2632 3924
61 516 190 32 Rimaglioni

81 580 15 18 yj
106 575 45 20 L'Or
151 580 22 13 su
181 573 88 19 d'Orezza

34 627 13 18 A
53 627 11 13 u
72 618 55 25 pueta
134 614 116 23 Rimaglioni

33 647 52 23 jjjjbiu
93 642 62 24 quistu
164 640 63 18 salulu

34 678 30 17 par
70 668 40 20 dilU
118 666 30 19 clii
156 665 15 18 li
179 666 27 17 so’
215 664 63 19 scrilti

34 697 96 23 parlaranu
139 695 47 18 pocu
194 691 63 17 îrultu

33 727 12 19 g
51 721 28 21 ebi
86 721 20 17 la
114 722 21 13 so
143 715 90 19 calamari

34 749 67 23 ppienu
106 742 123 20 d’incbioslru
234 740 73 19 bruttu.

34 789 102 27 S’annuncia
143 789 19 17 la
170 787 105 18 decadenza

35 821 41 20 p’un
83 815 55 24 pueta
145 813 41 22 capi
193 816 53 14 vanu

35 844 29 21 CUi
70 840 51 21 ffiutò
129 838 77 19 suventi
213 838 44 21 pelu

36 872 49 18 Came
93 867 7 17 i
108 863 77 22 sumeri,
196 863 19 17 di
223 863 61 18 branu
290 868 5 17 ;

34 899 13 17 L
52 896 17 17 la
76 891 34 19 fini
117 889 27 19 s’è
152 889 90 21 scupartu

27 922 27 21 Ciû
59 924 12 13 u
77 915 88 24 çiarbella
170 914 79 18 unn’era
253 918 54 14 sanu.

36 964 12 23 È
54 961 101 24 cumparitu
163 964 11 14 a
182 960 19 18 la
209 960 61 17 barra-

34 993 18 19 pi
58 990 14 19 lî
79 986 69 26 giurati
156 985 90 19 muvristi

34 1019 30 18 par
71 1013 34 20 avè
111 1013 53 17 leccu
172 1015 12 14 a
192 1010 88 19 brinnata

36 1043 17 19 pi
60 1041 14 18 li
81 1036 79 26 giurnali
169 1036 71 22 panisti
246 1041 5 12 :

27 1069 60 20 p’banu
93 1063 59 19 missu
157 1062 20 17 in
183 1062 124 22 quarantena;

36 1092 33 21 Avà
76 1087 89 22 cerc’altri
173 1086 92 24 pruvisti-

35 1140 48 19 Peeea
91 1132 99 21 duv’eirha
198 1133 78 21 slupalu

36 1162 37 21 Gh’è
80 1160 31 24 più
119 1159 49 18 finlu
176 1162 22 14 ca
210 1157 21 18 lu
243 1158 52 22 gatlu
302 1163 5 17 ;

36 1190 49 18 Cerca
93 1189 51 15 corne
151 1188 27 13 un
186 1184 44 17 féru
239 1184 42 17 cani
290 1189 5 16 ;

36 1215 17 19 Si
59 1212 38 19 rodi
104 1215 26 13 un
138 1213 44 14 ossu
192 1209 83 22 lampatu

27 1242 20 18 Pa
53 1242 24 14 un
84 1235 70 20 balcon’
160 1234 19 18 di
188 1239 12 13 a
205 1234 103 25 preîettura

35 1266 45 18 pava
87 1267 13 13 u
107 1265 39 13 mea
155 1259 53 24 culpa
216 1260 26 17 ha
255 1260 52 18 datu.

28 1312 23 18 Un
57 1308 80 19 Marlcre,
143 1310 11 14 e
161 1310 27 13 un
197 1304 112 24 Calabraghi

36 1332 100 23 Gb’ell’avla
144 1331 64 17 miss’a
215 1335 15 13 u
238 1330 70 18 stacciu

36 1358 71 22 Fcnduli
114 1357 20 18 lu
143 1355 148 24 bangagliacciu,

35 1383 84 22 Gitenduli
127 1386 51 14 come
186 1381 66 23 piaghi.
257 1387 5 11 :

35 1410 40 24 Oghj
82 1414 14 13 u
104 1408 54 18 tontu
165 1406 116 23 Rimaglioni

35 1437 19 19 jîi
60 1435 34 18 faci
99 1439 28 13 un
134 1432 71 24 paghiu
217 1432 90 18 d’umoni.

35 1480 89 22 Acnuncia
131 1478 47 19 cerli
185 1478 69 18 nutizii

35 1509 12 18 E
52 1504 82 26 pratèndi
139 1509 27 13 un
174 1504 20 18 di
199 1504 37 18 che
242 1508 53 17 veru,

34 1533 25 19 Ha
65 1529 122 25 tutt’ognunü
195 1529 87 19 s’avvedi

21 1559 24 20 Cbi
50 1556 109 20 uso’biancu
165 1555 56 18 unn’è
227 1559 22 13 ca
254 1558 54 19 neru,

35 1584 11 18 E
52 1582 29 19 chi
88 1583 15 17 li
111 1586 21 14 so
140 1580 117 23 lampiunali,

35 1607 113 21 Ammuntati,
157 1606 40 18 fani
205 1610 51 14 zeru.

35 1654 89 22 lnquant’a
132 1653 18 18 la
159 1657 21 14 so
188 1655 92 15 cuscenza
286 1657 5 12 :

34 1681 24 18 Oh
64 1679 5 18 !
77 1678 85 20 cum’ella
170 1678 19 22 jè
203 1677 93 19 mischina
303 1676 5 19 !

35 1706 42 22 Soga
83 1710 26 13 un
116 1705 52 22 parla
176 1704 21 18 di
204 1703 15 18 li
227 1702 54 19 Sanli

36 1732 13 18 E
54 1730 34 19 vol?
94 1730 47 18 facci
148 1730 20 17 la
175 1728 86 19 dulfcrina
267 1727 6 19 !
278 1728 20 19 !..

36 1756 36 22 Vai,
79 1756 37 21 vai,
126 1760 11 13 o
145 1754 107 23 Rimagliò':

36 1783 14 17 A
55 1783 17 17 to
77 1781 56 19 Santa
141 1780 11 19 è
158 1780 38 18 San
202 1779 95 23 quattrina
303 1778 5 19 !

35 1829 13 17 A
56 1829 16 17 lo
80 1828 65 22 lingua
153 1826 11 19 è
171 1827 60 18 com’a
243 1827 18 17 te
270 1830 5 13 :

19 1854 57 19 Grassa
82 1858 11 14 e
101 1857 59 17 carca,
169 1857 11 13 e
184 1851 125 23 lumbrigosa.

34 1880 15 17 A
48 1884 22 13 va
77 1879 38 19 voli
124 1879 39 18 met
165 1878 24 18 l’a
197 1877 32 19 l’ai
232 1876 23 19 tri

34 1906 14 17 A
54 1906 19 16 to
79 1905 53 18 vesta
141 1904 107 22 puzzinosa.

34 1931 48 17 Ancu
91 1930 28 23 pa’
128 1930 15 18 li
151 1931 20 17 to
179 1928 54 24 paesi

33 1955 20 18 Ti
60 1958 78 16 cantanu
146 1960 11 13 a
164 1954 108 19 lacrimosa.

32 2001 57 22 Quilli
96 2002 31 18 chi
132 2001 65 18 l’hanu
202 1999 108 22 imbuffatu,

31 2026 166 19 T’han’imbufîat’a
202 2029 76 18 crêpera
283 2031 5 16 ;

33 2053 16 17 A
49 2057 24 12 va
80 2053 56 17 l’otru
143 2051 27 19 s’è
178 2051 75 22 cripalu
263 2068 5 4 .

34 2077 14 18 E
54 2082 41 14 non
102 2078 59 18 ferma
169 2081 22 14 ca
199 2076 99 18 l’occhiera
306 2081 6 17 ;

33 2103 72 21 Aspetti
113 2107 11 14 a
132 2103 64 23 légion
203 2101 73 19 d’onori
280 2101 9 18 ?

34 2128 66 19 Mettiti
108 2133 36 13 una
152 2128 116 22 sunagliera.

33 2173 48 24 Eppo
89 2174 40 24 gira
136 2174 16 18 li
160 2173 89 24 raghioni

34 2199 53 19 Come
91 2205 13 12 u
110 2200 40 18 ben’
157 2200 19 18 di
184 2198 128 19 Jambattista.

34 2225 33 22 Ha,
76 2230 33 18 par
118 2226 23 18 lo’
150 2224 125 24 reputazioni,

26 2250 11 18 E
43 2251 41 18 fatti
92 2256 47 14 ancu
144 2250 167 24 qualch’acquista,

35 2275 135 25 Unn’abbaghià
178 2276 33 23 più
220 2275 77 19 canzoni

26 2301 24 18 Ma
57 2301 19 18 fa
83 2307 13 13 u
104 2303 85 23 stroppiu
196 2306 54 14 senza
255 2301 57 19 vista.

36 2346 12 18 E
55 2348 44 18 tutti
107 2349 15 17 li
132 2349 18 17 to
158 2348 88 21 bucconi,

35 2371 73 22 Q’uandu
114 2374 40 18 rien
157 2375 21 17 tr
179 2374 22 18 in
208 2373 59 23 paesi,

35 2398 58 23 Pagali
101 2400 20 17 di
126 2405 5 12 :
140 2399 52 23 Sgiò,
199 2399 47 23 sgiò,
251 2399 62 22 sgioni

35 2423 19 18 In
61 2425 77 18 l’anatra
146 2424 121 24 marsigliesi,

36 2449 32 22 Ma,
73 2451 72 18 cambia
154 2451 18 17 di
179 2452 53 16 sottu
241 2454 71 18 segnu:

36 2474 18 17 Ti
62 2476 28 18 stà
94 2476 55 21 .mali,
156 2480 11 14 o
175 2475 115 23 Rimaglioni
296 2474 5 18 !

218 2508 72 20 Olmo.

19 2590 12 26 ü
37 2591 95 29 Piseadori
145 2599 10 20 e
168 2598 12 21 a
190 2591 123 27 Pisciarediia

120 2637 84 23 (Favula)

37 2682 13 19 E
57 2686 66 18 meddu
131 2686 20 17 lu
159 2689 54 19 pocu,
223 2684 53 18 certu

37 2708 35 19 Che
79 2711 21 18 lu
108 2711 47 18 mori
163 2710 113 21 all’incerlu,

37 2733 35 19 ’Sta
79 2736 63 19 favula
149 2735 84 24 pruvarà

37 2758 34 20 Che
78 2762 15 17 li
98 2766 31 14 me
136 2761 45 19 ditti
190 2761 20 18 sô
225 2760 88 18 fundatli.

36 2783 13 19 E
56 2788 28 20 po’
90 2786 126 19 dumandetia
224 2784 80 19 Malfalti

36 2809 91 22 Piseadori
131 2813 21 18 in
159 2812 66 18 Cuzzà.

37 2836 86 22 —Quistu
127 2838 76 23 piseava
207 2837 22 17 in
234 2836 82 18 Nuvaria

37 2860 28 19 Ha
72 2863 18 18 la
97 2868 56 18 presa
160 2868 41 14 nun
209 2862 22 18 fù
238 2862 54 18 varia
298 2866 5 13 :

37 2885 38 20 Una
81 2889 103 23 pïsciuccia
191 2888 24 18 da
223 2887 63 19 nudda

38 2910 31 24 Pù,
75 2915 36 22 po’,
117 2916 50 16 tuita
174 2914 21 18 la
202 2913 27 19 so’
238 2916 54 19 pesea
299 2917 6 17 ;

38 2935 66 25 Eppuri
113 2944 32 14 era
153 2940 19 18 di
180 2938 100 21 manudda,

333 530 20 5 ...
356 518 30 18 Aîa
392 520 77 17 suventi
474 521 72 22 l’acqua
551 522 11 18 è
568 523 61 19 fresca
632 525 5 17 !

353 552 22 4 —
381 544 52 22 Sogu
440 546 88 18 tamant’a
533 552 37 13 una
577 553 59 17 zecca,

354 569 50 18 Dissi
412 574 11 13 a
432 571 64 21 pescia
505 572 19 18 di
531 573 97 22 Hnzecca,

353 593 15 17 E
375 594 20 17 di
403 598 32 14 me
443 595 32 18 chi
481 597 22 17 ni
511 598 37 17 vol’
557 599 18 17 fà

332 618 35 17 obi
374 623 28 13 un
410 619 28 18 c’è
445 622 64 17 nudda
514 623 23 17 da
543 624 94 22 manghià.

354 643 86 19 Lentami
448 645 31 19 ’na
486 647 31 18 mè
524 649 76 22 vadina,

355 668 14 18 E
377 670 75 21 qualchi
461 673 49 17 mesi
519 675 23 16 ad
550 674 50 18 avali

354 694 52 19 Farè’
412 700 57 17 pesea
477 698 61 18 bedda
545 699 41 18 fina

354 719 46 19 Incu
408 721 21 17 lu
439 722 18 17 lo
466 724 94 20 particali.

354 754 24 4 —
384 746 57 18 «Nun
449 748 20 16 di
477 749 44 21 puri
529 749 33 22 più
571 750 66 22 nienti,

356 770 39 18 Tan
396 772 21 17 tu
426 771 26 19 sè’
461 774 29 20 pa’
499 774 15 17 li
522 776 36 16 me’
566 775 50 18 denti
622 775 5 18 !

355 791 14 22 È
376 797 70 18 meddu
454 798 21 17 lu
484 803 54 18 pocu,
545 801 58 20 certu,

356 820 38 19 Che
401 822 21 18 lu
430 824 49 18 mori
487 821 112 22 ali’incertu.

378 855 96 20 Simonu
483 858 24 18 di
514 858 19 18 li
541 858 75 19 Lecci.

355 889 86 22 (Parlata
449 890 22 18 di
478 891 61 24 Sarlè)

357 976 130 27 Qanzuneüa
500 981 28 29 pè
541 987 13 16 u
566 979 48 30 5giô

445 1018 77 24 Marliè

377 1076 47 18 Aria
432 1077 20 17 di
459 1082 5 12 :
475 1077 54 19 Cadet
537 1077 79 19 Roussel.

356 1116 27 17 Lu
392 1116 101 20 cunuscite
501 1117 139 22 cumemè(bis)

333 1139 17 19 U
358 1142 66 17 nostru
433 1146 47 18 grau
487 1142 74 19 Mansiù
566 1142 73 21 Marliè,

344 1165 15 18 E
363 1166 61 23 prima
430 1167 48 18 ch’e’
485 1168 22 17 vi
514 1168 69 23 l’aghia
587 1168 53 18 dettu

332 1190 69 24 Sapele
409 1192 41 18 ch’è
456 1197 14 13 u
475 1195 67 17 nostru
550 1193 88 23 prefetlu.

374 1217 30 18 Àh
411 1217 5 18 !
426 1217 25 18 ah
458 1217 5 18 !
473 1218 67 19 sintite
549 1218 36 23 què
591 1223 5 13 :

356 1238 49 23 Vive
409 1243 21 18 lu
436 1247 48 18 grau
489 1244 74 18 Mansiù
568 1242 71 20 Marliè!

355 1283 83 17 înnanzu
447 1282 21 18 di
478 1284 66 17 veneci
553 1283 32 22 qui
594 1282 45 22 (bis)

344 1307 74 18 Mansiù
426 1306 67 19 Marlic
498 1309 54 17 stava
559 1308 21 16 in
586 1307 43 17 Pari
634 1308 6 16 ;

344 1332 23 19 Ci
375 1332 117 19 cumandava
498 1337 37 14 cun
540 1333 102 23 grandezza

356 1358 25 18 La
390 1358 89 23 generale
487 1358 101 18 sicurezza.

383 1387 29 18 -Ah
419 1386 5 17 !
434 1387 24 17 ah
466 1386 4 17 !
475 1387 72 18 ■sfntite
555 1386 36 23 què

334 1412 33 18 Chi
374 1412 54 23 gran’
434 1412 130 23 testa,Mansiù
568 1410 71 20 Marliè!

333 1453 36 21 Ma,
374 1457 27 13 un
406 1452 164 23 ghiornu,Mansiù
576 1451 66 19 Marliè

356 1478 28 18 Fù
393 1479 91 17 accusatu
492 1479 24 17 da
523 1477 64 19 Daudè
595 1477 46 23 (bis)

344 1503 57 18 D’avè
406 1503 93 23 ghiucatu
506 1508 26 14 un
540 1502 88 23 certu,roi
630 1507 12 13 si

356 1529 22 18 In
383 1529 19 18 la
411 1530 62 17 morte
482 1530 20 17 di
509 1534 13 13 u
531 1529 28 18 so’
567 1528 75 23 figlielu

378 1555 31 17 .Ah
418 1554 5 18 !
433 1554 25 18 ah
463 1554 51 19 senti
516 1556 17 16 te
542 1554 36 22 què
585 1559 5 12 :

344 1579 37 19 Par
389 1580 31 18 chi
427 1580 49 22 sarà,
482 1580 74 18 Mansiù
563 1578 78 19 Marliè?

356 1620 36 22 Ma,
404 1624 55 14 come
467 1620 21 19 lu
495 1620 73 18 Mansiù
576 1618 66 19 Marliè

358 1641 14 22 È
380 1646 77 18 l’amicu
466 1647 19 17 di
493 1645 97 21 Poincaré,
596 1643 45 23 (bis)

357 1671 38 18 Par
402 1672 67 22 quissa
477 1676 40 14 nun
523 1671 22 18 fù
553 1670 80 18 ziricatu

359 1696 14 18 E
382 1697 20 18 in
410 1697 80 24 Ajaeciu
495 1698 18 18 ci
519 1697 21 18 fù
546 1696 95 18 mandata.

379 1724 30 18 ,Ah
417 1723 5 18 1
429 1723 25 18 ah
461 1722 5 18 !
476 1723 66 19 sintite
550 1722 47 22 què,

358 1749 35 19 Chi
401 1748 64 24 rigalu
472 1753 35 19 par
515 1748 39 21 noi,
562 1746 67 19 Marliè
636 1746 5 18 !

357 1790 30 18 Ma
396 1790 49 21 dopa
454 1788 24 18 ch
484 1794 11 13 e
507 1788 86 18 sbarcatu
602 1786 40 23 qui,

357 1816 17 17 A
382 1816 21 17 lu
412 1815 78 22 palazzu
500 1814 86 22 Lanlivy,
598 1812 44 22 (bis)

357 1841 30 18 Un
392 1839 150 20 temend’alcuna
548 1838 93 23 timpesta,

357 1867 23 18 Di
388 1865 102 23 brinnaghj
499 1869 55 18 prese
560 1865 19 17 la
587 1864 55 17 testa.

380 1892 29 18 Ah
417 1891 5 18 !
429 1891 25 18 ah
461 1890 5 18 !
474 1891 67 18 sintite
551 1889 36 23 què
594 1894 5 12 :

358 1917 36 18 Chi
401 1917 78 18 tiraunu
485 1916 24 18 ch
516 1921 10 13 e
531 1916 32 18 stu
570 1912 73 20 Marliè!

359 1957 66 22 Eppoi,
434 1956 21 18 in
463 1960 48 18 capu
518 1955 17 18 si
544 1953 100 23 ficcô,(his)

348 1982 36 18 Per
389 1982 20 17 fà
414 1986 49 18 gran
468 1982 74 22 piacere
547 1985 11 13 a
567 1979 79 18 Sarraut

359 2007 14 18 E
381 2012 12 13 a
400 2007 16 18 li
423 2007 52 17 ultra
482 2004 115 22 francesisti,

359 2033 23 18 Di
391 2033 99 22 strangulà
501 2029 142 21 l’autonomisti.

382 2059 30 18 Ah
420 2057 5 19 !
435 2058 25 17 ah
466 2057 5 17 !
481 2057 66 19 sintite
552 2055 37 23 què

337 2083 103 23 Zappetiin
446 2083 78 23 mogliu,
534 2080 112 24 oSgiôMar-

607 2105 27 19 liè
639 2105 5 17 !

338 2151 66 22 Questi
411 2149 111 19 nunn’hanu
528 2148 56 18 alcun
594 2146 51 23 paur’

359 2177 23 18 Di
391 2177 32 17 stu
431 2179 22 14 re
461 2175 19 18 di
489 2175 20 17 la
516 2172 99 24 prefeitur’
623 2176 5 17 ;

347 2202 31 19 C’è
383 2202 19 18 la
407 2198 168 21 corn'inlurehiala
580 2197 66 18 Muvra

347 2227 36 19 Chi
388 2228 88 21 l’ampara
481 2230 11 13 a
498 2225 19 18 fà
522 2225 20 17 la
547 2226 97 16 raanuvra.

395 2253 50 21 Unu,
457 2251 35 18 dui
501 2255 11 14 e
519 2251 31 17 tre
556 2248 28 19 !...

338 2278 92 19 Marcheîi
437 2282 12 13 u
456 2281 64 18 passu,
529 2280 12 14 o
547 2274 43 24 Sgiò
599 2273 48 19 Mar-

602 2298 43 18 •liè!

363 2344 58 19 S’ellu
430 2343 44 18 vole
482 2340 98 21 cunünuà,
585 2339 45 23 (bis)

360 2370 15 18 E
383 2370 18 17 la
409 2372 73 20 guerra
487 2366 74 20 vulecci
568 2367 26 19 la,
600 2364 45 22 (bis)

360 2396 30 18 Un
399 2395 20 18 di
427 2393 27 19 sti
462 2392 57 24 jorni,
528 2396 13 14 a
548 2392 19 17 la
575 2390 59 18 calata

362 2421 45 18 Sarà
416 2421 48 17 lesta
472 2420 18 17 la
502 2418 26 18 so’
537 2417 63 18 îalata.

384 2446 27 21 Si,
418 2445 23 21 si,
452 2449 12 13 o
472 2444 45 23 Sgiô
525 2441 65 19 Marliè
595 2441 11 30 ^

338 2473 37 18 Per
382 2469 109 21 cunfidabbi
499 2474 12 13 a
518 2466 99 20 Fraissinè.
640 2472 5 8 »

362 2512 14 18 E
386 2511 55 19 s’eîlu
448 2511 51 17 terne
504 2514 13 13 u
525 2508 38 18 mal
571 2507 21 18 di
599 2510 43 14 mar

351 2537 82 23 Pigliarà
440 2536 22 17 lu
468 2534 61 20 camin
534 2534 20 17 di
560 2533 34 18 far’
600 2531 46 23 (bis)

361 2561 153 20 E.trinnichellu,
522 2559 33 18 via
562 2558 37 21 via,

361 2588 14 19 L
381 2586 99 23 azzigherà
487 2586 42 17 finu
538 2589 11 13 a
554 2583 68 19 Bastia.

403 2613 37 17 Par
449 2610 104 19 ricurdassi
561 2608 24 18 bè

350 2639 23 18 Di
379 2637 138 20 Cursichella.u
522 2634 43 24 Sgiô
571 2631 73 21 Marliè!

362 2672 30 19 M.
399 2671 63 19 Aies,
470 2671 23 18 di
501 2668 122 21 Chià&zzu,

745 528 36 24 ln
793 528 96 27 Niolu

672 585 60 17 (Pucsia
738 585 39 15 lelta
784 587 15 13 a'
805 587 54 18 qninta
865 588 90 15 ilcrcnddla

706 607 20 14 il'i
733 608 47 17 pucti.
786 609 16 14 ia
809 609 119 21 Gasamacciuli.)

686 642 64 19 Gloria
757 649 12 12 a
777 649 13 13 u
795 644 83 19 Parnasu
886 646 59 18 Corsu
951 645 5 19 !

687 668 69 19 Salut’a
765 670 53 21 tutti,
827 670 68 23 l’Orsu,

753 695 23 18 Di
785 696 38 18 bon
830 700 49 15 core.

686 720 16 17 E
710 725 36 13 cun
754 721 76 18 sincern
837 721 76 23 affettu,

686 746 17 16 A
712 745 65 22 Rocca,
787 751 11 13 a
809 746 116 20 Ghiannettu

743 771 14 18 E
765 776 13 12 u
786 771 106 19 vincidore.

686 810 52 17 Tnlti
745 810 66 22 l’anni,
823 811 20 17 in
851 811 62 19 Niolu.

686 836 17 17 A
710 835 54 18 Musa
772 837 68 17 stende
848 841 27 14 un
882 837 53 21 volu,

738 860 74 22 Chiela,
821 862 63 18 chiela
892 867 5 16 ;

687 885 15 18 E
710 885 39 23 ’gni
756 888 58 20 pueta
822 888 54 17 canta

688 910 27 18 Ou
724 915 11 13 a
742 913 91 17 venerata
841 911 57 19 Santa

754 937 16 17 A
778 937 20 18 la
805 938 78 17 sécréta.

688 976 59 18 Canta
754 976 77 18 l’anima
840 981 53 13 corsa

688 1001 27 18 Cu
723 1006 11 13 a
743 1001 27 18 so’
778 1006 47 13 vera
834 1001 71 19 risorsa

765 1026 93 18 Naturale
864 1031 5 12 :

688 1051 22 18 Di
718 1052 49 22 gioia
776 1053 63 17 n’emu
848 1056 11 13 c
867 1057 70 17 scosse,

688 1076 15 18 E
711 1077 98 18 rimenanu
819 1077 55 19 Fosse

688 1102 22 18 Di
719 1107 13 12 u
740 1102 51 18 Gran
799 1102 98 23 Pasquale,

688 1141 91 19 Fraterna
787 1142 116 19 merendella
910 1148 6 12 :

689 1166 74 22 Quantu
773 1171 25 14 ne
806 1167 17 18 si
830 1167 34 22 più
872 1168 50 18 bella

737 1193 22 18 In
767 1193 27 17 sti
802 1193 87 18 cuntorni

688 1218 22 17 Di
718 1223 13 12 u
739 1218 84 18 centrale
829 1218 94 22 rughione

688 1243 69 18 Etcrnu
768 1243 100 18 testimone

742 1268 21 18 Di
772 1268 15 17 li
795 1268 90 18 frastorni
893 1268 5 18 !

689 1307 83 17 Sulenne
780 1307 113 17 merendella
900 1312 5 11 :

689 1331 36 18 Mai
734 1331 17 18 ci
759 1335 26 14 ne
793 1331 22 18 fù
824 1331 32 22 più
868 1331 48 19 bella

746 1357 21 18 In
779 1356 50 19 l’Uni
831 1360 63 15 versa.

688 1383 53 18 Paolî
748 1382 42 18 dice
798 1387 12 13 a
818 1381 97 24 Sampîeru
922 1387 5 13 :

688 1414 10 11 «
703 1408 49 18 Ziltu
758 1407 4 18 !
772 1408 57 18 ch’un
838 1408 111 22 desesperu;

718 1444 3 3 ■
733 1433 75 18 Nient’è
816 1437 57 18 persu
882 1433 5 18 !
895 1439 9 11 »

689 1474 90 18 Delizmsi
787 1474 83 21 profumx
878 1479 4 12 :

689 1500 17 17 A
713 1499 71 23 lingua.
793 1499 8 18 i
810 1499 90 20 custùmi,

721 1534 4 3 -
735 1525 21 17 In
765 1525 31 17 stu
806 1524 100 23 rughione.

690 1550 14 18 E
712 1550 60 22 quelli
780 1549 67 22 veechj
856 1550 40 18 eroi

690 1576 104 18 Grideranu
802 1580 24 13 cu
833 1575 32 18 noi
872 1580 5 13 :

701 1614 2 3 .
724 1607 9 11 «
739 1601 55 18 Yiv’a
802 1601 81 18 Nazione
890 1600 5 18 !
903 1606 9 11 »

689 1641 29 18 Ma
727 1641 31 18 tal’
767 1641 57 22 gridu
832 1641 84 23 dispiace

692 1666 69 19 Perché
769 1666 94 18 disturb’a
873 1670 47 19 pace

746 1692 22 17 lu
776 1692 41 17 ’ssu
825 1691 70 24 Parigi.

690 1717 26 18 Pè
723 1717 89 22 ajutaeci,
821 1717 21 18 sò
851 1717 65 22 quenti
924 1722 6 16 ;

692 1742 36 19 Cbi
735 1743 43 18 boîe
786 1743 18 18 si
812 1747 24 13 ne
844 1742 59 19 stenti
913 1742 5 18 !

758 1767 52 19 Falzi
821 1767 63 19 amiei.

691 1809 17 17 .A
715 1809 66 17 nostra
789 1813 9 11 «
805 1807 114 19 Muvrarella
925 1813 17 16 »,

691 1833 23 18 Di
722 1838 12 13 a
742 1833 74 18 sucietà
823 1834 78 17 nuvella

764 1853 16 23 È
788 1859 19 17 la
815 1858 62 18 fierlà.

693 1884 14 18 E
715 1884 53 18 s’ella
777 1883 68 18 ’mbela
853 1888 11 13 o
872 1888 62 18 pasce,

693 1909 50 18 Gova
751 1913 11 14 e
771 1909 43 18 face
822 1909 74 18 rinasce

771 1936 17 17 A
794 1934 81 18 Libéria.

694 1974 27 19 Cu
729 1975 7 17 i
744 1974 64 18 cucini
818 1974 82 18 francesi

693 2000 28 18 Uu
730 1999 157 18 serem’incortesi

753 2025 18 17 A
778 2024 47 18 dalii
833 2025 57 17 tasla.

693 2050 36 21 Ma,
739 2049 75 19 stanebi
823 2049 19 18 di
851 2054 11 13 e
870 2049 97 19 suffranze

694 2075 81 18 Vulemu
782 2079 11 14 e
802 2075 130 22 migliuranze,

694 2101 14 18 E
714 2106 5 12 :
729 2100 54 19 Corsi
791 2105 11 13 e
811 2100 53 18 basta
871 2100 5 18 !

747 2133 84 20 L'Orsu
841 2133 113 19 d’Orezza.

721 2227 16 23 (J
749 2232 102 21 castaonu
863 2227 20 23 di
896 2227 32 23 zia

763 2266 23 23 M
787 2266 93 24 adalena

673 2327 10 15 0
692 2329 57 17 qc:intr.
755 2328 41 13 voHo
806 2331 46 14 peuto
862 2332 10 10 a
878 2328 15 14 Sa
905 2328 74 16 casîâjno

673 2350 28 14 Chi
706 2351 7 13 i-
719 2350 50 16 b)ci::n
774 2354 9 9 a
788 2349 16 15 la
811 2349 30 14 înio
847 2352 36 12 casa
889 2350 34 18 pale
925 2353 26 11 rua
956 2349 8 14 ?

673 2373 57 18 Uivcga
735 2373 43 14 cotte
782 2376 8 11 c-
797 2372 65 17 s!:iorcu
878 2373 9 13 à
892 2373 71 17 calajnn,

672 2395 40 15 Dave
718 2395 55 14 vnrria
777 2398 45 15 passa
829 2398 30 11 uaa
864 2395 34 15 vitâ
903 2396 58 15 elerna,

672 2417 37 15 Ghiè
714 2417 39 15 ensti
760 2417 25 15 chi
789 2417 61 15 l'estate
853 2417 10 14 à
868 2418 30 14 miò
903 2417 52 15 vicina

671 2441 37 14 Face
715 2441 46 14 centu
766 2439 67 16 diseorsi
838 2443 10 11 a
854 2440 71 15 Catalina

672 2475 89 18 D'ingaernn
767 2474 22 14 d'e
795 2474 71 17 castagne
877 2474 105 15 inzzucheratc

672 2499 13 14 A
691 2497 92 15 Talluminca
788 2500 21 11 ne
813 2497 33 14 face
850 2496 15 15 le
870 2497 69 18 fasgiole,

672 2520 64 15 O'estate
740 2519 13 15 si
760 2519 89 18 raUôgraan
855 2522 9 11 e
868 2519 59 18 fig'.lole

672 2543 89 14 Stendiïsine
770 2546 10 10 a
784 2542 18 14 ln
807 2542 49 14 frescu
867 2542 115 18 straqnagliate,

671 2565 26 15 Zin
704 2565 66 16 Ciccone,
776 2564 85 18 gader.dusi
867 2568 10 11 a
883 2564 64 15 frisenra

671 2588 18 15 Ci
693 2589 32 14 face
730 2587 64 19 qualqni
802 2588 53 14 strana
858 2592 9 9 *
870 2588 64 14 nlatera.

671 2621 116 19 L'impicgatelli.
794 2621 18 14 in
817 2624 43 11 cerca
873 2621 48 15 d'aria
936 2624 45 13 sana,

672 2645 17 15 Ci
691 2645 6 18 j
699 2644 76 18 anghicnn
777 2647 10 11 a
790 2643 68 19 passacci
860 2647 20 11 on
883 2643 56 15 momin
940 2643 43 16 telln,

672 2667 11 14 E
691 2667 40 18 dopu
735 2666 30 15 due
779 2669 43 12 vanu
828 2669 10 11 a
851 2666 15 14 la
873 2666 64 14 funtane

672 2690 13 14 A
693 2690 45 14 l’ortu
745 2689 16 14 di
768 2689 61 14 rantïcii
834 2688 88 18 fiumicellu,

672 2713 30 14 Per
709 2712 38 15 fassi
754 2715 19 11 en
781 2715 9 11 e
795 2711 49 15 zitelle
850 2711 16 15 di
870 2715 12 11 u
887 2714 46 16 paese

672 2738 24 19 jjn
702 2734 73 19 pucuccin
783 2734 66 14 d'aoeore
854 2737 10 10 a
868 2734 17 14 la
890 2734 73 14 francese.

674 2769 51 14 Ed'eiu
730 2768 33 15 ch’a
768 2768 16 14 ln
790 2767 37 18 pede
832 2767 36 18 ogni
872 2764 58 18 statinà

673 2791 18 16 Ci
698 2790 39 15 fecia
742 2793 22 11 un
769 2789 56 15 lettinu
831 2789 16 14 di
853 2789 50 15 filetta

672 2814 13 13 A
685 2817 22 10 va
714 2813 25 14 chi
744 2813 17 13 lu
767 2812 51 15 ealore
821 2811 73 15 s'ahicina

672 2835 54 15 Kcnda
730 2835 27 14 che
763 2834 16 15 di
784 2834 70 18 pensaeci
860 2834 89 15 m’adilletta

672 2858 22 14 Mi
701 2858 35 18 giru
741 2861 8 11 e
756 2857 23 14 mi
783 2857 60 18 riggiru
848 2856 15 15 in
869 2856 36 18 ogni
911 2856 32 15 latu

672 2880 25 15 Ma
702 2879 71 18 castagni
778 2883 22 10 un
805 2879 14 15 ci
823 2878 51 16 n’é...o
880 2879 46 14 tristn
932 2879 33 14 fatu
971 2878 5 14 !

766 2907 106 15 GUisivanui
881 2906 86 16 Glivieri.

700 2935 93 16 Penthièvre
798 2935 58 18 LugUu
859 2935 27 15 28.

389 3023 48 34 IN
463 3021 149 36 NIOLU

767 3090 38 14 Foto
811 3090 64 14 Tomasi.

304 3720 28 24 SI
347 3716 80 26 RIDE
441 3714 47 24 UN
504 3708 200 28 SUPPULELLU

1024 165 41 35 Fè
1081 164 25 36 Â
1122 164 104 36 Muvra
1246 161 180 37 Sittimanaîe

1020 262 32 21 Sò
1069 262 46 22 dui
1126 262 61 21 anni
1204 260 43 22 clii
1263 258 44 23 noi
1316 264 70 16 seinu
1402 257 61 23 stati

992 296 117 21 custretti
1123 295 27 21 di
1170 300 73 16 cessa
1259 300 15 15 a
1289 291 174 26 publicazione

993 328 154 22 sittimanaîe
1159 327 27 21 di
1194 334 16 14 a
1216 329 88 19 nostra
1315 324 94 23 Muvra
1416 329 48 20 per

992 361 103 22 unfalla
1107 368 57 15 esce
1176 367 30 15 ca
1215 360 61 26 ogni
1288 358 60 22 dece
1357 358 76 27 jorni.

1020 395 75 21 L’cra
1115 395 14 21 è
1149 395 89 21 vinuta
1258 391 167 24 d’intensincà
1447 397 16 15 a

992 428 166 26 prcpaganda
1167 427 109 22 cursista
1287 431 14 15 e
1308 426 108 21 sarlamu
1424 424 39 22 di-

994 461 48 21 cisi
1050 460 28 23 di
1092 461 99 25 stampà
1201 466 36 16 un
1248 464 105 17 numeru
1366 460 65 20 tutte
1449 464 13 14 e

994 493 157 23 dumeniche.

1022 526 74 28 Però,
1109 527 120 22 duvendu
1238 526 127 22 dumandà
1371 531 35 15 un
1416 530 47 15 no-

994 566 35 14 vu
1043 559 84 22 sforzu
1138 566 15 15 a
1163 560 11 21 i
1183 559 84 22 nostri
1278 559 84 26 amiei,
1375 563 89 17 avemu

993 592 100 23 inviatu
1104 600 15 14 a
1134 593 91 25 cinque
1240 594 75 21 centu
1326 592 28 21 di
1364 592 10 21 i
1384 590 79 22 nostr’

994 624 124 24 abbunati
1124 632 35 16 un
1167 625 172 27 quistiunariu
1349 625 64 21 duve
1421 623 34 22 no
1456 623 7 10 3

994 660 21 21 li
1025 659 170 22 dumasdemu
1202 667 6 13 :

1024 693 24 21 1°
1057 693 70 22 S’elli
1134 692 175 26 preferiscenu
1323 692 42 21 chi
1372 691 22 21 A
1406 690 58 22 Mu-

996 733 47 15 vra
1051 726 118 23 cuntinui
1177 726 15 21 à
1206 731 57 16 esce
1271 726 63 25 ogni
1342 724 59 22 dece
1412 724 52 25 jor-

995 760 36 22 ni.

1024 794 24 21 2°
1060 793 70 23 S’elli
1137 792 173 27 preferiscenu
1321 797 51 17 una
1378 790 85 26 publi-

995 827 102 22 cazione
1114 825 168 27 settimanale,
1297 826 28 21 in
1338 826 40 20 stu
1393 828 69 20 casu,

995 860 206 22 l’abbunamentu
1219 858 67 22 sarìa
1293 859 104 25 purtatu
1407 862 16 16 a
1432 855 32 22 18

995 894 101 22 franchi
1100 900 56 20 peu
1162 893 145 22 cuntinente
1316 899 14 15 e
1337 898 13 15 e
1355 890 108 25 culunie,

997 934 14 15 e
1022 934 15 15 a
1049 927 32 22 15
1091 927 99 22 franchi
1198 926 32 26 pè
1239 931 16 16 a
1264 926 110 22 Gorsica.

1024 964 36 21 Pè
1066 971 18 15 u
1096 965 89 20 nostru
1192 963 128 26 prossimu
1326 965 140 19 numeru,a-

996 1003 102 16 veremu
1108 997 116 22 ricevutu
1230 995 186 25 tutt’erisposte
1422 992 44 22 chi

996 1030 44 22 noi
1050 1030 98 23 faremu
1162 1035 108 16 cunosce
1277 1035 23 18 .a
1312 1027 62 22 tutti
1388 1026 78 22 l’altri

997 1063 133 23 abbunati.

1025 1097 30 21 In
1074 1097 102 26 seguitu
1201 1102 16 15 a
1240 1097 42 21 stu
1300 1093 165 26 referendum,

997 1130 152 26 pigliaremu
1157 1136 16 15 a
1182 1129 129 22 decisione
1322 1127 42 22 chi
1373 1132 93 16 cunve-

998 1170 41 16 ne.

1111 1292 236 31 GIURNALI

998 1376 164 23 Puliticaccia

1021 1424 24 18 La
1054 1423 57 22 foule,
1120 1423 43 20 elle,
1172 1425 24 14 ne
1204 1421 38 18 sait
1249 1424 41 19 pas.
1301 1418 51 19 Celle
1360 1419 17 17 ci
1386 1419 28 17 est
1421 1422 47 18 par-

999 1449 92 18 donnable
1099 1449 20 18 et
1132 1446 117 24 pitoyable...

1020 1474 53 19 Cette
1081 1474 52 18 foule
1141 1474 26 17 du
1178 1471 96 20 Sarlenais
1291 1470 79 24 prendra
1382 1473 84 19 passage,

998 1500 41 18 l’un
1047 1500 24 18 de
1079 1504 32 14 ces
1116 1499 61 23 jours,
1195 1501 33 14 sur
1239 1501 31 14 ces
1283 1497 82 17 bateaux
1380 1494 31 23 qui
1429 1498 40 14 res-

999 1525 93 19 semblent
1100 1525 44 22 plus
1151 1524 12 18 à
1171 1524 32 17 des
1212 1522 82 19 bateaux
1300 1521 71 23 pirates
1379 1521 41 22 qu’à
1435 1520 33 18 des

999 1551 77 19 navires
1085 1550 119 19 marchands.
1216 1548 40 18 Elle
1264 1549 87 17 trouvera
1362 1546 17 18 le
1387 1546 42 22 prix
1442 1545 27 18 du

999 1581 78 19 passage
1085 1575 86 24 exagère.
1180 1574 46 19 Puis
1234 1573 36 19 elle
1279 1577 78 15 enverra
1365 1572 33 18 des
1413 1570 53 18 colis.

999 1602 23 18 Et
1030 1602 36 18 elle
1073 1603 92 17 trouvera
1170 1600 19 18 le
1196 1599 47 19 tarif
1251 1599 23 18 de
1286 1599 18 17 la
1321 1602 35 13 rue
1371 1597 97 18 Beauveau

1000 1628 88 18 excessif.
1097 1627 46 18 Puis
1152 1626 37 18 elle
1194 1629 77 14 recevra
1281 1625 33 17 des
1323 1621 144 20 marchandises.

999 1653 24 18 Et
1030 1652 36 19 elle
1071 1654 91 17 trouvera
1166 1651 19 18 le
1192 1650 45 23 prix
1245 1650 24 18 du
1281 1649 96 22 transport
1392 1647 78 19 exorbi-

1000 1679 47 17 tant.
1064 1678 24 18 Et
1102 1678 38 18 elle
1153 1681 22 14 se
1185 1676 92 23 plaindra.
1296 1675 23 18 Et
1334 1675 36 18 elle
1385 1672 85 19 maudira

1000 1704 108 18 l’armateur
1115 1703 47 18 dont
1170 1702 36 18 elle
1214 1702 65 22 jugera
1284 1701 23 18 de
1310 1700 66 18 brûler
1383 1699 28 18 les
1415 1698 55 18 vais-

1001 1733 58 15 seaux
1067 1730 21 17 et
1097 1729 30 18 les
1138 1727 109 23 comptoirs.

1022 1757 39 19 Elle
1074 1762 26 14 ne
1114 1761 56 14 saura
1188 1760 25 14 ou
1229 1759 24 14 ne
1265 1754 124 24 comprendra
1404 1753 66 22 jamais

1001 1784 50 18 cette
1059 1783 52 18 foule
1119 1783 23 18 de
1148 1783 141 20 commerçants,
1298 1781 25 18 de
1331 1780 100 21 débitants,
1446 1779 23 19 de

1001 1813 87 19 paysans,
1098 1808 111 21 d’ouvriers,
1218 1807 25 18 de
1258 1811 82 19 pauvres
1351 1805 118 19 travailleurs

1002 1839 23 14 en
1033 1839 78 17 somme,
1118 1834 69 23 qu’elle
1195 1833 61 18 même
1264 1837 46 14 aura
1318 1832 45 18 voté
1373 1832 28 18 les
1414 1830 56 19 tarifs

1002 1861 64 18 contre
1074 1859 82 23 lesquels
1162 1859 38 18 elle
1207 1857 118 24 rechignera.
1332 1857 39 18 Elle
1377 1861 25 14 ne
1415 1861 56 14 saura

1001 1886 66 22 jamais
1080 1886 69 22 qu’elle
1162 1889 22 14 se
1200 1888 43 14 sera
1254 1883 156 19 volontairement
1424 1882 47 19 faite

1002 1915 55 14 serve
1065 1912 26 17 du
1100 1911 60 23 grand
1168 1909 106 24 exploiteur
1282 1910 25 17 du
1313 1913 47 19 pays
1368 1912 57 14 corse.

1024 1939 28 18 Eu
1060 1939 64 22 Corse,
1134 1943 72 14 comme
1213 1938 46 17 dans
1264 1937 172 19 l’arrondissement
1448 1936 24 19 de

1003 1964 82 22 Sartène,
1095 1970 25 13 on
1129 1966 67 17 trouve
1204 1964 48 17 donc
1257 1969 6 12 :

1003 2005 4 3 .
1023 1993 40 18 Une
1074 1993 92 23 politique
1174 1992 86 22 d’argent
1267 1997 5 12 :

1023 2018 30 18 Un
1057 2023 55 18 corps
1121 2017 88 19 électoral
1215 2016 50 19 vicié
1271 2022 5 17 ;

1024 2046 30 18 Un
1061 2045 111 23 prolétariat
1179 2044 101 19 misérable
1285 2046 19 17 et
1311 2045 87 23 ignorant
1405 2045 23 17 de
1440 2049 32 14 ses

1003 2071 102 19 véritables
1112 2070 87 19 intérêts.

1025 2099 24 19 Et
1056 2104 74 14 comme
1142 2099 19 18 si
1172 2103 37 14 -ces
1225 2099 48 18 trois
1287 2098 79 19 misères
1381 2098 92 19 n’étaient

1004 2125 118 22 suffisantes,
1129 2129 23 14 en
1160 2124 50 19 voici
1218 2128 38 14 une
1273 2124 108 23 quatrième,
1395 2124 18 18 la
1429 2124 44 22 plus

1004 2150 79 19 terrible
1091 2156 6 13 :
1111 2150 28 18 En
1148 2150 58 18 Corse
1214 2153 47 15 ceux
1278 2150 34 22 qui
1328 2150 108 22 pourraient
1453 2151 21 17 et

1004 2176 98 19 devraient
1110 2180 21 14 se
1137 2175 125 19 transformer
1270 2180 24 14 en
1302 2175 110 18 éducateurs
1421 2175 26 18 de
1453 2175 20 18 là

1004 2206 67 17 masse,
1081 2206 50 14 ceux
1138 2201 33 22 qui
1179 2201 112 22 pourraient
1296 2202 20 17 et
1322 2200 101 22 devraient,
1435 2200 12 18 à
1453 2200 20 19 la

1004 2226 80 20 lumière
1092 2228 24 17 de
1121 2227 43 18 leur
1171 2226 64 18 savoir
1243 2226 19 18 et
1268 2226 25 18 de
1299 2226 43 18 leur
1349 2225 33 23 foi,
1390 2227 83 18 montrer

1004 2252 18 18 la
1025 2254 54 17 route
1087 2257 39 14 axix
1133 2258 11 11 «
1150 2251 77 19 damnés
1232 2257 11 11 »
1251 2252 24 18 de
1291 2252 48 18 cette
1356 2252 54 21 terre,
1424 2256 49 14 ceux

1005 2278 32 22 qui
1045 2278 110 22 pourraient
1160 2278 20 17 et
1187 2276 99 19 devraient
1298 2281 22 14 se
1336 2281 53 14 muer
1399 2281 23 14 en
1431 2277 43 22 glo-

1006 2303 53 18 rieux
1065 2307 86 15 semeurs
1168 2302 76 21 d’idéal,
1258 2303 78 18 ceux-là
1352 2303 84 17 contents
1450 2303 24 18 de

1005 2329 74 18 Factuel
1090 2329 56 18 ordre
1154 2329 33 17 des
1196 2328 66 18 choses
1280 2328 32 22 qui
1329 2328 28 18 les
1373 2328 82 18 autoiâse
1462 2329 12 17 à

1005 2358 78 18 rongers
1091 2354 91 22 quelques
1197 2357 22 14 os
1235 2357 38 14 aux
1290 2353 82 19 cuisines
1385 2354 23 17 de
1421 2353 53 19 leurs

1006 2380 76 18 maitres
1091 2379 71 22 divers,
1171 2378 74 19 ceux-là
1253 2383 21 14 se
1282 2378 72 19 mêlent
1361 2379 10 17 à
1386 2379 19 17 la
1411 2383 64 25 popu-

1005 2405 46 21 lace,
1059 2410 25 13 en
1092 2405 90 22 adoptent
1189 2405 29 17 les
1226 2404 111 23 ignorances
1346 2405 19 17 et
1371 2404 29 18 les
1412 2405 63 21 prati-

1006 2435 46 18 ques
1060 2432 20 17 et
1088 2435 21 14 se
1118 2430 41 18 font
1167 2429 49 18 ainsi
1233 2430 70 22 grands
1318 2430 96 22 coupables
1428 2430 12 17 à
1455 2430 19 17 la

1007 2456 40 18 face
1054 2456 24 19 de
1086 2457 52 17 leurs
1143 2455 54 23 pères
1205 2456 60 18 morts
1279 2456 33 22 qui
1326 2455 76 19 suèrent
1417 2455 59 22 long-

1007 2483 60 21 temps
1075 2487 49 18 pour
1130 2482 29 17 les
1167 2481 49 18 faire
1224 2485 23 14 ce
1254 2481 56 22 qu’ils
1320 2482 48 21 sont,
1377 2486 11 13 a
1401 2481 18 18 la
1433 2480 42 19 face

1007 2507 24 18 du
1040 2508 68 17 monde
1125 2507 32 22 qui
1170 2506 62 23 peine,
1250 2506 79 18 souffre,
1345 2507 55 17 trime
1412 2507 63 21 quand

996 2538 2 13 :
1008 2532 58 19 même
1075 2534 20 17 et
1104 2533 63 17 meurt
1175 2532 23 17 de
1206 2531 52 18 faim.

1306 2565 57 19 Jean
1370 2565 81 19 Noaro.

1029 2604 33 22 (La
1070 2604 59 18 Jeune
1138 2602 59 24 Corse)

1060 2739 341 97 iSiiiîS

1045 2835 114 209 â|^
1247 2855 124 39 Prenait
1424 2832 21 62 S

1125 2896 52 52 Lx
1222 2906 180 47 hygiénique
1425 2893 20 50 I

1125 2940 64 68 PI
1197 2953 220 51 ia&peshble
1426 2940 20 68 j

1124 3016 62 40 rp-l
1260 3029 102 21 EXIGER
1426 3015 20 32 I

1208 3056 90 24 rilSOOL
1311 3057 18 21 de
1337 3053 79 24 MENTHE
1427 3046 20 39 g

1050 3097 134 45 Naasg
1210 3103 207 35 RISQUES
1429 3097 18 45 g

1117 3212 21 4 —

1058 3261 133 20 COMPAGNIE
1199 3261 29 19 DE
1237 3262 99 20 CHEMINS
1344 3262 29 19 DE
1381 3263 44 18 FER

1137 3280 212 24 DÉPARTEMENTAUX

1121 3303 90 22 RÉSE-AU
1218 3306 31 18 DE
1255 3308 32 17 LA
1294 3307 72 19 CORSE

1042 3359 97 19 SERVICE
1151 3358 43 19 DES
1202 3359 85 19 TRAINS
1294 3357 147 24 PÉRIODIQUES

1148 3412 58 19 Avis
1217 3416 31 14 au
1258 3412 81 19 Public

1031 3474 25 18 La
1074 3474 113 23 Compagnie
1204 3479 11 12 a
1228 3474 101 18 l’honneur
1342 3476 108 18 d’informer
1457 3476 19 17 le

1010 3499 64 21 public
1088 3504 37 17 que
1140 3504 34 17 par
1190 3499 51 18 suite
1253 3501 24 16 de
1289 3499 19 17 la
1317 3501 76 21 reprise,
1406 3504 26 13 au
1438 3499 38 19 1er.

1011 3523 78 19 Octobre
1098 3523 51 21 1928,
1156 3525 25 16 du
1190 3523 73 19 service
1268 3524 74 18 d'hiver
1347 3525 32 18 des
1385 3524 92 19 courriers

1009 3549 104 18 maritimes
1119 3550 79 21 postaux
1206 3549 111 17 desservant
1331 3549 19 18 la
1366 3550 62 21 Corse,
1447 3549 29 19 les

1010 3574 59 18 trains
1077 3574 118 22 périodiques
1204 3573 22 18 N‘
1232 3573 89 22 ol,o2,o3,
1330 3576 20 16 et
1356 3575 22 17 o4
1384 3574 92 19 circulant

1010 3599 52 18 entre
1071 3599 68 20 Bastia,
1148 3598 111 18 Ile-Rousse
1267 3599 20 17 et
1303 3598 59 23 Calvi,
1381 3601 96 17 cesseront

1010 3623 58 19 d’être
1076 3624 37 17 mis
1119 3627 23 14 en
1151 3624 76 17 marche
1234 3623 101 18 Dimanche
1339 3623 23 18 30
1369 3624 108 23 Septembre

1010 3648 53 22 après
1072 3647 88 19 l’arrivée
1167 3648 11 17 à
1186 3648 63 18 Bastia
1257 3649 27 17 du
1291 3648 51 18 train
1350 3649 21 17 N*
1379 3650 23 17 82

1032 3675 71 22 Basfia:
1114 3676 16 17 le
1139 3676 11 16 i
1153 3675 13 18 G
1172 3674 104 24 Septembre
1289 3675 58 18 1928.

1290 3708 34 18 La
1331 3708 123 21 Direction.

1617 157 72 59 Le
1731 156 197 56 Procès
1969 153 71 56 du
2083 148 245 70 Complot

1508 241 380 58 Autonomiste
1928 232 508 63 Àlsacien=Lorraie

1930 320 92 30 [Suite]

1488 424 88 21 Parlez
1587 428 66 16 nous
1668 423 35 22 du
1711 422 111 25 complot

1513 463 32 20 Me
1554 464 84 19 Berton
1646 469 6 13 :
1669 463 35 20 On
1719 462 76 20 aurait
1810 461 30 20 dû
1854 467 113 14 commen-

1489 498 39 14 cer
1535 498 42 18 par
1583 491 68 25 jouer
1656 490 122 24 franc-jeu.
1787 489 98 20 J’aurais
1894 488 72 20 voulu

1489 519 53 25 qu’à
1556 519 141 19 l’ouverture
1710 518 41 20 des
1760 517 86 23 débats,
1862 517 22 19 le
1896 516 72 26 prési-

1489 548 56 19 dent
1559 547 50 19 dise
1617 546 14 19 à
1646 546 89 24 chaque
1748 545 83 20 accusé
1839 550 26 14 ce
1879 544 41 25 qui
1933 543 33 21 lui

1490 578 34 16 est
1537 573 121 25 reproché,
1667 574 21 19 la
1703 573 128 25 procédure
1845 576 36 16 est
1894 575 74 16 certes

1489 601 125 23 anormale,
1624 604 24 16 et
1658 601 25 24 je
1692 601 61 19 tiens
1767 601 11 19 à
1788 601 22 19 le
1823 600 116 24 rappeller
1954 599 12 19 à

1489 629 30 20 M.
1535 629 87 20 Fachot
1630 631 24 17 et
1665 629 13 19 à
1687 629 21 19 la
1717 628 72 22 Cour,
1806 628 24 24 je
1839 628 61 19 m’en
1917 633 50 18 rap-

1489 660 67 22 porte
1569 663 29 14 au
1612 659 63 18 texte
1688 657 58 19 delà
1756 656 39 23 loi,
1806 655 39 25 qui
1854 654 113 21 demande

1490 691 46 19 que
1551 685 21 19 le
1587 684 131 21 Procureur
1730 684 95 25 général
1845 689 84 20 expose
1945 683 22 19 le

1490 713 61 26 sujet
1558 712 28 20 de
1595 712 156 21 l’accusation.

1515 743 67 20 Cette
1596 741 118 21 formalité
1720 740 87 24 prévue
1815 745 42 18 par
1871 738 96 21 l’article

1490 772 38 21 3i5
1535 772 31 19 du
1575 771 63 20 Code
1647 769 71 21 Pénal
1725 769 36 19 n’a
1771 773 40 20 pas
1820 768 37 19 été
1863 766 103 25 remplie.

1490 800 62 20 Vous
1561 800 78 19 n’avez
1648 804 42 18 pas
1695 796 34 20 dit
1740 802 46 14 aux
1795 796 105 22 accusés,
1910 799 56 15 vous

1490 828 58 20 allez
1561 826 112 21 entendre
1681 830 26 15 ce
1716 824 40 24 qui
1765 826 36 17 est
1808 824 66 23 porté
1887 825 80 18 contre

1491 861 67 15 vous.
1568 855 31 19 Le
1614 852 119 26 président
1747 852 36 19 n’a
1793 856 41 19 pas
1851 849 116 25 interrogé

1490 883 98 20 l’accusé
1597 888 39 14 sur
1644 881 22 20 le
1675 880 78 20 crime.
1762 879 95 20 J’avoue
1866 884 45 18 que
1919 877 49 20 l’in-

1491 910 152 25 terrogatoire
1651 912 35 18 est
1694 914 30 14 un
1733 906 82 21 devoir
1829 905 107 21 essentiel
1945 908 22 16 et

1491 940 34 20 les
1533 939 112 24 réponses
1653 936 103 26 précises
1764 934 102 21 données
1875 940 41 18 par
1925 938 43 15 nos

1491 967 83 20 clients
1583 967 13 19 à
1609 965 45 20 mis
1662 963 147 22 l’accusation
1819 968 29 14 en
1864 962 103 19 déroute.

1491 995 65 20 Voici
1569 992 116 26 pourquoi
1700 997 29 14 on
1751 994 54 16 veut
1819 989 101 25 changer
1939 988 28 20 de

1491 1021 114 22 méthode.

1518 1050 73 25 Après
1600 1048 67 21 avoir
1679 1047 83 21 insisté
1773 1046 83 24 auprès
1872 1045 30 20 du
1914 1045 54 24 jury

1491 1084 41 14 sur
1549 1078 22 19 le
1578 1076 50 23 fait,
1638 1076 57 24 qu’il
1704 1077 36 18 est
1754 1074 22 19 là
1784 1079 58 20 pour
1853 1074 67 24 juger
1936 1077 31 14 un

1492 1105 79 23 crime,
1580 1104 16 20 il
1605 1110 26 14 se
1639 1103 66 21 lance
1720 1102 57 20 dans
1787 1107 37 14 ses
1838 1100 131 20 considéra-

1492 1134 63 19 tions
1571 1132 121 25 générales
1717 1136 40 14 sur
1778 1128 190 21 l’autonomisme.

1493 1161 61 20 C’est
1561 1166 45 14 une
1616 1159 107 25 «opinion
1733 1157 123 25 politique»
1866 1160 22 17 et
1894 1156 24 25 je
1932 1155 38 20 dé-

1492 1188 91 26 poserai
1593 1188 12 19 à
1618 1187 23 20 la
1655 1186 113 21 Chambre
1776 1191 31 14 un
1822 1187 61 18 texte
1892 1183 28 20 de
1928 1182 39 23 loi,

1492 1216 95 21 suivant
1606 1214 77 25 lequel
1700 1220 30 14 on
1745 1219 30 14 ne
1790 1215 53 22 peut
1864 1210 105 26 qualifier

1491 1243 186 21 l’autonomisnxe
1685 1242 29 20 de
1722 1241 78 20 crime.
1810 1240 31 20 La
1856 1238 113 22 Chambre

1492 1271 142 25 appréciera.
1650 1269 31 21 M.
1700 1268 113 21 Poincaré
1827 1271 36 16 est
1871 1267 51 24 prêt
1936 1265 33 20 lui

1492 1299 62 20 aussi
1563 1299 13 19 à
1590 1298 97 24 déposer
1700 1303 31 13 un
1745 1296 74 25 projet
1836 1294 132 21 semblable.

1494 1327 28 20 Et
1527 1327 25 24 je
1569 1325 121 26 déposerai
1705 1330 84 15 encore
1802 1329 32 13 un
1850 1322 120 20 deuxième

1493 1355 75 26 projet
1582 1355 13 19 à
1604 1354 22 20 la
1641 1352 149 22 commission
1800 1351 40 19 des
1857 1350 112 21 marchés.

1491 1383 29 21 Je
1536 1383 124 25 prouverai
1674 1380 88 26 quelles
1777 1385 90 14 erreurs
1881 1381 41 17 ont
1933 1377 37 20 été

1492 1411 122 21 commises
1629 1416 28 14 en
1673 1409 81 20 Alsace
1769 1413 54 14 sous
1837 1412 27 15 ce
1874 1408 96 22 rapport

1494 1445 41 19 par
1543 1436 213 23 l’administration.

1518 1467 28 20 Je
1556 1473 29 14 ne
1595 1471 59 15 veux
1663 1471 41 19 pas
1717 1469 131 20 prononcer
1857 1463 41 20 des
1906 1467 65 20 paro-

1493 1495 35 20 les
1541 1495 70 19 dures
1620 1498 80 16 contre
1709 1493 21 20 la
1740 1492 63 20 Cour
1817 1497 29 14 ou
1855 1494 80 17 contre
1951 1490 21 19 le

1494 1523 129 20 Procureur
1639 1521 29 21 de
1676 1522 22 20 la
1707 1519 153 26 République.
1875 1518 65 22 Mais,
1948 1517 24 25 je

1493 1553 105 18 constate
1606 1550 71 24 qu’on
1686 1552 55 17 veut
1754 1547 85 21 fermer
1848 1547 21 20 la
1883 1546 89 21 bouche

1492 1579 13 19 à
1513 1579 22 20 la
1542 1577 108 23 Défense,
1657 1584 29 14 en
1695 1576 121 22 éliminant
1825 1575 40 20 des
1870 1577 100 19 avocats,

1493 1607 40 25 qui
1542 1613 28 14 en
1580 1609 83 17 savent
1672 1609 58 21 trop.
1750 1605 42 19 Les
1800 1603 95 21 accusés
1909 1608 29 15 ne
1946 1608 25 14 se

1493 1639 56 17 sont
1557 1634 115 26 peut-être
1686 1639 40 20 pas
1735 1632 86 21 rendus
1839 1634 91 22 compte
1943 1630 28 20 de

1494 1664 96 20 l’erreur
1603 1662 70 26 qu’ils
1687 1663 149 19 commettent
1848 1661 20 20 si
1882 1658 89 21 demain

1494 1692 29 21 ils
1531 1692 95 20 veulent
1640 1696 114 16 renoncer
1762 1690 13 20 à
1784 1689 50 20 leur
1846 1688 127 24 interroga-

1494 1721 69 20 toire.
1587 1719 63 21 C’est
1666 1720 22 19 là
1704 1719 21 20 le
1748 1722 137 22 guet-apens
1903 1715 69 26 qu’on

1495 1755 60 14 nous
1563 1754 13 14 a
1585 1748 97 25 préparé
1690 1751 24 17 et
1727 1746 86 25 auquel
1822 1751 58 15 vous
1893 1743 80 22 faisiez

1493 1777 99 20 allusion
1602 1776 58 20 hier.
1672 1776 60 20 Vous
1750 1774 124 21 entendrez
1887 1778 85 15 encore

1494 1811 41 15 vos
1553 1804 106 25 policiers
1674 1808 23 17 et
1712 1810 41 14 vos
1767 1806 81 22 agents
1865 1806 108 21 provoca-

1494 1837 73 17 teurs.
1577 1833 57 20 Mais
1647 1833 94 20 d’abord
1750 1832 17 19 il
1781 1831 50 21 faut
1838 1837 46 19 que
1891 1831 82 19 l’accu-

1495 1863 26 20 sé
1528 1862 34 21 ait
1570 1862 22 20 le
1600 1861 61 21 droit
1668 1862 27 19 de
1702 1860 146 26 s’expliquer.

1521 1913 32 21 Le
1558 1911 122 26 président
1686 1918 5 13 :
1698 1910 64 21 Vous
1770 1914 137 20 comprenez
1915 1906 57 21 Mes-

1496 1942 84 23 sieurs,
1590 1946 45 20 que
1645 1940 113 21 soucieux
1766 1939 29 19 de
1808 1941 65 17 votre
1890 1940 81 20 temps,

1495 1970 31 20 du
1542 1971 66 19 nôtre
1616 1972 24 17 et
1654 1968 95 22 decehii
1766 1967 40 21 des
1812 1967 73 25 jurés,
1901 1964 70 26 qu'on

1496 1998 85 21 veuille
1589 1997 96 26 abréger
1692 1997 34 21 les
1735 1996 88 20 débats.
1831 1994 31 21 Ce
1871 1994 57 20 n’est
1932 1997 40 21 pas

1496 2026 140 21 demafaute
1644 2026 20 20 si
1673 2025 87 21 ceux-ci
1769 2028 40 17 ont
1814 2023 75 20 dévié.
1896 2021 77 21 C’està

1496 2055 47 20 moi
1550 2055 29 20 de
1587 2054 149 23 déterminer,
1743 2054 28 19 de
1779 2052 76 26 quelle
1864 2051 65 24 façon
1939 2050 33 20 les

1496 2083 83 20 débats
1585 2083 95 20 doivent
1688 2083 48 19 être
1745 2081 115 24 conduits,
1874 2084 23 16 et
1905 2080 12 20 à
1927 2078 46 21 moi

1496 2112 60 20 seul.
1564 2111 28 20 Et
1602 2111 157 25 j'interromps
1776 2107 197 27 l’interrogatoire.

1498 2140 64 21 Nous
1581 2145 124 20 passerons
1719 2140 13 20 à
1751 2138 121 21 l’audition
1887 2137 40 21 des
1944 2137 31 19 té-

1497 2169 85 20 moins.

1523 2196 43 21 Les
1574 2200 95 17 avocats
1683 2197 29 20 de
1720 2203 27 14 se
1756 2196 69 20 lever.
1839 2194 65 22 Voici
1920 2193 52 21 bien

1497 2225 22 20 le
1527 2228 135 22 guet-apens
1672 2225 105 25 préparé.

1523 2261 39 27 tfle
1569 2267 103 21 Berthon
1689 2267 114 21 demande
1820 2272 47 15 une
1879 2271 96 20 suspen-

1499 2295 63 21 sion.

1523 2324 33 20 Le
1564 2323 123 21 Président
1694 2324 91 20 déclare
1793 2329 45 19 que
1845 2323 22 20 la
1873 2322 102 21 manière

1499 2353 57 19 dont
1566 2352 33 20 les
1607 2353 96 20 accusés
1720 2356 41 16 ont
1773 2351 126 26 développé
1914 2351 62 19 leurs

1498 2380 153 25 explications
1661 2381 58 20 n’est
1725 2381 53 24 plus
1786 2380 28 20 de
1822 2380 47 25 jeu.

1523 2411 147 21 MeBerthon
1675 2419 9 13 :
1702 2412 61 20 Vous
1782 2411 76 25 parlez
1881 2411 29 20 de
1927 2410 47 24 jeu.

1500 2439 63 21 Nous
1577 2446 27 13 ne
1621 2445 100 15 sommes
1738 2445 41 19 pas
1794 2440 22 19 là
1829 2445 59 18 pour
1899 2439 76 24 jouer,

1499 2468 59 20 mais
1569 2473 60 20 pour
1637 2467 59 21 faire
1705 2468 84 25 régner
1797 2468 22 20 la
1824 2467 93 24 justice.

1524 2495 39 21 Me
1574 2495 125 22 Palmieri:
1712 2496 37 21 On
1769 2500 54 16 veut
1841 2498 128 19 escamoter

1500 2524 117 20 l’audition
1625 2524 41 21 des
1673 2524 114 26 inculpés.

1524 2555 39 20 Me
1570 2555 103 21 Berthon
1681 2563 9 13 :
1697 2556 28 20 Je
1732 2555 114 21 demande
1858 2553 112 23 immédia

1500 2583 105 20 tementà
1618 2583 98 26 déposer
1724 2584 40 20 des
1774 2583 158 21 conclusions.

1524 2613 33 21 Le
1565 2613 123 22 Président
1693 2622 7 13 :
1711 2615 103 24 Déposez
1829 2621 42 14 vos
1884 2613 94 21 conclu-

1501 2642 63 20 sions
1571 2648 41 19 par
1620 2642 65 21 écrit.
1968 2651 9 20 j

1525 2672 39 20 Me
1572 2672 102 22 Berthon
1681 2680 8 13 :
1698 2673 60 24 Non,
1768 2672 25 25 je
1805 2673 34 20 les
1848 2673 69 20 dicte.
1934 2671 35 21 J’a

1501 2702 21 19 le
1530 2701 69 23 droit,
1608 2701 99 21 Greffier
1715 2702 91 20 écrivez
1814 2700 5 19 !
1846 2717 5 6 .

1525 2732 34 20 Le
1567 2732 123 21 Président
1696 2740 9 13 :
1712 2732 29 21 Je
1756 2732 118 25 n’accepte
1888 2736 89 16 aucune

1501 2760 135 21 conclusion
1645 2761 40 25 qui
1695 2767 28 14 ne
1735 2760 46 21 soit
1788 2760 71 21 écrite
1867 2761 29 19 de
1913 2763 64 16 votre

1502 2788 84 21 main.*
1741 2800 11 12 3

1526 2819 39 20 Me
1573 2819 104 21 Berthon
1691 2826 26 14 se
1725 2820 76 20 ravise
1814 2822 23 18 et
1849 2819 129 21 l’audience

1501 2851 36 16 est
1553 2848 132 25 suspendue
1701 2854 59 19 pour
1777 2851 123 22 permettre
1911 2848 13 19 à
1940 2847 38 20 Me

1501 2875 102 20 Berthon
1611 2875 30 20 de
1648 2876 99 25 déposer
1755 2882 37 15 ses
1801 2876 156 21 conclusions.

1526 2904 89 19 Durant
1623 2904 22 20 la
1651 2910 79 19 pause,
1738 2904 144 21 l’animation
1890 2907 35 17 est
1931 2904 47 20 très

1500 2931 87 25 grande
1592 2933 75 24 parmi
1674 2932 151 21 l’assistance.
1835 2931 43 22 Les
1886 2935 92 18 avocats

1500 2965 25 14 se
1542 2963 139 20 concertent,
1695 2961 34 20 les
1739 2960 149 25 journalistes
1904 2960 74 20 discu-

1499 2991 51 16 tent
1564 2987 123 24 vivement,
1703 2992 22 17 et
1739 2989 153 25 les-inculpés
1905 2994 26 15 se
1944 2989 34 19 ré-

1497 3015 116 25 jouissent
1622 3016 28 20 de
1665 3016 126 21 l’incident.
1800 3017 35 19 Au
1847 3017 60 20 banc
1915 3016 29 20 de
1955 3016 22 19 la

1500 3043 102 21 défense.
1618 3044 41 21 Me
1667 3044 102 21 Berthon
1783 3044 80 26 régide
1870 3051 56 14 avec
1940 3044 38 20 Me

1499 3071 115 24 Fourrier,
1625 3072 23 20 le
1657 3073 62 20 Code
1732 3072 70 25 pénal
1820 3079 28 13 en
1858 3073 83 23 mains,
1956 3072 22 21 le

1500 3103 63 16 texte
1571 3100 28 19 de
1606 3106 39 14 ses
1654 3101 155 23 conclusions,
1824 3101 39 25 qui
1875 3106 103 19 compor-

1500 3131 51 16 tent
1559 3128 51 24 près
1619 3128 30 20 de
1663 3129 60 20 deux
1731 3134 78 19 pages.
1818 3129 74 24 Après
1900 3133 24 16 20
1937 3128 42 20 mi-

1500 3159 68 16 nutes
1582 3155 111 21 d’attente
1702 3156 120 24 fiévreuse,
1839 3156 22 21 la
1872 3156 64 21 Cour
1944 3162 34 14 re-

1501 3183 64 20 vient
1573 3187 23 16 et
1604 3183 38 20 Me
1651 3184 101 20 Berthon
1760 3185 79 19 donne
1847 3185 90 20 lecture
1949 3184 29 19 de

1500 3217 38 17 ses
1547 3211 156 21 conclusions.

1525 3240 113 19 «Attendu
1654 3247 46 18 que
1716 3240 34 20 les
1765 3240 97 20 accusés
1877 3243 101 21 peuvent

1502 3267 112 25 répondre
1627 3273 54 15 sans
1690 3269 48 19 être
1750 3268 86 20 limités
1845 3269 58 20 dans
1916 3268 62 20 leurs

1501 3295 161 24 explications,
1670 3302 45 18 que
1723 3296 63 19 deux
1791 3296 88 20 d’entre
1888 3302 43 14 eux
1937 3298 42 17 ont

1501 3323 37 19 été
1553 3322 123 24 entendus,
1690 3327 23 16 et
1720 3329 47 18 que
1776 3323 33 19 les
1817 3323 71 20 treize
1901 3326 77 16 autres

1500 3352 130 21 protestent
1643 3353 78 17 contre
1739 3353 60 17 cette
1810 3349 126 21 différence
1948 3350 30 20 de

1501 3376 112 26 procéder
1621 3377 14 20 à
1643 3376 52 22 leur
1703 3377 79 26 égard,

1526 3405 115 20 «Attendu
1651 3412 46 18 que
1708 3406 22 19 la
1739 3405 61 21 Cour
1808 3412 13 13 a
1831 3408 98 23 préparé
1942 3409 36 17 cet

1502 3436 60 20 acte,

1527 3460 113 21 «Attendu
1648 3468 46 18 que
1702 3461 30 21 M.
1744 3462 81 22 Bauer,
1832 3462 39 24 qui
1886 3465 34 17 est
1929 3462 49 24 pré-

1502 3492 53 16 sent
1566 3489 39 22 ici,
1619 3494 31 14 ne
1664 3489 89 20 devrait
1765 3495 40 18 pas
1819 3496 14 17 y
1848 3491 54 21 être,
1915 3490 64 19 étant

1503 3516 77 20 donné
1596 3515 97 25 qu’hier
1702 3517 47 19 soir
1758 3516 31 20 M.
1799 3517 23 19 le
1836 3517 121 20 Président
1965 3523 13 13 a

1501 3542 90 21 affirmé
1598 3543 177 25 publiquement
1782 3545 70 24 qu’on
1862 3551 30 13 ne
1899 3545 80 24 procé-

1502 3571 75 19 derait
1595 3577 41 19 pas
1651 3573 13 18 à
1681 3571 193 25 l’interrogatoire
1887 3572 40 19 des
1946 3572 32 19 té-

1502 3598 76 20 moins
1586 3599 13 19 à
1608 3598 93 25 charge,

1527 3626 113 20 «Attendu
1649 3632 46 19 que
1703 3630 60 16 cette
1777 3627 155 25 interruption
1943 3630 36 17 est

1502 3653 127 23 anormale,

1528 3681 114 20 «Attendu
1649 3688 46 19 que
1702 3682 21 20 le
1729 3681 55 20 chef
1787 3682 31 20 du
1826 3683 97 24 pouvoir
1928 3683 51 19 exé-

1504 3707 59 21 cutif
1569 3714 14 13 a
1590 3710 118 23 prononcé
1715 3710 117 25 plusieurs
1839 3710 93 25 paroles
1939 3710 38 24 qui

1993 422 39 17 ont
2040 418 87 25 engagé
2135 417 41 20 des
2183 414 133 26 magistrats
2323 419 22 17 et
2354 417 55 24 qu’il
2419 421 53 16 veut

1992 453 84 14 encore
2084 446 75 25 parler
2164 445 40 19 des
2213 442 83 21 débats
2305 445 96 22 actuels,

2016 474 113 20 «Attendu
2134 478 46 20 que
2188 472 34 20 les
2231 472 96 20 accusés
2333 473 93 20 veulent
2435 474 35 19 ré-

1993 502 88 25 pondre
2089 508 45 14 aux
2148 500 119 26 questions
2276 500 41 24 qui
2327 500 51 20 leur
2392 505 79 16 seront

1993 531 82 24 posées
2081 536 41 19 par
2131 530 21 20 le
2158 529 53 24 jury
2222 528 40 24 qui
2273 534 12 13 a
2292 527 114 22 demandé
2415 530 13 19 à
2436 529 36 20 in-

1994 562 103 21 terroger
2103 558 34 20 les
2145 556 103 22 accusés,
2258 560 63 16 etc...

2018 585 75 21 «Nous
2102 583 146 23 demandons,
2255 590 48 18 que
2310 583 46 21 l’on
2372 585 100 23 procède

1993 615 13 19 à
2013 612 194 25 l’interrogatoire
2220 611 40 20 des
2269 613 97 19 accusés
2378 612 94 21 suivant

1994 641 21 20 le
2021 641 99 26 procédé
2127 639 124 21 habituel.»

2018 672 27 20 Et
2060 672 39 20 Me
2115 671 101 21 Berthon
2230 670 113 25 d’ajouter
2359 677 45 19 que
2425 677 48 15 ces_

2004 700 133 23 onçlusions
2153 705 26 14 se
2188 697 109 22 suffisent
2314 700 14 19 à
2342 699 66 20 elles-
2425 701 37 19 mê

1994 734 56 14 mes.

2016 759 34 20 M.
2065 759 90 21 Fachot
2173 758 114 20 demande
2309 762 122 20 purement
2449 763 23 16 et

1992 788 148 23 simplement
2153 786 69 25 qu’on
2237 786 82 20 récuse
2332 786 34 20 Ic-s
2381 787 91 21 conclu-

1993 815 73 21 sions.

2016 846 32 20 Le
2059 846 122 21 Président
2198 845 110 25 explique
2321 851 85 15 encore
2423 852 46 15 une

1992 873 45 21 fois
2045 881 46 18 que
2097 875 21 19 la
2127 873 106 21 méthode
2238 873 59 20 était
2303 873 78 21 fausse
2387 877 22 17 et
2418 874 55 25 qu’il

1994 902 113 20 demande
2115 902 13 20 à
2137 902 100 24 changer
2244 901 22 21 le
2274 903 109 23 système.

2020 932 38 21 Me
2072 933 101 20 Berthon
2183 939 8 13 :
2204 932 103 26 Puisque
2319 933 23 19 le
2356 933 117 24 président

1995 966 75 15 avoue
2075 961 22 20 le
2106 961 99 24 premier
2213 966 46 19 que
2268 967 25 14 sa
2303 961 107 20 méthode
2419 962 56 20 était

1995 989 117 20 mauvaise
2121 995 26 14 ce
2155 994 46 19 que
2209 995 59 14 nous
2277 989 98 20 n’avons
2387 989 86 25 jusqu’¬

1993 1016 29 20 ici
2032 1023 43 17 pas
2083 1017 70 20 voulu
2160 1017 59 21 dire,
2229 1023 42 18 par
2279 1016 123 21 déférence
2416 1024 58 18 pour

1993 1050 25 14 sa
2025 1050 124 18 personne,
2159 1051 59 15 nous
2230 1045 146 21 demandons
2389 1045 82 25 qu’elle

1995 1072 44 20 soit
2046 1073 102 24 changée
2156 1077 24 16 et
2186 1079 58 14 nous
2254 1079 132 19 proposons
2393 1073 22 20 la
2428 1074 46 20 mé-

1994 1099 70 21 thode
2070 1101 107 20 suivante
2182 1102 68 23 qu’on
2264 1101 144 25 n’intorrege
2421 1101 53 24 plus

1995 1128 34 19 les
2037 1129 95 20 accusés
2141 1135 46 18 que
2200 1135 41 14 sur
2249 1129 159 26 l’inculpation
2425 1135 49 18 pro-

1995 1160 106 20 prement
2107 1156 46 21 dite
2161 1157 30 20 du
2201 1158 110 24 complot.

2018 1186 32 21 Le
2058 1187 123 21 Président
2188 1194 75 15 avoue
2271 1189 101 22 ensuite,
2384 1194 56 19 pour
2447 1195 25 13 ce

1995 1214 39 24 qui
2043 1222 114 14 concerne
2169 1216 31 20 M.
2211 1216 84 25 Bauer,
2305 1217 55 25 qu’il
2376 1217 26 20 l’a
2415 1217 60 20 invi-

1995 1243 22 19 té
2026 1244 212 22 personnellement
2245 1246 14 19 à
2268 1246 49 19 être
2326 1246 97 24 présent
2435 1251 40 13 au-

1993 1269 126 25 jourd’hui.

2019 1301 35 20 La
2062 1302 100 24 Défense
2170 1306 102 21 proteste
2278 1307 24 17 et
2311 1304 69 20 dénie
2389 1310 28 14 au
2424 1305 50 24 pré-

1996 1328 76 21 sident
2079 1329 22 20 le
2113 1330 61 20 droit
2186 1330 110 22 d’inviter
2305 1332 40 20 des
2354 1332 99 21 témoins
2461 1333 13 20 à

1996 1356 85 27 charge
2088 1364 55 15 sans
2152 1359 108 24 prévenir
2266 1361 21 20 la
2297 1360 104 21 défense.

1996 1411 40 21 Me
2044 1411 121 23 Fourrier
2170 1415 39 20 est
2216 1415 132 25 suspendu
2356 1420 66 21 pour
2432 1421 36 16 un

1996 1442 64 23 mois

2021 1483 34 20 M*
2060 1484 107 20 Fourrier
2170 1492 9 13 :
2186 1485 185 22 Permettez-moi
2378 1487 28 20 de
2413 1493 57 15 vous

1997 1511 56 24 dire.
2066 1512 125 22 Messieurs
2198 1514 35 20 les
2243 1515 75 25 jurés,
2334 1521 45 19 que
2390 1516 82 24 jamais

1997 1545 83 15 encore
2086 1541 80 24 depuis
2175 1542 21 20 le
2204 1545 75 23 temps
2288 1549 46 19 que
2338 1543 24 25 je
2368 1550 36 14 me
2413 1547 61 18 trou-

1998 1573 27 14 ve
2032 1568 13 19 à
2054 1569 21 20 la
2085 1569 73 25 barre,
2168 1570 106 25 pareilles
2282 1572 121 20 méthodes
2411 1572 63 21 n’ont

1997 1596 36 20 été
2041 1598 138 25 employées.
2188 1599 31 20 Le
2227 1599 65 21 désir
2298 1601 29 19 de
2332 1600 30 20 M.
2369 1601 21 19 le
2401 1601 73 24 prési-

1997 1624 55 22 dent
2056 1626 42 20 des
2106 1627 90 20 Assises
2206 1628 29 19 de
2242 1629 103 24 changer
2353 1628 121 21 demétho-

1998 1652 94 25 dejuste
2103 1661 29 14 au
2142 1659 102 16 moment
2260 1657 31 20 du
2306 1663 88 18 voyage
2406 1657 65 23 de,M.

1998 1681 111 22 Poincaré
2114 1689 29 14 en
2147 1683 89 24 Alsace,
2243 1691 37 14 me
2289 1685 76 25 paraît
2370 1685 53 20 bien
2428 1686 46 20 sin-

1997 1709 96 25 gulière.

2022 1738 122 22 Président
2149 1747 8 13 :
2163 1741 18 19 Il
2194 1740 38 26 n’y
2245 1748 14 14 a
2274 1748 91 14 aucune
2380 1744 94 19 concor-

1997 1766 74 22 dance
2078 1772 66 17 entre
2151 1769 35 21 les
2193 1769 61 22 deux
2261 1770 91 21 choses.

2021 1796 140 22 McFourrier
2167 1804 9 14 :
2181 1797 63 21 Nous
2250 1798 90 21 faisons
2347 1799 31 20 ici
2383 1805 31 14 un
2423 1805 52 19 pro-

1998 1824 38 20 cès
2043 1825 121 26 politique.
2174 1826 36 20 On
2220 1827 115 24 reproche
2342 1828 13 19 à
2364 1827 42 20 des
2412 1827 64 21 hom-

1998 1858 48 14 mes
2051 1853 139 21 honorables
2198 1854 90 21 d’avoir
2298 1855 117 26 comploté
2420 1861 55 15 con-

1998 1883 35 18 tre
2041 1880 78 22 l’Etat.
2130 1882 40 23 Or,
2187 1883 67 24 après
2266 1890 48 14 une
2327 1883 102 21 semaine
2446 1885 29 20 de

1998 1908 81 23 débats
2094 1916 57 15 nous
2163 1911 97 22 n’avons
2274 1918 86 14 encore
2371 1912 50 20 rien
2436 1919 41 18 ap-

1998 1937 47 24 pris
2053 1944 23 15 et
2089 1939 51 25 déjà
2144 1946 31 13 un
2179 1939 94 25 journal
2280 1940 109 24 parisien,
2394 1940 40 25 qui
2441 1944 35 17 est

1998 1967 190 21 sousl’influence
2196 1967 29 21 de
2233 1968 31 21 M.
2274 1968 121 25 Raymond
2406 1968 69 21 Poin-

1998 1995 51 19 caré
2057 2001 28 14 ne
2094 1995 63 24 parle
2165 1996 53 24 plus
2226 1996 30 21 de
2264 1997 103 24 complot
2375 1997 57 20 mais
2446 1997 30 20 de

1999 2023 135 21 tractations
2141 2023 199 22 internationales.
2349 2024 29 21 Et
2382 2025 22 19 le
2415 2024 63 25 jour-

1999 2050 37 21 nal
2041 2052 120 20 continue.
2171 2052 31 20 Le
2208 2053 119 24 président
2340 2053 31 20 du
2381 2053 94 20 Conseil

1999 2080 152 26 s’expliquera
2159 2080 113 22 là-dessus
2286 2081 123 21 dimanche
2423 2088 54 18 pro-

2000 2109 67 20 chain
2074 2110 59 20 dans
2142 2116 31 13 un
2183 2109 115 25 discours,
2312 2110 56 25 qu’il
2377 2116 100 18 pronon-

2001 2143 51 15 cera
2060 2139 13 19 à
2084 2138 68 20 Metz.
2162 2138 130 21 Attendons
2301 2139 29 20 de
2344 2138 82 21 l’avoir
2437 2145 40 14 en-

2000 2167 70 20 tendu
2077 2172 58 19 pour
2142 2166 79 20 savoir
2226 2172 26 15 ce
2261 2173 47 19 que
2313 2173 61 15 nous
2385 2167 91 21 devons

2000 2194 335 25 penser.Etlaissons-lefaire,
2347 2195 17 20 il
2373 2201 29 14 ne
2411 2201 67 19 pour-

2001 2222 42 21 rait
2048 2230 15 18 y
2072 2223 66 20 avoir
2148 2223 30 20 dé
2188 2223 108 21 meilleur
2306 2224 128 24 interprête
2449 2224 29 20 de

2001 2254 67 18 notre
2074 2251 69 21 chère
2150 2251 80 21 Alsace
2236 2258 46 19 que
2293 2258 27 15 ce
2330 2252 74 24 grand
2422 2252 56 21 Lor-

2001 2279 60 21 rain.

2026 2307 28 22 Et
2066 2309 97 20 l’avocat
2176 2308 28 20 de
2219 2309 92 21 s’écrier
2320 2316 6 13 :
2337 2309 143 21 Maintenant

2002 2342 44 18 que
2055 2337 34 20 les
2104 2337 113 21 élécteurs
2231 2337 29 22 de
2276 2338 101 20 l’Alsace
2390 2341 41 17 ont
2445 2338 35 20 ré-

2001 2365 77 24 pondu
2087 2369 23 17 et
2116 2372 44 18 que
2166 2366 89 25 malgré
2260 2366 35 20 les
2304 2366 91 25 paroles
2409 2366 71 20 mala-

2001 2392 87 22 droites
2094 2393 29 21 de
2130 2394 32 20 M.
2177 2393 112 22 Poincaré
2306 2395 13 20 à
2329 2394 148 26 Strasbourg,

2001 2420 106 26 85o/°des
2118 2422 113 21 électeurs
2240 2424 114 19 alsaciens
2372 2426 41 17 ont
2422 2422 57 22 don-

2003 2449 29 20 né
2056 2450 62 20 leurs
2139 2452 53 19 voix
2206 2451 16 20 à
2236 2451 62 21 deux
2312 2451 115 25 inculpés,
2446 2451 32 21 M.

2003 2477 112 22 Poincaré
2124 2483 54 16 veut
2186 2480 93 24 réparer
2287 2480 93 20 demain
2389 2480 13 20 à
2419 2479 59 21 Metz

2003 2505 33 21 les
2048 2506 98 25 gaftes...

2027 2534 33 21 M.
2067 2536 89 20 Fachot
2161 2543 9 13 :
2175 2535 29 21 Je
2221 2537 107 25 requiers
2350 2540 80 17 contre
2447 2535 32 21 Me

2003 2561 108 23 Fourrier
2117 2570 59 18 pour
2184 2567 96 23 outrage
2288 2566 14 19 à
2310 2571 32 14 un
2351 2565 127 24 magistrat.

2026 2590 140 22 M*Berthon
2176 2599 8 13 :
2191 2592 18 20 il
2217 2592 39 26 n’y
2264 2599 12 14 a
2289 2599 42 19 pas
2346 2593 29 20 de
2386 2594 92 24 procès-

2004 2619 86 21 verbal.

2027 2646 122 22 Président
2155 2655 8 13 :
2167 2648 29 20 M.
2205 2649 22 19 le
2235 2649 100 25 greffier.

2027 2674 33 21 Le
2071 2676 93 24 greffier
2169 2683 9 13 :
2183 2676 17 20 Il
2218 2678 69 20 m’est
2299 2677 133 26 impossible
2450 2678 29 20 de

2003 2701 57 22 faire
2066 2703 21 21 le
2100 2705 166 23 procès-verbal
2281 2706 85 20 séance
2378 2709 102 17 tenante.

2029 2730 31 21 La
2068 2731 93 22 défense
2170 2733 87 25 dépose
2273 2734 42 21 des
2333 2733 148 22 conclusions

2003 2759 68 23 qu’on
2079 2766 88 18 prenne
2173 2764 50 17 acte
2229 2761 29 21 de
2265 2765 61 18 cette
2335 2761 143 22 ommission-

2027 2787 32 21 Le
2067 2789 122 21 Président
2193 2796 9 13 :
2209 2790 31 20 La
2249 2792 86 20 séance
2340 2794 36 17 est
2384 2796 96 18 suspen-

2003 2815 44 20 due
2064 2823 60 18 pour
2143 2822 123 21 permettre
2277 2819 24 20 la
2315 2819 119 20 rédaction
2448 2819 31 19 du

2003 2845 80 22 procès
2093 2846 87 20 verbal.

2027 2872 45 21 Les
2079 2873 135 25 défenseurs
2221 2874 109 21 s’écrient
2334 2881 8 14 :
2348 2873 88 26 Illégal,
2454 2873 28 21 il-

2003 2900 59 25 légal
2069 2902 7 18 Ì

2029 2928 73 25 Après
2110 2936 46 14 une
2166 2930 144 21 demi-heure
2327 2931 29 20 de
2370 2930 113 20 délibéra-

2003 2955 47 21 tion
2064 2957 22 20 la
2095 2956 62 22 Cour
2174 2958 89 21 revient
2280 2962 24 17 et
2312 2958 78 21 donne
2407 2962 50 16 acte
2464 2958 16 20 à

2003 2983 30 19 M®
2038 2984 110 22 Fourrier
2155 2992 60 18 pour
2222 2992 38 15 ses
2268 2987 150 20 conclusions
2426 2991 56 15 con-

2003 3017 97 17 cernant
2111 3014 22 20 le
2148 3014 180 25 procès-verbal.
2346 3014 97 21 Ensuite
2458 3014 23 19 le

2003 3040 118 23 président
2129 3046 56 16 veut
2191 3042 43 20 lire
2248 3043 80 20 l’arrêt
2341 3045 143 17 concernant

2003 3067 33 20 les
2041 3069 119 21 sanctions
2168 3070 28 20 de
2205 3070 31 20 M*
2240 3071 112 20 Berthon.

2028 3096 39 20 Me
2080 3098 108 20 Fourrier
2191 3105 9 13 :
2214 3098 99 24 Pardon,
2326 3098 30 20 M.
2372 3098 22 20 le
2409 3098 73 24 prési-

2004 3123 62 25 dent,
2080 3126 25 24 je
2115 3126 87 20 n’avais
2215 3132 42 18 pas
2270 3132 87 15 encore
2369 3126 20 20 la
2404 3126 79 24 parole

2003 3158 59 18 pour
2070 3160 36 14 ma
2120 3154 97 20 défense
2230 3158 25 17 et
2265 3155 26 24 je
2307 3160 61 15 veux
2384 3154 98 23 déposer

2003 3180 40 20 des
2052 3182 160 20 conclusions.

2027 3209 123 21 Président
2156 3217 7 13 :
2173 3209 33 24 Si,
2213 3216 59 15 vous
2281 3217 58 14 avez
2347 3209 73 26 parlé.

2027 3236 36 20 La
2072 3237 99 25 Défense
2177 3244 8 14 :
2194 3237 130 22 Permettez
2336 3238 31 20 M.
2374 3238 21 20 le
2409 3238 72 24 prési-

2004 3264 64 21 dent.

2028 3292 62 21 Tous
2099 3293 33 20 les
2140 3297 94 16 avocats
2243 3300 26 14 se
2277 3295 81 19 lèvent
2364 3295 117 19 ensemble

2004 3323 23 15 et
2031 3324 129 19 protestent
2166 3321 201 25 énergiquement.

2026 3347 34 20 Le
2067 3347 124 21 Président
2197 3347 50 22 .-Me
2256 3349 111 20 Fourrier
2373 3350 13 18 à
2393 3349 38 20 été
2440 3356 40 14 en-

2004 3375 78 20 tendu.

2028 3405 100 25 Défense
2136 3406 74 22 .-Non,
2219 3413 56 16 non,
2283 3407 57 20 c’est
2345 3407 87 25 illégal.

2027 3435 33 21 Le
2077 3436 124 20 Président
2222 3437 40 24 qui
2283 3442 35 15 est
2335 3438 146 22 visiblement

2004 3463 85 21 énervé
2100 3468 23 15 et
2139 3464 40 24 qui
2194 3464 83 25 agitait
2290 3466 192 25 énergiquement

2004 3494 50 17 tout
2061 3492 13 18 à
2081 3491 88 20 l’heure
2177 3491 21 20 la
2207 3496 115 18 sonnette,
2332 3494 54 20 cède
2395 3498 22 17 et
2425 3496 57 20 don-

2005 3524 28 13 ne
2038 3518 22 20 la
2068 3519 79 24 parole
2155 3520 14 18 à
2178 3519 37 20 Me
2224 3519 115 23 Fourrier.

2212 3577 166 32 [Continua.)

2004 3665 102 23 Aiacciu
2114 3679 29 4 —
2154 3667 137 30 Stamparïa
2302 3671 25 21 di
2339 3672 25 21 A
2373 3672 105 28 Muvra,

2005 3712 16 14 u
2032 3704 234 27 Direllore-Gerenle
2274 3717 7 15 :
2295 3710 72 23 Petru
2375 3710 104 26 ROCCA
