2556 3960
119 145 379 59 SOUVENIRS
541 141 443 71 HISTORIQUES

91 310 36 20 La
134 311 129 22 campagne
269 307 29 20 de
316 307 59 25 ij6g,
384 309 48 22 par
448 305 90 20 l’extrê-

65 347 38 13 me
111 338 167 26 disproportion
287 337 40 20 des
330 337 79 24 forces,
416 339 50 21 par
473 335 65 20 l’am-

62 370 71 25 pleur
140 370 41 20 des
188 376 94 18 moyens
294 369 29 20 de
338 367 137 25 corruption,
490 369 48 21 par

64 401 27 19 là
99 400 111 20 lassitude
227 406 82 14 accrue
326 399 41 20 des
387 397 151 21 malheureux

61 430 161 25 patriotes,fut
228 429 209 25 particulièrement
445 427 91 24 rapide.

65 461 92 20 Autour
164 460 32 19 du
203 462 60 21 coup
271 459 30 20 de
306 461 103 17 tonnerre
417 458 29 19 de
452 457 85 20 Ponte-

64 491 74 21 Novo,
149 496 28 13 on
183 491 60 22 peut
250 491 66 18 noter
323 489 16 19 à
344 488 69 24 peine
424 487 113 25 quelques

64 520 85 20 éclairs
160 520 43 24 qui
224 519 130 20 illuminent
367 518 171 24 tragiquement

63 551 24 20 le
94 550 89 20 sombre
191 549 118 24 désespoir
315 548 29 20 de
351 554 42 14 nos
397 549 76 23 pères.

92 580 63 21 Mais
162 580 41 19 dès
208 579 27 20 la
242 579 35 24 fin
285 579 29 19 de
324 578 55 25 1~]68
381 584 30 14 on
420 577 69 20 avait
496 576 40 20 dé-

65 611 56 20 cidé
126 611 16 19 à
153 609 121 21 Versailles
280 609 31 20 de
322 608 125 24 subjuguer
460 607 17 20 à
487 608 50 19 tout

61 641 58 26 prix
126 641 34 20 les
167 641 81 20 Corses
259 642 24 18 et
295 642 61 22 pour
362 638 113 25 employer
491 643 45 14 une

64 671 148 25 terninologie
239 673 62 18 toute
332 669 142 23 d’actualité,
506 674 29 14 on

64 702 69 20 avait
143 703 100 19 renoncé
253 707 32 13 au
301 701 93 23 système
407 699 43 20 des
464 698 72 25 petits

62 734 103 23 paquets
172 734 24 17 et
207 731 43 20 des
255 732 78 23 postes
338 729 103 25 fortifiés.

88 762 37 19 La
129 762 123 24 puissante
262 761 76 19 armée
350 759 30 20 de
392 758 91 21 Jourda
506 758 29 20 de

66 792 101 22 Vaux,en
175 791 113 25 quelques
297 790 117 21 semaines,
424 788 70 21 tailla
506 795 28 13 en

59 823 81 24 pièces
153 822 34 19 les
199 822 39 19 six
250 827 29 14 ou
293 823 52 22 sept
359 819 62 21 mille
445 821 90 18 monta-

60 852 94 25 gnards
158 853 101 23 groupés
267 853 83 18 autour
357 851 30 19 de
394 850 72 20 Paoli
474 853 61 22 pour

62 882 26 20 la
97 882 92 24 défense
200 882 31 20 de
242 881 50 20 leur
308 881 125 24 infortunée
446 880 86 25 patrie.

89 913 37 20 En
162 913 34 22 68,
206 919 34 14 au
247 912 118 22 contraire,
374 911 34 20 les
420 911 115 24 Français

63 950 31 14 en
103 945 157 23 commençant
267 943 25 20 la
301 943 115 24 conquête,
424 941 110 20 s’étaient

62 974 86 24 mépris
155 980 40 14 sur
202 973 26 20 la
237 973 80 20 valeur
324 973 29 19 de
357 973 61 19 leurs
423 971 109 21 ennemis.

87 1004 35 20 Ils
134 1004 34 20 les
178 1004 111 20 savaient
312 1009 56 14 sans
387 1009 78 14 armes
477 1008 57 14 sans

62 1034 113 24 matériël,
183 1040 60 14 sans
254 1036 87 22 argent,
351 1035 23 18 et
381 1039 28 14 en
428 1033 52 20 leur
495 1035 39 22 op-

58 1067 90 23 posant
155 1069 78 16 12.000
241 1064 101 20 hommes
348 1064 29 19 de
390 1063 73 20 belles
473 1065 60 18 trou-

58 1098 53 22 pes,
131 1095 52 20 bien
205 1095 199 24 approvisionnées
420 1096 24 17 et
460 1095 73 18 soute-

60 1132 60 14 nues
131 1129 47 20 par
193 1131 33 14 un
237 1129 11 11 <'
257 1125 84 20 service
356 1124 29 19 de
404 1124 129 24 renseigne-

60 1158 76 18 ments
144 1160 11 11 »
165 1155 167 24 copieusement
338 1154 114 24 alimenté,
466 1154 30 20 ils
503 1160 30 14 ne

60 1185 122 21 doutaient
191 1188 50 22 pas
260 1185 29 20 de
307 1185 112 24 disperser
435 1184 44 20 dès
499 1184 33 20 les

58 1216 112 25 premiers
177 1218 105 18 contacts
289 1216 34 19 les
338 1216 145 24 contingents
503 1215 29 20 de

61 1247 72 20 Paoli
135 1247 84 24 formés
225 1249 100 22 presque
339 1246 149 25 uniquement
503 1245 29 21 de

60 1277 140 20 volontaires
208 1279 24 18 et
237 1277 216 24 d’irréguliers,sans
458 1276 72 24 solde,

60 1314 60 13 sans
131 1307 214 23 ambulances,sans
351 1307 180 20 ravitaillement

52 1341 33 20 __et
92 1338 119 20 d’ailleurs
216 1337 122 25 inférieurs
344 1344 28 14 en
378 1338 102 20 nombre.

86 1369 63 20 Mais
156 1369 20 20 il
179 1375 29 14 en
216 1368 52 21 alla
281 1371 49 18 tout
336 1371 136 18 autrement.

87 1400 37 20 La
134 1403 129 21 campagne
275 1399 30 20 de
314 1398 61 26 1J68,
387 1400 64 24 âpre,
466 1400 63 22 dure,

60 1430 133 25 sanglante,
209 1431 80 19 menée
295 1432 47 22 par
357 1429 101 21 Clément
462 1430 70 20 Paoli

62 1467 60 14 avec
129 1467 44 14 une
184 1460 174 25 incomparable
373 1461 96 24 vigueur
478 1460 54 26 finit

59 1492 24 19 le
92 1497 13 14 1
106 1497 14 14 o
127 1491 90 20 octobre
226 1494 50 22 par
283 1492 25 19 la
315 1491 90 20 victoire
413 1491 30 20 de
454 1492 77 24 Borgo

61 1524 25 18 et
93 1522 23 19 le
120 1522 83 25 rappel
208 1522 34 20 du
248 1522 97 25 général
347 1521 120 25 Français.

88 1553 49 19 Une
144 1552 66 20 lettre
215 1556 49 21 peu
272 1558 86 14 connue
372 1553 33 19 du
425 1554 106 24 marquis

61 1584 31 19 de
111 1583 133 23 Chauvelin,
263 1590 33 14 au
313 1583 43 20 duc
376 1583 29 20 de
424 1583 108 21 Choiseul

59 1614 112 25 quelques
175 1614 68 24 jours
250 1616 74 18 avant
338 1620 28 13 sa
378 1613 89 25 défaite
477 1617 54 22 rap-

57 1647 70 22 porte
134 1651 31 14 un
173 1645 95 24 épisode
278 1645 30 20 de
323 1646 57 19 cette
391 1648 137 21 campagne,

59 1675 153 20 l’évacuation
217 1675 32 20 de
265 1675 25 20 la
297 1675 103 23 Casinca,
414 1675 116 21 ordonnée

56 1709 51 21 par
113 1706 22 19 le
160 1706 106 25 marquis
291 1707 67 23 après
377 1706 102 25 l’affaire
500 1707 30 20 de

59 1737 25 19 P
81 1739 63 21 enta,
155 1737 29 20 où
192 1736 35 21 les
237 1737 80 20 Corses
321 1739 71 22 ayant
402 1739 71 18 cerné
484 1744 45 14 une

58 1767 136 25 compagnie
201 1767 34 20 du
240 1767 111 25 régiment
354 1767 29 20 de
398 1768 78 22 Rouer
475 1774 52 19 que,

54 1798 94 25 prirent
160 1798 23 20 lé
199 1798 119 25 capitaine
329 1797 74 22 Bélloï
426 1805 59 14 avec
500 1804 29 20 40

57 1829 109 23 hommes,
175 1828 22 21 le
208 1831 62 18 reste
275 1829 39 24 fut
321 1830 39 19 tué
365 1829 61 20 dans
433 1829 95 21 l’action

58 1860 46 23 qui
108 1859 38 24 fut
154 1860 46 19 très
207 1859 99 20 chaude.

86 1890 37 21 On
128 1896 17 18 y
156 1889 45 21 lira
216 1896 47 14 une
278 1890 135 25 description
432 1891 96 20 vivante

57 1920 32 20 de
96 1920 27 20 la
135 1926 82 19 guerre
224 1921 31 20 de
260 1923 139 23 rn_ontagnes,
408 1928 59 14 avec
474 1922 54 20 l’ex-

55 1951 106 24 pression
177 1951 30 20 de
223 1951 26 20 la
256 1953 93 23 stupeur
361 1952 40 20 des
412 1953 116 24 Français

57 1987 34 14 au
99 1982 111 24 spectacle
218 1982 30 20 de
257 1982 104 25 l’énergie
376 1985 23 18 et
424 1983 33 20 du
471 1990 57 13 mor-

59 2012 63 20 dant
128 2012 41 19 des
172 2013 116 24 patriotes
296 2013 83 20 Corsés.

83 2042 53 20 Elle
140 2045 90 22 permet
234 2043 64 20 ainsi
304 2043 108 21 d’établir
420 2050 47 14 une
481 2043 47 25 fois

56 2073 32 20 de
93 2073 61 24 plus,
160 2074 56 23 qu’à
221 2080 78 14 aucun
304 2076 96 18 moment
407 2074 20 20 il
437 2075 40 24 n’y
489 2077 39 17 eut

57 2103 32 20 de
97 2103 26 20 là
135 2106 58 22 part
208 2105 43 19 des
271 2104 111 25 Français
397 2105 131 20 d’illusions

55 2140 43 14 sur
106 2134 22 20 le
138 2135 124 21 sentiment
277 2135 42 20 des
334 2135 84 21 Corses.
433 2136 96 21 Ceux-ci

55 2171 32 14 ne
110 2165 107 20 devaient
238 2165 67 21 céder
323 2167 53 26 qu’à
404 2167 26 21 la
453 2167 73 24 force.

58 2195 127 20 Chauvelin
208 2196 123 21 dénombré
346 2203 55 14 avec
418 2198 109 25 complai-

55 2233 73 13 sance
134 2226 34 20 les
175 2226 42 21 800
235 2234 74 14 corses
325 2233 44 19 que
384 2234 37 15 ses
436 2229 91 20 soldats

55 2259 44 18 ont
112 2258 50 19 tués
173 2260 24 17 et
212 2258 88 20 blessés
316 2265 28 13 en
361 2265 31 14 un
414 2260 66 19 mois.
506 2260 23 20 Il

55 2290 90 22 compte
149 2294 40 14 sur
196 2289 26 19 la
229 2290 167 19 consternation
412 2290 43 20 des
465 2290 62 21 insu-

55 2317 75 21 laires
137 2324 32 14 au
172 2321 79 18 retour
258 2319 41 22 des
306 2320 141 25 contingents
453 2321 81 21 décri-.

55 2350 53 18 més
120 2349 59 20 dans
189 2349 64 21 leurs
264 2350 80 25 foyers.
357 2351 31 20 Et
398 2354 94 18 surtout
508 2351 19 21 il

55 2379 115 20 demande
172 2379 56 25 plus
236 2381 31 19 de
279 2381 94 23 soldats,
382 2381 55 25 plus
445 2382 31 20 de
488 2388 38 15 ca-

57 2416 62 13 nons
126 2412 23 17 et
153 2409 55 25 plus
210 2411 60 20 d’or.

389 2437 107 22 Damon.

83 2490 36 21 M.
137 2490 41 21 DE
197 2491 189 23 CHAUVELIN
407 2499 33 16 au
460 2494 65 22 DUC

54 2527 33 22 de
103 2528 167 23 CHOISEUL.

133 2572 93 27 Bastia,
238 2574 24 21 le
275 2580 26 21 19
310 2575 139 27 Septembre
460 2576 62 29 /76#.

168 2617 132 28 Monsieur,

84 2661 108 22 Aussitôt
204 2668 47 21 que
264 2664 22 21 le
298 2669 66 22 camp
377 2665 29 21 de
415 2665 109 22 St-Nico-

55 2695 39 20 lao
119 2697 38 18 eut
175 2694 38 23 été
238 2696 75 27 replié
333 2703 39 16 sur
389 2698 91 26 Oletta,
500 2700 24 27 je

53 2727 141 29 m’occupay
205 2729 31 21 de
251 2730 22 20 la
285 2731 103 26 position
400 2732 30 21 de
444 2733 23 21 la
480 2732 43 22 Ca-

53 2760 68 21 sinca
140 2763 24 19 et
176 2761 26 26 je
217 2768 74 22 pesay
302 2768 58 17 avec
368 2767 66 20 toute
449 2767 23 20 la
488 2765 36 22 ré-

52 2792 92 23 flexion
166 2794 60 22 dont
247 2796 25 27 je
295 2797 48 20 suis
369 2799 97 26 capable
489 2800 35 21 les

52 2828 128 25 avantagés
197 2830 25 19 et
241 2830 36 20 les
292 2830 182 23 inconvénients
494 2833 30 21 de

51 2859 25 21 la
95 2865 127 18 conserver
237 2868 31 15 ou
280 2863 30 21 de
320 2862 178 25 l’abandonner.

81 2891 25 22 Si
114 2893 24 26 je
148 2893 90 23 n’avais
253 2901 30 16 eu
294 2895 14 22 à
326 2898 138 23 considérer
478 2905 46 21 que

51 2924 85 28 l’objet
146 2927 120 27 militaire,
285 2934 56 16 mon
352 2932 60 25 parti
432 2935 43 19 eut
485 2932 39 22 été

51 2957 96 22 bientôt
157 2960 49 25 pris
218 2965 8 21 ;
238 2962 37 20 les
283 2964 80 25 postes
377 2969 46 22 que
432 2965 38 28 j’y
483 2971 41 16 oc-

52 2991 83 26 cupais
147 2990 89 25 étaient
247 3000 14 15 a
276 2995 23 20 la
316 2996 75 21 vérité
406 2998 118 27 imprena-

51 3023 62 25 bles,
123 3024 59 21 mais
191 3028 63 19 cette
270 3027 117 27 piève-est
397 3031 55 27 trop
466 3030 58 23 éloi-

50 3055 66 27 gnée
126 3056 30 21 de
166 3063 52 17 mes
227 3060 82 26 points
323 3060 92 29 d'appui
428 3066 25 19 et
465 3070 59 15 avec

50 3089 25 20 le
85 3089 60 26 petit
154 3092 102 21 nombre
268 3093 29 21 de
306 3095 95 26 troupes
411 3102 47 21 que
465 3097 56 28 j’ay,

49 3121 26 26 je
87 3123 88 20 sentais
191 3129 48 21 que
257 3125 77 22 c’était
352 3133 38 16 me
410 3129 114 28 dégarnir

51 3155 234 24 considérablement
309 3164 45 21 que
379 3161 40 28 d’y
438 3164 86 21 laisser

50 3187 24 21 la
89 3188 106 25 quantité
218 3191 31 20 de
269 3192 86 21 monde
369 3194 113 29 qu’exige
498 3203 25 14 sa

50 3219 107 22 défense.
180 3221 92 29 L’objet
288 3225 114 27 politique
416 3234 40 15 me
469 3229 54 27 pré-

50 3253 89 21 sentait
147 3255 62 20 aussi
218 3256 44 21 des
271 3257 189 26 considérations
478 3262 45 21 im-

51 3287 130 24 portantes.
194 3287 71 23 Cette
283 3289 67 28 piève
366 3294 36 19 est
421 3300 48 16 une
480 3295 43 21 des

50 3318 57 25 plus
126 3319 77 22 riches
218 3324 26 18 et
262 3322 43 21 des
318 3324 51 25 plus
386 3327 137 21 considéra-

50 3349 55 21 bles
117 3350 29 20 de
156 3351 23 20 la
191 3352 78 23 Corse
281 3359 7 21 ;
302 3356 43 19 elle
361 3357 95 22 domine
471 3362 52 19 tou-

51 3384 39 18 tes
99 3383 36 19 les
148 3383 83 26 pièves
243 3387 129 22 maritimes
386 3390 31 20 de
429 3392 24 20 la
469 3392 54 21 côte

50 3413 108 22 d’Aleria
174 3418 25 19 et
210 3418 47 21 elle
271 3419 52 20 leur
337 3420 78 23 donne
427 3424 23 20 le
465 3426 43 19 ton
516 3431 6 19 ;

50 3452 49 15 une
108 3448 103 25 quantité
225 3450 31 21 de
267 3457 59 20 gens
337 3454 184 28 considérables,

49 3478 107 23 attachés
167 3480 85 27 depuis
264 3484 131 27 longtemps
407 3486 12 21 à
432 3488 69 22 Paoli
506 3495 18 21 y

49 3511 46 21 fait
102 3517 44 16 son
158 3512 141 28 habitation,
309 3516 44 21 elle
364 3517 57 23 s’est
428 3520 94 22 donnée

50 3551 30 14 au
97 3544 47 22 Roi
156 3551 59 17 avec
227 3554 33 15 un
274 3548 49 21 zèle
334 3551 24 19 et
371 3556 31 15 un
415 3558 108 21 empres-

49 3579 96 20 sement
155 3580 39 25 qui
206 3581 108 22 méritait
323 3581 29 21 de
363 3588 38 16 ma
414 3588 54 23 part
476 3591 46 15 une

49 3611 136 27 protection
194 3613 116 28 signalée.
320 3614 63 22 Tous
392 3622 41 16 ces
439 3618 83 21 motifs

49 3644 114 21 devaient
181 3645 201 24 nécessairement
399 3650 61 22 faire
474 3657 48 15 une

49 3677 65 22 forte
123 3677 152 27 impression.

592 303 24 22 Si
634 303 86 27 j’avais
734 309 30 14 eu
775 303 134 20 seulement
927 301 59 22 trois
995 301 42 21 ba-

563 337 97 21 taillons
672 336 24 26 je
708 341 39 16 me
758 335 73 21 serais
844 333 133 22 déterminé
989 333 13 21 à
1013 334 23 20 la

563 371 148 21 conserver,'
724 369 59 20 mais
809 367 228 27 indépendamment

563 402 31 21 du
618 401 120 27 régiment
760 401 29 20 de
804 401 139 26 Rouergue,
962 402 24 19 et
1005 400 30 21 de

562 434 59 21 trois
639 436 68 19 cents
724 433 109 22 hommes
846 434 31 20 du
893 433 142 27 Languedoc

562 472 46 21 que
617 466 36 28 j’y
664 466 67 21 avais
738 465 86 28 placés,
835 466 19 21 il
865 466 75 21 fallait
949 466 88 27 garder

562 505 30 15 en
611 499 79 21 forces
705 505 48 14 une
766 499 93 26 grande
873 498 99 21 redoute
988 504 47 21 que

561 532 83 22 i’avais
664 532 43 21 fait
722 532 133 21 construire
872 537 31 15 au
924 533 60 25 pont
1003 532 32 21 du

562 565 64 21 Golo
647 567 25 18 et
686 564 33 22 où
733 564 84 27 j’avais
834 564 45 21 fait
893 566 81 25 porter
987 570 48 15 une

561 598 68 27 pièce
641 598 30 21 de
681 603 84 20 canon,
782 598 17 21 il
811 597 75 22 fallait
897 603 78 16 armer
991 598 43 21 des

561 630 180 22 détachements
759 630 150 22 d’infanterie
933 637 30 15 au
974 632 61 26 pont

561 664 30 21 de
600 664 108 21 Bevinco
719 670 6 19 ;
736 664 41 21 des
791 664 86 27 gardes
889 664 30 21 de
931 665 103 26 dragons

560 697 14 21 à
591 697 85 20 cheval
692 696 88 21 étaient
802 696 148 22 nécessaires
972 702 63 21 pour

561 728 99 22 éclairer
667 729 24 21 là
705 729 87 27 plaine,
803 728 32 22 où
849 729 25 28 je
885 729 77 22 tenais
969 729 64 21 aussi

560 763 43 20 des
612 763 112 26 pelotons
744 762 30 21 de
788 762 105 27 dragons
908 768 43 21 par
959 762 75 22 inter-

559 796 83 24 valles,
651 801 64 21 pour
725 795 145 28 m’apporter
880 796 43 21 des
933 796 101 21 nouvel-

560 830 42 19 les.
613 828 30 22 La
651 828 92 27 fatigue
751 828 55 22 d’un
818 829 95 21 service
924 829 21 20 si
953 829 80 21 assidu

560 868 61 21 pour
632 862 43 21 des
687 863 98 26 troupes
794 862 40 27 qui
847 864 57 20 sont
915 862 83 27 depuis
1009 863 23 20 le

562 901 38 16 1er
606 895 60 22 août
669 895 60 21 dans
737 901 46 15 une
790 895 80 22 action
878 896 153 26 continuelle,

559 928 48 21 fixa
623 934 40 15 ma
678 927 132 22 résolution
824 935 6 19 ;
838 928 50 27 j’en
905 929 128 27 suspendis

559 961 135 22 seulement
713 961 105 27 pendant
838 962 114 27 quelques
964 962 68 27 jours

558 993 146 23 l’exécution
715 1000 61 21 pour
787 1001 30 15 ne
829 1001 43 22 pas
886 995 93 22 donner
989 1002 44 21 par

559 1033 46 15 une
613 1028 98 21 retraite
722 1030 54 25 trop
787 1030 111 26 prompte
911 1029 31 21 du
957 1028 76 23 crédit

558 1060 14 22 à
580 1061 66 21 Paoli
657 1063 25 19 et
691 1060 30 21 de
729 1061 104 21 l’audace
839 1061 15 22 à
859 1067 39 16 ses
906 1063 124 26 partisans.

585 1094 90 21 Toutes
686 1095 36 20 les
737 1094 63 21 nuits
814 1095 36 21 les
861 1096 170 27 montagnards

558 1127 99 21 tâtaient
668 1133 44 21 par
723 1127 42 21 des
776 1128 179 23 escarmouches
967 1131 65 19 assèz

557 1158 82 28 vives,'
659 1161 36 20 les
707 1162 80 25 postes
799 1161 104 22 avancés
914 1163 25 20 et
949 1163 23 20 la
994 1169 40 15 re-

558 1193 72 22 doute
641 1194 33 21 du
684 1196 61 25 pont
764 1194 29 21 de
815 1193 73 28 Golo,
902 1195 29 21 ils
943 1194 89 23 étaient

557 1227 109 27 toujours
677 1226 128 28 repoussés
814 1235 8 19 ;
844 1228 65 21 enfin
919 1229 24 21 le
958 1235 26 22 17
1001 1234 30 17 au

558 1261 50 20 soir
619 1260 145 29 j’annoncay
774 1266 39 16 ma
824 1261 133 22 résolution
968 1262 14 21 à
994 1262 35 22 M.

557 1293 175 22 d’Arcamballe
744 1296 24 20 et
784 1295 26 27 je
829 1295 34 22 lui
881 1295 103 29 manday
1000 1296 30 21 de

557 1327 59 22 faire
627 1333 25 16 sa
663 1328 97 21 retraite
771 1334 31 15 en
812 1329 67 27 plein
887 1329 63 28 jour.
965 1329 65 27 J’en-

557 1361 71 28 voyai
646 1367 32 15 en
694 1362 78 21 même
780 1363 79 26 temps
868 1362 36 22 M.
917 1363 30 21 de
959 1362 72 23 Cam-

556 1395 69 26 plure
649 1393 105 22 Colonel
774 1395 31 20 de
825 1395 149 28 Languedoc,
1000 1403 30 14 au

556 1429 60 25 pont
627 1427 31 21 de
669 1427 107 22 Bevinco
788 1434 59 16 avec
859 1429 64 21 deux
934 1435 96 21 compa-

556 1460 69 27 gnies
636 1461 31 20 de
675 1461 138 27 grenadiers
822 1463 26 20 et
858 1462 65 21 deux
934 1468 95 22 compa-

556 1494 68 27 gnies
636 1494 31 21 de
678 1494 125 22 chasseurs
822 1495 31 22 de
872 1496 155 27 soissonnais,

556 1533 61 21 pour
627 1528 24 21 le
663 1528 108 21 soutenir
782 1531 24 19 et
816 1529 23 21 le
851 1530 115 21 recevoir.

584 1560 32 21 Le
632 1560 33 22 .18
688 1561 35 21 M.
748 1561 173 23 d’Arcamballe
938 1563 27 21 fit
983 1569 45 16 son

555 1596 158 20 mouvement
720 1594 14 22 à
744 1601 45 15 une
798 1595 75 24 heure
880 1597 146 26 après-midi;

555 1627 17 21 il
583 1628 61 27 repli
646 1629 45 20 ale
703 1630 69 25 poste
778 1629 30 21 de
821 1629 86 23 Loréto
919 1631 40 26 qui
971 1630 57 24 était

554 1661 23 21 le
597 1662 55 26 plus
663 1661 92 22 avancé
766 1668 46 18 sur.
818 1663 146 22 Vescovato.
980 1663 48 22 Ces

555 1694 65 21 deux
630 1695 76 26 partis
717 1694 81 23 réunis
805 1702 26 15 se
838 1696 126 23 retirèrent
972 1703 55 17 vers

554 1728 22 21 le
589 1727 64 22 Golo
665 1730 26 19 et
702 1729 33 21 lui
746 1730 79 21 même
836 1730 73 27 partit
920 1731 32 21 du
969 1737 59 16 cou-

554 1763 59 20 vent
624 1762 31 21 de
667 1761 145 23 Venzolasca
826 1769 60 16 avec
896 1765 24 20 le
927 1766 62 20 reste
997 1765 31 21 de

554 1800 45 16 son
608 1794 167 23 détachement
786 1798 25 20 et
820 1797 29 21 fît
859 1797 105 22 l’arrière
974 1804 54 22 gar-

554 1828 30 21 de
591 1828 32 21 du
632 1830 63 20 tout.

582 1861 126 22 Clémente
732 1863 64 22 Paoli
820 1866 26 19 et
869 1864 63 22 Gian
955 1865 72 22 Carlo

553 1894 115 30 (Saliceti)
681 1895 89 23 étaient
786 1903 31 15 au
827 1898 90 27 village
928 1899 30 21 de
973 1898 54 23 Sor-

554 1927 31 22 bo
598 1928 14 21 à
621 1929 56 27 cinq
689 1931 68 20 cents
767 1936 43 21 pas
821 1931 32 21 de
869 1931 34 22 lui
915 1938 69 16 avec.
991 1933 36 21 les

552 1963 173 26 montagnards
732 1969 7 19 ;
752 1963 29 22 ils
792 1964 166 28 l’attaquèrent
968 1966 59 22 dans

553 2000 26 15 sa
590 1995 98 21 retraite
700 1997 25 20 et
744 1997 22 20 le
777 1997 72 22 firent
859 1999 99 20 tourner
968 1999 59 21 dans

550 2028 25 20 le
592 2028 71 22 défilé
674 2030 32 21 de
728 2031 22 20 la
771 2033 131 26 montagne
915 2037 43 22 par
979 2038 47 15 une

552 2063 86 26 troupe
657 2062 148 23 déterminée
816 2064 58 27 qu’il
891 2065 36 22 fut
946 2065 81 28 obligé

553 2095 30 21 de
594 2095 101 28 charger
714 2097 63 21 deux
796 2097 48 22 fois
855 2099 23 20 la
889 2098 138 23 baïonnette

553 2134 29 15 au
590 2129 60 22 bout
661 2130 32 21 du
701 2129 56 22 fusil
766 2137 6 19 ;
788 2137 27 15 ce
824 2137 32 16 ne
864 2132 37 21 fut
911 2131 53 28 qu’à
979 2133 47 22 for-

552 2167 28 16 ce
588 2162 31 21 de
626 2163 53 21 leur
688 2165 54 20 tuer
752 2164 32 21 du
795 2165 90 22 monde
896 2165 70 28 qu’ils
974 2172 52 22 par-

551 2195 99 22 vinrent
656 2196 14 21 à
680 2196 54 22 leur
745 2197 58 22 faire
810 2199 82 22 lâcher
898 2200 74 27 prise.
981 2200 45 21 En-

549 2228 36 22 fin
597 2229 35 21 M.
645 2229 174 24 d’Arcamballe
835 2232 101 22 exécuta
949 2233 77 22 entiè-

551 2265 93 19 rement
656 2269 26 15 sa
694 2265 95 21 retraite
803 2271 61 16 avec
879 2272 48 15 une
943 2267 83 22 valeur

552 2298 24 19 et
591 2302 47 16 une
648 2297 154 28 intelligence
813 2299 42 27 qui
867 2298 113 24 méritent
989 2301 36 21 les

551 2329 53 27 plus
623 2330 89 27 grands
724 2327 82 32 éloges
819 2339 6 19 ;
838 2333 19 20 il
868 2332 37 22 fut
915 2333 111 27 parfaite-

551 2365 67 20 ment
634 2363 104 22 secondé
750 2371 42 21 par
803 2365 35 22 M.
855 2366 25 21 le
898 2366 128 23 Chevalier

551 2395 142 29 d’Ampous,
714 2397 254 24 Lieutenant-Colonel
993 2401 32 21 du

550 2428 119 29 régiment
692 2431 30 21 de
734 2431 142 28 Languedoc
885 2435 25 20 et
929 2440 43 21 par
987 2434 35 22 M.

551 2463 30 20 de
588 2464 23 21 la
622 2463 88 23 Sobole
725 2464 78 28 Major
816 2466 32 21 du
866 2466 120 29 régiment
994 2468 31 21 de

551 2495 138 30 Rouergue.
708 2497 35 22 Ce
755 2501 55 20 sont
835 2500 65 22 deux
920 2501 104 22 officiers

551 2532 32 21 du
602 2534 107 26 premier
719 2533 93 28 mérite,
827 2537 24 20 le
874 2537 150 28 domestique

551 2566 29 21 de
588 2566 34 21 M.
635 2567 134 28 d’Ampous
781 2569 40 27 qui
840 2570 135 22 conduisait
985 2577 39 15 ses

551 2599 63 22 deux
623 2600 110 22 chevaux
742 2600 34 23 fut
786 2601 40 23 tué
836 2609 31 15 en
880 2604 145 23 descendant

550 2632 23 21 la
583 2635 131 26 montagne
725 2635 26 20 et
762 2640 38 16 ses
820 2636 111 22 chevaux
944 2637 80 23 furent

550 2669 98 26 pris.M.
662 2669 195 24 d’Arcâmballéa
865 2673 103 22 eu'deux
976 2680 47 17 ser-

549 2703 71 25 gents
628 2706 25 18 et
666 2708 47 15 une
735 2703 124 28 vingtaine
882 2706 30 21 de
934 2707 90 23 soldats

549 2733 53 22 tués
612 2741 31 16 ou
652 2735 101 22 blessés.
761 2736 44 23 Les
815 2737 90 23 Corses
921 2741 43 20 ont
972 2747 52 21 per-

550 2767 32 22 du
591 2768 137 23 infiniment
738 2769 140 30 davantage.

577 2801 113 23 Aussitôt
708 2808 47 21 que
769 2805 55 20 tous
850 2807 35 20 les
911 2805 111 24 détache-

550 2837 77 19 ments
635 2836 31 21 de
673 2836 24 21 la
709 2836 73 22 Piève
791 2837 80 24 furent
877 2839 101 27 rentrés,
986 2841 35 22 M.

550 2867 32 21 du
586 2867 191 30 Chemin,major
782 2871 30 21 de
819 2873 24 20 la
848 2872 90 29 Légion
944 2873 79 30 Roya-

549 2901 30 25 le,
588 2903 76 26 replia
672 2903 24 20 le
703 2905 69 25 poste
782 2904 30 22 de
828 2906 24 21 la
869 2907 101 22 redoute
990 2909 33 21 du

549 2936 60 24 pont
620 2936 32 21 du
661 2935 65 22 Golo
739 2939 24 19 et
784 2938 36 22 les
841 2938 179 26 détachements

551 2967 39 26 qui
602 2969 24 20 le
645 2970 153 22 soutenaient
809 2978 61 16 avec
887 2979 47 15 une
953 2980 69 22 capa-

550 3000 46 21 cité
609 3003 24 20 et
646 3008 50 15 une
707 3003 103 27 vigueur
824 3011 47 21 que
890 3007 25 26 je
926 3007 95 23 m’étais

549 3033 56 22 bien
621 3035 93 27 promis
725 3036 31 21 de
773 3039 38 20 cet
830 3040 121 21 excellent
967 3041 55 22 offi-

549 3066 57 22 cier.

576 3100 41 21 Au
625 3106 90 23 moyen
724 3102 31 21 de
774 3105 62 20 cette
852 3105 125 28 opération
995 3108 27 27 je

549 3137 118 17 conserve
678 3140 47 15 une
743 3137 105 25 position
868 3139 107 22 resserée
996 3145 26 18 et

549 3165 146 27 importante
718 3167 15 21 à
744 3169 102 26 laquelle
865 3172 36 21 les
923 3175 98 26 troupes

549 3201 108 23 peuvent
667 3200 84 21 suffire
762 3204 24 19 et
797 3203 26 27 je
836 3205 66 21 tiens
923 3211 96 18 comme

549 3235 146 22 auparavant
720 3233 37 22 les
785 3236 65 22 deux
883 3244 72 16 mers.
980 3240 41 23 Ma

548 3264 91 26 gauche
652 3267 37 20 est
709 3266 12 21 à
735 3266 94 25 Furiani
854 3271 41 27 qui
918 3274 36 19 est
974 3279 47 17 une

549 3297 117 28 citadelle;
676 3299 109 29 j’occupe
797 3304 93 22 ensuite
901 3305 23 21 le
933 3306 88 29 village

549 3329 30 20 de
588 3330 111 29 Biguglia
710 3338 31 15 en
750 3337 71 20 avant
829 3337 90 27 duquel
924 3339 26 26 je
957 3340 63 22 tiens

550 3360 79 29 Borgo
638 3369 48 21 que
706 3364 34 21 M.
751 3367 22 20 le
790 3367 130 24 Chevalier
928 3371 30 20 de
976 3372 45 21 Lu-

549 3393 41 21 dre
603 3397 39 24 qui
657 3402 19 22 y
687 3400 141 21 commande
840 3407 14 15 a
871 3402 43 21 fait
931 3405 90 21 retran-

549 3425 57 22 cher
622 3430 25 19 et
669 3430 41 25 qui
731 3433 37 19 est
784 3434 146 27 susceptible
948 3436 31 21 de
997 3439 23 20 la

549 3459 53 25 plus
620 3461 147 27 vigoureuse
787 3464 108 23 défense.
903 3466 38 22 De
960 3469 24 21 la
993 3470 26 26 je

549 3496 122 18 couronne
683 3500 43 20 par
739 3495 41 21 des
788 3500 84 23 postes
882 3501 138 22 retranchés

548 3524 79 22 toutes
638 3527 36 20 les
686 3526 112 23 hauteurs
810 3530 31 21 de
851 3532 24 20 la
889 3534 130 27 montagne

549 3555 29 20 de
613 3557 181 25 Sant-Antonio
814 3563 60 22 dont
896 3565 36 20 les
962 3572 58 20 pen-

549 3587 82 24 chants
642 3594 100 19 versent
755 3599 55 16 vers
822 3595 82 23 Oletta
930 3600 90 27 occupé

548 3626 30 15 en
599 3622 66 23 force
676 3631 44 20 par
730 3626 36 20 les
774 3629 98 26 troupes
893 3630 31 21 de
941 3630 34 21 M.
989 3633 30 20 de

549 3653 185 26 Grandmaison.
747 3659 31 21 La
797 3667 66 17 serra
885 3663 31 21 de
933 3663 87 24 St-An-

548 3688 80 26 tonio,
642 3690 41 27 qui
697 3693 36 19 est
740 3692 23 20 le
774 3694 70 25 point
854 3696 23 21 le
889 3697 53 22 plus
950 3696 69 25 élevé

1066 140 30 20 de
1107 140 23 20 la
1158 140 132 26 montagne
1317 136 96 22 domine
1439 136 54 20 tout
1514 134 23 20 le

1065 172 94 22 Nebbio
1172 173 24 20 et
1208 177 30 15 en
1251 175 82 18 assure
1348 170 21 20 la
1387 167 148 28 possession.

1066 205 31 20 Le
1112 204 72 21 Golfe
1196 204 31 21 de
1235 203 134 22 St-Florent
1375 202 36 20 est
1423 200 115 21 environ-

1064 236 31 23 né
1107 243 42 21 par
1162 237 35 21 les
1209 239 67 20 tours
1294 241 45 22 que
1346 234 34 28 j’y
1391 234 22 21 ai
1435 233 44 21 fait
1496 238 41 20 ap-

1064 270 171 27 provisionner
1249 275 64 23 pour
1325 274 23 22 15
1367 267 67 27 jours
1447 267 24 20 et
1496 264 40 27 qui

1064 305 54 19 sont
1143 303 184 27 inattaquables.
1339 301 23 20 A
1373 301 22 20 la
1404 299 86 21 faveur
1506 297 30 21 de

1064 337 62 20 cette
1137 336 109 26 position
1256 336 27 27 je
1295 339 64 24 peux
1378 332 80 28 quând
1476 331 25 27 je
1512 331 24 21 le

1064 369 109 23 voudrai,
1183 375 57 15 sans
1264 367 113 25 obstacle,
1395 371 39 16 me
1452 365 84 27 porter

1062 408 30 15 au
1104 407 69 22 camp
1196 402 31 21 de
1251 400 157 24 San-Nicolao
1421 400 25 19 et
1466 403 69 16 occu-

1062 441 44 21 per
1117 435 23 21 la
1151 434 71 22 Serra
1233 435 31 21 de
1286 435 73 21 Lento
1377 434 24 21 et
1423 431 62 22 celle
1505 430 30 22 de

1062 467 90 26 Tenda,
1166 468 41 27 qui
1217 470 58 20 sont
1283 468 43 21 des
1341 463 138 24 débouchés
1500 469 37 15 as-

1062 500 67 22 surés
1137 506 63 22 pour
1208 500 115 28 pénétrer
1333 500 57 21 dans
1401 496 135 23 l’intérieur

1063 534 30 21 de
1116 535 23 20 la
1160 533 85 27 Corse,
1255 535 19 21 il
1294 540 31 15 ne
1343 538 39 16 me
1402 532 51 21 faut
1473 535 62 22 pour

1061 567 100 27 remplir
1169 569 39 19 cet
1219 568 69 27 objet
1299 572 59 17 avec
1368 566 51 21 tant
1440 564 31 21 de
1494 562 37 22 cé-

1060 599 70 23 lérité
1138 606 47 21 que
1197 600 31 21 de
1240 600 92 26 succès,
1346 598 71 28 qu’un
1429 596 104 23 surcroit

1061 634 30 21 de
1101 633 65 22 force
1175 635 25 20 et
1208 634 31 21 de
1251 639 103 22 moyens
1365 632 29 21 de
1403 631 129 26 transport.

1087 667 29 26 Je
1128 667 62 21 crois
1202 673 47 20 que
1270 672 63 15 vous
1354 671 65 15 serez
1435 662 97 26 étonné,

1061 700 35 21 M.
1108 700 23 21 le
1143 699 64 26 Duc/
1216 700 30 21 de
1254 699 22 21 la
1287 699 101 26 vigueur
1399 698 26 20 et
1436 696 31 21 de
1475 695 58 22 l’en-

1060 733 90 21 semble
1163 733 42 21 des
1223 733 109 25 attaques
1343 731 41 21 des
1405 729 97 25 Corses,
1515 728 18 21 il

1060 768 38 19 est
1105 766 98 22 difficile
1214 766 30 21 de
1256 770 28 15 se
1292 764 129 28 persuader
1431 768 46 22 que
1490 762 42 21 des

1060 805 102 22 paysans
1182 796 145 27 rassemblés
1355 797 29 21 de
1411 797 53 20 tant
1502 794 31 21 de

1059 831 138 23 différentes
1211 831 99 28 parties,
1334 829 128 22 exécutent
1489 828 43 21 des

1059 867 168 21 mouvements
1246 864 97 27 rapides
1368 865 24 20 et
1415 863 43 21 des
1477 861 55 28 opé-

1059 899 90 22 rations
1165 899 64 21 aussi
1241 903 138 16 nerveuses.
1391 896 88 27 J’aurai
1499 901 33 22 pu

1059 939 31 14 ne
1099 938 43 21 pas
1153 931 100 29 prévoir
1265 931 44 20 des
1327 929 81 22 efforts
1424 929 31 21 de
1480 929 53 21 leur

1059 967 60 26 part,
1132 968 102 25 puisque
1250 964 26 27 je
1290 969 32 16 ne
1341 964 48 20 suis
1409 969 31 14 en
1456 961 76 22 Corse

1059 1001 47 25 qùè
1115 999 84 27 depuis
1215 1003 33 16 un
1260 997 73 26 mois,
1342 997 60 21 mais
1423 996 26 27 je
1467 1001 66 22 peux

1058 1038 60 16 vous
1127 1038 95 16 assurer
1230 1031 60 28 qu’il
1298 1030 41 29 n’y
1350 1037 14 14 a
1379 1036 44 22 pas
1435 1036 32 15 un
1480 1029 52 21 seul

1059 1065 42 22 dés
1112 1065 126 22 militaires
1250 1064 42 27 qui
1305 1065 55 20 sont
1370 1063 31 22 ici
1415 1062 117 28 depuis'4

1058 1104 44 15 ans
1123 1099 41 27 qui
1176 1097 41 29 n’y
1224 1103 7 4 '
1239 1098 35 21 ait
1286 1096 39 23 été
1347 1096 95 28 trompé
1458 1098 26 19 et
1495 1095 35 22 M.

1058 1132 31 21 fie
1101 1131 113 22 Marbeuf
1221 1131 126 22 lui-même
1356 1137 29 14 en
1393 1132 38 20 est
1439 1130 60 21 dans
1508 1129 23 22 le

1058 1166 53 27 plus
1120 1165 75 28 grand
1206 1164 165 23 étonnement.

1086 1198 63 22 Tout
1156 1199 24 21 le
1191 1198 90 22 monde
1302 1203 73 22 pense
1395 1203 31 16 en
1451 1197 79 22 même

1057 1234 78 25 temps
1158 1237 47 22 que
1227 1232 23 21 la
1273 1233 69 26 perte
1365 1229 165 24 considérable

1057 1265 70 28 qu’ils
1138 1266 44 21 ont
1187 1264 124 29 éprouvée
1323 1265 56 25 doit,
1395 1263 135 28 lorsqu’elle

1057 1305 52 16 sera
1118 1304 95 16 connue
1227 1299 61 21 dans
1297 1299 35 21 les
1343 1298 83 27 pièves
1445 1303 44 22 par
1507 1297 23 21 le

1056 1335 82 19 retour
1154 1333 43 21 des
1221 1333 160 27 contingents,
1390 1337 18 22 y
1425 1331 64 27 jeter
1507 1331 23 21 la

1056 1367 54 26 plus
1137 1366 92 27 grande
1252 1365 186 22 consternation.
1466 1363 64 27 J’ose

1056 1404 94 16 assurer
1154 1404 56 16 sans
1220 1399 110 21 craindre
1336 1404 45 21 que
1387 1403 59 16 mon
1454 1397 76 21 calcul

1056 1432 48 21 soit
1112 1431 103 28 exagéré
1226 1438 48 21 que
1286 1432 84 28 depuis
1386 1431 23 21 lé
1431 1429 99 23 ierAoût

1056 1466 17 21 il
1083 1472 18 22 y
1108 1472 14 15 a
1130 1471 31 16 eu
1172 1466 104 22 environ
1295 1466 52 22 huit
1358 1466 66 20 cents
1439 1463 90 23 Corses

1055 1499 54 22 tués
1118 1505 32 16 ou
1158 1499 101 22 blessés.

1084 1532 66 23 Dans
1157 1534 23 21 la
1189 1534 111 26 position
1310 1539 45 22 que
1369 1532 110 28 j’occupe
1493 1532 35 21 les

1055 1567 161 22 subsistances
1224 1569 62 20 vont
1298 1566 99 22 devenir
1407 1566 59 21 bien
1474 1567 54 26 plus

1054 1599 82 23 faciles
1146 1602 26 20 et
1186 1601 40 21 les
1236 1601 90 21 mulets
1347 1605 45 22 que
1407 1599 50 29 j’ai,
1481 1599 47 22 n’é-

1053 1636 52 21 tant
1134 1635 54 26 plus
1215 1633 105 29 occupés
1340 1633 14 22 à
1376 1640 32 15 un
1434 1633 94 22 service

1054 1668 122 21 continuel
1187 1667 146 27 d’artillerie,
1340 1669 115 26 pourront
1464 1667 64 22 suffi-

1054 1708 27 15 re
1092 1707 47 16 aux
1147 1701 175 22 distributions.

1081 1735 28 26 Je
1120 1735 51 22 vais
1193 1735 140 28 m’occuper
1351 1741 59 16 avec
1428 1736 24 21 le
1473 1735 55 27 plus

1053 1769 77 28 grand
1136 1769 54 22 soin
1213 1769 31 21 de
1248 1768 32 23 Ta
1299 1768 75 29 partie
1396 1769 44 24 fies
1458 1767 70 30 hôpi-

1053 1804 66 20 taux.
1132 1802 66 23 Nous
1204 1808 109 17 sommes
1324 1803 57 21 dans
1389 1803 25 21 le
1421 1804 107 22 moment

1053 1837 24 21 le
1088 1837 53 27 plus
1159 1837 103 27 critique
1276 1843 62 21 pour
1354 1837 44 21 les.
1411 1836 116 24 maladies

1054 1870 41 28 qui
1107 1872 37 20 est
1159 1871 24 21 le
1200 1876 103 22 passage
1315 1871 29 21 de
1366 1869 55 23 l'été
1441 1870 14 22 à
1472 1870 55 22 l’au-

1053 1906 90 20 tomne.
1151 1902 70 23 Nous
1233 1909 79 17 avons
1320 1910 46 15 une
1377 1903 109 28 quantité
1493 1904 34 22 .de

1053 1938 113 21 malades.
1179 1937 69 22 Nous
1265 1938 78 21 allons
1366 1938 58 21 faire
1442 1937 85 22 évacu-

1054 1977 27 16 er
1092 1970 13 22 à
1118 1971 65 22 force
1201 1971 113 28 l’hôpital
1340 1970 30 23 dë
1392 1971 136 23 St-Florent

1054 2010 41 16 sur
1103 2004 79 22 Bastia
1193 2005 33 20 où
1241 2005 19 20 il
1267 2010 18 20 y
1296 2011 13 14 a
1321 2005 54 21 bien
1387 2006 56 25 plus
1453 2005 74 21 d’em-

1053 2038 146 27 placements
1208 2039 26 20 et
1245 2038 19 21 il
1275 2043 19 23 y
1302 2044 14 15 a
1327 2038 47 21 lieu
1388 2038 31 21 de
1442 2037 84 28 présu-

1053 2073 52 20 mèr
1116 2077 46 21 que
1177 2071 55 22 d'ici
1244 2070 15 23 à
1271 2072 85 27 quinze
1367 2077 31 16 ou
1408 2072 43 21 dix
1474 2071 52 22 huit

1050 2105 69 28 jours
1125 2105 35 21 les
1168 2105 123 25 .maladies
1314 2108 80 19 seront
1422 2106 104 21 entière-

1052 2141 67 19 ment
1127 2137 104 23 cessées.

1080 2177 27 27 Je
1119 2178 50 21 suis
1178 2183 60 16 avec
1249 2185 33 15 un
1294 2181 92 25 respect
1396 2178 68 23 infini

1074 2239 46 18 3648
1127 2249 21 3 —
1153 2239 75 18 Recueil
1243 2241 35 17 des
1303 2241 62 18 lettres
1381 2241 102 19 Officielles
1502 2243 24 17 de

1052 2267 42 18 MM.
1100 2268 24 17 de
1132 2267 102 19 Cbauveliu
1249 2270 112 17 concernant
1367 2269 18 18 la
1402 2269 56 19 Corse
1478 2274 47 18 pen-

1051 2295 45 18 dant
1103 2296 28 17 les
1136 2295 10 18 4
1153 2296 87 18 derniers
1247 2297 49 18 mois
1302 2296 24 19 de
1334 2297 69 18 l’année
1410 2297 51 19 1768.

1064 2420 21 38 0
1110 2432 33 26 sa
1162 2423 79 45 justu
1242 2448 34 11 •••
1303 2435 18 25 a
1341 2424 45 36 chi
1408 2426 83 36 tocca
1503 2425 11 36 1

1079 2506 88 22 Pm*inu
1189 2507 32 22 ha
1239 2509 117 21 sett’anni.
1380 2509 145 23 Turiecioltu

1051 2539 121 22 buttacutu
1183 2547 68 16 cume
1261 2549 32 14 un
1301 2543 223 28 caratellu.Mirallu,

1050 2573 86 26 sealzu,
1157 2575 189 27 sgamberittatu,
1364 2582 28 16 eu
1413 2584 14 15 e
1443 2584 82 23 zampe

1050 2606 124 29 sgKsgiate
1179 2615 7 19 ;
1196 2615 30 15 eu
1238 2608 8 21 i
1267 2609 90 25 çaizoni
1374 2610 85 23 sfittati
1469 2611 29 22 da
1516 2612 9 22 i

1050 2640 69 29 pruni
1127 2646 6 20 ;
1143 2646 15 15 a
1170 2641 114 29 camisgia
1292 2643 130 30 strughiata
1441 2645 30 22 da
1483 2645 42 23 l’o-

1049 2680 29 15 ru
1089 2673 157 30 cbiaràsginu,
1259 2682 14 15 e
1288 2682 67 16 mane
1366 2677 119 30 impigiate
1500 2679 25 22 di

1051 2713 64 15 more
1124 2713 13 16 e
1149 2714 16 15 u
1178 2709 129 22 mostaceiu
1323 2709 88 24 filicatu
1418 2711 24 22 di
1450 2713 75 22 moeci

1050 2740 79 21 seechi
1139 2747 13 14 e
1169 2741 23 22 di
1203 2742 100 22 succbiu
1320 2743 23 21 di
1355 2743 73 24 frulta
1436 2753 8 19 ;
1468 2753 29 14 eu
1516 2747 9 20 i

1050 2773 95 29 pinnoni
1166 2775 75 29 zeppi,
1266 2775 89 30 longhi,
1375 2778 103 28 mcii-liti,
1491 2780 34 21 in-

1049 2807 99 28 guarati.

1078 2840 20 21 O
1108 2840 37 23 chi
1157 2841 72 23 eiuffa
1240 2843 6 21 !
1268 2843 27 22 In
1305 2846 36 19 sla
1353 2845 104 23 macchia
1470 2846 53 23 reti-

1049 2880 58 15 nosa
1120 2881 29 15 un
1168 2875 21 22 ci
1213 2875 104 24 abburrà
1336 2884 82 17 mancu
1432 2886 16 16 u
1460 2879 62 25 fôcu,

1049 2907 47 22 mol
1099 2910 24 19 tu
1134 2909 43 28 più
1186 2916 15 15 u
1211 2910 97 28 pettirie.
1318 2911 20 22 A
1353 2912 51 22 ch’è
1415 2916 84 20 nentru
1509 2916 14 20 è

1049 2943 90 25 nentru,
1158 2949 14 15 a
1184 2943 51 22 cli’è
1244 2943 53 22 fora
1306 2946 14 20 è
1331 2945 49 23 fòra
1390 2947 6 20 !

1077 2974 100 28 Purfine,
1190 2983 14 15 a
1217 2982 110 22 mamnia,
1340 2986 31 15 un
1383 2980 39 22 bel
1439 2981 84 28 ghior-

1048 3007 88 27 nufi’ha
1142 3009 142 28 gbiustratu.
1298 3011 28 26 E,
1338 3012 24 22 in
1374 3014 146 29 culipippuli,

1045 3047 17 16 a
1073 3048 16 15 u
1101 3041 84 28 fi-escu,
1195 3049 15 16 a
1222 3050 13 15 e
1253 3043 109 30 lusinghe
1374 3046 17 22 li
1404 3047 61 23 ealfa
1480 3048 42 22 l’u-

1046 3081 54 22 gne.
1117 3074 67 29 Mira,
1207 3077 109 29 ehiappa,
1329 3079 110 30 inciacca,
1454 3082 68 29 petti-

1047 3108 92 29 neghia,
1153 3110 77 29 coglie
1239 3111 25 21 in
1274 3112 89 22 rembiu
1369 3120 12 15 e
1392 3115 72 28 quelli
1472 3122 50 15 cor-

1047 3141 22 21 ci
1081 3141 106 24 falavanu
1210 3150 69 16 cume
1290 3151 15 16 a
1314 3146 104 29 randina,
1429 3149 90 27 niricci,

1046 3174 137 29 grisgiogni,
1210 3177 104 28 ranfluti,
1340 3182 179 27 aggrombulati,

1047 3207 89 28 neschi,
1143 3211 140 28 aceoppiati,
1291 3211 116 25 sbrancali
1413 3215 26 22 in
1444 3215 77 29 quella

1046 3240 96 23 scofana
1155 3242 91 29 tigluita
1259 3248 69 19 cüme
1336 3247 89 22 semula
1431 3249 89 22 urzina.

1046 3273 40 23 Ma
1097 3281 14 14 a
1123 3275 109 28 pacienza
1250 3285 88 22 scappa
1353 3286 58 16 ancu
1430 3289 15 14 a
1466 3282 55 22 l’an-

1045 3307 76 28 ghiuli
1134 3314 12 16 e
1167 3311 30 26 pò
1220 3311 75 22 vulite
1317 3312 106 25 ch’ell’un
1445 3322 76 23 venga

1046 3343 66 19 corta
1124 3347 14 15 a
1145 3341 89 24 Purinu
1243 3345 14 21 ?

1076 3373 43 21 Cio
1131 3374 38 21 ehi
1189 3376 23 21 ci
1223 3378 68 21 volse
1310 3385 14 14 a
1335 3380 76 21 tenelu
1432 3388 15 15 a
1462 3388 59 22 capu

1046 3405 79 22 calatu
1139 3413 31 14 un
1187 3407 25 22 la
1231 3412 27 20 s>à
1278 3411 45 22 che
1344 3418 15 14 u
1373 3413 95 28 signore
1482 3421 13 14 e
1506 3423 15 14 a

1047 3444 110 16 mamnia.

1075 3469 35 22 Fu
1119 3475 86 23 quanle
1217 3476 130 29 capivoglie
1359 3483 30 16 un
1402 3481 61 20 loru.

1076 3502 37 21 Un
1120 3503 25 21 fu
1157 3504 44 22 che
1213 3513 28 16 eu
1250 3515 14 15 a
1276 3510 105 21 cosaecia
1398 3511 24 22 di
1435 3519 14 14 u
1458 3513 62 22 sollu

1047 3535 39 20 chi
1095 3537 92 22 tantu...

1106 3567 26 22 Si
1139 3570 48 21 tuti
1196 3571 57 24 lesci
1266 3575 112 28 pettinà,u
1391 3577 47 22 niiò
1446 3577 75 30 fìgliò-

1045 3600 34 26 lu,
1093 3600 17 21 ti
1120 3601 113 30 deraghiu
1245 3607 42 22 dui
1298 3607 64 22 solli.
1371 3608 28 22 Ti
1415 3617 106 16 necom-

1045 3633 77 28 prerai
1131 3636 65 21 tanle
1202 3637 172 32 chiàppellette.
1384 3642 20 21 E
1413 3643 108 28 po’dare-

1046 3668 26 19 tu
1123 3674 29 15 un
1166 3668 22 22 la
1205 3677 37 15 sai
1248 3672 14 21 ?
1268 3685 31 4 —
1313 3680 14 15 a
1338 3673 30 22 da
1376 3674 9 29 j
1389 3682 62 22 ugne
1461 3684 17 14 u
1495 3680 24 19 to

1043 3700 40 22 ziu
1092 3701 30 21 da
1132 3702 108 29 culandi;
1253 3713 84 15 mancu
1350 3713 14 15 e
1370 3708 46 23 rise
1425 3710 69 23 s’ellu
1502 3712 18 21 li

1565 131 98 22 trovassi
1679 131 69 28 pienu
1764 129 23 21 di
1799 128 108 29 pidocchj
1919 128 6 21 !
1938 127 34 21 Or
1988 125 48 25 alô,

1564 164 70 22 leseia
1643 164 22 21 fà
1675 163 51 22 ch’a
1736 161 109 23 momenti
1855 161 17 21 ti
1884 160 92 28 cappiu.

1592 193 137 23 Seozzulatu
1745 191 82 23 ch’ellu
1846 191 26 21 fù
1882 198 6 14 :

1590 239 29 5 —
1623 227 54 25 Alô,
1688 225 84 22 damnii
1784 224 21 21 si
1817 223 41 22 dui
1867 222 53 22 solli
1932 223 5 20 !

1591 272 29 5 —
1627 260 32 26 Ié,
1670 261 14 20 ò
1698 265 63 19 caru,
1771 257 37 22 bai
1824 263 89 22 puru...
1935 254 37 22 chi
1988 254 7 21 i
2016 254 17 21 ti

1563 293 121 28 deraghiu.

1590 338 32 5 —
1627 325 38 22 Ma
1678 332 28 15 eo
1716 325 7 21 i
1731 323 78 30 vogliu
1818 324 71 20 avà...
1912 321 72 22 micca
1996 319 37 23 vai

1563 366 59 23 puru
1630 359 6 21 !

1590 405 28 4 —
1626 392 28 22 Ti
1667 392 55 21 dieu
1734 390 59 23 ch’iô
1806 390 7 21 i
1828 389 20 22 li
1860 386 139 30 deraghiu...
2012 385 21 22 O

1561 426 48 22 vòli
1629 426 63 21 forse
1716 424 60 22 ch’iô
1792 424 7 21 i
1813 422 74 22 faccia
1899 420 82 30 qui...i
1993 419 39 21 dui

1561 459 54 22 solli
1624 459 13 22 ?
1652 458 46 23 Alô
1716 465 15 14 u
1746 457 125 25 mi’astutu,
1891 454 20 22 si
1924 452 107 30 t’aspetli,

1561 491 136 30 diceraghiu
1714 498 14 15 a
1749 497 15 15 u
1776 492 23 19 to
1819 489 37 21 ziu
1869 487 84 23 ch’ellu
1971 486 18 22 ti
2003 492 29 15 ne

1561 526 38 21 dia
1607 527 102 27 quallru.
1722 524 25 21 Si
1761 525 109 20 cuntentu
1882 522 13 21 ?

1588 571 29 3 —
1628 558 57 21 Innô
1696 557 7 22 !
1728 556 67 23 umbè
1803 556 6 22 !
1826 555 69 22 ch’un
1916 555 27 21 sô
1958 553 73 22 micca

1560 594 119 19 cuntentu.
1702 589 75 28 Quelli
1792 589 24 22 di
1827 588 39 22 ziu
1876 587 84 23 ch’ellu
1978 586 8 22 i
2009 585 21 22 si

1562 625 72 22 faccia
1643 624 90 22 colla...
1741 623 50 26 Eo,i
1806 622 63 25 mei,i
1884 620 79 29 vogliu
1977 621 52 24 avà;

1560 665 14 15 o
1586 659 94 21 sinnò...
1695 656 95 23 rendimi
1801 657 7 20 i
1829 661 38 16 mo
1881 654 93 29 pidochj
1987 653 5 20 !

1799 688 32 22 A.
1841 688 29 21 F.
1883 686 117 23 Tristani.

1586 829 186 48 Mudestia
1785 843 21 33 e
1824 826 179 61 Orgogliu

1720 967 46 18 Caru
1775 966 94 21 Direllore,

1580 998 59 23 Pregu
1648 997 18 18 la
1674 998 64 18 Muvra
1746 997 41 18 d'un
1798 1001 37 14 esse
1841 998 65 21 troppu
1913 1000 66 16 severa,

1580 1025 36 19 Per
1624 1031 11 12 a
1643 1026 38 18 miò
1687 1025 83 24 filosofia
1776 1030 12 12 a
1796 1025 45 22 pian
1850 1024 21 18 di
1878 1026 54 16 terra.

1579 1055 14 17 A
1602 1053 83 19 MUVRA
1695 1053 31 18 chi
1732 1053 18 18 si
1758 1055 37 16 lene
1800 1053 19 17 in
1825 1052 26 18 du
1860 1051 49 19 l'aile
1917 1051 45 18 cime

1604 1083 28 16 un'
1635 1080 38 19 bôle
1676 1086 36 18 per
1717 1085 19 13 so
1744 1080 39 18 cibu
1793 1080 50 18 basse
1852 1079 52 19 rime.

1579 1110 31 17 Ma
1618 1109 28 18 sia
1653 1108 64 23 sudisf
1716 1110 43 19 alla,
1764 1113 41 12 cura
1814 1107 110 18 Muvrarella
1930 1113 8 11 :

1579 1137 48 18 :\”un
1634 1139 25 21 pù
1666 1136 62 18 dàche
1734 1135 65 19 cioc'ha
1808 1135 18 18 la
1831 1135 34 23 più
1874 1134 46 19 bellu
1928 1134 68 19 zilella.

1770 1171 15 15 %
1798 1171 16 15 «

1783 1191 17 14 *

1578 1218 67 18 Àvanti
1656 1223 11 12 a
1677 1218 69 17 venuta
1754 1218 19 17 di
1783 1222 12 13 u
1804 1217 74 20 Messîa,

1578 1246 35 17 Per
1617 1245 67 19 finisce
1691 1245 68 23 l’opéra
1764 1245 110 21 universale,

1579 1274 15 18 U
1600 1275 89 20 creatore,
1698 1273 49 18 forse
1754 1277 32 19 per
1791 1273 79 18 bizzaria
1875 1273 9 18 ?

1579 1302 44 18 Fece
1631 1302 20 18 lu
1659 1302 23 18 bè
1688 1306 11 14 e
1708 1302 56 18 misse
1771 1303 76 17 accantu
1858 1302 20 17 lu
1885 1301 53 18 male.

1578 1329 44 19 Cusi
1631 1329 20 19 fù
1659 1330 85 22 previstu
1752 1330 18 17 in
1778 1330 30 17 d’a
1816 1331 75 20 natura;

1577 1359 52 17 Ancu
1638 1358 107 22 l’orgogliu,
1753 1358 113 17 chiucarellu
1875 1362 11 13 e
1895 1357 98 21 misebinu,

1577 1385 121 21 A'mudestia,
1708 1385 62 18 nobile
1776 1387 91 19 creatura,

1577 1413 20 18 Li
1607 1413 57 18 fubbe
1672 1414 55 21 postu
1735 1413 48 17 bellu
1793 1412 69 18 vicinu.

1577 1469 50 23 Dòpu
1637 1469 35 18 avè
1679 1470 63 17 creatu
1753 1469 42 18 tutti
1804 1468 101 19 l’elemeuti

1577 1498 45 18 Fece
1630 1498 57 17 l’ômu
1693 1501 11 14 e
1713 1498 18 17 la
1739 1498 60 17 donna
1804 1502 11 13 a
1822 1501 22 14 so
1856 1497 86 21 ridrattu,

1577 1525 14 19 E
1596 1530 33 18 per
1634 1526 71 18 rendeli
1710 1525 49 19 felici
1763 1530 10 13 e
1779 1526 91 21 cuntenti,

1578 1554 25 18 Lu
1612 1554 87 23 paradisu
1706 1555 88 17 terrestru
1803 1554 15 18 li
1823 1554 21 18 fu
1852 1554 55 18 fattu.

1578 1588 10 11 «
1593 1582 43 23 Apri
1645 1582 73 23 l’occhi,
1724 1583 76 21 Adamu,
1806 1582 27 18 sià
1839 1582 97 23 prudente,

1576 1610 40 19 Nun
1626 1611 18 17 fà
1651 1610 80 19 scimitai
1737 1614 36 14 eun
1777 1610 87 23 Orgogliu
1869 1610 5 18 !

1576 1638 34 18 Chi
1617 1640 20 17 to
1644 1643 42 14 cara
1695 1639 38 18 Eva
1738 1643 38 14 nun
1785 1639 20 17 lu
1811 1639 36 17 stia
1857 1643 11 13 a
1874 1640 59 19 sente,

1576 1666 189 19 Alcunamiciziacun
1772 1667 38 18 ellu
1819 1667 45 18 n’un
1873 1666 57 19 bôliu.

1576 1723 34 18 Per
1616 1723 69 18 ch’Eva
1692 1723 109 19 malinconia
1807 1724 44 18 n’un
1860 1723 45 23 pigli

1575 1751 21 18 Li
1607 1752 69 17 mandu
1682 1756 38 13 una
1725 1756 44 18 gran
1775 1752 53 18 bertù
1835 1757 6 13 :
1856 1752 18 17 la
1882 1752 90 18 Mudestia

1576 1779 48 18 Bella
1633 1779 22 22 si,
1665 1780 110 22 maquandu
1786 1780 40 18 cala
1834 1780 16 18 li
1857 1780 47 22 cigli

1576 1806 58 23 Speru
1642 1808 14 18 li
1662 1808 105 22 piacerasta
1775 1808 110 23 cumpagnia

1575 1834 53 20 Ch’iô
1636 1836 49 18 créai
1691 1836 113 22 perfiurisce
1812 1837 18 17 la
1835 1838 67 16 natura

1576 1863 20 18 Di
1603 1868 30 13 me
1637 1865 62 17 stessu
1707 1868 12 14 e
1726 1864 17 18 la
1754 1865 40 17 luce
1802 1865 120 22 splendurosa

1575 1887 42 22 Èda
1629 1892 18 18 la
1654 1892 85 22 sapienza
1753 1893 18 17 in
1778 1897 21 13 so
1807 1895 76 20 propria
1890 1894 21 21 pi
1914 1894 57 21 ttura,

1575 1920 21 17 Di
1602 1920 61 22 grazia
1668 1918 62 24 pieha,
1736 1921 51 18 dolce
1792 1925 11 14 e
1811 1925 93 15 amurosa.

1575 1971 15 22 È
1598 1981 38 13 unu
1642 1976 19 18 di
1669 1976 15 18 li
1692 1976 43 18 fiori
1744 1977 19 18 di
1771 1977 18 18 la
1797 1982 70 13 curona

1574 2003 52 18 Ch’iô
1631 2004 74 18 destinu
1713 2009 33 17 per
1756 2005 33 22 più
1797 2006 47 17 tardi
1855 2011 11 12 a
1871 2006 56 17 Maria

1574 2030 40 23 Chi,
1623 2036 56 13 cume
1686 2032 63 21 credu,
1758 2033 57 18 seràa
1823 2034 20 17 tò
1854 2034 81 21 padrona

1573 2058 65 23 Quând
1640 2059 18 18 "E
1658 2064 25 13 va
1690 2060 15 18 ti
1712 2061 111 18 manderàin
1831 2061 86 18 malavia.

1574 2086 26 19 Or
1606 2087 17 18 si
1629 2088 75 18 avisatu
1712 2090 11 16 e
1732 2089 67 22 qüestu
1803 2089 16 18 ti
1830 2089 44 18 dieu
1880 2095 6 12 :

1573 2115 89 18 Guardati
1672 2117 24 17 da
1705 2115 88 24 Orgogliu
1800 2118 150 22 pretinziunosu,

1573 2143 53 18 Fiatu
1634 2144 20 17 di
1662 2143 107 24 Satanassu,
1775 2146 38 17 miô
1818 2146 78 22 nimicu,

1573 2166 16 23 È
1593 2172 76 18 l’essere
1673 2172 82 23 ingratu,
1762 2173 49 18 falzu
1819 2179 12 12 e
1839 2174 76 18 ritrosu.

1573 2227 66 24 Sappia
1651 2229 52 18 eh'iò
1718 2230 86 23 seraghiu
1814 2235 56 14 senza
1884 2231 128 22 cumpassione
2018 2237 6 17 ;

1573 2255 37 19 S’iô
1618 2257 17 17 ti
1640 2257 55 18 missi
1700 2262 15 13 u
1723 2257 23 19 bè
1753 2259 75 18 accantu
1834 2264 12 13 a
1858 2264 14 13 u
1878 2260 49 17 male

1573 2284 23 18 Ti
1604 2285 49 18 dédu
1667 2288 35 19 per
1714 2286 113 23 distinguelu
1835 2292 12 13 a
1852 2287 82 23 ragiohe,
1937 2292 7 3 '

1573 2311 26 19 Or
1605 2313 18 17 si
1630 2314 22 17 tu
1663 2313 27 18 mi
1696 2314 80 23 manchi,
1782 2319 55 14 scusa
1846 2321 41 13 nun
1901 2316 48 22 baie,

1572 2341 56 18 Aitru
1635 2342 47 17 n’un
1692 2342 17 18 ü
1717 2342 93 20 dumandu
1818 2348 22 13 ca
1852 2344 111 18 obbedienza
1972 2350 6 16 ;

1574 2367 31 19 Sia
1612 2369 58 18 umile
1679 2374 35 18 per
1726 2371 51 22 piace
1786 2376 12 13 a
1805 2372 99 22 Mudestia,

1573 2396 99 23 Ungüastà
1679 2398 20 18 la
1705 2399 19 17 tô
1729 2400 50 17 sorte
1786 2404 33 18 per
1828 2401 128 22 imprudenzaj

1572 2424 48 19 N’un
1628 2426 58 23 piglià
1692 2426 88 24 Orgogliu
1787 2432 34 18 per
1828 2429 20 17 to
1863 2429 115 22 cumpagnia.
1990 2435 9 12 s

1573 2481 28 18 Nè
1607 2482 84 19 mihaceé
1698 2483 25 18 nè
1731 2484 79 23 cunsigli
1821 2490 40 13 nun
1869 2485 18 18 ci
1896 2486 53 18 vaîze

1573 2508 78 23 Qualchi
1663 2511 65 22 tempu
1737 2512 54 22 dôpuj
1804 2513 45 22 Eva,
1859 2514 136 24 l’imprudente,

1573 2537 21 18 Si
1601 2538 57 18 lasciò
1662 2539 56 18 burià
1726 2544 36 14 cun
1772 2542 88 21 parabule
1868 2542 53 23 falze,

1573 2565 78 20 Suffiate
1657 2567 25 18 da
1688 2566 88 25 Orgogliu
1781 2574 12 13 e
1801 2570 24 17 da
1831 2575 15 13 u
1852 2570 89 23 Sarpente
1946 2576 7 18 ;

1572 2594 131 20 Anch’Adamu
1709 2597 88 18 caschede
1803 2598 22 18 in
1830 2596 117 22 duTérrore.

1572 2622 59 23 Dipôi,
1636 2623 96 24 Orgogliu,
1745 2625 65 22 gonfiu
1816 2627 33 22 più
1857 2627 31 18 del
1898 2632 58 18 mare,

1572 2650 70 19 Contru
1650 2652 21 17 la
1678 2653 93 18 mudestia
1777 2654 60 23 pigliô
1844 2655 66 23 vigore
1915 2661 7 18 ;

1573 2678 27 18 Fù
1612 2683 34 18 per
1653 2680 98 19 l’umanità
1758 2686 25 13 un
1794 2683 53 18 brutt
1852 2683 65 18 affare.

1572 2734 17 18 U
1594 2736 87 22 creatore,
1688 2736 22 17 in
1714 2737 60 18 colara
1781 2739 19 17 si
1808 2739 45 22 mai,

1573 2762 63 19 Lasciô
1642 2765 50 17 tuttu
1697 2764 20 17 in
1722 2766 55 21 preda
1784 2771 11 12 a
1800 2767 18 17 la
1825 2769 74 21 natura,

1572 2789 115 20 Suminendu
1695 2792 21 18 in
1726 2794 48 17 terra
1780 2795 74 19 miserie
1861 2800 11 14 e
1879 2796 43 23 guai

1572 2818 35 18 Per
1620 2820 72 23 castigu
1703 2821 20 17 di
1733 2821 84 24 l’ingrata
1825 2827 85 15 creatura
1918 2830 5 13 :

1574 2852 9 11 «
1595 2848 20 17 la
1621 2849 52 17 tantu
1683 2849 49 18 ch’iô
1739 2851 61 18 maadi
1815 2856 12 14 u
1842 2857 46 18 gran
1901 2853 98 23 salvatore,

1572 2875 32 17 î=tà
1613 2880 12 13 a
1635 2878 60 21 sente,
1709 2877 72 24 Natura,
1789 2880 61 18 cioehi
1863 2881 23 17 da
1900 2880 18 19 tè
1929 2881 53 18 boliu
1989 2887 5 13 :

1571 2901 71 24 Çastica
1652 2905 45 18 tutti
1706 2907 57 20 quelli
1771 2911 54 15 senza
1837 2908 72 22 timoré,

1572 2931 30 17 Bai
1607 2934 60 20 sopr’a
1675 2935 50 17 terra
1732 2938 11 14 e
1748 2934 18 18 fà
1771 2937 119 23 stambogliu.

1570 2987 12 17 1
1586 2989 34 17 utti
1626 2989 100 19 l’elementi
1736 2992 164 23 t’obbedisceranu,

1570 3015 27 18 Ne
1602 3017 30 21 poi
1638 3018 78 22 dispone
1721 3023 10 14 a
1741 3021 20 16 to
1769 3020 84 24 fantasia,

1569 3044 17 17 A
1596 3046 18 16 to
1620 3047 93 17 cumandu
1720 3047 10 17 è
1740 3052 12 13 u
1760 3052 69 18 genaru
1839 3054 69 14 umanu

1570 3071 34 18 Chi
1613 3073 103 24 t’assiguru
1724 3076 89 22 un’èqual
1822 3078 93 23 bogliasia
1923 3084 5 16 ;

1569 3099 77 24 L’aghiu
1652 3106 34 18 per
1692 3103 36 17 ella
1737 3104 62 22 dighià
1806 3105 35 18 ben
1848 3106 95 22 casticatu,

1569 3128 36 18 Per
1615 3134 26 13 un
1648 3130 37 18 avè
1692 3134 95 16 osservatu
1796 3133 6 18 i
1812 3134 38 18 miô
1858 3135 54 22 patti,

1569 3156 26 17 Da
1603 3161 12 13 u
1621 3158 42 18 lòcu
1672 3158 61 22 felice,
1745 3160 68 22 l'aghiu
1824 3162 91 18 scacciatu
1921 3168 6 17 ;

1569 3184 39 18 Avà
1614 3190 20 13 m
1636 3186 80 22 insulta,
1729 3187 19 18 in
1755 3188 45 18 detti
1808 3190 49 17 ed’in
1864 3190 43 18 fatti
1915 3191 4 17 !

1570 3240 93 19 Ricordati
1674 3242 31 18 chi
1714 3243 55 18 l’ùmu
1779 3244 12 18 è
1802 3245 105 23 vituperatu
1914 3247 4 17 !

1569 3268 57 19 Tante
1633 3270 80 18 bellezze
1723 3271 31 18 chi
1761 3276 32 17 per
1800 3273 40 19 ellu
1849 3274 77 18 créai....

1569 3295 90 21 Purtantu
1671 3298 17 18 si
1696 3300 71 18 mustrô
1775 3302 41 17 cusi
1825 3302 96 23 ingratu...

1569 3323 87 25 Orgogliu
1664 3326 12 18 è
1683 3330 56 15 causa
1746 3328 19 18 di
1771 3329 15 18 li
1794 3333 22 15 so
1827 3331 43 22 guai
1878 3336 5 16 ;

1569 3348 15 21 È
1589 3355 49 16 statu
1644 3358 105 18 prevenutu
1761 3360 10 14 e
1778 3362 11 12 a
1796 3359 51 21 sapia

1569 3379 34 18 Chi
1612 3382 64 20 queliu
1683 3386 33 13 era
1726 3387 12 12 u
1745 3384 32 21 più
1784 3385 65 18 bruttu
1856 3386 66 18 difettu
1928 3392 6 15 ;

1569 3406 28 18 Un
1602 3408 41 18 avia
1648 3409 36 17 che
1691 3413 11 13 a
1715 3410 29 17 stà
1750 3414 35 15 cun
1793 3412 95 23 Modestia,

1569 3434 68 21 Questa
1642 3437 55 17 vertù
1708 3437 83 23 degnadi
1801 3441 124 19 t’ant’affettu.

1569 3491 26 18 Or
1602 3492 65 19 ch’ella
1673 3498 12 13 a
1692 3495 20 16 si
1720 3494 72 23 chiappî
1799 3496 40 19 Eva
1846 3502 37 14 cun
1891 3499 73 18 Adamu
1968 3500 6 18 !

1568 3519 30 18 Ma
1605 3521 24 21 pè
1634 3527 9 11 1
1651 3522 116 18 discendénti
1772 3525 57 21 aghiu
1838 3528 136 22 cumpassione,

1569 3547 38 18 Chi
1610 3549 24 17 tu
1641 3549 30 17 sia
1680 3550 66 21 troppu
1755 3555 64 15 severa
1826 3555 47 16 n’un
1880 3554 74 24 bramu,

1568 3573 56 20 Saly&
1631 3580 21 13 se
1660 3577 23 16 tu
1690 3577 32 21 pôi
1728 3581 12 13 a
1748 3582 21 13 so
1776 3581 126 20 generazione.

1569 3601 47 19 Ghiè
1623 3608 33 17 per
1664 3606 70 19 questu
1742 3605 47 19 ch’iô
1794 3607 16 17 ti
1814 3609 69 18 mandu
1892 3614 54 18 sopra
1959 3612 49 17 terra

1567 3629 37 18 Per
1610 3635 12 13 a
1631 3633 117 16 venerazion’
1757 3633 19 18 di
1783 3634 93 20 Mudestia

1567 3657 71 19 Mentre
1643 3659 41 18 ch’a
1691 3659 88 23 Orgogliu
1785 3663 17 17 si
1807 3663 41 18 fera
1854 3665 19 17 la
1879 3666 73 21 guerra!

1567 3685 18 18 A
1593 3686 67 23 l’opéra
1666 3688 5 18 !
1679 3688 42 18 cusi
1728 3687 55 24 bôliu,
1792 3692 41 17 cusi
1838 3692 35 18 sià!

1754 3722 19 19 U
1780 3724 102 20 Vecchîu
1893 3726 104 21 Sindacn.

2117 129 122 48 Fleuve
2259 127 46 47 de
2325 127 93 61 Sang
2434 133 46 60 (I)

2089 277 72 22 Voici
2178 277 76 21 trente
2271 281 43 16 ans
2337 275 100 30 bientôt,
2457 282 19 26 J.
2496 288 16 22 g

2061 311 121 27 Marcaggi
2194 309 76 22 faisait
2282 309 101 28 paraître
2398 316 32 17 un
2449 307 71 40 singu’

2059 344 46 22 lier
2115 344 61 27 petit
2184 343 94 21 volume
2292 348 6 15 :
2319 342 92 23 Fleuve
2425 345 31 23 de
2464 349 60 31 Saug

2060 377 45 21 Pas
2116 376 99 22 l’ombre
2227 375 128 26 d’intrigue
2364 378 24 19 et
2399 383 125 29 cependant

2058 410 108 22 l’édition
2177 414 71 22 parue
2264 408 58 21 chez
2337 408 82 24 Perrin
2434 412 14 22 à
2464 415 59 29 Parjs

2058 443 36 22 fut
2106 441 96 29 épuisée
2211 441 156 28 rapidement.

2086 483 44 21 Les
2143 480 85 23 années
2242 482 44 20 ont
2306 481 78 27 passé,
2401 485 122 32 enfonçant

2057 517 61 20 dans
2135 514 80 23 l’oubli
2232 514 42 21 des
2292 514 139 24 multitudes
2448 519 30 22 de
2488 529 35 18 ro-

2057 555 77 20 mans,
2147 550 25 20 et
2181 548 22 22 le
2215 547 59 28 petit
2282 548 64 21 livre
2357 548 31 21 de
2396 549 125 37 Marcaggj}

2057 581 103 24 réclamé
2179 582 29 21 de
2232 584 67 19 toute
2320 585 59 24 part,
2398 582 125 34 réapparaît

2057 617 59 21 dans
2126 622 25 15 sa
2158 616 118 27 puissante
2285 615 102 22 verdeur
2396 616 5 21 !

2085 655 24 22 Si
2123 654 22 23 lé
2155 658 75 24 temps
2239 655 37 21 n'a
2288 655 70 26 point
2370 655 98 26 affaiblit
2475 661 47 25 l’in.

2056 688 61 22 térêt
2132 688 29 21 de
2173 687 97 22 l'oeuvre
2291 687 117 22 n'est-elle
2425 693 66 24 point
2502 698 20 23 la

2056 728 91 22 preuve
2174 721 102 22 certaine
2307 721 85 28 qu’elle
2426 728 96 25 possède

2055 761 96 16 comme
2170 755 34 22 les
2218 761 96 15 oeuvres
2328 755 30 21 de
2376 755 49 23 réel
2445 760 68 27 talent

2055 791 54 20 tout
2127 788 93 22 l’attrait
2231 789 31 20 du
2276 789 52 21 vrai
2341 791 24 19 et
2377 789 31 21 du
2418 790 58 25 beau

2084 829 64 26 Quel
2163 834 76 16 roman
2252 828 73 21 serait
2346 829 62 21 aussi
2420 834 100 25 passion-

2056 865 57 19 nant
2123 868 45 22 que
2174 868 14 15 «
2193 861 91 22 Fleuve
2288 861 33 22 de
2326 861 68 27 Sang
2399 869 15 15 »
2420 864 13 20 ?

2084 901 35 22 Ce
2138 901 59 22 n’est
2225 902 51 27 plus
2301 901 44 21 des
2363 907 155 28 personnages

2056 935 130 26 fantoches,
2202 935 59 22 mais
2282 935 43 21 des
2348 936 62 21 êtres
2431 938 87 28 vivants

2055 972 23 19 et
2088 970 124 27 agissants.
2221 980 27 4 —
2258 968 40 22 On
2306 968 81 23 frémit
2401 976 59 17 avec
2469 979 41 19 eux

2055 1009 31 15 on
2100 1005 94 25 partage
2202 1003 61 21 leurs
2271 1002 125 28 angoisses
2408 1006 51 21 et...
2471 1013 47 18 ose-

2055 1037 67 27 rai-je
2142 1037 23 21 le
2182 1037 91 21 dire?...
2294 1042 31 15 on
2339 1036 42 23 fait
2396 1037 43 22 des
2451 1046 68 20 voeux

2054 1071 96 21 ardents
2158 1076 59 21 pour
2228 1076 45 21 que
2289 1071 32 20 tel
2337 1071 81 22 bandit
2438 1077 30 18 né
2483 1077 36 26 pé-

2054 1105 60 21 risse
2127 1105 67 27 point
2213 1109 55 16 sous
2280 1104 35 21 les
2328 1104 74 22 balles
2415 1106 42 22 des
2467 1114 51 22 gen-

2053 1138 95 22 darmes
2160 1138 5 21 !
2176 1138 32 22 !...

2082 1177 146 28 Cependant,
2242 1177 120 29 Marcaggi
2373 1178 92 24 déclare
2475 1183 44 24 très

2053 1214 124 25 sagement
2195 1217 44 22 que
2251 1212 21 21 le
2287 1212 143 22 banditisme
2444 1218 36 19 est
2491 1223 27 18 un

2053 1245 98 22 terrible
2170 1244 73 28 fléau;
2253 1257 29 4 —
2292 1246 68 25 mais,
2380 1246 95 25 l’attrait
2490 1251 28 23 du

2053 1285 102 22 courage
2163 1279 95 27 fascine,
2266 1282 25 19 et
2302 1281 23 20 le
2339 1281 90 22 lecteur
2443 1282 76 29 déplo-

2053 1319 26 16 re
2088 1319 47 21 que
2147 1313 41 22 des
2197 1314 60 21 êtres
2271 1313 145 29 énergiques
2430 1321 89 20 comme

2053 1347 99 25 Narino,
2161 1346 111 27 Sérafino,
2281 1350 25 19 et
2321 1351 93 19 surtout
2434 1349 86 25 Masso-

2053 1381 24 20 ni
2090 1382 25 19 et
2127 1380 103 27 Arrighi,
2240 1381 66 21 aient
2327 1381 40 22 fini
2392 1382 20 22 si
2428 1384 91 24 miséra-

2053 1413 114 22 blement.

2081 1452 82 22 Placés
2180 1453 56 22 dans
2250 1460 30 15 un
2302 1458 67 19 autre
2392 1458 89 27 milieu,
2500 1460 18 22 si

2053 1487 53 21 leur
2117 1487 160 28 remarquable
2292 1495 102 23 courage
2407 1492 64 23 avait
2484 1492 35 23 été

2052 1520 105 22 canalisé
2172 1526 53 17 vers
2236 1522 22 21 le
2268 1521 65 28 bien,
2343 1524 22 21 la
2386 1524 78 24 Patrie
2481 1527 38 23 eût

2052 1554 95 28 compté
2170 1555 29 21 de
2223 1557 158 23 merveilleux
2403 1559 77 28 héros,
2498 1563 21 21 la

2052 1589 76 27 gloire
2140 1589 30 21 de
2179 1589 50 22 leur
2236 1596 99 23 pays,au
2344 1593 46 21 lieu
2400 1593 53 22 d’en
2462 1596 55 26 être,

2051 1622 78 22 hélas!
2140 1622 84 28 qu’une
2235 1629 85 17 source
2334 1626 30 21 de
2376 1628 114 23 malheur.

2081 1662 118 29 Marcaggi
2218 1666 34 19 est
2272 1671 48 16 non
2343 1667 132 23 seulement
2487 1675 30 16 un

2051 1696 105 22 écrivain
2166 1697 29 21 de
2203 1698 75 27 grand
2290 1699 83 25 talent,
2385 1700 58 22 c’est
2456 1703 59 21 aussi

2052 1737 31 15 un
2096 1731 195 28 consciencieux,
2313 1738 44 16 son
2381 1733 59 22 récit
2461 1734 54 28 s'ap-

2051 1765 56 27 puie
2116 1770 41 16 sur
2168 1765 41 22 des
2221 1765 68 23 bases
2304 1765 137 29 véridiques
2451 1769 23 20 et
2482 1774 33 16 ce-

2050 1799 23 22 la
2084 1805 27 16 se
2123 1802 60 24 sent,
2195 1800 98 22 rendant
2302 1799 103 23 l’intérêt
2414 1802 102 27 passion-

2049 1836 66 19 nant.

2081 1873 29 22 Le
2123 1875 131 21 romancier
2273 1880 27 16 se
2319 1875 88 22 double
2419 1875 55 22 d’un
2486 1876 30 22 fin

2050 1907 72 28 poète
2131 1908 39 27 qui
2184 1908 56 21 dans
2249 1915 31 15 un
2295 1909 61 28 style
2365 1909 87 28 simple
2460 1911 56 21 mais

2051 1941 103 28 élégant,
2179 1943 83 21 suscite
2286 1943 31 21 de
2341 1943 176 23 merveilleuses

2052 1976 98 27 images.
2164 1975 62 22 C’est
2247 1982 30 15 en
2298 1982 47 22 peu
2357 1977 30 22 de
2398 1980 64 19 mots
2478 1978 39 22 des

2051 2010 133 21 raccourcis
2193 2010 29 21 de
2231 2016 125 22 paysages,
2367 2013 24 19 et
2398 2014 79 20 toutes
2486 2013 31 21 les

2050 2043 140 28 splendeurs
2206 2044 114 27 alpestres
2340 2044 140 23 s’éveillent.
2492 2058 25 4 —

2051 2077 113 26 Ailleurs,
2175 2083 26 16 sa
2209 2079 79 26 plume
2299 2077 94 29 évoque
2402 2085 60 16 avec
2475 2086 42 16 une

2050 2110 78 23 acuité
2138 2111 157 23 douloureuse
2305 2113 36 21 les
2349 2113 100 22 veillées
2457 2114 61 22 funè-

2050 2145 56 21 bres
2115 2148 84 19 autour
2207 2146 29 21 de
2251 2146 21 22 la
2291 2145 62 28 tola,
2364 2147 31 22 où
2416 2148 22 21 le
2451 2154 67 22 corps

2050 2179 30 22 de
2089 2179 132 23 l’assassiné
2237 2186 13 16 a
2260 2179 39 23 été
2310 2180 99 29 déposé.
2430 2181 43 22 Les
2484 2182 35 22 la-

2050 2214 80 21 menti
2141 2214 84 22 durant
2232 2214 95 29 jusqu’à
2337 2215 84 23 l’aube.
2432 2215 86 29 Impré-

2050 2247 91 22 cations
2153 2247 161 28 véhémentes,
2334 2252 24 19 et
2381 2250 47 22 cris
2442 2249 76 23 désésr

2049 2280 71 29 pérés
2140 2281 52 23 font
2204 2283 82 23 vibrer
2303 2283 36 22 les
2356 2284 74 22 nerfs.
2441 2297 30 6 —
2489 2284 29 22 La

2049 2316 62 21 voix
2122 2315 42 22 des
2179 2316 98 29 femmçs
2290 2317 86 22 souffle
2387 2324 48 16 une
2448 2318 70 23 haine

2049 2348 82 23 féroce
2143 2350 58 22 dans
2207 2350 69 23 l’âme
2283 2351 45 22 des
2336 2351 119 23 hommes.

2079 2389 107 22 L’auteur
2210 2391 89 22 traduit
2320 2391 139 23 fidèlement
2478 2398 39 16 ces

2048 2423 96 22 vieilles
2155 2424 123 22 traditions
2295 2425 44 22 des
2344 2439 4 3 -
2352 2426 127 22 insulaires
2492 2427 24 20 et

2049 2462 31 17 en
2092 2457 44 22 fait
2147 2459 155 27 comprendre
2320 2459 99 29 l’âpreté
2438 2465 79 17 ances-

2049 2491 60 22 trale
2121 2493 25 20 et
2156 2492 22 21 la
2189 2493 118 27 grandeur
2316 2494 118 28 tragique.

2077 2529 90 24 Toutes
2186 2532 34 21 les
2237 2538 97 17 oeuvres
2351 2534 31 21 de
2398 2533 117 28 Marcaggi

2049 2566 44 20 ont
2112 2565 52 22 leur
2186 2565 94 24 charnie
2300 2568 145 27 particulier,
2459 2567 58 23 mais

2048 2597 171 29 l’impétuosité
2226 2601 29 21 de
2261 2607 14 15 «
2282 2601 132 26 Fleuve.de
2422 2602 66 26 Sang
2495 2607 20 19 »,

2048 2633 63 21 cette
2120 2633 111 23 intensité
2242 2635 30 22 de
2283 2636 45 22 vie.
2338 2637 40 26 qui
2390 2636 127 28 empoigne

2048 2672 49 15 aux
2113 2668 119 22 entrailles
2250 2669 30 22 de
2295 2670 23 22 la
2337 2670 118 28 première
2472 2668 13 24 à
2494 2669 23 22 la

2049 2700 110 22 dernière
2176 2702 71 28 ligne,
2278 2705 39 21 est
2336 2710 48 16 une
2403 2704 79 29 magie
2496 2702 20 22 si

2048 2733 168 29 éblouissante,
2236 2742 46 23 que
2309 2738 24 28 je
2351 2738 24 22 la
2391 2737 93 29 préfère
2502 2735 14 23 à

2048 2769 80 20 toutes
2136 2769 35 21 les
2181 2773 75 19 autres
2264 2771 169 28 publications.

2077 2807 102 23 Comme
2198 2810 24 28 je
2245 2811 22 21 le
2291 2812 163 22 mentionnais
2466 2811 50 28 plus

2048 2840 65 27 haut,
2127 2842 21 21 là
2160 2844 114 26 première
2283 2844 94 23 édition
2389 2846 30 21 de
2426 2845 89 22 «Fleu-

2046 2881 32 16 ve
2087 2875 32 22 de
2130 2875 85 28 Sang»
2231 2878 35 22 fut
2279 2878 101 23 enlevée
2391 2886 30 16 en
2433 2885 45 22 peu
2488 2878 28 21 de

2047 2911 88 26 temps.
2142 2921 28 5 —
2182 2911 28 21 La
2222 2911 115 23 réédition
2346 2914 112 21 nouvelle
2466 2910 50 30 pré-

2047 2945 68 19 sente
2126 2949 31 15 un
2169 2943 119 25 séduisant
2298 2947 97 22 volume
2410 2947 55 22 bien
2475 2946 41 21 im-

2047 2976 119 29 primé,(2)
2176 2978 56 22 beau
2245 2980 118 27 papier,et
2375 2981 30 22 où
2415 2979 100 23 l’intérêt

2046 3010 32 21 du
2091 3009 59 23 récit
2161 3016 26 17 se
2196 3013 56 21 rend
2262 3014 53 27 plus
2325 3015 115 27 palpitant
2448 3018 68 17 enco-

2046 3049 26 15 re
2087 3049 60 17 avec
2157 3046 34 21 les
2203 3047 154 23 illustrations
2378 3049 19 21 si
2412 3047 98 28 adéqua-

2045 3078 38 20 tes
2089 3083 31 16 au
2132 3080 72 21 texte.

2074 3115 48 23 Ces
2135 3117 91 24 dessins
2248 3120 13 21 à
2285 3121 22 21 la
2323 3122 80 27 plume
2420 3122 54 21 sont
2485 3119 29 21 de

2046 3149 24 21 F.
2082 3150 129 24 Corbellini
2222 3154 38 27 qui
2273 3157 38 19 est
2333 3161 30 15 un
2382 3159 132 22 remarqua-

2045 3183 39 21 ble
2093 3185 89 22 artiste.

2073 3223 90 22 Toutes
2169 3225 34 21 les
2211 3232 132 21 personnes
2352 3228 30 22 de
2393 3229 57 28 goût
2457 3231 58 18 vou-

2044 3256 72 22 dront
2138 3258 109 26 posséder
2271 3266 29 16 ce
2325 3262 60 22 beau
2405 3263 71 25 livre,
2493 3260 22 21 le

2044 3295 131 17 conserver
2198 3295 73 24 parmi
2290 3295 64 21 leurs
2369 3295 105 23 éditions
2486 3293 29 22 de

2044 3323 82 25 choix,
2136 3325 56 26 qu’il
2204 3330 34 19 est
2245 3328 48 21 bon
2307 3329 30 21 de
2351 3330 82 21 revoir
2451 3331 24 19 et
2486 3327 29 21 de

2044 3357 79 21 relire.

2259 3417 57 23 Yan
2325 3418 32 22 de
2365 3419 122 26 Mayame.

2066 3473 27 22 (1)
2103 3473 101 25 Rombaldi,
2221 3477 79 24 éditeur,
2308 3479 24 18 48
2345 3480 58 18 Cours
2417 3479 97 24 Napoléon,

2043 3501 81 22 Ajaccio,
2134 3502 11 18 1
2153 3507 19 14 v.
2181 3504 20 18 in
2206 3504 22 19 16
2235 3505 80 20 illustré.
2333 3508 45 18 Prix
2386 3508 51 21 7,50.
2447 3508 68 17 Franco

2044 3527 12 18 8
2064 3528 25 18 fr.
2521 3541 3 3 .

2067 3570 27 22 (2)
2102 3570 101 24 Stamparia
2210 3575 20 17 di
2236 3575 22 18 A
2265 3575 89 20 Muvra.

2060 3682 235 34 Aiacciu-Stamparia
2313 3689 25 22 di
2358 3691 24 21 A
2408 3691 91 22 Muvra

2046 3714 21 21 U
2077 3715 212 33 direttore-gerente
2296 3730 8 13 :
2328 3723 69 23 Petru
2409 3720 99 26 ROCCA
