2598 3814
53 459 119 31 Cumanda
187 459 76 22 d’una
285 457 65 26 Pipa

96 526 12 14 A
115 529 12 10 u
133 524 77 15 Direttori
215 524 17 13 di
236 523 18 14 A
262 522 73 15 Marra.

70 561 27 19 Oh
103 559 5 19 !
116 560 19 17 la
143 558 75 23 perdita
225 558 18 18 fa
246 557 38 18 laie

67 586 35 19 Chi
109 584 51 19 m’ha
168 584 49 17 lollu
224 583 20 18 lu
250 580 100 25 curaghiul

67 610 41 20 Avè
116 614 58 18 persu
185 609 16 17 la
211 609 35 18 me’
255 608 51 22 pipa,

67 634 193 25 Oghie,lrcnl’unudi
266 631 84 25 maghiu!

67 660 54 20 Cos’è
129 660 104 18 d’unn’avè
239 658 96 22 mimoria,

67 687 36 18 Per
108 685 126 19 lasciammila
239 685 20 18 in
265 682 86 24 viaghiu!

69 732 92 19 L’ùllimu
168 730 57 23 jornu
234 731 20 17 di
263 729 79 23 maghiu

68 758 23 18 Di
99 759 94 18 sl’annata
198 756 49 19 vinti
255 755 53 21 novi,

67 783 24 18 Di
98 784 20 17 la
125 784 36 18 me’
170 783 55 18 trista
233 781 84 27 furtuna_

67 809 27 18 Mi
102 809 45 18 11’ha
154 808 79 23 purtalu
241 806 15 17 li
262 803 63 24 provi,

68 834 44 22 Chi,
121 834 43 22 pipa
172 834 45 17 d’un
226 831 25 18 lal
259 827 62 20 valori

69 860 29 18 Un
106 859 27 19 c’è
141 862 64 15 mezzu
211 856 36 18 che
255 854 20 18 ni
285 854 56 16 trovi.

68 905 17 16 A
93 904 20 16 lu
122 900 91 20 Direllori
220 898 55 18 inviu

68 928 29 17 Lu
105 927 36 17 me’
149 925 75 22 appellu
233 924 23 16 da
263 921 88 20 lunlanu,

69 952 28 17 Cu
105 952 19 16 le
132 947 166 20 ricumandazione

71 976 64 21 Degne
143 974 47 17 d’un
199 973 36 17 bon
242 970 100 20 cristianu,

69 1000 23 19 Di
101 999 58 22 quelli
166 998 58 17 ch’un
235 997 58 17 stanu
304 994 48 18 muti

68 1024 80 22 Quandu
153 1022 75 18 chiama
233 1025 26 13 un
264 1020 87 22 paisanu.

67 1069 73 21 Piengu
148 1071 11 14 e
168 1066 79 23 suspiru
255 1066 30 17 sta
294 1065 50 22 pipa,

68 1093 30 18 Ma
106 1093 54 17 nulla
168 1096 41 13 nun
216 1091 19 17 la
241 1090 27 18 mi
276 1089 56 18 rendi
339 1094 5 17 ;

67 1117 95 19 Previniti
170 1116 16 18 li
194 1115 95 21 Yallincu,

66 1143 75 18 Artista
148 1142 33 17 chi
189 1141 19 18 ci
216 1139 98 21 s’inlendi,

67 1167 15 18 E
90 1172 56 13 senza
154 1165 123 24 spiegazioni,

68 1192 25 18 Sò
100 1192 33 17 chi
140 1192 67 17 subitu
215 1190 118 23 cumprendi.

72 1237 29 18 Ma
109 1241 54 14 corne
171 1242 13 12 u
193 1240 84 14 cunoscu
285 1240 56 18 pocu,

68 1262 93 18 Benchè/1
168 1261 65 18 Muvra
239 1261 27 18 mi
270 1261 23 18 ni
296 1260 54 23 parti,

55 1294 9 5 -
68 1288 37 17 Par
113 1287 96 17 dumandà
216 1291 26 13 un
251 1286 84 18 serviziu

67 1311 26 19 Mi
101 1312 21 17 sò
131 1312 54 17 dettu
193 1317 5 12 :
212 1318 9 10 «
229 1311 72 23 megliu
310 1310 40 18 vali

67 1337 23 18 Di
98 1341 55 18 passa
161 1337 30 22 pa’
198 1337 20 18 lu
227 1337 97 17 muvristu

67 1361 35 19 Chi
110 1361 50 19 corri
168 1362 21 17 in
197 1362 46 22 ogni
250 1361 68 18 lucali.
325 1367 9 11 »

67 1410 84 22 Dunqua,
160 1414 46 13 caru
214 1409 97 22 Direttori,

66 1435 81 18 Chiamu
154 1435 21 17 lu
184 1436 66 17 vostru
261 1435 38 17 bon
310 1434 40 18 cori

67 1460 37 18 Par
111 1460 46 17 falla
165 1460 46 22 sapé
218 1465 11 13 a
235 1459 70 22 l'Orsu,

66 1485 130 21 Quell’artista
203 1485 20 18 di
230 1485 70 22 valori,

69 1509 35 19 Chi
112 1511 22 17 sà
141 1510 25 18 bè
174 1510 32 18 chi
214 1511 18 17 la
241 1510 26 18 so’
276 1510 52 23 pipa,

66 1536 49 17 D’un
124 1535 60 18 Corsu
193 1535 11 18 è
212 1536 20 17 lu
241 1535 27 18 so’
276 1535 63 18 onori.

67 1581 18 18 A
93 1581 43 22 pipa
144 1581 32 18 chi
184 1581 27 17 mi
217 1581 18 18 ci
242 1581 41 18 voli

65 1606 60 18 Unn’è
132 1607 29 21 pa’
168 1606 20 18 la
194 1606 87 18 fantasia.

65 1631 26 18 La
99 1631 65 23 vogliu
172 1632 55 17 fatt’a
234 1632 19 17 la
261 1635 60 18 corsa,

66 1656 98 18 Purtendu
173 1661 12 13 a
192 1657 27 17 so’
230 1656 95 22 simpatia,

64 1682 15 17 E
86 1686 24 13 cu
117 1682 19 17 la
144 1683 50 17 testa
202 1682 20 17 di
228 1682 75 18 Muvra.

63 1707 80 18 Mamma
150 1707 21 18 di
178 1708 136 17 l’Autonomia.

66 1751 52 23 Cusi,
124 1758 12 13 a
143 1753 14 18 li
166 1753 92 18 camerali

65 1777 141 23 Mustraraghiu
215 1779 19 17 la
244 1779 27 17 so’
280 1780 56 20 testa,

63 1803 23 18 Di
90 1804 63 21 queila
158 1804 57 17 ch’un
221 1804 47 18 terni
273 1804 73 23 «volpe»

65 1828 28 18 Ne
101 1829 46 17 terni
152 1829 71 18 nissun
230 1829 98 22 timpesta,

67 1853 15 18 E
90 1854 30 17 chi
128 1855 30 17 stà
166 1854 83 23 gloriosa
258 1859 11 13 e
276 1854 51 19 fiera

67 1879 22 17 In
97 1879 82 22 Corsica,
189 1880 22 17 in
218 1880 39 22 ’gni
265 1879 80 19 furesla.

43 1932 11 3 -
65 1923 41 22 Qui-,
114 1924 30 18 fra
152 1925 33 17 noi
192 1925 98 21 marinari,

62 1948 120 19 L’abitudine
189 1950 11 17 è
208 1952 72 16 sacrata

62 1974 24 17 Di
93 1974 63 18 tenela
163 1974 22 18 in
193 1975 113 22 cumpagnia

63 1998 58 17 Tutta
128 1999 19 17 la
154 2000 54 16 santa
217 2000 84 21 jurnata,

62 2022 15 18 E
85 2023 56 18 s’ellu
148 2023 29 18 c’è
185 2029 26 12 un
219 2025 125 21 muvimentu,

62 2048 27 18 La
97 2049 44 17 vedi
149 2050 67 21 presta
224 2050 111 17 ’mburrata.

63 2093 55 23 Yegu
126 2095 33 21 qui
168 2094 48 19 certi
224 2094 89 19 Francesi

43 2117 74 23 Sempri
123 2119 43 18 c’un
172 2119 67 23 pipinu
243 2120 21 17 in
269 2121 66 17 stacca
340 2125 5 16 ;

66 2143 42 22 Poi,
118 2144 80 18 fumanu
207 2145 20 18 lu
235 2149 59 18 «gros
303 2150 36 13 cu»

65 2168 16 18 E
88 2169 60 18 micca
155 2169 60 18 l’arha
222 2170 78 18 tabacca
304 2175 5 17 ;

62 2193 35 18 Noi
105 2199 28 13 un
140 2199 25 13 ne
173 2195 87 22 perdimu
266 2196 60 20 l’usu,

63 2218 22 22 E,
94 2219 99 23 fumendu,
201 2220 15 18 li
225 2220 17 18 si
250 2221 67 18 shacca
324 2220 6 19 !

64 2263 61 20 Credu
134 2265 31 18 chi
172 2265 57 19 fareti
237 2266 21 18 in
266 2266 49 18 sorti

63 2289 38 18 Per
109 2290 60 18 calma
176 2291 22 18 lu
206 2292 36 17 me’
252 2291 64 18 dulori
323 2296 6 17 ;

65 2314 52 23 Cusi,
125 2316 40 18 mai
173 2316 27 18 mi
209 2317 139 22 scurdaraghiu

65 2340 24 18 Di
96 2341 40 21 voi,
144 2346 11 13 o
167 2342 42 22 sgiô
220 2342 93 18 Direttori
319 2347 6 16 ;

63 2366 111 19 All’avanzu
183 2367 144 23 ringrazieghiu

67 2391 160 21 Quell’orezzincu
238 2393 89 18 scultori.

67 2440 72 19 Ch’ella
145 2442 28 17 mi
181 2441 62 22 capeti
251 2442 76 22 prestu,

64 2465 95 24 L’aspettu
168 2471 43 14 sera
218 2471 10 14 e
236 2467 72 18 matina
313 2472 6 17 ;

64 2491 30 18 Un
102 2491 28 19 c’è
139 2497 66 13 mezzu
213 2493 19 17 di
240 2492 54 18 fuma

65 2516 22 18 In
95 2517 27 18 sti
130 2517 39 23 pipi
177 2517 115 22 d’Indocina,

64 2541 94 20 Rubaecia
166 2543 20 18 di
194 2543 110 18 l’Annamiti

56 2566 60 19 Ch’un
121 2568 42 20 .vali
171 2573 12 12 a
190 2569 67 17 vostra
261 2568 85 22 scupina.

72 2606 94 19 Saveriu
175 2606 150 20 Scarbonchi.

513 456 30 24 U
561 454 141 26 Sumere
721 455 159 29 Populare

399 521 59 20 Dumè
466 521 21 17 di
496 521 18 17 la
523 520 97 18 Casanova

399 546 89 19 Patron’è
496 546 45 17 d’un
551 544 99 19 sumirellu

400 573 104 18 Cinnaralu
513 571 19 18 di
541 571 75 22 pilame,

378 595 304 25 Cun,inmezzafronle,unslellu,

399 624 15 18 E
422 624 30 18 chi
462 623 29 19 fù.
501 628 51 13 annu
561 622 85 23 passatu,

377 650 27 18 Da
412 655 27 13 un
447 648 99 23 lamaghiu
554 646 129 24 agguercialu.

401 689 34 19 Stu
444 692 77 15 sumere
529 687 100 18 cinnaralu

401 713 45 19 Ch’è
453 712 104 18 numinatu
566 711 100 22 Fasgianu,

401 737 112 23 Quand’ellu
522 737 15 17 li
545 737 58 22 piglia
610 736 67 18 l’eslru

400 763 27 18 Ne
435 762 80 17 diventa
523 766 26 12 un
560 761 101 19 lucifernu,

401 787 58 18 Cume
467 786 67 23 quellu
543 786 42 17 ch’è
593 786 83 18 dannatu

400 812 16 17 A
423 811 48 18 vive
479 811 21 17 in
508 811 44 18 focu
560 811 102 17 d'infernu.

401 850 72 21 Tandu,
483 850 61 17 nantu
551 850 21 17 lu
581 850 28 17 so’
618 849 56 22 spinu

400 875 29 18 Un
438 875 17 18 si
463 875 25 22 pò
496 875 62 22 coglie
569 874 92 19 cristianu
668 878 5 16 ;

400 899 82 23 Bisogna
490 900 96 22 ch’ognun
599 900 15 17 si
627 900 57 20 lenga

402 924 72 23 Sempr’
482 925 21 17 in
512 924 79 23 guardia
598 924 86 19 lunlanu,

401 949 71 18 Perche
483 954 82 14 eorrenu
575 950 8 17 i
593 948 92 19 murzichi

401 974 14 18 E
422 974 15 18 li
445 975 48 18 calci
501 975 21 17 di
530 975 100 22 Fasgianu.

400 1014 72 18 L’altru
480 1014 65 22 jornu,
558 1019 10 13 a
579 1012 105 20 st’asinellu

401 1039 52 18 L’era
460 1039 58 22 juntu
530 1040 21 17 lu
560 1039 27 18 so’
597 1038 54 18 male.

400 1064 27 18 Ne
435 1065 78 22 strappa
521 1063 148 23 l’affunatoghiu

400 1089 37 18 Per
445 1090 54 17 sorte
508 1090 19 17 di
536 1090 21 17 lu
566 1089 83 22 vignale,

401 1114 15 17 E
423 1119 25 13 ne
456 1114 100 18 rientrein
563 1118 56 19 paese

400 1138 103 19 Suffiendu
509 1144 56 13 cume
569 1144 28 13 un
604 1139 80 22 cignale.

402 1178 131 23 Ognun’allor’
540 1178 11 18 è
559 1179 20 16 in
585 1178 99 22 bisbigliu:

400 1203 43 18 Unu
450 1203 43 18 dice
500 1208 5 12 :
515 1209 9 10 «
530 1202 14 18 0
553 1203 66 19 Dumè,

400 1228 76 17 Attenti
482 1227 5 18 1
496 1228 68 17 ch’avà
571 1227 100 22 lupigliu..
677 1233 9 10 »

401 1253 28 18 Un
438 1253 51 17 altru
497 1257 5 13 :
510 1252 38 18 «Fà
556 1256 55 13 cume
620 1251 30 18 mè
656 1257 5 12 :

383 1291 3 3 .
398 1278 46 17 Alza
449 1278 21 18 le
478 1278 69 18 bracce
556 1282 11 13 e
575 1277 75 21 briona,

400 1303 14 18 0
422 1303 66 23 legalu
497 1307 25 14 cu
528 1303 38 18 ’ssa
573 1302 69 18 funa...
649 1308 8 10 »

399 1343 106 18 Dumenicu
514 1343 55 18 dettu
579 1342 70 21 Ebreu,

399 1368 28 18 Cu
434 1368 149 23 l’affunatoghiu
597 1367 21 18 in
626 1371 57 14 manu

399 1393 57 18 Grida
461 1398 74 18 apparu
540 1394 45 17 d’un
590 1392 93 23 ghiudeu:

399 1418 29 18 «0
437 1418 79 23 figlioli,
526 1418 51 18 femu
586 1418 66 22 pianu,

397 1443 36 18 Chi
442 1449 11 12 u
460 1448 86 16 sumere,
556 1444 46 17 d'un
611 1443 69 22 calciu,

398 1468 22 18 Ci
428 1469 24 22 pò
461 1469 68 17 tafunà
537 1469 22 17 lu
567 1473 47 13 zanu
623 1467 5 19 !
635 1474 9 11 »

397 1505 17 18 U
421 1506 80 21 paisanu
509 1510 27 13 un
543 1506 90 21 pudendu

397 1530 46 23 Ligà
451 1531 72 18 I’asinu
531 1531 21 17 in
560 1531 72 20 furore,

400 1555 22 18 Si
429 1556 63 22 lampa
500 1556 22 17 in
529 1556 50 17 terra
588 1555 81 18 dicendu
676 1559 5 13 :

396 1586 10 11 «
411 1581 27 17 Ne
446 1581 60 22 aghiu
514 1581 51 17 male
569 1586 12 13 a
587 1581 20 17 lu
615 1584 44 14 core
667 1579 16 18 !»

396 1605 15 18 E
418 1606 79 23 asciuga
505 1606 18 18 la
532 1606 27 18 so’
567 1605 60 18 faccia

396 1631 102 18 Rilucente
507 1631 21 18 di
538 1632 76 17 sudore.

396 1670 68 19 Eccuci
472 1671 58 18 ch’un
540 1672 15 9 “
559 1670 97 18 ritratlalu
661 1669 12 9 ”

395 1695 77 19 Vestitu
481 1696 20 17 di
511 1695 99 23 “drappu”
620 1699 59 17 novu,

395 1720 151 24 Sfranciseghia:
556 1722 25 17 «A
591 1720 90 23 l’affuner

395 1747 22 17 Je
425 1752 48 13 veux
480 1746 50 18 voire
538 1751 21 13 se
565 1751 10 13 a
584 1746 16 17 li
608 1750 60 17 provu
674 1746 5 18 !

372 1771 48 18 Nom
427 1771 23 18 de
456 1771 71 24 ghieul
534 1771 35 18 vile
574 1776 35 13 une
612 1771 68 18 corde..

373 1796 24 18 El
402 1796 31 18 s'il
438 1798 25 17 est
468 1796 42 22 bon,
517 1796 46 23 qu'il
566 1801 29 13 me
600 1796 79 19 mordeh

394 1835 17 19 U
418 1836 80 22 guardia
507 1835 114 23 municipale

394 1861 26 17 Dà
427 1861 20 18 la
454 1861 48 18 funa
509 1866 12 12 a
529 1861 118 22 l’impiegatu

394 1886 35 18 Chi
436 1886 107 18 s’avvicina
550 1891 11 13 a
568 1887 19 17 la
594 1887 49 17 lesta

393 1912 18 17 A
418 1912 96 21 Fasgianu
522 1912 120 17 inaltariatu.

394 1937 29 17 Ma
431 1937 73 21 quellu,
513 1936 52 18 d’un’
572 1937 86 23 incapata

394 1961 17 18 U
416 1961 15 18 ti
440 1961 56 18 sbula
504 1961 130 20 intravanatu.

394 2000 74 19 Mentre
475 2001 40 20 chi,
525 2002 65 21 tandu,
599 2002 19 18 la
625 2002 53 22 jente

394 2025 108 18 S'abbicina
510 2025 20 18 di
536 2031 11 12 u
554 2026 58 18 ferilu

393 2050 67 18 Adalli
468 2050 78 23 qualchi
555 2051 68 18 ricatlu

393 2075 32 18 Pe’
433 2075 22 18 lu
463 2076 56 21 pettu
528 2075 115 23 induluritu,

394 2100 17 19 U
418 2105 83 17 sumere,
511 2101 20 17 di
538 2106 15 12 u
561 2102 27 17 so’
597 2102 58 21 eslru,

394 2126 37 18 Per
437 2126 97 18 miraculu
542 2126 11 18 è
561 2127 84 22 guaritu.

732 519 85 18 Bidendu
824 521 21 16 lu
853 522 28 16 so’
888 526 76 14 sumere

731 543 111 22 Tranquillu
848 546 77 17 cura’un
930 547 84 22 agnellu,

732 569 110 21 Dumenicu,
849 569 37 19 ben
893 571 99 22 cuntentu,

732 593 57 19 Melle
798 599 56 12 manu
863 600 11 12 a
883 600 26 13 un
920 597 91 17 earatellu

732 619 15 18 E
755 619 40 18 face
804 619 49 18 taslà
861 624 11 13 a
881 620 47 18 tutti

732 645 27 17 Lu
767 645 28 18 so’
803 645 46 18 vinu
859 647 118 17 muscatellu.

733 690 52 18 Banu
794 690 114 23 ind’Agnula
916 691 58 18 Maria

732 715 82 22 Dop’avè
822 715 44 18 belu
875 716 21 17 lu
904 716 55 21 vinu,

733 740 69 21 Eculà,
812 740 20 17 in
841 741 119 22 cumpagnia,

732 766 17 17 A
757 765 19 17 lu
786 765 42 18 son'
836 765 19 18 di
864 766 84 21 viulinu,

732 790 23 17 Di
763 790 20 17 lu
791 790 75 19 famosu
874 796 76 13 sumere

732 816 93 17 Inlonanu
833 817 32 16 stu
874 816 73 19 tcrzinu
954 822 5 12 :

711 866 9 11 «
726 860 111 22 Quand’ellu
848 866 57 13 ronca
914 862 101 23 Fasgianu,

733 885 114 19 Insischisce
855 891 12 13 u
876 887 83 18 vicinale
964 892 6 17 ;

733 910 128 19 S’infrascanu
870 912 100 22 l’acelluci,

734 936 98 22 Scappanu
840 937 54 18 levra
902 942 11 13 e
921 937 74 23 cignale
1002 943 5 17 ;

733 961 15 18 E
755 966 77 15 sumere
840 963 20 18 di
867 968 13 13 u
891 968 63 17 paese,

734 987 21 17 Di
765 992 61 17 paura
834 989 21 17 sò
863 993 66 14 arrese
935 988 5 18 !
945 995 9 10 »

833 1027 24 19 G.
865 1028 24 19 di
898 1028 94 24 Coghia.

785 1125 156 25 I/ïmbitu

733 1195 81 17 Paisanu
822 1200 13 13 u
844 1195 125 22 mulinaghiu,
974 1201 43 17 par-

711 1220 56 17 lendu
776 1224 27 13 un
811 1219 81 22 ghiornu
898 1220 21 17 di
924 1221 51 17 trute
979 1225 37 13 cun

711 1244 33 17 uni
753 1244 55 21 pochi
816 1245 20 16 di
844 1245 100 17 sla'linanti
956 1245 32 18 chi
998 1245 18 18 si

711 1269 106 21 liccavanu,
827 1269 65 18 niente
899 1270 36 17 che
943 1269 20 18 di
974 1274 43 13 sen-

711 1295 43 16 tene
767 1294 76 17 mintuà
856 1299 13 13 u
881 1299 62 16 nome,
955 1295 15 17 li
978 1295 39 18 dis-

710 1323 21 14 se
738 1324 6 13 :

731 1357 24 4 —
760 1347 38 18 Eh!
813 1348 110 19 s’ell'unn’è
936 1349 35 18 che
982 1354 34 18 per

710 1372 51 18 fabbi
768 1377 38 13 una
814 1373 111 22 mangbiata
930 1374 20 17 di
956 1376 58 20 trute,

709 1398 102 18 falàtevine
820 1399 180 22 quaghiò,dumane,
1005 1405 12 13 a

709 1428 13 12 u
730 1423 38 18 miò
776 1423 83 22 mulinu,
868 1428 11 14 e
887 1424 17 18 ci
913 1429 24 13 ne
946 1425 70 18 seràda

709 1448 122 19 cacciabbine
839 1453 10 13 a
857 1449 79 18 veccbia
942 1449 5 18 !

730 1486 24 3 —
759 1472 13 22 È
781 1477 55 17 delta
843 1476 4 18 !
856 1477 35 17 Noi
900 1477 93 19 faleremu
1001 1483 14 13 u

709 1502 65 17 restu:
783 1506 56 18 pane,
848 1502 55 21 binu,
912 1503 85 22 prisuttu
1005 1508 11 13 e

708 1527 94 18 tant’altri
809 1527 81 18 affari...

730 1565 23 3 —
761 1555 29 18 Un
804 1555 19 18 ci
836 1556 49 17 séria
901 1555 113 24 bisognu....

708 1585 37 17 ma,
755 1581 56 20 custi,
825 1581 38 18 fate
872 1581 28 18 ciò
910 1581 30 17 chi
949 1582 29 17 bo’
986 1582 30 18 in-

708 1605 79 22 tendile,
797 1606 83 17 secondu
888 1611 14 13 u
910 1608 67 16 vostru
983 1612 32 18 ap-

707 1631 73 22 pitittu.
790 1630 15 18 E
812 1632 59 20 trute,
886 1635 11 14 a
909 1632 22 17 vi
943 1632 70 22 ripetu,

708 1657 19 18 ci
733 1657 22 18 sô
763 1657 23 17 da
794 1661 28 13 un
830 1657 106 22 risparalle.

728 1685 122 18 L’abbramili
865 1685 92 18 furesteri
967 1686 48 19 falo-

706 1714 28 13 nu
742 1710 71 20 carchi,
822 1715 14 12 u
844 1710 117 22 lindumane,
975 1717 12 12 a
1000 1717 13 13 u

707 1735 74 17 mulinu
795 1735 32 17 chi
843 1740 11 13 a
871 1735 17 18 si
906 1736 108 19 tintinnava

705 1760 73 22 alegru,
788 1764 11 13 a
806 1760 42 17 latu
856 1761 58 17 d’una
921 1761 92 19 bell’onda

706 1785 103 18 sciumosa.

728 1822 21 4 —
755 1813 35 18 Alô
797 1812 5 18 !
812 1818 12 12 a
832 1813 18 18 le
858 1813 94 19 maniccie
957 1813 5 18 !
970 1814 43 19 fece

706 1838 88 20 Paisanu,
801 1838 117 18 indichendu
926 1844 13 12 u
947 1844 65 17 pozzu.

705 1863 75 18 Piscate
788 1862 85 23 puru!...
886 1863 23 18 Ci
917 1864 31 18 n’è
955 1869 58 17 quan-

706 1889 21 16 tu
735 1888 32 18 voi
774 1889 89 17 vulete...
873 1893 10 14 e
891 1889 50 18 belle
948 1889 5 18 !

727 1916 142 22 Quelli,capinu
877 1917 134 19 llntrucciula.

704 1941 76 18 Avianu
790 1943 81 16 suvente
884 1942 66 18 intesu
960 1943 53 21 parla

704 1966 21 17 di
733 1970 11 13 e
752 1966 108 18 burlascate
872 1967 19 17 di
905 1972 13 12 u
931 1967 82 18 mulina-

703 1990 55 23 ghiu,
767 1995 31 13 ma
803 1991 46 17 l’era
855 1992 54 17 toecu
914 1996 14 12 u
933 1992 78 22 viaghiu

704 2019 12 14 e
730 2020 37 13 una
777 2016 51 17 bona
835 2016 80 17 cullaziò
923 2021 11 12 a
941 2017 70 22 pagalli

704 2041 140 21 percunoscelu
851 2041 79 22 megliu.
937 2041 75 18 Sifece-

704 2070 27 12 nu
738 2069 28 13 un
779 2065 59 18 risata
846 2067 129 21 quantunque,
981 2066 30 18 in-

704 2090 110 22 gullendusi
823 2095 11 13 a
841 2091 68 17 saliva.

884 2126 19 19 U
912 2126 82 24 Samp.'

445 2185 29 14 LA.
489 2186 123 15 BRETAGNE
623 2188 15 13 &
650 2188 40 13 LES
704 2188 84 15 BETTES
801 2189 139 20 FRANÇAISES

1137 124 277 49 Giurnali

1040 223 238 24 Spupulamentu

1061 258 36 18 Par
1105 258 44 19 voie
1157 260 23 17 de
1189 260 87 22 question
1282 259 67 22 écrite,
1357 260 25 18 M.
1391 261 119 18 Trémintina

1040 283 92 18 demandé
1141 288 24 13 au
1174 284 89 19 Ministre
1271 284 23 18 de
1303 284 136 21 l’Agriculture
1453 286 16 17 si
1478 286 32 17 des

1040 308 109 18 réductions
1157 309 24 17 de
1190 310 98 21 transport
1295 309 24 17 de
1334 310 88 19 mobilier
1429 311 81 22 agricole

1040 333 19 16 et
1066 333 24 17 de
1098 332 58 18 bétail
1164 338 24 13 ne
1194 335 44 16 sont
1246 339 33 17 pas
1285 333 81 23 prévues
1371 340 24 12 en
1403 336 67 17 faveur
1477 336 33 17 des

1040 357 126 18 cultivateurs
1172 358 40 22 qui,
1222 364 25 13 ne
1254 358 81 19 voulant
1349 363 32 17 pas
1393 360 117 18 abandonner

1040 382 18 17 la
1065 383 57 20 terre,
1132 384 43 16 sont
1183 383 74 22 obligés
1266 384 22 17 de
1302 382 73 22 quitter
1387 385 18 17 la
1420 385 90 22 Bretagne

1041 406 38 18 très
1092 407 80 22 peuplée
1187 409 19 16 et
1217 408 95 22 émigrent
1326 411 44 15 vers
1386 410 34 17 des
1436 410 74 22 régions

1040 435 71 14 comme
1118 432 20 17 la
1143 432 107 23 Dordogne,
1256 437 34 18 par
1295 433 93 22 exemple,
1396 434 25 18 où
1426 435 18 17 la
1452 434 59 19 main-

1040 456 85 18 d’oeuvre
1134 456 35 18 fait
1176 457 73 18 défaut.

1063 480 26 20 Si,
1098 481 79 20 parbleu
1185 481 5 17 !
1203 482 14 17 il
1226 487 13 16 y
1247 487 12 12 a
1267 486 38 13 une
1313 481 97 20 réduction
1421 484 89 18 accordée

1041 508 34 17 par
1081 504 30 17 les
1119 505 68 20 grands
1200 505 80 19 réseaux
1292 510 38 14 aux
1345 507 124 19 cultivateurs
1476 508 33 22 qui

1041 532 21 12 se
1070 528 99 21 déplacent
1176 534 49 16 pour
1234 531 103 21 reprendre
1345 536 37 14 une
1388 533 121 22 exploitation

1041 551 82 22 agricole
1131 553 47 18 dans
1187 554 19 16 la
1214 554 67 22 région
1296 556 27 17 du
1337 555 112 20 Sud-Ouest.
1458 557 52 18 Celte

1041 576 105 22 réduction,
1152 578 33 22 qui
1193 583 24 13 ne
1223 579 103 23 s’applique
1331 581 69 21 qu’aux
1408 586 101 18 personnes

1042 602 20 17 et
1068 607 38 13 non
1114 608 38 13 aux
1166 604 104 21 mobiliers,
1283 605 127 20 instruments
1418 607 92 22 agricoles

1042 627 20 17 et
1068 627 94 22 bestiaux,
1177 630 30 16 est
1221 630 23 17 de
1252 629 23 18 50
1283 635 19 17 p.
1312 630 41 22 100,
1361 632 87 23 desquels
1456 632 14 17 il
1478 637 12 17 y
1498 637 12 12 a

1041 652 39 17 lieu
1089 653 25 17 de
1128 653 79 18 déduire
1221 654 74 22 l’impôt
1309 656 23 17 de
1345 656 22 17 15
1381 661 18 17 p.
1409 656 33 18 100
1451 661 32 13 sur
1491 657 18 17 la

1042 677 105 22 réduction,
1153 678 37 17 soit
1194 683 39 14 une
1239 679 98 19 réduction
1342 682 53 17 nette
1399 682 24 17 de
1428 681 29 22 42,
1463 682 21 17 50
1490 687 18 17 p.

1042 701 33 18 100
1083 706 35 14 sur
1124 702 20 18 le
1149 702 44 23 prix
1201 703 46 18 d’un
1251 704 57 19 billet
1315 705 74 23 simple.

1064 726 40 21 Que
1112 731 24 14 ne
1146 727 89 19 ferait-on
1246 733 33 17 pas
1293 735 49 17 pour
1356 731 68 17 rendre
1432 735 27 13 un
1472 736 37 17 peu

1042 752 23 17 de
1072 752 33 17 vie
1113 752 11 17 à
1131 756 32 14 ces
1171 753 141 22 départements
1320 756 115 21 moribonds,
1444 757 32 21 qui
1488 761 22 13 se

1042 777 113 22 dépeuplent
1162 778 53 17 selon
1223 783 27 13 un
1258 780 77 21 rythme
1349 780 64 22 rapide
1425 782 20 16 et
1456 781 54 22 régu-

1041 802 42 20 lier,
1093 802 25 17 où
1126 802 38 18 l’on
1172 803 70 18 trouve
1246 803 31 19 des
1285 804 75 23 villages
1368 805 67 18 entiers
1442 806 68 18 abban-

1041 827 72 17 donnés
1126 831 34 18 par
1174 828 54 18 leurs
1243 829 99 19 habitants
1355 831 20 17 et
1388 830 85 18 tombant
1485 836 24 13 en

1041 852 66 18 ruines
1115 851 5 18 1

1064 877 22 18 Et
1101 877 52 18 ainsi
1170 878 105 23 s’explique
1289 884 38 18 que
1340 880 19 17 la
1372 880 70 18 France
1459 880 50 18 fasse

1041 903 42 17 tout
1091 907 23 14 ce
1122 903 70 22 qu’elle
1199 905 47 20 peut
1260 909 48 17 pour
1321 906 88 17 entraver
1422 906 19 17 le
1455 905 55 18 déve-

1041 928 109 21 loppement
1162 928 91 22 agricole,
1266 929 102 19 industriel
1382 930 19 17 et
1415 930 94 18 maritime

1041 953 23 18 de
1079 953 20 17 la
1116 953 99 22 Bretagne.
1236 954 41 19 Une
1299 955 94 22 Bretagne
1410 955 98 22 organisée

1041 978 106 18 nourrirait
1160 978 93 19 aisément
1267 984 38 14 une
1318 979 111 23 population
1441 980 69 18 double

1042 1004 23 17 de
1073 1003 47 18 celle
1128 1003 34 22 qui
1170 1003 80 19 l’habite
1258 1004 129 23 aujourd’hui.
1401 1004 25 18 La
1439 1005 71 18 France

1041 1029 63 18 aurait
1120 1029 50 18 ainsi
1184 1029 82 22 bientôt,
1279 1029 101 19 accrochée
1387 1030 12 17 à
1407 1034 31 14 ses
1451 1031 59 18 flancs

1041 1054 98 22 amaigris,
1154 1058 37 14 une
1205 1054 89 18 minorité
1308 1055 95 18 nationale
1417 1056 93 21 compacte

1042 1080 24 17 de
1072 1079 11 18 6
1092 1079 84 18 millions
1184 1079 111 19 d’hommes.
1304 1080 43 18 Elle
1354 1084 11 13 a
1373 1080 42 17 tout
1423 1079 68 19 intérêt
1499 1081 10 17 à

1041 1104 108 18 entretenir
1164 1104 47 19 chez
1228 1109 54 17 nous,
1300 1109 25 13 au
1341 1104 101 22 contraire,
1459 1106 50 17 cette

1041 1130 112 22 émigration
1167 1129 152 23 hémorragique,
1334 1129 57 23 grâce
1404 1129 11 18 à
1430 1129 80 23 laquelle

1040 1159 48 14 nous
1096 1154 28 18 lui
1132 1155 121 18 fournissons
1262 1156 32 17 des
1300 1158 120 14 manoeuvres
1424 1159 46 18 pour
1478 1159 31 14 ses

1041 1179 73 22 usines,
1123 1180 34 17 des
1166 1185 9 11 «
1182 1179 93 23 rengagés
1281 1186 9 9 »
1306 1183 49 18 pour
1362 1183 35 14 son
1410 1179 63 18 armée
1485 1180 24 18 de

1041 1204 68 18 métier
1120 1205 20 16 et
1153 1205 33 17 des
1200 1204 128 17 cultivateurs
1343 1208 48 18 pour
1402 1208 32 14 ses
1449 1205 60 18 terres

1041 1228 103 18 désertées.

1063 1253 52 18 C’est
1122 1253 100 18 d’ailleurs
1239 1253 19 18 la
1271 1253 61 18 même
1347 1253 91 23 politique
1454 1255 54 21 qu’on

1042 1278 88 22 poursuit
1138 1283 24 13 en
1170 1278 60 18 Corse
1238 1278 25 18 où
1273 1278 19 18 la
1306 1279 117 22 population,
1437 1279 73 23 obligée

1041 1304 24 17 de
1073 1303 112 23 s’expatrier
1192 1303 93 22 par-suite
1299 1303 58 18 d’une
1368 1303 69 19 misère
1451 1304 59 23 systé-

1041 1329 135 22 matiquement
1183 1330 120 21 entretenue,
1314 1328 50 19 offre
1371 1329 12 18 à
1390 1329 56 18 l’Etat
1460 1330 50 17 fran-

1042 1354 38 21 çais
1090 1355 35 17 des
1139 1354 99 18 candidats
1249 1359 36 17 peu
1300 1353 98 23 exigeants
1412 1355 12 17 à
1431 1359 31 14 ses
1475 1355 34 18 bas

1042 1379 79 23 emplois
1129 1379 154 18 administratifs.

1063 1413 65 22 (Breiz
1136 1413 53 22 Atao)

1041 1463 173 21 Mataccina
1219 1464 6 21 !

1063 1500 47 17 Bien
1124 1504 36 17 que
1172 1501 57 16 notre
1242 1504 46 18 pays
1302 1499 39 18 soit
1353 1504 53 14 assez
1420 1500 52 18 riche
1484 1504 24 14 en

1042 1524 134 23 châtaigniers,
1193 1525 69 21 depuis
1277 1525 111 22 longtemps
1405 1530 26 13 un
1451 1526 58 22 grand

1041 1550 72 23 danger
1128 1554 78 14 menace
1219 1554 31 14 ces
1268 1550 65 18 arbres
1350 1550 90 23 précieux
1446 1555 6 13 :
1468 1551 41 18 leur

1041 1575 119 18 destruction
1176 1575 124 23 méthodique
1317 1576 20 17 et
1353 1575 112 18 criminelle.
1486 1576 23 18 Et

1040 1601 42 17 rien
1090 1601 32 17 n’a
1130 1600 31 18 été
1168 1600 37 18 fait
1213 1605 68 13 encore
1289 1605 49 18 pour
1349 1601 95 22 s’opposer
1451 1601 12 17 à
1469 1605 40 14 cer-

1041 1626 61 17 taines
1109 1626 99 22 pratiques
1215 1626 33 22 qui
1257 1626 109 17 entraînent
1373 1626 109 18 fatalement
1489 1627 19 17 la

1040 1651 114 22 disparition
1163 1652 23 16 de
1194 1655 36 14 nos
1238 1651 66 18 arbres
1311 1651 11 17 à
1331 1651 51 22 pain.
1396 1651 51 18 C’est
1459 1651 49 18 ainsi

1039 1681 37 17 que
1083 1680 37 13 nos
1133 1676 136 22 compatriotes
1281 1681 26 13 ne
1320 1680 22 14 se
1355 1677 109 17 contentent
1474 1681 34 18 pas

1040 1702 24 17 de
1070 1705 94 14 ramasser
1170 1701 30 18 les
1208 1701 65 21 fruits,
1282 1701 49 18 mais
1336 1706 48 17 pour
1390 1706 40 13 une
1436 1706 71 14 somme

1040 1725 99 22 dérisoire,
1148 1731 23 13 on
1180 1726 46 18 abat
1234 1727 28 17 les
1276 1727 73 20 arbres,
1360 1731 26 13 on
1398 1727 68 18 mutile
1478 1727 29 18 les

1039 1751 139 22 châtaigneries
1189 1755 49 18 pour
1250 1752 19 17 le
1280 1752 44 22 plus
1339 1752 59 21 grand
1412 1752 59 22 profit
1483 1752 24 18 de

1039 1776 91 22 quelques
1137 1776 98 22 fabriques
1242 1777 25 17 de
1274 1776 90 18 teinture.

1060 1801 25 17 Le
1093 1801 131 18 déboisement
1232 1802 24 17 de
1264 1802 55 17 notre
1326 1801 27 18 île
1360 1803 36 19 est,
1405 1802 24 17 de
1436 1806 22 14 ce
1465 1802 41 21 fait,

1039 1826 74 17 devenu
1122 1826 34 21 tel,
1164 1827 47 21 qu’il
1220 1827 90 18 convient
1318 1827 24 18 de
1350 1827 53 18 créer
1415 1832 27 13 un
1455 1832 53 13 mou-

1038 1851 78 18 vement
1123 1852 21 17 et
1152 1856 23 13 en
1183 1851 50 18 faire
1240 1856 39 13 une
1286 1852 88 21 question
1388 1852 73 18 d’ordre
1474 1857 33 17 pu-

1038 1876 45 21 blic,
1088 1876 25 17 de
1120 1876 55 20 façon
1183 1881 38 17 que
1229 1877 109 17 l’attention
1347 1877 22 17 de
1377 1882 35 13 nos
1419 1877 88 18 adminis-

1039 1902 82 17 trateurs
1129 1902 21 17 et
1156 1901 24 18 de
1188 1906 36 13 nos
1232 1901 41 18 élus
1281 1902 38 17 soit
1327 1902 70 18 attirée
1411 1906 33 14 sur
1457 1903 49 18 cette

1038 1926 81 18 délicate
1127 1926 96 22 question.

1060 1951 56 17 Hélas
1122 1951 5 17 !
1137 1951 171 18 l’administration
1322 1952 72 18 semble
1402 1952 104 18 elle-même

1038 1980 21 13 se
1066 1975 77 18 soucier
1157 1975 38 18 fort
1207 1980 39 17 peu
1253 1976 24 18 de
1290 1977 19 17 si
1323 1981 70 18 graves
1406 1978 99 20 questions

1037 2000 117 18 intéressant
1160 2000 82 18 l’avenir
1249 2001 24 17 de
1280 2002 56 17 notre
1347 2001 96 18 infortuné
1452 2006 52 18 pays.

1058 2025 24 17 Le
1090 2025 69 18 devoir
1166 2025 24 17 de
1198 2026 75 17 chacun
1280 2026 37 21 est,
1332 2025 33 18 dès
1378 2026 125 22 aujourd’hui,

1036 2054 27 12 un
1070 2049 68 18 devoir
1146 2050 22 17 de
1177 2050 121 22 conscience;
1308 2050 14 18 il
1331 2051 42 17 faut
1380 2051 64 18 flétrir
1450 2051 55 23 impi-

1037 2075 128 21 toyablement
1172 2079 50 14 ceux
1230 2075 40 22 qui,
1279 2076 47 17 dans
1341 2080 26 13 un
1380 2076 68 18 avenir
1460 2081 45 17 pro-

1036 2099 60 21 chain,
1107 2101 74 20 auront,
1190 2105 36 18 par
1233 2100 43 18 leur
1285 2100 95 19 blâmable
1393 2101 112 19 désintéres-

1036 2126 79 19 sement,
1124 2125 55 22 privé
1186 2126 30 17 les
1225 2125 122 22 générations
1360 2126 75 18 futures
1449 2127 55 17 d’une

1035 2153 68 14 source
1108 2150 24 18 de
1140 2150 38 21 vie,
1188 2151 47 17 d’un
1242 2150 44 22 pain
1298 2151 105 21 quotidien.

1337 2183 25 19 T.
1372 2183 107 20 Giuliani.

1057 2216 60 22 (Petit
1123 2216 120 23 Marseillais,
1256 2218 47 18 edit.
1315 2218 25 18 de
1348 2218 18 18 la
1374 2217 64 24 Corse)

1034 2267 202 22 IPuliticaccia

1054 2304 49 17 Tout
1111 2308 21 14 se
1140 2304 56 22 tient,
1212 2306 22 17 et
1245 2305 20 18 la
1277 2305 100 23 politique,
1393 2310 24 13 en
1430 2306 70 22 payant

1032 2328 29 18 les
1069 2328 96 23 suffrages
1179 2330 70 21 qu’elle
1264 2330 83 18 sollicite
1357 2336 33 16 par
1397 2331 34 18 des
1438 2331 63 22 places

1033 2354 23 17 de
1065 2354 109 21 douaniers,
1183 2355 88 22 d’agents
1278 2356 24 17 de
1309 2355 69 23 police,
1387 2356 113 23 d’employés

1032 2379 127 22 quelconques
1167 2384 24 14 en
1199 2380 73 19 France
1279 2382 21 17 et
1304 2385 39 14 aux
1348 2381 89 21 colonies,
1446 2386 12 12 a
1465 2386 36 17 peu

1032 2404 11 17 à
1051 2409 36 18 peu
1096 2405 93 22 dépeuplé
1197 2406 30 17 les
1235 2406 87 23 villages,
1333 2407 69 18 raréfié
1414 2407 19 18 la
1443 2407 59 17 main-

1032 2429 85 18 d’oeuvre
1124 2431 70 20 rurale,
1204 2431 62 18 éteint
1273 2432 18 17 la
1299 2431 113 23 production
1419 2432 81 22 agricole

1031 2454 26 18 du
1070 2459 55 18 pays.
1141 2455 29 18 Un
1183 2456 75 18 lecteur
1271 2457 87 17 m’écrit:
1373 2457 67 18 «Vous
1453 2461 47 14 vous

1031 2480 83 22 trompez
1120 2485 5 12 :
1138 2485 21 13 ce
1167 2481 34 21 qui
1208 2482 35 17 tue
1249 2482 20 16 la
1277 2481 65 21 Corse,
1352 2486 21 14 ce
1381 2482 50 18 n’est
1440 2486 34 18 pas
1481 2482 19 18 la

1030 2505 99 22 politique,
1139 2506 48 18 c’est
1193 2506 150 19 l’absentéisme.
1350 2512 8 11 »
1377 2507 16 18 II
1401 2509 48 16 veut
1461 2507 39 18 évi-

1031 2530 98 18 demment
1136 2531 64 21 parler
1208 2531 25 18 de
1245 2531 129 23 l’émigration
1388 2536 45 14 sans
1446 2536 53 14 cesse

1030 2555 103 18 croissante
1141 2556 34 17 des
1183 2556 104 19 insulaires
1296 2557 34 22 qui
1338 2557 41 18 s’en
1386 2558 48 17 vont
1446 2558 54 17 cher-

1030 2580 45 17 cher
1082 2580 78 18 fortune
1167 2581 88 21 ailleurs,
1264 2582 49 17 mais
1317 2582 15 17 il
1341 2583 72 20 n’a;pas
1421 2582 77 18 réfléchi

1029 2609 37 17 que
1073 2605 43 18 ceci
1123 2606 51 17 n’est
1188 2610 38 18 que
1239 2607 19 17 la
1271 2607 129 22 conséquence
1415 2608 23 17 de
1451 2608 46 17 cela.

1536 127 109 22 Quiconque
1665 126 122 22 approfondit
1809 125 159 23 impartialement
1989 124 19 18 la

1536 152 88 21 question
1632 152 30 17 est
1668 151 65 22 obligé
1741 151 24 17 de
1773 152 97 17 constater
1878 155 36 18 que
1929 151 42 17 tout
1982 149 26 18 ici

1537 177 30 16 est
1575 176 65 22 pourri
1650 181 34 17 par
1692 176 17 18 la
1719 175 92 23 politique
1820 176 108 20 électorale,
1938 176 20 17 et
1971 179 37 18 que

1536 201 18 17 le
1562 201 37 18 mol
1607 201 33 22 qui
1649 206 49 13 nous
1706 205 61 18 ronge
1774 201 30 17 est
1811 200 19 18 le
1836 200 86 22 suffrage
1930 200 77 17 univer-

1537 225 35 18 sel.

1558 250 50 18 Pour
1616 256 70 13 sauver
1694 251 19 18 la
1722 251 63 21 Corse,
1795 250 13 17 il
1823 249 85 19 faudrait
1920 250 27 17 lui
1963 250 45 17 don-

1536 279 35 13 ner
1579 280 25 13 un
1613 276 71 22 régime
1693 276 78 21 spécial.
1787 275 46 21 Quel
1849 275 78 22 régime,
1942 275 20 18 et
1974 273 32 23 qui

1536 300 19 17 le
1563 300 27 17 lui
1599 300 98 18 donnera?
1704 301 38 18 Pas
1750 301 29 18 les
1787 299 117 23 politiciens,
1913 299 44 18 bien
1967 299 39 20 sûr,

1536 325 20 17 et
1563 324 28 18 les
1598 325 125 22 journalistes
1732 330 67 13 encore
1807 324 85 19 moins...
1900 325 48 17 Mais
1956 324 14 18 il
1978 324 30 17 est

1536 349 45 21 bon,
1590 350 24 17 de
1624 350 52 18 toute
1685 350 62 21 façon,
1756 355 36 17 que
1800 354 50 13 ceux
1861 349 33 23 qui
1906 350 35 17 ont
1954 348 54 24 quel-

1536 378 38 18 que
1582 375 106 21 sympathie
1702 380 49 17 pour
1766 375 36 18 elle
1814 375 81 18 sachent
1907 380 24 12 au
1944 374 63 19 moins

1536 399 24 17 de
1568 399 44 22 quel
1620 399 67 22 poison
1696 400 39 18 elle
1743 404 22 14 se
1773 401 86 17 meurt...

1802 433 72 18 Henri
1883 433 101 19 Omessa.

1558 465 81 22 {L’Eveil
1646 466 22 18 de
1676 466 19 18 la
1707 467 62 22 Corse)

1535 515 196 21 Lasciacorre

1558 550 77 22 Chaque
1643 551 30 18 été
1681 557 50 13 nous
1739 552 77 18 ramène
1828 552 85 22 toujours
1926 552 29 18 les
1969 552 38 17 mê-

1536 579 40 13 mes
1592 576 108 18 conditions
1717 577 175 23 antihygiéniques,
1909 582 45 13 sans
1970 581 36 18 que

1535 599 42 18 rien
1584 605 24 13 ne
1616 601 70 18 vienne
1701 602 85 18 troubler
1802 602 70 18 l’ordre
1889 603 32 17 des
1938 602 68 18 choses

1536 624 50 18 ainsi
1593 625 65 18 établi.
1667 626 16 18 A
1692 626 74 23 chaque
1779 627 64 18 saison
1857 628 79 20 chaude,
1951 627 55 18 notre

1536 650 46 17 ville
1590 651 31 17 est
1627 651 138 19 littéralement
1778 652 81 18 envahie
1872 657 34 17 par
1918 653 20 17 la
1951 656 56 19 pous-

1536 674 56 22 sière,
1600 680 47 13 avec
1655 676 44 18 tous
1706 677 30 18 les
1744 678 79 22 dangers
1829 678 69 21 qu’elle
1903 678 102 21 comporte,

1536 700 19 17 et
1563 704 34 17 par
1613 701 29 17 les
1659 702 118 22 moustiques
1794 704 137 21 propagateurs
1944 704 24 16 de
1984 707 22 13 ce

1535 724 51 18 fléau
1594 726 111 18 redoutable
1719 727 62 22 qu’est
1793 728 19 17 le
1825 728 113 21 paludisme.
1957 727 49 18 Tous

1535 748 28 18 les
1571 754 42 16 ans,
1622 751 47 17 c’est
1676 752 19 16 la
1704 751 62 18 même
1773 752 87 18 histoire.
1869 752 77 18 Comme
1959 752 48 18 celle

1535 774 24 17 de
1567 774 67 22 Chine,
1644 777 46 20 peut
1703 776 42 19 être
1760 777 51 18 aussi
1825 782 73 13 comme
1911 778 19 17 la
1943 778 62 21 nôtre,

1536 798 36 18 elle
1580 803 24 14 ne
1611 799 37 18 fait
1661 805 37 17 que
1712 805 148 15 recommencer.
1875 802 27 18 On
1917 803 88 21 réclame,

1536 827 23 14 on
1568 828 21 14 so
1597 824 68 22 plaint,
1681 826 49 17 mais
1745 826 29 18 les
1787 827 92 21 pouvoirs
1891 827 78 22 publics
1982 831 24 14 ne

1535 849 42 18 font
1584 849 42 18 rien
1634 854 48 18 pour
1690 855 12 18 y
1710 851 66 21 porter
1784 851 84 18 remède.
1877 851 31 22 Or,
1917 852 15 17 il
1946 852 61 18 serait

1535 875 61 21 temps
1604 879 39 17 que
1651 875 40 18 cela
1699 875 75 22 finisse,
1784 880 32 14 car
1829 877 52 18 cette
1893 878 50 17 lutte
1958 881 48 18 pour

1534 899 19 18 la
1562 900 118 22 sauvegarde
1693 901 24 17 de
1731 901 19 17 la
1765 901 93 18 salubrité
1872 902 91 22 publique
1976 902 31 18 est

1535 924 45 22 plus
1596 924 107 19 nécessaire
1720 926 20 17 et
1751 926 43 21 plus
1811 928 81 21 urgente
1909 927 57 22 qu’on
1982 931 24 14 ne

1535 949 72 18 semble
1614 950 20 17 le
1641 950 63 18 croire
1712 954 25 14 en
1745 950 48 19 haut
1800 951 47 18 lieu.

1866 983 27 20 A.
1902 984 81 19 Tanot.

1558 1010 33 22 (La
1600 1010 57 18 Jeune
1665 1010 60 24 Corse)

1559 1059 25 19 Ce
1592 1060 34 22 qui
1634 1065 22 14 se
1664 1062 78 20 produit
1749 1062 123 22 aujourd’hui
1882 1068 23 13 au
1918 1063 52 22 sujet
1983 1064 23 17 de

1535 1085 156 22 l’augmentation
1699 1087 27 17 du
1733 1087 46 17 tarif
1786 1088 34 17 des
1832 1089 107 21 transports
1949 1088 57 18 mari-

1536 1110 56 18 times
1601 1111 47 18 s’est
1656 1111 88 22 toujours
1759 1113 76 20 produit
1851 1113 124 22 (c’est-à-dire
1988 1114 18 17 la

1535 1134 57 19 Corse
1600 1136 31 17 n’a
1640 1137 54 17 cessé
1702 1137 69 22 depuis
1777 1137 53 22 1768,
1840 1138 60 18 d’être
1910 1140 96 16 tourmen-

1535 1160 31 18 tée
1573 1161 19 17 et
1600 1161 88 18 sacrifiée
1696 1166 35 17 par
1738 1162 29 18 les
1775 1164 160 21 gouvernements
1943 1163 34 23 qui
1985 1168 21 14 se

1535 1186 45 16 sont
1586 1186 110 22 succédé)...

1556 1210 50 17 Pour
1615 1211 43 17 tous
1666 1211 29 17 les
1704 1211 85 19 hommes
1800 1212 88 23 logiques
1896 1214 20 17 et
1930 1214 34 21 qui
1972 1214 34 17 ont

1535 1234 26 17 du
1578 1235 36 17 bon
1631 1239 51 18 sens,
1697 1236 29 17 les
1740 1237 107 22 transports
1863 1238 106 18 maritimes
1981 1243 26 13 ne

1535 1260 45 17 sont
1589 1263 38 18 que
1634 1260 20 17 la
1662 1261 125 18 constitution
1795 1262 34 17 des
1844 1262 86 18 chemins
1947 1263 60 18 ferro-

1535 1284 78 18 viaires.
1624 1284 31 22 Or,
1664 1285 18 18 si
1691 1286 64 18 toutes
1764 1286 27 19 les
1800 1287 37 18 fois
1852 1292 37 18 que
1901 1287 57 19 l’Etat
1970 1288 37 18 fait

1535 1310 108 18 construire
1651 1310 34 18 des
1692 1310 66 23 lignes
1766 1312 23 17 de
1797 1312 87 19 chemins
1891 1313 24 17 de
1923 1313 30 18 fer
1958 1313 49 18 d’in-

1537 1334 48 19 térêt
1592 1335 73 22 public,
1674 1336 34 18 des
1717 1336 61 19 trains
1786 1338 21 17 et
1821 1338 35 18 des
1871 1343 72 18 vagons
1958 1343 48 18 sup-

1535 1360 139 22 plémentaires,
1684 1366 25 13 on
1722 1363 119 21 augmentait
1853 1363 30 18 les
1898 1363 63 22 tarifs,
1976 1364 30 18 les

1535 1390 77 17 usagers
1620 1390 22 13 se
1649 1386 136 19 révolteraient
1793 1389 20 16 et
1820 1392 23 14 ce
1847 1389 61 17 serait
1913 1389 19 17 la
1936 1393 69 18 guerre

1534 1411 58 18 civile
1598 1416 5 16 ;
1613 1412 48 17 mais
1669 1416 22 14 ce
1699 1417 38 17 que
1744 1413 39 17 l’on
1791 1414 54 17 n’ose
1852 1418 35 18 pas
1895 1414 48 18 faire
1957 1419 49 17 pour

1534 1436 110 18 l’ensemble
1657 1437 33 18 des
1709 1437 144 22 départements
1867 1439 89 22 français,
1972 1441 33 21 qui

1535 1462 43 17 sont
1586 1462 89 21 pourtant
1682 1462 106 22 largement
1796 1464 98 18 desservis
1901 1469 35 17 par
1943 1466 63 18 toutes

1535 1487 61 17 sortes
1611 1487 24 17 de
1649 1491 80 18 moyens
1743 1488 25 17 de
1780 1489 103 22 transport,
1898 1494 24 13 on
1936 1490 19 18 le
1971 1491 35 18 fait

1534 1516 45 13 sans
1587 1512 90 22 scrupule
1685 1516 48 18 pour
1741 1513 20 17 la
1769 1512 63 20 Corse.

1556 1536 26 19 Ce
1589 1541 38 17 que
1635 1537 38 17 l’on
1681 1538 54 17 n’ose
1748 1542 33 18 pas
1796 1539 100 22 appliquer
1907 1545 24 13 au
1946 1542 60 21 grand

1534 1562 65 21 public
1608 1562 117 18 continental
1742 1564 77 21 capable
1829 1565 24 17 de
1866 1566 101 22 protester,
1980 1571 25 13 on

1533 1588 48 17 veut
1588 1587 116 22 l’appliquer
1711 1592 26 13 au
1745 1589 125 18 malheureux
1878 1591 64 21 public
1953 1596 53 14 corse

1534 1613 47 17 dont
1587 1612 19 18 la
1614 1612 118 19 soumission
1739 1614 31 17 est
1777 1614 97 19 vraiment
1885 1617 120 21 exemplaire.

1555 1637 35 18 Les
1598 1639 162 20 gouvernements
1768 1639 83 21 français
1862 1641 54 18 n’ont
1923 1646 34 18 pas
1965 1642 12 17 à
1984 1647 22 13 se

1534 1662 58 23 gêner
1600 1667 70 13 envers
1678 1663 19 17 la
1705 1662 59 19 Corse
1771 1665 19 16 et
1799 1664 28 18 les
1843 1664 74 24 Corses,
1934 1671 33 13 car
1980 1667 25 18 ils

1533 1689 68 16 savent
1609 1692 37 18 que
1653 1688 18 17 la
1679 1688 149 22 représentation
1839 1691 23 17 de
1869 1691 41 18 l’Ile
1920 1696 25 14 ne
1952 1697 54 14 cesse

1533 1712 23 18 de
1564 1713 28 17 les
1600 1713 92 18 solliciter
1699 1719 50 17 pour
1757 1715 62 18 toutes
1827 1716 62 18 sortes
1896 1716 24 18 de
1927 1717 78 19 faveurs

1533 1742 25 13 au
1572 1738 59 21 profit
1643 1739 24 17 de
1678 1739 52 18 leurs
1743 1740 140 22 compatriotes.
1896 1742 65 21 Aussi,
1970 1747 35 14 nos

1533 1763 140 21 représentants
1684 1769 24 13 ne
1717 1766 45 17 sont
1771 1769 34 18 pas
1812 1765 66 22 libres,
1890 1771 24 13 ne
1922 1769 84 20 peuvent

1532 1792 35 17 pas
1573 1787 41 19 être
1621 1789 144 22 indépendants,
1771 1791 79 18 attendu
1858 1791 56 22 qu’ils
1923 1794 34 17 ont
1963 1794 42 21 trop

1532 1813 67 17 besoin
1606 1814 34 17 des
1648 1816 166 20 gouvernements.

1554 1838 67 21 Quelle
1626 1843 38 17 que
1668 1839 38 18 soit
1711 1840 43 17 leur
1762 1845 78 17 nuance,
1845 1841 25 18 ils
1878 1843 44 17 sont
1929 1844 76 17 assurés

1532 1863 89 18 d’avance
1634 1864 34 18 des
1682 1865 56 18 votes
1753 1866 33 17 des
1799 1867 140 21 représentants
1953 1869 23 17 de
1986 1870 19 17 la

1532 1887 64 23 Corse,
1610 1893 46 14 sans
1667 1889 113 20 distinction
1795 1891 24 18 de
1833 1892 50 22 parti
1895 1893 22 18 ni
1926 1894 23 17 de
1959 1898 46 17 pro-

1532 1918 91 18 gramme.

1551 1939 92 21 J’insiste,
1654 1941 19 16 et
1679 1940 92 22 j’affirme
1778 1946 37 17 que
1822 1947 36 13 nos
1865 1943 139 22 représentants

1530 1968 25 13 ne
1564 1965 82 20 peuvent
1656 1964 21 18 ni
1685 1966 100 21 protester,
1798 1967 20 17 ni
1826 1967 116 23 interpeller,
1954 1969 21 17 ni
1982 1973 22 14 se

1531 1988 82 18 révolter
1618 1990 65 17 contre
1688 1990 29 18 les
1723 1994 160 19 gouvernements
1888 1994 54 21 quels
1947 1994 57 22 qu’ils

1531 2013 70 22 soient,
1614 2018 55 17 parce
1677 2015 58 21 qu’ils
1743 2018 33 16 ont
1784 2017 42 22 trop
1833 2018 24 17 de
1864 2017 78 19 faveurs
1949 2019 13 17 à
1969 2019 36 18 de-

1532 2038 84 18 mander.

1850 2076 24 18 P.
1885 2076 24 19 O.
1919 2077 58 18 Poli.

1552 2105 77 22 (L’Echo
1637 2105 23 19 de
1667 2106 19 18 la
1694 2106 59 25 Corse)

1691 2200 149 21 BIGTA-CAPU

1546 2520 24 3 —
1577 2511 17 18 A
1602 2511 76 22 qualchi
1687 2512 84 23 ghiornu
1775 2514 112 22 dal’urna.e
1895 2520 27 13 un
1929 2519 70 15 cunus-

1524 2535 51 18 cimu
1586 2541 49 13 ancu
1646 2542 13 13 u
1669 2539 68 16 nostru
1748 2539 54 17 terzu
1812 2540 107 22 candidatu,
1931 2545 11 14 o
1952 2540 45 24 Sgiô

1525 2559 96 24 Capi-mà!
1626 2561 29 18 !...

1547 2595 22 3 —
1578 2586 90 18 Pacienza
1674 2586 5 18 !
1692 2583 14 22 È
1717 2592 34 18 per
1762 2593 13 13 u
1785 2589 30 18 bè.
1829 2589 46 19 Serà
1888 2591 65 21 quellu
1966 2592 31 17 chi

1523 2610 34 22 più
1566 2611 45 17 n’ha
1620 2615 11 14 e
1638 2612 32 17 chi
1677 2613 34 21 più
1720 2613 83 19 colla!...

2155 122 234 69 Risposta

2073 206 12 16 a
2099 199 145 24 llnduvineila
2256 200 21 23 di
2289 207 12 16 u
2313 200 19 23 1u
2345 198 121 25 Settembre

2060 275 22 21 A
2095 275 25 21 vi
2133 275 56 22 dieu
2200 282 6 15 :
2219 282 14 15 a
2245 276 126 26 cusarclJa,

2061 307 51 22 Ora
2123 309 82 27 longa,
2215 315 30 16 or
2256 309 137 26 curtarella,

2060 340 46 22 Chi
2120 342 77 21 riluce
2209 349 71 15 cume
2294 343 70 21 Stella

2060 373 43 23 ’Ne
2115 377 22 20 la
2150 375 91 28 bughia
2253 376 152 26 stanzarella,

2060 429 17 28 È
2089 442 13 15 a
2115 436 118 23 bambace
2245 437 25 22 di
2282 444 13 15 a
2306 439 103 21 lumera.

2059 469 50 22 Ella
2121 469 92 23 c’entre
2224 471 114 26 asciutta,
2352 471 13 22 è
2377 477 67 21 vera,

2059 502 54 26 Poi,
2128 503 22 21 ci
2163 504 79 27 bagna
2254 510 12 15 a
2281 505 141 26 cumudera,

2059 535 94 22 Finchè
2165 537 59 21 dura
2236 538 23 21 la
2272 544 129 21 pumpera.

2060 596 40 22 Ma
2109 597 20 22 si
2142 604 13 15 a
2167 598 90 28 veghia
2267 601 70 20 conta
2347 599 58 27 foie,

2059 630 25 22 Si
2097 637 30 15 cu
2140 638 14 15 u
2167 632 60 21 vinu
2239 633 24 21 di
2278 639 12 15 e
2303 633 108 28 fasgiole

2060 664 111 22 Cantanu
2181 666 23 21 le
2216 667 178 21 cursacchiole:

2060 696 32 23 Sò
2105 698 26 21 in
2144 699 107 22 carbone
2263 706 14 15 e
2290 700 138 28 lucignole.

2150 743 130 23 Anonimu
2292 745 28 21 di
2331 745 145 26 Pioggiola.

2053 791 111 19 L’Anonimu
2171 793 21 17 di
2199 793 102 24 Pioggiola,
2307 799 55 14 cume
2370 800 82 18 sempre,
2459 797 48 17 tras-

2031 816 107 22 gioglidore
2146 817 19 18 di
2173 818 142 23 l’induvinelle,
2324 820 11 18 è
2343 822 54 16 statu
2405 826 14 12 u
2427 821 62 22 primu
2496 826 12 13 a

2031 842 97 17 mandacci
2140 847 11 13 a
2164 843 82 22 risposta
2261 844 59 22 justa.
2337 845 74 18 Ch’ellu
2426 846 18 18 ci
2455 847 52 17 avisi

2031 866 76 22 dunque
2114 866 24 18 da
2145 867 32 18 chi
2185 869 30 17 no’
2222 869 16 18 li
2250 871 99 17 mandimu
2357 875 11 13 a
2376 871 131 22 publicazione

2031 895 99 17 prumessa
2144 893 20 17 di
2178 898 14 12 u
2206 894 66 19 valore
2284 896 46 18 d’un
2344 896 100 22 cinquinu,
2453 897 17 17 a’
2478 897 28 18 so’

2031 916 65 18 scella.

2032 1017 65 19 Canti
2106 1018 93 19 d’Esiliu

2125 1070 89 39 lîoiî’è
2232 1074 163 39 Ghiustizia
2400 1077 10 35 !

2053 1153 27 17 Da
2086 1154 19 17 le
2113 1154 81 19 finestre
2202 1157 51 18 tutte
2261 1157 119 23 alluminate,

2053 1178 122 20 Incantevule
2182 1182 73 17 rnusica
2263 1183 89 22 m’empie
2360 1188 12 13 a
2380 1184 58 18 testa.

2052 1203 17 17 A
2076 1208 14 12 u
2098 1205 87 21 purtone,
2195 1210 87 15 carrozze
2290 1208 22 17 sò
2319 1208 82 18 fermate
2407 1214 6 13 :

2051 1227 22 17 In
2081 1228 84 23 palazzu,
2174 1231 79 22 stasera,
2263 1232 28 18 c’è
2299 1237 48 18 gran
2355 1233 57 18 fesla.

2052 1278 66 19 Donné
2125 1280 67 18 carche
2198 1286 11 13 a
2215 1281 67 19 rieehe
2289 1284 76 18 cullane
2373 1285 62 23 d’oru,

2053 1303 40 18 Cun
2101 1305 39 17 omi
2148 1305 103 23 incipriati,
2260 1312 12 13 a
2280 1308 7 17 i
2296 1309 83 18 tavulini
2385 1315 6 17 ;

2052 1328 22 18 In
2082 1329 93 19 bicchieri
2183 1331 32 18 chi
2222 1333 92 18 valen’un
2321 1335 75 22 tesoru,

2052 1354 79 18 Afiumi
2139 1359 81 15 eorrenu
2229 1358 83 22 pregiati
2320 1360 50 18 vini.

2053 1404 35 18 Più
2096 1405 20 17 di
2125 1406 101 22 cinquanta
2234 1409 53 18 servi
2296 1410 21 18 in
2325 1415 48 18 gran
2381 1412 62 19 livrea

2052 1429 83 19 Portanu
2143 1431 30 18 ciò
2181 1433 33 17 chi
2222 1433 61 19 ferma
2290 1440 12 12 a
2310 1436 57 21 piene
2375 1438 60 17 mani.

2053 1454 21 18 Ci
2082 1455 30 18 n’è
2122 1456 52 18 tantu
2184 1456 5 18 !
2199 1457 56 19 Santa
2265 1459 83 24 Vergine
2356 1466 43 14 mea
2405 1462 5 18 !

2052 1479 26 18 Da
2086 1482 68 21 magnà
2162 1486 27 14 un
2197 1483 119 22 reggimentu
2323 1485 53 23 jorni
2385 1488 48 18 sani.

2051 1530 21 21 E,
2081 1530 79 20 ind’una
2167 1533 65 19 stanza
2240 1536 57 17 sott’a
2305 1536 8 18 i
2321 1538 112 22 sulaghioli,

2052 1555 40 18 Una
2099 1557 62 17 donna
2169 1562 23 13 cu
2201 1563 10 14 e
2219 1560 84 19 membre
2311 1566 48 18 pocu
2365 1567 47 14 sane

2051 1580 65 18 Nanna
2124 1582 129 23 pienghiendu
2261 1586 8 17 i
2278 1587 65 21 poveri
2351 1588 73 22 figlioli

2052 1604 61 20 Ch’un
2122 1611 50 17 ponu
2180 1609 66 19 dorme
2253 1612 165 21 perch’unn’hanu
2427 1619 51 18 pane.

2051 1655 14 18 E
2074 1661 25 13 un
2107 1659 129 18 vecchiarellu
2244 1665 25 14 eu
2277 1662 20 17 lu
2306 1664 86 21 sguardu
2400 1666 70 21 spentu

2052 1680 21 19 Si
2080 1686 24 14 ne
2111 1683 30 17 stà
2149 1684 43 18 solu
2200 1689 10 14 e
2217 1685 66 23 tristu,
2291 1688 40 18 cala
2339 1693 15 13 u
2361 1689 71 22 fronte,

2050 1706 83 22 Espostu
2141 1709 56 21 guasi
2204 1711 53 18 nudu
2266 1716 11 13 a
2286 1717 12 12 u
2307 1713 73 19 fredd’e
2389 1719 14 13 u
2410 1717 68 17 venlu:

2051 1730 87 21 Stanotte
2146 1738 27 13 un
2181 1735 23 21 pô
2212 1736 66 19 dorme
2286 1738 36 18 che
2330 1739 75 18 sott’un
2412 1742 64 21 ponte.

2052 1782 27 17 Ed
2085 1782 11 18 è
2103 1783 117 22 ghiustizia?
2228 1786 49 22 Dite,
2285 1789 38 17 omi
2331 1790 22 17 di
2360 1794 50 15 core:

2051 1804 14 20 È
2073 1808 110 23 ghiustizia,
2192 1813 75 17 mentre
2275 1813 45 19 fanu
2332 1817 101 21 pranzoni,

2052 1832 95 20 Cert’altri
2156 1835 54 19 sìanu
2218 1838 117 19 cundannati
2343 1845 12 13 a
2363 1845 61 18 more,

2052 1857 108 24 Senz’ajutu
2169 1865 10 13 e
2188 1865 24 14 cu
2218 1861 17 18 li
2243 1864 63 22 corp’a
2314 1865 92 23 lampioni
2412 1866 11 18 ?

2050 1908 89 23 L’anima,
2150 1911 21 17 di
2179 1912 100 23 disgustu,
2288 1915 18 17 si
2314 1915 82 23 rivolta,

2051 1933 14 18 O
2074 1934 60 19 ricchi
2143 1937 117 22 tant’egoisti
2270 1944 11 13 e
2288 1940 72 23 ingrali
2370 1941 5 18 !

2050 1958 22 18 In
2080 1963 56 15 nome
2144 1961 20 17 di
2172 1966 12 12 u
2193 1962 87 23 Signore,
2288 1966 79 21 qualchi
2373 1968 34 18 vol
2409 1969 25 21 ta,

2049 1983 46 19 Date
2104 1990 27 12 un
2138 1990 59 18 pezzu
2206 1987 19 18 di
2234 1993 49 17 pane
2292 1990 19 17 ai
2320 1991 114 24 disgraziati
2439 1994 6 17 !

2133 2024 31 19 M.
2172 2025 137 22 Alessandrî
2318 2029 24 19 di
2352 2031 122 20 Chidazzu.

2055 2118 91 24 Sabatu
2161 2128 94 22 scorsu,
2277 2131 12 22 7
2308 2129 141 27 settembre,
2470 2131 33 21 ha

2026 2156 76 18 avutu
2113 2155 58 22 locu
2181 2155 113 25 l’intarru
2304 2160 25 21 di
2343 2166 14 16 a

2096 2198 110 27 Signora
2220 2202 90 24 Cicilia
2324 2206 107 23 Peraldi

2025 2244 81 21 morta
2117 2250 13 15 a
2141 2245 57 23 l’età
2204 2247 180 30 d’ottant’anni,
2394 2252 26 22 in
2429 2254 72 27 Ajac-

2026 2276 48 21 ciu.

2052 2311 24 20 A
2099 2317 13 15 e
2136 2312 111 30 famigiie
2271 2316 107 28 Peraldi,
2405 2320 95 27 Cuneo,

2026 2343 75 23 Pozzo
2117 2345 25 22 di
2157 2347 90 29 Borgo,
2270 2350 103 23 Galloni
2392 2353 109 28 d’Istria,

2024 2375 188 32 Stephanopoli,
2249 2382 116 25 Colonna
2395 2387 106 27 d’Istria,

2024 2415 66 17 vanu
2110 2418 14 15 e
2135 2416 85 20 nostre
2246 2422 144 19 cummosse
2410 2422 93 22 cundu-

2023 2445 105 27 glianze.

2022 2575 99 23 Aiacciu
2130 2589 29 5 —
2171 2578 136 31 Stamparia
2320 2583 25 22 di
2360 2585 24 20 A
2395 2584 104 29 Muvra,

2005 2608 7 35 j
2022 2620 16 17 u
2050 2614 242 29 Direttore-Gerenté:
2301 2620 73 24 Petru
2385 2622 113 24 ROCCA.

45 2712 100 23 Fnglittinu
152 2715 20 18 di
178 2713 207 20 AMuvra-n.133-
392 2713 37 19 diu
438 2713 73 19 -15-9-29

67 2777 241 55 PâSQUÂlE
341 2777 145 48 PÂ0L1

242 2855 65 19 OSSIA

89 2897 34 36 La
140 2900 77 37 Kotla
233 2900 32 37 di
278 2900 176 35 Pôntenuovo

47 2956 267 29 RACONTOCORSO
320 2959 187 24 DELSECOLO

229 3001 83 23 XVIII

260 3044 23 18 DI

131 3082 33 24 F.
178 3082 37 24 B.
232 3081 176 25 Guerra^zi

66 3147 100 28 Ridotto
180 3159 14 15 a
210 3153 79 26 pietra
313 3151 25 22 di
361 3150 148 27 archibugio

40 3180 21 22 io
83 3185 150 26 sperimento
257 3185 75 22 unico
352 3185 26 21 in
401 3182 83 27 bontà,
495 3189 14 15 e

40 3218 94 22 quando
146 3219 27 21 in
184 3219 35 21 lui
231 3219 21 21 si
265 3218 110 28 rifrange
385 3218 25 21 la
419 3222 90 21 vampa

40 3247 58 24 délia
109 3252 113 26 polvere,
235 3257 70 16 corne
316 3253 74 19 avete
412 3251 96 31 notato^

40 3278 80 27 balena
130 3290 7 15 :
161 3289 32 16 ne
215 3284 31 21 ho
258 3284 27 21 in
309 3284 71 21 serbo
395 3282 114 28 parecchj

40 3317 60 21 pezzi
112 3323 14 15 e
139 3323 31 15 ve
194 3322 31 16 ne
248 3316 96 23 donerò
355 3321 50 16 uno
416 3321 14 16 0
443 3315 48 21 due
502 3320 5 20 ;

40 3350 113 21 cOnsento
176 3351 35 27 gli
242 3350 153 28 adoperiate,
418 3347 92 30 perché

37 3383 46 20 non
94 3383 81 21 vuolsi
184 3385 137 21 trascurare
327 3384 65 21 nulla
402 3383 106 27 diquan-

71 3415 56 22 vale
138 3421 13 15 a
164 3415 112 24 incutere
288 3417 43 22 nei
353 3417 92 22 nemfci
458 3418 51 20 ter-

36 3448 53 20 rore
101 3454 13 15 e
127 3449 68 27 negli
202 3450 72 21 amici
288 3456 134 16 reverenza
432 3456 6 15 :
450 3450 56 21 solo

35 3477 79 26 tenete
125 3482 26 21 in
162 3482 55 25 voi,
226 3482 92 27 perché
330 3483 39 22 chi
378 3483 129 28 dicequel-

36 3508 23 22 io
69 3513 45 23 che
126 3521 26 16 sa
164 3521 14 16 e
190 3515 83 22 niente
286 3517 80 26 serba,
374 3516 131 28 puôanda-

37 3546 24 16 re
71 3551 45 17 con
127 3549 23 21 le
162 3549 61 22 altre
234 3548 79 22 bestie
326 3555 12 15 a
354 3555 101 22 pascere
465 3555 39 16 er-

73 3582 94 22 ;—cosi
182 3583 96 21 almeno
301 3582 202 29 m’insegnarono

35 3604 9 23 i
55 3612 90 24 vecchi.

567 2713 50 22 Ora
628 2714 104 21 accsdde
743 2715 65 20 certa
819 2719 63 20 sera,
894 2713 46 22 che
953 2713 53 22 Clé-

537 2750 82 19 mente
632 2753 13 16 e
656 2748 126 21 Altobello
795 2747 108 22 uscendo
915 2747 39 21 dal
964 2752 43 22 ge-

537 2782 91 25 nerale,
641 2781 17 21 il
670 2781 81 27 primo
762 2781 96 21 dicesse
869 2787 6 14 :
885 2780 57 21 —la
952 2786 53 15 sera

537 2814 14 21 è
562 2815 100 27 proprio
672 2815 70 27 quale
751 2815 62 21 deve
826 2819 180 22 essercompar-

536 2853 27 16 sa
571 2853 13 16 a
598 2847 48 22 Dio
659 2848 183 27 dopocheebbe
853 2850 119 19 attaccato
982 2847 23 21 al

536 2883 71 24 posto
617 2882 54 21 lôro
683 2882 23 21 le
719 2882 82 25 stelle;
814 2887 15 15 e
841 2881 44 22 che
907 2881 55 22 altri
972 2886 32 16 ne

536 2915 80 26 pensi,
628 2920 13 16 a
653 2920 40 16 me
705 2915 68 27 piace
785 2914 44 28 più
834 2916 22 20 la
862 2917 69 19 notte
939 2920 66 16 sere-

536 2953 30 16 na
577 2953 47 17 con
635 2948 23 21 le
670 2949 71 21 stelle
753 2949 52 21 sole
817 2948 45 21 che
879 2953 47 16 con
936 2948 22 21 la
969 2948 36 21 lu-

535 2987 30 15 na
574 2987 6 16 :
594 2981 25 22 in
632 2981 86 22 effetto
738 2983 94 26 questa,
855 2981 90 22 vestita
960 2986 44 22 per

536 3014 51 22 cosi
599 3015 53 22 dire
675 3015 63 22 delle
761 3015 97 27 spoglie
881 3015 41 21 del
941 3016 61 25 sole,

535 3054 49 18 non
596 3049 34 22 mi
644 3054 129 17 commove
780 3050 38 20 coi
826 3049 55 22 suoi
888 3049 116 27 splendo-

535 3084 21 21 ri
568 3083 120 25 accattati,
700 3085 96 19 mentre
808 3082 19 22 il
849 3087 102 17 numéro
968 3083 36 21 in-

535 3117 71 22 finito
617 3117 64 21 delle
693 3116 70 21 stelle
773 3116 35 22 mi
820 3117 88 20 attesta
922 3117 23 20 la
955 3122 49 15 ma-

535 3150 134 27 gnificenza
682 3149 24 22 di
719 3149 49 22 Dio
793 3154 68 17 corne
873 3150 16 21 il
902 3155 66 16 mare
979 3150 24 21 di

535 3184 55 21 luce
598 3183 46 22 che
652 3183 75 28 piove
735 3183 42 28 giù
786 3183 40 22 dal
834 3183 52 22 sole
894 3189 6 15 :
911 3183 94 22 movia-

537 3217 64 21 moci
613 3217 100 26 dunque
727 3222 44 21 per
794 3218 86 26 queste
903 3217 84 21 ombre
996 3223 6 20 ;

537 3250 124 22 odoriamo
671 3249 95 22 l’odore
777 3249 40 21 dei
830 3249 108 26 mucchi,
955 3250 49 21 rin-

536 3282 171 22 freschiamoci
720 3282 45 21 alla
788 3282 82 21 brezza
891 3282 45 21 che
957 3283 46 21 tira

536 3315 39 22 dal
587 3316 92 23 monte,
691 3314 117 27 godiamo
820 3314 9 21 i
841 3314 57 21 doni
907 3315 24 21 di
945 3314 56 23 Dio.

564 3348 134 22 Assentiva
722 3347 134 27 Altobello,
880 3354 13 15 e
916 3348 51 22 cosi
978 3349 24 21 di

534 3383 188 27 ragionamento
733 3381 26 21 in
769 3382 196 27 ragionamento,
977 3382 25 21 di

534 3422 74 22 passo
621 3416 25 21 in
657 3420 73 22 passo
743 3416 20 21 si
774 3416 135 21 trovarono
917 3415 86 22 dinan-

532 3451 21 20 zi
566 3451 22 20 al
612 3450 158 25 camposanto
792 3448 25 21 in
841 3448 111 22 custodia
962 3449 39 21 dei

532 3483 70 28 padri
612 3481 126 28 capuccini
750 3488 6 19 ;
768 3482 23 21 lo
808 3482 149 22 circondava
967 3488 33 15 un

531 3522 70 16 muro
613 3522 13 15 a
638 3520 77 20 secco,
728 3515 30 20 ed
769 3520 61 16 anco
842 3521 32 15 un
891 3515 110 21 cancello

529 3551 25 20 lo
574 3549 127 25 chiudeva,
722 3547 57 28 perô
804 3553 69 16 senza
883 3553 116 20 serrame,

530 3583 175 27 impedimento
729 3581 45 21 aile
800 3580 86 26 bestie,
908 3586 50 16 non
975 3581 23 21 ai

529 3616 125 22 visitatori
679 3614 45 22 che
753 3615 124 27 potevano
909 3614 90 27 apririo

1033 2719 52 21 solo
1094 2718 45 22 che
1151 2719 24 22 lo
1187 2725 118 17 avessero
1316 2721 122 27 sospinto.
1444 2720 57 23 Clé-

1033 2753 82 20 mente
1138 2753 21 20 si
1171 2752 116 22 soffermò
1311 2759 13 16 e
1336 2754 65 21 disse
1411 2760 7 15 :

1059 2796 28 5 —
1097 2784 42 23 Oh
1149 2785 5 21 !
1166 2786 65 21 mira
1245 2792 32 15 un
1292 2786 41 28 po’
1345 2787 63 22 dove
1420 2787 22 22 ci
1454 2787 46 22 sia-

1032 2823 41 17 mo
1083 2819 122 26 condotti,
1219 2819 66 22 forse
1297 2826 49 16 non
1357 2826 71 16 senza
1447 2826 52 21 per-

1032 2851 121 22 missione
1164 2852 25 21 di
1210 2852 49 22 Dio
1269 2860 7 19 ;
1291 2854 121 21 entriamo
1424 2859 13 15 a
1447 2859 52 21 pre-

1031 2890 59 22 gare
1103 2886 41 27 pei
1163 2886 80 21 nostri
1264 2892 26 15 se
1311 2887 125 28 vogliamo
1455 2887 44 22 che

1032 2919 55 20 altri
1111 2918 88 28 preghi
1223 2925 45 21 per
1288 2921 53 21 noi.
1364 2919 31 22 La
1416 2922 82 19 natura

1032 2951 88 22 manda
1141 2952 24 21 la
1187 2952 100 28 rugiada
1307 2954 23 21 ai
1350 2953 63 25 fiori,
1431 2959 39 16 ma
1480 2953 18 25 il

1031 2984 117 28 suffragio
1160 2986 47 21 aile
1219 2986 82 21 anime
1312 2988 80 27 spetta
1403 2987 95 21 manda-

1032 3021 26 18 te
1069 3018 21 21 ai
1098 3018 55 21 vivi
1163 3024 6 20 ;
1179 3030 29 4 —
1217 3024 15 16 e
1239 3019 24 21 la
1273 3020 132 28 preghiera
1416 3019 81 28 giusto

1031 3051 14 21 è
1054 3051 24 21 la
1087 3051 103 28 rugiada
1201 3053 41 26 pei
1254 3053 104 22 defunti.

1057 3095 28 5 —
1093 3084 151 27 Volentieri,
1256 3087 88 27 signor
1357 3085 125 23 Clemente
1490 3092 6 20 ;

1031 3117 89 29 perché
1143 3119 22 21 la
1192 3120 126 27 maggiore
1347 3121 151 22 contentezza

1031 3151 62 22 ch’io
1106 3151 72 22 abbia
1189 3154 103 25 provata
1305 3153 148 27 nelmondo,
1464 3155 33 21 mi

1031 3190 81 16 venne
1123 3185 40 22 dal
1173 3191 104 22 pregare
1294 3187 41 27 pei
1358 3187 73 20 morti
1442 3193 6 19 ;
1460 3187 37 23 cio

1031 3217 23 22 fa
1065 3218 62 22 bene
1137 3225 14 15 a
1159 3219 47 21 due
1215 3225 6 19 ;
1230 3220 46 21 aile
1284 3220 91 24 anime,
1383 3218 51 27 che,
1443 3225 55 17 sen-

1031 3251 97 21 tendosi
1140 3252 123 21 ricordate
1275 3258 46 16 con
1333 3258 90 20 amore,
1435 3253 63 22 sicu-

1031 3286 112 19 ramente
1163 3284 101 23 devono
1282 3286 116 25 esultare;
1423 3291 13 16 a
1456 3287 40 21 noi

1031 3315 45 22 che
1100 3321 31 16 ne
1152 3317 118 28 pigliamo
1281 3323 114 23 speranza
1406 3319 25 21 di
1448 3325 48 16 non

1030 3354 83 17 essere
1128 3355 15 16 a
1158 3352 86 20 nostra
1261 3353 67 20 volta
1352 3351 111 28 obbliati,
1482 3359 15 15 e

1031 3387 46 16 con
1090 3385 86 24 questa
1199 3389 115 22 speranza
1324 3383 23 22 ci
1359 3385 74 22 viene
1442 3385 55 22 l’ar-

1030 3415 52 21 dire
1106 3416 63 21 delle
1191 3417 65 22 belle
1268 3422 66 17 cose.
1347 3416 30 22 La
1386 3418 111 28 preghie-

1029 3453 26 16 ra
1066 3448 24 22 io
1104 3449 73 22 credo
1195 3450 46 22 che
1254 3451 36 21 sia
1305 3450 90 22 l’unico
1404 3453 90 25 tesoro,

1030 3480 44 22 che
1105 3484 96 20 mentre
1233 3483 148 22 arriccbisce
1408 3485 38 22 chi
1469 3485 25 21 lo

1029 3514 86 21 riceve
1126 3520 50 16 non
1189 3516 137 28 depaupera
1340 3516 38 22 chi
1390 3518 24 21 lo
1426 3517 46 23 dà.>

1055 3547 33 21 Ed
1100 3550 134 20 entrarono
1245 3551 40 20 nel
1292 3553 165 24 camposanto,
1468 3551 26 21 in

1027 3580 77 22 fondo
1115 3581 23 20 al
1149 3583 71 25 quale
1231 3584 69 20 stava
1317 3588 48 15 una
1387 3585 107 26 cappella

1028 3614 39 21 col
1076 3614 97 26 portico
1186 3615 25 21 di
1223 3622 32 15 un
1267 3621 56 16 arco
1347 3617 52 21 solo
1423 3623 13 16 e
1447 3618 46 21 due

1526 2717 134 24 fmestrelle
1672 2720 26 21 di
1710 2727 48 21 qua
1770 2728 13 15 e
1795 2723 25 21 di
1832 2723 24 22 là
1867 2724 63 22 dalla
1942 2731 57 21 por-

1527 2752 24 20 ta
1562 2752 82 22 donde
1655 2754 118 23 uscivano
1784 2757 71 28 raggi
1868 2758 61 21 dalla
1939 2759 60 22 lam-

1526 2785 62 26 pada
1598 2786 45 21 che
1652 2787 93 22 .ardeva
1757 2789 87 23 dentro
1868 2791 97 23 dinanzi
1975 2794 23 21 al

1526 2822 161 24 sacramento,
1700 2826 13 16 e
1726 2822 21 21 si
1760 2824 183 28 prolungavano
1958 2827 40 26 pei

1526 2857 87 22 campo
1625 2852 40 22 dei
1674 2855 85 22 morti.

1553 2883 99 29 Serena,
1665 2887 22 21 la
1699 2887 68 28 figlia
1778 2889 110 23 desolata
1898 2891 100 23 delLuc-

1526 2917 52 22 ciso
1600 2919 135 28 Albertini,
1758 2928 83 17 mossa
1863 2925 77 22 anche
1950 2927 47 21 ella

1525 2950 101 24 dall’ora
1636 2955 77 20 mesta
1726 2961 13 15 e
1751 2956 62 22 dalla
1825 2957 70 22 dolce
1906 2960 91 27 stagio-

1525 2990 40 20 ne,
1578 2985 63 22 senti
1664 2987 124 23 desiderio
1812 2991 25 21 di
1861 2992 135 22 visitarela

1524 3019 84 21 tomba
1620 3020 40 21 del
1670 3021 76 26 padre
1766 3028 44 17 suo
1821 3030 6 20 ;
1848 3025 59 27 perô
1930 3032 32 15 ne
1972 3027 24 21 la

1525 3052 178 24 dissuadevano
1726 3055 18 22 il
1754 3058 106 21 trovarsi
1884 3060 59 26 sola,
1966 3060 30 21 ed

1525 3085 77 22 anche
1613 3087 18 21 il
1641 3087 90 23 timoré
1744 3089 24 22 di
1780 3091 104 26 qualche
1900 3093 96 27 perico-

1524 3120 25 21 lo
1560 3125 6 20 ;
1578 3125 49 17 non
1641 3123 113 25 pertanto
1767 3129 70 16 corne
1856 3127 78 25 queila
1950 3127 45 22 che

1525 3153 109 22 animosa
1659 3160 40 16 era
1718 3157 88 26 molto,
1830 3158 65 27 dopo
1918 3160 77 23 brève

1525 3186 92 22 dubbio
1629 3188 21 20 si
1662 3188 68 22 cinse
1741 3192 66 20 sotto
1819 3192 24 20 le
1861 3193 101 22 faldette
1972 3195 23 21 la

1525 3220 123 22 carchiera
1659 3223 102 25 paterna
1773 3228 45 17 con
1841 3225 24 21 le
1880 3226 91 27 pistole
1981 3233 13 16 e

1523 3253 25 21 lo
1561 3253 63 26 stilë,
1638 3259 13 15 e
1662 3254 21 21 si
1695 3255 75 22 avviô
1780 3257 25 20 al
1825 3262 168 23 camposanto.

1524 3284 74 23 Senza
1610 3286 45 21 che
1671 3288 90 21 alcuno
1769 3288 224 27 l’avvertisseandò

1524 3319 62 21 oltre
1595 3325 6 20 ;
1614 3319 154 23 inosservata
1779 3322 31 21 da
1831 3324 57 21 tutti
1909 3325 86 29 s’ingi-

1523 3352 105 23 nocchiò
1638 3358 74 22 sopra
1723 3355 24 21 la
1758 3355 65 22 fossa
1846 3357 41 22 del
1907 3360 84 27 padre,

1523 3386 101 22 intorno
1634 3387 45 23 alla
1691 3388 73 27 quale
1774 3395 78 16 aveva
1862 3390 61 23 fatto
1934 3398 60 16 con-

1523 3419 73 21 durre
1619 3425 48 16 una
1689 3423 68 19 rosta
1777 3427 45 21 per
1847 3426 145 26 proteggere

1523 3453 60 20 cesti
1595 3453 25 21 di
1633 3453 77 22 salvia
1723 3460 13 15 e
1749 3455 71 27 spigo
1832 3461 14 15 e
1857 3462 56 17 rose
1925 3459 67 26 pian-

1521 3486 75 21 tatevi
1608 3492 6 19 ;
1627 3487 70 26 quivi
1709 3487 22 21 si
1743 3487 142 28 genuflesse
1897 3497 13 15 e
1923 3492 69 27 pian-

1521 3524 27 15 se
1560 3519 38 21 col
1610 3524 84 17 cuore.
1706 3519 99 23 Mentre
1816 3522 45 22 che
1872 3524 21 21 si
1909 3526 83 21 tratte-

1521 3552 97 21 nevain
1631 3554 95 20 cotesta
1732 3559 75 21 opéra
1815 3556 49 26 pia,
1872 3563 57 16 ecco
1935 3564 56 16 sen-

1519 3586 26 19 te
1555 3584 19 22 H
1584 3590 85 21 presso
1681 3586 92 22 levarsi
1785 3593 32 15 un
1826 3590 96 27 sospiro
1934 3597 56 21 pro-

1520 3617 86 26 fondo,
1618 3623 50 17 uno
1681 3619 88 27 diquei
1780 3622 100 27 sospiri,
1892 3623 46 22 che
1949 3624 40 22 chi

2024 2733 45 21 per
2079 2734 76 21 prova
2167 2730 85 23 dolore
2266 2733 101 23 intende
2380 2741 26 16 sa
2431 2742 69 17 corne

2023 2762 118 27 traggano
2154 2770 56 16 seco
2223 2767 93 24 grande
2326 2771 71 24 parte
2417 2771 84 21 dell’a-

2023 2794 67 22 nima

2086 2828 64 27 Quai
2163 2836 13 16 e
2188 2831 38 22 chi
2240 2838 74 22 geme
2320 2835 13 20 ?
2352 2835 146 31 interroggô

2023 2859 99 24 Serena.

2049 2895 123 24 —Ohimè
2182 2898 5 21 !
2200 2899 24 21 le
2236 2899 26 22 fu
2284 2901 122 28 risposto,
2418 2910 32 16 un
2463 2905 37 21 in-

2022 2927 73 23 felice
2113 2929 46 22 che
2181 2931 91 29 piange
2288 2940 74 22 sopra
2386 2937 18 21 il
2415 2943 45 16 suo
2472 2938 26 21 fi-

2022 2962 96 26 gliuolo
2130 2963 111 24 defunto.

2087 2995 33 21 Ed
2133 2997 25 22 io
2170 2998 90 29 piango
2272 3001 18 21 il
2299 3002 75 26 padre
2384 3004 112 26 perduto.

2087 3028 76 24 Certo
2174 3032 78 23 anche
2277 3038 86 24 questa
2382 3036 14 22 è
2406 3039 92 26 grande

2022 3064 125 26 sventura,
2154 3070 39 16 ma
2202 3066 22 21 la
2232 3066 172 25 Provvidenza
2413 3071 87 23 ordinô

2022 3095 46 21 che
2099 3096 18 22 il
2139 3101 86 19 nostro
2249 3102 201 29 pellegrinaggio
2472 3106 28 23 jn

2021 3131 86 24 questa
2116 3131 54 22 vita
2180 3137 89 18 avesse
2280 3141 34 15 un
2324 3137 117 22 termine.

2086 3162 48 23 Pur
2144 3166 100 27 troppo,
2257 3173 40 16 ma
2322 3175 50 16 non
2393 3172 66 21 voile
2473 3173 24 20 la

2022 3195 177 30 Provvidenza,
2208 3201 51 21 anzi
2268 3202 68 22 vietò
2350 3203 47 22 che
2408 3208 88 24 questo

2020 3229 197 30 pellegrinaggio
2247 3233 70 24 fosse
2351 3236 145 24 abbreviato

2021 3261 63 22 dalla
2115 3269 73 17 mano
2217 3266 135 24 dell’uômo
2368 3275 6 19 ;
2410 3271 31 20 ed
2469 3271 25 22 io

2020 3294 35 21 mi
2074 3297 73 20 trovo
2166 3297 96 23 innanzi
2282 3302 86 27 tempo
2388 3303 85 22 orfana
2483 3310 14 15 e

2020 3328 62 21 sola.

2048 3359 32 23 La
2099 3367 63 17 voce
2182 3364 45 22 che
2247 3372 108 17 moveva
2376 3372 68 20 certo
2465 3372 30 21 da

2019 3400 107 20 persona
2148 3398 113 26 giacente
2285 3401 119 23 dall’altra
2428 3407 67 24 parte

2020 3427 64 22 délia
2103 3432 67 20 rosta
2187 3432 21 21 si
2228 3433 91 23 rimase
2336 3436 116 27 alquanto
2468 3439 25 20 di

2018 3461 93 27 tempo,
2124 3464 43 26 poi
2179 3466 98 27 riprese
2286 3467 44 27 più
2338 3468 66 23 fioca
2412 3470 24 22 di
2443 3472 50 26 pri-

2017 3499 41 16 ma
2066 3500 6 15 :
2080 3505 27 6 —
2118 3502 39 15 ma
2169 3504 61 20 pure
2243 3499 13 22 è
2269 3501 87 22 scritto
2369 3502 46 22 che
2426 3504 8 21 i
2441 3503 51 28 figli

2017 3529 189 25 sopravvivano
2217 3533 25 21 ai
2255 3534 79 26 padri.

2187 3598 156 31 (Cuntinua)
