2550 3858
144 550 60 30 Un
229 549 108 30 Fattu
360 553 138 27 stranu

19 635 51 20 «ffjjje,
79 628 80 21 essendu
167 627 21 18 di
201 627 84 18 serviziu

55 653 102 23 Cunsulalu
166 652 20 17 di
194 652 79 18 Francia

17 671 83 32 Lstacci
107 677 51 19 vinti
166 677 110 22 quattr’ore,

17 698 11 23 l
34 709 26 21 cbi
67 707 19 17 lu
95 705 62 19 tempu
167 706 26 13 un
200 701 25 17 mi
235 705 72 17 manea,

17 733 56 25 Faccin
78 729 73 20 ehiama
158 731 11 13 a
173 727 19 16 la
198 726 38 17 miò
243 726 53 17 Musa
302 731 5 12 :

18 762 36 21 yale
58 762 11 14 a
78 758 53 21 pena,
142 757 11 13 a
161 751 47 18 dilla
216 751 71 18 franca.

21 834 6 9 »
36 827 36 20 Yjta
79 820 56 21 unn’è
143 819 61 18 rnicca
212 818 49 18 male
267 822 5 17 ;

17 856 18 20 pi
42 847 70 22 «uardia
120 850 11 12 a
140 845 19 17 lu
169 843 91 20 Consulat,

18 882 16 19 si
40 875 68 21 vedenu
116 868 100 20 damicelle

18 906 18 18 Di
42 900 43 20 tutte
93 898 18 17 le
119 893 72 24 qualité
198 897 5 17 ;

17 916 53 34 Jac'è
78 921 67 20 dirittu
153 924 11 13 a
172 917 105 24 guardaJle,

17 955 49 20 Senza
72 944 76 27 pudecci
156 943 59 23 parla.

17 1016 82 27 gpeghiu
107 1019 21 13 su
136 1012 19 18 le
163 1010 90 21 francesi,

16 1045 43 21 pelle
66 1041 50 18 finie
124 1042 11 14 e
143 1037 95 19 culutlate
245 1041 5 16 ;

16 1071 19 20 YJ
41 1068 67 18 diceau
114 1069 5 12 :
128 1063 38 17 «-No
173 1061 56 24 speal;
235 1059 75 25 frenchn

15 1096 16 19 Si
38 1096 30 20 per
76 1094 44 15 casu
129 1088 19 17 le
156 1087 81 23 parlate.

16 1120 28 19 ->'a
51 1118 18 17 la
76 1114 45 20 ciltà
132 1112 19 19 di
160 1111 106 22 Shanghai,

15 1146 23 18 Oli
44 1142 5 18 !
57 1140 70 24 quante
135 1139 17 17 ci
160 1142 26 14 ne
195 1137 77 18 truvate
279 1135 5 17 !

14 1210 45 22 Fassi
66 1213 56 17 passa
130 1210 33 18 per
171 1204 80 23 Inglesi,

15 1235 40 22 Gbiè
62 1234 18 18 la
88 1233 28 18 so’
124 1230 99 20 mentalité
229 1235 6 16 ;

33 1260 49 20 dilla,
91 1263 26 12 un
125 1256 18 18 si
150 1255 116 21 crederebhi,

17 1278 85 29 ’purtant’è
108 1283 19 17 la
135 1281 69 19 verità.

18 1309 47 22 Ci’ol’
76 1307 86 19 d’andàa
173 1307 20 17 lu
203 1306 97 18 stranieru

15 1338 28 18 Per
50 1333 49 24 pudè
107 1333 48 18 hede
163 1337 10 13 e
183 1332 59 18 tuccà.

13 1407 18 19 Bi
37 1404 46 19 dissi
92 1402 63 19 ch’era
162 1402 20 18 di
191 1401 86 22 guardia,

12 1433 18 18 la
36 1431 61 18 forma
105 1428 20 18 di
132 1427 106 23 pulizzeru.

12 1455 103 21 Essendune
123 1453 89 19 militare,

11 1483 18 18 Si
36 1480 95 19 obhidisce
139 1483 11 13 a
157 1479 22 17 lu
188 1477 95 19 mistieru.

10 1508 33 18 Per
49 1505 53 18 furni
109 1502 148 25 rinsignamenti

10 1534 15 17 A
31 1531 107 23 qualunque
146 1529 105 18 furesleru.

9 1600 27 19 S’è
43 1598 106 23 prisentala
156 1601 39 13 una
209 1596 68 20 donna,

10 1625 79 19 Ghiustu
96 1623 89 18 davant’a
192 1622 22 17 lu
221 1622 55 22 postu
283 1625 6 17 ;

9 1649 96 22 Interrugô
112 1653 12 13 a
132 1647 108 21 seatinella,

9 1676 27 19 Ma
49 1675 63 22 quella
120 1678 40 13 nun
168 1673 40 18 l’ha
221 1672 90 22 rispostu,

9 1701 32 18 Chi
48 1700 78 23 parlava
132 1699 22 17 iu
161 1698 73 18 talianu

8 1727 28 18 Ma
43 1725 45 18 c’un
95 1725 50 17 forte
156 1724 80 18 accentu
249 1726 64 14 corsu.

8 1794 66 19 Subitu
79 1793 60 23 aghiu
146 1792 86 23 judicatu

8 1819 97 19 Ch’ell’era
112 1818 88 18 sumente
207 1821 60 14 corsa.

8 1844 66 19 Pensai
82 1844 20 18 di
110 1842 128 23 quistiunalla

9 1871 33 18 Per
50 1871 56 16 sente
114 1869 19 17 la
141 1869 27 17 so’
177 1868 91 21 risposla,

10 1896 24 18 Ma
42 1899 28 13 un
78 1894 52 22 sapia
137 1894 55 17 s’ella
199 1896 33 14 era

10 1919 84 20 Maritata
102 1923 11 13 o
121 1918 120 23 giuvanotta.

10 1988 60 19 Allora
79 1987 26 17 mi
113 1986 23 18 sò
144 1987 100 20 avanzatu,

11 2012 94 19 Dicendulï
112 2016 5 13 :
124 2017 9 10 «
141 2011 121 19 Permettite.

10 2037 80 19 Distînta
98 2036 139 22 madamîcelia,

11 2064 12 18 0
31 2063 85 18 madama
124 2062 30 17 chi
162 2062 30 17 bo’
201 2061 38 18 site
245 2066 5 16 ;

11 2089 21 18 Sò
40 2089 69 21 prontu
116 2092 35 18 per
159 2086 119 24 rinsignabbi

10 2114 20 18 Di
37 2113 30 18 ciò
75 2113 32 18 cbi
115 2113 31 17 bo’
155 2117 26 13 un
189 2111 107 19 eunuscite.
303 2117 9 11 »

10 2182 23 18 Mi
42 2182 73 22 rispose
123 2185 11 14 a
141 2185 49 18 capu
200 2180 58 18 bassu

11 2207 25 18 Cu
44 2207 94 18 l’accentu
146 2207 100 17 livurnese
252 2210 6 13 :

11 2239 8 10 «
23 2232 24 19 Sô
55 2232 32 18 dui
96 2236 33 14 ore
137 2232 36 18 cbe
181 2231 21 18 sò
211 2231 19 18 in
239 2234 55 15 cerca

11 2258 19 17 Di
39 2262 11 13 a
57 2256 115 20 cuncezione
180 2256 95 18 francese.

12 2283 16 18 Si
37 2283 30 18 bo’
76 2283 38 18 site
122 2282 137 22 cumpiacente,

11 2308 22 18 Vi
41 2307 97 24 ringraziu
147 2308 115 18 caramente.
270 2312 10 11 »

12 2382 7 10 «
24 2375 24 19 Se
55 2376 30 18 bo’
93 2381 27 13 un
127 2376 65 18 bulete
198 2375 36 18 cbe
239 2379 76 18 quessa,

12 2401 22 19 Sò
42 2406 11 13 a
61 2402 65 18 bostra
134 2401 137 22 dispusizione.

11 2427 148 21 Dutnandalemi,
169 2426 91 20 madama,

12 2451 110 23 Qualunque
133 2451 128 23 spiegazione.

12 2477 35 18 Per
54 2482 37 17 me,
100 2477 20 18 di
129 2477 53 22 parlé
189 2481 37 13 cun
236 2477 30 17 vol

12 2502 34 18 M’è
54 2507 38 13 una
99 2501 134 20 cuasulazione
241 2501 20 18 !»

14 2563 54 19 «Non
76 2564 127 19 michiamate
211 2565 93 21 madama,

14 2589 23 17 Vi
44 2594 65 18 prego,
119 2590 38 17 mio
166 2593 44 14 caro
218 2589 68 18 amieo.

14 2613 93 24 Sappiate,
117 2615 26 18 mi
150 2620 38 13 son
196 2619 86 19 ragazza,

13 2638 40 19 Non
60 2639 26 19 ho
94 2644 68 15 ancora
171 2640 78 18 marito.

14 2663 55 20 Corne
77 2665 32 18 voi
117 2665 26 18 mi
150 2665 79 22 parlate,

14 2689 114 23 Giovinotto,
136 2690 147 19 m’inveccbiate
289 2689 5 18 !
300 2695 9 11 »

333 627 63 19 «Ghiè
407 628 30 18 cio
446 630 35 17 cbe
491 629 52 18 vulia
551 630 55 17 sente

335 652 34 18 Chi
377 654 71 17 b’erate
454 654 113 22 giuvanotta
573 658 6 17 ;

334 677 105 22 Sperendu,
447 679 138 20 madamicella,

334 702 22 17 Di
364 702 82 21 parlacci
457 704 32 16 un’
497 703 50 18 altra
556 704 30 17 vol
589 704 25 21 ta,

334 726 29 17 Ma
371 727 31 18 ciù
409 727 36 18 cbe
454 728 67 17 vurria
529 728 45 22 sapé
580 733 4 12 :

335 751 40 18 Site
383 752 100 18 livurnese
491 757 12 13 o
511 752 81 19 corsa?»

336 818 83 18 Bidendu
429 819 97 19 ch’ell’era
535 820 80 23 ebiappa

334 844 64 17 Allora
406 844 18 17 si
433 845 61 18 misse
502 850 11 12 a
522 846 41 18 ride
570 850 6 13 :

336 868 44 18 «Un
390 869 42 17 baie
440 869 33 22 più
481 870 21 17 di
511 870 91 22 piatlalla,

336 893 75 19 Boisite
420 895 70 22 troppu
500 895 51 18 fine!
560 901 9 12 >>

336 918 40 22 Poi,
385 918 95 23 agbiunse
485 925 6 12 :
497 925 10 12 a
512 919 27 21 Si,
549 920 21 18 sô
578 925 63 17 corsa;

337 943 24 18 Sô
368 945 20 17 di
397 949 11 13 e
416 946 54 20 parle
482 945 19 17 di
511 944 89 23 Campile.
608 952 11 11 >.

338 1013 101 23 «Dunque,
450 1014 16 17 si
476 1014 30 17 bo’
515 1014 37 18 site
560 1018 61 17 corsa,

338 1039 74 17 Parlate
419 1038 44 19 c’un
474 1039 87 22 paisanu.

336 1063 120 22 Permettite,
463 1068 56 14 cume
526 1069 62 16 corsu,

337 1088 305 23 Ch’iovistringaavostramanu.

337 1114 29 17 Ma
374 1114 21 18 vi
403 1118 60 19 pregu
473 1114 60 18 lascié
541 1118 54 15 corre

338 1139 15 18 U
361 1141 67 17 vostru
437 1140 76 22 parlalu
524 1141 75 17 slranu.

483 1176 25 18 P.
517 1176 104 19 Pallenti.

359 1204 66 23 (Cina)

403 1289 176 23 BISTONICA

373 1322 20 21 E
408 1320 199 22 TAVIGNANU

442 1354 100 21 (Canzona)

487 1409 9 17 I

358 1442 68 18 Salulu
435 1446 11 14 a
457 1442 51 19 l’alfi
518 1443 84 18 currenli

358 1468 101 18 Ristourna
469 1472 12 13 e
491 1467 119 23 Tavignanu,

358 1492 87 19 Maritati
454 1493 29 17 fra
493 1492 73 23 parenti

359 1517 60 19 Senza
427 1522 65 14 merru
503 1518 23 18 nè
534 1518 98 22 piuvanu;

358 1544 18 17 A
384 1543 57 18 mezz*
450 1543 38 18 alu
495 1542 80 23 vecchju
582 1542 60 23 Corti,

360 1568 21 18 Bi
389 1568 39 18 site
437 1568 67 19 strinti
513 1568 19 18 la
539 1572 64 15 manu.

480 1620 19 17 II

360 1654 26 18 Da
394 1654 16 18 li
418 1653 62 19 monü
489 1653 109 23 profumati,

360 1678 59 20 Senza
427 1679 72 18 nisuna
509 1679 112 23 impuslnra.

359 1704 28 18 Ne
394 1704 59 18 falate
463 1704 148 22 impnmpunati,

360 1729 146 22 Trinnigbendu
514 1729 118 22 l’andatura;

359 1756 17 17 A
384 1755 69 18 mezz’a
460 1755 21 18 lu
492 1754 78 18 veccbiu
581 1754 53 19 Corti

360 1780 35 18 Cbi
403 1780 94 23 b’aspetta
510 1785 23 13 cu
547 1779 97 23 primura!

476 1831 26 18 III

360 1865 108 18 L’imbernu
473 1869 57 14 cume
537 1865 76 18 l’estale

337 1890 129 23 Gbjuchend'a
475 1889 32 18 cbi
513 1891 23 21 pô
544 1890 32 22 più
582 1894 62 18 corre,

337 1915 63 18 Nott’e
410 1915 83 23 ghjornu
507 1915 139 18 v’abbraceiate

360 1940 59 18 Cume
427 1940 74 17 amanti
509 1940 20 18 di
537 1944 49 15 core,

359 1967 17 16 A
384 1965 71 18 mezz’a
463 1965 20 17 lu
492 1965 80 22 vecchju
582 1965 62 21 Corti,

360 1990 101 18 Cantendu
472 1990 22 17 lu
502 1990 61 18 vostr’
569 1994 65 14 amore
640 1989 5 18 !

479 2041 27 18 IV

361 2075 71 23 Megliu
441 2075 99 18 cbel’omu
548 2074 98 18 ch’imbita

338 2101 26 18 La
372 2102 28 17 so’
407 2101 73 22 moglie
485 2105 11 12 a
503 2104 64 17 rompe
571 2101 74 21 preslu,

361 2126 42 21 Boi,
413 2130 33 18 per
453 2126 81 18 l’eterna
542 2125 47 22 vita,

361 2151 22 18 Bi
391 2151 62 18 lenite
461 2150 61 22 pelfa
529 2151 61 21 pettu,

361 2178 17 17 A
385 2177 70 17 xnezz’a
462 2176 22 17 lu
493 2175 80 22 vecchju
585 2175 61 20 Corli,

363 2202 60 19 Senza
431 2201 74 19 cambia
513 2201 20 17 di
541 2201 49 17 lettu
598 2200 5 18 !

485 2251 17 18 V

363 2287 53 18 Biala
424 2286 19 18 la
451 2290 58 13 manu
521 2285 70 18 celesta

363 2315 34 18 Chi
406 2314 45 18 b’ha
458 2314 86 21 lampatu
554 2313 20 16 lu
586 2313 48 20 risu,

363 2340 91 18 Davant’a
461 2338 81 22 l’agnuli
550 2338 19 17 in
575 2337 50 19 festa

363 2365 84 18 Inlorn’a
456 2364 22 17 lu
487 2365 65 17 vostru
561 2362 52 21 visu,

364 2392 14 17 A
388 2391 69 17 mezz’a
465 2390 22 16 lu
498 2388 78 22 vecchju
586 2387 60 22 Corti,

364 2417 26 17 Lu
399 2415 33 23 più
440 2415 53 18 bellu
501 2414 89 18 Paradisu
596 2413 5 18 !

414 2448 74 19 Santu
497 2446 128 24 Guglielmi.

707 551 101 31 Cosa
826 552 104 31 cè?...

689 633 48 18 Cosa
743 634 29 18 c’è
778 633 54 23 dipiù
840 634 52 18 bellu
898 634 9 19 ?

689 658 66 19 Cos’lia
764 659 53 22 dipiù
826 659 102 22 spleudore

690 683 39 18 Cbe
737 683 20 18 lu
766 684 56 17 discu
833 684 21 17 di
861 683 49 22 focu,

690 708 78 21 Quandu
777 710 73 20 spunta
857 707 94 19 l’albore?

690 744 22 5 —
717 736 36 17 Più
763 736 53 17 bellu
824 737 37 17 cbe
869 737 31 17 stu
911 736 41 18 sole

691 760 114 18 Ch’incende
811 760 99 22 l’Oriente,

690 785 53 21 Cura,
752 785 28 18 c’è
787 785 22 17 lu
817 786 27 18 to'
851 785 51 22 visu,

691 810 26 17 Lu
726 811 25 16 to’
760 810 45 18 visu
813 810 82 18 ridente.

691 886 47 18 Cosa
745 886 55 22 dipiù
807 886 77 18 lucenle

691 912 20 17 In
720 912 50 20 celu,
779 911 106 21 d’istatina,

691 936 39 18 Che
737 937 63 22 quelia
806 937 57 17 Stella
870 936 71 21 chiara,

692 961 97 18 Cbiamata
797 960 116 19 matuttina?

693 999 21 5 —
722 989 36 18 Chi
766 989 39 18 luci
813 990 34 22 più
856 994 22 13 ca
886 990 44 20 ella,

691 1016 16 17 A
716 1014 15 18 ti
737 1015 46 22 juru
791 1015 21 17 in
820 1014 97 22 dinocchj,

693 1043 13 18 0
714 1043 19 18 la
741 1048 31 13 me
779 1047 44 14 cara
831 1043 68 20 bruna,

693 1068 27 18 Un
729 1069 28 18 c’è
765 1073 20 13 ca
794 1068 14 18 li
818 1069 25 17 to’
852 1067 58 23 occhj.

693 1145 80 18 Cosac'è
780 1145 55 22 dipiù
844 1145 54 18 dolce

691 1170 40 18 Che
737 1171 22 17 lu
767 1170 55 22 mele,
828 1170 92 19 d’estate?

692 1198 39 18 Che
738 1199 89 18 duleezza
838 1203 12 13 e
857 1199 89 21 prufume

692 1223 22 18 Di
723 1223 17 17 le
748 1227 44 14 rose
800 1223 111 18 sbueexate?

693 1260 22 4 —
721 1251 36 18 Più
765 1252 53 18 dolce
825 1251 36 18 che
869 1251 20 17 lu
897 1252 57 20 mele,

693 1276 13 18 0
715 1280 44 14 cara
767 1276 29 17 fra
804 1276 18 18 le
830 1280 49 17 eare,

692 1301 21 18 Ci
721 1305 49 14 sonu
779 1302 19 17 le
808 1302 28 17 to’
843 1301 65 18 labbre

693 1326 79 19 Ch’amu
780 1328 55 17 tantu
844 1332 11 13 a
863 1327 94 23 basgiare.

692 1404 47 19 Cosa
747 1405 28 19 e’è
783 1405 54 22 dipiù
846 1405 71 22 grande

693 1430 38 19 Che
738 1436 16 13 u.
761 1435 52 14 mare
821 1435 58 13 senza
888 1430 67 20 fondu,

692 1455 35 19 Chi
734 1460 57 15 senza
799 1457 54 17 muta
860 1455 42 18 locu

692 1482 26 17 Fà
725 1481 20 18 lu
754 1481 44 23 giru
806 1481 20 18 di
836 1486 12 12 u
857 1479 84 19 mondu?

692 1518 23 4 —
718 1509 37 18 Più
762 1510 74 22 grande
844 1509 35 17 che
888 1509 21 17 lu
924 1512 52 14 mare

691 1534 14 18 0
713 1539 46 13 caru
767 1534 39 18 miô
815 1535 32 17 bel
855 1534 54 20 fiore,

692 1562 32 18 C’è
730 1563 79 17 l’amore
816 1563 37 17 che
859 1562 66 22 tengu,

691 1588 38 18 Per
737 1589 19 17 te
768 1592 26 13 ne
802 1587 20 19 lu
831 1588 36 17 me’
876 1586 53 19 core!

725 1632 30 19 IVI.
763 1632 28 19 A.
800 1632 23 19 di
832 1632 122 19 Chidazzu.

686 1749 184 26 Zitidducci

738 1788 236 31 campagnoli...

692 1870 107 18 Zitidducci
807 1870 125 22 campagnoli,

692 1896 52 18 Pieu’
753 1895 20 18 di
781 1896 54 17 lumu
844 1900 11 12 o
863 1895 20 17 di
891 1895 44 21 soli,

692 1921 42 18 Cori
744 1920 50 23 puri,
802 1920 44 19 voci
854 1920 79 23 altagni,

693 1946 51 18 Steti
753 1946 26 17 ’ni
787 1945 62 18 vostri
857 1944 110 23 campagni!

692 2010 106 19 Zitidducci
806 2010 51 23 pien’
865 2010 84 21 d’alenu,

691 2036 64 18 Libari
762 2040 11 13 e
781 2039 58 14 senza
845 2035 62 21 frenu,

692 2061 74 19 Curriti
774 2061 54 22 piani
836 2065 11 13 e
855 2059 101 24 muntagni

692 2086 98 19 Guardet’i
798 2085 60 19 vostri
866 2084 110 24 campagni!

693 2148 107 19 Zitidducci
811 2149 20 17 di
839 2148 82 21 crianza,

693 2174 24 18 Di
724 2173 78 20 Corsica
810 2175 19 16 la
838 2177 98 19 speranza,

692 2199 106 22 Ripianteti
806 2199 16 18 li
830 2198 94 22 castagni,

692 2224 86 23 ïmpjtini
786 2224 15 17 li
809 2223 99 23 campagni
914 2222 5 18 !

692 2289 107 19 Zittidduci
808 2289 101 18 innucenli

694 2315 58 18 Corne
756 2315 80 21 l’acqu’a
843 2314 25 17 d’i
877 2314 95 22 surgenti,

693 2340 86 19 Siccbeti
787 2339 65 23 paduli
860 2343 11 13 e
879 2338 71 23 stagni,

693 2365 88 19 Assauiti
788 2364 15 18 U
812 2365 98 22 campagni
916 2364 6 17 !

693 2429 117 22 Zitidducci,
821 2429 40 18 deli
869 2429 93 22 esempiu,

694 2457 18 16 A
719 2455 59 19 Cirnu
785 2455 58 18 alzeti
849 2459 28 13 un
883 2454 84 22 tempiu;

694 2481 77 18 D’onori
779 2484 57 14 senza
844 2479 96 23 magagni,

695 2506 15 18 E
718 2507 54 17 vïrtu
780 2505 20 18 di
808 2506 16 17 li
833 2505 101 22 campagni
940 2503 6 18 !

694 2567 115 22 Zitidducci,
818 2566 77 23 quandu
905 2566 75 18 ehiama

696 2593 25 18 La
728 2592 82 19 vocid’a
818 2593 66 17 vostra
891 2591 88 21 Mamma;

695 2618 54 18 Tutti
756 2617 51 21 ritti,
817 2621 56 14 senza
881 2616 63 23 lagni,

695 2643 66 19 Muritî
771 2643 29 22 pe’
809 2643 6 18 i
825 2642 27 18 sô’
860 2640 110 24 campagni!

739 2685 21 20 S.
771 2685 23 18 di
803 2684 46 20 San
857 2684 100 23 jorghiu.

1347 104 260 52 Mémoires

1116 184 53 46 du
1191 185 45 46 R.
1256 183 42 47 P.
1322 182 47 47 de
1393 183 217 57 Singiande,
1636 182 206 47 Aumônier

1157 250 210 33 (Spedizione
1385 249 32 25 di
1435 249 180 25 Maillebois
1632 248 168 33 1738-1741)

1405 317 148 34 (Seguitu)

1022 385 139 25 D’ailleurs,
1183 386 62 21 elles
1266 387 150 19 conservent
1433 389 30 15 un

994 419 66 20 reste
1077 418 30 21 de
1126 418 70 22 fierté
1216 415 139 26 Orientale,
1370 416 41 27 qui
1423 416 43 21 fait

995 456 46 21 que
1053 451 194 22 naturellement
1259 450 60 22 elles
1330 454 32 16 ne
1374 451 92 26 voyent

996 488 46 21 que
1053 484 54 20 leur
1118 483 61 22 mari
1191 484 23 21 &
1226 484 65 21 leurs
1310 487 96 20 parens,
1424 482 40 26 qui

996 516 30 20 de
1045 517 55 20 leur
1118 515 63 25 côté,
1202 518 58 20 sont
1279 515 48 22 fort
1339 514 87 27 jaloux
1436 515 30 21 de

996 547 54 21 leur
1061 548 93 21 femme
1166 548 21 20 &
1199 549 31 20 de
1242 549 71 22 leurs,
1319 546 73 26 filles,
1404 548 22 20 &
1436 553 31 14 ne

997 580 169 22 souffriroient
1172 587 44 20 pas
1221 580 137 23 volontiers
1363 581 23 20 la
1392 580 75 21 moin-

999 614 42 21 dre
1059 620 137 21 apparence
1211 614 31 22 de
1256 613 138 29 galanterie
1405 613 22 22 &
1438 613 30 21 de

998 645 126 23 désordre.

1025 679 122 27 Toujours
1168 679 110 27 retirées,
1299 680 112 27 toujours
1429 685 41 16 oc-

999 712 97 27 cupées,
1104 718 57 16 sans
1170 713 76 21 envie
1255 713 31 21 de
1294 713 77 27 plaire
1380 711 14 21 à
1405 712 64 21 d’au-

1000 747 51 20 tres
1068 745 55 27 qu'à
1140 746 65 21 leurs
1224 746 85 24 maris,
1330 746 61 21 elles
1403 745 68 21 n'ont

999 777 74 28 qu'un
1087 778 49 22 très
1149 779 62 26 petit
1221 778 57 22 soin
1290 779 31 21 de
1332 780 55 20 leur
1400 783 71 21 paru-

1000 816 26 16 re
1035 817 6 19 ;
1054 812 67 20 aussi
1133 811 55 21 rien
1201 812 31 21 de
1244 812 56 25 plus
1312 810 89 27 simple
1410 810 22 22 &
1440 810 30 22 de

1001 844 55 27 plus
1075 844 116 21 modeste
1211 849 49 22 que
1281 845 53 20 leur
1352 843 71 28 façon
1440 844 31 20 de

1000 877 134 22 s’habiller.
1156 877 63 22 Elles
1237 878 101 26 portent
1351 882 48 16 une
1416 877 56 21 che-

1002 910 61 21 mise
1070 909 51 23 fort
1128 912 94 23 courte,
1230 911 41 25 qui
1280 909 192 23 ordinairement

1001 945 38 19 est
1049 944 30 21 de
1088 945 85 23 coton,
1186 949 48 15 une
1244 943 76 27 juppe
1331 943 31 21 de
1373 943 99 21 couleur

1001 976 72 21 bleue
1089 982 33 16 ou
1142 981 87 23 rouge,
1250 975 77 23 ornée
1338 981 45 22 par
1396 975 22 22 le
1429 976 43 21 bas

1002 1008 56 23 d’un
1068 1009 75 28 triple
1155 1014 62 23 rang
1228 1009 32 21 de
1272 1009 91 22 rubans
1379 1008 31 21 de
1425 1008 47 21 dif-

1002 1042 107 22 férentes
1128 1042 131 26 couleurs;
1280 1048 33 15 un
1333 1044 81 19 corset
1422 1041 50 22 très

1001 1075 68 28 épais
1088 1076 38 21 les
1145 1081 68 16 serre
1230 1076 189 24 extrêmement,
1431 1075 42 21 de-

1002 1110 57 27 puis
1071 1110 37 20 les
1119 1109 68 21 reins
1197 1109 91 27 jusque
1307 1113 58 16 sous
1383 1108 22 20 la
1417 1113 55 22 gor-

1001 1148 39 22 ge.
1052 1143 66 21 Elles
1130 1144 44 20 ont
1184 1141 144 28 par-dessus
1347 1147 32 15 un
1397 1140 77 22 habil-

1002 1177 92 21 lement
1105 1176 31 21 de
1146 1176 23 21 la
1177 1176 102 21 couleur
1287 1175 30 21 de
1325 1175 55 21 leur
1385 1174 85 27 jupon,

1002 1210 41 26 qui
1063 1209 137 21 ressemble
1220 1213 70 16 assez
1309 1207 13 21 à
1342 1207 64 22 celui
1430 1208 43 20 des

1002 1242 114 21 hommes
1126 1248 5 19 ;
1146 1247 47 15 une
1202 1240 88 27 espèce
1299 1240 30 20 de
1339 1242 74 24 toque
1421 1241 52 20 leur

1002 1281 68 16 serre
1082 1275 67 21 aussi
1162 1275 180 21 extrêmement
1354 1274 24 21 le
1392 1272 79 25 front;

1002 1309 59 21 elles
1079 1309 101 26 portent
1199 1308 31 21 de
1249 1308 56 26 plus
1320 1312 31 16 un
1363 1307 68 21 voile
1442 1306 30 22 de

1001 1342 61 22 toile
1074 1347 32 16 ou
1119 1342 32 22 de
1162 1341 164 23 mousseline,
1339 1341 41 27 qui
1393 1346 13 16 a
1415 1340 57 22 bien

1001 1378 86 25 quatre
1104 1375 31 22 de
1156 1380 46 16 nos
1220 1375 87 20 aulnes
1325 1374 31 21 de
1367 1374 104 27 largeur.

1002 1409 63 22 Elles
1076 1408 35 22 lui
1123 1408 55 21 font
1189 1408 62 21 faire
1262 1406 62 23 trois
1343 1413 30 15 ou
1388 1410 85 23 quatre

1001 1443 49 27 plis
1061 1447 59 17 sous
1131 1443 25 20 le
1167 1443 112 23 menton,
1295 1439 103 28 qu’elles
1411 1440 63 22 tien-

1001 1478 60 20 nent
1074 1474 83 26 caché,
1171 1474 23 22 &
1208 1480 34 22 qu
1250 1474 60 21 elles
1323 1473 151 22 découvrent

1002 1516 30 15 en
1039 1509 116 28 rejettant
1163 1509 53 21 leur
1223 1508 70 21 voile
1302 1507 108 22 derrière
1418 1507 55 24 elle,

1002 1543 81 27 quand
1096 1543 62 21 elles
1171 1542 105 21 veulent
1289 1541 95 26 parler:
1404 1540 20 21 il
1436 1540 38 21 est

1002 1576 99 28 d’usage
1116 1576 30 21 de
1158 1581 31 16 ne
1203 1574 74 28 point
1290 1572 61 23 faire
1364 1573 111 22 blanchir

1001 1616 28 15 ce
1041 1609 65 22 voile
1119 1609 56 21 tout
1189 1609 24 20 le
1224 1610 82 24 temps
1320 1611 46 23 que
1382 1607 58 21 dure
1450 1606 23 21 le

1001 1644 69 21 deuil
1089 1648 64 22 pour
1168 1642 37 22 les
1220 1641 74 27 pères
1315 1646 32 16 ou
1360 1646 65 22 pour
1437 1641 37 20 les

1001 1677 84 25 maris,
1108 1682 28 16 ce
1150 1676 42 27 qui
1210 1675 46 21 fait
1274 1673 71 28 qu'au
1365 1674 60 22 bout
1443 1674 30 21 de

1000 1711 118 27 quelques
1127 1710 70 27 jours
1212 1708 19 22 il
1242 1707 103 22 devient
1356 1707 71 22 d’une
1435 1712 40 16 sa-

1000 1744 48 22 leté
1069 1742 149 29 dégoûtante
1228 1748 7 19 ;
1255 1742 62 21 elles
1330 1747 31 16 ne
1377 1742 98 26 portent

1001 1783 95 17 aucune
1107 1776 133 23 chaussure
1251 1775 23 22 &
1285 1775 127 21 marchent
1420 1776 56 20 tou-

998 1812 70 28 jours
1082 1809 162 28 nuds-pieds;
1260 1809 62 21 elles
1332 1814 18 23 )'•
1362 1810 114 19 accoutu-

1000 1847 71 20 ment
1084 1845 69 21 leurs
1166 1843 94 27 petites
1273 1842 63 22 filles
1353 1841 44 22 dès
1414 1841 60 28 l’âge

1002 1879 30 21 de
1042 1877 64 23 trois
1120 1882 54 20 ans,
1191 1876 64 22 ainsi
1270 1874 55 29 qu’à
1338 1877 85 25 porter
1434 1879 42 17 sur

1000 1913 55 21 leur
1068 1911 46 22 dos
1134 1910 23 22 &
1175 1916 43 16 sur
1235 1910 68 21 leurs
1321 1908 99 28 épaules
1438 1908 37 21 les

1002 1946 56 26 plus
1072 1944 84 22 lourds
1168 1943 129 22 fardeaux.

1029 1978 45 21 Les
1085 1977 53 25 bas,
1153 1977 38 20 les
1202 1976 115 24 souliers,
1333 1974 22 21 &
1368 1975 37 21 les
1419 1974 57 22 cha-

1003 2016 80 23 peaux
1091 2010 44 21 des
1144 2009 114 22 hommes
1267 2009 56 21 sont
1331 2007 145 22 semblables

1001 2050 49 17 aux
1057 2044 95 25 nôtres;
1162 2043 32 21 ils
1203 2042 56 22 font
1266 2044 99 20 monter
1372 2046 104 22 presque

1002 2085 42 15 sur
1049 2077 127 22 l’estomac
1185 2081 49 16 une
1240 2076 71 26 large
1320 2075 97 25 culotte,
1425 2074 49 27 qui,

1002 2118 44 21 par
1052 2110 76 23 l’effet
1136 2109 91 28 qu’elle
1234 2108 243 29 prûduit,ressemble

1003 2151 69 16 assez
1083 2143 14 22 à
1111 2145 24 21 la
1147 2143 59 28 jupe
1226 2142 74 22 d’une
1318 2142 91 21 femme
1419 2148 6 19 ;
1447 2141 30 21 ils

1002 2179 56 22 font
1071 2181 85 18 entrer
1170 2177 63 21 dans
1247 2177 65 21 cette
1326 2176 91 21 culotte
1430 2179 47 17 une

1003 2212 118 23 camisole
1130 2211 73 20 bleue
1213 2215 31 16 ou
1252 2208 110 28 rouge,&
1371 2208 107 27 par-des-

1003 2252 43 16 sus
1063 2251 34 16 un
1111 2244 70 22 habit
1200 2249 59 15 sans
1273 2242 87 27 poche,
1382 2242 25 21 ni
1421 2241 56 27 plis,

1003 2284 109 23 presque
1120 2277 14 22 à
1142 2278 23 20 la
1174 2277 75 21 mode
1259 2277 43 21 des
1310 2274 76 23 Turcs
1396 2281 30 16 ou
1434 2274 44 22 des

1004 2312 118 23 Burerres
1143 2310 30 22 de
1194 2309 94 28 Campa
1311 2314 31 16 en
1360 2308 118 22 Navarre.

1003 2345 64 23 Sous
1087 2347 39 19 cet
1145 2344 163 22 habillement
1330 2343 30 20 ils
1378 2344 100 24 portent

1003 2386 49 15 une
1064 2380 67 26 large
1143 2378 112 21 ceinture
1267 2376 42 27 qui
1318 2375 45 22 fait
1374 2375 62 22 trois
1447 2380 33 17 ou

1003 2414 87 26 quatre
1104 2411 49 22 fois
1171 2411 24 21 le
1208 2412 59 20 tour
1284 2410 30 20 de
1325 2410 55 21 leur
1392 2413 72 22 corps
1471 2415 7 19 ;

1004 2446 125 28 plusieurs
1139 2450 17 22 y
1166 2445 108 21 mettent
1281 2444 54 20 leur
1343 2442 135 26 mouchoir,

1003 2480 56 21 leur
1069 2481 107 21 montre,
1186 2477 21 22 &
1216 2477 55 21 leur
1281 2477 102 26 argent:
1396 2476 31 21 ils
1437 2477 43 19 ont

1005 2519 33 15 un
1048 2513 62 27 long
1123 2511 23 22 &
1157 2511 69 27 large
1240 2510 72 22 sabre
1327 2508 81 28 pendu
1422 2513 58 17 sous

1004 2547 25 20 le
1041 2546 57 21 bras
1111 2544 106 28 gauche,
1233 2542 28 23 &
1270 2548 33 16 un
1316 2541 119 29 poignard
1448 2542 32 20 at-

1004 2577 72 23 taché
1095 2577 13 23 à
1124 2578 56 21 leur
1194 2577 120 21 ceinture.
1336 2575 32 22 La
1380 2575 100 21 couleur

1006 2613 104 20 violette
1121 2610 23 22 &
1155 2615 108 22 pourpre
1275 2610 37 20 est
1323 2613 49 17 une
1383 2612 97 21 marque

1005 2645 30 22 de
1050 2643 146 23 distinction
1212 2643 79 27 parmi
1307 2647 55 20 eux,
1383 2639 22 23 &
1418 2639 62 23 n’est

1005 2678 109 27 permise
1126 2676 90 29 qu’aux
1225 2676 56 27 plus
1290 2673 190 24 considérables:

1490 385 9 27 j
1511 389 22 14 ai
1543 384 35 20 dit
1588 389 47 21 que
1643 384 24 21 la
1676 384 156 27 République
1844 384 30 19 de
1884 384 83 20 Genes

1491 416 95 22 n’avoit
1605 417 73 26 point
1697 418 31 20 de
1747 416 125 22 meilleurs
1890 415 77 27 sujets

1492 455 47 21 que
1552 449 36 21 les
1600 448 78 23 Grecs
1692 455 62 21 pour
1765 449 24 22 le
1801 454 106 22 courage
1915 447 22 22 &
1945 449 22 20 la

1491 480 95 23 fidélité
1596 488 6 19 ;
1622 482 56 22 leur
1697 481 100 28 probité
1817 488 30 14 en
1868 483 54 20 tout
1942 487 27 15 ce

1492 514 42 26 qui
1546 513 120 23 intéresse
1678 515 24 20 le
1714 520 140 16 commerce
1866 514 21 21 &
1897 515 22 20 la
1931 520 38 15 so-

1493 545 65 22 ciété
1568 547 83 25 civile,
1665 546 64 22 n’est
1740 553 43 21 pas
1795 547 82 21 moins
1889 546 81 21 consi-

1493 578 99 23 dérable
1603 585 6 15 :
1629 579 42 28 j’ai
1686 586 32 16 eu
1733 585 67 16 assez
1819 580 150 28 long-temps

1494 612 126 22 d’intimes
1632 613 118 22 relations
1763 618 62 17 avec
1839 612 130 27 plusieurs,

1492 645 26 27 je
1528 645 49 22 n’ai
1592 646 54 21 rien
1662 652 33 15 vu
1716 647 60 20 dans
1794 651 78 16 aucun
1888 645 81 25 d’eux,

1495 678 41 27 qui
1549 684 30 15 ne
1595 678 35 22 fût
1647 679 187 22 effectivement
1852 679 75 27 digne
1940 679 30 21 de

1495 716 28 16 ce
1534 710 87 27 qu’ont
1635 712 38 21 dit
1686 712 32 20 de
1729 712 66 21 leurs
1809 713 112 20 ancêtres
1934 712 36 21 les

1496 743 101 21 anciens
1610 743 137 28 Spartiates
1761 750 49 16 aux
1823 745 54 26 plus
1891 745 81 21 beaux

1493 776 71 27 jours
1573 776 30 21 de
1609 777 56 21 leur
1673 777 103 27 empire.
1784 778 65 21 Leur
1856 777 114 22 situation

1497 811 38 19 est
1542 809 240 23 malheureusement
1790 811 59 20 bien
1857 809 115 23 différen-

1497 844 24 19 te
1528 848 5 19 ;
1555 842 61 21 mais
1632 842 59 22 c’est
1705 848 44 16 sur
1761 843 66 21 leurs
1842 845 94 23 vertus,
1951 842 21 21 &

1497 880 52 17 non
1568 880 43 16 sur
1625 875 66 22 leurs
1712 875 93 25 succès,
1828 876 73 26 qu’on
1919 875 54 22 doit

1495 909 74 26 juger
1580 908 32 21 du
1624 907 88 23 mérite
1725 908 42 21 des
1779 907 193 28 hommes.Quel

1498 940 112 22 bonheur
1633 947 61 21 pour
1716 943 22 21 la
1759 941 99 26 France,
1883 942 21 21 si
1925 943 48 21 elle

1498 974 106 27 pouvoit
1623 975 86 21 attirer
1728 975 60 21 dans
1806 980 44 17 son
1868 975 54 21 sein
1943 976 29 20 de

1498 1008 90 26 pareils
1612 1006 127 23 hommes!
1764 1007 84 26 Hélas,
1867 1008 31 22 ils
1917 1010 57 19 sont

1499 1040 21 21 si
1535 1041 48 20 mal
1597 1046 30 15 en
1643 1040 81 22 Corse
1732 1047 6 19 ;
1760 1040 30 22 ils
1805 1042 170 22 trouveroient

1498 1073 62 21 dans
1571 1078 47 16 nos
1627 1073 137 22 Provinces
1775 1076 53 19 tant
1839 1073 31 22 de
1880 1074 94 21 bonnes

1498 1108 81 20 terres
1589 1111 89 16 encore
1691 1112 30 15 en
1734 1106 93 26 friche;
1842 1107 41 27 qui
1897 1109 77 20 est-ce

1499 1139 42 27 qui
1551 1139 118 26 empêche
1677 1139 72 27 qu’ils
1757 1145 32 16 ne
1797 1140 121 21 viennent
1926 1140 50 21 for-

1499 1177 53 17 mer
1564 1173 79 26 parmi
1659 1177 63 17 nous
1741 1178 33 15 un
1789 1172 187 23 établissement

1499 1211 49 21 que
1560 1206 23 21 la
1598 1206 59 25 paix
1674 1204 23 22 &
1712 1207 22 20 la
1749 1205 81 22 sûreté
1847 1212 47 21 que
1912 1211 63 17 nous

1498 1239 54 20 leur
1573 1238 185 27 procurerions,
1784 1240 56 20 leur
1861 1241 112 23 travaux,

1499 1272 54 21 leur
1563 1271 131 26 industrie,
1710 1272 54 21 leur
1779 1271 126 23 fécondité
1920 1278 53 15 ren-

1498 1305 99 22 droient
1608 1311 31 15 en
1653 1310 47 22 peu
1711 1305 30 21 de
1752 1307 82 25 temps
1854 1306 20 21 si
1895 1305 81 22 floris-

1495 1340 67 23 .sant,
1576 1338 21 21 &
1610 1339 20 20 si
1641 1340 166 26 avantageux,
1817 1338 21 22 &
1849 1344 61 22 pour
1918 1344 56 20 eux,

1499 1371 23 22 &
1533 1377 62 20 pour
1608 1377 72 16 nous.

1526 1404 31 22 La
1570 1404 68 22 Ville
1650 1404 115 28 d’Ajacio
1781 1407 38 19 est
1833 1405 66 22 bâtie
1914 1406 62 21 dans

1500 1444 49 15 une
1560 1438 91 27 plaine,
1660 1444 42 15 sur
1712 1439 23 20 la
1746 1438 56 22 côte
1815 1438 162 23 Occidentale

1501 1472 31 20 de
1545 1471 21 22 la
1580 1470 88 26 Corse,
1687 1470 13 23 à
1715 1476 29 17 20
1756 1471 79 22 lieues
1850 1472 30 21 de
1894 1472 82 22 Bastia

1500 1510 46 22 par
1554 1507 76 19 terre.
1643 1503 30 22 Sa
1685 1504 121 22 situation
1819 1508 38 19 est
1867 1506 44 20 des
1921 1506 56 26 plus

1500 1537 149 29 agréable,&
1658 1536 68 27 c’est,
1732 1543 56 16 sans
1797 1538 178 27 comparaison,

1501 1573 23 21 la
1535 1573 54 26 plus
1598 1571 63 27 jolie
1668 1570 68 23 Ville
1745 1576 48 22 que
1803 1571 42 27 j’ai
1857 1572 48 21 vûe
1917 1573 60 21 dans

1499 1607 23 21 la
1536 1605 87 22 Corse.
1639 1605 85 21 Avant
1737 1603 41 29 d’}'
1789 1607 93 24 entrer,
1897 1605 19 21 il
1927 1606 51 22 faut

1499 1642 126 20 traverser
1630 1644 33 15 un
1667 1637 309 29 Fauxbourgassezgrand:

1500 1675 82 20 toutes
1589 1673 38 21 les
1634 1677 56 17 rues
1697 1673 57 21 sont
1760 1671 95 23 droites
1861 1672 116 29 &larges;

1501 1708 37 21 les
1547 1706 109 23 maisons
1667 1710 64 22 pour
1738 1705 23 21 la
1774 1705 98 27 plûpart
1882 1705 96 23 réunis-

1501 1743 56 20 sent
1567 1740 140 28 également
1718 1739 37 21 les
1766 1738 164 23 commodités
1937 1746 41 15 au-

1501 1774 103 25 dedans,
1613 1772 22 22 &
1644 1773 36 21 les
1692 1771 131 28 agrémens
1834 1778 30 16 au
1877 1772 100 23 dehors.

1502 1807 42 22 On
1564 1813 19 23 y
1605 1810 130 23 remarque
1757 1806 119 26 quelques
1898 1807 82 21 beaux

1501 1840 111 25 édifices,
1621 1845 42 17 sur
1671 1841 56 19 tout
1736 1839 24 21 la
1769 1838 148 23 Cathédrale
1926 1839 22 22 «Se
1954 1841 24 21 le

1503 1874 103 27 Collège
1619 1874 44 21 des
1673 1872 117 27 Jésuites.
1811 1872 63 23 Leur
1887 1873 93 22 Biblio-

1500 1908 92 27 thèque
1608 1906 83 23 donne
1706 1912 42 15 sur
1760 1906 24 21 la
1799 1912 62 20 mer,
1880 1906 22 22 &
1914 1907 66 28 jouit

1503 1942 33 20 du
1544 1942 55 26 plus
1608 1939 115 28 agréable
1732 1939 71 27 point
1812 1940 31 21 de
1851 1940 47 21 vûe
1905 1940 74 27 qu’on

1503 1974 83 28 puisse
1601 1973 132 27 imaginer.
1755 1971 50 23 Ces
1820 1972 74 23 Pères
1912 1974 68 21 n’en-

1503 2007 115 28 seignent
1636 2011 49 22 que
1698 2007 38 20 les
1750 2005 156 27 Humanités,
1922 2007 22 21 «Se
1956 2008 24 20 la

1503 2039 161 27 Rhétorique.
1687 2038 30 22 La
1733 2038 172 29 Philosophie,
1921 2040 22 22 «Se
1958 2042 21 20 la

1503 2073 148 27 Théologie,
1658 2075 58 19 sont
1724 2074 72 19 entre
1805 2073 37 20 les
1849 2073 80 22 mains
1936 2074 45 21 des

1504 2105 213 23 Franciscains.La
1725 2105 66 22 Ville
1799 2105 113 29 d’Ajacio
1919 2107 63 22 n’est

1504 2146 44 22 pas
1558 2140 50 21 mal
1622 2138 112 28 peuplée,
1749 2144 33 16 on
1793 2145 19 22 y
1823 2141 97 25 compte
1929 2140 53 27 jus-

1504 2173 55 28 qu’à
1574 2178 56 21 4000
1643 2171 128 23 Habitans.
1791 2171 68 23 C’est
1871 2173 24 21 le
1910 2172 72 29 Siège

1504 2206 57 22 d’un
1585 2206 98 27 Evêque
1693 2212 7 15 :
1724 2206 22 20 la
1770 2205 157 28 République
1950 2206 32 21 de

1505 2239 83 22 Gênes
1601 2245 18 22 y
1632 2239 137 21 entretient
1786 2239 198 22 ordinairement

1505 2279 34 15 un
1550 2272 180 22 Commissaire
1741 2271 108 28 général,
1862 2278 96 17 comme
1968 2272 14 22 à

1506 2306 82 22 Bastia
1594 2306 64 21 celui
1666 2306 41 26 qui
1716 2306 111 26 pendant
1833 2311 58 16 mon
1900 2305 84 28 séjour

1505 2339 65 22 étoit
1581 2344 99 22 pourvu
1697 2339 32 20 de
1743 2341 67 19 cette
1821 2340 78 25 place,
1921 2339 63 28 s’ap-

1505 2373 90 27 pelloit
1615 2373 25 21 le
1663 2372 110 28 Marquis
1796 2372 30 21 de
1850 2372 131 27 Sophrani,

1505 2407 102 21 homme
1622 2406 69 27 plein
1705 2406 32 21 de
1751 2405 104 27 probité,
1872 2406 30 21 de
1916 2406 68 22 droi-

1507 2442 63 24 ture,
1591 2439 23 21 &
1633 2439 30 21 de
1682 2439 129 27 politesse,
1830 2438 22 22 &
1870 2440 62 21 dont
1945 2440 39 21 les

1507 2472 117 29 François
1644 2471 70 23 n’ont
1731 2472 91 28 jamais
1842 2478 30 16 eu
1889 2472 53 28 qu’à
1958 2478 26 16 se

1506 2507 82 21 louer.
1610 2505 22 22 Il
1646 2511 17 23 y
1678 2511 13 15 a
1705 2506 61 21 dans
1785 2507 65 20 cette
1865 2505 68 22 Ville
1951 2512 33 15 un

1508 2544 141 17 commerce
1670 2544 68 16 assez
1752 2538 181 25 .considérable
1955 2539 29 21 de

1508 2573 87 25 corail,
1605 2572 30 22 de
1647 2572 125 26 planches,
1783 2572 32 21 de
1823 2572 161 25 membrures,

1509 2606 31 20 Je
1552 2605 134 25 madriers,
1706 2605 30 21 de
1751 2607 103 24 poutres
1869 2604 21 22 &
1905 2605 30 21 de
1947 2609 37 17 so-

1508 2639 75 25 lives,
1588 2639 44 26 qui
1641 2644 27 15 se
1676 2637 55 23 font
1739 2638 29 21 de
1778 2637 117 23 différens
1904 2638 80 21 arbres

1509 2672 42 27 qui
1569 2672 124 21 croissent
1713 2671 195 23 abondamment
1925 2671 59 22 dans

1992 98 121 27 plusieurs
2126 96 91 22 Pieves
2229 95 30 22 de
2270 95 64 21 cette
2347 92 80 29 partie
2439 91 30 21 de

1992 130 72 23 l’Isle.
2081 131 36 21 Ce
2130 134 139 18 commerce
2282 130 38 19 est
2332 127 48 21 fort
2391 126 79 21 lucra-

1992 165 37 25 tif,
2041 165 21 20 «S:
2076 162 120 29 plusieurs
2209 161 132 22 Habitants
2355 158 38 30 s’y
2405 158 66 21 enri-

1992 197 111 22 chissent
2118 196 194 22 extrêmement:
2335 199 32 15 on
2385 198 17 23 y
2417 190 54 22 voit

1992 228 165 28 encore,ainsi
2164 227 54 28 qu’à
2226 227 143 25 Bastia,une
2378 224 92 29 grande

1992 261 111 29 quantité
2116 262 31 21 de
2159 259 179 24 Cordonniers.
2353 258 32 21 Le
2398 256 74 23 Golfe

1992 295 110 27 d’Ajacio
2115 296 39 20 est
2162 294 50 22 très
2222 294 62 20 beau
2294 293 22 20 &
2325 290 53 22 très
2386 290 79 28 grand

1993 329 23 21 le
2027 329 132 26 mouillage
2167 334 17 22 y
2193 329 39 19 est
2240 325 41 23 sûr
2289 325 23 22 &
2321 324 13 22 à
2346 323 70 22 l’abri
2429 322 43 21 des

1993 367 77 21 coups
2082 362 31 20 de
2126 363 83 19 vents:
2222 358 103 23 l’entrée
2338 363 31 16 en
2380 358 39 20 est
2430 355 42 21 dé-

1994 394 89 22 fendue
2091 400 45 21 par
2147 400 47 15 une
2203 393 78 27 petite
2293 388 178 27 Citadelle,qui

1994 427 138 27 cependant
2149 428 37 20 est
2200 431 68 16 assez
2280 425 94 22 bonne.
2397 423 50 21 Elle
2458 428 13 14 a

1995 460 38 22 été
2044 460 67 22 bâtie
2125 466 45 20 par
2180 460 22 20 le
2216 457 126 23 Maréchal
2354 457 30 21 de
2397 455 76 22 Ther-

1995 499 61 19 mes,
2075 492 74 28 après
2163 491 60 29 qu’il
2235 497 27 15 se
2274 490 38 22 fut
2324 488 100 29 emparé
2441 489 31 20 de

1995 526 24 21 la
2031 525 67 22 Ville
2115 530 58 16 sous
2189 524 79 22 Henri
2283 523 34 22 II.
2339 522 58 22 L’on
2417 521 57 21 voit

1996 562 90 17 encore
2097 563 47 16 son
2156 563 58 15 nom
2225 562 44 16 sur
2279 562 33 15 un
2325 555 109 24 bastion,
2442 554 31 20 du

1997 589 54 24 côté
2064 590 31 22 de
2111 591 23 21 la
2148 592 78 20 terre:
2247 590 36 21 les
2298 587 176 24 fortifications

1999 624 30 22 de
2042 624 24 21 la
2080 624 69 22 Ville
2169 624 80 21 même
2269 628 26 16 se
2314 621 130 23 réduisent
2461 619 14 22 à

1998 663 48 15 une
2056 656 64 23 forte
2133 656 111 22 muraille
2256 655 42 28 qui
2307 655 125 22 l’entoure
2444 654 30 21 de

1997 692 82 20 toutes
2087 689 101 29 parts.Il
2196 688 41 30 n’y
2245 696 14 14 a
2267 688 14 22 à
2289 688 89 28 Ajacio
2386 686 88 29 qu’une

1998 724 68 21 seule
2081 721 188 27 incommodité,
2290 723 64 21 mais
2374 721 42 28 qui
2437 722 38 20 est

1997 756 162 27 très-grande,
2172 755 59 22 c’est
2240 756 25 20 le
2276 755 86 22 défaut
2373 755 31 21 de
2415 754 61 21 bon-

1998 796 31 15 ne
2040 795 59 20 eau;
2115 788 50 22 l’on
2180 788 43 28 n’y
2237 788 53 22 boit
2304 794 47 21 que
2367 788 31 21 de
2413 786 62 22 l’eau

1999 823 30 21 de
2039 822 102 25 citerne,
2152 822 197 22 ordinairement
2359 821 49 22 mal
2419 825 58 17 con-

1998 854 96 23 servée.
2109 855 66 21 Pour
2185 861 31 15 en
2227 855 73 22 avoir
2311 855 31 21 de
2354 853 121 26 fontaine,

2000 889 18 21 il
2025 889 23 21 la
2056 887 51 23 faut
2119 888 61 22 aller
2190 888 120 22 chercher
2321 887 13 22 à
2343 887 69 22 deux
2422 888 55 21 mil-

1999 923 32 20 le.
2052 921 21 21 Il
2088 920 64 23 n’est
2171 926 44 22 pas
2230 920 143 22 nécessaire
2395 926 48 22 que
2452 920 26 28 je

2000 955 51 21 dise
2060 954 59 27 qu’il
2127 960 17 22 y
2152 961 14 15 a
2173 954 13 22 à
2192 954 88 27 Ajacio
2290 955 68 21 deux
2367 959 110 17 couvons

2001 989 30 21 de
2042 987 23 22 S.
2079 987 125 29 François,
2219 987 50 22 l’un
2284 988 45 21 des
2342 987 133 28 Capucins,

1999 1021 86 23 l’autre
2096 1021 44 21 des
2150 1020 124 23 Récolets.
2284 1020 48 24 Ces
2341 1020 137 29 Religieux

2001 1056 54 20 sont
2060 1054 112 27 toujours
2180 1053 211 23 nécessairement
2397 1060 83 22 comp-

2000 1087 37 22 tés
2053 1087 79 27 parmi
2151 1089 37 20 les
2203 1087 123 22 Habitans
2347 1087 31 22 de
2395 1089 83 20 toutes

2001 1123 36 20 les
2049 1120 81 22 Villes
2142 1122 30 20 de
2182 1122 24 20 la
2218 1120 89 22 Corse.
2329 1134 4 3 •

2028 1154 68 21 Dans
2107 1155 26 20 le
2144 1156 103 20 courant
2255 1154 32 21 du
2299 1154 66 22 mois
2374 1154 102 26 d’Août,

2002 1193 62 16 nous
2074 1187 111 27 reçûmes
2200 1187 74 22 ordre
2288 1188 32 20 de
2332 1188 77 21 sortir
2420 1187 60 21 d’A-

2000 1221 73 26 jacio,
2093 1220 23 21 &
2135 1220 31 21 de
2182 1225 63 16 nous
2262 1221 90 20 rendre
2372 1220 14 22 à
2406 1219 73 23 Calvi

2002 1258 61 23 pour
2074 1258 64 17 nous
2150 1259 18 22 y
2179 1253 155 26 embarquer,
2349 1252 23 22 <&
2384 1255 96 20 retour-

2003 1292 44 16 ner
2060 1293 31 16 en
2106 1286 101 22 France.
2229 1286 67 23 Nous
2310 1287 118 27 partîmes
2448 1292 31 16 en

2002 1320 181 28 conséquence:
2199 1319 22 23 &
2230 1321 26 27 je
2268 1327 32 15 ne
2311 1321 101 21 trouvai
2424 1321 54 21 rien

2003 1355 40 27 qui
2059 1354 37 23 fût
2112 1355 75 28 digne
2208 1355 31 22 de
2255 1360 130 22 remarque
2406 1357 75 19 avant

2002 1388 121 22 d’arriver
2135 1387 13 22 à
2164 1388 107 23 Vivario
2280 1395 6 17 ;
2300 1390 50 28 j’eu
2366 1391 61 20 dans
2441 1393 41 19 cet

2003 1422 99 22 endroit
2118 1423 114 21 occasion
2250 1423 30 20 de
2295 1423 69 21 tenir
2377 1429 104 16 conver-

2002 1455 81 22 sation
2098 1461 61 16 avec
2170 1456 22 21 le
2206 1455 111 23 Potestat
2330 1457 31 21 de
2373 1463 29 15 ce
2413 1457 50 21 lieu
2472 1463 6 19 ;

2004 1489 59 22 c’est
2073 1490 23 20 le
2108 1494 59 17 nom
2181 1489 75 26 qu’on
2269 1489 83 22 donne
2364 1496 49 15 aux
2424 1496 56 20 pre-

2003 1523 75 22 miers
2093 1522 139 28 Magistrats
2241 1529 6 15 :
2261 1522 27 28 je
2302 1523 82 22 tâchai
2399 1524 31 20 de
2444 1524 35 21 lui

2003 1556 61 21 faire
2072 1556 140 22 sentirtous
2219 1557 36 20 les
2262 1556 127 22 malheurs
2397 1556 85 28 qu’en-

2003 1590 110 22 traînent
2130 1590 196 21 ordinairement
2343 1591 24 20 la
2385 1589 97 23 révolte

2003 1623 44 22 des
2057 1623 79 27 sujets
2147 1625 85 20 contre
2243 1623 68 22 leurs
2319 1623 161 23 Souverains:

2004 1657 58 26 quel
2079 1659 122 24 avantage
2221 1662 28 15 ce
2267 1657 79 21 seroit
2365 1663 63 22 pour
2445 1658 36 21 les

2004 1689 99 26 Corses,
2124 1689 29 22 de
2167 1690 120 21 terminer
2300 1691 68 20 leurs
2384 1691 99 21 dissen-

2003 1724 75 25 tions,
2098 1723 24 21 <&
2135 1724 31 20 de
2180 1725 97 20 rentrer
2290 1729 61 16 sous
2365 1725 23 20 la
2403 1724 80 22 domi-

2004 1756 83 22 nation
2106 1756 44 22 des
2168 1755 104 26 Génois,
2294 1757 52 27 qui,
2367 1757 114 22 instruits

2004 1795 45 22 par
2058 1789 25 22 le
2094 1789 79 27 passé,
2186 1790 172 26 paroissoient
2368 1790 115 27 disposés

2004 1823 14 22 à
2029 1823 86 22 mieux
2128 1823 36 21 les
2178 1824 88 20 traiter
2280 1822 13 23 à
2305 1823 116 22 l'avenir.
2438 1823 45 22 Les

2006 1856 107 26 Génois;
2124 1861 39 16 me
2174 1855 156 28 répondit-il,
2347 1857 86 21 ont-ils
2444 1856 40 22 été

2006 1891 154 21 eux-mêmes
2168 1890 55 27 plus
2232 1891 96 21 soumis
2339 1894 48 22 que
2398 1895 63 17 nous
2469 1889 13 22 à

2005 1925 66 21 leurs
2083 1923 162 22 souverains?
2258 1923 124 22 Combien
2392 1924 30 21 de
2434 1924 49 21 fois

2006 1957 112 22 n’ont-ils
2135 1962 43 21 pas
2199 1956 120 27 manqués
2339 1956 31 22 de
2390 1955 94 23 fidélité

2006 1996 47 16 aux
2064 1989 63 23 Rois
2139 1990 30 21 de
2181 1989 94 22 France
2293 1989 75 29 qu’ils
2383 1990 103 22 avoient

2006 2024 152 22 eux-mêmes
2177 2022 96 23 choisis
2292 2028 65 22 pour
2369 2024 37 21 les
2423 2029 61 22 gou-

2007 2057 108 22 verner?
2129 2055 118 23 Témoins
2260 2057 56 21 leur
2327 2056 109 23 fameuse
2447 2057 38 21 ré-

2007 2091 68 21 volte
2087 2092 85 19 contre
2187 2089 74 22 Louis
2274 2089 59 23 XII.
2349 2089 23 22 &
2384 2091 61 21 dont
2457 2096 28 16 ce

2007 2124 99 25 Prince,
2126 2122 86 23 maître
2233 2124 30 20 de
2280 2124 69 21 leurs
2365 2124 78 26 biens,
2462 2124 22 21 &

2008 2158 30 21 de
2048 2158 68 21 leurs
2127 2157 67 25 vies;
2210 2157 63 21 mais
2285 2159 58 25 trop
2358 2158 49 21 bon
2424 2163 62 21 pour

2007 2191 43 21 des
2061 2191 99 21 traîtres
2173 2195 98 16 comme
2282 2196 57 20 eux,
2354 2196 32 16 ne
2396 2192 36 20 les
2443 2197 43 21 pu-

2008 2224 38 22 nit
2056 2229 47 23 que
2116 2225 74 26 parla
2202 2224 164 26 suppression
2379 2225 30 20 dè
2421 2225 65 21 leurs

2008 2257 148 28 privilèges:
2169 2262 30 16 ce
2207 2257 65 21 n’est
2284 2256 54 29 qu’à
2348 2257 69 22 force
2427 2257 60 22 d’in-

2008 2289 106 23 fidélités
2127 2289 23 23 &
2161 2290 31 21 de
2203 2290 118 26 révoltes,
2342 2291 73 27 qu’ils
2429 2294 58 19 sont

2009 2329 79 16 venus
2100 2323 15 22 à
2123 2323 59 22 bout
2194 2323 114 22 d’établir
2319 2324 78 27 parmi
2406 2330 49 16 eux
2463 2325 23 21 le

2010 2357 204 22 Gouvernement
2231 2357 61 23 dont
2303 2358 32 21 ils
2349 2358 136 27 jouissent:

2010 2391 117 22 c'estleur
2131 2392 116 26 exemple
2254 2397 48 22 que
2308 2398 61 16 nous
2375 2392 111 26 suivons,

2010 2424 58 22 c’est
2077 2424 14 21 à
2103 2423 211 28 l’indépendance,
2327 2425 61 22 c’est
2398 2425 13 22 à
2423 2426 22 22 la
2458 2426 30 22 li-

2010 2457 69 22 berté
2096 2463 48 21 que
2156 2463 62 16 nous
2230 2458 116 27 aspirons
2367 2465 42 15 sur
2422 2459 65 22 leurs

2010 2496 51 22 pas.

2179 2535 11 27 (
2193 2534 148 29 Cuntinua)

2016 2631 99 26 Àiacciu
2123 2646 30 6 —
2162 2634 135 31 Stamparia
2310 2636 25 22 di
2349 2638 22 20 A
2383 2637 102 26 Muvra,

2017 2678 14 14 u
2044 2670 239 24 Direllore-Gerente:
2293 2673 71 21 Petru
2375 2672 112 24 ROCCA.

21 2800 152 27 ’isparmiare
191 2802 24 21 le
227 2802 73 25 forze,
319 2800 23 21 di
356 2802 132 20 constanza

21 2840 37 16 3er
76 2836 100 25 durare;
201 2841 47 17 con
261 2839 116 23 sorpresa
398 2833 53 28 pari
465 2833 24 21 al

21 2871 108 20 :ontento
141 2869 50 28 egli
203 2874 51 17 non
272 2869 62 21 ebbe
353 2874 13 15 a
382 2868 106 21 mettere

21 2902 39 21 ilia
72 2908 77 22 prova
158 2904 87 26 queste
254 2902 49 21 due
314 2900 76 26 virtù,
397 2900 92 22 dacchè

21 2938 90 20 :ornato
131 2943 13 15 a
156 2936 63 29 galla
239 2936 20 21 si
272 2934 64 22 senti
357 2933 132 23 acciuffare

21 2968 23 21 la
56 2975 46 15 una
114 2974 74 17 mano
201 2969 23 21 di
237 2974 89 16 rovere
337 2968 40 26 pei
390 2967 98 27 capelli,

21 3006 7 15 î
40 3003 81 22 subito
131 3004 66 26 dopo
211 3003 29 21 da
250 3001 103 22 un’altra
365 3001 122 24 nelcollo,

21 3039 8 15 ì
40 3039 170 19 scaraventare
229 3035 90 22 dentro
331 3034 24 21 la
365 3034 74 21 barca
449 3038 40 17 cô-

21 3073 31 16 ne
76 3076 32 15 un
127 3074 82 17 sacco.
233 3067 46 23 Ciò
300 3067 62 22 fatto
383 3066 107 23 s’intese

21 3101 140 24 sfrenellare
173 3102 47 22 due
233 3101 71 24 remî,
324 3099 45 22 che
381 3100 23 21 si
415 3100 76 21 mise-

21 3139 21 17 :o
53 3135 27 22 in
92 3142 62 22 voga
172 3135 47 22 alla
243 3134 90 22 diroüa
344 3139 7 20 ;
363 3134 26 21 in
401 3134 89 26 questo

23 3173 14 15 a
55 3168 103 23 fortezza
181 3168 25 21 di
231 3167 48 23 San
304 3166 72 22 Carlo
390 3165 100 23 sembrô

21 3202 76 26 tprire
108 3203 34 27 gli
155 3201 82 27 occhi,
251 3200 45 22 chè
307 3201 77 27 lungo
396 3200 23 21 le
430 3199 62 22 feri-

21 3234 47 22 :oie
87 3240 110 22 apparve
215 3240 50 16 una
283 3234 61 23 Lista
357 3234 24 21 di
403 3232 86 25 fuoco,

21 3271 8 16 î
38 3268 104 22 insieme
150 3269 23 21 al
182 3268 71 22 fuoco
262 3268 93 25 piovve
365 3270 126 22 unagran-

21 3299 51 23 line
84 3301 26 22 di
121 3302 65 27 pâlie
195 3307 6 19 ;
209 3306 51 16 non
269 3299 184 22 avvertimento
464 3297 25 22 fu

21 3332 122 27 lato,-non
163 3334 133 28 preghiera
308 3332 137 29 profïerita,
457 3336 33 16 un

21 3368 86 24 ^emito
118 3368 77 25 lieve,
209 3372 106 22 seppure
334 3371 41 17 era
386 3365 104 28 gemito,

21 3403 69 20 parve
111 3400 47 23 che
175 3405 119 17 movesse
307 3399 63 21 dalla
383 3400 70 26 parte
465 3397 25 21 di

21 3436 83 24 poppa.
117 3433 136 23 Basfarcno
266 3432 79 28 poche
356 3432 80 27 palate
447 3435 46 23 per

21 3467 106 21 mettersi
141 3467 65 21 fuori
227 3466 40 21 del
278 3466 51 21 tiro
349 3464 141 25 delfucile;

21 3500 21 16 m
66 3502 91 24 quanto
178 3500 22 20 al
212 3503 113 17 cannone
342 3502 51 17 non
404 3497 87 21 faceva

21 3533 59 24 caso,
91 3532 45 22 chè
144 3531 155 29 -pretendere
311 3530 94 28 colpire
417 3529 74 27 perla

21 3564 65 22 notte
105 3571 48 16 una
165 3565 73 21 barca
258 3569 49 17 con
316 3564 24 21 le
352 3562 141 28 artiglierie

21 3599 36 17 sra
67 3597 25 22 lo
113 3600 82 20 stesso
212 3597 47 22 che
278 3601 98 17 cercare
387 3601 34 15 un
432 3600 59 17 cece

21 3626 23 22 in
64 3635 76 18 mare'.
161 3630 88 22 Allora
270 3629 26 21 in
308 3634 33 15 un
351 3628 140 22 medesimo

21 3664 71 21 pnnto
112 3664 47 21 due
170 3663 58 21 voci
249 3662 159 21 chiamarono
420 3661 71 21 Aîto-

21 3694 68 28 Pello,
103 3702 13 15 e
128 3696 82 29 questi
222 3694 137 23 riconobbe
370 3695 23 20 la
404 3693 86 22 madré

514 2801 13 15 e
539 2794 99 22 Serena.
647 2792 133 23 Francesca
791 2791 137 22 Domenica
935 2789 52 23 ani-

514 2833 41 17 mo
569 2833 13 15 e
603 2832 78 22 corpo
703 2826 24 22 di
741 2826 86 21 ciocco
845 2829 107 17 menava
969 2823 19 21 il

514 2866 68 17 remo
595 2861 91 26 meglio
699 2859 45 22 che
755 2858 49 22 mai
813 2858 94 22 facesse
918 2856 67 22 ilbo-

515 2894 126 28 navoglia,
655 2893 90 22 Serena
756 2895 92 19 teneva
862 2891 125 24 iltimone,

514 2927 117 22 Bastiano
648 2932 41 16 era
713 2926 18 21 il
750 2927 78 20 terzo.
843 2924 31 22 Le
895 2924 91 25 donne,

515 2960 168 29 presaghedei
697 2959 96 22 sinistri
805 2958 46 22 che
863 2960 126 26 potevano

514 3000 45 22 per
576 2996 136 20 avventera
731 2992 125 25 accadere,
875 2996 114 17 avevano

516 3029 94 27 portato
623 3032 56 16 seco
691 3026 63 21 vesti
765 3025 45 22 che
821 3023 168 23 servironoad

515 3060 127 23 Altobello
664 3064 44 23 per
730 3058 106 23 mutarsi
856 3058 24 21 in
902 3057 86 25 fretta;

515 3094 43 28 poi
568 3094 64 21 mise
639 3093 25 21 la
675 3092 85 22 madré
773 3091 131 26 altimone,
917 3090 50 27 egli
977 3096 12 15 e

516 3127 117 23 Bastiano
649 3125 169 28 ripigliarono
830 3124 22 22 la
864 3129 74 22 voga,
950 3122 41 22 Se-

515 3166 60 17 rena
594 3160 151 22 mandarono
766 3164 13 15 a
790 3157 120 28 riposarsi
928 3155 62 22 delle

517 3194 88 22 fatiche
612 3192 101 23 sofferte
721 3191 66 28 epiù
798 3191 66 21 delle
875 3190 118 28 agitazio-

517 3228 34 26 ni,
564 3228 32 21 ed
607 3227 48 21 ella
667 3226 20 21 si
706 3226 105 27 giacque
821 3230 13 15 a
845 3229 61 21 prua
918 3228 73 17 senza

517 3260 57 22 farsi
588 3264 113 23 pregare.

544 3292 29 22 La
584 3293 96 21 fortuna
688 3296 44 16 ora
740 3291 31 21 da
780 3290 27 22 sè
815 3289 117 22 discorde
938 3289 54 21 voi-

517 3328 23 20 le
560 3325 108 22 favorire
691 3325 87 26 questa
796 3321 195 29 impresaponde

517 3359 53 23 sani
592 3365 12 15 e
618 3357 63 23 salvi
703 3357 149 21 arrivarono
862 3356 46 21 alla
917 3356 74 25 punta

517 3394 24 21 di
554 3393 68 21 Arco
636 3397 5 20 ;
657 3393 132 19 trovarono
809 3388 61 23 muli
889 3386 102 23 allestiti

518 3433 29 16 su
557 3426 8 21 i
592 3425 66 28 quaîi
675 3423 104 22 salendo
796 3426 111 23 presero,
921 3419 76 22 senza'

518 3461 103 21 mettere
632 3459 85 24 tempo
730 3456 130 23 framezzo,
869 3454 23 21 la
901 3453 43 21 via
952 3452 39 21 del

518 3494 87 26 Borgo.
627 3490 99 23 Furono
745 3489 106 22 ricevuti
864 3493 12 16 a
895 3486 96 23 braccia

517 3529 85 25 aperte
613 3531 7 16 :
632 3524 41 26 qui
691 3522 105 22 accadde
808 3521 46 21 che
865 3520 125 22 Altobello

518 3558 145 29 stringendo
679 3554 153 29 improvisso
844 3554 22 20 al
878 3558 47 17 suo
939 3553 52 26 pet-

517 3595 26 20 to
564 3591 95 22 Serena
669 3589 26 22 fu
715 3588 108 28 cagione
843 3585 46 22 che
905 3586 86 26 questa

518 3626 108 27 gettasse
636 3628 51 17 uno
699 3621 88 25 strido,
798 3625 46 23 per
854 3620 22 20 la
885 3618 56 28 quai
950 3622 41 16 co-

518 3664 27 16 sa
561 3657 123 22 cercando
702 3653 265 29 premurosamentese
978 3656 13 14 e

518 3696 72 17 corne
596 3691 25 20 le
632 3694 88 16 avesse
729 3688 60 22 fatto
796 3686 71 24 male,
877 3683 114 24 conobbe

1012 2789 33 22 lei
1065 2793 86 17 essere
1168 2789 64 20 stata
1240 2786 72 22 ferila
1326 2786 29 21 da
1366 2790 47 16 una
1423 2783 64 28 palla

1014 2823 43 20 nel
1077 2820 98 23 braccio
1197 2825 91 17 manco
1296 2825 6 19 ;
1314 2820 24 21 la
1357 2818 131 26 poveretta

1014 2856 157 26 quantunque
1188 2859 29 16 se
1227 2854 26 21 lo
1271 2852 107 23 sentisse
1389 2851 100 28 passato

1016 2888 54 22 fuor
1081 2887 70 22 fuora
1171 2892 51 16 non
1233 2886 106 22 n’aveva
1351 2889 84 17 mosso
1446 2889 43 21 pa-

1015 2923 60 24 rola,
1093 2926 31 16 an
1125 2920 20 22 zi
1165 2919 93 29 perché
1272 2918 108 23 curando
1390 2917 32 22 lei
1436 2921 52 17 non

1015 2954 147 28 perdesserc»
1173 2955 85 24 tempo
1269 2952 21 22 si
1302 2958 41 15 era
1354 2950 135 22 accocolla-

1016 2989 23 20 ta
1051 2993 14 16 a
1075 2992 62 22 prua
1148 2986 139 22 mordendo
1299 2985 18 21 il
1330 2984 135 24 fazzoletto,
1475 2988 14 15 e

1016 3021 52 22 cosi
1091 3020 27 22 in
1137 3019 102 22 silenzio
1258 3019 22 21 si
1297 3024 42 16 era
1350 3021 71 24 posta
1441 3021 48 15 una

1018 3054 75 22 fascia
1108 3054 103 21 intorno
1221 3052 48 22 alla
1290 3051 81 22 ferita.
1385 3051 104 26 Appena

1016 3088 24 21 le
1051 3086 116 29 sfuggiva
1186 3086 19 21 il
1217 3085 80 28 grido,
1309 3082 179 29 vergognando

1018 3121 26 21 di
1054 3125 75 17 avéré
1136 3120 119 21 mostrato
1266 3123 82 23 paura,
1363 3116 70 21 diede
1440 3115 50 21 dél-

1017 3154 23 21 ia
1052 3158 75 17 mano
1139 3152 83 22 destra
1242 3158 28 15 su
1282 3152 22 20 la
1317 3150 76 28 spaîla
1405 3149 29 21 ad
1446 3148 45 21 Al-

1017 3187 92 22 tobello
1123 3191 14 15 e
1144 3190 47 17 con
1205 3190 32 15 un
1246 3185 34 21 tal
1291 3189 45 16 suo
1345 3183 90 21 sorriso
1442 3183 49 20 tut-

1017 3223 26 19 to
1056 3224 92 20 amore,
1162 3219 25 21 lo
1199 3215 173 31 rimproverô:

1044 3264 29 5 —
1085 3251 32 23 Se
1139 3252 41 21 nei
1192 3251 81 22 vostri
1292 3249 70 29 garbi
1374 3249 41 22 voi
1426 3250 64 20 met-

1018 3287 64 21 teste
1093 3290 32 16 un
1137 3284 41 26 po’
1189 3283 45 27 più
1246 3284 24 21 di
1287 3283 88 27 grazia,
1387 3286 104 17 mamma

1018 3317 136 22 Francesca
1164 3322 51 16 non
1227 3316 107 22 avrebbe
1347 3317 86 25 saputo
1445 3313 46 22 che

1019 3352 26 21 io
1056 3356 41 16 era
1109 3352 66 20 stata
1185 3349 81 22 ferita.

1045 3384 137 21 Francesca
1214 3381 147 26 Domenica,
1393 3381 97 28 quando

1019 3417 22 21 si
1051 3419 108 19 trattava
1170 3416 114 27 vegliare
1295 3413 108 27 infermi,
1414 3413 78 22 medi-

1018 3449 137 25 careferiti,
1164 3449 120 23 inbreve,
1294 3448 126 21 consolare
1432 3452 59 21 qua-

1017 3484 91 25 lunque
1121 3481 131 26 afflizione,
1272 3485 90 22 pareva
1371 3480 119 21 chiamata

1018 3522 13 15 a
1043 3520 71 16 nozze
1124 3521 8 19 ;
1143 3514 68 22 nudô
1222 3514 19 21 il
1253 3513 97 22 braccio
1361 3513 25 21 di
1399 3512 90 22 Serena

1017 3549 80 27 prima
1109 3547 44 22 che
1166 3553 26 16 se
1204 3552 31 17 ne
1247 3550 154 23 accorgesse,
1408 3544 82 22 staccô

1017 3586 73 17 senza
1099 3580 62 22 farla
1172 3582 91 24 troppo
1275 3583 92 22 penare
1381 3579 19 21 il
1409 3583 81 22 panno

1018 3615 152 27 ingommato
1188 3613 26 21 di
1223 3616 94 22 sangue
1336 3612 63 21 dalla
1406 3611 81 27 piaga,

1017 3649 24 20 la
1053 3647 71 27 quale
1134 3646 203 27 diligentemente
1357 3643 134 23 esaminata

1016 3680 75 23 trovô
1111 3679 45 22 che
1167 3684 51 17 non
1238 3682 79 18 aveva
1328 3677 76 22 offeso
1413 3675 76 23 l’osso

1514 2782 31 22 nè
1557 2785 71 25 parte
1636 2783 87 21 alcuna
1729 2782 176 28 d’importanza
1913 2790 7 19 ;
1929 2787 62 17 non-

1515 2816 114 22 dimanco
1646 2816 66 26 dopo
1731 2816 85 21 averla
1835 2816 122 22 medicata
1967 2815 24 21 le

1515 2849 97 28 impose
1624 2850 127 21 di-andare
1762 2855 13 16 a
1787 2849 133 28 riposarsi.

1542 2882 105 22 Rimasti
1668 2884 49 21 soli
1726 2882 116 23 Bastiano
1859 2889 13 15 e
1880 2882 111 23 Altobel-

1515 2916 33 26 lo,
1561 2916 18 21 il
1590 2917 83 26 primo
1686 2916 66 22 disse
1764 2917 23 20 al
1799 2916 121 22 secondo:

1542 2961 29 4 —
1583 2948 111 27 Quando
1715 2949 77 22 venni
1812 2949 24 21 al
1845 2948 109 23 servizio
1966 2948 24 22 di

1516 2985 86 20 vostro
1621 2982 86 28 padre,
1727 2982 139 26 Altobello,
1887 2982 35 28 gli
1934 2987 57 22 pro-

1515 3016 57 22 misi
1585 3015 46 22 che
1644 3016 50 27 egli
1716 3015 109 22 avrebbe
1836 3015 104 28 spellato
1951 3021 40 16 me

1517 3049 32 21 od
1561 3049 25 21 io
1609 3048 48 22 lui:
1681 3048 81 22 difatti
1784 3049 26 21 io
1822 3049 34 26 gli
1874 3049 82 21 scavai
1968 3048 23 21 la

1516 3081 64 22 fossa
1593 3087 6 15 :
1621 3087 48 16 con
1680 3082 43 21 voi
1743 3086 52 16 non
1807 3081 33 21 ho
1852 3081 72 27 patti.
1938 3080 53 22 Ora

1517 3115 87 22 ditemi
1617 3120 28 16 se
1655 3115 121 26 per-tutto
1790 3111 18 24 il
1816 3115 84 27 tempo
1912 3114 78 21 chevi

1517 3147 33 23 ho
1560 3148 98 21 servilo
1672 3148 24 21 vi
1711 3148 96 21 mancai
1820 3147 24 21 in
1859 3148 93 26 parole,
1966 3147 25 21 in

1518 3186 77 23 opéré
1605 3185 16 17 o
1633 3180 145 22 altrimenti.

1543 3228 30 5 —
1586 3215 22 23 O
1630 3216 132 25 Bastiano;
1777 3221 46 22 per
1834 3218 25 19 te
1870 3215 63 25 solo,
1945 3214 48 22 fm-

1518 3249 45 23 chè
1570 3249 127 22 vivemmo
1706 3249 92 27 piccoli
1807 3248 121 25 orfanelli,
1936 3253 56 22 qua-

1518 3283 21 21 si
1551 3288 51 16 non
1615 3283 23 20 ci
1647 3286 172 23 accorgemmo
1831 3282 21 21 ci
1865 3286 128 17 mancasse

1518 3316 18 21 il
1546 3315 86 28 padre.

1545 3361 28 4 —
1584 3347 36 24 Bò
1631 3354 6 15 :
1650 3348 100 27 dunque
1770 3347 93 22 datemi
1875 3353 33 14 un
1920 3346 72 22 bacio

1518 3388 13 15 e
1542 3382 84 22 addio.

1545 3427 28 5 —
1578 3415 73 21 Tieni
1661 3414 127 26 Bastiano,
1798 3413 109 29 pigliane
1914 3412 78 22 anche

1517 3450 39 20 tre
1565 3455 5 19 ;
1583 3454 41 15 ma
1645 3453 52 16 non
1718 3448 100 26 capisco
1835 3446 47 22 che
1895 3451 58 17 cosa
1966 3447 25 20 tu

1517 3481 85 27 voglia
1613 3480 160 28 signifiicare.

1544 3525 29 5 —
1585 3513 62 22 Ecco
1657 3519 7 16 :
1683 3513 128 28 iovoglio
1828 3514 99 21 tornare
1945 3511 47 22 aile

1517 3546 49 22 mie
1574 3548 135 25 montagne
1716 3546 25 20 di
1752 3544 102 27 Niolo,e
1866 3545 30 21 da
1906 3545 41 27 qui
1955 3544 37 21 in-

1517 3578 70 22 nanzi
1598 3583 51 17 non
1670 3578 121 22 obbedire
1807 3578 64 22 altro
1882 3578 110 27 padrone

1517 3611 45 22 che
1572 3611 59 21 Dio.

1542 3655 30 5 —
1580 3643 79 23 Corne
1670 3643 48 28 può
1739 3649 69 16 esser
1820 3645 97 26 questo,
1931 3644 61 20 Bas-

1516 3676 84 22 tiano?
1610 3676 30 22 Ti
1653 3676 107 22 avrebbe
1769 3670 174 33 quaïcheduno
1956 3676 37 21 of-

2017 2782 53 22 feso
2079 2783 26 21 in
2117 2788 54 17 casa
2182 2784 48 21 mia
2240 2783 13 22 ?

2043 2826 30 6 —
2081 2815 34 26 Si,
2127 2822 13 16 e
2152 2817 87 26 molto,
2253 2823 13 15 e
2274 2817 143 22 l'offensore
2428 2819 63 21 siete

2017 2849 51 21 voi.

2044 2893 23 5 -
2081 2882 44 21 Io?

2042 2926 31 5 —
2082 2914 35 27 Si,
2129 2916 42 22 voi
2184 2918 74 20 avete
2271 2916 112 23 dubitato
2399 2918 26 21 di
2435 2924 40 16 me
2484 2924 6 19 ;

2016 2948 44 22 voi
2075 2950 73 20 avete
2164 2951 137 25 sospettato
2320 2956 32 14 un
2365 2953 125 19 momento

2016 2982 115 21 Bastiano
2143 2980 120 25 fràditore
2274 2988 6 19 ;
2294 2988 51 16 non
2356 2985 26 20 lo
2394 2986 98 26 negate:

2016 3016 24 20 lo
2055 3020 39 17 so.

2043 3059 31 6 —
2085 3048 20 21 E
2124 3049 27 21 tu
2172 3048 35 22 sai
2229 3049 64 21 male
2302 3056 6 19 ;
2322 3049 26 21 io
2359 3055 52 16 non
2427 3051 20 21 ti
2458 3050 34 22 ho

2016 3082 49 21 mai
2077 3081 102 22 creduto
2190 3082 131 22 traditore.

2043 3125 30 5 —
2082 3114 19 21 E
2114 3120 46 16 con
2173 3116 58 25 quel
2250 3118 88 19 vostro
2349 3117 106 27 sguardo
2467 3117 27 21 in

2017 3153 56 16 casa
2082 3148 114 21 Mariano
2203 3148 47 22 che
2257 3150 35 20 mi
2303 3149 190 23 chiedestevoi?

2042 3192 31 5 —
2084 3181 33 22 Lo
2136 3182 59 21 vedi
2206 3188 6 20 ;
2225 3187 27 16 se
2264 3183 20 21 ti
2298 3183 83 22 avessi
2393 3186 101 25 reputa-

2016 3216 28 20 to
2063 3214 122 23 traditore
2204 3216 69 21 avrei
2295 3218 88 25 potuto
2395 3217 101 21 doman-

2017 3248 64 21 dsrti
2094 3253 26 16 se
2131 3249 34 21 mi
2178 3249 77 20 avevi
2266 3249 96 22 tradito
2374 3250 13 21 ?

2042 3292 31 5 —
2084 3281 19 20 E
2111 3286 27 16 se
2146 3281 34 21 mi
2190 3282 131 21 credevate
2332 3282 80 21 fedele
2424 3288 71 18 corne

2017 3315 100 20 avreste
2127 3314 88 27 potuto
2227 3314 176 28 interrogarmi
2416 3321 27 16 se
2455 3321 41 15 era

2018 3346 96 23 diballa
2126 3352 46 16 con
2185 3346 136 23 Mariano?
2329 3346 49 28 No,
2388 3350 69 20 tanto
2469 3348 23 25 è,

2017 3380 33 22 ho
2063 3379 93 26 deciso,
2166 3379 135 27 Altobello,
2314 3380 19 21 il
2341 3386 75 16 cuore
2426 3383 68 20 rotto

2017 3417 51 17 non
2080 3413 23 20 si
2110 3412 114 22 rìncolla.
2232 3412 74 26 Però,
2315 3418 71 17 corne
2395 3414 99 24 vedete,

2017 3450 49 17 con
2078 3445 42 22 voi
2130 3450 50 16 non
2192 3444 35 23 ho
2236 3445 69 22 nulla
2316 3452 7 19 ;
2336 3445 77 22 l’odio
2419 3447 52 21 mio
2479 3446 14 21 è

2018 3480 89 20 contro
2118 3478 69 22 colui
2200 3477 46 22 che
2259 3479 179 27 adoprandemi
2452 3484 46 22 per

2018 3511 117 22 zimbellû
2144 3511 34 21 mi
2189 3510 54 22 fece
2256 3516 111 22 suppore
2373 3512 121 27 complice

2018 3544 93 21 delsuo
2119 3540 162 25 tradiriiento.
2291 3544 85 22 Addio
2384 3544 108 27 dunque!

2018 3577 105 21 salutate
2141 3582 46 21 per
2202 3582 40 16 me
2255 3575 136 23 Francesca
2403 3576 93 22 Dome-

2017 3610 65 25 nica,
2095 3609 91 27 perché
2204 3615 52 16 non
2267 3610 35 20 mi
2315 3610 71 21 basta
2394 3609 99 21 l’anima

2019 3642 24 21 di
2055 3643 62 21 dirle
2129 3642 85 22 addio.

2190 3673 163 29 (Cuntinua)
