2544 3924
353 140 100 30 LES

126 198 189 48 Cortinchi
341 197 45 47 de
412 195 273 48 Pietr’ellerata

356 311 89 27 (Suite)

142 373 77 27 Après
240 371 207 28 SciumaguadeUa,
465 369 70 27 après
556 367 150 27 Caponiello,

99 406 64 22 voici
175 406 62 21 celui
250 405 41 24 Qui
303 406 43 24 est,
358 409 58 16 avec
427 401 171 22 Sambucuccio
610 399 98 22 d’Alan-

100 439 39 25 do,
151 440 23 20 le
182 439 55 27 plus
246 437 149 28 magnanime
404 435 131 22 libérateur
546 433 29 21 de
589 434 23 20 la
624 432 84 21 Terra-

100 471 180 26 di-Commune,
293 471 23 21 le
327 471 51 26 plus
389 469 133 20 valeureux
533 465 126 22 défenseur
674 464 33 21 du

99 506 93 26 peuple.
207 504 67 21 C’est
285 508 85 16 encore
380 502 22 21 la
413 501 92 21 famille
521 499 42 21 des
581 497 125 22 Cortinchi

100 538 41 26 qui
152 543 54 15 aura
217 537 127 21 l’honneur
355 535 29 21 de
400 535 23 21 le
437 534 95 21 donner
550 531 14 22 à
579 532 23 21 la
620 531 85 21 Corse.

100 570 21 21 Il
143 570 124 27 s’appelait
287 568 105 22 Mariano
416 566 116 22 Cortinco
555 565 29 21 da
601 563 104 29 Gaggio,

99 603 138 22 descendait
252 602 79 27 d’.Ugo
352 601 113 22 Cortinco
481 599 31 21 de
529 597 176 25 Pietr’ellerata,

99 637 53 27 plus
163 636 52 22 tard
226 636 113 28 seigneur
350 635 29 20 de
391 633 104 28 Gaggio,
505 634 25 19 et
538 631 57 22 était
601 631 24 21 le
635 631 72 20 beau-

98 669 62 23 frère
176 670 30 21 de
227 669 104 22 Giudice
350 667 98 22 d’Istria.
475 665 66 22 Dans
563 669 47 16 une
633 663 73 21 Diète

98 705 71 19 tenue
180 702 14 21 à
206 701 146 28 Morosaglia
361 705 41 22 par
417 699 37 21 les
474 697 87 22 Corses
579 696 33 21 du
628 695 78 27 Deça-

98 735 143 26 dès-Mónts,
252 741 31 16 en
297 739 59 23 1445,
366 732 107 22 Mariana
483 729 113 23 Cortinco
603 728 30 21 da
641 727 65 28 Gag-

97 769 42 28 gio
150 771 66 26 reçut
225 769 25 21 le
264 767 56 22 titre
333 767 29 21 de
374 765 140 21 Lieutenant
526 762 96 28 general
632 761 31 21 de
681 761 23 20 la

98 802 87 22 Nation
194 804 25 19 et
229 803 24 20 la
264 801 100 21 mission
375 799 29 20 de
413 796 139 23 consolider
561 796 23 20 la
595 794 110 21 domina-

97 835 52 22 tion
162 835 117 21 romaine.
290 832 92 29 Eugène
389 831 44 26 IV,
443 830 74 27 Pape,
526 828 65 22 avait
598 833 32 16 en
639 827 63 25 effet,

98 868 93 29 envoyé
202 868 14 21 à
230 869 24 20 la
274 866 113 22 demande
405 865 31 20 de
455 863 113 26 l’Evêque
588 861 16 21 d
611 860 91 26 Aleria,

98 901 112 22 Monaldo
222 900 107 22 Paradisi
337 904 60 22 pour
406 896 104 29 prendre
521 894 140 28 possession
672 893 32 21 de

96 936 24 20 la
132 934 74 22 Corse
227 936 25 19 et
267 939 31 16 en
315 932 92 22 chasser
424 931 36 20 les
474 928 100 23 Génois.
593 927 110 22 Mariano

97 968 113 21 raffermit
221 965 118 24 l’autorité
354 963 140 28 temporelle
511 962 32 21 du
554 960 149 27 Saint-Siège

97 1001 58 21 dans
163 1000 59 26 Elle,
235 1001 28 21 fit
274 1005 47 16 une
331 1003 83 24 guerre
425 994 118 24 acharnée
556 1000 48 15 aux
625 993 78 28 Capo-

96 1035 44 21 rali
146 1033 29 29 (1)
185 1035 24 20 et
217 1039 50 16 aux
277 1033 125 27 Seigneurs
409 1029 58 28 qu’il
474 1027 115 29 précipita
600 1027 33 21 du
643 1027 60 21 haut

96 1068 31 20 de
138 1068 61 21 leurs
210 1069 69 19 tours
291 1064 126 28 escarpées,
435 1069 14 15 «
461 1061 110 22 détruisit
581 1067 34 14 un
625 1059 78 29 grand

95 1101 100 20 nombre
219 1099 140 22 d’entr’elles
378 1099 24 20 et
422 1096 72 21 battit
512 1095 35 21 les
570 1092 131 29 Espagnols

95 1133 149 27 d’Alphonse
270 1132 119 27 d’Aragon
413 1129 40 29 (A).
488 1128 43 21 Ses
552 1126 149 22 adversaires

96 1168 71 27 ayant
177 1166 43 21 fait
231 1165 71 28 appel
313 1170 46 16 aux
370 1162 100 26 Génois,
485 1161 107 22 Mariano
603 1161 36 20 les
655 1159 47 22 mit

96 1207 31 14 en
138 1199 105 22 déroute.

139 1233 19 21 Il
168 1233 36 21 fut
214 1231 114 22 l’ennemi
336 1230 84 22 mortel
431 1229 31 22 de
471 1228 69 22 Raffè
546 1227 29 22 de
590 1227 59 21 Leca
659 1226 41 27 qui

95 1266 141 27 prétendant
248 1266 51 21 être
309 1265 23 20 le
348 1264 50 21 seul
408 1263 86 22 maître
506 1262 30 21 de
555 1257 56 26 l’Ile-
624 1260 78 22 s’etait

95 1299 48 22 mis
154 1298 14 22 à
178 1300 69 20 lever
258 1299 42 21 des
312 1297 93 28 impôts.
419 1297 21 21 Il
452 1296 35 22 lui
495 1296 61 21 livra
565 1294 14 22 à
592 1294 109 22 Morosa-

95 1333 48 27 glia
153 1339 33 14 un
202 1332 97 21 combat
317 1331 40 27 qui
370 1331 35 21 fut
425 1330 110 27 sanglant
555 1330 24 19 et
589 1326 110 24 acharné.

96 1365 56 22 Plus
164 1366 59 25 tard,
246 1365 165 27 pour-abattre
434 1369 27 15 sa
483 1362 117 28 tyrannie,
621 1362 17 20 11
658 1361 44 20 dût

96 1399 128 21 demander
238 1398 34 21 du
291 1403 93 16 secours
400 1396 14 21 à
435 1395 83 22 Gênes
539 1396 24 19 et
578 1395 36 21 les
640 1393 61 23 Leca

94 1431 79 22 furent
181 1433 81 20 battus
269 1433 24 20 et
303 1429 133 23 massacrés.
451 1429 108 22 Mariano
567 1428 28 21 fit
606 1427 94 22 ensuite

95 1471 27 16 sa
144 1465 146 22 soumission
306 1464 15 22 à
336 1463 93 23 l’Office
441 1465 70 20 entre
525 1463 35 20 les
579 1462 79 21 mains
669 1461 31 21 de

95 1500 117 28 Selvagho
224 1499 38 22 de’
275 1498 116 29 Selvaghi.
408 1505 11 13 «
432 1497 21 22 Il
465 1497 44 25 fut,
527 1496 36 21 dit
576 1495 121 28 Filippini,

94 1533 112 22 l’homme
214 1535 25 20 le
247 1534 54 27 plus
311 1532 161 27 remarquable
485 1531 31 21 de
530 1536 44 16 son
585 1531 87 26 temps.
685 1536 14 14 »

137 1567 33 22 En
183 1566 62 28 1466,
254 1573 44 15 son
309 1562 36 25 fils
357 1565 135 22 Giudicello
504 1571 14 13 «
524 1563 56 22 chef
585 1564 31 21 de
622 1569 78 22 popu-

94 1601 85 21 lations
191 1597 96 25 comnie
300 1605 44 16 son
349 1599 76 27 père»,
439 1598 37 21 fut
486 1597 104 27 nommé,
604 1603 95 16 comme

94 1635 42 25 lui,
149 1634 140 21 Lieutenant
299 1632 94 29 général
397 1632 33 21 du
439 1632 88 27 peuple
539 1630 101 29 efplacé
653 1631 15 21 à
676 1631 23 21 la

93 1669 50 20 tête
153 1667 54 22 d’un
218 1668 155 21 mouvement
390 1665 125 29 populaire
525 1671 62 21 pour
601 1664 99 22 résister

95 1700 15 22 à
121 1701 111 28 François
244 1700 86 26 Sforza,
342 1700 52 21 Duc
401 1700 30 21 de
443 1699 77 22 Milan
528 1698 64 29 (3).Il
602 1698 43 26 fut,
655 1704 45 21 par

94 1735 24 20 la
129 1734 68 25 suite,
221 1740 62 15 avec
302 1733 69 22 Carlo
387 1733 29 21 da
431 1732 81 26 Casta,
520 1732 38 28 (4),
581 1732 118 28 principal

96 1768 93 21 soutien
204 1767 31 22 de
246 1767 96 22 l’Office
360 1767 57 21 dans
434 1767 24 21 le
477 1765 219 29 Deçà-des-Monts.

95 1801 21 22 Il
127 1801 75 22 s’était
209 1801 45 22 fait
268 1801 62 22 bâtir
343 1807 29 15 en
385 1806 61 21 1474,
460 1800 15 22 à
486 1800 61 26 Tox,
564 1798 95 23 Canton
668 1799 30 22 de

94 1834 214 27 Pietra-di-Verde,
317 1841 47 15 une
371 1836 55 20 tour
436 1834 34 21 où
482 1834 18 21 il
509 1840 26 15 se
545 1834 71 21 retira
628 1833 40 29 (5).

251 1910 163 28 DEUXIÈME
425 1915 120 22 PARTIE

362 2010 63 25 Les

92 2065 195 49 Cortinchi
307 2064 46 48 de
378 2063 320 55 Pietr’aU’arreUa

136 2162 30 22 Le
170 2162 119 22 châtelain
293 2161 30 21 de
330 2160 89 22 Lumito
426 2160 124 28 s’appelait
559 2160 137 29 Guglielmo

94 2202 92 16 comme
197 2201 46 16 son
260 2195 65 27 père.
338 2194 20 21 Il
368 2193 57 22 était
447 2194 113 28 seigneur
582 2193 116 29 d’Ampu-

93 2229 79 29 gnani,
192 2229 104 21 Mofiani
309 2229 23 20 et
343 2227 109 28 Tavagna
472 2227 68 28 (trois
548 2227 84 28 pièves
655 2228 41 27 qui

94 2262 145 23 obéissaient
250 2260 189 29 précédemment
449 2260 16 22 à
477 2261 99 21 Alberto
585 2261 31 21 de
625 2261 72 22 Lore-

92 2295 37 29 to)
149 2298 23 19 et
182 2296 67 21 avait
258 2295 60 22 trois
325 2294 37 22 fils
372 2300 6 15 :
388 2295 112 25 Alberto,
515 2294 87 27 Opizzo
615 2294 83 23 Perni-

93 2336 36 19 ce,
142 2329 146 28 Guglielmo.
296 2328 98 21 Alberto
405 2328 140 22 construisit
552 2335 33 14 un
596 2328 101 22 château

92 2363 14 21 à
119 2361 210 23 San-Giacomo-di
336 2361 97 22 Casinca
442 2363 26 20 et
476 2363 40 20 eut
520 2367 33 15 un
561 2361 45 27 fils,
613 2361 83 22 Guido

92 2396 42 27 qui
141 2395 87 28 épousa
240 2401 48 16 une
299 2395 47 21 fille
361 2395 29 20 de
406 2394 104 22 Giudice
530 2395 30 21 de
586 2394 109 27 Cinarca,

137 2499 17 17 1-
166 2508 24 4 —
197 2499 36 17 Les
242 2498 88 23 Gaporali,
341 2498 71 19 d’abord
426 2499 110 18 défenseurs
547 2503 25 13 ou
584 2499 72 18 tribuns
670 2499 26 17 du

92 2527 72 22 peuple,
172 2526 71 18 étaient
250 2527 83 17 devenus
348 2527 53 17 d’une
415 2527 90 18 ambition
520 2527 20 17 et
551 2527 55 18 d’une
617 2527 80 22 rapacité

92 2555 18 17 si
118 2555 82 21 gi'andes,
209 2555 30 17 dit
246 2554 53 18 Giov.
315 2554 47 17 délia
377 2553 72 24 Grossa,
467 2559 37 18 que
522 2555 19 17 la
557 2559 70 17 pauvre
640 2554 56 19 Corse

92 2583 46 17 était
143 2582 71 17 désolée
222 2587 35 17 par
264 2582 28 18 les
298 2582 80 18 troubles
383 2582 27 18 les
418 2583 44 21 plus
469 2582 94 22 profonds,
572 2587 35 17 par
616 2583 28 17 les
652 2583 44 22 plus

92 2610 67 22 grands
166 2610 102 18 malheurs.

136 2637 18 18 2.
160 2647 23 3 —
190 2637 36 18 Les
231 2638 117 21 percepteurs
354 2638 24 17 du
386 2639 27 16 roi
421 2639 96 21 Alphonse
525 2638 89 21 d’Aragon
622 2639 75 22 n’ayant

92 2669 26 18 pu
123 2665 68 22 obliger
198 2669 64 14 aucun
267 2669 51 14 corse
326 2665 24 17 du
355 2666 157 21 deça-des-monts
516 2666 12 17 à
533 2670 57 18 payer
595 2667 20 16 le
619 2666 77 17 tribu—

91 2693 20 17 le
123 2693 149 17 delà-des-monts
288 2693 28 17 lui
330 2692 84 19 obéissait
431 2703 23 3 —
470 2698 22 13 ce
505 2694 63 21 prince
581 2698 72 18 envoya
665 2697 31 14 ses

92 2721 74 21 troupes
173 2725 80 17 ravager
261 2721 20 17 la
288 2721 199 20 Terra-di-Commune.
499 2721 36 18 Les
545 2721 66 19 Corses
621 2722 76 17 avaient

92 2748 89 17 construit
194 2748 43 17 leur
244 2748 145 18 retranchement
396 2749 11 17 à
417 2749 74 19 Loreto.
498 2754 34 13 sur
542 2749 19 18 le
569 2749 93 18 territoire
672 2749 24 18 de

91 2775 110 22 Campoloro.
207 2776 17 17 11
231 2781 14 17 y
253 2776 51 19 avait
310 2776 40 21 déjà
355 2777 45 17 trois
406 2777 68 18 veilles
480 2777 54 22 qu’ils
540 2777 82 18 tenaient
627 2777 69 18 fermes

91 2804 63 17 contre
160 2803 28 18 les
194 2803 108 22 Aragonais,
311 2803 41 23 plus
360 2804 45 18 forts
410 2809 25 14 en
442 2805 84 21 nombre,
535 2805 46 17 mais
589 2810 24 13 au
621 2806 45 17 bout
672 2806 24 17 de

91 2831 19 16 la
116 2830 99 22 quatrième
219 2831 59 18 veille
284 2831 24 18 ils
314 2831 72 18 allaient
391 2833 109 17 succomber
505 2833 61 22 quand
570 2833 62 18 arriva
638 2833 11 18 à
654 2833 43 18 leur

91 2862 80 17 secours,
179 2859 12 16 à
196 2857 20 19 la
220 2859 40 18 tête
268 2859 23 18 de
297 2859 45 18 trois
347 2859 50 18 mille
404 2865 82 18 paysans
494 2861 80 17 Mariano
582 2861 24 17 da
619 2861 76 22 Gaggio,

91 2885 80 22 (homme
181 2886 24 18 de
212 2886 60 18 haute
279 2887 98 21 naissance,
387 2888 38 21 qui,
440 2888 57 23 grâce
507 2893 24 12 au
546 2889 76 18 nombre
633 2889 23 18 de
665 2893 31 14 ses

90 2913 80 22 parents,
184 2914 24 17 de
222 2919 32 13 ses
268 2915 65 17 clients
342 2916 19 16 et
368 2915 18 17 :à
396 2920 21 13 sa
433 2916 110 22 popularité,
556 2916 85 22 jouissait
651 2917 45 17 d’un

91 2941 58 20 grand
159 2942 84 20 pouvoir.
251 2947 10 11 «
267 2942 159 22 Immédiatement,
435 2943 30 18 les
472 2944 37 17 cris
514 2944 23 17 de
543 2949 10 11 «
559 2943 47 19 Viva
614 2945 14 17 il
636 2945 60 22 Popo-

90 2967 20 18 lo
123 2967 5 18 !
135 2974 9 10 »
158 2969 19 16 et
183 2968 29 18 les
220 2969 45 21 plus
278 2969 51 18 vives
342 2969 152 20 démonstrations
507 2972 23 17 de
537 2971 37 22 joie
585 2972 19 17 le
614 2973 81 17 saluent.

91 2995 79 18 Mariano
186 2997 87 21 organise
286 2997 18 17 la
313 2997 71 18 bataille
396 2999 19 16 et
424 3003 35 17 par
478 2999 126 23 d’énergiques
624 3000 72 22 paroles

91 3022 97 19 enflamme
202 3023 19 18 le
233 3028 78 19 courage
322 3025 23 17 de
358 3029 29 14 ses
398 3026 69 18 soldats
476 3027 33 22 qui
517 3027 95 18 marchent
623 3033 24 12 en
659 3029 37 16 bon

91 3050 54 17 ordre
155 3051 63 18 contre
233 3052 94 18 l’ennemi.
335 3052 39 18 Une
387 3053 82 19 horrible
483 3054 58 18 mêlée
554 3055 98 18 s’ensuivit
663 3056 33 22 qui

91 3078 48 17 dura
148 3078 25 17 du
180 3079 60 17 matin
251 3079 86 22 jusqu’au
346 3080 42 18 soir.
400 3081 17 18 A
429 3082 19 17 la
454 3082 51 21 nuit,
516 3087 43 12 vers
572 3083 19 17 la
599 3083 97 18 deuxième

91 3105 62 21 veille,
159 3105 27 18 les
194 3106 103 23 Aragonais
307 3107 124 23 décampèrent
438 3115 45 13 sans
489 3110 52 17 bruit
544 3111 19 16 et
567 3111 130 18 retournèrent

91 3132 66 22 auprès
162 3133 22 17 de
188 3133 44 18 leur
242 3135 35 17 roi.
285 3134 108 23 (Chronique
403 3137 23 17 de
436 3137 64 18 Pietro
506 3137 80 23 Cirneo.)

114 3158 26 24 (3)
151 3159 63 21 Quand
219 3161 29 18 les
254 3161 65 18 Corses
326 3163 91 21 apprirent
422 3169 37 17 que
467 3165 78 17 Battista
556 3165 93 22 d’Amelia,
651 3171 46 18 gou-

90 3191 81 13 verneur
177 3188 24 17 de
208 3188 19 17 la
236 3188 56 18 Corse
299 3193 47 18 pour
352 3189 18 18 le
377 3190 39 18 Duc
424 3191 157 22 Galeazzo-Maria,
587 3193 40 18 Due
634 3194 24 17 de
662 3193 35 18 Mi-

90 3214 38 21 lan,
135 3215 67 17 n’avait
206 3220 35 17 pas
249 3216 30 18 été
284 3217 45 21 puni
333 3221 33 17 par
372 3217 28 18 lui
408 3218 24 18 de
436 3223 35 13 son
479 3220 73 17 avarice
560 3221 19 16 et
584 3220 23 18 de
612 3225 21 13 sa
642 3225 54 18 rapa-

91 3241 43 21 cité,
141 3242 23 17 ils
170 3246 24 13 ne
203 3243 102 18 voulurent
313 3244 41 21 plus
362 3244 50 18 obéir
424 3251 25 12 au
462 3247 47 17 Duc.
523 3246 77 19 Celui-ci
608 3248 33 17 eût
648 3248 48 18 beau

91 3273 80 18 envoyer
181 3274 25 13 en
222 3270 58 19 Corse
294 3271 78 18 d’autres
386 3277 134 17 gouverneurs,
536 3275 41 16 tout
584 3275 30 17 fut
622 3276 73 17 inutile.

92 3301 10 11 «
106 3295 100 19 Giudicello
211 3298 25 17 de
241 3298 76 22 Gaggio,
326 3300 71 17 raconte
402 3300 63 18 Pietro
478 3301 71 20 Cirneo,
560 3303 81 20 partisan
646 3303 24 18 de
677 3303 20 18 la

90 3322 50 22 paix,
147 3325 68 20 voyant
220 3329 38 17 que
266 3326 28 17 les
301 3325 79 18 factieux
391 3328 31 21 qui
429 3329 44 17 sont
482 3333 80 17 presque
569 3329 84 22 toujours
664 3335 33 13 en-

91 3350 60 17 nemis
156 3350 24 17 du
186 3351 60 18 calme
255 3353 21 17 et
287 3353 25 16 du
319 3357 57 18 repos,
390 3355 110 18 suscitaient
514 3356 32 17 des
552 3356 83 18 troubles
644 3359 21 16 et
672 3362 25 13 ne

91 3377 116 18 cherchaient
214 3383 38 17 que
259 3379 42 18 leur
306 3380 181 23 intérêtparticulier,
496 3387 95 17 convoqua
598 3384 12 17 à
617 3384 80 18 Morosa-

91 3404 39 21 glia
135 3404 28 17 les
175 3409 46 17 gens
236 3406 26 17 du
270 3407 66 21 peuple
348 3408 31 20 qui
387 3409 102 18 désiraient
499 3410 19 17 la
527 3410 42 21 paix
577 3411 20 16 et
605 3416 92 16 prononça

91 3431 68 17 devant
166 3435 37 14 eux
210 3437 29 13 un
246 3433 86 22 éloquent
343 3434 88 19 discours.
442 3436 48 18 Mais
503 3437 15 17 il
526 3437 29 17 fut
568 3437 111 22 impuissant
685 3439 13 17 à

91 3458 72 22 apaiser
169 3458 29 18 les
206 3461 60 20 partis
274 3461 19 17 et
300 3461 12 16 à
319 3462 65 16 mettre
392 3461 27 18 fin
424 3467 38 13 aux
471 3464 89 17 troubles.

115 3488 25 22 (4)
148 3497 19 4 —
173 3488 55 22 Carlo,
232 3490 24 17 da
261 3490 55 18 Costa
326 3490 90 18 défendait
422 3492 20 18 le
450 3492 79 18 château
534 3494 23 17 de
565 3494 132 19 Pietr’ellerata

91 3516 62 22 quand
157 3516 13 17 il
178 3516 30 18 fut
216 3517 43 18 rasé
265 3522 34 17 par
303 3517 76 18 Battista
383 3518 54 18 Doria
448 3524 25 13 en
482 3520 51 17 !4o4.
540 3521 118 19 Reconstruit
664 3527 34 17 par

91 3543 77 21 l’Office,
178 3544 15 17 il
201 3544 31 18 fut
240 3545 63 17 vendu
308 3549 24 13 en
345 3544 44 18 1462
393 3550 34 17 par
433 3547 20 17 le
468 3547 90 21 capitaine
565 3548 65 21 génois
638 3551 33 20 qui
678 3550 19 18 le

91 3571 120 18 commandait
219 3572 12 17 à
239 3572 102 18 Giudicello
349 3571 82 20 Cortinco
439 3574 24 17 da
472 3574 66 22 gaggio
549 3575 32 21 qui
590 3576 28 22 s’y
632 3578 64 17 retira.

114 3599 26 22 (3)
148 3598 51 18 Cette
207 3600 84 17 massive
299 3600 84 17 demeure
393 3601 33 22 qui
432 3602 30 17 est
471 3606 66 13 encore
547 3602 73 19 habitée
628 3609 34 16 par
670 3609 28 13 un

91 3626 108 19 descendant
206 3627 23 18 de
236 3627 101 18 Giudiceüo
343 3627 52 19 laisse
407 3629 41 17 voir
456 3629 78 17 l’alcôve
541 3629 24 17 où
577 3631 86 18 couchait
679 3632 18 17 le

91 3654 73 18 dernier
171 3654 33 18 des
215 3655 70 21 prélats
293 3655 23 17 de
328 3654 16 18 la
358 3655 68 19 famille
440 3656 102 21 Cortinchi,
558 3656 84 20 Orlando.
652 3659 46 17 Evê-

92 3687 37 18 que
139 3681 84 19 d’Aleria.
237 3682 92 18 troisième
338 3682 24 17 du
371 3687 47 13 nom.

770 137 79 19 comte
858 132 31 23 de
901 133 83 21 Corse.
1004 130 89 28 Opizzo
1113 129 100 22 Pernice
1224 129 87 22 devint
1323 128 57 22 Evê-

769 174 46 21 que
830 167 31 21 de
874 165 105 22 Mariana
996 164 33 28 (1)
1041 166 25 19 et
1074 163 36 22 fut
1120 163 53 26 plus
1192 163 60 25 tard,
1264 162 116 28 Seigneur

770 202 29 21 de
821 200 146 23 Vescovato,
980 197 66 22 voici
1060 197 128 21 comment:
1206 194 122 23 L’Evêché
1350 194 29 20 de

769 234 114 24 Mariana,
896 231 69 28 après
976 232 22 20 la
1010 229 148 22 destruction
1170 228 30 21 de
1223 230 65 20 cette
1311 228 63 24 ville,

768 267 64 22 avait
839 265 48 29 _été
904 263 115 23 transféré
1047 262 59 21 dans
1125 268 32 15 un
1178 261 96 22 endroit
1297 259 81 29 appelé

769 300 139 22 Cortecarto
914 297 40 27 (2).

808 326 43 25 Or,
859 331 34 16 un
900 324 56 28 jour
964 322 61 23 d’été
1032 322 31 22 de
1071 321 92 23 l’année
1172 321 53 28 1269
1238 328 50 21 que
1296 323 23 20 le
1326 319 52 29 pré-

767 361 32 20 lat
811 358 104 22 chassait
933 363 47 15 aux
994 356 102 21 oiseaux
1112 360 60 15 avec
1186 360 45 15 son
1252 355 95 24 faucon,
1360 353 16 21 il

767 392 78 21 arriva
856 397 31 15 au
898 391 58 21 haut
966 389 30 21 de
1007 390 23 20 la
1043 388 95 25 colline,
1151 393 30 15 au
1190 387 50 21 lieu
1258 388 45 22 dit:
1317 387 60 27 Pog-

766 425 41 27 gio
819 424 63 21 délia
895 423 77 21 Cucca
978 429 14 14 »
1004 424 25 19 et
1037 421 37 28 s’y
1085 427 93 21 reposa.
1192 420 105 22 Comme
1309 421 23 21 le
1345 419 32 22 si-

766 460 24 19 te
804 457 58 21 était
874 456 43 21 des
925 456 53 26 plus
989 455 75 21 riants
1075 460 60 16 avec
1148 459 47 16 une
1211 459 89 17 source
1311 453 65 22 d’eau

765 490 49 22 très
828 489 90 22 fraîche
929 488 14 21 à
955 488 100 21 l’ombre
1066 487 31 21 de
1121 487 78 21 beaux
1216 486 158 29 châtaigners,

765 523 70 22 l’idée
843 522 35 22 lui
890 522 54 21 vint
951 521 30 22 de
990 520 37 29 s’y
1047 520 59 22 faire
1128 520 63 21 bâtir
1212 526 34 15 un
1268 520 106 24 château,

766 556 57 27 qu’il
831 555 85 28 appela
927 554 123 22 Belfiorito
1060 553 8 29 (
1075 560 14 21 3
1097 553 34 29 )et
1142 553 58 22 dont
1209 552 17 22 il
1231 553 29 21 fit
1272 559 26 16 sa
1319 552 57 22 rési-

766 590 85 21 dence.

807 617 47 22 Cet
874 616 94 22 endroit
981 621 146 22 commença,
1148 615 70 25 alors,
1243 613 14 22 à
1279 615 51 20 être
1336 613 39 21 ha-

764 649 49 22 bité
825 656 45 20 par
890 650 36 21 les
952 655 59 21 gens
1023 649 43 20 des
1086 648 86 27 petites
1194 646 110 23 localités
1324 645 51 21 voi-

764 682 64 21 sines
840 684 25 19 et
883 688 33 15 un
928 682 87 27 village
1026 687 32 14 ne
1074 680 67 21 tarda
1148 685 43 22 pas
1208 679 14 22 à
1239 685 28 14 se
1286 677 88 22 former

764 715 40 27 qui
821 715 49 27 prit
886 715 24 21 le
926 720 59 16 nom
994 714 30 21 de
1035 720 14 14 «
1061 713 137 22 Vescovato
1210 719 13 14 »
1232 717 34 16 ou
1295 709 79 27 séjour

764 749 30 21 de
815 748 121 27 l’Evêque,
949 755 14 13 »
975 753 59 16 nom
1061 746 41 27 qui
1122 747 34 21 lui
1177 747 36 20 est
1246 742 73 24 resté.
1334 742 39 22 Un

763 782 60 27 petit
838 782 39 21 fils
894 781 119 27 d’Opizzo,
1030 780 109 25 Pernice,
1149 779 117 28 Seigneur
1277 776 31 21 de
1318 775 55 22 Cas-

763 816 89 25 tellare,
877 814 89 27 épousa
989 820 49 15 une
1053 813 49 22 fille
1122 813 30 21 de
1184 809 188 24 Giovanninello

763 849 30 21 de
802 847 203 22 Pietr’all’arretta.
1025 847 22 22 Il
1058 846 122 27 s’appelait
1188 843 117 28 Opizzino
1317 842 56 22 Per-

762 882 53 21 nice
827 883 25 20 et
871 881 37 22 fut
922 882 23 21 la
967 880 90 22 souche
1075 880 41 21 des
1140 877 99 22 Pernice
1259 876 33 21 de
1312 875 60 22 Pen-

761 914 180 23 ta-di-Casinca.

804 943 147 28 Guglielmo,
961 941 128 22 deuxième
1100 939 32 22 du
1139 944 57 15 nom
1204 937 61 22 dans
1272 937 24 21 la
1303 936 69 22 bran-

762 976 43 22 che
825 976 32 21 de
871 974 203 25 Pietr’all’arretta,
1084 973 27 28 (il
1122 973 36 20 est
1175 976 140 21 remarquer
1326 976 45 21 que

762 1015 26 16 ce
810 1015 60 16 nom
892 1009 30 21 de
942 1007 137 28 Guglielmo
1088 1005 102 28 reparaît
1200 1004 14 22 à
1226 1004 94 27 chaque
1330 1003 41 29 gé-

760 1043 110 22 nération
893 1042 59 21 dans
968 1041 63 21 l’une
1055 1041 25 20 et
1095 1038 83 22 l’autre
1201 1037 108 23 branche
1328 1038 42 21 des

761 1075 143 29 Cortinchi),
924 1073 99 23 succéda
1039 1073 14 22 à
1064 1079 45 16 son
1120 1072 58 27 père
1186 1071 14 22 à
1213 1071 97 22 Lumito
1321 1072 49 21 mê-

760 1116 46 15 me.
832 1109 21 22 Il
872 1109 89 27 portait
981 1108 24 21 le
1023 1107 56 22 titre
1099 1106 30 21 de
1152 1105 107 28 Marquis
1296 1106 25 20 et
1334 1105 35 21 les

760 1143 83 21 Pisans
863 1143 24 21 le
901 1142 70 22 firent
989 1140 118 29 Seigneur
1121 1141 25 20 et
1162 1140 57 27 juge
1232 1139 31 22 de
1276 1137 90 30 Caglia-

759 1176 21 22 ri
802 1182 30 15 en
856 1175 136 28 Sardaigne.
1006 1173 31 30 (4)

802 1203 90 27 Quand
908 1204 23 21 le
950 1203 105 27 marquis
1076 1201 137 29 Guglielmo
1233 1200 106 27 mourût,
1352 1201 17 21 il

758 1238 71 21 laissa
833 1237 62 22 trois
905 1237 38 22 fils
951 1242 5 16 :
974 1235 116 27 Orlando,
1104 1235 190 22 Giovanninello
1302 1236 25 20 et
1337 1232 31 24 Ai

760 1271 123 22 dobrando
889 1271 42 27 qui
941 1270 78 22 furent
1025 1269 210 26 successivement,
1243 1269 125 28 seigneurs

760 1305 29 21 de
801 1304 205 23 Pietr’all’arretta.
1028 1303 109 23 Orlando
1157 1303 36 22 fut
1208 1303 24 21 le
1251 1302 59 22 chef
1327 1302 40 22 des

759 1339 119 21 habitants
890 1338 33 22 du
933 1337 93 23 Nebbio
1046 1337 60 22 dans
1125 1337 52 22 leur
1187 1342 88 23 guerre
1287 1338 81 20 contre

761 1377 60 16 ceux
829 1371 88 22 d’Orto
924 1373 24 20 et
958 1371 30 21 de
1001 1371 108 21 Mariana
1123 1371 40 27 qui
1175 1371 99 21 avaient
1289 1369 14 22 à
1318 1371 50 20 leur

759 1405 48 21 tête
819 1404 124 22 Giovanni
952 1405 30 21 de
996 1404 112 29 Bagnaja.
1125 1404 123 22 Giovanni
1261 1404 73 22 fonda
1344 1404 23 21 le

760 1438 100 22 château
868 1440 25 19 et
903 1439 24 21 le
934 1438 88 29 village
1037 1438 32 22 de
1080 1438 109 28 Biguglia
1199 1437 168 28 tandisqu’Or-

759 1473 71 21 lando
838 1477 33 17 se
875 1472 88 22 fortifia
969 1472 59 21 dans
1037 1473 24 21 le
1070 1472 99 22 château
1181 1472 29 22 de
1218 1471 149 23 Pietr’all’ar-

759 1507 59 20 rëtta
827 1507 42 26 qui
876 1505 107 23 s’élevait
988 1505 14 22 à
1005 1506 65 22 deux
1077 1506 138 22 kilomètres
1222 1506 30 21 de
1263 1506 101 25 Murato,

758 1540 55 27 près
825 1540 31 21 de
872 1539 194 28 l’Emplacement
1084 1541 77 20 actuel
1172 1540 31 21 de
1222 1539 98 29 l’Eglise
1337 1539 29 21 de

759 1573 171 22 San-Michele.
944 1573 20 22 Il
971 1573 84 22 chassa
1067 1574 93 21 ensuite
1175 1573 30 22 dé
1217 1573 149 22 Patrimonio

758 1608 35 21 les
804 1607 108 28 avogarij
920 1607 126 27 deNonza,
1060 1609 31 25 et,
1098 1608 71 27 grâce
1178 1606 14 23 à
1199 1613 46 16 son
1254 1613 110 22 courage,

758 1646 26 16 se
794 1640 30 22 fit
834 1640 118 29 Seigneur
954 1640 33 22 du
991 1641 104 22 Nebbio.
1101 1640 122 23 Giovanni
1236 1641 42 28 qui
1288 1641 78 22 donna

758 1679 44 16 son
813 1680 59 16 nom
882 1673 15 22 à
908 1675 22 21 la
943 1676 78 20 “terra
1031 1674 169 29 Bagnaninca”
1209 1674 37 22 fut
1254 1675 113 28 seigneur

758 1707 55 22 d’un
820 1707 54 22 côté
883 1708 31 21 de
921 1709 23 20 la
951 1710 131 27 montagne
1091 1710 24 20 et
1122 1708 108 22 Orlando
1242 1709 32 21 de
1285 1708 81 22 l’autre

758 1741 60 22 côté.
833 1741 33 22 Ils
878 1747 27 16 se
915 1741 71 22 firent
993 1748 48 15 une
1050 1748 86 22 guerre
1149 1741 118 23 acharnée
1279 1743 42 27 qui
1332 1743 34 20 les

758 1774 81 29 épuisa
843 1776 56 27 puis
903 1781 26 16 se
935 1775 189 23 réconcilièrent.
1127 1775 69 27 Mais,
1203 1775 14 22 à
1221 1783 34 14 un
1258 1777 109 21 moment

758 1808 87 27 donné,
856 1815 49 17 une
911 1809 135 22 discussion
1058 1809 88 23 s’éleva
1156 1811 68 21 entre
1237 1811 67 21 leurs
1315 1815 51 22 par-

757 1842 74 22 tisans
839 1849 32 16 au
876 1843 63 28 sujet
946 1843 29 22 de
981 1842 88 29 l’étang
1076 1843 30 22 de
1113 1843 126 22 Chiurlino
1245 1844 63 21 dont
1313 1843 54 22 cha-

758 1881 45 22 que
816 1877 62 27 parti
898 1877 166 28 revendiquait
1086 1878 23 21 la
1131 1878 151 27 possession.
1304 1877 63 22 Pour

758 1910 93 27 apaiser
874 1911 23 20 la
913 1911 103 26 querelle
1039 1912 26 20 et
1085 1910 108 23 conférer
1211 1917 32 16 au
1257 1911 65 28 sujet
1337 1911 30 21 de

757 1943 64 22 leurs
829 1944 78 21 droits
917 1944 132 27 respectifs,
1062 1945 37 20 les
1109 1944 64 21 deux
1189 1944 67 22 chefs
1268 1944 100 21 convin-

758 1979 59 23 rent,
835 1978 72 25 alors,
930 1977 56 22 d’un
1005 1978 157 21 rendez-vous
1184 1977 106 22 d’affaire
1310 1976 14 22 à
1345 1978 22 20 la

758 2009 122 22 Canonica
892 2010 30 21 de
934 2010 115 22 Mariana.

799 2043 110 22 Orlando
929 2043 36 29 s’y
978 2043 66 23 étant
1060 2044 77 22 rendu
1147 2050 58 15 avec
1224 2050 51 16 une
1298 2043 69 22 faible

758 2079 102 25 escorte,
874 2077 106 22 confiant
1001 2078 60 21 dans
1072 2079 23 20 la
1114 2079 82 26 parole
1218 2077 105 27 donnée,
1333 2077 35 23 fut

756 2110 193 23 traîtreusement
959 2111 120 23 assassiné
1093 2118 44 21 par
1146 2112 36 21 les
1193 2111 173 29 Bagnaninchi.

758 2143 48 22 Son
814 2144 66 22 frère
890 2145 188 22 Giovanninello
1084 2151 93 22 vengea
1186 2152 25 15 sa
1222 2147 72 25 mort,
1299 2145 69 22 d’une

757 2177 68 28 façon
833 2179 100 21 terrible
943 2185 30 16 en
983 2179 87 22 faisant
1081 2178 66 29 périr
1154 2179 125 22 Giovanni
1287 2180 30 21 de
1325 2179 43 22 Ba-

777 2250 119 23 (4)L’Evêché
903 2250 23 17 de
932 2250 80 18 Mariana
1017 2250 77 18 existait
1098 2250 33 18 dès
1134 2249 131 19 l’année649.11
1270 2255 13 13 a
1288 2250 80 19 subsisté

758 2278 73 23 jusqu’à
839 2279 21 17 la
864 2278 118 18 Révolution.

778 2306 42 23 (2)Â
823 2306 150 23 remplacement
977 2307 25 17 où
1008 2306 94 23 s’érigeait
1107 2306 75 23 l'Eglise
1188 2307 23 18 de
1220 2305 133 24 Saint-Michel,
1357 2307 11 18 à

756 2339 27 12 un
791 2334 53 18 mille
853 2335 23 17 dè
888 2335 104 17 vescovato.

778 2360 25 24 (3)
809 2362 17 17 A
830 2362 88 18 l’endroit
924 2362 25 18 oû
957 2366 21 14 se
986 2362 84 19 trouvait
1077 2362 75 23 l’Eglise
1157 2363 25 18 de
1187 2362 131 20 San-Martino.

778 2390 27 23 (4)
814 2389 38 19 Son
862 2391 105 21 testament,
976 2394 34 18 par
1019 2391 30 18 les
1060 2391 51 18 soins
1118 2391 25 18 de
1155 2391 89 18 Muratori
1252 2393 44 21 qui,
1306 2392 61 17 étran-

756 2422 33 17 ger
803 2418 12 17 à
824 2419 54 17 notre
895 2418 32 21 lie,
945 2418 78 18 confond
1038 2419 19 18 le
1068 2419 82 22 Marquis
1156 2418 105 23 Guglielmo
1282 2420 86 18 Cortinco

755 2450 45 14 avec
816 2451 27 13 un
857 2447 55 17 autre
927 2445 111 24 Guglielmo,
1061 2447 82 22 Marquis
1156 2447 24 18 de
1192 2447 67 22 Massa,
1285 2449 30 17 est
1328 2452 40 19 par-

755 2478 50 14 venu
816 2474 76 22 jusqu’à
911 2478 54 13 nous.
973 2474 28 17 En
1014 2475 50 18 voici
1074 2475 76 18 l’exacte
1166 2475 106 18 traduction
1279 2480 37 19 que
1321 2481 47 13 nous

755 2502 83 18 donnons
852 2506 49 18 pour
918 2502 103 22 témoigner
1035 2503 24 17 de
1077 2503 103 22 l’opulence
1191 2504 20 17 et
1227 2504 24 18 de
1267 2504 21 18 la
1300 2505 68 22 grande

755 2529 48 22 piété
816 2530 24 17 de
851 2534 32 14 ces
897 2529 100 23 Seigneurs
1011 2531 24 17 de
1047 2531 19 17 la
1086 2531 63 18 vieille
1156 2531 62 19 Corse.

778 2563 9 10 «
792 2558 31 17 Au
830 2562 44 14 nom
899 2558 25 17 du
943 2557 97 24 Seigneur,
1057 2559 66 17 Amen.
1141 2559 44 18 L’an
1200 2560 24 17 de
1238 2561 129 18 l’Incarnation

755 2585 23 18 de
793 2585 155 23 Notre-Seigneur
963 2586 45 18 1119
1028 2586 51 23 (date
1099 2587 95 23 rectifiée).
1208 2588 93 19 Indiction
1323 2593 44 14 neu-

755 2613 66 18 vième.
834 2614 27 18 Le
870 2614 27 18 VI
910 2614 33 18 des
958 2614 89 19 kalendes
1059 2615 24 18 de
1091 2619 56 14 mars.
1159 2615 36 18 Par
1207 2616 19 18 le
1239 2617 77 21 présent
1319 2618 47 21 acte,

755 2645 47 14 nous
810 2642 70 18 faisons
885 2642 63 18 savoir
956 2642 12 17 à
975 2646 47 14 ceux
1028 2643 43 18 tous
1082 2643 33 22 qui
1120 2644 111 18 entendront
1239 2645 20 17 et
1266 2645 59 18 liront
1332 2650 35 18 que

754 2672 47 15 nous
815 2669 93 22 Seigneur
920 2669 111 23 Guglielmo,
1044 2671 81 22 Marquis
1132 2672 20 17 et
1168 2671 93 23 Seigneur
1269 2677 26 13 en
1305 2673 61 23 Corse,

754 2696 47 23 Juge
809 2697 12 17 à
829 2697 81 23 Cagliari
919 2698 83 18 donnons
1011 2699 21 17 et
1048 2699 126 22 transportons
1182 2700 12 17 à
1201 2700 47 18 Dieu
1266 2701 43 17 tout
1316 2701 51 22 puis-

755 2726 42 16 sant
806 2726 20 17 et
839 2725 13 18 à
858 2725 75 23 l’Eglise
939 2726 23 17 de
976 2725 155 20 Saint-Mamilien
1139 2728 22 17 de
1175 2728 141 23 Monte-Cristo,
1328 2730 39 17 tou-

755 2752 28 18 tes
799 2757 35 14 nos
851 2753 102 22 propriétés
969 2759 37 17 que
1028 2759 48 14 nous
1093 2759 58 14 avons
1175 2757 92 21 acquises,
1294 2761 25 13 ou
1331 2761 36 18 que

755 2784 47 14 nous
817 2782 66 17 tenons
903 2782 23 17 de
938 2782 54 17 notre
1002 2782 52 22 père,
1071 2783 25 18 de
1112 2784 53 17 notre
1182 2784 56 22 mère,
1254 2789 27 13 ou
1296 2785 25 18 de
1333 2789 34 14 nos

755 2809 60 22 aïeux,
832 2809 101 23 lesquelles
941 2810 102 21 propriétés
1059 2812 44 17 sont
1108 2811 71 18 situées
1190 2817 34 13 sur
1243 2813 19 18 le
1275 2813 92 18 territoire

755 2836 23 17 de
799 2837 19 17 la
831 2836 50 19 Cure
891 2837 135 22 d’Ampugnani
1039 2843 26 13 ou
1083 2843 33 14 sur
1129 2843 29 14 ses
1176 2840 72 18 confins
1261 2845 27 13 au
1295 2841 39 18 lieu
1339 2841 28 18 dit

756 2870 9 10 «
772 2864 60 18 Castel
844 2865 81 22 d’Acqua
930 2871 17 16 »,
964 2867 69 17 savoir.
1047 2866 71 24 Nepita,
1127 2867 128 23 l’ibbattaccia,
1271 2869 20 17 la
1301 2868 63 19 Silvel-

755 2892 24 21 îa,
794 2892 19 18 le
824 2893 76 22 Poggio,
911 2893 19 18 le
941 2893 69 23 Leccio,
1032 2895 89 21 Fiumale,
1137 2895 27 18 les
1173 2897 75 21 merete,
1261 2901 48 14 avec
1316 2897 50 18 leurs

755 2920 71 18 confins
842 2922 21 17 et
880 2921 52 18 leurs
948 2922 73 18 bornes.
1030 2932 24 4 —
1067 2923 25 17 Et
1102 2927 48 14 nous
1163 2929 48 13 vous
1232 2925 86 18 donnons
1335 2930 31 13 ces

755 2947 52 18 biens
820 2953 45 14 avec
881 2949 52 18 leurs
956 2950 87 23 maisons,
1060 2951 131 22 dépendances,
1199 2952 79 22 jardins,
1294 2953 70 23 vignes,

755 2975 151 24 châtaigneraies,
917 2978 50 17 terre
984 2978 90 19 cultivées
1088 2980 20 17 et
1121 2979 85 23 incultes,
1223 2980 66 22 forêts,
1300 2981 40 18 bois
1346 2983 20 16 et

755 3003 89 18 meubles.

777 3025 52 22 Item,
844 3031 49 13 nous
910 3031 47 13 vous
968 3027 85 19 donnons
1060 3033 38 14 une
1114 3031 54 16 autre
1186 3031 93 22 propriété
1293 3031 38 18 sise
1340 3037 25 12 au

755 3052 38 17 lieu
811 3053 28 18 dit
851 3059 9 11 «
869 3054 62 18 Monte
945 3055 13 17 d
963 3054 52 19 Olmo
1025 3062 10 11 »
1050 3061 46 13 avec
1103 3061 31 14 ses
1142 3057 32 19 XV
1189 3059 83 18 maisons
1285 3060 21 16 et
1315 3059 50 19 leurs

755 3080 132 22 dépendances,
904 3082 75 22 jardins,
992 3083 67 22 vignes
1080 3084 152 25 châtaigneraies,
1247 3088 62 17 terres
1328 3088 38 17 cul-

755 3107 59 19 tivées
828 3110 21 17 et
864 3110 86 18 incultes.

777 3135 51 22 Item,
846 3141 49 14 nous
906 3142 47 13 vous
969 3138 85 19 donnons
1070 3145 38 13 une
1124 3142 53 17 autre
1192 3143 95 22 propriété
1307 3142 58 19 située

755 3167 25 12 au
787 3163 38 18 lieu
838 3165 30 17 dit
881 3170 10 11 «
899 3164 72 19 Lumito
977 3172 17 15 »,
1006 3171 46 14 avec
1059 3167 29 18 les
1104 3169 87 23 maisons,
1207 3171 156 22 établissements,

756 3190 71 22 vignes,
851 3192 151 24 châtaigneraies,
1024 3195 77 21 jardins,
1124 3196 57 19 forêts
1198 3199 21 17 et
1233 3198 43 18 bois
1299 3199 66 21 qu’elle

756 3218 97 18 renferme.

778 3245 55 23 Item?
848 3251 50 14 nous
914 3252 47 13 vous
975 3249 85 19 donnons
1073 3255 37 14 une
1127 3253 54 16 autre
1194 3254 94 22 propriété
1299 3254 37 18 sise
1340 3259 25 13 au

755 3271 37 18 lieu
809 3274 28 17 dit
851 3281 9 10 «
870 3275 81 21 Quereso
959 3282 17 15 »,
988 3282 47 13 avec
1049 3279 61 18 toutes
1126 3283 30 14 ses
1167 3280 135 23 dépendances,
1311 3287 52 17 eaux,

756 3301 70 18 meules
840 3303 20 16 et
872 3303 84 22 fabrique
974 3305 23 18 de
1005 3306 46 22 drap
1068 3311 58 16 corse.

776 3328 17 17 A
801 3328 48 19 Dieu
861 3331 43 17 tout
910 3331 85 22 puissant
1010 3334 21 17 et
1038 3334 12 17 à
1056 3335 19 16 la
1088 3335 78 18 sus-dite
1174 3335 67 23 Eglise,
1257 3343 50 16 pour
1314 3338 52 17 notre

754 3357 42 18 âme
806 3359 20 16 et
841 3359 48 16 celle
902 3359 24 17 de
944 3360 52 17 notre
1015 3361 45 21 père
1083 3362 20 17 et
1119 3362 24 17 de
1155 3367 36 13 nos
1209 3365 64 22 aïeux,
1292 3365 72 21 cédons,

755 3385 127 22 transportons
899 3387 20 16 et
931 3386 83 19 donnons
1027 3389 44 17 tous
1084 3393 31 14 ces
1125 3389 53 18 biens
1191 3391 46 18 dont
1247 3397 51 14 nous
1305 3394 61 17 inves-

757 3412 73 22 tissons,
845 3417 35 18 par
891 3413 20 17 le
925 3414 75 21 présent
1014 3417 48 20 acte,
1081 3417 19 17 le
1112 3415 91 24 Seigneur
1215 3419 54 23 Jean,
1291 3421 76 18 vénéra-

756 3439 30 17 ble
789 3440 47 17 abbé
841 3441 24 17 de
870 3440 129 19 Monte-Cristo
1004 3444 20 16 et
1026 3443 20 18 le
1049 3443 85 18 Couvent
1138 3445 22 16 de
1166 3444 200 26 Saint-Mamilien,afin

756 3467 67 20 qu’eux
834 3468 21 16 et
867 3467 52 18 leurs
937 3468 85 19 héritiers
1041 3475 24 13 en
1078 3471 91 22 jouissent
1181 3477 71 15 eomme
1262 3476 57 18 d’une
1324 3476 43 18 cho-

756 3497 21 13 se
791 3494 32 21 qui
840 3494 43 18 leur
903 3496 102 21 appartient
1019 3502 45 13 sans
1077 3503 37 18 que
1132 3499 33 17 nul
1179 3501 63 20 puisse
1259 3503 68 22 jamais
1338 3504 28 22 s’y

756 3524 82 18 opposer-
847 3526 35 17 par
892 3522 28 17 les
938 3522 68 19 formes
1014 3525 80 22 légales.

778 3548 42 22 Moi,
837 3549 88 23 Mariano,
943 3550 47 22 Juge
1001 3553 21 16 et
1033 3553 74 18 Notaire
1121 3554 24 17 de
1160 3555 116 23 l’Empereur

777 3575 41 18 Fait
827 3577 47 17 dans
890 3577 20 17 la
927 3577 49 18 Salle
989 3579 26 17 du
1031 3579 63 19 Palais
1101 3581 26 17 du
1140 3582 27 17 dit
1187 3582 92 24 Seigneur
1294 3588 20 16 et
1320 3587 46 17 Mar-

757 3606 47 17 quis.
824 3603 75 19 Etaient
911 3605 84 21 présents
1004 3612 6 12 :
1019 3607 109 19 Landolfino
1136 3609 31 18 fils
1176 3611 23 17 de
1207 3611 107 24 Guglielmo
1327 3614 39 18 Ste-

756 3629 42 18 fano
813 3630 32 18 fils
858 3632 24 17 de
906 3631 90 23 Gîacomo,
1011 3634 79 19 Falcone
1108 3636 33 18 fils
1156 3638 25 17 de
1199 3639 33 18 feu
1249 3641 116 22 Barsocëhio,

756 3656 69 19 Mueeio
839 3658 32 18 fils
885 3659 25 17 de
926 3659 32 18 feu
972 3659 90 26 Guidone,
1077 3664 48 18 ainsi
1139 3669 36 18 que
1190 3667 97 21 plusieurs
1304 3671 62 17 antres

757 3685 157 20 gentilshommes.

1440 122 70 29 gnaja
1518 123 25 20 et
1553 122 55 20 tous
1621 124 63 16 ceux
1705 116 56 28 qu’il
1778 113 159 29 soupçonnait
1957 111 91 22 d’avoir

1440 160 121 17 concouru
1572 159 30 16 au
1610 152 107 22 meurtre
1726 147 139 24 d’Orlando.
1876 146 69 25 Mais,
1954 147 92 19 comme

1438 188 69 28 après
1520 188 58 24 cela,
1593 186 16 22 il
1618 184 66 22 avait
1693 183 50 28 pris
1755 186 60 23 pour
1829 179 34 22 lui
1876 180 23 20 la
1911 175 134 30 seigneurie

1439 223 30 21 de
1481 219 197 24 Pietr’all’arretta
1684 223 30 15 au
1722 214 126 23 détriment
1857 211 30 22 de
1896 216 38 16 ses
1942 213 101 19 neveux,

1438 254 102 25 ceux-ci,
1556 252 106 22 devenus
1674 248 95 30 grands,
1779 244 164 28 l’attaquèrent
1951 248 33 15 un
1990 241 55 27 jour

1437 294 62 22 pour
1506 289 24 21 le
1540 287 57 21 faire
1607 283 120 24 mourir...
1740 275 238 28 Giovanninello,qui
1988 273 57 22 était

1437 322 70 21 d’une
1514 321 103 27 vigueur
1625 319 24 21 et
1660 316 72 22 d’une
1743 314 94 22 adresse
1850 317 48 22 peu
1909 312 133 19 commune,

1437 362 27 15 se
1475 353 108 23 défendit
1594 352 21 21 si
1623 351 59 22 bien
1691 348 58 29 qu’il
1755 348 35 21 les
1798 348 40 20 tua
1847 346 55 20 tous
1914 342 13 22 à
1941 341 103 26 l’excep-

1436 389 53 21 tion
1500 388 33 21 du
1543 387 54 27 plus
1608 385 82 28 jeune,
1704 379 187 26 Rollanducello,
1905 375 41 28 qui
1958 373 86 23 réussit

1436 422 14 22 à
1464 428 27 15 se
1502 426 88 17 sauver
1608 418 14 22 à
1631 418 57 22 Pise
1706 415 14 22 à
1735 416 23 21 la
1769 414 84 21 faveur
1867 410 55 22 d’un
1934 407 110 29 déguise-

1436 457 74 20 ment.
1531 454 36 21 Ce
1578 449 182 25 Rollanducello
1772 447 90 27 épousa
1879 444 54 27 plus
1953 440 53 23 tard
2021 440 22 21 la

1436 489 49 22 fille
1493 488 31 21 de
1534 486 102 23 Giudice
1649 484 31 21 de
1693 483 99 21 Cinarca
1803 479 41 28 qui
1857 477 57 23 était
1921 481 79 16 veuve
2013 473 30 22 de

1437 521 99 22 Ranieri
1549 520 31 21 de
1589 517 71 23 Gozzi
1670 518 26 20 et
1707 515 64 22 avait
1789 519 34 16 un
1845 512 38 22 fils
1895 508 84 30 appelé
1997 507 46 22 Ra-

1434 555 63 22 nieri
1506 559 95 17 comme
1612 557 45 16 son
1666 549 66 28 père,
1748 549 101 20 soutenu
1862 551 44 21 par
1919 549 45 16 son
1972 542 71 21 beau-

1434 589 58 28 père
1511 584 182 25 Rollanducello
1718 581 73 28 reprit
1801 581 23 21 la
1844 576 135 30 seigneurie
2012 574 30 21 de

1435 621 196 22 Pietr’allarretta.

1432 671 74 20 Lutte
1525 669 32 21 de
1578 664 188 25 Giovanninello
1786 663 32 21 de
1832 659 210 24 Pietr’all’arretta

1556 702 26 21 et
1592 700 31 21 de
1635 697 106 23 Giudice
1751 696 31 21 de
1794 695 112 22 Cinarca.

1476 742 41 21 Au
1528 739 69 23 XIIIe
1611 738 81 25 siècle,
1704 737 35 21 les
1754 733 125 24 Cortinchi
1894 730 147 29 disputèrent

1433 782 48 15 aux
1489 772 139 25 Cinarchesi
1635 772 23 21 la
1668 768 142 30 suprématie
1822 767 30 22 de
1864 766 59 22 l’Ile.
1935 765 31 21 La
1982 765 59 21 lutte

1432 809 117 22 s’incarna
1557 809 65 20 entre
1632 802 188 25 Giovanninello
1831 800 114 23 Cortinco
1952 799 29 21 de
1987 798 54 21 Pie-

1431 842 156 23 tr’all’arretta
1601 841 24 21 et
1640 838 117 23 sinucello
1776 836 62 21 délia
1847 835 88 25 Rocca,
1956 831 83 29 appelé

1433 876 105 21 Giudice
1548 875 30 21 de
1585 873 109 23 Cinarca.
1704 871 31 22 La
1740 870 101 23 brouille
1851 869 67 21 entre
1927 873 40 16 ces
1976 866 64 22 deux

1431 909 121 27 puissants
1562 908 124 27 seigneurs
1701 905 72 22 éclata
1785 910 31 15 en
1833 901 55 28 1264
1895 907 67 20 avec,
1976 906 64 16 com-

1432 949 40 15 me
1480 941 117 28 prétexte,
1604 947 33 15 un
1646 945 104 21 manque
1758 936 108 29 d’égards
1875 941 46 22 que
1937 934 101 23 Giudice

1430 976 76 21 aurait
1515 981 31 15 eu
1559 980 61 22 pour
1637 972 197 23 Giovanninello.
1853 969 103 22 Celui-ci
1974 968 65 21 avait

1430 1009 39 22 six
1478 1009 64 22 filles
1549 1006 102 23 mariées
1659 1006 16 22 à
1681 1006 31 21 de
1727 1005 86 28 grands
1831 1007 162 24 personnages
2006 1001 32 22 de

1429 1042 15 22 1*
1447 1042 34 22 Jl0
1497 1041 110 22 Q50tâÎ0Ilt
1612 1056 5 5 •

1459 1070 139 28 Guglielmo
1613 1068 117 22 Cortinco
1737 1067 30 21 de
1776 1064 168 23 Pietr’ellerata
1950 1070 5 20 ;

1457 1110 34 16 un
1498 1105 67 20 autre
1575 1102 116 22 Cortinco
1702 1100 99 22 Pernice
1810 1099 31 21 de
1861 1097 176 23 Castellare-di-

1429 1138 101 23 Casinca
1537 1143 6 20 ;

1456 1172 33 16 un
1498 1166 43 21 des
1556 1164 124 29 seigneurs
1693 1160 163 30 Bagnaninchi
1876 1160 30 21 de
1917 1159 117 28 Biguglia;

1456 1207 33 15 un
1495 1200 43 21 des
1546 1198 105 28 marquis
1661 1197 31 22 de
1701 1196 47 22 San
1757 1195 158 25 Colombano;

1456 1241 33 15 un
1498 1234 43 21 des
1552 1232 124 29 seigneurs
1684 1231 31 22 de
1725 1229 196 25 Sant’Antonino;

1456 1275 34 15 un
1496 1267 43 22 des
1548 1267 124 28 seigneurs
1680 1265 31 22 de
1718 1263 141 29 Bracaggio.

1457 1302 38 23 De
1507 1307 45 16 son
1562 1300 60 26 côté,
1636 1299 105 23 Giudice
1760 1298 65 22 avait
1835 1297 64 22 aussi
1919 1296 40 22 six
1974 1296 61 21 filles

1427 1334 103 24 mariées
1537 1341 50 16 non
1598 1334 81 22 moins
1691 1332 226 28 avantageusement
1922 1330 23 22 à:

1456 1369 55 28 Ugo
1535 1368 114 22 Cortinco
1670 1367 25 21 di
1719 1365 174 25 Pietr’ellerata,
1905 1365 55 26 plus
1982 1364 52 21 tard

1427 1404 114 27 seigneur
1547 1402 31 21 de
1588 1401 103 28 Gaggio;

1455 1437 34 16 un
1500 1432 67 20 autre
1575 1429 124 25 Cortinco,
1713 1428 110 27 seigneur
1844 1426 31 23 de
1887 1425 146 22 San-Giaco-

1426 1471 42 16 mo
1478 1466 25 21 in
1515 1464 109 26 Casinca;

1454 1493 40 23 Un
1505 1493 113 28 seigneur
1623 1492 30 21 de
1665 1491 94 28 Poggio
1767 1489 24 22 di
1798 1489 82 26 Nazza;

1453 1534 33 15 un
1492 1527 43 22 des
1546 1526 105 28 marquis
1658 1522 32 25 dé
1699 1524 47 22 San
1753 1523 158 25 Colombano;

1454 1568 36 15 ua
1499 1561 43 21 des
1548 1560 125 29 seigneurs
1685 1559 31 21 de
1725 1557 138 28 Bracaggio;

1454 1594 98 23 Ranieri
1564 1594 31 21 de
1609 1593 81 22 Gozzi.

1469 1623 60 22 L’Ile
1548 1622 90 23 entière
1658 1627 28 16 se
1700 1623 85 20 trouva
1796 1620 64 21 donc
1882 1618 98 29 séparée
2002 1624 30 15 en

1425 1658 65 21 deux
1497 1663 81 21 camps
1587 1656 33 21 du
1630 1655 44 22 fait
1683 1661 47 22 que
1736 1654 89 22 chacun
1837 1653 43 22 des
1891 1653 64 22 deux
1968 1658 65 17 com-

1425 1692 103 21 battants
1534 1690 36 22 fut
1578 1689 53 22 aidé
1636 1695 46 22 par
1690 1695 39 15 ses
1743 1689 38 21 six
1791 1687 112 29 gendres.
1911 1687 25 22 Si
1944 1687 23 22 la
1973 1687 59 21 lutte

1424 1726 157 27 proprement
1591 1724 49 21 dite
1648 1723 60 22 dura
1718 1723 60 21 seize
1788 1728 51 20 ans,
1849 1722 24 21 la
1884 1721 107 22 division
2002 1721 30 21 de

1424 1759 53 22 l’Ile
1488 1759 102 28 persista
1601 1757 107 28 pendant
1719 1757 63 21 deux
1793 1758 68 20 cents
1866 1761 44 16 ans
1917 1761 87 16 encore
2008 1756 25 20 et

1424 1794 98 27 lorsque
1534 1792 89 26 Gênes,
1641 1797 32 16 au
1682 1790 69 22 XVIe
1771 1790 80 27 siècle,
1873 1791 110 27 partagea
2001 1795 31 16 en

1426 1827 77 22 Corse
1513 1827 24 21 le
1549 1825 209 23 commandement
1768 1826 67 20 entre
1854 1824 64 22 deux
1930 1829 103 23 gouver-

1425 1867 81 20 neurs,
1517 1861 19 21 il
1541 1859 37 22 fut
1589 1860 56 21 bien
1657 1858 108 23 entendu
1784 1863 46 22 que
1845 1857 49 22 l’un
1905 1859 128 26 patronne-

1425 1895 47 21 rait
1488 1895 24 21 le
1529 1894 62 27 parti
1606 1893 30 22 de
1648 1893 105 22 Giudice
1775 1894 25 20 et
1820 1891 84 23 l’autre
1924 1891 61 22 celui
2002 1891 30 22 de

1427 1927 198 23 Giovanninello.
1635 1926 71 22 Cette
1715 1932 84 22 guerre
1811 1926 113 21 intestine
1930 1925 37 21 fut
1980 1931 53 21 par-

1425 1961 178 22 ticulièrement
1621 1959 149 22 meurtrière.
1780 1959 34 22 En
1826 1958 62 27 1268,
1899 1958 135 22 Giovanni-

1425 1995 66 21 nello
1509 1996 26 19 et
1544 2000 40 15 ses
1595 1994 119 27 partisans
1725 1993 78 21 furent
1821 1991 96 22 chassés
1939 1992 31 21 de
1982 1992 51 22 l’Ile

1425 2035 44 21 par
1489 2027 104 22 Giudice
1611 2027 139 22 victorieux
1765 2026 41 27 qui
1832 2025 116 22 distribua
1969 2026 64 22 leurs

1425 2063 70 21 biens
1506 2061 15 22 à
1532 2067 62 16 ceux
1604 2061 30 22 de
1646 2067 40 15 ses
1697 2066 60 22 gens
1768 2060 41 27 qui
1820 2059 90 22 étaient
1917 2060 53 21 leur
1979 2060 55 22 voi-

1426 2097 59 21 sins.
1499 2095 63 22 Mais
1581 2095 192 28 quelque'temps
1794 2094 78 27 après,
1891 2093 14 22 à
1916 2094 23 22 la
1950 2093 84 24 faveur

1426 2130 44 22 des
1479 2131 74 20 luttes
1565 2135 46 21 que
1619 2128 106 23 Giudice
1733 2128 42 22 dut
1785 2128 109 21 soutenir
1901 2129 82 20 contre
1995 2135 38 16 ses

1426 2164 39 22 fils
1476 2163 114 26 naturels,
1603 2162 188 22 Giovanninello
1801 2162 89 26 revint,
1898 2162 27 21 fit
1934 2162 99 22 alliance

1426 2204 61 16 avec
1497 2198 37 21 les
1554 2196 126 29 Avogarij,
1693 2195 128 29 Seigneurs
1841 2196 33 21 du
1886 2195 145 29 Cap-Corse,

1427 2234 25 20 et
1463 2231 113 22 s’installa
1588 2236 30 16 en
1629 2230 86 22 maître
1729 2230 57 21 dans
1799 2229 62 22 l’îlot
1879 2230 30 21 de
1925 2229 106 29 Centuri,

1427 2265 106 26 d’abord,
1543 2265 59 21 dans
1621 2265 23 20 le
1654 2263 105 27 Nebbio,
1780 2264 102 21 ensuite.
1904 2263 33 23 En
1951 2264 54 28 1278
2016 2265 18 21 il

1426 2299 74 22 fonda
1508 2299 24 21 la
1543 2298 129 22 forteresse
1679 2298 31 21 de
1723 2297 76 22 Calvi.
1821 2297 146 28 Impuissant
1985 2298 14 22 à
2010 2300 23 21 le

1426 2333 84 26 battre,
1517 2332 103 22 Giudice
1631 2337 98 22 repassa
1736 2332 35 21 les
1777 2331 82 22 Monts
1878 2332 53 27 puis
1943 2338 27 15 se
1978 2338 55 17 sou-

1426 2367 46 22 mit
1490 2372 49 16 aux
1550 2365 101 22 Génois.
1672 2365 188 22 Giovanninello
1884 2368 96 20 mourut
2002 2373 31 16 en

1429 2406 55 23 1294
1491 2400 99 22 laissant
1601 2399 64 22 deux
1676 2399 50 22 fils:
1737 2399 120 22 Mannone
1878 2401 24 20 et
1921 2400 55 29 Ugo
1992 2401 40 28 qui

1428 2437 80 22 furent
1526 2435 54 23 tués
1599 2442 43 22 par
1662 2436 189 26 Rollanducello,
1874 2437 53 21 leur
1949 2438 83 22 cousin

1426 2470 117 29 germain,
1556 2470 80 27 quand
1650 2470 95 21 celui-ci
1763 2470 81 22 revint
1854 2471 31 21 de
1899 2470 56 23 Pise
1971 2471 33 22 où
2015 2473 17 21 il

1426 2504 78 22 s’était
1518 2503 82 22 sauvé.
1609 2503 79 22 Toute
1707 2504 23 21 la
1750 2502 89 23 famille
1857 2504 31 22 de
1900 2504 133 23 Giovanni-

1425 2539 66 21 nello
1499 2538 37 21 fut
1542 2543 44 22 par
1596 2538 33 21 lui
1641 2537 140 27 massacrée,
1790 2544 44 21 par
1847 2539 75 27 esprit
1933 2539 31 22 de
1974 2546 58 16 ven-

1426 2572 72 26 detta,
1511 2571 14 22 à
1536 2571 145 28 l’exception
1698 2571 55 22 d’un
1776 2572 83 22 bâtard
1874 2572 87 29 d’Ugo,
1981 2574 50 22 Gu-

1425 2606 107 28 glielmo,
1545 2611 47 22 que
1602 2611 62 16 nous
1673 2611 76 16 avons
1760 2611 33 16 vu
1803 2607 81 27 prêter
1896 2607 65 22 main
1970 2607 60 24 forte

1424 2639 16 22 à
1452 2639 107 22 Orlando
1573 2639 115 22 Cortinco
1699 2639 32 21 de
1741 2639 147 24 Patrimonio
1911 2643 24 20 et
1950 2641 14 22 à
1986 2648 44 17 son

1425 2672 64 22 frère
1498 2672 220 28 Guglielminuccio
1731 2672 57 22 dans
1798 2674 54 21 leur
1856 2680 85 22 guerre
1949 2678 81 20 contre

1426 2706 189 21 Rollanducello.

1468 2740 165 20 AiaoDranao,
1642 2740 125 15 troisième
1776 2740 39 17 ms
1827 2740 33 17 au
1865 2742 104 22 marquis
1981 2740 49 20 Gu-

1423 2768 110 27 glielmo,
1545 2768 42 26 qui
1595 2767 76 27 paraît
1682 2768 69 21 avoir
1757 2767 37 23 été
1805 2769 43 22 des
1856 2770 60 22 trois
1922 2770 74 24 frères
2007 2773 23 22 le

1424 2802 55 27 plus
1502 2800 117 28 pacifique
1637 2802 138 21 construisit
1796 2809 48 16 une
1863 2806 56 20 tour
1931 2811 42 16 sur
1983 2813 47 16 une

1425 2834 110 29 agréable
1549 2835 86 21 colline
1655 2835 42 27 qui
1709 2835 96 23 domine
1816 2838 23 21 le
1862 2838 57 22 haut
1938 2840 92 28 Ampu-

1424 2868 81 29 gnani.
1515 2867 21 22 Il
1546 2874 18 22 y
1574 2867 71 23 vécut
1662 2874 31 16 en
1714 2870 73 27 grand
1798 2871 113 28 seigneur
1921 2873 109 24 fastueux

1424 2903 42 26 qui
1479 2901 60 22 offre
1547 2901 14 22 à
1575 2908 25 15 sa
1612 2903 111 21 clientèle
1735 2903 41 22 des
1792 2904 60 23 fêtes
1864 2908 24 20 et
1899 2907 42 22 des
1961 2914 68 22 repas

1425 2936 158 27 champêtres,
1596 2936 20 21 si
1628 2936 58 22 bien
1697 2943 47 21 que
1754 2938 22 21 la
1788 2940 88 21 colline
1883 2941 48 27 prit
1941 2942 24 21 le
1971 2948 58 18 nom

1425 2969 31 22 de
1467 2976 14 14 «
1488 2969 158 28 Giocartojo»
1655 2976 61 16 nom
1727 2972 39 26 qui
1775 2975 37 20 est
1825 2974 64 22 resté
1900 2980 30 16 au
1941 2976 87 30 village

1424 3003 42 27 qui
1477 3009 18 22 y
1506 3004 37 20 est
1554 3002 69 22 situé.

1567 3046 80 24 Gênes
1659 3050 26 21 et
1697 3049 39 22 les
1753 3051 135 24 Cortinchi.

1467 3086 107 28 Lorsque
1592 3093 30 16 en
1646 3087 49 22 l’an
1709 3088 60 30 1289,
1793 3090 113 25 Luchetto
1938 3094 88 30 d’Aria,

1424 3120 98 22 Vicaire
1540 3120 110 26 Général,
1667 3122 31 21 de
1709 3123 23 20 la
1744 3122 134 26 Commune
1889 3128 30 21 de
1939 3114 87 44 Gênes^

1423 3154 137 39 parcourût,
1573 3154 51 22 l’Ile
1643 3161 64 21 pour
1725 3159 108 21 recevoir
1850 3161 35 21 les
1912 3167 116 20 serments

1424 3187 32 21 de
1473 3186 91 22 fidélité
1589 3188 42 21 des
1654 3188 136 30 Seigneurs,
1804 3193 35 22 les
1854 3193 124 26 Cortinchi
2002 3199 26 22 fi-

1424 3221 54 20 rent
1500 3220 53 21 leur
1572 3223 170 22 soummission
1753 3223 14 23 à
1779 3226 23 21 la
1813 3226 158 31 République.
1984 3232 44 23 En-

1423 3254 38 20 tre
1479 3258 39 16 ses
1540 3255 77 21 mains
1633 3257 122 26 prêtèrent
1767 3264 111 25 serment,
1898 3264 24 21 le
1938 3270 25 23 17
1971 3265 57 28 Juil-

1423 3287 42 25 let,
1484 3285 13 22 à
1519 3285 67 24 Pietr
1592 3289 103 28 ellerata,
1706 3291 136 29 Guglielmo
1862 3299 24 20 et
1900 3297 56 30 Ugo
1968 3299 60 24 Cor-

1424 3319 77 22 tinchi
1521 3320 30 21 de
1568 3321 185 31 Pietr’ellerata;
1771 3327 22 22 le
1929 3333 58 23 dans
2005 3336 22 21 la

1423 3359 74 20 pieve
1505 3353 31 20 de
1548 3354 253 33 Quadro-in-Casinca,
1813 3362 89 29 Guido,
1918 3366 99 25 Alberto

1425 3385 89 27 Opizzo
1542 3387 164 30 Aldobrando,
1729 3392 61 29 Ugo,
1812 3395 129 31 Vincenzo,
1968 3401 59 24 Gio-

1424 3424 82 20 vanni,
1528 3419 113 28 Opizzino
1655 3424 118 29 bastardo,
1785 3430 55 21 tous
1861 3431 124 26 Cortinchi
1997 3437 29 22 de

1425 3451 143 27 Lumito;le
1594 3462 13 20 3
1625 3457 65 26 août,
1710 3459 57 22 dans
1786 3463 23 21 le
1836 3464 142 31 Castagneto
2001 3471 25 22 in

1424 3484 134 28 Belfiorito,
1567 3487 31 29 (1)
1605 3488 163 30 Gughelmino
1776 3497 24 20 et
1805 3497 155 27 Aldobrando
1968 3503 59 24 Cor-

1424 3518 77 21 tmchi
1512 3525 7 19 ;
1530 3520 23 20 le
1567 3526 24 15 11
1607 3525 140 27 novembre,
1774 3528 137 30 Guglielmo
1932 3535 95 26 Cortin-

1425 3556 30 16 co
1475 3553 24 20 et
1519 3557 46 17 son
1576 3560 78 17 neveu
1667 3557 134 26 Giudicello
1810 3564 31 21 de
1852 3565 172 30 Pietr’ellerata.

1710 3603 25 22 J.
1746 3605 124 28 Campana
1881 3612 116 27 Colonna.

1510 3635 25 28 (à
1544 3638 101 29 suivre).

1449 3714 25 22 (1)
1483 3713 37 22 Qui
1533 3715 44 21 prit,
1591 3717 42 21 plus
1645 3719 48 21 tod,
1708 3720 19 18 le
1743 3727 41 14 nom
1797 3726 23 18 de
1831 3727 106 23 Vescovato_

2153 107 166 51 Giurnali
2361 107 107 52 Corsi

2093 200 130 22 L'Alcoolisme
2230 199 29 17 est
2266 202 27 13 un
2308 197 66 18 cadeau
2391 202 37 18 que
2444 201 52 22 l’Etat
2508 212 17 17 ré

2070 224 94 30 publicaîn
2172 233 11 13 a
2193 225 151 25 généreusement
2357 224 57 19 offert
2424 227 12 17 à
2443 228 18 19 la
2474 231 49 25 Corse
2527 223 8 5 '

2096 260 45 19 Mais
2149 261 47 15 nous
2203 255 104 18 constatons
2314 257 37 18 que
2362 253 17 17 si
2390 253 37 19 l’on
2435 256 31 23 n’y
2481 265 50 21 prend

2070 289 63 24 garde,
2140 287 18 18 la
2165 289 41 14 race
2213 287 50 14 corse
2271 282 30 17 est
2307 286 24 13 en
2347 281 53 22 péril.
2407 282 50 20 C’est
2472 291 20 15 sa

2070 322 37 18 que
2121 316 37 18 l’on
2168 313 45 18 veut
2230 309 112 24 poursuivre
2349 314 33 17 par
2390 310 18 17 la
2422 315 109 26 propagation

2069 347 26 16 du
2107 344 53 18 virus
2169 340 64 19 mortel
2248 339 80 18 contenu
2348 337 45 18 dans
2410 343 31 14 ces
2456 341 76 28 boiss0ûs

2069 372 125 24 pernicieuses
2206 367 95 19 inventées
2309 369 34 18 par
2351 365 32 18 des
2398 367 94 22 individus
2507 380 17 15 Pa

2069 404 54 19 paces
2130 399 19 18 et
2155 401 42 15 sans
2202 399 99 19 vergogne.

2092 429 25 18 Ce
2125 426 63 19 méfait
2195 425 29 18 est
2230 421 81 20 favorisé
2319 426 24 13 en
2349 421 46 19 haut
2407 422 44 19 lieu.
2460 424 32 21 Les
2505 434 26 18 p0.

2068 456 83 20 liticiens
2157 455 23 17 de
2184 453 18 18 la
2206 450 114 24 République
2325 450 34 17 ont
2362 450 65 22 depuis
2432 451 97 30 longtemps

2069 484 64 19 dressé
2140 484 19 17 le
2163 482 43 23 plan
2212 481 23 17 de
2242 479 50 18 mort
2296 479 34 22 qui
2347 479 43 18 tend
2398 478 12 18 à
2425 480 107 25 l’abrutisse-

2068 513 53 18 ment
2133 510 72 24 général
2216 509 25 18 du
2248 507 67 24 peuple
2321 511 52 14 corse
2378 506 76 19 d’abord
2461 511 18 17 et
2483 511 11 18 à
2504 517 30 17 son

2067 539 124 22 intoxication
2198 536 82 25 générale
2288 535 80 19 ensuite.

2090 569 48 19 L’île
2144 569 23 17 de
2171 567 83 18 malheur
2259 564 33 23 qui
2300 564 31 18 n’a
2336 567 24 14 eu
2368 564 33 17 des
2409 566 86 20 pouvoirs
2505 573 29 18 pu.

2068 598 48 19 blics
2121 598 23 17 de
2152 597 18 17 la
2177 594 115 23 République
2301 596 61 15 aucun
2376 593 67 21 regard
2456 594 23 18 de
2492 597 41 21 pitié

2067 625 87 23 lorsqu’il
2159 624 45 19 s’est
2211 622 30 23 agi
2254 622 131 20 d’encourager
2395 624 35 14 son
2439 621 94 24 laboureur

2068 659 25 13 ou
2100 658 35 14 son
2142 653 94 21 vigneron,
2245 655 11 13 a
2269 654 28 13 vu
2305 648 91 18 favoriser
2404 653 33 17 par
2453 650 41 19 tous
2507 653 25 20 les

2067 685 77 19 moyens
2151 678 114 23 l’exploiteur
2272 677 34 18 des
2313 676 89 18 ferments
2417 677 23 18 de
2448 680 48 17 mort
2503 683 29 21 qui

2067 709 91 19 s’intitule
2162 706 98 19 marchand
2267 705 25 18 de
2299 704 51 19 vins.

2088 738 26 18 Le
2122 736 99 19 ténébreux
2233 733 74 19 desséin
2320 733 33 18 des
2371 733 89 23 cyniques
2472 737 55 21 politi-

2066 767 78 18 caillons
2151 765 22 18 de
2186 764 18 18 la
2214 762 115 23 République
2337 766 12 13 a
2357 761 29 18 été
2393 766 59 17 conçu
2460 764 22 18 de
2496 766 35 20 lon-

2065 799 38 19 gue
2119 794 48 18 date.
2175 791 34 20 Ces
2222 791 91 23 pêcheurs
2326 794 25 14 en
2361 794 34 14 eau
2409 790 72 20 trouble
2502 797 29 17 ont

2065 823 59 19 voulu
2132 821 46 19 faire
2188 821 25 17 du
2221 823 45 19 pays
2276 818 106 23 légendaire
2389 818 25 18 de
2421 818 18 18 la
2447 819 52 20 fierté
2513 825 17 17 et

2065 853 24 17 de
2096 851 98 19 l’honneur
2200 849 18 18 le
2228 847 34 19 fief
2269 847 87 18 électoral
2365 846 25 18 où
2395 846 15 18 il
2418 848 56 18 serait
2478 852 52 19 possi-

2065 881 31 17 ble
2104 880 24 17 de
2138 882 50 15 caser
2203 877 28 18 les
2241 875 87 19 écorchés
2347 875 19 18 et
2375 875 29 18 les
2420 875 62 20 battus
2500 879 29 20 des

2064 908 80 19 comices
2152 905 101 24 populaires
2263 904 88 21 français.
2360 903 50 19 Pour
2418 904 45 22 cela,
2471 904 14 19 il
2498 907 29 19 fal-

2063 937 38 18 lait
2112 935 79 20 étouffer
2196 935 45 17 dans
2246 934 18 17 le
2272 933 75 23 citoyen
2354 937 53 14 corse
2414 933 28 18 les
2448 933 80 22 lumières

2063 966 25 17 de
2095 965 19 18 la
2122 964 62 19 raison
2191 964 19 17 et
2217 963 25 17 du
2250 963 38 17 bon
2296 966 51 14 sens.
2355 961 46 18 L’ile
2415 961 92 23 parfumée
2518 970 10 13 a

2063 994 30 18 été
2100 993 68 22 l’enjeu
2176 993 32 17 des
2219 990 99 19 ambitions
2325 990 29 18 les
2361 989 43 23 plus
2415 990 81 23 obliques
2511 995 17 17 et

2063 1023 34 17 des
2112 1020 111 20 convoitises
2237 1020 27 18 les
2279 1019 45 23 plus
2338 1018 83 18 louches.
2432 1018 35 19 Les
2480 1020 49 19 trafi-

2062 1051 69 22 quants
2138 1050 26 18 du
2177 1049 82 18 malheur
2266 1047 65 23 public
2337 1047 32 17 ont
2376 1046 70 18 cultivé
2454 1051 31 14 sur
2496 1053 31 16 son

2062 1079 29 18 sol
2098 1079 29 18 les
2133 1082 71 19 germes
2210 1077 23 18 de
2240 1076 19 18 la
2266 1076 44 23 plus
2318 1075 54 18 basse
2379 1074 95 23 politique.

2084 1107 26 19 Le
2115 1107 68 23 peuple
2190 1109 50 14 corse
2256 1109 11 13 a
2275 1104 31 18 été
2319 1104 19 18 le
2352 1103 67 23 cobaye
2433 1104 24 17 de
2469 1105 57 20 toutes

2061 1136 29 17 les
2102 1135 115 23 expériences
2225 1134 25 17 du
2256 1132 71 23 régime
2335 1133 24 17 de
2363 1131 91 19 trahison.
2463 1133 65 22 Lama,

2060 1168 80 14 noeuvre
2151 1164 24 17 de
2187 1162 70 19 l’alcool
2271 1166 12 13 a
2300 1161 36 23 été,
2345 1161 46 18 dans
2405 1160 71 23 l’esprit
2497 1163 30 18 des

2060 1192 103 22 fantoches,
2168 1197 28 13 un
2204 1191 32 18 des
2244 1195 78 18 moyens
2332 1189 33 23 qui
2370 1189 75 18 mènent
2452 1189 75 20 infailli-

2061 1221 82 18 blement
2150 1225 24 14 au
2182 1220 34 18 but
2222 1219 68 18 désiré.

2082 1249 38 18 Par
2125 1249 19 18 le
2157 1249 51 18 fouet
2217 1249 20 17 et
2245 1252 34 18 par
2286 1247 78 22 l’alcool,
2371 1251 34 18 par
2418 1246 19 18 le
2445 1246 51 19 tabac
2509 1249 18 18 et

2060 1283 35 18 par
2102 1278 20 18 la
2129 1278 75 22 poudre,
2210 1277 18 18 le
2237 1276 68 23 peuple
2312 1279 60 18 corse,
2381 1275 30 18 est
2427 1274 71 19 devenu
2510 1276 17 19 le

2060 1307 67 22 souple
2134 1306 72 18 esclave
2212 1305 33 18 des
2252 1305 91 18 navrants
2350 1303 102 23 profiteurs
2466 1303 24 18 du
2497 1304 29 18 ré-

2060 1337 53 20 gime
2120 1335 25 17 de
2152 1334 48 18 boue
2206 1335 20 16 et
2233 1334 23 17 de
2262 1337 70 19 sang...

2081 1363 29 17 En
2126 1362 60 18 même
2197 1363 58 21 temps
2272 1361 57 22 qu’ils
2346 1360 150 22 encourageaient
2509 1361 17 18 la

2059 1390 119 23 propagation
2195 1390 32 17 des
2245 1389 81 22 liquides
2345 1388 133 23 empoisonnés,
2499 1390 25 18 les

2059 1419 91 18 histrions
2157 1419 20 17 et
2182 1418 27 17 les
2218 1418 105 22 jouisseurs
2338 1418 23 17 de
2370 1417 20 18 la
2393 1417 132 23 politicaillerie

2059 1448 33 17 ont
2099 1447 58 18 altéré
2164 1447 19 18 la
2190 1446 51 19 santé
2251 1447 26 17 du
2285 1446 68 22 peuple
2368 1450 53 14 corse
2434 1451 33 18 par
2477 1447 45 18 l’im-

2059 1481 65 15 mense
2131 1476 89 18 diffusion
2227 1474 26 19 du
2264 1475 61 18 tabac.
2334 1475 117 19 L’invention
2457 1476 23 18 de
2492 1476 32 18 Ni-

2059 1506 66 19 cotn’a
2133 1510 23 13 eu
2164 1505 50 18 nulle
2224 1505 41 22 part
2272 1503 80 18 ailleurs
2359 1505 66 17 autant
2431 1505 25 17 de
2469 1504 55 19 déve-

2059 1535 105 22 loppement
2171 1534 19 17 et
2201 1533 64 18 autant
2275 1532 108 23 d’ampleur.
2390 1533 25 18 Le
2424 1534 67 21 paquet
2502 1534 21 18 de

2059 1564 59 21 tabac,
2133 1563 28 18 les
2181 1562 105 22 cigarettes,
2302 1561 28 18 les
2348 1561 69 23 cigares
2431 1562 31 18 etc
2484 1564 39 17 sont

2059 1592 72 18 vendus
2147 1591 12 18 à
2165 1591 32 18 des
2209 1591 44 22 prix
2265 1590 107 23 dérisoires,
2387 1590 100 23 ironiques,
2501 1592 22 17 eh

2059 1619 124 24 comparaison
2196 1619 25 18 du
2228 1618 42 23 prix
2284 1618 26 18 du
2318 1618 44 23 pain
2374 1619 34 22 qui
2420 1619 65 18 atteint
2501 1624 21 13 en

2059 1649 62 21 Corse,
2131 1649 33 17 des
2173 1648 86 17 hauteurs
2270 1647 140 22 vertigineuses,
2422 1648 100 17 inconnues

2059 1678 45 17 dans
2112 1677 52 18 toute
2170 1677 18 17 la
2195 1676 73 18 France.

2080 1705 26 18 La
2114 1705 70 23 poudre
2197 1706 28 17 est
2235 1708 67 15 encore
2315 1708 28 13 un
2356 1704 36 17 don
2399 1703 124 18 libéralement

2059 1734 73 23 octroyé
2139 1735 12 17 à
2159 1733 74 24 Cyrnos.
2239 1733 53 18 Cette
2308 1731 127 19 marchandise
2440 1732 29 17 est
2475 1735 48 14 ven-

2059 1764 36 17 due
2101 1763 47 18 dans
2155 1763 19 18 le
2181 1763 76 17 hameau
2264 1762 20 18 le
2288 1761 44 22 plus
2339 1759 73 24 éloigné
2424 1760 33 17 des
2467 1763 56 14 mon-
2530 1777 5 3 .

2059 1793 65 21 tagnes
2137 1795 67 14 corses.
2219 1790 28 19 On
2260 1795 24 13 en
2295 1791 68 16 trouve
2383 1788 81 22 partout.
2478 1787 47 18 C’est

2059 1825 47 18 pour
2116 1820 39 18 cela
2163 1823 36 19 que
2202 1819 18 18 le
2230 1818 60 23 gibier
2295 1821 53 15 corse
2354 1817 29 18 est
2391 1815 75 19 anéanti

2081 1848 28 19 On
2126 1853 24 14 ne
2157 1849 65 17 trouve
2229 1847 42 22 plus
2278 1847 20 18 la
2311 1845 84 20 moindre
2408 1845 50 18 trace
2465 1844 23 17 de
2496 1847 29 14 ces
2535 1861 4 3 .

2059 1877 59 18 belles
2124 1877 80 22 perdrix,
2217 1876 24 17 de
2248 1879 31 15 ces
2287 1875 70 18 lièvres
2368 1878 26 13 ou
2400 1873 24 18 de
2432 1877 32 14 ces
2476 1876 50 13 mou-

2059 1906 49 18 flons
2114 1906 8 22 (
2128 1905 64 22 espèce
2204 1905 68 21 unique
2281 1908 26 13 au
2325 1903 67 18 monde
2396 1902 8 23 )
2409 1900 33 24 qui
2459 1900 68 18 foison-

2059 1934 64 18 naient
2129 1933 89 18 autrefois
2232 1933 46 17 dans
2286 1932 20 18 le
2316 1931 78 22 maquis-
2409 1929 85 19 Pendant
2506 1932 20 13 ce

2059 1962 97 22 temps-là,
2165 1961 19 18 la
2191 1962 48 17 terre
2247 1960 78 18 féconde
2330 1960 50 17 reste
2389 1958 73 18 inculte
2471 1958 20 17 et
2500 1957 27 17 les

2059 1990 52 22 joncs
2118 1990 87 22 poussent
2210 1989 13 17 à
2230 1990 20 16 la
2258 1988 52 22 place
2315 1987 25 18 où
2349 1986 111 23 poussèrent
2469 1985 58 18 autre-

2059 2017 36 18 fois
2108 2018 29 17 les
2149 2017 60 18 vertes
2225 2016 48 22 tiges
2288 2015 114 18 couronnées
2415 2013 59 24 d’épis
2491 2017 36 14 aux

2059 2046 61 17 beaux
2126 2045 69 22 grains.
2201 2045 49 18 Nous
2259 2047 87 20 pouvons
2361 2043 94 18 constater
2467 2042 12 17 à
2488 2042 39 17 tou-

2059 2075 29 17 tes
2094 2078 32 14 ces
2138 2077 63 15 causes
2208 2077 36 18 que
2256 2073 41 18 l’île
2311 2071 170 19 méditerranéenne
2495 2070 31 18 eut

2059 2107 26 18 pu
2091 2102 42 18 être
2145 2107 38 13 une
2193 2102 32 17 des
2236 2101 98 23 provinces
2345 2100 28 19 les
2380 2100 44 22 plus
2431 2099 62 18 riches
2504 2099 22 17 de

2059 2131 70 18 France
2134 2131 18 18 si
2160 2131 36 18 elle
2205 2131 70 17 n’avait
2288 2129 30 18 été
2326 2129 20 18 la
2353 2129 53 22 proie
2412 2129 20 17 et
2443 2128 19 17 la
2475 2127 51 18 victi-

2059 2164 31 13 me
2099 2160 25 17 de
2130 2159 20 18 la
2165 2159 106 22 sauvagerie
2281 2159 21 18 et
2314 2158 25 18 de
2346 2158 18 17 la
2376 2157 57 18 haine
2449 2155 76 24 républi-

2059 2189 59 17 caine.

2080 2216 109 19 N’oublions
2194 2221 38 18 pas,
2241 2220 23 14 en
2271 2215 53 23 effet,
2332 2215 19 18 la
2366 2219 67 14 source
2446 2215 26 18 du
2482 2214 41 18 mal.

2059 2245 27 18 Ne
2093 2245 79 22 perdons
2177 2249 33 18 pas
2217 2245 24 18 de
2246 2248 38 14 vue
2291 2244 20 18 le
2326 2243 38 18 fait
2376 2248 38 18 que
2425 2243 29 18 les
2465 2243 59 18 fonda-

2059 2274 52 17 teurs
2122 2273 26 18 du
2156 2273 69 23 régime
2230 2273 60 18 actuel
2295 2273 34 18 ont
2334 2272 97 23 poursuivi
2438 2273 52 17 notre
2500 2271 24 18 île

2059 2302 56 18 d’une
2120 2302 55 18 haine
2183 2301 59 19 féroce
2249 2302 20 18 et
2275 2301 93 19 imbécile.

2081 2330 156 23 Rappelons-nous
2242 2331 19 17 la
2269 2330 85 18 fameuse
2364 2330 71 17 motion
2443 2329 40 22 .qui
2496 2327 27 18 fut

2059 2359 95 22 présentée
2159 2359 12 17 à
2176 2359 117 18 l’Assemblée
2304 2359 92 18 nationale
2401 2359 27 17 de
2433 2357 89 19 Bordeaux

2059 2391 23 14 en
2091 2386 55 23 1874,
2155 2392 33 17 par
2195 2388 28 17 les
2228 2387 57 18 dieux
2292 2388 24 17 de
2323 2387 21 18 la
2348 2387 118 18 démocratie.
2473 2385 48 19 Cette

2059 2415 70 19 motion
2145 2416 95 22 exprimait
2246 2416 19 18 le
2281 2416 53 18 désir
2351 2416 72 18 devoir
2435 2415 20 18 la
2471 2414 51 18 Corse

2059 2444 55 18 exlue
2120 2445 26 17 du
2155 2444 89 18 territoire
2254 2444 88 21 français.

2080 2473 26 17 La
2117 2472 112 23 République
2244 2473 24 18 l’a
2282 2473 83 18 abaissée
2373 2473 46 18 dans
2440 2473 42 16 tous
2494 2470 25 18 les

2059 2501 63 18 ordres
2138 2502 20 17 et
2172 2506 12 13 a
2199 2501 49 18 semé
2263 2506 35 13 sur
2309 2501 19 18 la
2344 2502 50 18 terre
2411 2500 60 19 sacrée
2489 2499 29 16 des

2059 2529 81 22 parfums
2145 2529 19 18 le
2170 2531 45 17 vent
2218 2530 24 18 de
2245 2530 19 17 la
2270 2530 57 18 haine
2335 2531 20 18 et
2358 2530 23 18 de
2388 2530 20 17 la
2413 2527 84 20 discorde.

2059 2558 121 18 L’alcoolisme
2187 2559 58 18 actuel
2252 2559 41 18 doit
2300 2558 41 19 être
2352 2558 92 19 combattu
2455 2557 62 17 comme

2059 2591 25 13 un
2091 2587 34 17 des
2129 2588 65 21 agents
2199 2591 35 18 que
2240 2587 19 18 le
2266 2587 72 23 régime
2346 2587 23 18 de
2373 2587 19 18 la
2399 2583 103 21 démocratie
2506 2586 10 13 a

2059 2614 89 19 introduit
2153 2615 45 18 dans
2203 2615 37 19 l’île
2247 2620 48 18 pour
2298 2621 13 18 y
2319 2615 67 23 régner
2393 2615 12 18 à
2414 2619 32 14 son
2453 2612 41 18 aise.

2200 2644 75 19 Pierre
2284 2644 29 18 de
2323 2638 172 25 LHORIMOMT.

2084 2678 37 22 La
2129 2678 103 23 Bataille
2241 2679 76 22 Corse
2326 2679 30 22 A.
2369 2684 29 17 10
2408 2682 51 21 4-25

2135 2763 84 39 Cume
2235 2766 76 36 simu
2324 2762 118 50 judicati

2085 2854 42 14 «...
2137 2847 33 22 La
2182 2849 70 28 patrie
2264 2849 30 22 de
2303 2848 118 29 Napoléon
2433 2845 51 30 peut
2492 2847 23 16 se

2054 2875 96 29 peindre
2166 2883 28 15 en
2212 2884 30 15 un
2259 2878 93 22 axiome
2374 2875 63 23 aussi
2456 2871 60 23 court

2054 2904 154 30 qu’éloquent:
2215 2905 33 23 La
2255 2906 74 22 Corse
2339 2908 35 19 est
2380 2911 30 16 un
2417 2907 54 25 pays
2476 2904 39 23 fful

2054 2938 30 16 ne
2095 2933 93 28 produit
2198 2941 43 22 que
2250 2934 42 23 des
2304 2937 91 19 votes.;.

2084 2976 25 7 ...
2120 2961 64 23 Cette
2192 2965 66 26 terre,
2267 2964 76 22 située
2348 2964 14 20 à
2364 2962 67 27 vingt
2437 2958 77 22 heures

2054 2989 29 22 de
2092 2989 122 29 Marseille,
2221 2994 36 20 est
2262 2993 15 20 à
2285 2998 45 22 peu
2339 2992 52 28 près
2399 2985 62 25 aussi
2467 2989 48 17 sau-

2053 3024 60 23 vage
2125 3019 81 28 qu’une
2216 3020 31 21 ile
2258 3020 29 22 de
2299 3017 123 25 l’Océanie.

2083 3046 46 23 Pas
2137 3047 29 22 de
2173 3048 94 28 culture,
2276 3054 43 24 pas
2331 3043 138 26 d’industrie,
2476 3044 38 25 pas

2054 3074 29 22 de
2093 3077 199 27 communication,
2301 3082 44 24 pas
2352 3075 28 22 de
2389 3071 77 25 voirie.
2473 3068 40 21 Les

2054 3106 94 25 quatres
2169 3112 52 15 rues
2241 3104 139 31 principales
2403 3099 108 29 d’Ajaccio

2053 3135 55 18 sont
2125 3133 107 23 souillées
2247 3132 181 23 d'immondices.
2444 3126 67 23 Beau-

2053 3166 61 23 coup
2129 3161 29 22 de
2169 3162 100 22 maisons
2285 3164 75 20 même
2370 3157 133 27 n’échappen

2053 3195 43 22 pas
2105 3191 15 20 à
2127 3189 22 22 la
2158 3190 151 30 malpropreté
2318 3189 41 22 des
2370 3186 89 23 enfants
2464 3182 47 28 plus

2054 3217 46 22 mal
2110 3217 76 24 élevés
2194 3226 44 22 que
2250 3219 42 22 des
2301 3217 69 30 petits
2381 3214 110 23 animaux.

2081 3245 20 22 Il
2110 3249 37 19 est
2154 3248 48 21 vrai
2212 3247 67 31 qu’on
2288 3254 30 15 va
2327 3245 58 23 faire
2393 3249 30 16 un
2429 3239 83 24 chennn

2053 3274 29 21 de
2089 3273 63 24 fer.il
2159 3278 91 20 coûtera
2255 3276 66 28 vingt
2331 3268 180 40 millions.Aqupj

2052 3302 136 24 servira-t-il
2196 3307 23 20 et
2227 3307 14 20 à
2251 3304 41 29 qui
2303 3296 162 36 profitera-t-il-

2053 3330 126 30 dépensera
2197 3333 81 29 quinze
2296 3333 54 21 cent
2362 3327 63 24 mille
2441 3324 60 21 franc

2053 3365 42 22 par
2101 3366 31 16 an
2138 3367 59 22 pour
2202 3363 143 26 transporter
2352 3355 108 31 quelques
2465 3353 35 17 sac

2052 3387 30 22 de
2088 3388 140 30 châtaignes.
2235 3389 63 22 C’est
2305 3388 50 21 tout
2362 3385 21 22 le
2391 3383 97 22 commer

2052 3415 32 22 du
2092 3423 58 22 pays
2158 3420 24 19 et
2190 3421 61 19 toute
2259 3417 23 22 la
2292 3413 128 25 nourriture
2428 3410 40 20 des
2482 3411 7 13 1

2052 3443 112 25 bitants...
2492 3457 6 5 •

2080 3472 47 24 Les
2134 3473 82 24 Corses
2227 3473 117 31 préfèrent
2354 3469 74 23 fumer
2434 3466 40 19 des

2051 3504 109 25 garettes,
2174 3509 93 23 manger
2274 3501 42 22 des
2329 3500 102 21 marrons
2443 3496 28 17 no

2051 3529 30 22 lis
2090 3532 25 20 et
2126 3537 29 16 ne
2165 3531 49 22 rien
2226 3531 85 22 faire...
2437 3547 6 5 .
2500 3547 8 5 „

2080 3557 63 23 Leur
2149 3559 120 29 ignorance
2278 3558 58 22 tient
2342 3554 29 21 du
2379 3551 81 29 prodig

2079 3598 36 22 La
2132 3599 101 26 Liberté,
2247 3594 93 33 journal
2356 3592 28 22 de
2397 3586 71 25 Paris,

2052 3632 63 16 mars
2126 3627 61 22 1879.

2064 3699 236 31 Aiacciu-Stamparia
2317 3695 25 23 di
2362 3693 22 22 A

2050 3732 22 23 U
2083 3734 211 30 direttore-gerente
2304 3739 6 14 :
2336 3728 67 22 Petru
