2679 3927
97 93 215 43 Inaugurazione
323 95 30 36 di
363 108 16 24 a
392 98 93 38 chiesa

164 147 32 36 di
210 160 18 24 u
245 149 175 41 Sacru-Core

86 235 26 21 In
134 233 109 28 Aiacciu,
263 236 86 29 ghiovi
369 246 91 20 scorsu,
482 240 21 21 si
516 240 13 21 è

57 269 57 24 fattu
136 266 6 21 1
153 267 189 29 inaugurazione
373 273 25 20 di
428 279 12 15 a
461 279 67 15 nova

59 300 79 25 chidsa
150 300 110 24 dedicata
273 311 13 14 a
298 311 15 14 u
326 305 161 22 Sacru-Core.

84 336 47 22 Per
142 336 29 22 dà
184 338 42 27 più
238 340 86 22 risaltu
336 347 13 15 a
361 343 36 19 sta
409 341 40 27 pia
466 343 62 21 ceri-

57 369 90 26 monia,
161 376 14 15 u
185 374 84 20 nostru
282 374 247 28 vescu,Monsignore

56 401 78 25 Rodié
146 403 57 22 avià
214 405 120 27 imbitatu,
349 407 62 21 oltre
432 414 14 14 u
460 409 67 21 cleru

56 444 13 15 e
81 437 7 21 i
101 436 72 21 fedeli
191 437 23 22 di
227 445 14 14 a
253 438 35 22 so’
300 440 104 25 diocesi,
424 447 15 15 u
453 447 75 16 vescu

56 470 24 22 di
107 469 140 29 Marseglia,
272 472 64 28 Mgr.
362 473 127 29 Dubourg,
513 481 15 14 u

56 509 74 16 vescu
141 503 24 21 di
177 503 79 28 Nizza,
269 505 63 28 Mgr.
346 506 99 26 Ricard,
457 513 15 15 u
486 507 42 22 Pâ-

55 539 36 20 tre
104 536 95 22 Abbate
212 537 110 22 Mitriatu
333 539 25 21 di
371 539 7 21 i
390 540 138 22 Beneditti-

55 570 33 23 mi
101 569 25 22 di
138 569 83 23 l’Isula
234 571 24 21 di
268 571 93 22 Lerins.

83 606 23 22 U
119 612 67 17 novu
198 607 123 22 edifidiziu
333 608 39 23 chi
385 609 68 22 s’alza
466 610 24 21 in
503 611 25 21 lu

55 640 124 28 quartieru
200 641 68 22 dettu
280 642 23 22 di
321 642 6 22 i
341 642 126 28 Stranieri,
488 651 39 15 ac-

56 675 69 21 cantu
147 680 13 14 a
173 680 14 15 u
208 680 59 21 gran
287 675 147 28 Seminariu,
455 677 14 22 ò
486 677 42 22 un'

56 706 94 24 edifiziu
164 706 25 21 di
201 708 55 21 stile
268 714 156 17 rumanzescu
435 710 93 22 chimi-

56 747 54 18 sura
128 741 24 20 in
165 741 75 27 longn
257 742 43 27 più
313 743 22 20 di
348 745 80 19 trenta
440 744 72 21 nietri
520 750 6 19 ;

56 783 14 14 u
81 773 153 28 frontispiziu
246 774 13 22 è
271 775 111 28 frisgiatu
394 776 24 21 di
438 777 88 21 mutivi

57 807 132 25 decurativi
202 807 127 28 figurendu
342 815 13 14 e
364 809 96 21 flamme
469 809 59 22 sim-

56 840 95 25 boliche
163 840 25 21 di
200 840 99 22 l’amore
313 841 23 21 di
349 848 15 15 u
376 841 151 23 Sacru-Core

58 881 41 24 per
112 873 153 22 l’Umanitai.

83 912 22 21 A
117 909 114 22 funzione
243 910 116 28 religiosa
372 912 24 21 di
409 918 11 15 a
441 918 86 16 cunsa-

57 945 107 24 crazione
176 942 34 22 s’è
221 944 90 25 svolta,
324 944 24 21 in
361 945 21 21 la
399 946 125 26 matinata,

59 984 34 19 tra
107 983 30 17 un
149 982 120 16 cuncorsu
282 977 23 22 di
316 979 91 28 populu
416 979 110 28 ajaccinu

59 1016 91 23 serapre
171 1010 97 26 dévolu,
290 1011 134 22 cerimonia
447 1014 77 21 moltu

56 1043 202 30 impressiunante
271 1045 39 21 chi
323 1045 60 22 durò
396 1046 29 22 da
437 1048 63 20 selle
512 1053 13 15 a

56 1084 61 18 nove
129 1083 50 16 ore.
193 1078 22 21 A
224 1078 59 22 dece
296 1085 42 16 ore
350 1085 13 16 e
372 1086 78 15 mezzu
463 1081 21 20 ci
499 1080 25 22 fù

54 1118 76 17 messa
139 1111 148 28 puntificale,
300 1113 48 21 ben
364 1113 160 22 sulennizzata

54 1152 28 16 eu
98 1145 62 22 canti
174 1145 105 27 eseguiti
301 1146 29 21 da
342 1146 7 22 i
363 1147 87 21 sculari
470 1147 24 21 di
508 1154 15 14 u

53 1179 100 23 Picculu
174 1177 144 24 Seminariu.
340 1180 23 20 A
375 1185 62 21 sera,
453 1186 14 15 a
486 1181 36 21 sei

54 1219 42 16 ore
117 1218 13 15 e
142 1218 89 20 mezzu,
252 1219 13 15 a
278 1219 15 15 u
314 1213 136 22 ciccunime
470 1214 24 21 di
510 1220 14 15 e

51 1251 126 22 campane,
199 1252 47 15 una
263 1246 143 27 impunente
426 1253 99 21 pruces-

52 1280 71 22 sione
143 1279 64 28 parti
219 1279 30 22 da
257 1286 12 14 a
284 1279 146 26 Cattedrale,
451 1281 74 20 attra-

49 1312 73 23 versò
141 1319 13 15 a
170 1313 78 27 piazza
266 1313 24 22 di
312 1319 15 15 u
348 1313 137 27 Diamante,
507 1320 15 15 u

49 1346 77 22 Corsu
139 1346 132 27 Grandval,
280 1353 13 16 e
305 1347 20 22 si
338 1347 84 27 piantò
436 1347 24 22 in
473 1347 50 22 fac-

49 1381 38 21 cia
99 1387 13 15 a
124 1386 65 17 nova
202 1380 90 22 chiesa.
308 1381 56 22 Una
375 1381 57 22 folia
446 1381 23 22 di
482 1387 42 21 pa-

48 1414 96 22 recchie
152 1414 93 22 millaie
257 1415 25 21 di
294 1420 162 21 persone,una
468 1421 55 15 cen-

47 1448 78 21 tinara
142 1448 25 21 di
180 1448 129 26 sacerdoti,
325 1448 64 26 frati,
399 1448 121 27 parrochi,

50 1481 110 28 piuvani,
183 1481 122 26 canonici,
318 1481 182 27 inquadravanu
514 1482 7 21 i

48 1515 86 28 prelati
145 1515 39 22 chi
196 1527 29 4 —
234 1515 122 27 pasturale
377 1515 26 21 in
414 1521 73 16 manu
508 1521 14 15 e

47 1549 82 22 mitria
135 1549 25 21 in
168 1550 68 25 testa,
247 1560 27 4 —
280 1549 80 21 strada
369 1548 154 26 facendu,be-

48 1582 104 22 nedianu
164 1588 14 15 a
190 1581 65 23 città.
278 1582 18 21 E
307 1588 15 15 u
331 1583 91 27 populu
441 1584 81 20 canta-

48 1622 32 15 va
91 1617 149 21 lentamente
258 1622 14 14 «
278 1615 52 22 Dio
339 1616 23 21 ti
372 1615 68 22 salvi
449 1616 73 28 Regi-

48 1656 35 16 na
91 1657 13 14 i»
114 1649 39 22 chi
165 1649 53 28 apri
230 1656 15 15 e
256 1649 84 22 chiuse
360 1651 36 20 sta
416 1650 106 21 cerimo-

49 1684 50 21 nia.

77 1717 36 22 Da
123 1723 14 16 u
149 1718 99 21 scalone
259 1717 25 21 di
296 1723 15 15 a
326 1717 89 25 chiesa,
429 1723 16 15 u
456 1717 66 22 Ves-

49 1757 29 16 cu
100 1751 25 22 di
143 1750 81 27 Nizza,
248 1750 121 22 addirizzò
392 1756 13 16 a
428 1751 93 27 parolla

49 1785 144 27 evangelica
212 1791 13 15 a
244 1790 13 15 a
279 1784 57 22 folia
356 1785 39 21 chi
411 1791 16 15 u
446 1784 75 28 pudià

48 1821 58 20 tene
119 1819 24 21 in
153 1818 91 22 chiesa.

78 1852 73 26 Dopu
164 1851 65 22 varii
238 1852 105 21 muttetti
352 1852 57 27 piie
418 1858 16 16 u
445 1854 75 20 cantu

49 1885 25 22 di
89 1891 16 15 u
125 1892 13 13 «
146 1885 87 22 Libéra
241 1892 13 14 »
275 1891 45 22 per
336 1885 9 22 i
366 1886 76 22 morti
459 1886 26 21 di
506 1891 14 16 a

49 1924 95 21 guerra,
164 1919 22 20 si
197 1918 70 21 -dede
280 1925 13 14 a
308 1919 161 22 benedizione
490 1925 30 15 eu

50 1956 16 15 u
83 1950 146 23 Santissimu
247 1951 166 23 Sacramentu.
427 1952 18 21 E
456 1958 64 16 cum-

49 1989 81 17 mossa
142 1986 26 20 in
179 1984 116 27 l’intimu,
316 1986 21 21 si
356 1986 136 27 sparpigliò
507 1992 13 15 a

48 2018 66 25 folia,
136 2019 168 27 ringraziendu
329 2018 192 29 Quellu-quassù

50 2051 98 22 d'avelli
157 2057 117 16 cuncessu
287 2052 24 21 di
323 2052 63 21 vede
403 2054 38 20 sta
455 2053 65 21 bella

49 2085 98 27 jurnata
156 2085 25 22 di
191 2085 200 22 manifestazione
403 2086 117 28 religiosa

51 2118 39 22 chi
102 2118 77 22 lasciò
189 2120 25 20 in
227 2119 60 27 ogni
305 2125 57 16 core
378 2119 142 22 suavissimi

49 2152 101 22 ricordi.

79 2187 23 20 A
114 2191 62 20 sera,
189 2192 13 14 a
218 2185 125 27 l’annuttà,
365 2192 13 15 a
388 2186 81 22 chiesa
481 2193 14 14 e
508 2192 13 16 e

49 2219 43 22 vie
103 2219 26 21 in
138 2219 114 22 circondu
261 2219 178 26 alluminonu,e
448 2220 72 22 molli

49 2253 135 22 visatadori
208 2253 85 22 sfilonu
314 2260 13 15 a
344 2253 93 22 l’altare
459 2254 63 22 sin’a

48 2293 76 16 versu
135 2290 157 19 mezzanotte.

78 2324 108 28 Bisogna
198 2331 13 14 a
219 2325 79 21 ritene
307 2324 39 22 chi
359 2330 13 16 a
381 2330 65 16 nova
456 2324 66 22 chie-

49 2364 27 15 sa
87 2357 14 22 è
113 2359 60 20 stata
189 2357 58 22 fatta
262 2364 30 15 eu
307 2358 91 21 denaru
416 2358 105 26 isulanu,

49 2392 165 27 pruveniente
234 2392 24 21 di
279 2391 185 22 sottuscrizione
478 2397 45 22 po-

50 2426 91 26 pulare,
155 2431 76 22 segnu
244 2425 40 22 chi
301 2425 84 26 Cirnu,
398 2425 26 22 in
443 2427 78 25 pettu,

50 2465 97 21 sempre
158 2460 20 21 si
191 2459 71 27 purtò
283 2460 80 27 quella
382 2459 98 22 fiamma
497 2459 25 22 di

50 2493 151 27 generositai
213 2493 40 22 chi
265 2493 26 21 in
306 2493 75 28 tempi
402 2499 122 16 memore-

51 2527 51 21 vuli
120 2527 25 21 di
164 2526 56 22 fede
239 2527 17 21 li
277 2527 68 21 cinse
366 2533 13 15 a
399 2533 14 15 e
422 2527 77 27 spalle
508 2533 14 15 u

50 2561 118 21 mantellu
189 2560 193 22 bianchi-fìuritu
410 2560 24 21 di
455 2566 14 15 e
486 2559 37 23 so’

51 2593 90 22 chiese.

559 98 102 24 Cullana
670 102 99 25 Storica
781 107 27 22 di
819 108 24 22 A
851 110 92 21 Muvra

611 166 24 37 A
653 169 156 48 Cunquisla
826 176 144 37 Franccse

690 226 31 36 di
739 239 17 24 a
775 229 120 38 Corsica

606 278 45 29 (Da
662 287 30 16 un
709 283 121 25 Giurnale
842 288 24 20 di
879 287 104 28 l'Epuca)

721 348 12 25 (
734 347 106 29 Seguitu
841 351 12 26 )

583 403 102 22 Comme
698 412 27 15 ce
739 408 61 22 n’est
811 410 73 26 point
896 411 31 21 ici
940 412 21 21 la
974 417 53 21 pre-

555 434 78 21 mière
643 434 91 24 insulte
754 438 59 22 faite
833 439 13 22 à
867 447 27 15 ce
915 441 113 22 Pavillon

555 470 44 20 par
618 465 35 20 les
671 465 188 31 Barbaresques,
881 471 41 26 qui
941 471 88 22 s'étant

555 493 110 28 emparés
677 496 17 21 il
706 503 17 22 y
734 503 13 15 a
759 500 105 26 quelque
882 502 64 19 tems
964 501 64 21 d'au-

555 527 50 19 tres
616 525 126 23 Bâtimens
753 528 31 21 de
796 529 129 22 Bonifacio
939 537 29 14 en
985 533 44 19 ont

555 555 81 21 vendu
647 556 37 21 les
694 557 138 28 Equipages
852 558 13 22 à
882 559 86 26 Tunis,
987 566 40 15 ces

555 585 79 27 prises
653 586 144 24 intimident
817 590 154 22 maintenant
990 591 38 21 les

555 615 89 23 Corses
654 623 5 20 ;
680 619 63 21 mais
763 625 32 16 on
816 620 86 28 espère
921 620 73 28 qu’on
1010 628 19 22 y

554 650 87 19 mettra
651 649 50 21 bon
714 650 80 27 ordre,
804 651 23 21 &
838 651 74 28 qu’on
925 658 103 22 appren-

554 678 42 20 dra
608 677 13 22 à
633 684 39 16 ces
685 679 94 23 Pirates
788 681 13 21 à
813 684 126 25 respecter
949 683 25 21 le
984 683 44 21 Pa-

555 707 77 22 villon
643 709 30 21 de
685 709 102 23 France.

606 763 80 20 Numéro
694 766 26 17 du
728 766 95 18 Vendredi
831 767 24 18 25
862 768 51 17 Août
921 767 52 18 1709.

742 799 26 18 De
776 799 71 18 Toulon
855 801 18 17 le
881 800 23 18 15
912 801 57 18 Août.

582 835 31 22 Le
624 836 132 29 Régiment
764 839 30 20 de
807 838 167 29 Champagne,
983 840 42 27 qui

554 866 95 22 revient
667 868 30 21 de
716 868 87 27 Corse,
825 870 81 21 arrive
925 870 59 21 dans
1002 871 25 20 le

553 899 122 24 moment;
688 898 23 21 &
719 898 50 22 l’on
782 899 35 21 dit
829 899 61 28 qu’il
902 906 26 15 se
940 900 87 22 rendra

552 925 14 22 à
578 927 119 28 Aubagne
710 928 22 22 &
745 935 29 15 au
790 929 103 23 Bausset
902 937 6 20 ;
922 937 63 15 ceux
996 931 31 21 de

552 957 22 21 la
587 957 93 23 Marine
689 959 23 21 &
720 959 157 28 d’Aquitaine
889 961 139 22 arrivèrent

552 987 55 22 hier
616 996 7 18 ;
636 989 21 21 &
669 989 66 22 deux
747 990 134 23 Bataillons
893 992 31 21 de
935 992 23 21 la
977 991 51 22 Ma-

552 1019 53 21 rine
617 1023 43 18 ont
671 1019 39 22 été
725 1020 110 29 envoyés
850 1021 14 22 à
877 1021 108 23 Souliers
1004 1022 23 22 <&

552 1050 65 21 deux
631 1049 12 22 à
665 1050 79 23 Cuers
754 1057 5 20 ;
782 1052 65 22 deux
867 1053 160 27 d’Aquitaine

551 1082 57 20 sont
619 1080 58 23 allés
688 1081 15 23 à
716 1082 97 27 Hières,
823 1083 22 21 &
857 1084 65 21 deux
933 1086 94 20 restent

551 1111 41 22 ici.
606 1111 31 22 Le
648 1111 134 29 Régiment
802 1114 31 21 de
853 1114 114 28 Haynaut
983 1115 42 27 qui

551 1142 45 22 fait
606 1143 77 27 partie
695 1144 30 21 de
737 1145 22 20 la
772 1144 125 23 Garnison
909 1146 54 21 doit
973 1152 53 21 par-

550 1173 41 24 tir,
613 1174 61 21 mais
694 1179 32 16 on
746 1181 32 15 ne
794 1175 47 22 sait
852 1176 71 26 point
936 1181 90 17 encore

551 1209 26 15 sa
595 1204 161 26 destination,
777 1211 32 16 on
829 1206 85 21 attend
931 1207 36 20 les
986 1211 41 17 or-

551 1234 56 21 dres
618 1234 30 21 de
659 1235 23 20 la
695 1234 77 22 Cour.
786 1235 44 22 Les
851 1236 67 21 deux
935 1236 92 22 Batail-

551 1265 55 20 lons
618 1264 158 27 d’Aquitaine
796 1266 42 26 qui
858 1268 58 19 sont
935 1266 59 22 allés
1011 1266 15 22 à

552 1294 88 22 lîières
650 1295 136 22 viendront
801 1297 24 20 le
845 1297 145 27 remplacer,
1002 1297 24 22 &

550 1326 18 21 il
578 1332 19 22 y
607 1331 57 16 aura
675 1325 44 22 dix
730 1326 136 23 Bataillons
885 1333 31 16 en
937 1327 89 22 Garni-

550 1362 45 17 son
607 1363 56 16 sans
675 1359 113 26 compter
797 1358 23 21 la
832 1358 106 28 Brigade
952 1358 74 23 d’Ar-

549 1388 100 21 tillerie.
664 1388 46 21 Les
721 1388 110 22 dix-huit
843 1389 41 27 qui
897 1391 58 20 sont
965 1390 60 21 arri-

550 1418 44 22 vés
614 1419 30 21 de
662 1418 80 23 Corse
760 1421 123 20 resteront
901 1420 60 21 dans
978 1426 47 16 nos

550 1449 115 25 environs
674 1449 98 27 jusqu’à
783 1451 93 21 nouvel
888 1451 72 21 ordre
971 1457 6 19 ;
990 1456 34 17 on

549 1486 84 16 assure
644 1486 46 22 que
703 1482 37 19 les
754 1480 137 28 Régimens
908 1481 117 22 d'Anhalt

548 1511 23 21 &
582 1511 30 21 de
623 1512 22 20 la
658 1511 73 22 Mark
743 1511 74 27 qu'on
837 1512 72 21 avoit
928 1512 36 21 dit
984 1512 40 21 de-

549 1542 57 21 voir
625 1541 166 28 s’embarquer
808 1542 23 21 &
850 1542 75 21 venir
944 1542 80 28 égale-

548 1574 69 21 ment
628 1573 60 21 dans
699 1576 73 18 notre
783 1573 132 27 voisinage
926 1579 31 15 ne
968 1579 57 21 pas-

548 1605 85 20 seront
651 1603 73 27 point
743 1609 30 15 en
792 1602 101 27 France,
914 1603 61 22 c’est
991 1604 33 21 du

549 1634 82 22 moins
640 1634 24 21 le
675 1633 68 22 bruit
752 1634 92 27 public.
857 1633 36 22 M.
907 1633 116 23 Chardon

548 1664 131 23 Intendant
705 1670 31 16 en
762 1663 80 23 Corse
867 1664 23 22 &
916 1665 108 28 premier

549 1694 128 23 Président
699 1695 34 21 du
759 1694 103 23 Conseil
885 1695 138 22 Souverain

548 1732 30 16 ne
592 1726 57 21 s'est
660 1725 82 22 arrêté
752 1731 47 21 que
819 1726 66 21 deux
903 1726 70 28 jours
991 1732 31 16 en

548 1757 107 21 arrivant
667 1756 42 25 ici,
721 1756 24 21 &
756 1761 14 16 a
782 1755 57 28 logé
848 1756 58 21 chez
915 1756 35 21 M.
960 1756 63 22 Hur-

548 1793 53 16 son.
614 1787 43 22 Les
670 1786 128 23 Corsaires
810 1787 31 21 de
861 1787 78 22 Tunis
956 1788 68 21 enle-

547 1818 88 22 vèrent
644 1818 24 21 la
679 1817 112 22 semaine
808 1817 114 22 dernière
942 1823 42 16 sur
998 1819 25 21 le

548 1849 52 27 Cap
623 1849 29 21 de
673 1847 35 23 St.
726 1847 95 28 Tropez
844 1854 31 15 un
900 1848 124 22 Bâtiment

546 1880 140 27 Napolitain
699 1879 89 28 charge
799 1880 32 20 de
840 1879 61 22 Bois
912 1880 31 21 de
951 1885 72 17 cons-

546 1911 108 22 truction
667 1915 63 23 pour
749 1911 23 20 le
792 1910 48 21 Roi
852 1917 6 19 ;
879 1910 143 28 l’Equipage

547 1942 42 27 qui
601 1947 27 16 se
639 1946 76 16 sauva
726 1940 14 21 à
751 1941 56 21 leur
825 1941 126 26 approche
967 1941 56 22 vint

547 1974 86 25 porter
643 1971 95 27 plainte
749 1970 12 22 à
783 1970 33 22 M.
830 1972 31 20 de
873 1971 114 28 Bompar,
999 1971 24 21 &

547 2003 113 21 l’assurer
671 2007 47 21 que
733 2002 23 21 le
767 2001 124 22 Bâtiment
903 2002 69 21 avoit
983 2001 39 22 été

547 2033 52 27 pris
609 2032 57 27 près
684 2032 31 20 de
735 2034 73 19 terre.
822 2031 35 22 M.
873 2032 31 21 de
915 2031 108 27 Bompar

547 2063 27 22 fit
584 2062 104 22 aussitôt
699 2063 76 21 sortir
783 2068 31 15 un
825 2061 198 28 Schebeckpour

547 2094 60 21 aller
626 2099 48 16 aux
693 2095 110 20 trousses
824 2092 43 21 des
890 2092 133 22 Barbares-

548 2129 60 23 ques
616 2130 6 19 ;
635 2124 61 21 mais
710 2123 17 22 il
740 2129 30 15 en
782 2123 84 21 revint
877 2128 57 16 sans
951 2123 72 22 avoir

548 2161 33 21 pu
591 2155 36 21 les
639 2156 152 20 rencontrer.

614 2213 81 18 Numéro
704 2213 25 17 du
738 2212 60 18 Mardi
807 2211 23 18 29
838 2212 51 17 Août
896 2211 53 18 1769.

548 2246 74 18 Extrait
630 2247 56 17 d:une
694 2246 64 17 Lettre
766 2246 24 17 de
798 2246 20 17 la
829 2245 52 22 Haye
893 2246 26 16 du
931 2245 22 18 14
965 2245 56 18 Août.

577 2285 41 22 On
631 2285 68 22 avoit
712 2284 83 28 publié
808 2283 14 23 à
834 2284 110 22 Londres
955 2285 23 20 le
994 2283 29 23 28

549 2318 32 20 du
600 2316 63 22 mois
683 2315 102 22 dernier
804 2320 49 22 que
873 2316 23 20 le
916 2314 107 23 Général

550 2347 68 22 Paoli
630 2346 58 23 étoit
707 2346 81 22 arrivé
799 2346 15 21 à
825 2346 71 25 Deal,
915 2345 24 22 &
949 2345 74 28 qu’on

548 2378 34 29 l’y
593 2378 122 22 attendoit
735 2377 13 22 à
766 2379 57 20 tout
841 2379 119 20 moment.
981 2376 42 22 On

550 2409 36 22 dit
598 2409 95 21 ensuite
706 2409 23 21 le
744 2414 48 15 1er.
805 2408 30 21 de
847 2413 29 16 ce
887 2407 65 22 mois
964 2407 60 28 qu’il

548 2446 18 23 y
577 2439 70 26 étoit,
664 2439 62 21 mais
745 2439 102 28 gardant
862 2438 160 28 Yincognito.

551 2470 143 28 Cependant
705 2470 20 21 si
738 2470 49 21 l’on
799 2469 115 22 combine
925 2469 24 21 le
959 2471 64 19 tems

550 2502 90 27 auquel
650 2501 20 21 il
681 2500 64 22 étoit
755 2500 13 22 à
782 2500 126 25 Mantoue,
922 2505 33 16 on
970 2505 54 16 sera

551 2532 136 22 convaincu
699 2537 55 22 que,
767 2532 22 20 si
801 2537 31 15 en
845 2531 107 26 quittant
961 2532 64 19 cette

550 2563 67 21 Ville
629 2563 17 20 il
657 2568 14 15 a
682 2561 39 22 été
734 2562 58 21 dans
803 2561 142 22 l’intention
958 2561 30 21 de
996 2566 28 15 se

550 2593 88 22 rendre
647 2592 13 21 à
672 2591 116 26 Londres,
798 2592 108 27 quoique
917 2592 37 20 les
966 2596 59 16 nou-

1052 113 78 21 velles
1142 114 30 21 de
1185 115 63 20 cette
1260 113 67 21 Ville
1344 113 34 21 lui
1398 114 67 21 aient
1483 113 42 23 fait

1053 143 105 25 prendre
1170 145 22 21 la
1204 145 71 21 route
1288 144 29 21 de
1331 143 106 28 Vienne,
1459 146 67 26 quel-

1054 177 45 21 que
1110 173 124 28 diligence
1247 173 60 28 qu’il
1318 173 34 21 ait
1372 175 32 26 pû
1423 175 68 25 faire,
1512 175 12 22 à

1054 202 70 26 peine
1136 204 140 26 pourroit-il
1288 210 26 15 se
1331 205 103 22 trouver
1450 206 76 21 main-

1053 232 84 22 tenant
1149 240 30 15 en
1191 235 157 27 Angleterre.

1063 286 82 19 Numéro
1153 289 26 17 du
1186 288 97 19 Vendredi
1290 289 40 17 1er.
1340 288 108 23 Septembre
1462 290 51 18 1769.

1072 318 54 19 Suite
1135 321 34 17 des
1177 322 99 18 nouvelles
1285 322 23 17 de
1316 320 62 19 Gènes
1386 323 26 17 du
1420 323 23 18 19
1451 323 54 18 Août.

1082 357 39 21 On
1142 365 32 15 ne
1194 359 137 28 comprend
1343 365 42 21 pas
1403 363 122 20 comment

1055 393 32 16 on
1100 390 59 25 peut
1170 390 137 22 entretenir
1318 390 24 21 le
1354 390 92 26 Public,
1461 391 61 22 ainsi

1054 417 74 27 qu’on
1148 419 23 21 le
1191 421 49 21 sait
1263 420 60 21 dans
1346 419 43 22 des
1413 422 112 21 Gazettes

1054 446 148 30 étrangères,
1224 450 60 27 qu’il
1303 455 18 22 y
1344 455 13 15 a
1380 457 87 16 encore
1493 458 30 15 un

1053 478 79 26 grand
1144 480 104 21 nombre
1261 480 29 21 de
1303 479 116 24 Rebelles
1431 482 59 21 dans
1502 482 23 21 la

1055 506 86 27 Corse,
1162 509 74 26 qu'on
1253 516 32 15 ne
1303 515 89 22 pourra
1407 518 44 20 pas
1470 517 56 16 sou-

1054 538 95 25 mettre,
1163 541 85 19 contre
1260 540 108 27 lesquels
1380 547 30 15 on
1420 544 38 18 est
1466 542 60 21 obli-

1054 565 30 27 gé
1095 566 30 21 de
1145 567 94 22 fusiller
1259 575 91 16 encore
1367 571 159 22 continuelle-

1054 599 75 24 ment,
1148 598 23 21 &
1189 599 40 27 qui
1250 606 17 20 y
1286 601 184 22 entretiennent
1490 603 35 20 les

1054 628 118 27 troubles,
1185 630 81 21 tandis
1278 636 48 21 que
1338 633 55 20 tout
1403 638 26 15 se
1446 631 79 23 réduit

1053 656 14 22 à
1077 658 105 22 environ
1194 662 27 18 60
1233 660 107 27 bandits,
1353 662 40 27 qui
1406 664 44 20 ont
1460 662 66 22 choi-

1054 688 21 21 si
1099 689 54 21 leur
1180 690 101 22 retraite
1308 692 148 22 au-dessous
1484 694 42 21 des

1054 717 146 30 Montagnes
1213 720 32 21 du
1257 720 73 23 Niolo
1342 723 60 21 dans
1413 724 22 20 la
1448 723 78 22 Partie

1055 748 29 21 de
1096 748 99 23 Galeria
1207 749 23 22 &
1241 751 31 21 de
1288 753 23 20 la
1325 752 120 22 Girolata.
1464 754 62 21 Mais

1055 778 34 22 M.
1101 780 24 21 le
1138 779 86 22 Comte
1236 781 30 21 de
1278 781 75 23 Vaux
1364 789 14 15 a
1395 789 42 22 sçu
1456 789 68 21 pren-

1054 809 42 21 dre
1117 810 37 21 les
1181 810 155 27 précautions
1363 814 163 22 convenables

1053 845 62 21 pour
1126 841 36 20 les
1174 840 107 23 détruire
1291 849 6 19 ;
1316 843 19 21 il
1347 849 13 15 a
1372 844 110 21 ordonné
1496 851 28 15 au

1055 869 178 23 Commandant
1244 872 30 21 de
1285 873 23 21 la
1318 873 106 28 Balagna
1436 875 30 21 de
1483 875 44 21 fai-

1053 905 25 15 re
1098 901 79 26 partir
1196 907 34 16 un
1251 902 178 23 Détachement
1449 905 30 21 de
1500 911 27 22 50

1055 930 159 23 Volontaires
1233 938 66 21 pour
1318 934 56 20 leur
1393 934 93 23 donner
1503 936 23 21 la

1054 960 92 27 chasse,
1153 963 161 22 commission
1325 964 59 21 dont
1391 970 14 15 a
1413 964 38 22 été
1460 965 66 22 char-

1052 989 31 29 gé
1096 990 34 22 M.
1141 991 30 22 de
1180 991 106 24 Bonfort
1298 994 102 21 Officier
1411 995 31 21 du
1454 995 73 28 Régi-

1052 1023 67 20 ment
1131 1022 30 21 de
1173 1022 142 29 Rouergue.
1329 1024 113 23 D’autres
1455 1025 72 22 Déta-

1053 1051 118 24 chemens
1200 1054 167 23 descendront
1391 1061 31 16 en
1447 1057 79 21 même

1052 1084 62 20 tems
1126 1084 60 21 dans
1197 1084 25 21 le
1233 1084 85 27 Niolo,
1337 1091 63 21 pour
1411 1087 115 22 extermi-

1052 1119 44 15 ner
1106 1116 66 19 cette
1183 1115 111 22 maudite
1313 1121 64 21 race,
1396 1117 42 26 qui
1459 1118 66 21 seule

1053 1146 106 20 commet
1169 1145 37 21 les
1219 1146 147 21 assassinats
1378 1146 58 27 qu’il
1447 1153 18 22 y
1475 1154 13 14 a
1496 1153 30 16 eu

1052 1174 30 21 de
1093 1176 64 20 tems
1169 1181 31 16 en
1213 1178 73 19 tems.
1299 1176 75 22 Deux
1385 1177 92 22 soldats
1494 1178 32 21 du

1052 1203 134 29 Régiment
1196 1205 31 21 de
1240 1206 150 28 Bourgogne
1405 1210 72 25 ayant
1488 1207 38 22 été

1052 1240 90 16 encore
1153 1235 134 22 assassinés
1299 1237 88 26 depuis
1399 1243 47 21 peu
1458 1241 68 18 entre

1053 1264 129 22 Calensani
1193 1265 23 21 &
1229 1265 81 26 Calvi,
1321 1266 35 22 M.
1366 1267 23 22 le
1399 1267 88 22 Comte
1495 1269 30 21 de

1053 1295 71 22 Vaux
1149 1302 14 15 a
1190 1296 113 22 ordonné
1329 1302 48 22 que
1401 1298 123 28 lorsqu’on

1051 1328 114 20 trouvera
1178 1326 134 23 désormais
1330 1333 34 16 un
1381 1329 78 21 soldat
1475 1329 48 27 tué,

1051 1358 23 20 le
1086 1357 97 28 Village
1195 1364 42 15 sur
1247 1359 25 21 le
1284 1358 136 23 Territoire
1437 1360 89 28 duquel

1050 1394 57 15 aura
1115 1387 40 23 été
1164 1388 104 22 commis
1279 1389 149 23 l’assassinat
1437 1396 88 23 payera

1051 1424 42 16 sur
1103 1419 24 21 le
1140 1419 86 27 champ
1239 1425 43 16 200
1293 1419 46 21 liv.
1362 1420 40 22 On
1422 1421 37 22 dit
1478 1427 46 21 que

1050 1455 42 16 ces
1103 1449 101 22 Bandits
1216 1451 103 20 veulent
1331 1456 26 15 se
1369 1457 95 22 venger
1481 1458 44 21 par

1051 1485 40 16 ces
1102 1480 146 22 assassinats
1260 1481 31 21 de
1302 1481 22 21 la
1337 1480 70 29 façon
1423 1487 46 22 que
1489 1482 36 21 fu-

1050 1513 54 20 rent
1114 1510 87 23 traités
1220 1513 37 20 les
1275 1511 91 22 Corses
1377 1512 13 22 à
1403 1513 120 26 Moncale,

1051 1541 31 22 où
1093 1541 34 22 M.
1141 1542 31 21 de
1185 1542 157 29 Charnassey
1358 1543 23 21 &
1399 1543 35 22 M.
1448 1544 30 21 de
1489 1543 34 22 St.

1050 1572 104 22 Laurent
1166 1572 142 29 Capitaines
1329 1573 60 22 dans
1409 1575 24 20 le
1453 1573 70 29 Régi-

1050 1605 68 19 ment
1129 1603 32 22 de
1172 1603 150 28 Bourgogne
1342 1610 29 15 se
1391 1604 135 28 distinguè-

1049 1635 55 20 rent
1123 1633 22 21 si
1165 1634 228 27 particulièrement
1412 1636 61 20 dans
1489 1636 35 21 les

1050 1663 164 23 Mammelons
1226 1664 60 28 qu’il
1301 1664 81 23 falloit
1392 1668 131 25 emporter,

1049 1700 63 21 pour
1123 1700 27 16 se
1161 1695 89 21 rendre
1263 1695 89 21 Maître
1364 1696 30 20 de
1407 1698 63 19 cette
1482 1696 43 21 Pa-

1048 1725 48 21 trie
1105 1731 6 19 ;
1125 1725 23 21 &
1159 1725 33 22 où
1203 1731 34 16 un
1249 1725 90 27 simple
1355 1725 170 23 détachement

1049 1756 30 20 de
1092 1761 26 23 50
1130 1755 115 22 hommes
1256 1761 49 16 aux
1315 1757 87 21 ordres
1411 1757 30 21 de
1450 1757 35 21 M.
1494 1758 30 21 de

1049 1785 156 30 Charnassey
1216 1786 60 22 défit
1290 1793 33 15 un
1340 1792 72 22 corps
1431 1787 94 22 d’envi-

1048 1822 45 16 ron
1102 1816 53 27 800,
1165 1823 28 15 ce
1203 1816 62 28 qu’il
1275 1817 78 22 falloit
1372 1817 61 22 faire
1443 1817 81 23 néces-

1049 1848 132 21 sairement
1191 1853 65 21 pour
1265 1847 116 29 protéger
1391 1849 24 21 la
1425 1849 99 22 retraite

1051 1879 32 21 du
1095 1877 133 29 Régiment
1239 1879 31 20 de
1281 1878 151 28 Bourgogne
1452 1879 22 21 &
1493 1885 30 16 en

1049 1915 88 16 sauver
1158 1910 37 20 les
1218 1908 104 27 blessés,
1347 1909 177 27 particularités

1049 1940 60 21 dont
1120 1939 35 21 M.
1170 1940 30 20 de
1213 1938 102 22 Géoffre
1326 1940 30 20 de
1370 1939 154 29 Chabrignac

1049 1969 262 22 Lieutenant-Colonel
1320 1970 31 20 de
1359 1975 27 16 ce
1393 1970 131 28 Régiment

1048 2006 14 15 a
1073 1999 78 21 rendu
1163 2001 106 25 compte.

1068 2057 81 18 Numéro
1157 2057 26 18 du
1191 2057 97 18 Vendredi
1296 2057 22 18 15
1328 2057 110 22 Septembre
1446 2057 51 19 1769.

1252 2091 26 18 De
1287 2091 18 17 la
1313 2091 52 22 Haye
1373 2091 18 18 le
1400 2090 23 19 30
1430 2092 57 17 Août.

1076 2130 51 21 Des
1139 2130 93 22 Lettres
1244 2131 31 20 de
1291 2129 125 23 Francfort
1430 2136 93 16 annon-

1049 2161 83 22 cèrent
1143 2161 18 21 il
1172 2166 18 23 y
1202 2167 13 14 a
1227 2161 119 27 quelques
1363 2161 69 27 jours
1451 2161 71 27 qu’on

1046 2197 19 23 y
1075 2191 70 22 avoit
1156 2197 34 15 vu
1200 2191 64 22 trois
1284 2197 32 16 ou
1337 2193 84 25 quatre
1441 2191 82 22 Etran-

1048 2228 55 21 gers
1115 2221 73 28 qu’on
1200 2222 99 28 croyoit
1312 2223 52 21 être
1379 2223 23 21 le
1418 2221 104 23 Général

1049 2253 67 21 Paoli
1137 2253 127 21 ci-devant
1284 2251 65 23 Chef
1367 2253 43 21 des
1422 2252 98 26 Corses,

1048 2285 24 20 le
1083 2283 88 22 Comte
1184 2283 104 26 Gentili,
1309 2282 92 23 l’Abbé
1413 2283 108 23 Servisio

1049 2313 22 22 &
1082 2320 32 15 un
1126 2316 77 20 autre.
1217 2314 42 22 On
1274 2314 71 21 vient
1362 2313 159 28 d’apprendre

1050 2344 72 28 qu’on
1134 2350 32 16 ne
1185 2344 57 22 s'est
1260 2345 72 27 point
1351 2344 95 28 trompé
1457 2344 12 22 à
1481 2345 40 22 l’é-

1049 2375 59 28 gard
1119 2375 31 22 de
1162 2381 40 16 ces
1215 2375 130 28 Etrangers
1357 2376 41 26 qui
1419 2378 56 19 sont
1486 2381 36 16 ar-

1049 2405 66 23 rivés
1127 2407 24 20 le
1168 2411 28 21 24
1214 2405 14 22 à
1243 2405 114 26 Utrecht,
1376 2405 57 23 d’où
1452 2406 69 27 après

1050 2437 70 22 avoir
1138 2443 34 16 vu
1191 2443 28 16 ce
1240 2437 61 27 qu’il
1310 2443 19 22 y
1340 2443 13 15 a
1366 2437 29 21 de
1407 2438 54 27 plus
1482 2443 40 16 cu-

1050 2468 71 22 rieux
1131 2468 59 21 dans
1202 2470 65 19 cette
1275 2467 75 25 Ville,
1361 2468 29 21 ils
1402 2470 57 20 sont
1470 2474 51 21 par-

1050 2499 32 22 tis
1093 2504 62 22 pour
1166 2499 165 21 Amsterdam.
1345 2497 22 22 Il
1385 2504 18 23 y
1422 2504 13 16 a
1455 2500 66 26 quel-

1051 2535 46 22 que
1123 2535 139 22 apparence
1287 2528 74 28 qu’on
1386 2530 36 20 les
1451 2535 70 16 verra

1050 2559 96 22 bientôt
1157 2560 40 25 ici,
1211 2559 53 22 s’ils
1275 2559 105 22 doivent
1390 2565 86 22 passer
1491 2566 28 15 en

1051 2591 155 27 Angleterre.

1572 121 81 18 Numéro
1661 121 26 17 du
1696 120 95 18 Vendredi
1800 120 22 18 15
1831 119 110 22 Septembre
1950 118 52 19 1769.

1730 153 27 18 De
1765 153 54 18 Paris
1828 153 18 18 le
1855 152 12 17 2
1875 152 117 23 Septembre.

1580 193 34 21 M.
1629 192 116 22 Chardon
1759 191 131 22 Intendant
1899 197 29 15 en
1938 191 85 24 Corse,

1551 223 83 22 arrivé
1653 223 32 22 ici
1707 222 89 28 depuis
1816 223 87 26 quatre
1920 222 77 27 jours,
2011 227 14 14 a

1551 253 45 22 fait
1612 260 32 15 un
1664 254 101 26 rapport
1782 252 49 22 très
1849 249 177 24 circonstancié

1551 283 30 21 de
1593 286 64 19 cette
1678 284 48 21 Isle
1736 289 6 19 ;
1765 282 22 22 &
1805 283 17 21 il
1835 282 80 27 paroît
1933 287 44 22 par
1998 287 27 15 ce

1551 313 59 27 qu’il
1622 320 31 15 en
1666 320 13 15 a
1691 314 44 25 dit,
1744 319 47 21 que
1803 313 20 21 si
1836 318 33 16 on
1879 312 102 22 exécute
1989 312 36 21 les

1552 343 92 27 projets
1656 344 31 21 de
1700 344 34 21 M.
1747 344 24 21 le
1784 343 53 21 Duc
1849 343 30 20 de
1897 342 127 25 Choiseul,

1550 373 48 21 elle
1610 374 137 21 deviendra
1759 380 32 15 un
1804 379 60 22 pays
1878 373 49 22 très
1946 372 79 22 fertile

1552 409 29 15 en
1594 403 141 23 différentes
1747 403 162 28 productions
1921 403 41 28 qui
1973 402 53 22 font

1551 434 80 26 partie
1654 435 44 21 des
1719 434 211 22 consommations
1949 434 31 20 de
1998 438 27 16 ce

1551 464 75 26 qu'on
1638 466 96 26 appelle
1746 465 24 21 le
1781 464 108 28 premier
1903 464 123 22 nécessai-

1551 499 36 16 re.
1601 494 40 22 On
1653 501 18 21 y
1681 501 90 21 pourra
1783 496 80 21 même
1874 496 102 20 trouver
1985 493 40 22 l’a-

1552 526 113 26 vantage,
1687 525 20 21 si
1731 526 24 20 le
1779 525 205 22 Gouvernement
2002 525 23 20 le

1549 554 59 28 juge
1619 554 14 22 à
1645 561 100 21 propos,
1762 556 30 20 de
1803 555 63 22 faire
1877 561 48 15 une
1945 555 81 21 excel-

1550 585 66 21 lente
1628 585 72 21 Place
1709 586 133 25 maritime,
1852 591 45 22 par
1904 586 23 21 la
1934 584 91 23 facilité

1552 615 42 28 d’y
1604 616 73 22 avoir
1688 622 32 15 un
1728 616 112 22 très-bon
1850 616 60 22 Port
1918 617 29 21 de
1957 616 54 21 Mer
2018 621 5 15 :

1552 646 71 21 Ainsi
1637 652 32 16 on
1681 648 59 25 peut
1752 647 53 21 dire
1816 653 48 21 que
1873 648 23 20 la
1908 647 117 27 conquête

1552 676 30 21 de
1602 678 62 20 cette
1685 676 48 22 Isle
1755 677 134 22 deviendra
1912 684 47 14 une
1983 677 42 22 des

1552 707 55 26 plus
1618 707 164 27 importantes
1794 713 47 22 que
1853 708 24 21 la
1889 707 91 22 France
1993 707 33 21 ait

1552 736 45 22 fait
1608 738 88 26 depuis
1708 744 32 15 un
1753 738 83 22 siècle.

1592 794 82 19 Numéro
1682 796 26 16 du
1715 795 62 18 Mardi
1785 795 22 18 19
1815 795 111 23 Septembre
1934 795 52 18 1769.

1712 829 27 17 De
1748 828 61 18 Gènes
1817 829 19 18 le
1844 828 11 18 9
1865 828 116 22 Septembre.

1581 866 40 22 On
1633 867 70 21 vient
1715 867 165 27 d'apprendre
1888 874 44 20 par
1939 873 32 16 un
1980 867 45 22 Na-

1552 896 55 22 vire
1627 896 83 22 arrivé
1730 898 32 21 de
1780 898 23 21 la
1823 898 90 25 Bastia,
1937 903 47 22 que
2002 898 23 21 le

1554 926 127 28 Capitaine
1693 927 93 22 Pelone
1798 928 80 22 Corse
1888 934 60 15 avec
1959 929 67 26 quel-

1553 964 117 21 ques-uns
1682 958 31 21 de
1725 964 41 16 ses
1777 964 60 22 gens
1849 959 38 28 s’y
1897 958 68 22 étant
1973 965 54 15 ren-

1553 989 32 21 du
1604 989 30 21 de
1654 988 124 22 Livourne
1801 989 68 22 avoit
1892 988 78 23 formé
1994 996 31 15 un

1553 1020 107 27 complot
1673 1022 85 20 contre
1773 1021 42 21 des
1828 1019 115 22 Officiers
1955 1019 71 22 Fran-

1552 1050 62 28 çois,
1635 1051 62 21 mais
1717 1050 62 28 qu’il
1798 1051 68 22 avoit
1886 1049 38 23 été
1947 1050 79 22 arrêté

1552 1086 61 16 avec
1623 1087 40 16 ses
1677 1081 148 27 Complices.
1836 1081 42 22 On
1887 1081 81 27 ajoute
1979 1087 46 22 que

1553 1111 35 21 M.
1596 1112 23 21 le
1632 1111 88 22 Comte
1731 1112 32 20 de
1775 1111 72 22 Vaux
1859 1117 14 16 a
1884 1117 56 22 reçu
1953 1112 73 21 ordre

1552 1142 30 21 de
1590 1143 22 20 la
1619 1141 68 22 Cour
1698 1142 31 21 de
1740 1141 62 22 faire
1813 1141 116 22 exécuter
1935 1142 23 21 la
1968 1141 57 22 Sen-

1551 1175 71 19 tence
1635 1172 93 21 rendue
1740 1174 84 19 contre
1840 1172 83 21 divers
1944 1173 82 21 crimi-

1551 1203 54 21 nels
1624 1208 48 21 que
1691 1203 36 20 les
1749 1202 115 27 François
1884 1204 43 19 ont
1947 1201 78 24 arrêté

1551 1233 60 21 dans
1630 1232 74 25 l’Isle,
1725 1231 23 22 &
1768 1232 31 21 de
1810 1232 61 21 faire
1891 1233 134 26 suspendre

1550 1263 219 27 l’embarquement
1776 1263 30 21 du
1814 1262 131 28 Régiment
1950 1263 76 21 d’An-

1551 1293 53 23 halt
1613 1293 40 27 qui
1666 1293 86 21 devoit
1764 1298 84 22 passer
1856 1299 31 15 en
1897 1293 99 22 France.

1589 1352 83 19 Numéro
1680 1353 25 17 du
1714 1352 59 18 Mardi
1782 1351 22 19 19
1812 1351 110 24 Septembre
1930 1352 53 19 1769.

1748 1386 27 17 De
1783 1385 74 18 Vienne
1866 1386 19 18 le
1892 1385 23 18 25
1923 1386 56 18 Août.

1579 1426 34 21 M.
1622 1427 25 20 le
1656 1425 112 27 Marquis
1778 1425 147 22 deNoailles
1936 1425 89 22 Minis-

1550 1458 38 20 tre
1597 1455 216 28 Plénipotentiaire
1822 1456 31 21 de
1860 1455 25 22 S.
1893 1456 34 20 M.
1936 1455 87 28 auprès

1551 1488 44 20 des
1611 1487 66 21 Etats
1697 1486 32 21 du
1752 1486 87 21 Cercle
1851 1486 31 21 de
1902 1487 22 20 la
1940 1486 84 22 Basse-

1551 1517 63 22 Saxe
1626 1523 14 15 a
1651 1516 124 28 présenté,
1789 1517 23 21 le
1825 1523 13 21 7
1852 1517 33 20 du
1896 1517 63 21 mois
1971 1517 54 22 der-

1550 1549 56 21 nier
1615 1554 30 15 au
1657 1547 73 22 Sénat
1741 1547 31 21 de
1785 1546 176 29 Hambourg,le
1973 1547 52 22 Mé-

1551 1580 79 21 moire
1647 1578 99 22 suivant
1758 1584 31 15 en
1800 1578 80 21 forme
1891 1578 31 21 de
1933 1577 89 23 Lettre.

1606 1628 149 26 Messieurs,

1573 1671 55 28 J’ai
1638 1677 61 22 reçu
1713 1671 35 21 du
1759 1670 59 26 Roi,
1838 1676 60 16 mon
1917 1669 105 28 Maître,

1551 1702 27 21 la
1589 1701 171 22 Dêclciration
1767 1701 118 22 suivante
1893 1700 24 22 &
1928 1700 96 23 Vordre

1552 1733 29 21 de
1592 1738 64 16 vous
1669 1731 146 22 Vadresser.

1577 1764 32 21 Le
1624 1763 53 22 Roi
1693 1764 80 26 ayant
1788 1762 101 25 conclu,
1908 1762 22 22 le
1948 1769 27 22 /5
1988 1763 35 22 du

1550 1795 66 21 mois
1628 1794 30 21 de
1670 1793 57 22 Mai
1738 1793 64 28 1^68,
1824 1799 62 16 avec
1905 1793 25 22 la
1952 1793 72 22 Sérè-

1549 1825 105 21 nissime
1668 1823 161 29 République
1841 1824 31 21 de
1885 1823 91 27 Gènes,
1988 1830 36 15 un

1553 1855 94 25 Traité,
1654 1856 53 27 par
1718 1853 85 29 lequel
1813 1854 82 22 ladite
1902 1854 123 29 Républi-

1550 1892 49 22 que
1610 1886 91 29 dépose
1713 1886 73 20 entre
1797 1884 37 22 les
1845 1891 85 16 mains
1947 1885 30 22 de
1990 1885 34 22 Sa

1548 1916 119 28 Majesté,
1690 1916 107 21 suivant
1819 1915 36 22 les
1875 1916 149 22 conditions

1548 1947 102 28 portées
1661 1946 76 22 audit
1749 1946 86 25 traité,
1849 1946 28 21 la
1889 1946 135 22 Souverai-

1549 1978 57 21 neté
1613 1977 88 28 pleine
1713 1976 23 21 &
1748 1976 96 22 entière
1856 1977 31 20 de
1907 1976 69 22 l’Isle
1995 1978 29 21 de

1550 2008 87 25 Corse,
1657 2007 36 22 Sa
1713 2006 119 28 Majesté,
1854 2007 76 27 après
1951 2008 74 21 avoir

1543 2039 60 28 fait
1611 2039 84 20 sortir
1707 2037 29 21 de
1749 2036 80 22 ladite
1837 2037 52 21 Isle
1897 2043 62 16 ceux
1968 2039 54 27 qui,

1548 2068 202 29 précédemment
1758 2067 107 22 rebelles
1877 2067 15 22 à
1904 2067 27 22 la
1941 2067 82 29 Répu-

1549 2100 95 27 blique,
1657 2100 46 20 ont
1711 2099 113 27 persisté
1834 2099 65 21 dans
1910 2098 57 22 leur
1978 2099 46 21 Ré-

1549 2129 98 23 bellion
1658 2130 94 27 depuis
1764 2128 103 23 l’entrée
1884 2129 42 22 des
1945 2128 79 23 Trou-

1545 2163 48 25 pes
1606 2160 155 28 Françoises
1779 2167 30 15 en
1822 2160 87 26 Corse,
1931 2166 16 15 a.
1961 2167 61 21 reçu

1549 2191 27 22 la
1586 2191 156 22 soumission
1765 2190 23 22 &
1814 2190 22 23 le
1858 2193 112 20 serment
1993 2191 30 22 de

1546 2228 41 16 ses
1598 2227 132 17 nouveaux
1742 2221 95 28 Sujets,
1851 2228 17 15 a
1875 2221 56 29 fait
1945 2224 78 25 pren-

1548 2254 47 21 dre
1611 2253 157 27 possession,
1786 2259 30 15 en
1835 2258 49 16 son
1902 2259 68 19 nom,
1994 2253 29 21 de

1548 2284 82 22 ladite
1642 2283 59 26 Isle,
1711 2283 23 21 &
1745 2283 35 22 Va
1791 2283 92 22 réunie
1892 2283 16 21 à
1916 2289 30 16 sa
1956 2283 66 22 Cou-

1547 2321 92 16 ronne.

1575 2346 35 22 Sa
1627 2345 120 28 Majesté,
1768 2346 135 27 comptant
1920 2351 48 16 sur
1987 2344 36 23 les

1545 2377 140 21 sentimens
1694 2375 199 22 d’attachement
1902 2376 33 21 du
1945 2375 78 22 Sénat

1548 2408 31 21 de
1590 2407 152 27 Hambourg,
1761 2406 43 22 n’a
1812 2408 51 26 pas
1875 2412 47 15 cru
1933 2406 90 22 devoir

1547 2438 107 27 différer
1664 2438 31 21 de
1707 2437 42 22 lui
1762 2437 75 28 faire
1853 2438 65 27 part
1934 2437 31 21 de
1985 2439 38 20 cet

1546 2468 153 25 évènement,
1713 2467 23 22 &
1749 2468 30 21 de
1792 2467 21 22 le
1832 2467 123 28 prévenir
1974 2473 47 22 que

1548 2499 37 22 les
1595 2499 78 22 Ports
1685 2498 29 21 de
1727 2497 70 23 l’Isle
1808 2498 31 21 de
1851 2497 87 27 Corse,
1951 2499 72 20 ainsi

1547 2536 49 21 que
1616 2529 37 22 les
1672 2528 133 23 Habitans
1826 2529 29 21 de
1877 2528 80 22 ladite
1968 2528 52 22 Isle

1546 2562 90 20 seront
1643 2560 145 28 gouvernés
1801 2560 143 21 désormais
1955 2565 66 16 com-

1545 2596 39 15 me
1597 2596 64 16 ceux
1674 2590 30 21 de
1716 2590 101 26 France,
1831 2596 31 15 en
1875 2590 81 28 égard
1967 2589 15 22 à
1994 2590 26 21 la

2051 110 86 22 Police
2148 109 116 22 vis-à-vis
2276 109 43 21 des
2336 107 152 27 Etrangers,
2502 106 23 21 &

2052 147 47 22 que
2112 141 21 22 le
2146 141 114 28 premier
2272 140 77 21 ordre
2361 139 32 22 de
2411 138 34 22 Sa
2457 137 65 27 Maj.

2051 175 36 19 est
2099 172 23 21 &
2132 178 60 15 sera
2204 172 123 28 toujours
2339 176 48 21 que
2408 168 69 23 VIsle
2495 167 31 21 de

2052 203 77 22 Corse
2146 203 89 28 puisse
2254 201 153 23 contribuer
2428 199 15 22 à
2464 204 60 22 aug-

2051 235 99 20 menter
2166 233 108 22 l'Union
2294 232 23 21 &
2329 230 114 23 l'Utilité
2462 228 63 23 réci-

2048 265 101 27 proque
2160 265 72 20 entre
2244 263 26 22 la
2282 263 91 21 France
2382 261 24 21 &
2417 260 26 22 la
2459 258 67 23 Ville

2053 294 29 21 de
2093 295 148 28 Hambourg.

2079 325 108 28 D'après
2212 326 63 21 cette
2300 322 170 24 Déclaration
2501 320 23 21 &

2053 354 165 29 l'expression
2228 356 42 21 des
2278 354 138 23 sentimens
2423 353 34 21 du
2465 352 59 25 Roi,

2052 386 35 22 Sa
2097 386 110 28 Majesté
2227 387 38 21 est
2281 384 146 29 persuadée
2444 389 47 22 que
2502 382 25 21 si

2052 418 50 24 par
2110 417 96 21 hasard
2215 416 21 22 il
2244 416 105 22 existoit
2357 420 93 16 encore
2457 412 68 30 quel-

2052 452 61 22 ques
2123 447 133 22 Bâtimens
2268 448 46 27 qui
2328 446 155 28 portassent
2502 444 24 21 le

2050 477 122 23 Pavillon
2187 478 86 26 Corse,
2285 478 23 21 le
2319 477 80 22 Sénat
2412 476 29 22 de
2451 476 75 21 Ham-

2051 508 79 28 bourg
2142 508 36 22 les
2189 508 141 28 regardera
2346 513 97 16 comme
2463 506 63 22 For-

2053 538 72 26 bans,
2147 539 116 21 donnera
2284 539 43 21 des
2346 538 93 21 ordres
2458 538 68 26 pour

2053 568 75 28 qu'ils
2138 570 84 21 soient
2234 569 92 22 traités
2333 574 30 16 en
2373 567 153 28 conséquen-

2052 605 35 19 ce,
2109 598 23 22 &
2142 606 49 16 sur
2209 601 66 25 tout,
2298 606 32 15 vu
2351 598 109 23 Vamitié
2481 597 45 29 qui

2051 629 111 24 subsiste
2174 633 70 20 entre
2257 631 26 22 la
2295 630 91 23 France
2398 631 25 21 et
2435 629 26 22 la
2473 628 53 22 Vil-

2053 660 22 21 le
2087 660 30 22 de
2128 661 153 29 Hambourg,
2294 667 31 16 ne
2334 661 124 27 souffrira
2474 662 51 26 pas

2053 690 76 29 qu'ils
2143 694 120 26 puissent
2281 699 26 15 se
2327 692 119 28 réfugier
2462 692 64 21 dans

2053 721 36 22 les
2099 722 78 22 Ports
2189 723 29 21 de
2238 729 30 16 sa
2287 723 180 25 Domination,
2489 722 37 21 les

2052 751 92 28 égards
2155 759 99 16 connus
2267 759 47 22 que
2323 753 37 22 les
2369 753 157 22 Souverains

2051 788 27 15 se
2090 783 104 23 doivent
2204 783 24 22 &
2239 784 23 21 le
2282 785 80 21 Droit
2383 784 43 22 des
2448 784 76 25 Gens,

2053 819 31 15 ne
2092 815 158 25 permettant
2257 817 52 25 pas
2320 821 49 21 que
2387 814 52 22 l’on
2451 815 76 26 favo-

2052 844 53 21 rise
2111 843 38 22 les
2158 845 85 27 Sujets
2250 845 115 22 Rebelles
2374 845 76 21 d'une
2458 845 67 22 Cou-

2052 879 82 16 ronne
2145 875 83 22 Amie.
2243 875 68 22 Telle
2322 877 46 25 est,
2382 875 142 26 Messieurs,

2053 903 26 22 la
2090 904 168 23 Déclaration
2271 906 30 21 de
2313 906 34 22 Sa
2358 906 119 27 Majesté.

2074 935 32 28 Je
2114 936 150 22 craindrois
2272 936 142 28 d’affaiblir
2419 937 37 22 les
2462 943 63 16 nou-

2052 965 78 21 velles
2149 968 110 26 preuves
2282 973 48 21 que
2354 967 35 22 Sa
2415 967 110 28 Majesté

2052 1001 65 16 vous
2127 1002 15 17 y
2155 997 83 22 donne
2250 997 30 21 de
2296 1003 31 16 sa
2343 998 137 28 confiance,
2502 999 25 20 si

2047 1026 39 26 j’y
2103 1027 116 25 ajoutois
2231 1029 75 20 autre
2315 1028 75 22 chose
2402 1035 49 21 que
2468 1029 58 21 l'as-

2051 1062 109 16 surance
2161 1057 171 28 particulière
2338 1059 44 21 des
2387 1060 138 21 sentimens

2052 1088 213 28 distingués,avec
2274 1088 109 29 lesquels
2384 1090 54 27 j’ai
2446 1091 79 22 l'hon-

2052 1124 65 16 neur
2128 1118 86 27 d'être,
2229 1120 144 26 Messieurs,
2394 1123 73 20 votre
2478 1121 46 22 &c.

2065 1156 91 30 (Signé)
2165 1158 33 21 Le
2209 1158 121 29 Marquis
2342 1160 31 21 de
2384 1160 126 23 Noailles.

2089 1213 82 18 Numéro
2180 1214 26 17 du
2213 1214 60 18 Mardi
2282 1215 22 17 19
2312 1215 112 22 Septembre
2432 1216 51 19 17G9.

2123 1246 27 18 De
2157 1246 52 19 l’isle
2217 1247 23 18 de
2248 1247 58 19 Corse
2314 1249 19 18 le
2340 1248 12 18 8
2360 1249 118 22 Septembre.

2079 1279 41 22 On
2138 1279 95 24 célébra
2250 1282 24 21 le
2287 1282 59 27 jour
2357 1283 31 21 de
2400 1283 36 22 St.
2451 1284 73 22 Louis

2050 1309 14 22 à
2076 1309 110 28 Ornano,
2197 1311 123 23 Chef-lieu
2332 1314 30 21 de
2374 1314 21 21 la
2407 1314 78 23 Pieve
2494 1315 30 22 de

2051 1347 28 16 ce
2089 1347 60 17 nom
2160 1343 60 21 dans
2231 1344 22 21 la
2265 1344 78 27 partie
2354 1344 136 29 d’Ajaccio,
2500 1347 24 21 la

2050 1371 51 23 fête
2120 1373 32 21 du
2173 1373 48 23 Roi
2232 1376 67 20 aussi
2311 1376 215 22 solemnellement

2050 1403 59 27 qu’il
2127 1403 63 23 étoit
2208 1406 111 26 possible
2339 1406 62 22 dans
2422 1407 101 28 l’Eglise

2050 1435 44 21 des
2104 1434 126 23 Recolets.
2243 1436 50 21 Elle
2305 1436 36 23 fut
2349 1437 103 22 décorée
2464 1444 61 15 avec

2050 1471 48 15 une
2116 1466 76 21 noble
2212 1467 141 27 simplicité,
2370 1470 156 26 proportion-

2049 1495 100 23 nément
2160 1502 30 16 au
2200 1497 63 22 local
2274 1497 23 22 &
2311 1497 13 23 à
2343 1499 69 22 l’état
2431 1500 30 21 de
2481 1506 41 16 ces

2050 1526 135 29 Religieux
2195 1533 5 20 ;
2213 1528 23 21 &
2247 1528 124 23 d’ailleurs
2391 1531 24 21 le
2436 1530 88 22 Maître

2050 1558 75 22 Autel
2135 1559 120 21 construit
2266 1565 31 16 en
2309 1561 97 21 marbre
2414 1561 110 22 méritoit

2049 1588 139 23 l’attention
2209 1589 42 22 des
2278 1591 177 23 connoisseurs
2479 1598 45 21 par

2049 1620 55 21 leur
2113 1619 88 22 beauté
2212 1620 23 21 &
2245 1621 24 20 la
2281 1620 146 24 délicatesse
2438 1623 32 21 du
2482 1622 41 22 Ci-

2049 1656 60 16 zeau
2119 1651 42 27 qui
2172 1651 37 21 les
2218 1657 14 15 a
2243 1650 137 30 employés'

2207 1694 11 27 (
2221 1694 146 29 Cuntinua)

2071 2053 23 4 —
2102 2043 35 19 Chi
2144 2048 25 14 ne
2177 2044 48 22 dite;
2242 2045 77 17 serianu
2326 2045 66 21 pronti
2399 2046 18 17 a5
2425 2046 98 18 demissio-

2048 2074 26 12 ne
2080 2069 21 17 in
2109 2073 69 17 massa,
2191 2069 6 18 i
2206 2070 60 17 nostri
2274 2070 152 22 rapprisinlanti,
2437 2071 19 18 si
2463 2076 13 13 u
2485 2071 38 19 Gu-

2048 2098 61 14 vernu
2114 2095 145 18 unn’accettassi
2267 2099 11 14 e
2285 2096 92 22 lagnanze
2385 2097 67 18 nostre
2459 2097 63 18 ch’elli

2048 2119 16 18 li
2071 2120 113 22 presentanu
2189 2119 10 18 ?

2071 2154 23 4 —
2106 2144 73 19 Umbeh
2187 2145 5 18 !
2201 2145 46 19 Cose
2262 2151 26 13 un
2301 2151 48 17 pocu
2356 2148 90 17 crude....
2455 2148 66 18 d’andà

2048 2169 49 18 sin’a
2105 2170 50 18 custi
2160 2169 29 20 !...

2075 2246 22 28 È
2110 2253 112 22 isciutu:

2134 2301 30 24 U
2182 2302 46 24 Rè
2246 2302 34 24 di
2298 2302 139 26 Corsica

2166 2351 88 22 Puema
2269 2353 133 27 allegoricu

2271 2386 25 21 di

2129 2418 113 22 Martinu
2255 2419 181 27 Appinzapalu

2075 2464 10 18 1
2096 2465 80 18 librettu
2187 2466 19 18 di
2217 2465 23 19 48
2251 2467 76 22 pagine.
2351 2479 7 6 .
2382 2481 6 5 .
2413 2481 6 5 .
2442 2467 50 20 2.50

2046 2549 99 22 Aiacciu
2154 2562 29 4 —
2195 2550 134 29 Stamparia
2342 2552 25 22 di
2381 2553 23 21 A
2416 2553 103 27 Muvra,

2047 2595 15 15 u
2074 2588 243 25 Diretlore-Gerente:
2325 2591 73 22 Pelru
2408 2591 111 23 ROCCA.

50 2703 105 23 Fuglittinu
162 2705 21 18 di
189 2704 186 19 AJVLuvra—a.128
382 2714 15 4 -
404 2705 20 17 di
430 2710 12 13 u
448 2704 74 19 23-6-29

75 2769 245 54 PÂSÛUÂtE
353 2768 143 49 PAOLI

254 2846 66 19 OSSIA

97 2888 37 35 Ln
151 2891 77 37 Rotta
245 2892 32 35 di
290 2892 176 35 Pontenuovd

56 2948 271 29 RACONTOCORSO
333 2951 186 25 DELSECOLO

241 2993 84 23 XVIII

273 3037 24 18 DI

143 3073 33 25 F.
191 3075 35 23 B.
244 3074 175 25 Guerrazzi

76 3142 54 23 Non
142 3145 48 22 fate
202 3147 69 26 getto
284 3145 25 21 di
329 3147 63 20 tutte
410 3145 24 20 le
453 3143 68 22 virtù

49 3175 161 25 cheonorano
223 3179 8 20 i
244 3179 84 26 popoli
339 3194 5 9 ,
362 3177 90 28 poichè
466 3177 55 21 but-

47 3209 61 23 taste
121 3211 64 23 fuori
206 3212 24 21 di
246 3211 99 22 fmestra
360 3212 23 20 la
399 3210 121 28 giustizia,

47 3247 49 18 non
108 3245 23 20 le
141 3245 112 21 mandate
266 3244 80 21 dietro
359 3244 18 21 il
388 3243 133 28 giudizio,e

47 3280 26 17 se
87 3277 31 21 ad
131 3277 59 27 ogni
205 3277 75 21 modo
294 3277 27 20 vi
334 3276 75 27 garba
423 3276 99 25 vitupe-

46 3314 60 21 rare,
115 3311 100 26 pensate
223 3310 80 25 prima
313 3308 38 21 chi
360 3307 83 22 meriti
454 3313 67 21 mag-

47 3342 69 26 giore
130 3343 106 22 biasimo
253 3342 36 22 fra
304 3341 79 29 questi
399 3341 55 26 due,
474 3345 14 17 0
502 3340 20 22 il

47 3378 98 22 potente
158 3377 45 21 che
214 3376 103 22 intende
328 3376 160 21 commettere
498 3374 24 21 la

47 3407 146 30 ingiustizia,
213 3415 16 16 o
245 3409 18 22 il
278 3409 90 22 debole
387 3408 45 22 che
445 3409 76 21 mette

46 3441 45 23 allô
103 3442 123 27 sbaraglio
242 3443 70 21 averi
323 3449 13 15 e
349 3443 51 21 vite
414 3447 44 21 per
470 3447 50 16 non

48 3476 94 23 patirla.

75 3508 20 22 Il
106 3509 119 22 Francese
237 3508 103 22 abbassô
349 3509 23 20 la
380 3508 62 22 coda
449 3513 71 16 corne

47 3538 18 22 il
76 3547 59 16 cane
150 3542 18 22 il
180 3541 70 28 quale
261 3540 73 22 abbia
348 3541 138 28 assaggiato
496 3541 24 21 la

47 3577 83 24 mazza,
143 3581 39 16 ma
195 3579 44 23 per
249 3578 73 23 poco;
336 3579 14 15 e
361 3579 72 16 corne
441 3574 23 20 la
476 3579 44 16 sua

45 3608 85 22 natura
149 3609 168 28 comportava,
336 3606 54 21 indi
409 3612 14 15 a
443 3606 76 21 breve

550 2710 130 23 comparve
689 2704 45 28 più
742 2703 145 23 baldanzoso
897 2703 23 21 di
931 2703 89 27 prima;

549 2739 64 22 onde
633 2739 67 21 nello
720 2737 120 22 scendere
860 2737 40 21 dal
919 2736 102 21 castello

548 2772 97 22 avendo
665 2772 91 21 veduto
781 2776 31 16 un
833 2770 144 28 capannello
995 2769 25 21 di

547 2808 75 26 gente
634 2806 78 21 intesa
725 2805 31 21 ad
767 2804 118 22 ascoltare
900 2809 32 16 un
946 2807 74 17 uomo

548 2839 45 22 che
601 2840 57 21 ritto
671 2840 38 21 sul
717 2838 161 22 muricciuolo
891 2837 63 21 delle
966 2841 55 16 case

548 2872 94 22 Gaffori
652 2872 122 21 favellava
784 2868 236 30 accompagnandosi

548 2912 47 16 con
606 2906 63 28 gesti
683 2904 163 26 accesissimi,'
861 2904 66 21 voile
939 2902 82 22 anch’-

548 2940 49 27 egli
625 2939 129 22 accostarsi
787 2936 181 23 mescolandosi
995 2936 24 21 ai

549 2973 81 22 Côrsi.
649 2972 95 22 Invano
758 2977 31 16 ne
802 2972 25 20 lo
843 2970 145 22 dissuadeva
1000 2969 20 21 il

549 3007 66 22 Paoli
631 3012 13 15 e
655 3007 67 20 certo
736 3005 13 21 è
760 3005 30 21 da
804 3003 107 22 credersi
927 3003 53 26 che,
992 3008 28 15 se

547 3040 136 23 fosse-stata
695 3039 41 21 nei
747 3037 71 23 Côrsi
829 3037 97 22 minore
939 3042 14 16 0
963 3035 57 22 l’os-

547 3080 114 16 servanza
671 3073 65 21 délia
748 3070 131 29 ospitalità,
890 3076 15 16 o
917 3071 24 21 la
951 3075 70 16 reve-

547 3113 70 16 renza
629 3107 40 27 pel
679 3105 124 29 generale,
814 3105 95 21 cotesto
921 3108 41 16 era
971 3103 49 21 mal

547 3141 89 28 giorno
647 3140 40 28 pel
700 3138 123 23 coionello
841 3136 176 23 Valcroissant.

548 3175 114 22 Pertanto
674 3174 30 20 da
716 3177 94 17 veruno
819 3170 78 23 offeso
907 3176 13 15 e
930 3169 30 22 nè
969 3175 51 16 me-

548 3213 32 17 no
593 3207 157 28 proverbiato
757 3205 59 27 potè
823 3204 89 22 mirare
921 3209 32 16 un
965 3203 55 28 gio-

548 3241 58 21 vine
630 3240 23 21 di
677 3239 136 21 sembianza
833 3237 143 28 gentilesca,
993 3235 25 22 di

548 3274 93 21 vestire
652 3273 74 20 eletto
740 3271 44 22 che
794 3275 75 17 orava
886 3270 47 21 aile
947 3269 71 21 turbe

549 3306 25 21 in
587 3306 84 26 questa
684 3305 124 20 sentenza.

575 3345 15 14 «
599 3337 10 23 I
631 3336 84 29 popoli
737 3335 86 22 cultori
844 3334 64 22 délia
930 3332 88 23 liberté

547 3377 73 17 avéré
632 3370 98 22 sofferto
743 3371 79 20 strane
839 3366 177 26 vicissitudini,

548 3407 23 21 le
582 3404 64 29 quali
657 3402 61 28 però
731 3403 97 21 valsero
841 3408 14 15 a
865 3400 106 22 renderli
983 3399 35 21 fa-

548 3439 63 22 mosi
632 3438 61 21 nella
715 3436 85 22 storia.
823 3436 47 20 Per
880 3434 108 27 isgarare
998 3433 19 20 il

546 3474 86 26 punto,
642 3472 64 20 tutte
715 3470 24 21 le
750 3469 67 21 virtù
827 3469 90 23 buone,
937 3472 39 16 ma
993 3466 24 20 la

546 3504 134 29 pertinacia
691 3501 160 29 suprema.Se
863 3506 13 16 a
887 3499 130 28 consegui-

546 3545 27 16 re
584 3540 23 20 la
619 3536 89 24 liberté
718 3536 108 21 bastasse
845 3535 19 21 il
882 3532 132 24 desiderio,

546 3573 57 28 quai
620 3572 72 27 gente
711 3569 205 22 incontreremmo
927 3565 88 22 adesso

545 3610 72 16 serva
629 3604 40 22 nel
678 3602 93 22 mondo
780 3602 12 22 ?
804 3600 63 23 Però
878 3605 28 17 se
918 3604 32 16 un
961 3600 55 20 tan-

1048 2704 25 19 to
1083 2701 110 28 acquisto
1206 2703 108 20 costasse
1333 2701 51 23 così
1396 2707 60 22 poca
1466 2701 55 22 fati-

1048 2741 30 22 ga
1089 2741 50 17 non
1151 2735 134 22 sarebbero
1297 2735 117 28 giudicati
1426 2734 52 28 pari
1489 2735 31 21 ai-

1048 2769 22 21 le
1081 2768 106 22 divinité
1194 2769 36 27 gli
1242 2769 98 21 uomini
1352 2768 44 22 che
1407 2769 22 20 la
1441 2768 78 26 patria

1047 2802 53 21 loro
1111 2802 151 21 condussero
1273 2807 15 16 o
1301 2802 159 21 restituirono
1469 2807 14 15 a
1490 2801 30 21 li-

1047 2834 76 22 berté.
1131 2834 223 28 Sciaguratamente
1365 2835 22 21 la
1395 2834 125 27 esperien-

1046 2874 26 15 za
1083 2868 146 22 dimostrare
1241 2873 71 17 corne
1323 2869 34 28 gli
1370 2867 59 22 Stati
1446 2867 70 22 liberi

1047 2907 104 16 movano
1164 2901 25 22 in
1199 2901 72 22 altrui
1283 2907 52 16 non
1346 2901 172 22 ammirazione

1047 2936 60 25 sola,
1119 2934 73 23 bensì
1203 2940 89 17 ancora
1304 2935 95 22 invidia
1411 2934 30 21 ed
1451 2934 65 26 odio,

1047 2970 62 20 onde
1128 2974 26 16 se
1167 2974 46 16 una
1224 2970 70 26 parte
1305 2969 25 21 di
1343 2968 95 26 Europa
1455 2967 62 22 affila

1047 3002 18 21 il
1083 3002 102 22 coltello
1205 3007 46 21 per
1269 3002 95 27 segarci
1381 3001 24 21 le
1419 3006 71 19 vene,
1502 3006 14 16 e

1045 3035 77 22 l’altra
1132 3037 95 20 mostra
1238 3035 93 22 volersi
1342 3036 64 20 stare
1421 3034 96 27 neghit-

1045 3070 54 21 tosa
1110 3075 13 14 a
1141 3068 92 21 vedere
1252 3068 23 21 la
1295 3070 90 26 strage,
1406 3067 41 21 voi
1466 3072 49 17 non

1046 3102 115 21 anderete
1172 3101 96 22 lontani
1279 3102 40 21 dal
1332 3105 59 18 vero
1411 3105 27 16 se
1457 3106 59 21 pen-

1047 3137 51 20 sate
1114 3134 119 22 ch'elleno
1255 3135 110 21 facciano
1383 3134 62 20 tutte
1464 3132 51 23 cosi

1046 3174 44 22 per
1099 3169 91 21 levarsi
1211 3168 100 22 davanti
1324 3167 35 28 gli
1379 3165 70 22 occhi
1468 3172 46 16 una

1046 3202 110 25 nazione,
1177 3202 45 21 che
1238 3201 99 22 avendo
1348 3200 19 21 il
1383 3204 73 17 cuore
1473 3199 42 28 più

1046 3236 91 27 grande
1155 3235 65 22 délia
1239 3234 98 23 fortuha
1355 3233 66 21 sotto
1433 3233 80 21 ruvidi

1046 3269 73 26 panni
1139 3267 117 22 rinfaccia
1275 3269 24 20 al
1314 3265 94 24 mondo
1430 3266 24 21 la
1471 3271 43 16 sua

1045 3300 68 22 viltà.
1127 3300 73 22 Prodi
1213 3301 94 21 uomini
1318 3300 6 20 !
1337 3298 87 22 adesso
1436 3298 77 22 siamo

1045 3333 78 28 giunti
1131 3333 47 22 aile
1190 3335 85 20 strette
1285 3333 107 22 davvero
1403 3338 6 19 ;
1421 3336 42 17 ora
1472 3337 42 16 ve-

1045 3366 85 22 dremo
1141 3366 26 22 di
1179 3366 45 22 che
1236 3364 90 30 qualité
1338 3363 95 23 fossero
1443 3365 8 21 i
1459 3369 54 17 nos-

1043 3400 31 21 tri
1086 3399 80 28 padri,
1179 3405 13 16 e
1205 3400 25 21 di
1243 3399 46 22 che
1301 3397 42 23 noi
1354 3403 6 19 ;
1381 3403 13 15 e
1412 3403 27 15 se
1457 3403 56 21 que-

1042 3433 68 27 glino
1122 3435 181 24 sopportarono
1314 3430 91 22 fatiche
1415 3431 32 21 ed
1457 3430 56 22 affa-

1043 3465 34 26 ni,
1098 3471 12 16 e
1122 3465 99 22 l’anima
1240 3465 123 27 sdegnosa
1381 3469 131 16 versarono

1043 3499 54 21 solo
1107 3498 90 27 perché
1210 3499 49 21 alla
1269 3501 78 24 prova
1362 3497 42 21 noi
1421 3497 91 21 avessi-

1041 3537 42 16 mo
1105 3537 13 15 a
1140 3532 137 27 comparire
1297 3529 101 27 indegni
1417 3529 92 28 perfino

1042 3564 134 27 dell’acqua
1187 3564 40 22 del
1237 3562 133 24 battesimo
1387 3562 44 22 che
1449 3563 21 20 ci
1485 3561 25 23 fu

1042 3598 62 25 data,
1123 3603 47 22 per
1187 3597 50 22 fino
1256 3595 173 23 immeritevoli
1448 3595 62 22 délia

1546 2701 138 22 sembianza
1695 2707 88 15 umana
1796 2701 45 21 che
1852 2701 23 21 ci
1888 2701 131 27 comparti-

1545 2739 71 17 rono.
1639 2733 27 23 Io
1688 2735 24 20 lo
1733 2734 115 22 confesso
1859 2740 6 19 ;
1886 2734 33 21 mi
1938 2734 80 21 riesce

1546 2767 62 22 duro
1618 2773 13 16 a
1641 2772 111 22 pensare,
1762 2767 45 22 che
1816 2768 58 26 quel
1882 2767 134 22 medesimo

1544 2806 28 15 re
1583 2801 19 21 il
1612 2801 71 27 quale
1694 2800 146 27 s’interpose
1853 2806 47 15 una
1909 2801 67 21 volta
1984 2800 33 21 af-

1544 2833 82 22 finchè
1644 2834 8 21 i
1672 2833 129 22 Genovesi
1820 2839 52 16 non
1891 2834 22 21 ci
1934 2833 83 27 oppri-

1543 2872 110 16 messero
1665 2873 14 15 e
1690 2867 30 21 da
1728 2867 39 21 cui
1777 2872 145 22 speravamo
1933 2868 84 26 prote-

1542 2900 71 22 zione
1625 2906 15 15 e
1649 2900 116 26 sollievo,
1776 2905 42 17 ora
1826 2901 100 21 intenda
1934 2900 82 22 abbat-

1543 2935 54 20 tere
1606 2934 23 21 la
1640 2935 83 20 nostra
1737 2933 90 22 liberté
1837 2940 6 19 ;
1863 2934 105 21 tuttavia
1989 2939 26 16 se

1543 2967 19 21 il
1572 2967 64 22 cielo
1647 2966 31 22 ha
1689 2967 124 22 decretato
1825 2966 46 23 che
1883 2967 18 22 il
1917 2973 99 16 monar-

1543 3005 28 16 ca
1581 2999 43 28 più
1636 3001 100 26 potente
1748 3000 62 21 délia
1822 3002 66 20 terra
1907 3006 82 22 venga
2001 3006 13 15 a

1542 3033 151 22 combattere
1711 3033 19 21 il
1749 3034 92 27 popolo
1854 3033 44 27 più
1908 3034 104 27 piccolo,

1542 3067 145 21 accettiamo
1700 3071 48 17 con
1760 3066 83 23 franco
1854 3069 68 25 petto
1929 3067 24 21 la
1960 3072 53 22 pro-

1543 3105 39 20 va,
1596 3099 180 28 imperciocchè
1788 3101 21 20 ci
1830 3101 21 21 si
1871 3107 57 20 para
1939 3101 23 21 la
1973 3106 42 17 oc-

1542 3133 100 21 casione
1669 3133 25 21 di
1720 3133 87 21 vivere
1833 3139 14 16 0
1875 3133 24 22 di
1923 3133 90 22 morire

1541 3166 157 27 ugualmente
1705 3166 114 27 gloriosi.
1826 3166 73 22 Prodi
1909 3167 102 22 uomini!

1541 3198 25 22 Si
1585 3199 127 27 pretende,
1733 3199 47 22 che
1799 3201 75 26 gente
1892 3201 121 21 assoldata

1541 3232 47 21 stia
1600 3233 39 20 sul
1655 3233 77 26 punto
1750 3232 25 21 di
1788 3234 103 20 mettere
1903 3239 13 15 a
1926 3239 87 22 repen-

1539 3265 76 27 taglio
1635 3265 22 20 la
1677 3265 52 20 vita
1753 3270 45 21 per
1822 3266 114 21 interessi
1961 3271 50 17 non

1540 3298 64 25 suoi,
1616 3303 15 15 e
1642 3297 190 28 pervantaggio
1853 3298 65 21 délia
1936 3299 76 21 tiran-

1540 3330 67 26 nide,
1619 3336 15 15 e
1645 3335 13 16 a
1671 3330 42 21 noi
1725 3330 131 22 mancherà
1868 3331 18 21 il
1897 3336 73 17 cuore
1987 3332 23 21 di

1539 3369 101 22 esporre
1648 3363 23 22 la
1683 3364 84 21 nostra
1778 3369 44 21 per
1832 3364 116 22 interessi
1957 3370 55 22 pro-

1539 3397 38 26 pri
1590 3402 13 15 e
1614 3402 44 21 per
1668 3396 23 21 la
1708 3396 89 22 liberté
1804 3397 12 21 ?
1836 3396 58 23 Fate
1914 3398 97 27 dunque

1538 3431 26 20 di
1576 3430 100 21 vincere
1687 3435 46 16 con
1745 3430 23 21 la
1781 3432 84 19 vostra
1883 3433 127 24 prontezza

1537 3464 24 20 la
1572 3468 105 16 comune
1687 3463 175 26 aspettazione,
1880 3463 103 22 affinchè
1994 3464 18 21 il

1537 3495 100 22 nemico
1652 3496 22 21 si
1693 3496 129 27 persuada,
1844 3496 47 22 che
1913 3498 61 21 altro
1998 3497 13 21 è

1537 3529 96 25 volere,
1645 3528 31 21 ed
1685 3529 63 20 altro
1769 3530 86 25 potere
1874 3530 94 21 ridurre
1985 3530 25 21 in

1536 3561 95 22 servitù
1641 3567 34 15 un
1686 3562 93 26 popolo
1792 3562 89 21 libero.

1565 3594 88 27 Questi
1661 3594 108 22 concetti
1782 3594 155 23 dell’oratore
1949 3596 20 22 ci
1979 3596 31 21 ha

2044 2703 148 20 conservato
2202 2702 25 21 la
2237 2702 83 26 storia,
2330 2709 14 15 e
2353 2705 70 20 tanto
2434 2710 85 21 parve-

2044 2739 27 16 ro
2081 2734 81 21 onesti
2173 2735 48 21 allô
2234 2737 80 20 stesso
2326 2735 130 28 Francese,
2473 2738 45 21 che

2043 2767 22 21 si
2076 2767 64 22 senti
2152 2767 140 29 invogliato
2305 2769 24 22 di
2342 2775 87 22 sapere
2440 2771 20 21 il
2474 2777 45 16 no-

2043 2805 41 16 me
2095 2800 40 21 del
2147 2801 106 27 giovane
2272 2804 107 20 oratore.
2402 2804 22 21 Il
2443 2803 74 24 Paolo

2043 2833 154 28 interrogato
2209 2835 30 21 da
2251 2835 34 21 lui
2298 2836 107 27 rispose.

2070 2878 28 5 —
2107 2866 51 28 Egli
2172 2867 14 22 è
2198 2868 18 21 il
2227 2869 157 27 gentiluomo
2405 2870 25 22 di
2445 2871 73 27 Ajac-

2043 2900 39 21 cio
2092 2901 63 21 assai
2167 2901 52 21 mio
2231 2901 121 23 familiare
2364 2903 47 22 che
2423 2904 22 21 si
2455 2904 63 23 chia-

2042 2939 39 15 ma
2092 2932 75 23 Carlo
2180 2933 155 30 Buonaparte
2347 2935 32 30 (1)
2392 2937 31 21 ed
2435 2937 14 22 è
2461 2940 56 26 quel

2041 2966 82 26 desso,
2136 2967 46 21 che
2193 2973 41 16 ora
2246 2969 67 22 abita
2324 2970 23 21 la
2359 2975 57 16 casa
2434 2970 83 23 Gaffo-

2041 3000 21 20 ri
2073 3006 5 19 ;
2092 2999 8 22 i
2112 3001 55 21 suoi
2179 3001 122 28 maggiori
2313 3004 98 21 avendo
2424 3005 92 22 esulato

2041 3032 25 21 di
2077 3033 110 22 Toscana
2198 3039 44 21 per
2252 3040 73 17 causa
2346 3036 65 22 délia
2428 3037 88 23 liberté

2041 3065 13 21 è
2066 3067 110 21 naturale
2188 3067 45 22 che
2244 3068 31 21 da
2283 3069 53 27 pari
2346 3075 45 17 suo
2401 3071 49 27 egli
2462 3077 55 16 con-

2040 3099 63 21 tinui
2115 3100 31 21 ad
2157 3102 100 20 amarla.

2067 3143 28 4 —
2104 3132 86 23 Costui
2210 3140 45 20 per
2276 3138 68 19 certo
2369 3142 50 16 non
2430 3153 3 3 .
2442 3143 74 16 verra

2039 3165 49 21 mai
2101 3171 14 15 a
2125 3166 87 22 vivere
2224 3167 25 22 in
2262 3167 111 24 Francia.

2067 3210 28 4 —
2105 3199 47 22 Chi
2164 3205 35 21 sa,
2212 3200 46 22 che
2270 3201 18 22 il
2301 3202 97 23 destino
2418 3209 51 16 non
2488 3210 27 16 ce

2039 3233 24 21 lo
2075 3233 65 22 raeni
2152 3239 14 16 a
2177 3235 99 21 morire.

2066 3267 177 22 Accostandosi
2264 3268 42 21 vie
2325 3269 44 26 più
2388 3271 24 20 al
2430 3273 85 20 centro

2039 3298 62 22 délia
2113 3302 64 19 terra
2189 3305 100 17 occorse
2301 3302 54 21 loro
2374 3309 48 15 una
2440 3304 74 23 frotta

2039 3331 25 21 di
2074 3332 84 21 donne
2169 3333 90 27 stipate
2272 3334 100 22 intorno
2382 3336 46 21 alla
2443 3343 71 16 croce

2038 3365 63 21 délia
2111 3365 84 22 chiesa
2206 3366 25 21 di
2243 3365 49 23 San
2305 3367 117 24 Marcello
2443 3375 70 17 corne

2038 3403 89 21 pecore
2138 3400 65 20 sotta
2214 3400 24 21 la
2248 3401 95 26 sponda
2354 3402 41 21 dei
2405 3404 108 27 castagni

2038 3431 97 26 quando
2147 3431 94 22 diluvia
2251 3439 7 14 :
2272 3438 28 16 se
2313 3440 153 22 pregassero,
2488 3443 26 15 se

2037 3463 159 28 piagnessero
2214 3470 50 17 non
2284 3467 22 20 si
2327 3472 95 22 sapeva
2432 3475 6 19 ;
2460 3471 53 21 solo

2037 3497 119 26 appariva
2167 3503 47 15 una
2228 3498 24 21 di
2273 3504 54 16 esse
2347 3501 58 21 ritta
2418 3507 13 15 a
2443 3505 70 20 canto

2036 3529 24 21 la
2072 3534 72 17 croce
2155 3530 27 21 in
2193 3532 50 20 atto
2255 3531 26 22 di
2294 3533 104 25 parlare.

2205 3599 155 30 [Cuntinua)
