2586 3822
281 155 264 51 Fiandra
583 166 36 31 e
656 149 216 56 Belgiu

114 285 48 20 Per
169 280 167 26 Vedificazione
347 276 27 20 di
380 276 11 19 i
397 280 44 15 nos
441 275 30 31 fri
481 271 77 20 let*°n

88 311 160 22 ribroducemu
272 313 30 14 un
322 305 75 20 branu
419 301 25 19 dt
465 304 15 14 u
496 301 62 16 libru

88 338 132 22 Flandre
229 336 30 19 et
266 331 181 25 Belgique,ou
457 331 28 14 en
494 327 35 17 est
537 326 21 17 le

88 366 147 21 mouvement
244 358 105 24 Flamand
355 358 11 19 ?

113 393 110 21 L’autore
230 389 28 20 di
264 395 12 13 s
277 391 25 16 tu
308 385 80 21 scrittu
400 389 13 13 e
421 377 138 43 l°n°.rev*jj*

93 419 73 22 Word
171 418 124 20 Hermans,
299 412 113 24 deputatu
421 408 24 19 di
454 406 104 20 Fiandra

89 454 16 13 a
114 453 15 13 u
138 444 153 22 Parlamentu
299 440 26 19 di
331 436 127 23 Bruxelles.

116 502 72 20 ...Les
201 499 78 22 leçons
288 494 56 21 delà
353 492 107 21 dernière
468 492 91 21 guerre,

89 530 50 20 dite
152 528 35 20 Du
202 524 67 22 Droit
286 526 22 17 et
321 522 28 20 de
364 521 23 19 la
405 516 153 22 Civilisation,

89 558 65 20 n’ont
162 560 41 20 pas
211 554 38 19 été
257 551 95 26 perdues
358 553 59 20 pour
423 550 69 16 nous,
502 546 16 15 1>
525 546 36 14 ar-

90 585 51 20 mée
156 582 73 24 belge,
244 585 46 15 aux
303 583 57 20 yeux
374 575 42 20 des
430 568 129 25 Flamands,

89 613 56 19 c’est
158 607 147 23 l’institution
318 603 101 21 maudite
433 605 41 19 par
488 601 73 15 excel-

89 639 76 19 lence.
175 636 62 19 Ceux
246 633 88 19 d’entre
343 635 57 14 nous
410 633 39 18 qui
459 627 40 17 ont
510 626 50 17 tait,

90 669 90 16 comme
199 661 56 22 moi,
273 659 78 20 l’Yser,
368 658 41 17 ont
427 652 94 21 «conte
538 649 21 17 la

89 691 108 22 trafique
213 691 24 16 et
253 683 136 23 lamentable
412 679 86 24 odysee
519 677 41 17 des

89 717 123 23 Flamands
221 722 30 13 au
261 714 62 20 front
329 718 6 13 :
344 710 41 20 des
394 707 111 21 officiers,
520 706 39 20 Qui

88 753 30 14 ne
123 744 105 22 savaient
234 747 41 19 pas
286 746 29 14 un
321 741 46 18 mot
376 737 28 19 de
410 735 50 20 leur
468 732 90 22 langue,

88 775 35 19 les
141 768 182 24 commandaient
339 770 55 16 sous
407 763 23 19 la
443 760 95 34 mitra“!
553 768 6 6 ’

90 802 104 22 Lorsque
203 796 131 26 parvinrent
340 799 26 14 en
377 791 88 20 France
470 787 34 19 les
510 791 13 17 p

90 828 85 21 mières
188 823 119 22 nouvelles
323 821 28 19 de
366 819 137 38 ^tivisme
528 816 31 14 un

90 855 152 21 malheureux
252 850 55 25 paré
314 849 30 19 du
352 845 71 27 grade
430 844 29 19 de
467 843 92 23 générai

90 888 108 17 annonça
208 886 41 18 par
264 884 31 14 un
305 877 27 19 O.
342 876 21 19 J.
373 874 68 25 qu’en
455 875 38 15 cas
506 868 14 19 d
528 866 33 20 of-

89 909 101 22 fensive,
200 907 16 20 il
225 905 75 21 fallait
312 907 95 20 exposer
423 898 90 21 surtout
527 898 33 15 les

90 935 132 23 Flamands,
233 938 75 20 «pour
323 929 68 26 qu'ils
405 924 156 24 rachetassent

89 966 22 19 la
121 965 65 19 faute
194 963 28 19 de
235 961 65 20 leurs
313 958 162 25 compatriotes
488 954 60 17 reste

89 999 30 13 au
129 997 57 18 pays
194 997 18 12 ».
227 989 47 20 Des
286 986 95 21 milliers
389 984 29 19 de
427 981 85 21 soldats
520 980 29 18 lia

91 1019 82 21 mands
191 1020 41 17 ont
246 1016 37 20 été
296 1012 128 22 incarcérés
432 1011 12 19 à
453 1008 106 21 Fresnes,

92 1048 84 21 Tours,
185 1045 85 22 Melun,
280 1046 62 17 etc...
355 1040 48 21 Des
417 1039 120 19 centaines
545 1039 17 18 y

91 1077 55 18 sont
153 1075 71 19 morts
231 1072 31 20 de
269 1070 84 21 sévices
358 1070 23 17 et
389 1066 30 20 de
422 1064 137 26 privations.

92 1101 102 21 Nombre
202 1100 89 20 d’entre
300 1102 42 15 eux
350 1098 40 17 ont
404 1093 37 21 été
454 1091 107 35 dfP°rt®s

94 1130 59 19 dans
161 1129 33 19 les
203 1127 72 20 forêts
284 1125 28 20 de
319 1123 78 21 l’Orne
410 1124 23 17 et
445 1121 14 18 à
473 1119 7 19 l
488 1117 31 20 ile
533 1116 28 19 de

93 1156 134 21 Cezembre:
234 1153 95 22 soldats,
335 1150 226 26 gradés,aumôniers

94 1188 23 17 et
130 1183 146 21 médecins...
291 1180 61 20 C’est
365 1183 47 15 une
431 1174 91 22 sombre
539 1174 23 17 et

92 1213 59 20 dure
159 1213 112 18 aventure
278 1214 44 20 que
337 1204 102 23 celle-là,
452 1206 52 20 trop
517 1206 44 18 peu

91 1245 93 15 connue
192 1239 13 19 à
212 1238 133 22 l’étranger,
356 1232 59 22 mais
425 1231 40 26 qui
479 1232 41 18 mit
532 1233 29 14 au

91 1275 65 14 coeur
178 1268 41 19 des
236 1263 121 23 Flamands
381 1258 182 25 l’inextinguible

91 1297 70 20 haine
169 1295 54 20 d’un
233 1294 86 24 régime
331 1291 38 25 qui
384 1290 37 20 n’a
435 1293 40 20 pas
489 1285 74 20 même

91 1324 101 25 épargné
197 1328 58 14 ceux
262 1321 85 19 d’entre
353 1324 44 14 eux
402 1316 41 25 qui
449 1315 115 23 risquaint

92 1352 51 19 leur
152 1356 56 19 peau
219 1355 58 19 pour
285 1348 23 19 le
323 1343 122 23 défendre!
460 1341 103 21 Pendant

91 1378 21 20 la
120 1383 92 20 guerre,
220 1376 66 20 cefut
291 1375 21 19 le
317 1373 94 21 silence.
419 1371 45 20 Des
468 1368 96 21 milliers

90 1406 29 19 de
126 1406 90 20 soldats
222 1402 110 22 flamands
338 1400 87 21 étaient
432 1395 131 26 martyrisés

91 1434 59 19 dans
159 1433 35 20 les
201 1431 79 26 geôles
289 1429 77 25 belges
375 1434 44 18 par
428 1427 41 19 des
481 1424 83 20 chaou-

92 1461 41 20 chs
143 1466 55 14 sans
206 1461 79 19 âme...
299 1458 29 19 La
342 1456 105 20 Censure
462 1451 85 21 veillait
557 1451 6 19 !

94 1488 32 21 Ce
137 1489 60 19 n’est
205 1488 69 24 qu’en
284 1489 48 21 1919
341 1484 85 25 qu’une
434 1479 131 26 interpella-

93 1517 52 19 tion
154 1517 13 18 à
181 1516 21 20 la
218 1513 115 22 Chambre
346 1512 48 24 jeta
413 1510 29 20 de
458 1507 106 22 terribles

91 1544 80 20 lueurs
177 1549 40 14 sur
224 1545 61 17 cette
291 1539 126 24 Malebolge
426 1535 138 23 silencieuse

92 1576 24 15 et
123 1571 104 25 ignorée.
238 1569 32 20 Le
278 1573 26 20 24
311 1567 131 25 septembre
451 1563 57 26 1918,
517 1569 48 14 une

91 1599 79 20 action
179 1597 111 21 offensive
304 1595 34 20 fut
351 1595 82 19 menée
447 1595 81 18 contre
541 1591 22 19 la

93 1627 69 19 Forêt
169 1624 160 22 d’Houthulst:
346 1623 34 19 les
397 1620 122 22 Flamands
536 1618 28 20 de

92 1654 23 20 la
124 1658 28 16 ire
161 1654 26 19 D.
197 1654 28 19 A.
234 1659 14 19 y
257 1652 77 20 furent
342 1649 164 21 littéralement
516 1646 49 21 fau-

91 1681 62 21 chés:
160 1681 75 20 c’était
241 1686 28 14 ce
274 1685 44 19 que
323 1679 22 20 le
350 1677 93 26 général
450 1675 115 25 dirigeant

91 1709 137 25 l’opération
242 1708 63 19 avait
320 1706 81 25 appelé
419 1702 146 22 «l’offensive

92 1737 30 20 de
130 1735 175 21 réhabilitation
312 1741 36 13 »..•

120 1765 31 19 Le
160 1770 57 18 sang
226 1764 29 19 de
269 1766 58 18 cette
342 1761 161 20 malheureuse
513 1758 52 25 jeu-

95 1798 78 17 nesse,
182 1791 72 26 gâché
263 1796 87 15 comme
357 1790 13 19 à
379 1788 91 25 plaisir,
479 1787 34 20 n’a
522 1792 42 19 pas

95 1820 68 25 porté
170 1819 106 21 bonheur
283 1824 44 14 aux
335 1817 119 25 puissants
461 1815 29 20 du
506 1814 60 25 régi-

90 1854 46 14 me.
144 1847 31 20 Le
183 1852 24 15 22
218 1846 125 21 novembre
350 1845 57 24 1918,
415 1844 22 19 le
445 1842 52 24 Roi,
506 1843 59 19 dans

92 1881 43 14 sou
146 1875 112 20 Discours
267 1874 29 20 de
303 1874 20 19 la
333 1873 132 22 Couronne,
480 1870 85 25 promit

92 1903 193 21 solennellement
289 1907 44 14 aux
338 1900 125 21 Flamands
467 1898 99 25 l’égalité

93 1937 29 14 en
131 1927 96 24 droifet
235 1936 30 14 en
280 1929 41 20 fait
333 1934 56 14 avec
402 1928 35 20 les
451 1926 113 21 Wallons.

94 1958 122 20 Promesse
225 1957 98 20 aussitôt
331 1956 137 20 considérée
475 1960 90 14 comme

91 1993 33 13 un
133 1986 83 25 simple
234 1985 101 21 «chiffon
352 1984 29 19 de
399 1983 112 25 papier»!
530 1982 33 20 En

93 2018 59 20 1914,
162 2014 23 20 le
194 2013 50 24 Roi,
260 2019 58 19 pour
331 2011 108 21 soulever
452 2010 114 21 l’enthou-

93 2042 86 20 siasme
187 2041 28 20 de
224 2045 11 11 «
241 2047 40 14 ses
290 2039 94 26 peuples
390 2044 20 18 »,
428 2039 63 20 avait
504 2038 59 20 crié:

93 2077 12 11 «
114 2069 130 23 Flamands,
255 2073 184 15 souvenez-vous
454 2067 41 20 des
509 2066 57 25 Epe-

91 2103 57 14 rons
157 2096 55 20 d’Or
219 2097 19 19 !»
247 2096 63 21 Nous
318 2095 213 23 autres,Flamands
537 2095 28 20 de

90 2125 184 25 l’après-guerre,
289 2130 56 14 nous
360 2129 60 14 nous
433 2129 132 14 souvenons

91 2154 29 19 de
128 2153 55 20 bien
191 2156 66 16 autre
265 2152 67 20 chose
340 2157 91 17 encore,
437 2154 24 17 et
468 2151 11 19 à
489 2151 77 20 l’invi-

91 2185 24 16 te
129 2181 77 25 royale
221 2187 27 14 en
264 2186 38 15 cas
315 2180 27 20 de
355 2179 108 20 nouvelle
474 2185 90 18 guerre,

91 2215 59 14 nous
159 2209 89 20 serions
258 2208 123 24 cinquante
390 2206 63 21 mille
462 2211 22 15 et
492 2207 52 24 plus
550 2208 15 19 à

91 2237 124 24 répondre:
225 2235 148 23 «Flamands,
381 2241 184 14 souvenez-vous

91 2264 206 20 d’Houthulst!»...

117 2294 72 21 ....La
202 2295 115 24 politique
330 2293 114 21 coloniale
457 2293 29 20 de
499 2293 67 21 l’Etat

92 2322 66 25 belge
172 2322 104 21 vis-à-vis
291 2323 28 19 du
329 2322 84 25 peuple
422 2322 99 20 flamand
536 2328 29 14 ne

78 2362 3 4 ■
91 2350 80 20 reflète
181 2356 28 14 en
219 2356 88 14 somme
320 2356 44 18 que
377 2353 60 17 cette
451 2349 115 25 politique

90 2378 151 24 impérialiste
248 2378 41 25 qui
299 2377 134 21 caractérise
441 2383 46 14 une
495 2377 71 20 Euro-

90 2412 30 18 pe
126 2406 29 19 de
164 2406 63 20 lucre
235 2409 25 16 et
268 2406 29 19 de
309 2405 71 25 proie.

118 2433 44 21 Les
170 2438 11 10 «
188 2433 134 24 belgîcistes
331 2441 11 11 »
351 2436 41 17 ont
400 2434 67 19 tenté
479 2433 28 19 de
516 2432 51 21 fon-

91 2461 42 20 der
150 2467 30 14 en
197 2461 62 21 droit
276 2461 21 19 la
315 2461 174 20 concentration
512 2466 56 14 sous

92 2488 55 25 quoi
156 2488 71 25 gémit
241 2489 22 19 la
279 2488 107 23 Flandre,
401 2494 30 14 en
446 2487 121 26 infligeant

91 2516 112 24 quelques
220 2519 106 17 entorses
340 2517 12 19 à
366 2516 128 20 l’Histoire.
508 2515 59 20 Mais

91 2543 51 20 leur
155 2544 113 20 tentative
285 2544 58 20 n’est
359 2550 43 18 pas
421 2544 75 20 restée
512 2549 55 14 sans

91 2571 100 24 riposte.

119 2599 129 20 L’Histoire
266 2599 115 25 témoigne
398 2606 57 14 avec
470 2599 98 24 vigueur

90 2630 84 16 contre
183 2627 33 19 les
223 2627 91 20 méfaits
326 2628 81 23 passés
422 2630 24 16 et
460 2627 107 23 présents

584 268 30 19 de
626 267 21 19 la
661 266 178 20 centralisation
859 263 74 24 belge.
952 261 78 24 Quant
1044 267 13 12 a

585 295 70 19 l'âme
663 294 76 24 belge,
750 293 45 20 elle
803 295 35 17 est
848 290 96 20 remisée
959 294 28 13 au
1000 287 58 20 Con-

585 321 129 20 servatoire
723 320 42 19 des
773 319 89 20 vieilles
880 317 74 21 lunes,
970 318 23 16 et
1009 320 50 18 per-

585 354 74 13 sonne
675 353 29 13 ne
718 346 74 25 prend
807 346 55 24 plus
876 350 28 13 au
923 342 92 20 sérieux
1031 347 27 13 ce

585 375 84 19 désuet
676 374 137 20 accessoire.

610 404 74 20 Toute
694 404 116 20 l’Histoire
815 406 35 17 est
858 402 30 22 là,
895 400 38 25 qui
940 400 118 19 démontre

586 435 67 16 notre
662 431 141 24 originalilé,
812 433 66 16 notre
888 427 87 20 vitalité
988 425 70 20 natio-

586 458 73 22 nales,
672 458 41 20 dès
726 458 21 19 le
761 456 147 25 Moyen-Age,
924 453 41 25 qui
979 453 32 20 vit
1024 452 35 19 les

586 485 153 24 magnifiques
742 487 105 17 sursauts
851 479 208 23 insurrectionnels

586 512 41 20 des
640 513 143 19 Communes
800 509 134 21 flamandes.
952 508 34 20 Au
1001 506 58 21 XVI°

587 539 78 24 siècle,
674 540 34 20 les
718 538 123 21 Flamands
856 539 86 18 restent
960 534 78 21 fidèles
1045 534 13 19 à

587 567 23 20 la
625 567 147 21 Pacification
788 566 29 20 de
830 565 75 23 Gand,
924 566 67 23 pacte
1004 561 54 20 d’U-

587 595 54 19 nion
651 596 39 18 des
699 595 114 23 Pays-Bas
821 594 31 18 du
862 592 61 20 Nord
933 595 22 16 et
962 591 30 19 du
1001 589 55 22 Sud,

586 622 71 22 alors,
667 627 45 18 que
725 622 36 18 les
775 620 105 20 Wallons
897 618 123 20 trahissent
1036 616 21 19 la

586 654 70 13 cause
664 648 28 19 d-e
700 648 21 19 la
730 647 82 20 liberté
825 649 24 16 et
862 645 127 20 secondent
1005 643 54 19 l’Es-

587 680 73 18 pagne
668 674 30 20 du
708 675 51 19 Duc
773 673 80 20 d’Albe
872 676 23 16 et
909 672 28 19 de
953 670 105 24 Philippe

588 701 20 20 II
623 701 59 20 dans
697 707 44 14 son
756 706 80 15 oeuvre
850 700 29 19 de
893 699 120 25 sanglante
1024 697 35 19 ré-

587 728 115 24 pression.
711 728 61 20 Sous
780 728 22 20 la
811 727 150 22 Révolution,
970 726 33 19 les
1009 724 50 20 Lié-

586 756 65 24 geois
668 755 153 20 réclamèrent
840 755 13 19 à
868 755 21 19 la
910 752 147 21 Convention

587 783 51 20 leur
648 783 116 20 annexion
774 783 12 19 à
792 783 21 19 la
820 782 95 23 France,
924 780 134 24 alorsqu’en

587 811 99 19 Flandre
702 811 23 19 la
740 810 136 25 population
899 815 25 14 se
944 806 116 23 soulevait

587 841 81 17 contre
675 838 23 20 le
704 838 59 25 joug
770 837 133 25 françaisde
909 837 21 20 la
937 834 123 25 Conscrip-

586 866 58 20 tion.

613 893 30 20 La
653 894 138 20 Révolution
800 893 28 20 de
838 893 50 20 i83o
895 891 165 22 n’enthousias-

587 927 37 14 me
631 922 71 24 guère
711 922 34 20 les
761 921 137 21 Flamands:
912 927 28 13 au
955 919 103 24 surplus,

587 949 109 21 l’histoire
713 950 29 19 de
769 953 60 16 cette
851 948 156 21 insurrection
1022 947 36 18 n’a

587 983 41 18 pas
636 977 28 20 de
673 977 57 24 quoi
739 977 73 20 titiler
824 977 21 19 la
855 976 68 22 boss.e
931 976 30 19 du
970 977 90 22 respect

587 1004 56 20 chez
660 1004 35 20 les
711 1004 122 20 Flamands
847 1002 178 26 d’aujourd’hui.
1040 1001 19 20 A

587 1031 23 20 la
619 1038 57 19 page
684 1032 13 20 5
706 1032 28 20 de
743 1038 42 14 son
794 1031 104 20 Histoire
906 1031 29 19 de
948 1031 26 19 la
988 1029 73 22 Révo-

587 1059 75 21 lution
676 1060 68 24 belge
763 1060 30 19 de
806 1059 58 23 i83o,
879 1059 23 19 le
915 1057 145 24 francophile

589 1087 235 21 Procureur-Général
834 1087 29 19 de
869 1086 75 25 Bavay
953 1088 55 18 note
1015 1090 45 19 que

589 1115 38 20 «la
636 1115 141 20 Révolution
787 1115 66 24 belge
862 1120 13 14 a
884 1120 27 14 eu
927 1120 59 18 pour
994 1113 65 24 point

588 1143 29 20 de
625 1143 81 24 départ
721 1149 46 14 une
780 1143 91 19 émeute
884 1142 122 24 organisée
1019 1146 42 19 par

588 1171 35 20 les
631 1171 65 20 clubs
702 1171 29 20 de
740 1170 66 21 Paris
811 1171 58 19 dans
875 1176 30 14 un
913 1168 148 21 intérêtfran-

588 1198 73 25 çais».
675 1199 67 20 Cette
757 1198 148 23 Révolution,
921 1197 24 20 F.
961 1197 99 20 Laurent

589 1226 106 25 l’appelle
712 1230 65 16 «une
793 1226 126 25 duperie»;
944 1224 73 21 Emile
1032 1223 29 21 de

591 1254 119 25 Laveleye,
727 1261 48 13 «un
792 1254 99 20 crime».
905 1253 32 20 Ce
954 1256 52 17 sont
1019 1252 41 20 des

589 1282 113 20 écrivains
710 1282 160 25 francophiles
877 1288 7 17 ;
893 1287 44 18 que
950 1284 63 21 peut,
1020 1279 41 20 dès

590 1310 55 23 lors,
655 1310 48 20 être
711 1309 113 25 l’opinion
833 1309 42 20 des
884 1307 142 22 Flamands?

615 1340 26 20 Et
649 1340 23 20 la
680 1340 174 20 centralisation
861 1339 57 21 mise
926 1345 28 14 en
965 1338 96 25 vigueur

590 1374 41 19 par
644 1371 53 17 tous
714 1368 34 20 les
766 1367 200 21 Gouvernements
983 1366 78 24 belges

589 1396 85 25 depuis
684 1396 58 22 i83o,
751 1396 99 20 croit-on
866 1395 83 25 qu’elle
963 1394 32 20 ait
1008 1394 53 20 har-

589 1424 91 20 monisé
704 1424 144 20 l’antinomie
871 1422 191 21 Flamands-Wal-

590 1451 70 21 lons?
669 1451 57 20 Loin
736 1452 29 19 de
781 1452 33 20 là!
830 1451 77 20 Ou’on
920 1456 25 14 se
959 1450 102 25 rappelle

590 1479 22 20 la
620 1478 338 25 LettreauRoiqu’écrivaitM.
965 1478 96 20 Destrée

590 1513 30 14 en
630 1506 57 25 I9t3,
697 1507 105 24 lorsqu’il
812 1506 79 21 n’était
907 1506 23 20 ni
944 1505 115 24 Ministre,

591 1535 24 20 ni
630 1535 141 24 prébendier
786 1535 28 19 de
830 1534 70 20 l’Etat
921 1533 73 25 belge.
1012 1533 49 21 Elle

590 1562 69 20 disait
668 1563 140 19 carrément:
819 1561 77 23 «Sire,
910 1561 16 20 il
935 1562 38 24 n’y
986 1568 13 13 a
1018 1568 42 18 pas

590 1590 30 20 de
629 1590 83 25 Belges
719 1590 7 20 !
733 1595 11 11 »

615 1618 30 20 M.
661 1618 137 23 Jennissen,
821 1618 22 20 le
857 1624 95 14 meneur
977 1617 84 21 wallon

591 1646 53 20 bien
663 1652 79 14 connu
754 1651 6 17 ;
783 1646 103 20 Gustave
911 1645 30 21 Le
958 1646 63 24 Bon;
1041 1645 22 21 le

592 1674 148 24 «belgiciste»
748 1673 192 21 Dumont-Widen
947 1674 116 20 lui-même

590 1701 68 26 (dans
668 1702 25 20 la
705 1702 83 20 Patrie
801 1702 75 24 belge,
891 1702 103 25 chapitre
1008 1702 55 20 Fla-

590 1730 86 20 mands
683 1732 24 17 et
724 1729 118 25 Wallons),
859 1733 23 16 et
895 1730 52 20 bien
963 1730 101 20 d’autres

590 1764 94 17 encore,
698 1761 43 16 ont
755 1764 102 14 reconnu
871 1757 194 21 l'irréductibilité

591 1786 182 25 psychologique
780 1785 41 20 des
836 1786 178 24 idiosyncrasies
1025 1786 39 21 fla-

592 1814 83 20 mande
682 1817 23 16 et
712 1813 125 21 wallonne.

616 1844 144 25 Cependant,
767 1844 35 20 les
810 1844 201 27 historiographes
1017 1845 48 21 offi-

591 1873 57 20 ciels
657 1873 64 19 n’ont
730 1878 59 19 pour
805 1873 22 19 la
846 1873 73 21 vérité
935 1874 130 26 historique

591 1901 71 24 qu’un
671 1904 92 21 respect
776 1901 87 24 mitigé.
881 1901 31 20 Le
930 1902 134 21 Professeur

592 1928 108 24 Pirenne,
710 1935 42 18 par
760 1928 97 21 ailleurs
866 1934 80 16 savant
962 1930 68 25 digne
1043 1934 23 16 et

591 1956 29 20 de
628 1956 70 20 haute
707 1957 89 23 valeur,
807 1957 65 20 vient
880 1958 28 20 de
916 1964 25 14 se
950 1958 57 21 faire
1022 1959 44 20 cri-

591 1985 78 24 tiquer
675 1986 14 19 à
698 1991 87 19 propos
793 1985 29 20 du
830 1985 51 21 VIIe
885 1986 92 21 volume
985 1987 28 20 de
1021 1993 43 14 son

590 2013 105 20 Histoire
710 2013 31 20 de
757 2013 122 25 Belgique.
898 2014 35 20 Un
950 2015 114 20 historien

591 2040 159 24 néerlandais,
760 2040 32 21 M.
802 2041 26 20 P.
840 2041 65 26 Geyl,
914 2048 13 13 a
936 2043 45 19 mis
995 2049 27 14 en
1033 2043 34 20 lu-

592 2069 72 20 mière
671 2069 34 20 les
714 2070 183 20 contradictions
905 2074 23 16 et
935 2070 35 20 les
978 2070 89 26 palino-

591 2097 50 20 dies
650 2097 27 20 de
687 2097 108 24 Pirenne,
806 2098 131 24 prisonnier
945 2099 29 19 de
982 2104 43 14 son
1034 2098 33 20 fa-

592 2125 101 20 natisme
719 2125 165 25 «belgiciste»,
907 2132 29 14 au
955 2126 65 24 point
1037 2127 29 19 de

592 2158 80 19 passer
680 2159 57 14 sous
745 2153 88 20 silence
842 2157 50 17 tout
906 2160 26 13 ce
944 2154 39 24 qui
997 2160 70 18 pour-

592 2181 44 19 rait
651 2180 108 21 ébranler
775 2187 24 14 sa
810 2181 78 20 thèse.
906 2181 18 20 11
941 2181 34 20 lui
991 2181 75 21 fallait

591 2213 12 11 «
610 2209 149 20 démontrer»
770 2215 52 18 que,
832 2209 82 24 depuis
922 2209 108 20 l’homme
1035 2210 30 19 du

591 2236 167 24 Néanderthal,
768 2237 35 20 les
812 2237 115 24 «Belges»
941 2241 41 16 ont
989 2238 77 23 aspiré

591 2265 13 19 à
612 2264 82 20 l’unité
702 2264 128 20 nationale.
841 2264 41 20 S’il
897 2264 77 20 l’avait
987 2265 57 20 fallu
1051 2272 15 18 y

590 2292 97 24 arriver,
697 2292 16 20 il
722 2292 77 20 aurait
808 2292 113 25 prétendu
936 2298 46 18 que
995 2292 72 20 César

591 2320 36 20 fut
643 2320 22 20 le
682 2320 145 25 précurseur
845 2325 22 14 et
876 2329 25 4 —
910 2320 40 24 qui
968 2320 66 20 sait?
1040 2330 28 5 —

592 2348 110 20 l’ancêtre
719 2348 41 19 des
777 2347 118 24 Cobourg.
914 2347 33 20 De
964 2347 49 24 fait,
1034 2348 31 20 M.

592 2375 101 20 Pirenne
701 2379 35 17 est
743 2375 47 20 allé
802 2374 95 25 jusqu’à
910 2375 157 24 tripatouiller

592 2404 34 19 les
634 2406 84 20 textes,
728 2408 88 14 comme
823 2402 30 20 l’a
864 2404 88 23 prouvé
961 2403 30 20 M.
1002 2403 25 21 C.
1038 2403 28 20 G.

593 2431 33 20 De
634 2430 109 20 Sadeleer
751 2431 58 19 dans
817 2435 26 15 sa
852 2430 114 20 brochure
975 2431 92 21 Geulin-

592 2459 44 19 dex
647 2457 155 25 Verongelykt.

617 2488 138 24 Cependant
776 2487 34 21 les
832 2488 126 20 Flamands
980 2493 41 16 ont
1037 2496 29 14 eu

593 2522 104 17 recours,
706 2522 45 14 eux
760 2516 63 19 aussi
832 2522 45 14 aux
891 2522 76 14 armes
974 2517 93 21 scienti-

592 2543 87 25 fiques;
689 2544 168 20 abandonnant
874 2544 22 20 le
913 2545 153 21 romantisme

592 2577 67 14 assez
671 2571 81 20 stérile
769 2571 41 20 des
822 2571 85 24 phases
924 2573 92 23 passées
1037 2574 28 19 de

592 2599 51 20 leur
659 2603 159 19 mouvement,
833 2599 17 19 il
865 2600 96 20 mènent
973 2601 94 25 aujour-

592 2626 71 24 d'hui,
677 2632 60 19 pour
744 2630 117 16 restaurer
866 2627 22 20 la
895 2627 91 21 culture
992 2629 75 20 natio-

1253 132 255 58 Irnpicci
1546 143 36 31 e
1622 119 268 57 ’mbrogli

1085 255 167 21 JPlebiscitu

1108 290 102 21 Sicondu
1220 297 46 14 una
1276 285 191 26 cuniunicazione
1476 284 56 20 fatta
1544 289 12 12 a

1086 319 6 19 i
1109 317 101 25 giurnali
1225 318 28 20 da
1276 325 13 13 u
1311 313 124 25 municipiu
1453 312 23 19 di
1493 311 65 20 Saai-

1086 345 79 23 bruck,
1173 351 13 13 a
1195 344 166 21 cummissione
1373 338 154 27 guvernativa
1535 336 22 19 di

1085 380 12 12 a
1104 372 65 23 Saar,
1180 371 29 20 ha
1218 372 81 20 decisu
1309 370 22 20 di
1341 369 80 20 riduce
1430 367 27 19 da
1468 373 13 12 u
1491 365 12 20 6
1518 371 12 12 a
1544 370 13 12 u

1084 400 12 20 5
1105 406 40 18 per
1154 402 70 16 centu
1235 407 12 12 a
1257 404 63 15 tassa
1329 396 120 24 d’imposta
1459 393 23 19 di
1489 392 6 20 i
1502 391 58 20 sala-

1085 427 18 19 ri
1111 433 27 13 eu
1149 426 79 20 effettu
1240 424 137 23 retroaltivu
1387 429 12 13 a
1409 419 84 27 partes!
1504 419 26 19 da
1544 424 13 13 u

1085 459 9 14 1
1101 453 131 25 jennaghiu
1243 459 60 20 1929.

1109 481 85 20 D’altra
1204 485 73 20 parte,
1287 488 14 13 u
1311 479 137 25 pagamentu
1457 474 24 21 di
1493 474 7 20 1
1509 473 50 21 ulti-

1085 514 36 14 ma
1130 511 49 17 rata
1189 507 22 20 di
1221 508 115 26 l’imposte
1345 503 141 25 municipale
1495 501 35 21 chi
1539 500 19 20 si

1084 536 102 19 duvìanu
1197 536 58 24 pagà
1265 543 14 12 u
1293 534 24 21 ì5
1326 532 130 22 Nuvembre
1472 531 12 19 è
1492 532 66 18 'statu

1085 566 126 22 prorogatu
1220 563 28 19 ad
1258 568 72 19 epuca
1339 560 120 21 ulteriore.

1108 591 19 19 A
1136 596 101 18 proroga
1246 591 13 19 è
1268 589 147 25 ugtialmente
1424 586 114 25 applicata
1545 591 12 13 a

1085 620 57 17 tutte
1149 617 115 24 l’imposte
1273 617 73 24 sopr’a
1356 613 158 22 successione.

1107 643 39 21 Ste
1155 644 79 20 fiscale
1243 643 88 21 misure
1340 643 22 19 di
1370 642 80 20 favorc
1459 638 101 22 sôdesti-

1085 674 53 17 nate
1146 671 28 19 ad
1183 671 117 24 allusingà
1313 670 102 25 l’opérai,
1431 668 6 20 i
1452 666 107 26 burghesi

1084 705 13 13 e
1104 705 13 13 e
1126 699 162 25 municipalità
1298 698 70 25 poghi
1383 696 57 22 mesi
1453 694 79 22 avanti
1545 701 13 12 u

1084 725 90 21 famosu
1185 726 132 25 plebiscitu.

1109 753 120 21 Cum’omu
1239 753 68 24 vede,
1322 753 119 21 Marianna
1450 752 13 19 è
1471 755 91 19 sempre

1085 780 74 22 fedele
1166 788 11 13 a
1184 782 7 19 i
1198 781 136 26 so’principi
1341 781 22 19 di
1370 777 192 23 corruzioneelet-

1085 809 223 25 toraIe,iqualihanu
1314 808 106 20 ruvinatu
1427 806 135 20 moraimen-

1085 840 22 17 te
1113 844 13 13 e
1132 838 187 20 materialmente
1329 842 12 13 u
1352 839 81 16 nostru
1441 833 95 26 populu.

1085 884 72 20 Inde
1165 883 157 21 Lisandru
1329 882 14 20 I

1110 920 18 20 U
1137 926 109 18 guvernu
1255 918 143 21 dittatoiiale
1412 917 23 20 di
1450 916 25 21 S.
1485 916 31 20 M.
1526 914 35 21 Li-

1085 948 85 20 sandru
1178 948 9 20 I
1198 954 58 14 vene
1263 947 23 19 di
1293 946 108 25 prucede,
1408 951 40 19 par
1454 944 107 21 Decretu,

1085 976 20 20 a’
1113 974 218 26 reorganizzazione
1339 971 191 22 amministrativa
1539 969 22 21 di

1086 1003 164 24 aJugoslavia.

1109 1030 108 26 S’agisce,
1227 1037 29 14 eu
1266 1037 13 13 a
1288 1035 68 15 scusa
1365 1028 68 20 d’una
1447 1026 115 21 divisione

1087 1059 38 24 più
1139 1059 130 23 raziunale,
1284 1058 24 20 di
1322 1056 108 22 serbizzù
1445 1056 38 24 più
1499 1054 63 21 facil-

1086 1091 77 16 mente
1171 1087 80 25 quellu
1261 1092 71 20 paese
1346 1085 126 24 braganatu
1487 1089 13 14 e
1513 1082 49 20 bas-

1086 1114 76 24 tardu,
1172 1122 23 16 e,
1202 1116 74 19 s’omu
1286 1114 29 19 dà
1324 1113 118 21 orrecchiu
1452 1118 13 14 a
1480 1111 6 19 i
1502 1110 60 25 giur-

1086 1143 47 19 nali
1140 1143 24 19 di
1172 1142 124 25 Zagabria,
1312 1141 98 25 capitale
1419 1140 23 20 di
1452 1140 7 19 i
1473 1137 87 23 Croati,

1086 1171 114 24 l’allogeni
1214 1170 20 20 si
1250 1173 120 17 mostranu
1387 1167 115 22 sudisfatti
1516 1166 23 20 di
1548 1172 12 13 a

1087 1205 57 13 nova
1154 1198 128 20 decisione.

1110 1226 36 20 Ma
1154 1227 30 20 sti
1194 1226 103 25 giurnali
1306 1225 19 21 si
1334 1223 226 26 dimenticheghianu

1087 1254 22 20 di
1116 1254 58 20 facci
1183 1255 57 24 sapé
1249 1254 46 23 chi,
1310 1253 184 20 anteriormente
1503 1257 13 14 a
1529 1256 31 14 un

1087 1282 45 20 taie
1139 1282 148 23 intusiasmu,
1297 1281 59 20 tutt’i
1365 1280 50 25 capî
1429 1280 22 19 di
1467 1280 7 19 i
1488 1278 74 21 muvi-

1087 1310 70 20 menti
1168 1309 81 24 croati,
1269 1309 98 23 rumeni,
1383 1308 91 20 sloveni
1489 1313 13 14 e
1516 1312 46 15 ma-

1087 1337 80 24 cedonj
1176 1338 27 20 sò
1211 1337 54 20 stati
1281 1336 70 21 messi
1366 1336 24 20 in
1406 1335 129 26 prighione,
1549 1341 13 13 e

1087 1365 227 25 so’organizzazione
1321 1364 97 23 sciolte,i
1425 1362 136 26 so’giurnali

1087 1393 126 25 suppressi.

1111 1420 73 21 Cume
1193 1421 23 20 in
1225 1421 24 20 lu
1259 1427 71 19 paese
1339 1420 22 20 di
1371 1420 121 23 Poincaré,
1501 1420 62 19 inso-

1087 1455 36 14 ma
1130 1449 6 20 !

1087 1496 140 21 Listessu
1236 1497 96 20 Tema

1113 1534 18 20 U
1148 1534 106 24 giurnale
1272 1534 16 9 “
1294 1534 154 24 Dimeneata”,
1466 1533 95 20 sicondu

1088 1561 207 21 un’infurmazione
1301 1562 98 20 ricevuta
1406 1562 27 20 da
1439 1561 123 23 Timisora,

1088 1625 52 21 nale
1157 1625 28 20 de
1203 1625 23 20 la
1249 1625 107 23 Flandre,
1380 1632 47 13 une
1450 1624 113 21 offensive

1088 1653 166 21 intellectuelle
1267 1659 47 19 que
1328 1654 35 19 n’a
1381 1660 30 18 pu
1429 1654 96 19 énerver
1541 1653 21 20 le

1089 1681 191 21 Gouvernement
1285 1681 75 25 belge,
1369 1688 29 13 en
1404 1681 64 25 dépit
1476 1682 28 19 de
1514 1685 50 17 tous

1089 1717 37 13 ses
1134 1709 89 21 efforts.
1231 1709 73 21 Carie
1311 1709 156 25 bilinguisme,
1475 1709 89 26 imposé

1089 1745 42 19 par
1139 1738 42 23 lui,
1199 1738 102 25 système
1318 1738 208 25 antipédagogique
1542 1742 22 16 et

1089 1766 178 24 abâtardissant,
1289 1772 14 14 a
1325 1766 74 20 réussi
1420 1766 14 20 à
1451 1766 111 24 retarder,

1090 1795 57 20 mais
1161 1801 48 13 non
1225 1800 42 18 pas
1281 1794 14 20 à
1305 1797 50 17 tuer
1368 1794 79 20 l’éveil
1462 1794 28 20 de
1500 1794 64 20 l’âme

1090 1822 123 21 flamande.
1223 1822 60 20 Mais
1297 1821 105 21 combien
1419 1822 62 20 riche
1494 1823 70 19 serait

1091 1851 22 20 la
1127 1850 103 21 moisson
1244 1856 47 18 que
1306 1850 21 19 la
1345 1849 100 21 Flandre
1462 1850 102 25 pourrait

1091 1879 65 21 offrir
1170 1885 30 13 au
1217 1878 95 23 monde,
1329 1877 110 21 combien
1456 1878 69 25 digne
1534 1879 29 19 du

1090 1907 68 25 passé
1163 1905 142 26 magnifique
1313 1905 28 20 de
1350 1905 21 20 la
1380 1909 62 17 terre
1450 1906 116 20 desMem-

1090 1928 54 30 îinc,
1154 1935 43 19 des
1205 1940 45 13 van
1260 1933 71 25 Eyck,
1346 1933 43 20 des
1406 1934 104 23 Rubens,
1523 1934 41 20 des

1089 1962 149 23 Juste-Lipse
1246 1965 24 16 et
1278 1961 42 20 des
1329 1960 111 23 Ortélius,
1453 1961 21 20 si
1483 1968 38 15 ses
1528 1961 37 22 fils

1090 1989 135 26 pouvaient,
1235 1988 157 25 aujourd’hui,
1402 1995 101 15 renouer
1514 1991 50 20 leur

1091 2018 110 20 tradition
1211 2017 121 20 nationale
1341 2017 56 20 dans
1406 2017 22 20 la
1437 2018 83 25 langue
1527 2025 38 18 pa-

1091 2046 81 20 triale!
1191 2045 27 20 Et
1233 2045 16 19 il
1268 2049 36 16 est
1321 2044 52 21 faux
1391 2045 29 20 de
1442 2047 122 24 prétendre

1091 2079 88 15 comme
1194 2073 21 20 le
1229 2072 45 20 fait
1287 2073 24 19 la
1324 2079 79 18 presse
1416 2074 148 25 bruxelloise,

1091 2108 45 19 que
1145 2101 33 20 les
1188 2100 128 21 Flamands
1324 2101 64 20 aient
1396 2108 28 14 en
1439 2102 98 21 horreur
1543 2103 22 20 la

1091 2130 85 24 langue
1180 2129 126 23 française.
1312 2129 103 20 Edmond
1425 2129 80 21 Picard
1510 2131 56 20 écri-

1092 2158 48 19 vait
1158 2157 52 24 déjà
1227 2157 61 20 dans
1306 2157 21 21 la
1346 2157 132 26 Chronique
1488 2158 35 21 .àu
1540 2164 25 20 29

1089 2185 93 25 janvier
1192 2189 49 21 1911
1250 2191 6 13 :

1117 2220 11 12 «
1134 2213 19 20 II
1162 2216 39 17 est
1206 2212 94 20 inexact
1308 2212 66 25 qu’en
1390 2214 112 25 Belgique
1518 2220 47 15 «on

1091 2241 127 24 poursuive
1227 2240 115 21 l’aimable
1351 2241 71 21 clarté
1433 2241 132 26 française»

1091 2272 24 17 et
1123 2274 46 19 que
1176 2268 47 20 l’on
1238 2268 90 20 veuille
1338 2277 10 10 «
1353 2268 58 21 faire
1420 2270 95 21 déchoir
1525 2272 41 20 des

1092 2296 155 20 mentalités».
1258 2296 32 20 La
1300 2303 74 14 masse
1383 2297 28 20 de
1420 2304 43 14 nos
1477 2304 90 20 compa-

1091 2324 81 20 triotes
1182 2324 36 24 n’y
1228 2330 74 18 pense
1310 2331 41 18 pas
1359 2325 52 24 plus
1420 2326 52 24 qu’à
1480 2332 26 14 se
1515 2333 52 14 cou-

1091 2358 42 18 per
1141 2351 22 20 la
1171 2352 114 24 langue...

1117 2379 18 20 Il
1144 2383 35 17 est
1187 2383 52 16 tout
1246 2384 83 16 autant
1337 2381 92 21 inexact
1437 2388 45 18 que
1490 2387 11 11 «
1508 2389 58 18 pour

1092 2407 127 24 participer
1227 2408 13 19 à
1249 2408 22 19 la
1281 2408 90 20 culture
1386 2409 109 21 universe
1513 2418 19 15 »,
1550 2411 15 20 ij

1092 2435 37 25 n’y
1135 2435 33 20 ait
1176 2441 47 18 que
1232 2436 21 20 le
1261 2436 111 24 français.
1384 2436 33 20 En
1428 2437 88 24 réalité,
1531 2438 16 20 il
1552 2445 15 18 y

1092 2469 13 14 a
1113 2465 77 18 toutes
1198 2463 34 20 les
1240 2464 93 20 nations
1342 2467 23 17 et
1373 2466 76 19 toutes
1458 2465 54 20 LES
1519 2465 49 20 lan-

1091 2497 67 18 gues.
1167 2490 28 20 Et
1208 2497 60 18 pour
1277 2491 34 21 les
1319 2493 62 19 âmes
1394 2493 174 24 ataviquement

1092 2518 137 24 flamandes,
1240 2519 15 20 il
1266 2526 35 14 va
1310 2520 21 20 le
1339 2519 113 23 flamand,
1462 2526 11 12 «
1479 2525 37 16 cet
1523 2521 45 20 Ita-

1092 2546 47 20 lien
1148 2547 31 18 du
1190 2546 62 20 Nord
1261 2554 19 17 »,
1289 2551 77 21 ayant,
1376 2554 57 14 sous
1441 2554 25 14 sa
1476 2548 59 21 belle
1544 2553 23 16 et

1091 2574 70 20 noble
1167 2574 110 21 floraison
1284 2576 159 24 classique,les
1449 2577 117 24 multiples

1092 2602 89 20 racines
1190 2603 29 19 de
1228 2608 38 15 ses
1275 2604 90 24 patois,,
1373 2610 91 15 comme
1477 2605 35 20 les
1525 2609 42 16 ont

1091 2633 51 17 tous
1152 2630 35 20 les
1195 2630 115 26 langages
1318 2636 37 16 »...

1584 244 116 21 annuncia
1709 242 38 21 chi
1758 248 13 13 u
1782 239 121 25 Cunsigliu
1913 236 145 22 Provinciale

1585 273 22 19 di
1616 271 71 25 Tjmis
1697 268 107 22 Torontal
1814 274 12 13 a
1836 273 67 14 causa
1917 266 22 20 di
1953 272 12 13 e
1980 270 78 14 nume-

1586 305 53 13 rose
1653 298 112 24 Jagnanze
1780 295 100 20 ricevute
1895 294 27 19 da
1937 293 6 19 i
1959 290 98 22 Rumeni

1585 326 23 19 di
1618 332 13 12 u
1642 326 86 18 Banatu
1739 323 76 22 serbu,
1831 320 132 26 perseguiti,
1979 318 79 24 impri-

1585 352 87 25 giunati
1691 358 13 13 e
1718 350 76 26 puniti
1810 356 27 13 eu
1852 355 12 13 e
1879 347 118 21 cunfische
2012 345 22 20 i.i
2051 345 6 19 i

1586 379 53 20 béni
1649 379 28 19 da
1686 377 115 22 l'autorità
1807 376 123 26 jugoslave
1945 372 113 28 parch’eli’

1586 407 95 20 invianu
1691 406 6 19 i
1707 405 82 25 figlioli
1798 411 11 13 a
1819 403 76 21 studià
1904 403 23 20 in
1937 403 21 19 le
1967 400 90 22 scoledi

1586 434 122 23 Rumania,
1723 433 29 20 ha
1768 432 79 21 decisu
1861 431 22 20 di
1899 434 124 21 sotlupone
2036 429 22 19 a'

1587 463 121 23 Reggenza
1724 467 31 14 un
1771 458 135 22 memuriale
1921 465 40 18 per
1976 456 82 21 chiede

1586 489 147 21 I’immediata
1746 487 173 21 intervenzione
1929 484 129 26 diplomati-

1586 525 26 13 ca
1622 524 41 19 per
1670 523 60 19 pone
1738 516 46 20 fine
1793 522 12 13 a
1814 515 125 21 l’inumane
1953 519 105 19 persecu-

1586 546 74 20 zione.

1612 573 79 24 Qual’è
1699 572 36 20 chi
1745 578 31 14 un
1785 570 135 21 s’arricorda
1929 570 22 19 di
1961 576 13 13 u
1984 572 73 17 trostu

1586 600 57 20 fattu
1653 600 27 20 da
1690 600 7 20 i
1706 598 100 26 giurnali
1820 597 123 24 brinnaghj
1959 603 39 18 per
2013 603 44 13 una

1587 634 75 14 mezza
1671 627 88 20 duzena
1771 626 23 19 di
1808 625 103 20 studenti
1925 623 83 21 isulani
2022 623 36 20 chi

1587 656 121 19 andavanu
1723 661 13 13 a
1751 653 75 20 studià
1842 653 23 19 in
1878 651 146 21 l’Università
2035 651 22 20 di

1588 683 60 23 Pisa,
1658 682 22 20 di
1690 682 102 23 Paduva,
1802 680 22 20 di
1834 681 81 22 Roma,
1925 686 13 14 e
1946 680 22 20 di
1975 686 13 13 a
1997 685 62 19 pres-

1587 711 63 20 sione
1659 710 55 20 fatta
1723 709 28 20 da
1761 716 14 13 u
1784 714 103 19 guvernu
1898 707 102 21 francese
2009 706 50 26 (mi-

1590 738 77 20 naccie
1676 744 12 14 e
1697 737 79 20 offerte
1785 737 21 19 di
1816 736 201 23 cumpensazione)
2029 741 12 13 a
2051 734 6 20 i

1589 766 88 24 parenti
1685 766 22 19 di
1717 765 30 20 sti
1755 764 91 25 giovani
1855 763 88 25 guidati
1952 764 27 19 ed
1989 763 71 27 inspi-

1590 793 42 20 rât!
1641 793 28 20 da
1678 800 12 13 a
1699 793 63 20 forza
1771 791 154 26 insuparabile
1934 791 22 20 di
1966 798 12 13 a
1990 791 69 20 tradi-

1588 821 67 21 zione
1660 822 12 20 ?

1589 868 147 25 Castagni

1613 905 95 19 Avìamu
1724 904 89 25 parlatu
1828 910 12 14 a
1856 910 14 14 u
1885 910 27 14 so
1926 908 77 22 tempu
2014 904 22 20 di
2046 911 12 13 a

1589 933 66 24 legge
1663 932 22 20 di
1696 939 13 13 u
1719 932 12 20 6
1741 932 127 20 Décembre
1877 933 51 24 1928
1936 933 73 24 sopr’a
2025 939 34 14 re-

1588 960 201 24 gulamentazione
1797 960 23 20 di
1828 967 13 13 a
1856 960 144 24 splutazione
2015 961 21 20 di
2051 961 6 20 i

1589 988 136 25 castagneti.

1613 1015 32 21 Cu
1656 1016 82 20 ondeci
1748 1015 56 21 mesi
1813 1016 22 19 di
1846 1016 97 24 ritardu,
1953 1023 13 14 u
1977 1016 83 26 prefet-

1588 1047 24 16 tu
1630 1043 22 20 di
1675 1044 96 20 Corsica
1794 1051 57 14 vene
1869 1045 23 19 di
1908 1045 86 20 diramà
2013 1052 45 14 una

1588 1071 112 21 circulare
1708 1079 12 13 a
1736 1073 59 20 tutt’i
1810 1073 68 20 merrî
1895 1073 22 20 di
1931 1074 72 20 l’isula
2019 1081 41 19 per

1588 1099 49 21 falli
1645 1106 101 15 cunosce
1754 1108 13 13 e
1776 1101 156 24 dispusizione
1939 1103 22 20 di
1970 1107 35 17 sta
2014 1103 46 25 leg-

1588 1135 37 19 ge.

1614 1157 18 21 U
1641 1156 55 25 Sgiò
1706 1157 114 25 Bussière,
1830 1159 105 20 cum’ellu
1946 1166 11 13 a
1973 1159 50 21 dice
2035 1160 23 20 in

1589 1185 56 19 coda
1654 1185 23 20 di
1686 1192 13 13 a
1708 1192 26 14 so
1743 1186 87 24 Jettera,
1846 1187 13 20 è
1873 1194 27 14 eu
1904 1194 14 13 n
1922 1187 37 20 vin
1963 1191 23 17 tu
2001 1188 37 20 chi
2052 1188 7 20 i

1588 1213 50 27 sgiò
1647 1214 67 20 merri
1729 1214 120 25 ajuteranu
1864 1216 20 20 a’
1896 1216 164 21 realizzazione

1588 1241 23 20 di
1620 1248 13 13 e
1641 1242 87 21 misure
1736 1242 153 26 ghiustificate
1903 1244 22 20 di
1939 1251 122 14 cunserva-

1588 1269 67 21 zione
1663 1270 81 21 ch’ellu
1755 1278 58 14 vene
1825 1272 22 20 di
1862 1272 70 26 piglià
1942 1280 13 13 u
1969 1273 91 25 legisla-

1589 1301 56 17 tore.

1613 1326 18 20 A
1640 1326 88 24 Muvra,
1736 1328 53 24 ella,
1798 1332 61 17 resta
1868 1329 103 21 scettica.

1588 1379 90 21 Liber
1679 1380 114 22 alisimi

1613 1418 19 19 A
1642 1417 58 25 Lega
1709 1418 42 20 des
1759 1419 80 20 Droits
1846 1420 30 19 de
1884 1420 114 20 l’Homme
2007 1420 54 23 è,si-

1589 1445 74 20 condu
1672 1446 8 20 i
1689 1452 25 14 so
1723 1448 87 22 statuti,
1821 1454 44 14 una
1881 1448 50 25 lega
1945 1448 114 20 instituita

1590 1480 41 17 per
1639 1474 93 25 impedi,
1741 1475 28 20 da
1778 1482 12 13 a
1799 1479 66 20 parte
1879 1476 23 19 di
1916 1476 6 20 i
1937 1477 75 23 puteri
2020 1482 41 19 pu-

1590 1502 236 25 blici,ogniattentatu
1832 1507 82 17 contru
1924 1504 6 20 i
1938 1504 62 20 dritti
2006 1510 55 14 cun-

1589 1529 59 21 feriti
1657 1536 13 14 a
1681 1530 133 22 l’indivîdui
1827 1538 13 14 e
1854 1539 13 13 a
1880 1532 138 20 cullettività
2032 1532 28 19 da

1590 1558 146 20 l'immurtali
1747 1559 96 25 principj
1854 1560 22 20 di
1892 1567 14 13 u
1922 1560 49 25 1789
1980 1559 31 25 (?!
2018 1559 41 26 ?!),

1615 1586 96 21 Ghiorni
1719 1586 23 21 fà
1751 1594 30 13 un
1792 1587 105 25 delegatu
1907 1588 22 20 di
1944 1595 14 13 u
1967 1588 95 20 cumita-

1590 1618 24 17 tu
1623 1615 99 20 centrale
1731 1615 28 20 ha
1769 1615 52 20 datu
1830 1615 168 21 cunferenzein
2006 1616 57 20 Cor-

1590 1643 26 23 ti,
1631 1643 102 24 Ajacciu,
1749 1642 70 21 Santa
1827 1643 71 21 Maria
1908 1644 93 24 Sicchè,-
2014 1644 48 21 Oli-

1590 1676 61 18 vese,
1660 1671 94 23 Zicavu,
1763 1671 74 22 Sartè,
1847 1671 129 21 Bonifaziu.

1617 1699 97 20 L’invitu
1723 1706 13 13 a
1745 1699 117 25 l’Ajaccini
1870 1700 140 25 principiava
2024 1707 39 14 cu-

1591 1728 20 19 si
1619 1734 5 13 :
1636 1735 11 10 u
1654 1726 29 21 Si
1696 1727 42 23 des
1750 1728 100 25 citoyens
1860 1727 202 25 républicains

1591 1757 24 18 et
1621 1753 119 26 laïques
1754 1756 92 21 veulent
1859 1757 127 20 constituer
1999 1757 64 20 dans

1591 1783 50 21 leur
1648 1789 120 15 commune
1775 1791 45 13 une
1827 1784 88 21 section
1923 1785 30 21 de
1958 1784 25 24 Ig
1989 1780 74 30 Ligue

1591 1813 42 21 des
1648 1811 81 21 Droits
1751 1813 30 20 de
1796 1813 121 22 l’Homme,
1936 1813 22 20 le
1977 1814 88 20 Comité

1593 1841 96 20 Central
1694 1840 35 21 les
1734 1841 79 24 prient
1820 1841 53 25 (sic)
1878 1842 31 20 de
1914 1842 89 20 vouloir
2007 1843 55 20 bien

1590 1870 128 20 s’adresser
1725 1870 23 21 à,
1758 1872 43 19 etc,
1810 1872 43 18 etc.
1860 1878 11 11 »

1616 1897 101 23 Ciocchi,
1727 1897 160 23 sicuramente,
1898 1898 53 20 vole
1959 1898 23 20 di
1991 1899 36 20 chi
2037 1899 24 20 in

1591 1929 37 17 stu
1636 1925 62 20 beîlu
1708 1932 72 17 regnu
1789 1926 22 19 di
1820 1932 13 14 a
1845 1926 142 26 demagogia,
1997 1927 7 20 i
2018 1927 44 20 soli

1591 1953 115 25 giacubini
1715 1953 89 20 devenu
1813 1955 43 19 avè
1864 1954 71 20 drittu
1944 1961 12 13 a
1971 1961 13 14 a
1995 1955 68 24 justi-

1591 1981 34 20 zia
1633 1988 56 15 eau
1699 1981 133 25 rispettu.,,.
1848 1988 12 14 e
1868 1983 20 19 a’
1897 1982 95 21 fantasia
2002 1986 61 17 orto-

1591 2009 94 25 grafica.

1618 2037 33 21 Un
1669 2038 19 20 si
1707 2039 29 23 pô
1754 2038 72 20 micca
1842 2039 112 20 diniustrà
1972 2046 27 14 cu
2023 2040 39 25 piu

1591 2066 86 24 grande
1694 2066 119 25 ingenuità
1833 2073 13 13 a
1868 2067 119 25 parzialità
2009 2068 53 20 d’un

1592 2094 96 25 régime.

1743 2187 22 18 H.
1775 2187 138 19 YVIA-CROCE

1720 2232 215 25 ANTHOLOGIE

1796 2267 62 21 DES

1674 2299 173 23 ECRIVAINS
1864 2300 118 22 CORSES

1745 2338 90 16 EXTRAITS
1843 2336 69 19 VARIÉS

1762 2358 132 18 ACCOMPAGNÉS

1592 2382 24 14 DE
1624 2381 75 15 NOTICES
1706 2382 146 17 BIOGRAPHIQUES
1859 2383 23 14 ET
1890 2383 175 17 BIBLIOGRAPHIQUES

1700 2404 23 14 ET
1731 2404 24 14 DE
1762 2404 57 15 NOTES
1826 2405 133 15 EXPLICATIVES

1780 2427 97 18 ILLUSTRÉS

1705 2451 22 14 DE
1735 2451 98 16 NOMBREUX
1840 2450 113 18 FAC-SIMILÉS

1705 2479 56 15 AVEC
1771 2480 42 14 UNE
1820 2476 97 20 PRÉFACE
1924 2481 29 15 DE

1719 2501 25 15 M.
1753 2501 63 15 PAUL
1824 2502 115 16 GRAZIANI

1670 2523 86 15 Archiviste
1766 2524 119 18 Départemental
1892 2526 19 14 de
1918 2526 16 14 la
1942 2526 44 15 Corse

1760 2549 50 15 TOME
1816 2550 81 15 PREMIER

1670 2574 37 17 (XV-
1715 2574 39 15 XVI-
1762 2574 46 15 XVII-
1815 2575 23 14 ET
1846 2576 54 14 XVIII-
1909 2572 77 22 SIÈCLES)

1615 2605 9 17 I
1631 2605 38 18 vol.
1678 2606 21 17 in
1707 2605 19 18 8°
1734 2606 20 17 di
1762 2605 34 19 332
1804 2607 77 23 pagine:
1895 2607 27 18 20
1934 2608 98 19 franchi.

1683 2641 68 19 Ajacciu,
1759 2642 84 18 Stamparia
1851 2643 16 15 di
1874 2643 18 15 A
1899 2643 72 15 Muvra.

2111 105 23 21 A
2144 104 106 23 ’nzuffata
2262 104 24 22 di
2300 111 13 14 u
2328 105 92 24 Casino

2116 177 41 46 In
2173 177 109 47 Paese
2300 179 223 59 Sunquistalu

2255 241 132 29 (Seguitu)

2111 309 108 23 St’clima
2240 316 92 20 scorsa,
2354 316 149 24 racuntendu
2520 329 26 17 au

2085 344 102 24 ininutu,
2198 350 12 14 a
2223 343 90 22 baruffa
2325 346 115 22 accaduta
2453 355 13 15 a
2479 357 13 15 u
2505 354 42 23 Ca-

2084 376 54 21 sino
2150 376 163 28 d’Ajacciu,in
2323 378 95 27 seguitu
2431 386 13 15 a
2456 381 92 29 l’incur-

2084 411 61 19 relta
2156 416 13 14 a
2180 411 130 26 arrugante
2322 410 194 29 demustrazione
2527 422 21 22 cii

2084 441 114 23 l’officiali
2213 443 24 21 di
2250 449 13 14 a
2275 442 68 22 flotta
2356 443 118 30 francese,
2487 452 60 24 avia-

2085 481 40 15 mu
2144 475 110 22 accinatu
2277 482 13 15 a
2314 478 187 26 pretenziunosa
2520 488 27 21 ri-

2085 508 92 22 chiesta
2197 509 23 21 di
2230 515 71 15 scuse
2316 509 24 21 di
2356 516 15 15 u
2385 510 162 32 Cumandanle

2085 541 24 22 di
2127 547 13 19 a
2162 541 91 22 Marina
2273 542 127 28 d’Ajacciu
2419 550 13 15 a
2450 546 99 29 l’ammi-

2085 575 144 22 nistrazione
2241 576 24 21 di
2274 582 14 16 u
2297 576 68 23 dettu
2378 577 161 31 stabilimentu

2085 608 97 21 Avemu
2199 608 64 22 vistu
2283 608 60 22 dinô
2363 610 112 25 cum’ellu
2492 616 17 21 ]i
2526 604 21 40 qj

2085 640 108 28 rispostu
2204 642 107 21 secondu
2320 648 12 15 a
2339 642 94 23 chiama
2446 651 12 15 e
2471 653 77 21 secon-

2086 673 30 21 du
2127 673 7 21 i
2146 674 88 21 meriti.

2112 709 61 23 Eccu
2194 710 37 22 chi
2252 710 162 24 st’insudesfu
2439 715 100 28 officiale

2085 743 142 22 credendusi
2243 750 99 22 sempre
2362 752 12 14 a
2391 753 13 14 u
2423 753 72 21 paese
2515 755 27 23 dj

2086 775 76 25 Gialli
2175 782 13 19 p
2201 777 23 21 di
2234 778 7 20 i
2255 777 68 27 Neri,
2337 778 54 22 face
2404 786 29 15 un
2455 788 91 24 rapp0r-

2086 811 24 20 tu
2132 816 13 15 a
2162 816 15 16 u
2196 810 170 26 Cumandante
2385 813 25 26 jdi
2432 820 13 15 a
2461 815 76 29 Piazza

2085 845 150 21 mettendulu
2247 845 52 22 eus!
2312 846 24 22 in
2351 846 85 28 obligu
2453 849 25 22 di
2495 858 50 19 cun-

2086 877 70 28 signà
2168 884 13 15 u
2194 878 92 23 Casino
2298 885 13 15 a
2323 879 107 23 l’official
2434 881 7 21 i
2454 882 23 22 di
2490 886 55 27 terra

2085 917 13 15 e
2110 911 25 21 di
2147 917 65 17 mare
2224 911 136 28 d’Ajacciu.

2111 947 104 27 Sapemu
2234 949 112 22 cum'elle
2367 950 21 21 si
2410 951 106 28 piglianu
2532 966 10 15 e

2086 981 118 23 decisioni
2217 983 25 21 in
2254 982 109 23 l’armata
2373 983 109 25 francese
2494 994 12 16 e
2515 992 31 21 vi-

2086 1015 73 22 demu
2178 1016 24 21 in
2219 1015 46 23 ’ssa
2285 1022 98 16 manera
2405 1019 109 24 cum’elle
2529 1026 17 21 si

2086 1049 108 27 piglianu
2204 1050 23 21 in
2241 1049 102 23 Corsica
2364 1050 22 22 di
2403 1053 73 21 modu
2496 1061 49 22 spé-

2086 1082 60 22 ciale
2158 1089 14 15 e
2180 1083 80 21 simile
2268 1089 14 15 a
2294 1083 113 22 cum’ellu
2419 1085 20 21 si
2449 1086 51 23 face
2511 1096 12 15 a
2533 1098 13 15 u

2087 1118 125 29 Senegallu
2225 1125 14 16 o
2252 1120 25 21 in
2294 1119 126 28 Indocina,
2437 1128 13 16 e
2471 1127 76 30 percip

2085 1155 157 25 prutestemu,
2256 1153 108 22 bramosi
2378 1154 24 22 di
2415 1156 59 27 sapé
2488 1158 19 23 si
2519 1161 29 21 si-

2086 1188 58 21 mile
2152 1189 63 20 statu
2226 1187 24 21 di
2264 1192 60 17 cose
2336 1187 13 21 è
2359 1189 113 26 perdura
2490 1196 56 21 assai

2087 1221 24 21 in
2122 1221 25 21 lu
2160 1222 84 20 nostru
2259 1226 83 22 paese.

2115 1257 79 22 CJnn’è
2206 1258 121 21 interessu
2351 1259 102 27 puliticu
2466 1267 15 16 o
2493 1263 56 23 altru

2086 1290 39 22 chi
2138 1290 22 22 ci
2176 1291 77 21 strada
2271 1297 13 15 a
2297 1291 77 29 piglià
2395 1296 74 24 punta
2489 1297 60 26 pe’u

2087 1323 90 22 Casino
2188 1323 134 29 d’Ajaccio,
2335 1331 14 16 e
2362 1326 6 21 i
2382 1328 76 23 nostri
2471 1329 78 25 lettori

2086 1358 20 20 si
2118 1363 31 15 ne
2161 1363 86 16 seranu
2256 1358 31 22 bè
2295 1359 93 22 abbisti
2403 1366 12 15 a
2429 1367 14 15 e
2454 1364 76 21 moite
2537 1372 12 14 e

2086 1391 75 26 ipolte
2173 1391 102 27 çritiche
2288 1392 39 22 chi
2340 1392 40 23 no’
2392 1400 89 16 avemu
2494 1397 57 23 fattu

2085 1431 13 14 a
2116 1424 132 22 l’indirizzu
2268 1426 24 21 di
2314 1433 48 15 \ssu
2386 1428 162 31 stabilimentu

2086 1458 38 22 chi
2137 1458 39 22 no’
2186 1465 31 15 un
2227 1459 164 23 ricunuscimu
2401 1462 76 22 micca
2487 1465 62 27 utile,

2086 1495 52 21 anzi
2147 1495 5 21 !
2164 1494 47 27 Ma,
2221 1502 12 15 a
2251 1496 93 28 raggiò,
2362 1502 68 18 cume
2442 1505 13 15 a
2467 1501 82 27 verità,

2088 1531 162 22 unn’essendu
2271 1532 45 22 che
2339 1539 56 20 una,
2424 1535 126 25 insistemu

2086 1566 200 27 energicamente
2303 1566 39 22 chi
2363 1573 12 15 a
2395 1569 114 23 cundotta
2527 1572 21 22 di

2086 1598 114 23 l’officiali
2212 1599 24 22 di
2248 1600 94 22 marina
2354 1600 14 22 è
2379 1603 61 23 s£ata
2451 1603 101 27 incuret-

2088 1635 23 19 ta
2126 1632 39 22 for
2180 1633 23 21 di
2222 1633 7 21 i
2246 1633 85 27 limiti,
2350 1634 40 22 chi
2406 1642 12 15 a
2430 1637 94 23 lezione
2538 1639 13 23 è

2088 1672 62 19 stata
2163 1669 42 28 più
2216 1670 45 21 che
2273 1671 124 27 meritata,
2415 1678 13 16 e
2444 1674 38 22 chi
2499 1675 54 23 l’or-

2088 1703 52 22 dini
2152 1703 97 28 pigliati
2270 1704 25 21 in
2314 1706 98 27 seguitu
2429 1713 31 16 un
2477 1708 27 23 sô
2524 1710 28 21 da

2088 1737 64 21 dassi
2163 1743 26 15 ca
2201 1737 23 21 in
2234 1739 76 27 paesi
2321 1737 159 31 cunquistaii
2489 1743 62 22 duve

2088 1777 13 15 a
2116 1770 68 27 jente
2201 1771 111 23 s’accetta
2334 1779 62 16 ancu
2413 1780 13 16 a
2440 1776 112 22 distribu-

2087 1805 103 25 ziunplla
2202 1805 23 23 di
2241 1812 13 19 e
2264 1807 110 25 njirbate,
2388 1808 22 21 si
2421 1814 46 21 que
2484 1810 69 27 piace

2089 1844 12 16 a
2112 1845 16 15 u
2139 1839 196 28 cunquistadore,
2354 1858 4 3 .

2116 1874 40 23 Sta
2169 1878 96 20 recente
2274 1877 129 23 decisione
2414 1880 21 21 ci
2448 1882 68 25 porta
2523 1883 29 20 ad

2083 1908 89 22 ’accinà
2183 1909 103 22 un’altra
2296 1911 145 23 abbastanza
2460 1917 92 19 recente

2089 1942 126 22 decisione
2221 1943 56 21 d’un
2285 1944 61 22 altru
2358 1951 100 22 genere,
2472 1947 78 28 piglia-

2088 1977 23 20 ta
2124 1976 25 21 in
2162 1976 98 27 Ajacciu
2277 1980 87 20 contru
2383 1980 59 27 ogni
2462 1981 89 27 régula-

2089 2012 91 19 mentu.

2116 2046 106 29 A’junta
2231 2047 58 23 d’un
2301 2051 118 25 generale
2431 2050 123 29 ispettore,

2088 2079 124 23 l’autorità
2232 2081 109 22 miütare
2370 2082 53 22 face
2451 2084 104 27 prisentà

2089 2113 83 23 l’arme
2181 2114 29 21 da
2218 2114 58 22 duie
2285 2117 147 27 cumpagnie
2440 2117 115 22 infilarate

2090 2150 99 22 davanti
2202 2156 12 16 a
2226 2151 146 27 Prefettura,
2384 2154 83 22 avanti
2479 2161 13 15 a
2503 2154 53 22 visi-

2090 2186 23 19 ta
2126 2184 24 21 di
2163 2184 137 23 st’ufflciale
2320 2188 116 26 generale
2450 2193 13 16 a
2475 2194 16 15 u
2502 2188 55 22 Pre-

2091 2216 59 24 fettu
2162 2223 13 16 e
2187 2224 15 14 u
2218 2218 35 22 so’
2262 2218 114 31 ingressu
2393 2220 25 22 in
2439 2227 33 15 un
2492 2221 65 23 hotel

2090 2250 23 21 di
2127 2253 64 19 terza
2203 2253 133 27 çateguria.
2344 2253 43 22 Ste
2399 2255 158 26 cummpdiatp

2091 2293 31 15 un
2140 2293 28 18 sp
2188 2283 62 27 altru
2270 2289 46 21 che
2334 2296 45 21 per
2395 2291 133 28 imponene
2545 2297 13 15 a

2090 2326 47 16 una
2148 2322 161 27 populazione
2323 2323 95 24 ch’omu
2441 2325 73 22 crede
2524 2327 35 19 at-

2089 2356 83 25 tempu
2193 2355 135 23 intimurita
2351 2363 14 15 e
2386 2358 174 22 'intusiasmata

2091 2390 29 21 da
2130 2397 15 15 u
2156 2391 106 29 sfuîgurà
2272 2393 45 21 die
2326 2393 118 23 bainette.
2457 2394 103 28 Sapemu

2090 2423 87 23 ch’elle
2189 2431 31 15 un
2231 2425 22 21 si
2266 2425 86 23 facenu
2365 2433 27 16 ca
2411 2428 26 22 in
2455 2428 102 22 Corsica

2091 2465 13 16 e
2116 2466 13 15 a
2141 2466 13 15 e
2166 2462 104 26 culunie,
2280 2468 14 15 e
2302 2468 14 16 a
2327 2463 231 27 ripetimu,sariamu

2091 2494 89 21 curiosi
2193 2495 23 21 di
2228 2494 60 29 sapé
2305 2497 138 27 quand’elle
2460 2498 96 23 sarianu

2090 2532 44 22 per
2144 2529 105 27 compie.

2117 2562 79 24 Micca
2219 2564 68 23 chi...
2306 2573 14 14 u
2344 2568 94 27 populu
2460 2568 28 22 sà
2505 2575 49 15 e....

2090 2597 96 27 capisce
2196 2598 6 21 !

2323 2640 32 22 A.
2367 2640 30 23 F.
2409 2642 120 22 Franchi.

92 2732 104 22 Faglittinu
203 2733 20 17 di
230 2732 184 19 AJVluvra—n.142
418 2732 54 18 —diu
477 2730 84 19 24-11-29

117 2794 151 53 PÂSÜU
272 2795 86 47 ALE
367 2811 4 3 ■
392 2793 146 48 PA0L1

297 2869 62 19 OSSIA

135 2914 39 35 La
192 2914 81 35 Rotfa
290 2913 29 35 di
333 2913 175 34 Penîsmovô

92 2972 275 24 RACONTOCORSO
373 2969 188 24 DELSECOLO

285 3010 81 22 XVIII

316 3052 24 18 DI

189 3096 32 23 F.
236 3096 37 23 D.
290 3094 174 25 Guerra^zi

121 3160 43 22 Gli
177 3159 54 21 altri
243 3158 94 27 parenti
352 3163 105 22 seppero
469 3159 95 20 cotesto

91 3194 57 20 loro
168 3192 82 20 antico
272 3191 129 27 congiunto
414 3192 79 20 morto
506 3196 12 15 a
531 3196 33 16 un

91 3227 86 23 tempo
190 3229 12 15 e
211 3224 138 25 vendicato,
359 3229 13 15 e
383 3225 87 26 questo
478 3226 88 19 nerat-

92 3256 98 27 temprò
200 3257 114 27 alquanto
322 3256 142 28 l’angoscia.

120 3289 10 21 I
145 3289 113 22 Francesi
271 3289 76 22 chiusi
356 3290 40 21 col
405 3289 79 22 Ludre
495 3290 71 21 ades-

91 3326 29 17 so
148 3327 144 16 conoscono
305 3322 44 21 che
360 3328 27 16 se
411 3323 22 21 si
444 3322 121 27 vogliono

89 3353 115 25 liberare,
215 3354 106 28 importa
332 3356 111 20 mettersi
454 3355 48 21 allô
512 3355 54 21 sba-

91 3386 80 27 raglio
187 3392 45 21 per
251 3387 176 28 congiungersi
438 3394 14 15 a
467 3388 56 27 quei
541 3388 24 22 di

91 3417 69 23 fuori
169 3425 5 19 ;
187 3420 22 20 la
219 3421 74 25 quale
302 3425 55 17 cosa
365 3426 27 16 se
400 3422 102 20 venisse
509 3421 56 21 loro

91 3450 63 22 fatto
175 3452 24 20 di
218 3453 145 27 conséguire
383 3455 92 25 poteva
495 3458 70 16 senza

93 3484 93 21 dubbio
196 3484 62 22 dirsi
271 3486 68 21 vinta
358 3487 25 20 la
398 3492 86 22 prova,
497 3487 68 25 parte

93 3516 140 22 comandati
254 3524 15 14 e
286 3520 66 25 parte
374 3519 135 24 volontari,
532 3524 33 15 un

94 3550 73 19 cento
186 3549 100 28 irruppe
305 3550 60 21 fuori
383 3551 40 21 dei
434 3551 75 26 ripari
520 3556 47 21 per

93 3580 53 21 fare
163 3581 90 27 impeto
273 3583 30 20 da
321 3588 33 15 un
375 3584 51 21 lato
443 3584 26 20 in
486 3584 80 25 quelle

94 3618 67 20 case,,
171 3614 25 20 le
207 3615 68 25 quali
287 3615 117 22 dall’altro
417 3616 26 21 in
450 3616 57 26 quel
513 3621 54 16 mo-

587 2734 84 20 mento
683 2735 81 19 stesso
785 2735 154 22 assaltavano
951 2736 8 21 i
974 2741 87 22 grana-

587 2764 57 22 tieri
657 2771 5 19 ;
672 2766 8 20 i
705 2764 73 23 Corsi
791 2766 45 22 che
859 2768 88 22 videro
968 2771 92 21 cotesto

588 2798 123 22 tentativo
722 2799 26 21 lo
769 2799 172 29 giudicarono,
960 2808 27 15 se
997 2803 64 22 fosse

588 2830 112 27 riuscito,
712 2832 50 21 taie
774 2832 30 22 da
822 2834 95 21 saldare
933 2836 58 27 ogni
1004 2842 58 16 con-

588 2864 27 20 to
625 2868 6 20 ;
645 2864 64 21 onde
733 2866 145 25 passandosi
891 2872 62 17 voce
973 2869 31 21 da
1015 2875 47 15 una

590 2901 54 15 casa
657 2896 102 22 all’altra
771 2904 44 20 per
825 2900 118 25 via^delle
964 2901 99 23 finestre

590 2933 15 16 o
618 2928 40 21 dei
669 2930 97 27 pertugi
779 2933 112 24 praticati
904 2934 39 21 nei
956 2936 63 21 mûri
1031 2937 33 20 la-

589 2962 81 26 terali,
694 2963 149 24 stabilirono
871 2966 135 28 adoperare
1028 2969 35 28 gli

590 2993 72 22 sforzi
672 2996 109 26 supremi
792 3003 46 20 per
846 3000 125 22 mandarlo
979 3007 12 15 a
1002 3007 62 17 vuo-

590 3028 40 20 to:
644 3026 26 22 in
682 3027 86 23 effetto
777 3032 98 24 quando
887 3038 26 16 se
925 3034 24 21 lo
962 3037 103 25 aspetta-

592 3064 66 17 vano
669 3066 79 22 meno,
760 3062 65 28 dopo
835 3070 49 17 una
906 3067 94 21 scarica
1011 3068 54 21 uni-

591 3094 106 26 versale,
710 3094 22 21 si
741 3100 118 22 apersero
872 3099 193 23 violentemente

590 3125 35 27 gli
638 3126 51 22 usci
703 3127 25 21 di
741 3130 130 25 parecchie
884 3137 54 16 case
959 3138 13 15 e
983 3139 32 16 ne
1026 3139 40 16 ro-

591 3158 61 22 vinô
661 3158 68 26 fuori.
738 3167 48 16 una
799 3164 78 21 torma
889 3165 25 20 di
933 3168 76 24 gente
1021 3167 45 21 che

592 3196 46 16 con
650 3192 22 21 le
683 3193 90 26 pistole
784 3194 123 24 incarcate
915 3197 26 21 in
948 3199 119 22 ambedue

592 3224 24 21 le
626 3225 65 21 mani
706 3231 14 16 e
731 3227 25 20 lo
779 3228 102 23 stilletto
904 3230 94 28 ignudo
1010 3232 37 21 fra
1058 3232 8 22 i

592 3257 77 26 denti,
679 3259 22 21 si
713 3260 109 22 avventò
831 3261 146 29 balenando,
984 3270 14 16 e
1006 3267 61 20 tras-

592 3296 27 15 se
630 3290 54 22 cosi
696 3292 24 21 di
744 3296 117 20 concerto
874 3295 46 22 che
941 3296 27 22 fu
984 3298 82 22 inteso

592 3329 33 15 un
636 3324 72 27 colpo
721 3326 56 21 solo
784 3332 5 19 ;
801 3326 8 21 i
821 3329 91 21 nemici
925 3331 142 21 stramazza-

592 3361 62 16 rono
666 3357 27 20 in
704 3362 34 16 un
746 3358 115 23 mucchio
870 3361 45 21 alla
927 3362 93 22 rinfusa
1027 3364 39 21 chi

592 3390 89 24 morto,
690 3389 40 22 chi
738 3389 130 28 ferito,chi
876 3398 68 22 sano,
951 3398 116 20 mastras-

593 3421 80 21 cinato
686 3422 65 27 dagli
775 3424 54 21 altri
841 3431 6 19 ;
860 3425 8 21 i
881 3425 81 27 Còrsi,
980 3429 87 27 gittate

592 3454 41 20 vie
645 3454 23 20 le
676 3454 105 26 pistole,
799 3456 182 30 impugnarono
993 3462 17 21 il
1018 3464 49 21 col-

592 3486 60 21 tello
664 3491 13 16 e
689 3487 44 26 giù
744 3487 25 21 di
781 3488 70 23 botto
864 3496 29 16 su
904 3494 92 22 cotesta
1005 3501 63 17 mas-

592 3524 27 15 sa
631 3518 25 21 di
668 3524 72 17 carne
751 3523 122 22 menando
886 3525 64 27 colpi
959 3527 109 28 dispera-

591 3551 29 20 ti.
630 3551 11 21 I
655 3551 115 23 Francesi
778 3554 96 24 rimasti
886 3558 86 23 dentro
984 3561 8 21 i
1004 3562 64 26 ripa-

592 3583 22 21 ri
636 3586 67 24 presi
723 3586 30 21 da
774 3589 96 22 tërrore
889 3596 13 16 e
922 3594 99 24 paurosi
1042 3595 25 21 di

592 3616 136 27 sfolgorare
735 3620 8 21 i
751 3624 163 26 compagniin
924 3626 144 24 quellazuffa

1087 2739 132 21 mescolata
1229 2740 103 21 stettero
1349 2740 83 26 inerti,
1445 2747 13 15 e
1469 2741 8 21 i
1490 2740 71 23 Corsi

1088 2771 204 26 approfittandosi
1304 2773 63 22 dello
1376 2774 186 27 sbigottimento

1088 2805 93 21 saltano
1201 2805 111 23 indietro
1324 2812 13 16 e
1350 2807 19 21 si
1397 2807 165 23 rinchiudono

1088 2836 26 21 in
1123 2843 54 16 casa
1188 2845 6 19 ;
1205 2838 24 21 di
1239 2839 55 22 loro
1304 2840 71 27 pochi
1388 2846 31 16 ne
1428 2841 89 22 rimase
1527 2841 36 22 fe-

1088 2870 42 21 riti
1140 2877 6 15 :
1160 2877 111 17 nessuno
1283 2875 80 20 morto
1371 2880 6 20 ;
1389 2874 40 22 dei
1449 2874 113 23 Francesi

1089 2902 156 28 (incredibile
1257 2911 14 15 a
1280 2906 60 22 dirsi
1353 2912 25 16 se
1389 2907 7 21 i
1416 2908 92 22 ricordi
1525 2908 36 22 de’

1089 2937 76 26 tempi
1186 2943 48 16 non
1255 2938 27 21 lo
1305 2942 164 21 accertassero
1492 2947 70 16 senza

1090 2970 92 22 screzio
1194 2970 36 22 fra
1237 2971 74 28 loro),
1320 2973 46 21 soli
1374 2974 80 22 sedici
1461 2979 103 22 soprav-

1090 3002 97 23 vissero
1200 3005 30 20 ed
1242 3010 63 16 anco
1316 3007 120 21 malconci
1447 3014 6 19 ;
1467 3008 34 28 gli
1510 3007 53 22 altri

1091 3037 194 27 ottantaquattro
1309 3040 133 27 giacquero
1471 3041 91 27 spenti;

1091 3069 139 23 miseranda
1239 3072 82 27 strage
1329 3078 73 22 opéra
1407 3074 25 21 in
1439 3080 32 16 un
1478 3074 85 22 attimo

1092 3108 69 17 corne
1168 3104 40 22 dal
1215 3104 108 24 fulmine
1332 3108 25 20 di
1366 3107 58 23 Dio.

1120 3136 10 21 I
1136 3138 136 26 granatieri
1282 3139 7 20 i
1299 3141 64 25 quali
1371 3141 117 22 dall’altra
1496 3144 68 24 parte

1092 3169 41 21 dei
1143 3172 144 27 caseggiato
1299 3178 111 18 avevano
1422 3174 70 22 bensi
1503 3175 62 21 inte-

1093 3207 28 16 so
1133 3202 18 22 il
1160 3204 73 27 grido
1245 3204 25 22 di
1291 3205 112 23 baldoria
1415 3207 39 22 dei
1469 3213 96 22 compa-

1092 3235 52 27 gni,
1157 3242 40 16 ma
1207 3243 51 16 non
1272 3238 64 22 vista
1357 3239 58 27 fine,
1434 3240 131 23 instavano

1093 3268 43 27 più
1146 3269 72 22 fermi
1233 3270 116 23 che'--mai
1371 3279 45 21 per
1439 3275 86 27 aprirsi
1548 3275 18 21 il

1093 3306 76 17 varco
1178 3308 6 20 ;
1198 3303 128 27 gittaròno
1338 3305 28 22 da
1375 3307 80 26 prima
1478 3308 24 21 le
1513 3313 54 22 gra-

1092 3336 57 20 nate
1160 3341 14 15 a
1186 3341 83 22 mano,
1280 3338 23 21 le
1315 3339 63 26 quali
1399 3340 166 27 cagionarono

1093 3368 106 26 strepito
1210 3370 79 22 molto
1313 3375 48 17 non
1386 3372 80 22 danno
1475 3379 5 19 ;
1496 3374 42 25 poi
1551 3379 14 16 o

1093 3402 89 22 muniti
1192 3402 24 21 di
1229 3405 66 20 scale
1308 3409 14 16 0
1334 3404 85 22 armati
1431 3405 23 21 di
1468 3406 63 21 scuri
1544 3406 21 21 si

1092 3433 158 24 affrettarono
1261 3437 95 21 asalire
1365 3438 72 25 perle
1447 3439 119 27 muraglie

1093 3473 14 15 e
1118 3473 12 15 a
1142 3474 112 21 spezzare
1267 3470 24 20 le
1299 3470 70 26 porte
1378 3475 6 20 ;
1403 3471 163 27 spingendosi

1094 3500 98 22 innanzi
1201 3506 45 16 con
1255 3502 24 21 la
1289 3507 129 17 veemenza
1427 3503 45 22 che
1478 3503 23 21 fa
1510 3509 58 22 qua-

1094 3533 21 20 si
1126 3538 98 21 sempre
1237 3533 147 23 invincibile
1392 3535 175 23 l’assaltofran-

1094 3570 65 20 cese,
1171 3570 74 17 erano
1255 3567 82 27 giunti
1346 3569 66 20 sotto
1423 3569 24 20 le
1455 3569 113 23 feritorie

1094 3597 40 21 dei
1143 3597 82 26 Còrsi,
1239 3599 23 20 ai
1281 3599 65 27 quali
1367 3601 78 21 ormai
1468 3601 25 21 di
1506 3607 61 21 poca

1094 3629 81 22 utilité
1195 3630 109 23 riusciva
1325 3632 26 21 lo
1372 3632 124 28 schioppo
1506 3640 6 19 ;
1528 3640 39 16 ma

1589 2743 174 27 alloraposero
1775 2751 70 17 mano
1857 2752 13 15 a
1882 2752 82 16 nuova
1970 2748 95 20 manie-

1589 2781 27 16 ra
1626 2776 24 23 di
1661 2776 89 28 difese,
1763 2778 46 22 che
1817 2779 44 27 giù
1869 2780 40 21 dai
1921 2780 96 28 pertugi
2027 2780 39 22 in-

1590 2810 187 23 cominciarono
1789 2817 12 15 a
1825 2813 104 27 piovere
1948 2818 75 22 acqua
2033 2814 32 21 ed

1590 2842 52 22 olio
1653 2843 113 23 bollenti.
1780 2844 30 22 Se
1822 2846 145 22 riuscissero
1987 2847 77 21 atroci

1590 2877 95 20 coteste
1707 2879 143 25 scoltature,
1864 2880 126 26 pensatelo
2011 2880 51 28 voi,

1590 2914 14 15 e
1615 2909 152 23 nondimeno
1780 2912 55 26 quei
1849 2912 98 22 bizzarri
1961 2914 102 21 cervelli

1590 2947 32 16 ne
1632 2942 126 23 celiavano
1767 2950 6 16 :
1783 2956 29 4 —
1823 2951 13 16 e
1848 2946 78 27 largo,
1943 2947 120 22 dicevano

1590 2976 23 21 ai
1626 2978 135 27 compagni,
1774 2979 69 27 largo
1857 2979 44 22 che
1912 2980 7 21 i
1939 2979 70 23 Corsi
2026 2980 38 28 pi-

1591 3009 83 27 gliano
1682 3010 62 27 gatti
1757 3017 13 15 a
1781 3012 93 26 pelare.
1883 3024 30 4 —
1922 3012 85 23 Subito
2020 3014 44 21 do-

1592 3048 32 21 po
1633 3043 18 21 il
1662 3043 52 21 sols
1722 3045 91 21 rimase
1825 3040 112 28 ôscurato
1944 3047 29 21 da
1979 3053 32 15 un
2021 3053 43 16 nu-

1591 3076 58 27 golo
1661 3076 24 22 di
1698 3078 138 22 masserizie
1848 3079 156 23 domestiche
2014 3087 5 19 ;
2029 3083 35 19 ta-

1592 3109 65 26 lune,
1670 3115 12 16 a
1692 3111 129 26 verodire,
1834 3112 112 27 incapaci
1957 3119 107 17 a.recare

1592 3148 75 21 grave
1675 3143 90 26 danno,
1775 3145 60 21 altre
1842 3146 42 26 poi
1892 3147 26 20 lo
1926 3148 138 25 portavano

1592 3176 157 27 gravissimo,
1773 3183 69 16 corne
1854 3194 4 3 .
1866 3179 100 26 conche,
1979 3181 83 27 catini,

1593 3210 87 20 mortai
1691 3210 24 20 di
1723 3210 79 27 pietra
1814 3211 30 20 ed
1854 3212 56 21 altri
1923 3213 83 22 siffatti
2017 3221 5 19 ;
2031 3215 33 21 ed

1592 3248 63 16 anco
1667 3243 42 27 qui
1719 3250 3 3 ■
1732 3244 23 21 la
1778 3244 157 28 gioccondità
1953 3246 111 24 francese

1593 3275 75 23 trovô
1679 3276 30 21 ad
1733 3277 145 23 incastrarci
1902 3280 23 20 la
1944 3286 51 20 sua,
2019 3281 44 22 che

1593 3308 67 22 Tuno
1672 3309 103 23 all’altrò
1792 3311 86 22 diceva
1887 3318 7 16 :
1904 3324 28 4 —
1943 3313 24 21 tè
1979 3317 84 24 questa

1594 3343 110 24 mestola,
1716 3345 129 24 camerata,
1859 3344 20 21 e’
1892 3351 77 16 sanno
1981 3346 46 22 che
2036 3349 27 20 tu

1593 3375 19 21 ti
1625 3375 35 21 sei
1667 3374 61 22 fatto
1737 3381 74 21 sposo
1819 3382 13 15 e
1839 3378 120 27 vogliono
1965 3379 98 23 aiutarti

1593 3412 14 16 a
1629 3407 104 21 drizzare
1753 3414 27 15 su
1798 3414 65 16 casa.
1871 3422 30 4 —
1909 3410 42 22 Un
1961 3411 103 23 uffiziale

1594 3440 62 21 ebbe
1678 3440 19 21 il
1718 3446 61 21 capo
1799 3442 147 23 malamente
1957 3447 66 20 rotto
2033 3447 31 20 da

1594 3478 47 15 una
1662 3473 70 25 culla,
1743 3479 13 15 e
1773 3474 40 21 nel
1832 3477 146 22 sovvenirlo
1989 3478 18 21 il
2019 3484 44 16 suo

1594 3510 137 22 compagno
1743 3508 38 19 tra
1792 3508 67 21 serio
1868 3514 13 15 e
1890 3508 80 23 faceto
1982 3511 34 27 gli
2027 3511 36 22 di-

1595 3543 59 15 ceva
1662 3544 41 15 :—
1714 3539 26 21 in
1752 3539 24 21 fè
1788 3540 24 21 di
1822 3540 57 27 Dio,
1893 3548 51 16 non
1955 3544 20 20 si
1989 3543 13 22 è
2014 3545 49 22 mai

1594 3570 68 22 visto
1672 3572 103 28 peggio;
1788 3573 78 22 anche
1878 3574 74 23 Golia
1973 3576 91 23 rimase

1594 3603 72 22 vinto
1678 3604 31 22 da
1719 3610 34 16 un
1776 3605 117 26 bambin.o
1914 3614 13 15 e
1938 3609 124 26 pazienza!

1594 3641 39 15 ma
1638 3636 29 21 da
1673 3642 48 16 una
1727 3638 64 21 culla
1796 3644 70 17 senza
1871 3640 32 22 né
1908 3646 85 20 manço
1998 3643 66 24 bam-

2092 2747 58 23 bino
2161 2749 75 22 riesce
2247 2751 59 21 dura
2319 2758 14 15 a
2350 2754 210 27 trangugiaria.—

2092 2781 26 22 In
2129 2784 83 25 questa
2219 2784 139 23 rovinando
2369 2792 48 16 una
2425 2788 81 21 madia
2518 2786 41 22 fra-

2091 2820 69 17 cassa
2170 2816 21 21 la
2203 2818 75 26 spalla
2301 2819 24 21 al
2346 2821 192 28 motteggiatore
2546 2825 13 14 e

2091 2847 78 23 l’altro
2177 2851 130 22 comecchè
2317 2853 161 23 conlafaccia
2489 2854 69 27 piena

2091 2882 22 21 di
2126 2888 91 22 sangue
2228 2884 105 23 ridendo
2345 2887 151 27 rispondeva
2505 2894 7 15 :
2522 2886 35 22 chi

2091 2916 104 22 avrebbe
2201 2918 101 22 creduto
2312 2919 44 22 che
2364 2920 23 21 la
2396 2923 79 20 morte
2484 2922 74 21 stesse

2091 2954 12 17 a
2114 2949 103 27 pigione
2227 2952 40 20 ncl
2284 2952 76 29 luogo
2381 2954 65 24 dqve
2466 2955 22 22 si
2509 2954 22 24 fa
2541 2952 18 25 il

2090 2987 72 21 pane.
2174 2994 28 5 —
2213 2984 40 21 Ma
2264 2985 142 29 piangendo
2425 2994 15 15 e
2457 2987 101 23 ridendo

2091 3015 19 21 si
2123 3021 85 17 muore
2218 3017 40 22 dei
2270 3020 61 26 pari,
2345 3026 14 16 e
2377 3021 96 23 intanto
2485 3026 43 24 per
2536 3020 22 21 le

2090 3048 105 23 mirabili
2208 3050 78 23 difese
2297 3058 49 16 non
2356 3054 20 21 si
2384 3057 91 24 poteva
2487 3058 72 24 spun-

2090 3083 60 20 tare.
2160 3082 20 22 Il
2188 3083 114 24 Marbeuf
2310 3089 102 25 sputava
2423 3088 83 26 fuoco,
2514 3087 44 21 allô

2091 3113 136 26 Ghauveîin
2237 3124 92 21 pareva
2336 3120 25 22 di
2371 3126 107 23 sognare
2486 3128 6 19 ;
2501 3118 57 30 perô

2091 3148 118 23 ambedue
2230 3152 114 22 ordinale
2363 3160 81 16 nuove
2456 3156 102 21 colonne

2091 3180 23 22 di
2125 3184 90 21 attacco
2226 3185 24 20 le
2272 3186 219 29 sguinzagliavano
2504 3191 55 18 con-

2090 3216 38 20 tro
2138 3216 24 20 le
2179 3217 148 25 combattute
2338 3226 69 18 mura
2415 3227 5 20 ;
2434 3221 40 30 già
2483 3221 19 21 si
2525 3224 31 19 sa,

2090 3248 48 27 agli
2162 3250 81 22 assalti
2265 3251 24 21 la
2309 3252 116 24 faccenda
2441 3253 118 24 caminiua

2091 3281 96 23 diversa
2195 3283 43 22 che
2251 3290 13 16 a
2276 3291 85 17 mensa
2372 3288 67 22 dove
2458 3288 22 21 si
2497 3286 62 21 salu-

2090 3316 58 21 tano
2153 3316 63 22 beati
2224 3317 8 21 i
2240 3318 74 27 primi
2321 3326 6 15 :
2336 3326 12 15 a
2358 3320 118 28 quell’ora
2485 3320 74 22 dove-

2091 3353 63 17 vano
2167 3354 71 17 avéré
2247 3353 84 21 votata
2342 3354 24 21 la
2377 3359 55 16 casa
2444 3354 24 21 di
2481 3348 76 27 arnesi

2091 3382 101 26 elogori
2203 3382 92 29 l’acqua
2306 3391 14 16 e
2331 3386 77 27 Folio,
2426 3385 82 23 sicchè
2519 3387 38 18 era

2091 3418 13 16 a
2118 3416 106 25 sperarsi
2249 3421 168 21 avventuroso
2441 3420 18 22 il
2475 3420 81 21 nuovo

2092 3446 86 28 sforzo;
2189 3451 110 25 pertanto
2312 3453 21 21 si
2341 3454 115 27 spinsero
2463 3453 94 22 cantan-

2092 3480 31 22 do
2135 3486 13 16 e
2161 3482 151 26 schernendo
2323 3492 5 20 ;
2340 3489 122 19 tacevano
2476 3486 7 21 i
2494 3487 63 20 mos-

2091 3513 76 23 cbetti
2179 3521 44 17 con
2230 3520 105 25 augurio
2358 3520 73 22 felice
2441 3526 7 19 ;
2459 3520 26 21 le
2494 3515 62 23 scale

2091 3549 161 27 appoggiano,
2273 3553 113 27 salgono,
2413 3553 25 20 le
2462 3547 94 26 braccia

2092 3582 127 26 stendono,
2229 3583 40 28 già
2281 3590 46 17 con
2338 3587 25 21 le
2373 3586 65 21 mani
2456 3584 100 22 toccano

2092 3613 7 21 i
2111 3614 122 24 davanzali
2247 3617 64 23 delle
2330 3618 109 27 finestre,
2462 3613 95 31 quando

2091 3646 42 27 giù
2145 3648 38 22 dai
2194 3651 53 20 tetti
2254 3652 122 21 rovinano
2384 3650 99 28 camini^
2493 3649 65 21 lavar-
