2712 3948
33 526 27 33 fii
74 527 50 23 un
141 512 137 32 Acellu

33 604 11 18 0
50 592 94 27 écdlocciu
154 591 85 21 leggeru,

33 625 27 21 fbi
66 620 30 24 qui
104 616 43 20 veni
156 615 20 18 di
184 618 62 19 passa,

33 651 25 20 glâ
64 653 9 12 a
81 644 52 20 seule
141 642 17 16 la
167 640 35 17 me’
208 643 52 16 voce,

32 672 44 24 Ouici
84 665 73 23 deanati
165 665 67 19 ferma,

32 700 27 21 Cbi
65 697 54 18 d’una
127 695 52 15 sacra
187 693 91 14 missione

32 728 22 19 gu
61 723 14 19 U
81 718 65 24 vogüu
155 714 89 20 incaricà.

32 777 34 17 vun
73 770 80 19 cunoscu
161 764 21 18 lu
190 763 25 17 to’
221 766 62 16 nome,

33 803 12 16 0
51 801 28 16 tan
81 797 19 16 lu
108 791 55 20 felice
171 788 60 18 acellu
239 792 5 17 ;

31 827 35 19 Nun
73 821 20 19 sò
100 822 21 15 se
128 815 28 19 sei
164 812 117 24 russignolu,

32 853 11 17 0
51 845 100 25 petti-rossu
160 844 11 13 o
179 837 111 23 fnnguellu,

31 877 26 18 Ma
63 874 49 18 cuinc
120 865 45 20 tutti
172 863 76 21 l’acelli,

31 892 25 29 'Tu
62 897 25 20 sei
94 896 20 17 lu
123 891 33 19 me’
166 889 84 19 fratellu.

33 953 31 15 Ppr
70 942 52 23 amor’
131 939 19 19 di
158 939 20 18 la
184 938 99 20 Madonna,

33 978 31 16 Per
68 967 52 24 amor’
124 966 19 18 di
151 969 12 13 a
170 963 36 19 San
209 964 19 16 ta
241 966 59 17 croce,

33 1003 12 18 0
52 992 92 27 acellucciu
152 990 85 22 leggeru,

31 1022 55 24 Poniti
93 1017 59 21 nant’a
161 1016 29 17 sta
198 1017 53 14 noce.

31 1053 13 19 0
50 1043 95 26 acellucciu
151 1041 84 21 leggeru,
259 1048 6 4 -

32 1077 28 20 Stà
66 1079 11 13 a
84 1070 52 20 sente
143 1067 20 18 la
171 1065 36 18 me’
215 1068 46 14 voce
268 1063 5 17 !

30 1124 30 21 Hai
67 1121 40 19 l’ale
114 1116 41 20 cusi
164 1115 55 20 forte,

32 1147 52 22 Guasi
91 1147 53 16 cume
151 1141 20 18 lu
179 1140 87 21 fasgianu
273 1142 5 17 ;

30 1168 118 28 pj"liend’avà
155 1167 20 17 lu
184 1166 20 17 to
215 1164 52 17 volu.

31 1199 68 21 poe’ore
105 1194 17 18 ti
130 1193 17 18 ci
155 1194 86 15 vurranu

30 1227 31 19 per
67 1221 46 20 andà
120 1216 133 20 direttamente

30 1253 19 18 lu
55 1250 19 18 lu
81 1244 62 23 Parigi
151 1242 87 19 luntanu.

31 1301 44 20 Cala,
84 1298 20 18 tu
110 1291 98 26 aspiItérai

31 1327 33 19 che
71 1320 62 26 spunti
140 1319 19 19 la
165 1321 63 19 prima
239 1315 62 20 Stella,

31 1352 29 20 Poi
67 1350 48 21 dopu
121 1346 15 18 ti
144 1342 79 25 punerai

32 1373 71 24 Annant’
110 1377 11 13 a
129 1371 18 18 la
155 1367 107 20 finestrella

31 1403 19 20 Pi
56 1398 58 26 quella
125 1396 35 18 me’
169 1393 108 19 tant’amata

31 1429 13 18 g
50 1425 60 20 divina
117 1419 114 21 brunarella.

32 1472 96 24 Picchierai
135 1476 12 13 a
154 1470 14 18 li
177 1470 26 18 so’
212 1466 57 22 velri,

33 1499 92 25 Equandu
132 1496 16 18 ti
155 1494 83 21 sentarà,

33 1528 53 18 Senza
92 1521 77 20 sfidassi
177 1520 20 18 di
206 1520 27 20 te.

35 1553 24 18 Eu
65 1550 25 19 so’
96 1548 79 19 balcone
182 1544 68 23 aprer'a
255 1548 5 16 ;

31 1578 26 19 Ma
62 1580 38 14 nun
107 1574 18 18 ti
132 1570 156 29 scuraggi,_caru,

33 1603 17 19 Si
57 1606 23 14 un
88 1604 48 19 pocu
144 1596 44 20 devi
196 1594 76 23 aspittà-

32 1649 69 22 Perchè,
110 1648 15 18 ti
133 1647 24 22 pò
162 1649 48 15 ancu
218 1642 68 19 accède

32 1676 65 21 Ch’ella
104 1675 29 17 sia
136 1669 139 21 addurmintata

33 1703 12 19 0
50 1701 62 20 ch’ella
118 1695 120 22 -nunn’abbia
245 1694 63 17 intesu

32 1730 23 18 La
62 1727 36 18 toia
104 1724 61 23 prima
172 1720 92 24 picchiâta
268 1723 6 17 ;

31 1754 27 18 Ma
64 1752 31 18 vai
102 1750 32 19 chi
144 1749 24 17 da
175 1748 19 17 la
202 1744 80 20 seconda

32 1779 35 19 Ella
74 1782 24 14 ne
103 1776 42 19 sarà
153 1772 89 24 spartala.

300 1799 16 14 J

33 1821 201 29 Quanduentriînia'so’
239 1821 68 23 stanza,

32 1850 102 22 Acellucciu
139 1849 37 18 miô
181 1846 82 20 fratellu,

33 1872 210 28 Basgiareicentu'volte

34 1903 55 19 Luso’
95 1901 43 18 visu
146 1899 39 18 cusi
194 1897 59 20 bellu,

34 1926 135 21 Tuttudicendu
173 1930 17 12 :«
195 1924 92 18 B’amore,

35 1955 35 17 Per
75 1954 19 17 te
98 1952 17 19 si
120 1955 49 14 more
174 1948 88 19 Marcellu
269 1946 18 18 !»

37 2002 27 18 Un
75 2002 13 17 ti
95 2000 65 19 scurdà
168 1994 141 26 d’agbiustacci,

35 2027 15 19 O
54 2025 156 20 aeellucciubeatu
215 2028 5 12 :

34 2059 9 10 s
47 2052 21 18 Di
75 2052 55 22 jornu
135 2054 52 14 cume
193 2048 19 18 di
217 2048 60 20 nolte,

34 2077 71 19 Arrittu
112 2079 53 15 cume
172 2074 83 22 chinalu,

35 2103 27 18 Ad
69 2101 44 23 ogni
121 2101 41 18 soiu
171 2099 103 19 momenlu,

34 2129 16 17 A
54 2129 18 17 te
77 2131 57 19 pensa
140 2131 12 13 u
158 2126 23 17 to’
187 2125 78 22 spusalu
272 2122 17 18 !»

35 2176 31 18 Aiò
72 2175 5 17 !
86 2173 90 24 spicciati,
185 2171 103 19 acellucciu
295 2175 5 17 ;

36 2201 53 18 Cerca
95 2205 11 13 e
114 2198 64 19 fammi
186 2199 33 17 stu
226 2197 65 17 favore
298 2200 5 16 ;

37 2226 56 22 Pigiia
98 2226 68 21 preslu
174 2224 21 17 lu
203 2223 25 17 to’
237 2222 53 18 volu.

37 2251 29 18 Chi
73 2251 65 22 prestu
146 2249 92 22 fughienu
253 2247 51 18 i’ore.

38 2276 30 17 Yai
77 2281 11 12 e
95 2277 55 16 trova
157 2275 20 17 la
184 2274 35 18 me’
226 2273 49 18 bella

39 2301 13 18 E
57 2301 67 22 portali
132 2301 21 17 lu
161 2300 36 17 me’
206 2303 44 14 core
256 2297 4 18 !

39 2348 121 19 Sicuramente
168 2347 31 19 chi
207 2347 38 18 ella

38 2374 18 17 Ti
62 2374 42 18 darà
109 2373 76 23 qualchi
192 2372 89 22 risposla;

39 2399 105 18 Afinch’ella
152 2398 27 18 mi
186 2401 97 19 parvenga

38 2424 31 18 Più
76 2425 64 21 prestu
148 2428 22 14 ca
178 2424 29 22 pe’
215 2423 20 17 la
242 2423 61 21 posta,

38 2449 23 18 Mi
67 2450 18 17 la
91 2449 83 23 purtarei
181 2449 87 19 dumane,

38 2474 88 23 T’aspetLu
134 2474 33 23 qui
174 2474 33 18 ’nu
213 2474 19 17 la
240 2470 58 21 costâ.

40 2522 36 18 Avà
83 2522 74 24 spargbj
166 2523 18 17 le
193 2522 25 18 to’
226 2521 35 21 ale,

39 2547 23 18 Pà
68 2549 63 21 prestu
138 2547 54 19 aime
199 2547 96 22 l’altagna,

39 2572 53 19 Passa
98 2578 55 14 senza
160 2573 54 18 vullà
222 2577 46 18 capu

40 2597 52 23 Sopra
97 2599 45 18 città
150 2603 11 14 e
168 2602 100 19 campagna
275 2602 5 17 ;

40 2622 30 23 Và,
78 2624 30 18 eiu
118 2625 15 17 ti
143 2624 110 21 benediscu,

39 2648 14 17 E
58 2654 13 13 u
78 2654 28 14 me
113 2654 43 14 core
170 2650 143 21 t’accumpagua.

35 2685 23 16 •M.
62 2687 105 16 Alessandri
174 2689 19 14 di
199 2688 98 16 Chidazzu.

339 472 274 32 Ringraziamenti

426 554 15 17 A
452 554 74 20 l'amicu
536 555 72 20 Canasi.

347 602 53 17 Ind’u
409 603 69 18 sonniu
484 608 11 13 o
502 604 32 18 cbi
542 605 61 18 delezi
608 604 5 19 1

347 627 64 22 Agliiu
419 628 115 19 induvinatu
543 630 56 22 guasi

348 652 53 18 Ch’io
410 653 71 19 ricevia
489 659 11 13 e
508 655 74 18 nulizie

348 677 35 18 Chi
391 678 27 18 mi
426 680 94 21 mandate,
530 685 11 13 o
556 680 74 22 Canasi,

348 703 26 18 Da
383 708 11 13 u
403 705 67 17 vostru
479 705 53 18 bellu
537 705 78 22 Nuceta,

348 728 59 19 C’una
415 734 61 17 penna
484 730 19 18 di
511 731 65 21 pueta.

349 786 79 18 M’avele
437 791 56 14 carcu
501 787 21 17 (li
531 787 45 18 fiori

349 811 35 18 Chi
392 811 101 19 distillanu
501 812 88 22 profume

349 836 14 18 E
372 837 97 21 gliiellanu
480 837 52 18 mille
541 837 52 18 odori

349 862 45 17 Irule
401 862 54 18 l’aria
463 867 56 13 cume
527 867 28 13 un
563 862 58 22 fume,

349 887 96 18 Talmente
453 892 24 14 ne
485 888 21 18 sò
516 889 73 17 restalu

350 913 36 17 Per
394 917 26 13 un
427 913 205 18 inomcnluincantalu-

349 969 97 23 Rispondu
454 975 24 13 eu
486 970 103 22 diligenza,

349 995 74 21 Amicu,
433 1000 12 13 a
453 995 20 18 lu
482 996 69 17 vostru
560 995 56 18 cantu

350 1020 40 18 Site
398 1020 56 18 l’arca
461 1020 21 18 di
489 1020 19 18 la
516 1025 75 16 scenza,

350 1045 104 19 Scusatemi
462 1046 35 18 s’io
505 1046 22 17 vi
534 1047 61 16 vanlu
601 1050 6 16 ;

349 1071 62 18 Avete
419 1071 50 18 donu
479 1075 11 14 e
498 1071 77 18 cullura

350 1096 22 18 In
380 1096 65 22 poesia
453 1101 10 13 e
469 1097 80 22 pittura.

350 1153 51 18 Lodu
408 1153 20 17 lu
436 1153 73 18 talenlu
517 1157 11 13 e
534 1152 62 21 Parte,

350 1178 39 18 Site
397 1178 205 22 pruvistud’ingegnu,
612 1190 3 3 .

351 1204 71 18 Pudete
431 1204 53 23 tigne
492 1204 19 18 le
520 1204 52 17 carte

350 1229 67 19 Rilevà
425 1230 45 22 ogni
479 1229 84 22 disegnu
569 1233 6 17 ;

351 1255 74 18 Artista
431 1255 65 22 degnu
505 1259 12 13 e
525 1254 85 20 sinceru,

351 1280 71 18 Pudete
431 1279 106 19 mustrabbi
545 1279 57 18 fieru.

352 1338 68 18 Vostra
427 1342 55 14 musa
490 1337 43 18 cusi
541 1337 62 17 fresca

352 1359 15 23 È
375 1368 46 18 pura
429 1367 56 14 cume
492 1368 28 13 un
526 1361 87 19 cristallu
618 1366 6 17 ;

352 1389 89 18 Graziosa
448 1393 11 14 e
466 1392 110 17 veranesca,

352 1415 48 17 Pare
408 1419 39 13 una
455 1414 79 22 spusata
542 1413 22 18 in
572 1413 59 20 ballu;

352 1440 27 18 Da
385 1440 20 18 le
413 1440 71 22 sponde
492 1438 103 21 d’Elicona,
605 1450 3 4 .

353 1465 22 18 In
382 1465 46 23 ogni
435 1465 44 18 locu
488 1464 74 18 risona.

354 1528 22 18 Li
383 1528 38 18 miô
427 1527 111 18 “Carofali”
546 1526 59 18 amali

333 1553 39 18 Che
377 1553 107 18 fiuriscenu
496 1553 54 18 ind’u
558 1551 78 23 scogliu,

354 1578 111 18 Voil’avete
473 1578 90 22 pitturati
577 1595 4 2 .

332 1604 46 18 Taie
385 1608 11 13 e
404 1604 56 22 quale
471 1608 55 17 sopra
534 1608 28 13 un
570 1602 66 23 îogliu,

354 1629 41 17 Avà
403 1629 15 18 li
425 1633 52 18 vegu
485 1629 20 17 in
514 1628 74 23 pittura

355 1653 59 19 Cume
421 1654 8 18 i
437 1654 41 18 fece
486 1654 18 18 la
512 1655 76 16 natura.

357 1711 65 22 Questi
431 1711 27 18 mi
466 1711 136 17 ramenteranu

356 1737 7 17 1
372 1737 88 22 rughioni
467 1736 21 18 di
495 1735 127 21 “Muvrella”,

356 1762 76 21 Quande
441 1762 73 18 andava
521 1761 20 18 di
549 1765 79 17 veranu,

357 1787 90 18 Sunendu
454 1788 20 17 la
482 1786 124 21 cialambella,

356 1813 110 18 Sunniendu
474 1817 11 13 a
492 1812 15 18 li
516 1811 32 18 mi’
554 1811 60 18 amori

354 1839 53 18 Gh’io
412 1844 40 13 nun
456 1839 76 18 cambiu
537 1843 35 18 per
576 1838 64 18 tesori.

358 1897 171 24 Vi.ringrazieghiu
537 1897 55 17 tantu

329 1931 5 3 ‘
358 1927 23 18 Di
389 1927 20 18 la
415 1928 67 17 vostra
489 1925 97 23 simpatia.

359 1956 24 18 Se
391 1956 21 17 vi
419 1956 53 22 piace
480 1955 20 17 lu
507 1954 39 18 miô
555 1953 62 21 cantu,
640 1952 8 24 j

358 1983 127 23 Ca’nleraghiu
492 1983 21 17 in
521 1982 66 22 poesia

358 2013 46 18 Incu
413 2013 51 17 tuttu
472 2012 21 17 lu
501 2011 40 18 miô
549 2014 44 14 core

360 2041 70 18 Perché
438 2040 65 22 vogliu
511 2039 53 18 farvi
571 2042 63 14 onore.

360 2099 29 18 Un
397 2098 39 18 fale
445 2102 45 14 casu
497 2102 12 13 a
518 2097 18 17 la
542 2096 50 18 rima

361 2127 59 19 S’ellu
425 2127 20 18 ci
452 2130 99 15 mancaun
559 2124 83 20 accentu;

360 2156 29 18 Un
396 2157 54 17 basta
457 2161 28 13 un
492 2155 56 22 colpu
559 2153 20 18 di
591 2152 52 18 lima?

361 2185 22 18 Ci
390 2189 25 14 ne
422 2184 67 18 vurria
495 2184 34 22 più
537 2183 22 18 di
567 2183 65 20 centu;

339 2216 29 17 Ma
376 2215 76 22 quandu
460 2218 40 14 nun
508 2216 51 15 vene
572 2212 71 20 l’estru,

361 2244 55 18 Nulla
424 2243 24 22 pô
455 2242 20 18 fà
480 2243 20 17 lu
509 2242 92 18 maestru.

362 2301 29 18 Ma
399 2305 21 14 se
428 2300 33 18 voi
468 2300 83 22 capitale

363 2330 36 18 Per
407 2329 79 18 azzardu
492 2329 25 17 da
525 2329 31 17 sle
564 2328 58 22 parle,

362 2358 23 17 Di
394 2362 12 13 a
414 2362 43 13 casa
464 2361 41 13 nun
513 2356 21 18 vi
541 2355 95 21 scurdate,

363 2386 25 18 Le
392 2387 58 21 porte
458 2390 69 14 seranu
535 2385 76 21 aparté;

363 2414 22 18 In
392 2414 109 22 qualunque
512 2413 123 20 circustanza,

363 2442 51 18 Bona
421 2447 42 13 sera
471 2441 141 23 l’uccuglianza.

363 2500 73 21 Canasi,
447 2500 60 17 amicu
516 2499 90 22 perfettu,

363 2529 58 18 C’una
431 2529 72 17 Luccata
512 2528 20 17 di
540 2532 59 13 manu

362 2557 87 18 Ricevile
456 2557 32 17 stu
496 2556 99 22 bîgliettu,

363 2585 99 18 Slatevine
470 2588 75 18 sempre
554 2588 48 13 sanu

363 2612 27 19 Cu
398 2612 69 19 l’amici
474 2617 11 13 e
492 2612 15 18 li
516 2612 81 22 parenti,

362 2641 21 22 E,
391 2645 35 18 per
433 2640 102 21 cent’anni,
545 2639 93 18 cuntenti.

438 2679 69 19 Petru
517 2679 24 18 di
549 2678 74 19 Niolu.

728 480 153 31 Risposta

792 538 13 16 A
816 537 126 19 l’Osservalori

678 574 25 17 Mi
712 574 185 24 faciaqualtrupassi

677 599 15 17 A
702 599 20 18 lu
731 600 65 18 stradô
804 600 104 22 naziunali,

679 624 26 17 Lu
714 625 64 22 pidoni
788 626 26 17 mi
822 626 75 18 rimissi

679 649 21 17 Di
707 649 18 18 la
730 650 68 18 Muvra
803 651 20 17 lu
829 650 78 23 jurnali,

679 674 106 23 Sl’oggcltu
794 676 42 18 cusi
844 676 95 22 preziosu,

679 699 72 19 Piendi
758 701 40 17 cosi
806 701 90 18 naturali.

680 749 76 22 Quantu
764 751 21 17 fù
794 752 18 17 la
820 752 120 18 cunlintezza

680 775 14 17 E
701 779 49 14 ancu
758 776 18 17 la
783 776 35 18 me’
827 781 89 18 surpresa

680 800 85 18 Videndu
773 801 131 19 l’Osservatori

680 824 35 18 Chi
720 826 84 22 pigliava
811 827 18 17 la
838 826 61 18 difesa

682 850 22 17 Di
714 851 18 18 la
740 852 66 17 nostra
813 851 68 19 Muvra
889 856 43 14 cara

680 875 14 18 E
702 876 82 18 luntanu
793 877 60 17 d’essa
861 881 71 13 arrosa.

681 926 56 19 D’avè
744 927 49 18 lettu
801 927 15 18 li
826 927 23 18 to’
858 927 54 18 versi

681 951 49 19 M’ha
737 952 51 18 fallu
797 953 61 17 moltu
867 951 53 23 piacè
926 957 6 17 ;

681 976 14 18 E
699 978 65 17 avaria
770 978 70 21 pagatu

681 1002 95 18 Vulintc-ri
784 1007 26 13 un
818 1003 37 17 bon
863 1001 50 18 caffè
918 1006 5 17 ;

681 1026 125 24 Quantunqua
814 1028 50 20 solu,
879 1026 87 19 sbuccedi

682 1052 26 18 Da
716 1053 18 18 la
742 1054 39 17 risa
789 1054 23 17 da
821 1058 33 18 par
860 1057 36 14 me.

682 1104 52 22 Dopu
741 1105 51 17 leltu
797 1104 55 23 quilli
859 1104 54 18 vers!

682 1129 22 18 Di
712 1129 73 23 paisani
794 1134 10 13 e
811 1129 80 19 frusteri

682 1155 108 18 Addrizzati
795 1160 11 13 a
810 1155 8 17 i
823 1154 122 23 Lumbrigoni

683 1179 14 18 E
705 1180 20 17 lu
734 1180 83 22 prefetlu
825 1180 92 21 Marlieri,

683 1204 130 24 Unn’avia.più
822 1206 62 17 ’ntesu
893 1205 53 18 nulla

681 1229 16 18 E
706 1230 62 18 n’avia
778 1231 22 17 lu
807 1231 78 22 pinseri.

682 1281 69 17 Dicinu
760 1281 32 18 chi
799 1281 21 17 lu
828 1280 101 23 ruspacciu

684 1305 35 19 Chi
727 1306 25 18 ha
759 1311 59 17 persu
823 1306 45 22 ogni
873 1305 73 18 russori

684 1331 20 18 Si
713 1333 58 16 vanta
777 1332 20 17 di
803 1331 85 23 lampàin
895 1332 51 16 larra

684 1357 66 17 Muvra
756 1361 11 14 e
773 1356 137 18 ciillaburatori
914 1355 9 19 ?

684 1382 29 18 Ma
720 1382 31 18 chi
760 1382 55 23 tigliu
824 1382 20 18 di
859 1381 96 23 lumbrigu
960 1380 6 19 1

683 1407 30 18 Ma
718 1407 31 18 chi
755 1408 85 18 mutescu
849 1407 62 18 furori
917 1408 5 17 !

684 1461 48 18 Caru
739 1461 70 18 amidu.
816 1461 16 17 ti
837 1460 97 23 ringraziu

685 1487 23 17 Di
715 1487 33 17 stu
756 1486 87 23 graziosu
851 1486 72 17 salutu.

684 1511 32 18 Pa’
722 1512 18 17 la
745 1512 60 17 nostr’
809 1510 113 22 autônomia,

684 1537 27 17 Tu
720 1537 29 18 sia
754 1537 21 17 lu
780 1537 108 18 benvinutu
894 1541 6 17 ;

685 1563 27 17 Lu
718 1563 25 17 to’
751 1562 92 22 patriottu
851 1562 59 17 cantu

685 1587 91 19 Ribomba
782 1592 11 13 e
798 1587 42 18 sarà
844 1587 93 22 piaciutu.

685 1638 28 18 Tu
721 1643 31 17 no,
761 1637 141 23 ch’unlaperdi
909 1636 38 18 mai

685 1664 16 17 A
707 1663 116 19 Cursichella
828 1663 19 17 di
852 1663 52 18 vista
910 1662 36 18 !....

687 1688 67 23 Credu,
759 1689 18 18 ci
785 1688 129 18 ritruvaremu

682 1714 36 18 ■Pa’
725 1714 115 18 imbruttàia
847 1713 60 18 faccia
914 1712 55 19 trista

685 1739 24 17 Di
717 1739 45 23 quil’
770 1739 32 18 chi
810 1738 88 23 pratendi
906 1737 63 19 vincia

686 1765 26 18 La
716 1765 82 18 bandera
803 1764 132 19 autonomista.

849 1798 98 19 Pinzuti.
954 1802 4 3 '

667 1897 129 25 Pedone
819 1898 151 25 Muvrinu

666 1957 110 18 BATTISTA
789 1962 12 13 a
806 1957 132 18 Carbonaecia.
947 1966 24 4 —

667 1982 57 19 Semu
737 1983 106 17 d’accordu.
857 1982 76 18 Andarà
947 1982 24 18 bè

668 2008 49 18 cusi:
726 2008 66 18 saluti.

690 2041 222 18 MERTINU.—V'avemu
918 2042 52 17 dettu
974 2046 4 4 ■

669 2067 31 17 chi
708 2067 32 18 noi
745 2071 80 14 eramua
833 2067 87 18 crocchie
924 2072 11 13 a
938 2067 34 17 Pa-

669 2092 36 18 ria.

691 2126 24 17 V.
723 2126 88 18 M.—Un
825 2126 18 18 ci
857 2127 115 17 dumandate

669 2151 63 18 simile
739 2155 51 14 cose.

690 2185 92 18 MATTEI.
794 2185 94 22 -Sempre
894 2185 36 18 ben
935 2186 38 17 dis-

669 2210 58 22 posti.

692 2244 83 22 TIBERI,
783 2244 96 23 Parigi.—
883 2244 39 18 Ben
927 2245 47 17 ben-

671 2269 34 23 ga!

692 2303 107 18 MARIANI.
806 2313 24 4 —
840 2304 60 18 Tanta
909 2303 38 22 chi,
951 2303 23 19 l’I

671 2333 26 13 un
713 2329 17 18 ci
745 2329 25 18 ha
784 2330 77 17 turnatu
876 2335 11 12 a
902 2330 58 17 mette
966 2328 6 18 !

671 2354 52 17 Roba
736 2354 21 18 di
771 2355 104 18 sumeroni.
895 2354 42 22 Voi,
947 2359 26 13 un

672 2380 112 21 patanciate.

693 2412 80 22 SUSEîI,
783 2413 191 22 Marseglia.—.Ride-

672 2442 31 13 mu
712 2443 48 13 ancu
767 2438 33 18 noi
807 2438 21 18 di
835 2439 50 17 tutte
893 2440 30 17 sle
935 2439 39 17 riu-

672 2463 67 22 nione;
756 2468 10 13 e
779 2468 81 17 sempre,
876 2468 55 14 cume
942 2464 32 18 voi

672 2488 46 21 dite,
732 2493 34 18 per
780 2489 69 17 strazià
863 2494 11 13 a
881 2489 67 23 lingua
954 2489 20 18 di

672 2513 91 18 Voltaire.
772 2513 98 19 Statevine
878 2514 21 18 in
906 2515 68 17 salute.

693 2546 123 20 MANUELLI.
827 2557 23 4 —
860 2547 32 19 Pe’
901 2553 13 12 u
928 2552 47 19 gran

672 2576 99 18 cuncorsu,
778 2573 129 22 publicaremu
913 2578 10 13 a
930 2577 46 13 mu-

672 2598 58 17 menli
737 2603 14 12 u
759 2602 126 18 prugramma.

694 2630 23 18 G.
726 2631 20 17 L.
762 2630 118 19 GERONIMI.
889 2640 24 4 —
926 2631 50 18 Rin-

672 2656 124 22 graziamenti
803 2657 30 21 pe’
844 2661 14 12 u
873 2656 102 18 mandatel-

671 2681 27 21 lu,
708 2686 24 13 cu
739 2682 54 17 tante
801 2681 69 19 salute.

988 164 104 22 Cullana
1101 165 99 23 Storica
1212 167 27 21 di
1250 166 24 22 A
1283 166 90 22 Muvra

1043 218 24 36 A
1085 219 157 47 Cunquista
1259 221 144 35 Francese

1123 275 31 35 di
1170 288 19 24 a
1207 276 120 36 Corsica

1038 325 46 28 (Da
1095 332 30 16 un
1142 327 121 23 Giurnale
1275 328 25 21 di
1312 327 104 29 l'Epuca)

1154 386 132 28 (Seguitu)

1017 444 45 22 Les
1073 451 55 22 gros
1145 447 107 22 renforts
1269 452 48 22 que
1335 446 36 21 les
1391 445 69 22 Fran-

989 474 52 28 çois
1053 476 142 22 continuent
1205 477 31 21 de
1247 475 122 26 recevoir,
1381 476 23 21 le
1421 475 40 22 dé-

989 508 174 25 couragement
1173 507 44 21 des
1227 507 111 26 Troupes
1349 505 111 22 Nationa-

989 535 36 20 les
1037 534 13 22 à
1061 536 23 20 la
1095 542 48 15 vue
1154 536 57 22 d’un
1223 537 22 21 si
1263 536 78 29 grand
1360 536 101 21 nombre

989 564 136 22 d’ennemis
1137 568 55 19 sont
1203 572 72 16 cause
1289 571 46 22 que
1349 565 36 22 les
1403 565 59 22 Cor-

989 599 48 20 ses,
1060 595 174 28 quoiqu’après
1260 596 73 22 avoir
1357 596 106 22 souvent

989 623 67 22 battu
1064 625 36 21 les
1108 625 126 27 François,
1244 632 26 16 se
1280 628 57 20 sont
1348 632 46 15 vus
1403 625 59 22 dans

989 654 23 21 la
1024 654 120 24 nécéssité
1155 657 32 22 de
1199 656 73 23 céder
1284 656 14 24 à
1315 657 22 21 la
1354 655 109 28 supério-

990 684 47 23 rité
1048 685 43 22 des
1103 686 90 22 forces.
1204 687 21 21 Il
1235 693 17 22 y
1261 687 68 21 avoit
1338 692 43 15 sur
1391 687 24 20 la
1421 685 42 22 Fe-

989 716 92 27 louque
1093 716 156 28 Napolitaine
1270 717 35 21 M.
1325 717 97 21 Murato
1441 714 22 21 &

990 751 46 16 son
1050 746 46 26 fils,
1118 747 63 21 MM.
1199 747 146 28 Belgodere,
1362 745 100 25 Tizzini,

992 775 121 23 Panatieri
1125 777 23 20 &
1165 784 33 14 un
1218 779 77 24 autre,
1316 779 57 20 tous
1393 776 31 21 de
1441 776 23 20 la

992 806 123 22 Province
1135 808 29 21 de
1185 807 114 28 Balagna,
1309 807 22 22 &
1344 807 30 21 de
1388 805 77 22 lTsle-

991 836 104 26 Rousse,
1106 837 115 22 Officiers
1230 838 43 21 des
1285 837 112 27 Troupes
1407 835 58 22 Cor-

991 872 49 16 ses.
1049 874 13 14 »

1021 897 40 22 On
1073 900 57 24 peut
1140 898 72 28 juger
1221 898 72 27 après
1305 899 51 21 cela
1365 897 32 21 du
1406 896 59 22 fond

992 927 59 27 qu’il
1068 928 51 21 faut
1136 928 61 22 faire
1216 935 43 15 sur
1278 930 54 20 tout
1348 933 30 16 ce
1387 926 77 27 qu’on

992 958 82 22 débite
1085 958 30 21 de
1126 959 24 21 la
1160 961 55 25 part
1226 959 32 21 du
1269 957 108 24 Général
1388 956 75 26 Paoli,

992 994 34 15 vu
1036 989 23 20 la
1071 989 170 22 confirmation
1259 990 44 21 des
1321 988 85 22 succès
1423 987 42 20 des

993 1018 122 28 François.
1124 1019 21 22 Il
1155 1025 63 16 nous
1226 1020 81 21 arriva
1316 1019 34 21 ici
1358 1018 107 22 Mercre-

993 1049 25 21 di
1041 1055 48 15 une
1109 1049 112 23 Gondole
1241 1056 62 15 avec
1323 1055 27 22 43
1370 1049 31 20 de
1421 1053 44 16 nos

993 1079 164 27 Prisonniers,
1169 1081 80 26 parmi
1260 1081 108 26 lesquels
1384 1079 23 21 le
1418 1077 48 22 Ca-

993 1110 93 27 pitaine
1099 1110 131 27 Grimaldi,
1242 1111 52 27 pris
1305 1110 14 21 à
1331 1108 105 29 Capraia
1444 1107 22 22 &

993 1140 103 23 détenus
1107 1141 14 22 à
1133 1141 75 24 Coûte
1218 1148 5 20 ;
1243 1142 30 21 ils
1282 1143 49 20 .ont
1344 1139 43 23 été
1406 1137 60 23 déli-

993 1170 57 23 vrés
1070 1171 12 22 à
1108 1171 141 28 rapproche
1272 1172 44 21 des
1342 1169 123 30 François,

993 1202 102 27 lorsque
1113 1203 24 20 le
1157 1202 112 22 Château
1286 1201 59 23 s’est
1362 1199 79 23 rendu
1453 1198 13 22 à

994 1232 140 26 discrétion,
1147 1233 23 21 &
1182 1239 47 21 que
1239 1233 25 21 le
1276 1231 107 22 Général
1399 1229 66 22 Paoli

993 1262 59 22 s’est
1061 1263 75 21 retiré
1148 1264 60 21 dans
1223 1264 24 21 la
1264 1263 144 27 Montagne.
1425 1259 40 22 On

993 1299 14 15 a
1018 1292 88 22 mandé
1117 1293 125 25 d’O.neille
1254 1292 60 28 qu’il
1324 1299 18 22 y
1353 1291 62 23 étoit
1425 1290 41 22 vé-

994 1324 155 22 ritablement
1165 1323 82 24 arrivé
1264 1330 39 22 153
1317 1323 98 25 Corses,
1434 1327 33 16 ou

994 1354 145 23 Déserteurs
1148 1355 116 28 François
1273 1355 92 21 venant
1375 1354 31 21 de
1416 1352 51 22 l’Is-

993 1386 140 26 le-Rousse,
1146 1386 72 28 qu’un
1230 1386 78 27 pareil
1317 1385 103 21 nombre
1427 1384 39 21 de-

993 1417 56 23 voit
1060 1418 51 20 être
1129 1416 48 23 allé
1192 1416 137 27 débarquer
1339 1415 13 21 à
1363 1414 69 27 Nice,
1444 1414 22 22 &

994 1453 46 22 que
1058 1448 24 21 la
1101 1448 93 21 crainte
1214 1447 30 22 de
1263 1446 142 28 l’approche
1424 1446 42 21 des

993 1478 112 28 Troupes
1117 1478 143 28 Françoises
1271 1478 37 21 les
1323 1476 68 23 avoit
1407 1476 59 22 obli-

993 1508 44 29 gés
1049 1509 30 21 de
1091 1509 106 27 prendre
1210 1509 24 21 la
1246 1508 70 22 fuite.

1046 1559 80 18 Numéro
1135 1559 26 17 du
1169 1558 96 19 Vendredi
1274 1557 23 19 16
1305 1557 46 18 Juin
1359 1557 53 18 1769.

1182 1593 27 17 De
1216 1592 78 18 Monaco
1302 1592 20 17 le
1327 1591 25 18 Jo
1359 1591 54 18 Juin.

1023 1626 31 22 Le
1066 1625 133 30 Régiment
1210 1627 30 20 de
1251 1626 74 22 Forêt
1336 1627 73 26 ayant
1416 1624 51 28 pris

994 1657 37 21 les
1042 1663 80 16 armes
1133 1663 30 16 en
1175 1657 94 28 grande
1280 1656 90 28 parade
1386 1655 82 22 Same-

995 1688 24 21 di
1029 1688 97 22 dernier
1138 1694 64 22 pour
1212 1689 23 20 la
1245 1687 126 28 réception
1390 1687 30 20 de
1431 1685 35 22 M.

995 1719 31 21 de
1037 1719 83 26 Faure,
1129 1725 46 16 son
1187 1724 116 16 nouveau
1315 1717 154 22 Lieutenant-

996 1749 113 26 Colonel,
1119 1749 81 22 arrivé
1212 1750 31 21 de
1255 1748 77 22 Corse
1340 1747 32 22 où
1380 1748 18 21 il
1407 1747 61 22 étoit

995 1781 93 21 second
1108 1780 130 27 Capitaine
1258 1779 44 21 des
1317 1778 151 22 Grenadiers

996 1812 60 21 dans
1067 1812 24 21 le
1102 1810 135 28 Régiment
1254 1810 31 21 de
1302 1808 165 29 Champagne,

997 1842 35 22 M.
1043 1843 24 20 le
1080 1841 88 23 Comte
1181 1841 30 21 de
1223 1840 168 24 Val.lentinqis
1400 1840 23 21 le
1431 1839 38 21 vit

996 1872 85 22 défiler
1092 1878 61 16 avec
1163 1872 128 26 beaucoup
1310 1870 31 21 de
1360 1869 108 23 satisfac-

996 1904 63 25 tion,
1072 1903 23 21 &
1106 1905 43 19 eut
1158 1909 32 14 en
1201 1902 81 22 même
1296 1903 66 21 -tems
1373 1901 25 21 le
1407 1900 62 27 plai-

996 1934 36 22 sir
1043 1934 41 28 d’y
1094 1934 58 21 voir
1163 1932 35 23 M.
1210 1933 25 21 le
1246 1932 56 22 Duc
1317 1937 49 16 -son
1383 1930 93 22 Neveu,

996 1964 14 22 à
1021 1966 23 21 la
1057 1964 153 28 Compagnie
1219 1964 42 21 des
1271 1962 157 25 Grenadiers,
1437 1960 32 23 où

997 2002 28 15 ce
1031 1996 75 27 jeune
1114 1994 121 29 Seigneur
1243 1993 116 22 continue
1367 1997 46 17 son
1422 1997 45 17 ser-

997 2028 65 21 vice.

1025 2057 74 22 Selon
1110 2058 37 21 les
1158 2055 128 23 dernières
1295 2054 127 22 nouvelles
1430 2054 39 26 qu’

998 2094 33 16 on
1042 2095 14 14 a
1064 2094 56 22 reçu
1132 2088 32 21 ici
1170 2087 38 21 -de
1220 2086 84 24 Corse,
1316 2085 37 21 les
1361 2084 109 27 Troupes

997 2119 71 24 après
1087 2119 119 27 quelques
1224 2117 72 26 jours
1307 2116 30 20 de
1355 2119 72 22 repos
1437 2115 33 20 al-

998 2150 80 22 loient
1087 2155 27 15 se
1125 2150 88 20 mettre
1222 2153 30 15 en
1261 2146 167 21 mouvement.
1433 2144 37 22 Ne

998 2182 94 21 restant
1102 2180 54 27 plus
1168 2178 15 21 à
1194 2177 78 25 Paoli,
1285 2176 88 27 depuis
1381 2175 24 21 la
1415 2180 56 16 sou-

999 2212 106 21 mission
1116 2210 31 21 de
1165 2210 25 21 la
1210 2207 123 22 Province
1352 2205 117 26 d’Aleria,

999 2242 93 22 d’autre
1105 2241 71 21 Place
1187 2239 150 27 importante
1347 2242 48 21 que
1414 2235 58 22 Por-

999 2272 144 24 to-Vechio,
1156 2270 34 22 où
1201 2270 19 21 il
1231 2275 13 15 a
1254 2274 62 22 paru
1327 2267 100 22 vouloir
1445 2272 26 15 se

999 2304 87 21 rendre
1099 2301 71 28 après
1183 2300 70 22 avoir
1260 2296 146 24 abandonné
1414 2296 58 23 Cor-

999 2334 33 27 té,
1040 2334 23 21 &
1072 2334 42 27 qui
1125 2339 27 15 se
1162 2334 90 20 trouve
1259 2328 104 28 bloquée
1373 2334 45 21 par
1425 2334 46 15 une

1000 2365 94 27 Barque
1105 2364 22 21 &
1146 2364 85 26 quatre
1248 2360 146 27 Felouques,
1414 2364 58 21 pen-

1000 2397 59 21 dant
1069 2401 48 22 que
1126 2395 25 21 la
1171 2392 64 23 Côte
1255 2392 31 21 de
1306 2390 96 27 Sagone
1420 2390 52 20 lest

1000 2428 97 26 partout
1109 2431 28 16 ce
1147 2424 42 28 qui
1197 2422 113 28 bloquoit
1316 2419 157 24 l’Isle-Rous-

1000 2464 35 20 se,
1048 2463 33 17 on
1095 2456 80 22 auroit
1187 2460 34 22 pu
1230 2454 55 21 tout
1296 2452 31 23 de
1338 2451 64 22 suite
1412 2456 62 15 mar-

1000 2490 59 21 cher
1077 2494 32 16 en
1125 2488 83 21 avant.
1228 2484 65 23 Mais
1300 2482 39 23 M.
1347 2483 30 22 Je.
1387 2481 86 22 Comte

1000 2521 31 21 de
1043 2519 72 22 Vaux
1126 2525 14 14 a
1153 2516 77 23 voulu
1246 2514 151 28 auparavant
1415 2511 57 22 bien

1001 2549 207 29 approvisionner
1220 2545 76 22 Corte
1306 2543 23 22 &
1347 2548 46 16 son
1413 2541 60 22 Châ-

1001 2584 64 23 teau,
1077 2580 42 28 qui
1131 2578 68 22 étant
1210 2583 29 15 au
1259 2576 84 21 centre
1359 2573 32 22 de
1409 2571 64 22 llsle

1001 2614 100 25 peutren
1113 2611 110 26 imposer
1233 2607 115 27 par-tout,
1357 2604 22 21 &
1388 2603 86 22 rendre

1000 2648 32 16 en
1038 2642 80 21 même
1129 2642 64 19 tems
1204 2637 135 28 praticable
1347 2635 23 21 le
1379 2633 95 22 chemin

1000 2674 43 27 qui
1057 2673 30 21 de
1099 2673 22 20 la
1133 2670 84 22 Bastia
1228 2674 31 16 va
1266 2673 19 23 y
1294 2665 105 24 aboutir.
1410 2663 65 22 C’est

1483 173 28 15 ce
1530 168 41 27 qui
1591 167 72 22 vient
1679 166 76 22 d’être
1767 165 45 22 fait
1822 170 5 16 :
1841 170 31 15 en
1892 165 66 20 sorte

1483 196 71 28 qu’on
1567 199 59 26 peut
1644 195 155 29 aujourd’hui
1817 195 61 21 aller
1894 199 66 16 com-

1484 227 141 22 modément
1636 234 30 15 en
1679 226 97 22 voiture
1789 225 71 21 d’une
1870 224 67 21 Ville
1945 223 13 22 à

1483 256 92 22 l’autre.
1586 257 41 22 On
1639 264 13 15 a
1664 256 66 23 aussi
1742 256 52 27 pris
1804 256 35 20 les
1848 260 111 16 mesures

1484 286 59 27 qu’il
1561 287 82 22 falloit
1662 292 63 22 pour
1742 285 90 23 établir
1849 285 24 21 le
1885 283 75 28 dépôt

1484 317 44 20 des
1548 317 86 22 vivres
1652 318 13 22 à
1686 317 160 27 Campoloro,
1871 314 32 22 où
1923 315 36 21 les

1485 346 75 22 Fours
1570 350 44 19 ont
1625 347 39 23 été
1676 346 142 24 construits.
1833 345 103 22 Comme
1943 345 17 21 il

1485 378 37 20 est
1528 377 153 23 maintenant
1690 377 113 28 question
1811 375 84 22 d’aller
1900 375 60 21 dans

1485 407 23 21 la
1518 407 83 22 Partie
1613 408 72 27 qu’on
1698 407 98 28 appelle
1810 405 96 23 au-delà
1918 405 42 22 des

1486 436 91 27 Monts,
1590 439 37 20 les
1640 438 151 22 Grenadiers
1803 437 22 21 &
1837 437 36 21 les
1885 435 76 22 Chas-

1486 473 69 15 seurs
1575 468 33 21 du
1625 468 135 28 Régiment
1771 468 31 21 de
1814 467 22 22 la
1852 465 107 23 Marche-

1486 497 87 22 Prince
1585 499 41 26 qui
1639 499 110 27 campoit
1760 497 13 22 à
1786 498 47 21 San
1848 496 113 22 Antonio

1487 527 30 22 de
1536 527 162 24 Casa-Bianca
1709 529 23 21 &
1749 534 65 16 ceux
1833 528 32 21 du
1885 526 77 28 Régi-

1487 560 67 19 ment
1566 558 31 21 de
1609 558 147 28 Languedoc
1767 560 55 20 sont
1834 556 94 24 arrivés
1938 557 23 21 le

1487 593 14 15 2
1511 593 31 15 au
1553 587 78 29 Camp
1645 589 29 20 de
1687 588 48 22 San
1747 588 100 28 Angelo
1858 588 23 21 &
1892 593 17 22 y
1917 588 44 21 ont

1485 617 66 27 joint
1569 624 63 16 ceux
1649 619 31 21 du
1699 620 64 23 reste
1775 619 31 21 de
1817 619 23 22 la
1851 617 110 24 division

1488 648 30 21 de
1536 648 35 22 M.
1583 649 25 21 le
1623 649 88 22 Comte
1729 650 31 21 de
1778 648 131 22 Marboeuf.
1928 647 33 22 Ils

1488 678 120 25 dévoient
1624 686 31 14 en
1667 680 78 27 partir
1757 680 23 21 le
1791 686 14 21 3
1817 678 13 22 à
1842 679 22 21 la
1877 678 85 28 pointe

1489 709 32 20 du
1539 709 58 26 jour
1620 715 62 22 pour
1701 716 27 15 se
1752 712 135 25 porter-en
1901 708 61 22 trois

1489 739 111 21 marches
1612 739 96 22 au-delà
1720 740 31 21 de
1764 739 121 25 Ghisone,
1905 744 57 16 sous

1489 768 36 21 les
1536 769 87 22 ordres
1635 771 30 20 de
1678 770 34 21 M.
1725 770 31 21 de
1770 770 133 27 Caupenne
1915 768 48 22 Co-

1489 798 67 22 lonel
1568 799 32 20 du
1613 799 134 28 Régiment
1759 800 30 21 de
1808 799 153 28 Languedoc.

1491 828 48 22 Ces
1549 830 63 21 trois
1623 830 112 22 marches
1747 836 32 15 ne
1791 831 110 26 peuvent
1912 830 51 20 être

1490 864 46 21 que
1554 859 51 21 très
1626 860 81 26 vives’,
1722 860 17 21 il
1759 866 18 22 y
1797 866 13 15 a
1821 861 57 26 plus
1892 859 31 21 de
1934 863 28 21 40

1489 889 72 21 miles
1569 888 13 22 à
1591 889 62 25 faire
1661 890 114 27 toujours
1784 890 60 24 dan.s
1852 890 38 21 les
1896 894 68 17 mon-

1490 920 85 27 tagnes
1587 920 60 21 dans
1659 921 43 20 des
1715 920 112 21 chemins
1844 920 121 21 extrême-

1490 951 68 20 ment
1570 950 121 22 difficiles.
1705 950 31 21 La
1749 949 93 29 Légion
1860 950 31 21 de
1910 949 54 21 Lor-

1490 980 67 21 raine
1570 980 157 22 commandée
1739 986 43 22 par
1793 981 23 21 le
1835 980 80 21 Baron
1935 979 29 20 de

1492 1009 128 23 Viomenil
1639 1011 87 22 devoit
1745 1017 28 15 se
1789 1010 101 28 joindre
1908 1009 13 22 à
1938 1015 27 15 ce

1491 1040 178 27 détachement,
1690 1041 23 22 &
1726 1041 34 21 M.
1780 1042 25 20 le
1824 1040 91 23 Comte
1935 1040 30 21 de

1491 1071 72 21 Vaux
1581 1071 113 23 marcher
1705 1072 23 21 le
1747 1077 15 21 4
1772 1071 14 22 à
1799 1070 113 26 Vivario,
1934 1069 31 22 où

1490 1100 49 23 l’on
1560 1101 38 22 dit
1618 1102 113 27 toujours
1750 1108 48 21 que
1820 1101 67 22 Paoli
1908 1100 58 22 s’est

1490 1131 83 22 retiré.
1584 1131 41 24 On
1635 1133 68 22 varie
1712 1138 92 16 encore
1812 1138 42 15 sur
1861 1133 23 20 le
1897 1136 69 16 nom-

1490 1162 44 22 bre
1550 1163 44 21 des
1613 1162 111 28 Troupes
1742 1162 61 28 qu’il
1822 1163 56 21 doit
1896 1161 70 23 avoir

1491 1198 60 16 avec
1561 1193 44 25 lui,
1612 1192 23 22 &
1643 1190 42 30 qui
1696 1195 126 19 sûrement
1833 1192 55 22 doit
1896 1191 70 22 avoir

1491 1222 237 23 considérablement
1739 1222 117 26 diminué,
1867 1220 97 29 puisqu’

1491 1260 32 15 un
1535 1254 31 21 de
1575 1259 39 16 ses
1624 1253 77 22 Chefs
1709 1253 99 23 nommé
1824 1252 141 22 Abatouchi

1492 1283 82 29 (i),qui
1583 1283 64 22 étoit
1655 1283 14 22 à
1677 1285 24 21 la
1709 1285 50 21 tête
1767 1285 31 20 de
1805 1289 41 21 400
1853 1283 112 29 hpmmes

1491 1316 38 20 est
1539 1320 65 16 venu
1617 1320 27 15 se
1652 1316 136 22 soumettre
1798 1319 60 16 avec
1870 1318 45 17 son
1925 1311 41 22 dé-

1490 1345 147 22 tachement.
1652 1344 71 22 Cette
1733 1344 99 22 marche
1849 1344 117 22 termine-

1491 1382 26 16 ra
1528 1375 140 27 la‘Guerre,
1681 1376 68 21 selon
1761 1377 69 20 toute
1848 1374 129 28 apparen-'

1492 1412 36 20 ce,
1541 1407 23 21 &
1573 1406 82 24 fixera
1673 1407 26 22 Je
1719 1408 53 23 sort
1784 1407 31 21 de
1827 1405 77 27 Paoli,
1925 1404 41 29 qui

1491 1438 50 21 suit
1560 1437 167 28 précisément
1746 1438 23 20 la
1793 1438 80 20 même
1896 1437 70 20 route

1491 1473 47 22 que
1550 1468 50 27 prit
1611 1468 23 21 le
1647 1467 48 22 Roi
1707 1466 139 26 Théodore,
1859 1473 32 15 en
1912 1471 64 22 .1739.

1490 1499 100 26 lorsque
1602 1498 75 22 le.feu
1688 1498 124 22 Maréchal
1827 1498 31 21 de
1871 1496 96 22 Maille-

1492 1529 54 21 bois
1557 1534 73 21 passa
1643 1535 30 15 en
1687 1529 79 22 Corse
1777 1534 64 21 pour
1851 1528 116 21 remettre

1493 1561 64 19 cette
1569 1559 72 22 Place
1653 1565 58 17 sous
1722 1558 164 23 l’obéissance
1904 1557 30 21 de
1943 1557 24 21 la

1492 1589 154 28 République
1658 1590 31 21 de
1701 1589 92 22 Gênes.
1812 1588 45 25 S’iJ
1871 1587 95 22 s’obsti-

1492 1626 32 15 ne
1543 1620 14 22 à
1576 1622 80 20 rester
1673 1626 93 17 encore
1786 1620 65 21 deux
1871 1619 49 21 fois
1939 1623 28 21 24

1492 1651 90 21 heures
1593 1651 62 21 dans
1665 1652 25 21 le
1700 1653 73 25 poste
1781 1650 59 28 qu'il
1851 1654 114 22 occcupe,

1493 1682 19 22 il
1520 1682 114 28 pourroit
1644 1682 58 22 bien
1715 1682 53 22 être
1779 1681 61 28 pris.

1520 1715 31 22 Le
1563 1714 134 29 Régiment
1711 1714 115 28 Dauphin
1845 1712 81 23 arrivé
1943 1713 33 29 le_

1493 1746 99 22 dernier
1606 1746 31 21 de
1654 1752 64 16 ceux
1732 1746 42 27 qui
1796 1744 181 28 composoient.

1493 1778 23 20 le
1536 1777 104 22 Renfort
1659 1782 47 22 que
1727 1776 36 22 M.
1782 1777 25 20 le
1827 1775 89 22 Comte
1935 1773 31 22 de

1493 1807 73 22 Vaux
1586 1807 125 22 attendoit
1730 1812 64 22 pour
1812 1806 163 22 commencer'

1493 1839 36 20 les
1547 1837 152 28 opérations,
1719 1839 74 26 ayant
1811 1834 123 29 débarqué
1953 1834 23 30 à;

1494 1868 46 22 San
1556 1867 135 26 :Fiorenzo,
1714 1873 32 16 ne
1771 1873 84 21 campa
1879 1865 87 28 qu’une

1494 1898 69 26 nuit;
1578 1898 20 22 il
1618 1898 75 27 partit
1709 1898 25 21 le
1758 1897 139 22 lendemain
1919 1895 56 23 une;

1493 1929 76 22 heure
1579 1931 76 19 avant
1660 1929 29 20 Je
1697 1929 59 26 jour
1764 1934 59 16 avec
1828 1933 69 17 .ceux
1908 1926 59 22 d’A.-

1495 1960 107 27 quitaine
1621 1959 31 22 de
1671 1958 138 29 Rouergue,
1824 1959 30 21 de
1867 1957 97 26 Medoc,

1494 1991 22 21 &
1527 1991 30 21 de
1564 1990 160 27 ^Languedoc,
1737 1989 80 24 &-alla
1826 1989 102 27 joindre
1943 1988 24 22 le

1494 2021 133 28 Régiment
1646 2021 31 21 de
1698 2020 158 27 Champagne
1879 2019 13 22 à
1920 2025 47 15 une

1494 2052 66 22 lieue
1578 2052 54 26 plus
1652 2051 60 26 loin,
1734 2056 61 16 avec
1812 2057 32 14 un
1856 2049 120 22 détache--

1494 2084 69 20 ment
1577 2081 13 22 à
1602 2081 58 28 pied
1671 2081 23 21 &
1705 2081 14 21 à
1731 2081 88 21 cheval
1838 2081 31 21 de
1888 2081 24 20 la
1927 2079 41 22 Lé-

1495 2113 59 27 gion
1567 2112 30 21 de
1606 2111 114 22 Lorraine
1728 2111 23 21 &
1761 2117 40 23 150
1811 2110 157 22 Volontaires

1496 2142 91 23 Corses
1594 2148 6 19 ;
1611 2142 30 21 ils
1650 2141 153 28 grimpèrent
1810 2143 56 20 tous
1876 2146 93 16 ensem-

1495 2174 41 21 ble
1552 2179 42 15 sur
1615 2172 178 28 Mont-Angelo
1806 2171 22 22 &
1838 2172 37 21 les
1886 2173 83 19 autres

1497 2204 143 27 Montagnes
1652 2203 127 21 au-dessus
1791 2203 30 20 de
1834 2202 143 22 Pietra-Al--

1496 2235 39 21 ba.
1548 2234 31 21 La
1591 2234 75 21 veille
1680 2234 32 21 du
1723 2233 59 27 jour
1793 2238 48 22 que
1852 2233 24 21 le
1895 2231 81 29 Régi-

1496 2267 68 20 ment
1569 2264 116 27 Dauphin
1692 2264 81 22 arriva
1778 2263 14 21 à
1802 2263 46 22 San
1856 2262 112 26 Nicôlao,

1497 2304 59 16 avec
1567 2299 38 21 les
1616 2297 136 29 Régimens
1766 2297 60 22 dont
1837 2297 18 21 il
1866 2298 39 20 est
1914 2302 56 22 par-

1497 2329 23 22 lé
1540 2329 122 21 ci-dessus
1673 2328 23 21 &
1710 2328 66 21 celui
1795 2327 30 21 de
1841 2328 23 21 la
1877 2327 92 26 Marck,

1498 2360 59 22 dont
1568 2361 37 20 les
1617 2358 159 26 Grenadiers,
1787 2358 37 21 les
1836 2357 143 26 Chasseurs;

1497 2394 23 21 &
1532 2394 37 21 les
1580 2392 159 23 Volontaires
1751 2391 96 22 étoient
1862 2397 63 15 avec
1935 2390 34 22 M.

1497 2426 23 20 le
1533 2424 89 22 Comte
1633 2424 30 21 de
1675 2422 82 26 Vaux,
1771 2422 34 22 M.
1818 2421 154 23 d’Arcambal

1498 2455 68 22 avoit
1590 2453 87 29 balayé
1705 2455 83 20 toutes
1813 2453 37 21 les
1877 2452 96 22 Monta-

1498 2491 60 22 gnes
1571 2485 31 22 de
1614 2484 143 22 San-Pietro
1763 2482 118 29 jusqu’au
1889 2483 92 22 Mont-:

1499 2517 107 27 Angelo,
1616 2514 23 22 &
1647 2521 28 16 ce
1687 2520 32 16 ne
1731 2514 38 22 fut
1776 2520 44 21 pas
1830 2519 60 16 sans
1900 2514 73 21 beau-

1500 2552 63 22 coup
1574 2546 96 22 fusiller
1679 2552 6 18 ;
1705 2545 65 22 mais
1780 2545 38 21 les
1827 2544 96 22 Corses
1941 2549 40 16 ne-

1499 2578 71 21 firent
1580 2577 78 21 ferme
1670 2576 61 21 dans
1743 2581 77 16 aucun
1833 2575 107 26 endroit,
1951 2574 22 21 ôc

1499 2608 49 22 l’on
1561 2613 31 16 ne
1605 2607 81 27 perdit
1698 2612 43 22 pas
1753 2612 32 15 un
1798 2606 53 21 seul
1865 2605 107 25 homme,

1516 2671 21 18 (1)
1543 2678 18 4 —
1568 2671 88 14 Abbataccï.

1995 162 8 21 1
2015 160 40 29 n’y
2068 161 41 20 eut
2121 165 45 22 que
2176 160 117 27 quelques
2302 158 103 22 blessés.
2417 157 44 22 Les

1991 191 140 27 Montagnes
2143 191 41 27 qui
2198 190 127 23 dominent
2341 188 121 23 Pietr’Al-

1991 228 25 16 3a
2036 222 57 20 sont
2115 221 179 25 inaccessibles,
2320 220 21 21 &
2365 227 33 15 on
2420 220 41 28 n'y

1991 252 73 22 ;eroit
2072 251 89 27 jamais
2172 258 117 21 parvenu,
2306 251 19 21 si
2345 251 37 21 les
2400 251 61 22 Cor-

1991 289 35 15 ses
2039 283 35 20 les
2094 284 102 20 eussent
2215 282 141 22 défendues.
2379 282 82 27 Après

1991 312 100 22 snviron
2103 318 50 16 une
2164 312 76 22 heure
2251 313 23 21 &
2285 312 82 22 demie
2380 312 30 22 de
2423 319 39 15 re-

1991 348 41 22 pos
2051 348 42 16 sur
2111 343 54 21 leur
2184 342 121 26 sommité,
2318 343 17 21 il
2348 343 71 21 fallut
2431 349 30 15 en

1991 374 130 21 descendre
2131 379 48 16 une
2191 374 49 22 très
2252 373 123 29 escarpée,
2389 373 74 22 d’une

1991 404 60 21 Lieue
2062 403 23 22 &
2096 404 80 22 demie
2189 404 136 27 d’étendue,
2335 411 31 16 au
2377 405 45 22 bas
2431 405 30 21 de

1991 434 102 27 Laquelle
2106 437 56 19 sont
2172 435 37 21 les
2222 435 109 29 Villages
2344 436 30 21 de
2388 435 76 22 Casa-

1991 464 74 25 nova,
2076 464 31 21 de
2119 464 84 22 Tenda
2215 466 21 21 &
2246 466 30 22 de
2285 466 134 26 Sendante,
2430 472 33 16 ou

1991 494 66 22 Paoli
2069 495 69 22 avoit
2149 496 82 22 donné
2242 497 73 22 ordre
2327 497 13 22 à
2353 504 13 21 7
2379 503 32 17 ou
2421 497 42 22 800

1991 524 27 22 de
2030 530 39 16 ses
2081 531 60 21 gens
2152 526 32 21 de
2195 527 65 21 tenir
2271 528 77 22 ferme
2359 534 5 20 ;
2389 528 31 22 ils
2432 534 31 15 en

1991 555 78 21 virent
2088 555 134 23 descendre
2241 559 37 20 les
2297 559 63 21 trois
2380 560 84 26 quarts

1991 591 54 15 sans
2056 585 141 28 s’ébranler,
2210 589 63 21 mais
2285 588 13 22 à
2313 596 98 15 mesure
2424 588 41 29 qu’

1991 621 28 15 nn
2030 615 142 28 s’approcha
2185 617 79 28 d’eux,
2277 619 23 22 &
2312 620 72 27 qu’ils
2403 619 61 29 s'ap-

1991 648 128 25 pelèrent
2137 647 74 28 qu’on
2231 650 122 22 marchoit
2367 657 32 15 en
2414 651 50 22 bon

1991 676 78 25 ordre,
2082 677 30 21 ils
2124 684 27 16 se
2164 681 170 22 contentèrent
2345 681 31 22 de
2396 681 70 22 fusil-

1991 706 35 21 Rr
2036 706 30 25 je
2086 708 52 21 loin
2149 709 23 21 &
2183 710 95 27 prirent
2297 712 24 21 la
2332 712 63 22 fuite
2406 711 59 22 d’un

1991 735 53 22 côté
2056 739 26 20 et
2093 737 94 23 d’autre
2197 746 6 15 :
2216 741 62 22 ainsi
2289 748 56 16 sans
2358 748 64 22 coup
2432 742 34 22 fé-

1991 766 34 21 rir
2036 772 32 15 on
2080 768 23 20 le
2114 768 39 22 vit
2164 770 87 22 maître
2263 772 31 21 de
2306 773 22 20 la
2340 773 81 27 partie
2434 773 31 21 de

1991 796 165 30 Pietra-Alba,
2179 801 43 26 qui
2242 804 37 20 est
2289 803 24 21 la
2328 803 51 22 clef
2397 804 32 21 de
2440 804 25 21 la

1991 826 114 28 Balagna.
2119 828 31 22 Le
2162 831 92 28 village
2266 833 31 21 de
2313 833 91 22 Caccia
2423 834 42 27 qui

1991 857 43 21 fait
2043 863 32 16 un
2084 859 112 23 très-bon
2206 861 96 28 Poste,à
2312 864 66 22 deux
2385 865 80 21 lieues

1991 887 30 20 de
2034 887 164 30 Pietra-Alba,
2211 892 56 22 vint
2282 894 24 21 le
2323 894 143 22 lendemain

1991 917 62 22 faire
2070 925 26 15 sa
2118 922 158 27 soumission,
2297 925 23 21 &
2331 931 32 16 on
2381 931 19 23 y
2419 926 47 21 mit

1991 949 125 25 garnison.
2126 950 44 22 Les
2185 952 134 28 Régimens
2331 956 31 21 de
2374 956 93 22 Cham-

1991 983 87 22 pagne,
2093 980 31 21 de
2144 981 116 29 Dauphin
2272 985 23 21 &
2306 985 160 28 d’Aquitaine

1991 1010 170 23 retournèrent
2171 1018 98 23 camper
2279 1021 43 16 sur
2340 1017 38 21 les
2396 1017 71 22 Mon-

1991 1039 85 26 tagnes
2088 1042 40 26 qui
2140 1043 127 23 dominent
2275 1048 63 20 cette
2346 1048 88 26 partie,
2444 1048 23 21 &

1992 1068 19 21 R
2021 1075 30 15 ne
2063 1073 64 25 res£a
2139 1078 48 21 fiue
2200 1075 38 21 les
2256 1078 85 25 quatre
2359 1077 108 29 Compa-

1992 1099 69 27 gnies
2076 1101 31 21 de
2126 1102 151 26 Grenadiers
2297 1107 24 21 &
2338 1108 31 21 de
2392 1108 75 22 Chas-

1993 1135 68 19 seurs
2082 1132 30 21 de
2131 1133 117 29 Dauphin
2267 1143 61 16 avec
2339 1139 36 21 les
2392 1138 76 29 Régi-

1992 1165 69 33 me.nf
2125 1163 131 31 Rouergue
2275 1167 23 22 Ôc
2317 1168 30 21 de
2365 1169 100 27 Medoc,

1994 1191 40 26 qui
2045 1191 95 25 étoient
2148 1195 110 24 destinés
2270 1197 13 22 à
2295 1198 135 29 s’emparer
2437 1201 31 21 de

1992 1221 24 20 la
2025 1221 115 30 Balagna.
2163 1226 47 22 Par
2229 1230 63 20 cette
2310 1230 111 26 position
2435 1237 32 16 on

1993 1253 96 21 contint
2113 1256 113 27 toujours
2247 1260 39 20 les
2311 1259 91 23 Corses
2426 1262 42 27 qui

1993 1287 56 16 sans
2059 1285 52 20 cela
2120 1287 113 22 auroient
2239 1290 96 27 attaqué
2344 1292 124 26 plusieurs

1992 1311 49 22 fois
2060 1314 36 22 les
2107 1315 75 23 flancs
2194 1318 30 21 de
2234 1318 118 24 l’Armée.
2366 1321 32 22 La
2410 1328 60 16 con-

1993 1344 71 26 quête
2080 1346 30 21 de
2129 1348 22 21 la
2172 1348 105 30 Balagna
2289 1358 32 15 ne
2341 1355 74 20 coûta
2428 1360 41 15 en-

1993 1375 64 21 suite
2073 1382 48 22 que
2135 1378 23 21 la
2175 1380 74 26 peine
2262 1382 30 21 de
2308 1389 26 15 se
2346 1386 122 24 montrer,

1992 1406 23 20 la
2026 1407 123 23 reddition
2162 1410 31 21 de
2211 1411 176 27 F.Isle-Rousse
2406 1414 63 22 s’en-

1993 1437 78 22 suivit
2080 1444 6 19 ;
2109 1439 23 21 &
2154 1441 99 22 maîtres
2277 1443 31 22 de
2329 1446 83 20 toutes
2432 1446 37 21 les

1993 1466 146 30 Mo.n.tagnes
2157 1471 32 20 du
2212 1471 82 28 Niolo,
2316 1480 32 16 on
2367 1476 102 21 marcha

1993 1503 57 16 sans
2066 1499 122 24 obstacles
2199 1502 14 22 à
2226 1502 85 28 Corte,
2329 1505 59 22 d’où
2406 1509 64 19 vont

1994 1534 155 19 commencer
2170 1533 38 21 les
2234 1534 149 28 opérations,
2407 1543 64 21 pour

1993 1559 107 23 achever
2110 1562 30 21 de
2152 1567 135 20 soumettre
2298 1566 76 23 ITsle.

2059 1622 81 20 Numéro
2148 1625 26 17 du
2182 1625 61 19 Mardi
2249 1626 25 19 20
2280 1628 48 18 Juin
2335 1628 55 19 1769.

2182 1662 27 18 De
2217 1662 61 19 Gênes
2286 1664 19 18 le
2313 1664 22 18 10
2344 1665 53 18 Juin.

2020 1697 46 22 Par
2077 1704 33 15 un
2119 1699 124 24 Bâtiment
2249 1704 83 21 arrivé
2344 1704 81 23 Mardi
2437 1712 32 16 en

1992 1737 14 21 3
2015 1730 70 28 jours
2097 1733 136 29 d’Ajaccio,
2252 1742 32 16 on
2296 1743 14 16 a
2322 1739 85 27 appris
2422 1746 48 21 que

1993 1764 107 23 l’Armée
2111 1766 130 30 Françoise
2253 1770 82 23 s’étoit
2355 1773 63 21 mise
2438 1780 30 15 en

1992 1799 99 22 marche
2102 1806 63 21 pour
2176 1801 114 28 pénétrer
2302 1805 61 22 dans
2374 1807 24 20 la
2416 1813 56 21 par-

1992 1832 35 22 tie
2039 1833 30 20 de
2080 1834 23 20 la
2115 1834 78 23 Corse
2205 1837 97 22 au-delà
2320 1839 42 23 des
2375 1839 94 28 Monts,

1993 1865 33 22 où
2035 1872 27 15 se
2073 1868 109 22 trouvoit
2192 1869 67 23 Paoli
2269 1871 60 23 dans
2338 1873 24 21 le
2369 1873 102 29 Village

1994 1899 30 21 de
2036 1899 105 24 Vivario
2154 1902 61 27 qu’il
2227 1905 69 21 avoit
2307 1905 101 28 fortifié,
2421 1909 51 20 tan-

1993 1933 38 21 dis
2044 1939 47 22 que
2102 1940 45 17 son
2157 1936 64 22 frère
2230 1937 114 24 Clément
2355 1946 27 15 se
2390 1942 82 21 tenoit

1994 1967 60 22 dans
2063 1969 24 20 la
2094 1968 124 24 Province
2226 1971 30 22 de
2269 1972 64 23 Vico
2344 1980 6 20 ;
2360 1973 24 23 &
2395 1974 76 28 qu’on

1996 2006 12 15 s
2016 2002 122 22 attendoit
2149 2004 31 21 de
2189 2005 61 21 .voir
2261 2006 62 22 dans
2334 2013 50 21 peu
2403 2010 71 20 toute

1994 2036 63 20 cette
2077 2035 49 22 Isle
2144 2039 109 21 soumise
2274 2039 14 21 à
2309 2040 164 23 l’obéissance

1995 2068 31 21 de
2043 2068 23 22 S.
2082 2069 34 21 M.
2128 2070 231 25 Très-Chrétienne.
2373 2074 33 22 Le
2427 2075 46 22 Pa-

1993 2103 57 20 tron
2062 2102 31 21 de
2104 2108 28 16 ce
2143 2104 127 23 Bâtiment
2281 2112 14 15 a
2307 2107 82 27 ajouté
2401 2109 73 21 avoir

1995 2136 128 22 rencontré
2131 2143 42 16 sur
2181 2139 38 21 les
2228 2145 102 23 parages
2339 2141 31 21 de
2379 2143 24 20 la
2413 2141 61 23 Cor-

1995 2174 27 16 se
2039 2171 72 20 notre
2122 2171 169 24 demi-Galère
2304 2180 60 16 avec
2385 2176 23 20 la
2422 2175 51 22 Ga-

1995 2203 61 22 liote
2070 2203 14 22 à
2094 2204 24 21 la
2135 2207 129 25 poursuite
2281 2208 43 21 des
2343 2208 133 22 Barbares-

1997 2243 59 21 ques
2064 2243 6 20 ;
2084 2243 47 22 que
2142 2244 46 17 nos
2200 2240 65 22 deux
2280 2240 102 23 Galères
2395 2242 80 22 conti-

1996 2273 76 20 nuent
2083 2271 32 22 de
2126 2272 96 23 croiser
2232 2280 58 16 vers
2301 2274 67 22 ITsle
2381 2276 31 21 de
2430 2275 46 22 Ca-

1997 2305 76 26 praia,
2087 2305 23 22 &
2127 2311 47 22 que
2194 2307 36 21 les
2250 2308 67 22 deux
2334 2309 143 22 Vaisseaux

1997 2338 31 21 de
2044 2344 95 22 guerre
2164 2339 157 28 Napolitains
2347 2343 43 27 qui
2412 2344 64 21 croi-

1997 2371 84 22 soient
2092 2372 59 22 dans
2163 2374 37 21 les
2212 2374 68 22 Mers
2292 2375 31 21 de
2339 2375 137 29 Sardaigne

1998 2406 143 24 entre.cette
2149 2406 55 22 Isle
2215 2406 23 23 &
2250 2408 23 21 la
2283 2407 78 23 Corse
2372 2410 105 21 avoient

1998 2439 51 27 pris
2060 2440 24 21 la
2095 2441 70 20 route
2176 2441 32 21 de
2220 2440 131 24 Livourne.

2157 2505 161 28 (Çuntinua)

2001 2619 98 22 Aiaeciu
2108 2631 28 5 —
2148 2619 135 29 Stamparia
2296 2620 24 22 di
2334 2622 23 21 A
2369 2621 107 27 Muvra,

2003 2664 13 15 u
2030 2657 242 24 Diretlore-Gerenle:
2283 2659 70 23 Peliu
2364 2659 114 23 ROCCA.

24 2785 94 24 Fuglittinu
126 2790 19 17 di
152 2790 127 18 AAiuvra—
285 2789 57 18 n.122
345 2788 40 17 —di
390 2793 13 12 u
408 2786 74 19 28-4-29

45 2845 235 57 PAIQUALE
313 2845 145 49 PMU
484 2840 3 22 :

178 2915 7 6 '
216 2919 65 19 OSSIA

64 2954 32 37 U
112 2957 78 37 Botta
208 2959 31 35 di
253 2957 175 36 Pontemsovo
480 2970 7 8 j

21 3013 461 30 •RACONTOCORSODELSECOLO

147 3077 13 5 .
204 3060 85 23 XVIII

238 3103 23 19 DI

109 3139 32 25 F.
155 3141 36 25 D.
209 3140 175 27 Guerrazzi

49 3220 86 26 Perché
151 3226 161 27 permetteste
323 3224 8 21 i
344 3222 103 23 mercati
458 3222 28 21 in

26 3256 129 24 Prossimità
167 3259 39 21 dei
220 3257 113 28 presidî?
348 3255 139 23 L’orofran-

26 3289 46 20 cese
79 3292 110 28 serpegia
196 3297 70 16 corne
275 3291 90 21 veleno
373 3289 63 21 nelle
445 3294 41 15 ve-

26 3322 25 17 ne
60 3322 36 23 dei
109 3324 83 26 Côrsi;
206 3330 14 15 e
241 3325 18 20 il
274 3325 70 19 lusso
357 3327 50 16 non
417 3322 69 20 entra

26 3354 39 21 ^ai
72 3357 56 22 %olo
137 3358 41 22 nei
188 3357 76 28 paesi,
277 3357 71 21 bensi
359 3355 128 22 abraccet-

57 3393 43 18 con
107 3391 24 21 la
139 3390 151 23 corruzione.

49 3418 91 28 IlPaoli
149 3423 115 28 divampò
284 3424 26 21 in
318 3424 77 25 volto;
417 3427 70 16 senza

27 3447 78 30 ^übbio
113 3457 89 27 perché
208 3458 63 21 senti
279 3457 120 22 mordersi
407 3456 17 21 il
430 3460 58 17 cuo-

26 3485 29 20 re:
64 3490 89 23 cotesto
165 3491 156 27 rimprovero
333 3490 46 21 che
399 3489 88 21 adesso

62 3525 104 21 moveva
176 3524 18 21 il
199 3524 60 22 frate
272 3524 29 21 âd
310 3524 48 21 alta
370 3527 119 21 voce,.so-

27 3550 71 30 Vente,
119 3562 66 17 corne
201 3557 26 22 in
236 3558 60 20 altra
303 3558 70 25 parte
383 3556 26 21 fu
418 3560 71 16 aver-

27 3579 38 24 *it°
83 3587 29 22 da
123 3591 50 25 noi,
184 3591 76 28 glielo
280 3594 131 17 susurrava
421 3593 68 16 som-

27 3616 72 25 messo
110 3622 156 24 lacoscienza
276 3630 7 19 ;
295 3622 65 21 onde
367 3622 120 26 piuttosto

29 3649 77 25 acerbo
128 3656 94 28 rispose
236 3663 6 15 :
262 3666 29 6 —
311 3654 51 22 Voi
383 3654 37 21 usi
447 3653 40 21 nei

30 3677 99 37 ckiostri,
150 3690 63 22 delle
221 3688 116 24 faccende
346 3692 88 17 umane
452 3687 37 20 in-

507 2788 102 22 tendete
620 2788 128 22 niente.La
758 2788 100 22 Corsica
865 2787 118 22 difettava

508 2821 25 22 di
543 2822 100 26 danaro,
662 2827 15 15 e
688 2827 44 21 per
746 2823 128 20 sostenere
894 2826 94 24 guerra_

508 2855 83 27 giusta
602 2857 85 20 eontro
695 2855 7 21 i
715 2855 91 21 nemici
814 2854 87 22 faceva
909 2854 29 26 dij
945 2853 39 22 bi-

508 2894 83 22 sogno
602 2889 154 26 procacciare
767 2888 147 28 artiglierie,
924 2887 25 21 di
958 2893 26 15 o-

508 2923 44 25 gni
565 2922 110 21 maniera
683 2922 71 25 armi,
770 2921 147 25 munizioni,
926 2927 14 14 e
952 2920 31 21 si-

509 2955 55 21 mili
585 2955 55 21 altri
660 2955 158 21 monimenti:
838 2959 43 16 ora
901 2960 14 15 a
922 2955 66 20 tutte-

510 2990 87 25 queste
605 2993 57 17 cose
675 2988 118 27 piovvidi
805 2987 130 22 coidanari
944 2987 40 21 dei

510 3022 107 22 nemico:
627 3028 14 15 e
649 3027 69 16 senza
731 3022 8 20 i
753 3021 99 22 mercati
861 3020 128 25 concessi,;

510 3056 26 21 in
549 3056 72 26 quale
632 3055 68 28 guisa
714 3055 24 21 io
751 3054 67 28 glieli
828 3054 69 21 avrei
916 3055 69 25 potu-

511 3091 26 19 to
551 3088 119 22 cavare.di
683 3088 84 21 tasca?
778 3087 29 22 In
815 3086 79 22 verità
904 3092 25 16 se
941 3085 43 22 voi

511 3127 53 16 non
575 3128 38 15 me
625 3122 25 21 lo
659 3121 131 27 insegnate
800 3125 51 17 non
858 3119 81 28 saprei
947 3118 39 22 in-

512 3155 124 22 dovinarli
648 3154 55 22 io.T
714 3154 83 27 partiti
817 3153 98 28 politici
932 3158 54 22 pre-

512 3190 102 20 sentano
631 3193 97 22 sempre
738 3188 75 21 moite
833 3186 76 22 facce:
927 3185 58 28 ogni

513 3221 87 22 diritto
610 3221 32 21 ha
649 3226 97 22 sempre
756 3221 18 21 il
795 3225 44 17 suo
859 3219 125 25 rovescio,

513 3260 13 15 e
546 3255 24 21 la
591 3254 118 22 nécessita
720 3254 125 27 costringe
857 3253 8 21 i
875 3252 110 25 cimenti;

512 3288 34 27 gli
560 3287 93 22 uomini
663 3287 42 26 poi
717 3292 49 16 non
779 3291 110 23 possono
901 3290 86 23 preve-

513 3321 59 21 dere
582 3322 62 19 tutte
652 3320 25 20 le
686 3320 109 25 sequele,
805 3319 25 21 di
840 3319 51 26 qui,
912 3318 74 27 padre

513 3352 160 25 Bernarâino,
686 3352 73 26 diqui
770 3352 24 20 la
802 3350 97 22 fortuna
906 3351 81 20 buona

513 3393 14 15 e
538 3387 25 20 la
571 3391 50 17 rea.
643 3384 146 22 D’altronde
798 3383 33 22 ho
845 3384 63 21 falto
917 3388 71 21 espe-

513 3420 81 22 rienza
602 3419 25 21 di
639 3417 80 28 questi
726 3416 53 23 fieri
788 3416 89 23 fratèlli
897 3415 88 26 nostri,

514 3460 14 16 e
539 3458 52 17 non
601 3452 18 22 li
627 3454 73 20 trovo
715 3452 76 25 punto
803 3450 113 22 corrotti.

540 3498 31 5 —
580 3486 41 22 Oh
629 3486 5 20 !
645 3484 41 28 qui
694 3490 30 15 su
735 3484 8 21 i
752 3484 79 22 monti
843 3484 21 20 si
873 3483 59 21 vive
944 3481 43 28 più

515 3521 31 21 da
555 3524 85 23 presso
652 3524 14 15 a
679 3516 57 26 Die,
744 3522 110 21 .ma;per
867 3514 94 23 Je-città
972 3520 15 15 e

514 3554 24 20 le
550 3556 133 23 campagne
694 3549 142 22 circostanti
851 3549 68 21 temô
941 3547 46 21 che

515 3586 37 21 sia
563 3585 110 21 diverso.
682 3582 74 21 —Ad
768 3582 58 27 ogni
836 3581 76 22 modo
920 3580 67 27 piac-

515 3619 40 21 cia
564 3618 45 21 alla
619 3615 176 25 Provvidenza,
809 3614 45 21 che
867 3615 8 20 i
886 3612 101 28 quattri-

515 3653 26 21 ni
552 3652 103 21 francesi
663 3649 205 23 rechinominore
880 3648 81 20 danno
973 3651 14 15 a

515 3686 45 21 noi
569 3685 45 21 che
633 3690 14 15 a
666 3685 56 20 loro
741 3682 20 21 il
769 3680 121 23 ferromhe
897 3685 38 17 -ne
940 3678 47 22 -ab-

1009 2786 82 22 biamo
1104 2782 136 27 comprato.

1080 2816 79 22 Padre
1180 2811 163 25 Bernardirio.
1367 2808 110 23 uditemi:

1008 2852 45 22 voi
1061 2856 46 22 per
1114 2849 79 22 fermo
1201 2847 87 26 sapete
1305 2849 68 17 corne
1396 2841 82 22 Marco

1009 2884 102 22 Aurelio
1119 2883 101 21 assunto
1228 2880 48 21 allô
1289 2878 96 27 impero
1395 2880 84 17 conse-

1007 2917 101 29 -gnando
1127 2916 24 21 la
1156 2913 76 28 spada
1238 2913 23 22 al
1275 2911 106 28 prefetto
1392 2909 40 21 dei
1440 2914 40 21 pa-

1009 2952 68 21 lazzo-
1082 2950 34 28 gli
1130 2948 143 22 dicesse:-—
1285 2946 27 20 tu
1321 2962 4 3 .
1332 2949 47 17 con
1386 2958 6 6 ,
1397 2943 86 27 questa-

1010 2983 130 23 difendimi
1151 2979 81 24 fincJhè
1252 2983 104 17 osservo
1367 2977 24 21 la
1400 2977 78 25 legge;

1010 3017 97 28 quando
1117 3017 24 20 la
1155 3012 159 29 trasgredissi
1330 3008 152 26 ammazzami

1010 3056 47 16 con
1063 3050 93 28 questa;
1165 3058 29 6 —
1202 3052 15 16 e
1225 3046 23 21 io
1258 3045 56 21 dico
1322 3050 14 15 a
1344 3043 43 22 vói
1395 3048 6 15 :
1446 3041 35 27 pi-

1011 3084 74 28 gliate
1090 3083 86 27 questo
1183 3079 105 29 pugnale
1298 3084 6 19 ;
1317 3082 32 16 ve
1357 3077 26 21 lo
1390 3075 33 21 do
1434 3079 46 17 con

1010 3118 24 21 le
1052 3114 136 24 medesime
1205 3111 134 24 intenzioni
1361 3109 25 21 di
1392 3107 91 25 .Marco.

1011 3149 112 25 Aurelio,
1142 3147 110 28 pigliâte.

1038 3194 29 4 —
1077 3181 47 26 No,
1138 3179 125 28 Pasquâle:
1273 3177 165 27 vogliatenon
1446 3178 35 16 es-

1001 3236 4 4 .
1012 3222 54 15 sere
1077 3215 33 21 nè
1120 3218 89 17 manco
1223 3211 83 22 Marco
1314 3207 110 25 Aurelio;
1433 3206 48 28 egli

1012 3250 21 21 si
1044 3247 113 29 professé
1180 3244 108 26 filosofo,
1309 3248 40 17 ma
1359 3248 15 14 a
1384 3240 48 21 fine
1457 3239 24 22 di

1013 3283 75 21 conto
1100 3281 90 21 rimase
1209 3278 157 27 imperatore;
1386 3273 64 21 onde
1468 3278 13 16 a

1013 3315 101 27 ragiorie
1123 3313 123 27 Eppitteto
1255 3310 98 21 evitava
1361 3307 121 25 disputare

1013 3353 47 16 con
1068 3347 36 20 lui
1110 3344 139 28 repuiando.
1255 3348 56 16 cosa
1320 3342 30 21 da
1357 3340 76 21 matto
1438 3344 45 16 .ve-

1013 3380 55 21 nire
1079 3384 14 16 a
1109 3377 82 28 litigio
1202 3376 78 22 anche
1300 3375 24 21 di
1334 3373 85 28 parole
1436 3377 48 17 con

1012 3413 49 21 taie
1074 3411 45 22 che
1139 3410 162 22 tenevasotto
1317 3407 23 22 al
1353 3411 46 15 suo
1409 3422 3 3 .
1420 3410 63 17 com-

1012 3446 63 21 ando
1087 3445 111 21 sess'anta
1208 3442 103 27 legioni.
1326 3439 100 22 Coteste
1433 3443 51 16 era-

1012 3484 33 16 no
1056 3477 155 23 chiacchiere
1222 3481 7 20 ;
1244 3481 27 15 se
1285 3474 84 21 Marco
1382 3470 101 22 Aurelio

1005 3516 94 18 ,avesse
1123 3510 96 21 temuto
1234 3508 15 21 d
1252 3508 24 20 ei
1279 3504 92 30 .prefett
1373 3508 15 16 o
1404 3503 79 27 questi

1013 3543 108 22 âvrebbe
1131 3541 73 22 finito
1226 3546 72 16 corne
1304 3540 23 21 la
1334 3535 149 30 giustizia'di

1013 3578 138 26 Arragona.
1176 3571 161 25 Persuadevi,
1345 3569 78 27 gjova
1442 3568 43 28 più

1013 3616 45 22 per
1064 3609 63 24 tutti:
1134 3612 132 23 procurare
1274 3605 46 23 che
1341 3603 18 21 il
1364 3602 64 22 male
1434 3607 51 17 non

1013 3643 97 24 accada,
1118 3641 46 21 che
1172 3638 141 23 rimediarci
1321 3635 124 22 accaduto.

1039 3687 31 5 —
1077 3675 41 22 Ma
1126 3673 89 22 adesso
1222 3670 140 28 chequesto.
1370 3667 116 24 benédet-

1505 2775 23 19 to
1542 2775 74 19 trono
1640 2774 38 19 sta
1696 2777 28 16 su
1736 2771 62 22 rillo
1810 2771 82 21 ionon
1914 2775 27 16 so
1963 2775 12 15 a

1505 2806 54 27 quai
1569 2808 70 19 santo
1652 2804 116 22 votarmi.

1532 2850 27 4 —
1567 2838 56 22 Non
1633 2838 24 21 vi
1675 2838 55 21 date
1739 2836 122 28 travaglfo
1875 2842 44 21 per
1929 2836 46 25 cio,

1505 2877 66 21 ecco,
1585 2871 45 22 che
1641 2871 24 21 io
1677 2871 26 20 vi
1716 2870 143 27 profferisco
1875 2875 31 15 un
1924 2874 52 21 par-

1504 2905 46 21 tito
1562 2904 137 22 bellissimo
1708 2910 7 14 :
1724 2903 140 24 asseltatevi
1877 2903 100 20 accanto

1506 2938 23 21 al
1534 2939 97 24 trono,e
1636 2942 28 19 se;
1667 2936 217 27 talunoTnterroga
1888 2934 91 29 perché

1505 2970 80 22 usiate
1593 2969 62 27 cosi,
1664 2976 14 16 e
1685 2970 42 21 voi
1736 2969 152 27 rispondete;
1899 2968 19 21 il
1927 2969 51 20 tro-

1506 3009 32 17 no
1544 3003 26 22 fu
1579 3005 82 20 erreto
1673 3008 46 22 p.er
1725 3003 24 21 la
1765 3001 87 23 libertà
1866 3001 65 22 délia
1937 3006 41 17 n-a-

1505 3038 79 24 zione,
1594 3037 25 20 la
1630 3036 80 27 quale,
1732 3034 175 23 comecchè-sia
1922 3035 56 20 ente

1506 3071 103 20 astiatto
1618 3074 60 23 pure
1687 3069 44 21 noi
1738 3068 60 22 tutti
1805 3067 174 22 dobbiamoes-

1497 3103 216 27 .timar,q.pcesente
1719 3102 49 21 aile
1774 3100 204 23 nostredelibera-

1500 3134 198 28 'Zioni,mffxnchè
1711 3135 47 22 ella
1767 3133 124 23 c’infonda
1904 3133 75 27 parti-

1506 3169 19 21 ti
1538 3169 76 27 degni
1623 3169 25 20 di
1655 3168 42 21 lei.

1535 3213 27 5 —
1570 3201 36 22 Mi
1618 3201 78 28 piace;
1706 3200 54 22 cosi
1768 3199 60 23 farò:
1843 3199 61 22 siete
1921 3204 59 16 con-

1506 3236 90 21 tento?

1534 3280 30 4 —
1571 3267 26 23 Si
1614 3273 73 20 sono;
1708 3273 39 16 ma
1768 3266 83 21 vorrei
1869 3264 111 22 un’altra

1507 3301 81 28 grazia
1597 3301 31 21 da
1635 3300 53 26 voi;
1697 3301 23 20 la
1728 3300 134 21 ricuserete
1880 3298 98 21 all’ami-

1509 3339 29 16 co
1547 3334 25 21 di
1581 3334 86 21 vostro
1676 3332 76 27 padre
1757 3333 13 20 ?

1535 3378 28 7 —
1572 3366 106 22 Parlate.

1535 3411 30 5 —
1571 3399 110 23 Vorrei..
1687 3398 46 24 che
1740 3398 36 22 mi
1787 3397 94 23 dic.este
1893 3397 87 27 propio

1509 3433 161 22 col-cuore-se
1689 3431 27 21 vi
1725 3431 66 21 «iete
1805 3432 76 20 avuto
1892 3436 14 15 a
1917 3430 64 21 male

1509 3466 26 21 di
1546 3467 91 25 quanto
1646 3465 26 21 vi
1684 3465 115 21 discorsi.

1536 3509 30 5 —-
1570 3498 100 24 .Daterai
1682 3498 24 20 la
1717 3502 85 17 mano:
1810 3501 67 21 ecço.
1882 3496 25 21 io
1919 3501 31 16 ve
1958 3496 24 21 la

1510 3531 71 22 bacio
1594 3536 81 16 -corne
1695 3531 82 26 quella
1786 3548 5 3 .
1797 3529 92 22 dhmi.o
1897 3528 85 28 ,-padre

1510 3564 98 27 quando
1615 3563 34 21 mi
1658 3563 125 27 castigava
1790 3568 45 21 per
1844 3563 53 20 mio
1908 3562 72 20 bene.

1530 3608 37 7 -—
1575 3596 35 21 Ed
1621 3596 34 25 io,
1672 3595 137 28 soggiunse
1820 3595 19 21 il
1849 3594 62 23 frate
1920 3594 63 21 libe-

1510 3630 77 21 rando
1599 3629 24 21 la
1632 3635 44 15 sua
1684 3634 74 16 mano
1770 3634 13 15 e
1792 3627 141 28 ponendola
1944 3627 39 20 sul

1511 3668 61 23 capo
1579 3662 152 28 algenerale,
1740 3662 28 21 vi
1777 3660 127 26 benedico,
1914 3665 69 16 corne

2003 2770 108 22 avrebbe
2124 2769 60 23 fatto
2194 2770 22 21 la
2222 2771 91 27 grande
2336 2772 82 21 anima
2438 2772 39 21 dei

2004 2802 97 22 Povero
2113 2803 86 28 signor
2211 2803 125 26 Giacinto,
2351 2805 41 21 ncl
2408 2810 71 16 nome

2004 2836 39 21 dei
2052 2835 86 26 Padre,
2145 2836 40 22 dei
2195 2835 118 29 Figliuolo
2323 2843 12 16 e
2346 2838 66 21 dello
2425 2837 55 28 Spi-

2005 2870 48 21 rito
2066 2868 84 23 Santo.

2032 2949 24 23 Il
2060 2950 145 22 Présidente
2210 2950 65 22 délia
2287 2950 122 23 Consulta
2419 2951 62 22 Pao-

2004 2983 17 22 li
2034 2983 70 28 Luigi
2117 2983 171 28 Vinciguerra,
2313 2984 88 27 poiché
2423 2985 57 21 tutti

2001 3017 256 25 .si.f.urono,assettati,
2272 3018 25 20 in
2310 3023 81 16 mezzo
2410 3018 25 21 al
2445 3018 36 21 si-

2004 3051 79 21 lenzio
2094 3051 149 25 universale,
2249 3051 69 21 volto
2329 3052 24 20 al
2365 3050 72 23 Paoli
2446 3052 35 27 gli

2005 3084 76 21 disse:
2090 3084 164 27 —Esponete.

2024 3117 29 21 Tl
2065 3117 66 23 Paoli
2139 3117 69 27 parle
2217 3117 26 21 in
2251 3117 150 27 piano.stile,
2409 3123 14 15 e
2433 3117 47 22 dis-

2005 3155 27 16 se
2043 3150 63 21 delle
2118 3150 110 27 pratiche
2238 3152 94 23 tenute,
2356 3150 127 22 médiatri-

2007 3188 27 15 ce
2043 3183 24 21 la
2078 3182 112 26 Francia,
2203 3188 47 17 con
2261 3184 24 20 la
2299 3183 144 27 repubblica
2455 3184 25 20 di

2007 3216 105 22 Genova
2121 3222 44 21 per
2177 3217 25 20 la
2219 3222 70 21 pace:
2314 3222 85 16 esseie
2419 3218 62 20 state

2006 3255 112 27 respinte
2128 3256 23 20 le
2158 3254 86 22 offerte
2250 3255 35 21 tel
2292 3255 96 21 tributo
2400 3261 82 16 annuo

2008 3289 24 20 di
2042 3289 48 21 lire
2101 3293 28 20 40
2137 3288 61 21 mila
2209 3288 41 27 pel
2261 3287 72 22 feudo
2343 3288 24 21 di
2382 3287 101 23 Bonifa-

2006 3321 39 21 zio
2068 3326 14 15 e
2099 3326 45 21 per
2165 3320 113 27 Capraja,
2293 3321 25 20 le
2344 3320 139 28 franchigie

2008 3353 174 26 commercial^
2196 3359 13 15 e
2217 3354 23 21 le
2252 3358 73 16 cerne
2345 3354 25 21 di
2393 3354 90 21 soldati

2008 3387 62 21 côrsi
2082 3387 24 21 in
2118 3389 85 24 tempo
2227 3386 23 22 di
2275 3392 98 21 guerra:
2396 3387 86 26 allora,

2008 3420 88 27 poichè
2116 3420 22 21 ai
2161 3419 170 27 repubblicani
2358 3420 124 27 genovesi

2009 3454 165 20 cocevatanto
2183 3453 23 20 la
2215 3452 96 27 perdita
2323 3452 39 21 dei
2374 3452 74 22 titolo
2457 3453 25 21 di

2008 3492 35 19 re,
2055 3492 74 15 avéré
2140 3487 130 26 proposto,
2287 3485 46 22 che
2354 3486 37 21 sel
2402 3487 82 21 tenes-

2008 3524 64 20 s.ero,
2086 3524 14 16 e
2113 3519 23 21 la
2148 3518 112 25 Corsica,
2286 3518 93 27 purché
2403 3524 82 22 sgom-

2008 3552 43 21 bra
2062 3552 26 21 di
2098 3549 63 28 loro,
2174 3548 107 24 a'vrébbe
2301 3551 132 22 retribuito
2449 3558 35 15 un

2010 3583 123 26 ommagio
2139 3582 107 21 annuale
2257 3586 14 16 a
2279 3580 50 22 mo’
2341 3581 47 22 che
2397 3582 18 21 il
2422 3588 27 15 re
2458 3582 25 21 di

2010 3614 83 23 Sicilia
2101 3616 143 20 costurhava
2253 3619 47 16 con
2309 3613 89 22 Roma.

2210 3659 11 26 (
2224 3658 146 26 Çuntinua)
