2497 3864
192 108 225 47 Contre
453 106 59 45 le
553 104 135 45 Bon
724 100 163 47 Sens

85 262 33 21 Le
137 258 196 24 Sous-Secrétaire
354 255 79 22 d’Etat
454 255 28 20 de
500 254 19 21 1s

55 297 89 22 Marine
163 292 138 23 Marchande
313 291 69 24 avait,
397 296 53 15 sans
475 290 44 19 mol

55 331 58 20 dire,
133 328 86 27 déposé
239 332 38 15 sur
295 325 22 20 le
338 324 90 21 Bureau
452 322 29 20 de
500 321 19 20 la

55 361 114 22 Chambre
178 359 23 21 3e
213 359 73 27 projet
295 357 28 21 de
335 355 138 23 convention
481 360 38 15 sur

55 395 34 20 les
101 393 105 22 Services
229 389 124 23 Maritimes
376 387 102 21 Postaux
493 385 26 21 de

55 427 21 21 lu
90 426 79 21 Corse.

85 464 22 21 Il
117 463 62 21 avait
199 461 102 28 toujours
321 460 38 20 été
373 458 28 21 de
413 457 63 28 règle
492 456 27 21 de

54 495 106 30 prendre,
176 496 69 19 avant
262 492 128 21 d’élaborer
409 496 45 15 une
467 489 52 22 telle

54 527 146 23 convention,
213 525 64 22 l’avis
294 525 40 20 des
353 523 127 22 Chambres
492 522 27 21 de

55 566 129 16 commerce
197 559 28 21 de
242 558 22 21 la
274 557 78 22 Corse.
367 556 65 22 Cette
451 555 68 26 façon

54 593 75 28 d’agir
143 592 57 21 était
212 591 90 28 frappée
315 596 29 15 au
364 589 51 21 coin
435 588 31 21 du
477 594 42 22 pur

54 627 46 20 bon
114 631 61 16 sens.

83 663 33 22 Le
138 662 117 22 Ministère
267 660 27 21 de
305 660 23 21 la
347 659 95 25 Marine,
465 664 54 16 avec

54 703 43 15 son
109 694 203 25 Sous-Seserétàire,
337 692 103 22 résident
450 693 14 20 à
477 691 42 21 Pa-

54 730 40 25 ris,
105 728 30 21 ils
146 728 71 25 n’ont,
231 733 40 21 par
278 727 148 26 conséquent,
436 724 83 29 qu’une

53 761 79 22 notion
149 760 47 21 fort
204 759 103 22 inexacte
318 758 29 21 de
362 764 42 15 nos
424 756 95 23 besoins

55 797 24 18 cl
96 794 28 21 de
136 795 66 19 notre
218 791 115 22 situation.
347 790 33 22 La
394 790 72 22 Corse
484 792 35 19 est

53 834 46 14 une
113 826 79 28 région
205 832 14 15 a
228 827 57 26 part.
293 824 51 21 Elle
351 831 14 15 a
374 824 41 21 des
427 823 92 28 exigen-

54 866 39 16 ces
104 858 55 30 qu’il
166 858 50 22 faut
224 858 51 21 bien
287 856 158 29 comprendre,
455 856 22 21 si
489 862 30 15 on

53 899 29 15 ne
89 894 55 20 veut
155 897 42 22 pas
210 890 114 22 travailler
332 891 14 20 à
360 896 26 15 sa
398 890 74 21 ruine.
485 888 33 22 La

54 932 49 15 mer
115 924 38 29 qui
173 930 60 15 nous
252 925 80 26 sépare
352 923 31 21 du
402 922 117 22 conLinent

53 964 60 16 nous
123 960 51 19 crée
192 963 45 16 une
247 956 110 22 situation
370 958 62 19 toute
449 955 70 28 parti-

53 991 94 22 culière.
157 990 51 22 Elle
215 996 58 15 nous
281 989 59 22 isole
349 989 31 21 du
389 988 84 22 monde
481 994 38 15 en-

53 1025 51 21 tier.
120 1023 66 22 Voilà
204 1022 111 29 pourquoi
335 1022 25 21 la
382 1021 137 22 convention

52 1058 40 28 qui
105 1056 49 22 doit
160 1063 58 15 nous
228 1055 113 22 rattacher
350 1056 14 20 à
372 1054 23 22 la
404 1057 115 25 métropo-

52 1090 23 22 le
87 1090 49 21 doit
158 1091 49 20 être
223 1089 99 21 discutée
346 1090 23 20 et
388 1088 80 29 signée
490 1094 28 16 en

52 1123 165 22 connaissance
229 1122 28 21 de
268 1128 68 15 cause
351 1124 23 19 et
393 1121 126 22 nullement

52 1158 13 19 à
78 1155 153 29 l’aveuglette.

81 1194 33 22 Or
126 1194 21 21 le
149 1193 111 26 ^Ministre
269 1194 46 28 qui,
328 1193 30 22 de
369 1199 41 23 par
421 1200 26 15 sa
454 1193 65 22 fonc-

53 1229 56 25 tion,
121 1227 50 22 doit
191 1229 142 26 représenter
344 1229 24 19 et
376 1226 58 23 faire
443 1226 76 23 valoir

52 1267 42 16 nos
107 1262 102 25 intérêts,
226 1263 34 20 est
276 1261 52 21 bien
338 1260 78 29 obligé
428 1259 29 23 de
468 1261 50 28 pui-

51 1300 39 15 ser
101 1293 57 22 dans
178 1300 38 15 ses
232 1293 100 22 bureaux
344 1293 34 22 les
388 1293 130 29 renseigne-

52 1329 74 19 ments
138 1326 40 29 qui
190 1326 31 21 lui
245 1329 51 18 sont
306 1326 150 22 nécessaires.
471 1327 46 23 Son

51 1359 185 23 administration
247 1362 53 25 peut
311 1361 65 21 avoir
385 1362 36 20 été
431 1360 87 23 induite

51 1400 29 15 en
89 1400 86 20 erreur,
189 1393 91 22 nourrir
291 1400 30 15 un
340 1393 70 23 faible
421 1400 60 22 pour
494 1395 23 22 la

52 1426 143 29 Compagnie
200 1427 207 28 concessionnaire,
414 1434 30 16 ou
452 1429 66 22 avoir

53 1466 45 15 une
118 1459 80 22 notion
209 1460 51 28 plus
282 1460 184 29 qu’insuffisante
488 1462 29 21 de

51 1495 67 19 notre
137 1494 55 20 état.
205 1492 186 24 L’amélioration
409 1494 29 22 de
450 1497 67 21 notre

51 1525 161 24 malheuseuse
227 1527 108 22 situation
353 1530 35 19 est
399 1528 118 24 d’ailleurs

50 1560 23 21 le
85 1559 104 22 moindre
201 1560 28 21 de
244 1567 37 15 ses
292 1561 88 23 soucis.
403 1561 46 23 Les
472 1564 44 21 Bu-

51 1599 72 16 reaux
130 1599 29 16 ne
170 1600 27 15 se
207 1596 153 27 préoccupent
371 1603 44 22 que
425 1596 28 23 de
463 1600 53 20 réa-

50 1626 60 22 liser-
119 1628 67 20 coûte
197 1633 44 22 que
256 1629 67 21 coûte
334 1628 41 23 des
384 1632 131 22 économies

50 1662 75 20 même
133 1663 79 20 contre
220 1661 34 22 les
269 1661 57 23 bons
334 1669 54 16 sens
400 1666 23 19 et
434 1672 31 14 au
474 1664 42 23 dé-

50 1693 93 22 triment
159 1692 85 25 de'nos
251 1693 141 25 intérêts-les
403 1697 52 28 plus
469 1698 47 22 évi-

49 1726 77 22 dents.
142 1727 30 22 Et
180 1727 57 22 c’est
247 1728 22 22 là
280 1728 101 31 l’unique
393 1737 83 16 source
484 1733 31 20 où

49 1759 22 22 le
80 1759 104 23 Ministre
191 1761 65 28 puise
264 1768 36 16 ses
308 1763 205 30 renseignements.

78 1798 45 23 Les
136 1799 127 24 Chambres
277 1802 28 22 de
318 1809 129 16 commerce
461 1811 54 15 con-

49 1833 109 26 naissent,
171 1840 30 15 au
211 1836 119 26 contraire,
346 1837 24 21 la
382 1838 105 27 question
501 1840 14 19 à

48 1866 64 22 lond'.
125 1866 63 23 E.les
200 1874 26 15 se
235 1873 133 24 composent
387 1870 127 23 d’hommes

48 1899 31 22 du
91 1901 81 21 métier
180 1901 40 29 qui
233 1905 91 25 passent
335 1903 51 22 leur
405 1904 36 22 vie
456 1904 58 23 dans

47 1933 22 21 le
83 1939 135 22 commerce,
243 1936 38 27 qui
303 1937 147 22 connaissent
462 1944 53 22 par-

48 1965 120 23 faitement
188 1967 34 22 les
232 1967 123 24 difficultés
367 1977 31 21 qu
417 1971 97 22 rendent

47 1998 95 23 difficile
148 2000 120 23 l’exercice
273 2002 30 22 .de
311 2002 52 23 leur
373 2003 139 29 profession,

47 2035 23 19 et
82 2039 43 22 par
136 2036 79 20 contre
229 2037 48 19 tout
287 2041 26 16 ce
322 2037 41 28 qui
373 2039 57 26 peut
440 2037 73 23 facili-

48 2068 35 18 ter
93 2065 51 23 leur
162 2067 74 23 tâche.
249 2067 171 25 Constamment
432 2077 42 16 sur
490 2071 23 22 la

49 2098 92 28 brèche,
152 2099 28 23 ils
188 2104 54 19 sont
249 2108 28 15 au
285 2106 97 19 courant
392 2104 40 21 des
441 2105 72 21 moin-

48 2132 53 22 dres
113 2133 68 28 petits
206 2134 88 23 détails.
308 2136 34 22 Ils
358 2140 81 19 savent
449 2138 30 22 de
489 2138 24 22 la

47 2164 69 28 façon
131 2166 25 23 la
165 2167 53 28 plus
237 2170 51 20 sûre
299 2175 27 16 ce
337 2177 45 22 que
394 2174 54 25 peut
460 2177 53 16 cau-

47 2205 39 16 ser
101 2199 29 22 de
146 2200 50 22 niai
209 2201 23 22 la
242 2204 130 26 supression
384 2204 62 25 .d’un
463 2205 51 22 seul

47 2233 111 26 courrier,
171 2233 129 24 l’élévation
312 2236 42 22 des
363 2237 73 27 tarifs,
447 2238 23 22 le
478 2246 35 15 re-

48 2266 51 22 tard
114 2266 57 23 dans
189 2267 22 22 le
222 2270 113 27 transport
352 2270 28 22 de
399 2272 114 23 certaines

47 2300 126 28 catégories
192 2301 29 22 de
241 2303 178 23 marchandises.
443 2304 70 24 Etant

46 2332 61 23 donc
117 2333 56 22 dans
181 2334 53 22 leur
256 2335 99 23 élément
379 2337 34 22 les
428 2338 85 23 Cham-

46 2366 54 23 bres
130 2367 28 22 de
198 2368 131 23 Commerce
364 2371 150 29 n’éprouvent

46 2401 213 24 aucune'difficulté
268 2404 13 20 à
289 2402 90 23 fournir
391 2411 29 15 au
433 2405 81 23 Minis-

45 2437 36 19 tre
93 2433 40 23 des
156 2435 195 29 renseignements
374 2437 30 22 de
426 2437 21 23 la
460 2439 53 28 plus

46 2467 136 29 rigoureuse
194 2469 135 22 exactitude.
343 2470 63 23 Elles
421 2475 48 24 ont,
482 2479 30 15 au

45 2501 101 29 surplus,
171 2504 52 20 tout
242 2502 80 23 intérêt
342 2506 15 20 à
368 2511 79 16 mener
479 2506 35 22 les

45 2535 84 22 choses
140 2537 14 20 à
165 2535 52 23 bien
230 2536 116 29 puisqu’en
356 2538 137 23 s’attachant
500 2541 13 20 à

45 2569 90 21 obtenir
146 2568 29 22 de
183 2569 23 22 la
219 2568 139 31 Compagnie
369 2573 145 21 concession-

37 2602 122 26 jiairôjdes
168 2602 126 23 conditions
307 2607 166 26 avantageuses
482 2606 32 22 el-

46 2635 35 21 les
94 2635 131 22 travaillent
236 2642 56 22 pour
312 2636 22 22 le
355 2637 114 30 triomphe
482 2640 32 21 .de

45 2668 51 22 leur
100 2674 82 23 propre
189 2668 107 23 cause.Se
304 2670 76 27 priver
384 2670 69 23 d’une
459 2672 55 22 telle

44 2701 167 22 collaboration
216 2709 3 4 •
226 2701 93 23 n’est-ce
330 2703 61 22 donc
401 2710 42 22 pas
456 2711 57 16 vou-

45 2735 45 21 loir
109 2735 105 21 marcher
222 2735 33 22 les
271 2741 60 22 yeux
351 2736 52 22 bien
415 2736 96 29 bandés,

45 2774 40 15 sur
104 2774 44 15 une
160 2771 65 18 route
235 2770 73 20 semée
318 2768 29 23 de
362 2770 126 29 précipices
500 2773 13 20 ?

72 2806 36 21 On
122 2813 12 15 a
146 2807 105 28 toujours
273 2806 117 24 d’ailleurs
409 2815 103 17 reconnu

44 2839 23 22 la
79 2840 113 21 nécessité
203 2839 30 22 de
244 2840 101 22 recourir
350 2843 14 20 à
374 2847 43 16 une
429 2843 84 27 pareil-

44 2872 21 21 le
89 2872 174 22 collaboration.
282 2872 35 22 On
337 2874 44 26 n’a,
396 2880 27 15 en
447 2875 63 27 effet,

41 2905 86 28 jamais
147 2905 99 29 procédé
266 2912 27 15 au
315 2907 197 22 renouvellement

44 2938 28 22 de
84 2938 22 22 la
127 2937 141 23 Convention
286 2945 39 15 sur
349 2939 34 22 les
405 2939 106 23 Services

42 2971 128 22 Maritimes
181 2974 97 25 postaux
288 2971 29 21 de
332 2972 25 21 la
368 2971 79 27 Corse,
455 2979 56 16 sans

44 3003 96 28 prendre
151 3004 66 21 l’avis
242 3004 27 21 de
287 3010 42 15 nos
343 3004 128 22 Chambres
482 3006 30 21 de

43 3035 141 23 Commerce.
198 3036 60 22 C’est
269 3039 58 19 cette
343 3039 80 24 année,
437 3038 75 21 seule-

43 3072 71 23 ment,
127 3069 69 28 qu’on
208 3076 13 14 a
241 3069 68 21 voulu
322 3069 106 22 modifier
450 3073 61 19 cette

44 3101 67 28 façon
123 3101 69 28 d’agix
190 3109 7 6 1
207 3108 53 15 sans
280 3102 118 21 consulter
412 3102 34 21 les
458 3109 53 21 per-

42 3140 86 15 sonnes
138 3134 34 21 lès
181 3134 53 28 plus
245 3134 136 22 intéressées
391 3136 12 19 à
416 3141 44 15 une
472 3142 40 21 pa-

43 3166 65 21 i“eille
128 3165 88 22 affaire.
244 3165 33 22 Là
295 3165 143 30 Compagnie
455 3173 57 16 con-

43 3198 156 22 cessionnaire
222 3205 29 15 ne
272 3205 125 22 manquera
419 3205 42 22 pas
482 3200 29 22 de

42 3231 94 27 soigner
155 3237 38 15 ses
213 3237 93 22 propres
329 3232 96 21 intérêts
455 3239 55 15 sans

43 3263 126 21 nullement
176 3270 27 15 se
210 3263 89 22 soucier
305 3263 29 21 de
343 3270 59 15 ceux
409 3264 30 21 de
444 3268 67 19 notre

43 3294 164 29 département.
221 3295 33 21 La
266 3294 69 23 Coi*se
355 3303 58 19 sera,
428 3303 83 16 encore

43 3333 44 14 une
110 3326 53 25 fois,
181 3328 104 21 sacrifiée
305 3334 61 21 pour
385 3332 126 24 permettre

43 3360 13 19 à
69 3358 41 21 des
125 3365 56 21 gens
206 3360 101 21 d’affaire
325 3360 116 22 d’exercer
459 3362 52 24 plus

49 3390 113 21 aisément
172 3394 24 18 et
206 3392 51 27 plus
273 3392 176 23 lucrativement
460 3394 52 21 leur

42 3423 90 21 métier.

71 3459 34 22 La
115 3459 116 23 Chambre
239 3461 27 21 de
275 3461 133 24 Commerce
417 3463 29 21 de
455 3464 57 21 Bas-

44 3492 30 21 tia
88 3497 23 20 a,
120 3491 16 21 il
147 3495 36 18 est
199 3493 55 21 vrai,
268 3494 139 22 transformé
418 3501 27 15 en
455 3495 57 22 déli-

43 3523 104 22 bération
159 3524 22 21 le
194 3528 92 25 rapport
296 3525 29 22 de
336 3533 43 15 son
392 3527 121 22 Président

40 3562 64 20 -pour
124 3561 27 14 en
165 3562 99 22 envoyer
278 3563 44 16 une
337 3559 66 27 copie
414 3565 46 14 aux
467 3559 46 21 Re-

42 3589 146 25 présentants
197 3588 29 21 de
238 3589 20 20 la
270 3588 79 23 Corse.
360 3590 61 21 C’est
428 3596 85 16 encore

43 3619 21 20 là
93 3624 45 15 une
156 3618 59 22 ffche
238 3620 27 21 de
287 3622 152 21 consolation.
463 3622 50 22 Vos

44 3650 105 27 Députés
160 3653 22 18 et
194 3657 43 15 nos
255 3651 123 23 Sénateurs
399 3660 29 14 ne
447 3660 66 15 man-

549 254 98 26 queront
667 257 54 15 sans
734 250 69 21 doule
823 255 41 21 pas
876 248 29 20 de
916 247 100 28 s’agiter.

549 284 33 21 Ce
589 290 28 15 ne
625 289 53 15 sera
691 288 48 22 pas,
753 288 82 21 croyez
846 280 22 21 le
886 279 60 25 bien,
960 285 59 21 pour

548 315 104 22 soutenir
660 317 23 18 eL
693 314 109 21 défendre
811 319 41 14 nos
865 312 83 21 intérêt
960 310 57 22 mais

548 355 59 21 pour
618 349 109 25 préparer
739 348 13 19 à
766 346 23 21 la
808 344 134 28 proposlion
955 343 28 20 de
995 342 22 22 la

548 379 115 22 Chambre
672 378 28 21 de
709 378 134 21 Commerce
852 376 28 22 de
895 375 79 22 Bastia
986 381 30 15 un

547 413 152 21 enterrement
713 410 27 21 de
752 409 113 29 première
876 409 83 21 classe.

574 450 98 21 Povera
687 449 52 21 Cor
738 449 38 20 sic
777 454 15 15 a
817 453 50 16 non
880 447 74 21 avrai
964 447 54 20 niai

548 482 59 22 bene
619 482 9 20 !
639 481 72 21 disait
722 480 112 22 autrefois
846 479 22 22 le
888 481 54 26 père
954 478 29 21 de
994 478 22 21 la

548 514 84 22 Patrie.
646 514 56 21 Gela
717 516 35 19 est
761 515 92 19 surtout
863 512 51 21 vrai
922 512 95 28 aujour-

547 547 70 24 d’hui-

777 585 86 21 Pierre
874 585 111 25 Ignotus.

547 672 108 39 Sitessa
667 671 16 36 è
691 671 96 45 fados
800 670 29 37 di
846 682 19 24 u
882 673 29 34 te
929 682 87 24 ssceis

574 759 106 27 Bisogna
692 764 13 15 a
717 758 25 21 dì
754 758 80 21 subitu
854 758 39 21 chi
906 764 15 15 u
934 757 82 28 Cappa

547 792 23 21 di
589 792 69 27 quale
681 792 20 20 si
721 792 65 26 parla
802 790 40 28 qui
854 797 33 15 un
896 808 2 2 .
908 791 13 21 è
939 791 76 22 micca

547 825 78 27 quellu
637 824 25 21 di
675 823 179 27 Casamacciuli,
874 823 52 22 cli’-è
937 826 80 20 mortu

546 857 126 22 trent’ann-i
681 857 30 26 fà,
721 858 113 27 requiem
840 859 101 25 eterna;
951 858 65 27 quel-

545 892 25 20 lu
583 890 163 22 ch’intervene
761 890 41 27 qui
814 890 130 21 èbivuesi
959 896 57 21 por-

545 926 24 19 ta
580 923 30 22 bè
622 929 13 15 e
644 924 22 21 si
678 929 31 16 ne
720 923 36 22 stà
773 930 14 14 a
795 930 16 14 u
823 924 51 21 sole
886 930 14 14 a
918 930 16 15 u
942 925 74 26 ponte

546 957 23 21 di
583 956 111 26 Tuarélli,
702 957 25 21 in
739 956 141 22 Falasorma.
891 956 18 22 B
916 962 44 22 per
968 956 48 22 fur-

545 992 64 23 tuna,
623 995 15 16 o
650 995 44 22 per
706 989 122 28 disgrazia,
837 989 32 22 ha
880 995 44 22 per
934 990 82 21 bicinu

546 1029 33 15 un
591 1022 195 25 certu.Muzzone
798 1022 38 22 chi
849 1022 51 22 face
919 1023 97 22 listessu

545 1056 109 21 mistieru
662 1061 27 16 ca
697 1056 47 21 ellu
752 1062 6 15 :
772 1058 60 19 tutte
849 1056 41 21 dui
905 1056 110 22 bendenu

546 1089 98 27 qualche
653 1089 122 22 bicchieru
784 1089 22 21 ai
813 1089 145 28 passaggeri.

574 1121 11 22 I
597 1122 81 23 cli.enti
688 1122 42 27 più
740 1122 88 21 assidui
841 1122 24 22 di
876 1122 66 22 l’unu
962 1129 14 15 e
989 1123 24 21 di

546 1155 75 22 l’altru
639 1161 74 16 eranu
725 1155 162 26 Casarumani,
901 1155 115 22 Mantilli-

545 1194 41 19 nu,
597 1187 107 23 Cirbone
713 1195 13 15 e
734 1189 93 27 qualchi
835 1189 66 22 boita
907 1188 109 23 Ciccato-

545 1227 39 20 ne,
596 1222 55 21 tutti
664 1222 88 27 pidone
765 1222 25 21 di
801 1224 76 25 posta,
889 1222 39 22 chi
936 1222 80 22 fitula-

545 1254 20 21 ri
576 1260 13 16 e
601 1254 38 22 chi
652 1255 123 22 ausiliarii.

574 1288 155 27 Cirbone,chi
736 1295 112 16 amusava
857 1290 8 21 i
877 1290 137 28 passaggeri

545 1327 13 16 e
568 1329 16 14 u
595 1327 92 23 povaru
700 1322 114 26 Murastò,
835 1322 135 28 quand’ellu
981 1322 34 22 fa^-

545 1355 36 22 cia
589 1362 16 15 u
616 1356 103 22 serviziu
728 1356 29 21 da
766 1355 97 23 Galeria
872 1362 13 15 a
891 1355 121 29 Luzzipeu,

545 1388 44 23 avà
600 1389 38 22 chi
648 1389 14 22 è
674 1389 126 27 cambiatu,
812 1389 52 22 face
875 1396 17 15 u
911 1390 104 22 serviziu

545 1423 30 22 da
598 1422 97 23 Galeria
714 1429 18 16 a-
743 1430 17 15 u
777 1425 73 26 ponte
871 1424 25 21 di
910 1423 103 22 Tuarélli

544 1457 94 27 quandu
650 1457 24 21 in
686 1457 111 26 cabriùlè,
810 1458 96 26 quandu
917 1458 25 21 in
954 1458 56 21 bici-

544 1491 70 21 cletta
625 1496 13 15 e
651 1490 93 27 qualchi
756 1491 66 22 boita
833 1497 13 15 a
857 1491 64 28 pedi.

571 1524 133 21 Adistanza
713 1524 135 22 da-Galeria
862 1530 14 15 a
888 1524 102 22 Tuarélli
999 1525 14 21 è

545 1557 23 21 di
582 1557 80 21 ondici
686 1557 142 24 chilometri,
851 1564 14 15 e
885 1558 64 28 dépu
967 1558 45 21 avè

545 1590 145 26 dîstribuitu,
701 1596 13 15 a
725 1597 17 15 u
752 1591 92 22 mulinu
856 1592 24 21 di
894 1597 14 16 u
921 1590 89 30 Fangu,

543 1629 15 16 u
576 1624 105 21 currieru
693 1624 23 21 di
730 1623 112 27 Cannesi,
856 1624 107 23 Cirbone
980 1624 32 22 ha

542 1660 16 18 ü
566 1659 82 25 tempu
660 1657 132 28 d’arrangià
800 1657 94 28 qualchi
903 1658 66 22 hurla
981 1664 31 21 pa

542 1690 8 20 i
565 1695 28 17 so
603 1691 93 27 culiega
708 1696 13 15 e
736 1696 44 22 per
790 1690 146 29 l’usteriaghj
954 1692 24 20 di
995 1698 16 15 u

542 1725 80 25 ponte.

569 1756 43 22 Fra
624 1757 123 26 tant’altre,
759 1759 61 20 tutte
829 1758 47 21 ben
892 1758 119 28 arrangia-

540 1791 24 20 te
575 1796 14 15 e
600 1790 133 27 ben-dette,
754 1790 113 27 Cirbone,
884 1797 32 15 un
929 1791 81 29 ghior-

541 1829 32 16 nu
580 1823 103 23 s’amusò
692 1830 13 15 a
716 1823 23 22 fà
755 1830 46 16 una
812 1825 66 21 burla
890 1831 14 15 a
918 1824 90 29 Cappa,

542 1863 13 15 e
566 1858 18 21 li
594 1857 113 28 rappurtò
719 1857 70 22 ch’un
802 1857 34 23 so’
848 1858 82 22 client!
945 1859 65 28 gale-

540 1891 96 25 riacciu,
658 1890 121 28 dòpu.avè
790 1891 56 22 betu
858 1891 27 22 da
904 1892 55 27 ellu,
969 1898 42 16 era

540 1924 87 21 andâtu
634 1924 26 21 in
670 1923 75 23 Paîtra
750 1925 88 21 usteria
850 1925 23 21 di
887 1925 131 27 Muzzone,.

541 1963 13 15 e
566 1956 52 22 culà
629 1956 54 23 avia
704 1957 66 22 dettu
790 1957 69 23 ch’un
873 1958 81 22 avaria
967 1959 51 27 più.

541 1990 55 21 betu
610 1990 58 22 indè
678 1989 89 29 Cappa,
780 1991 82 27 parchi
877 1991 130 28 Lucabplla,

540 2029 14 16 a
562 2029 28 16 so
597 2024 98 27 moglia,
705 2024 105 28 pigliava
818 2025 90 28 l’acqua
919 2031 35 16 au
962 2028 48 20 tra-

540 2056 92 28 ghiettu
652 2057 25 22 di
688 2063 17 16 u
721 2057 88 28 Vescu,
823 2058 63 22 duvè
898 2065 13 15 e
929 2059 80 22 donne

539 2091 87 20 lavanu
637 2091 8 21 i
659 2096 27 17 so
699 2092 71 27 panni
786 2098 14 15 e
812 2092 21 22 ci
853 2092 84 22 facenu
948 2099 61 16 ancu

541 2123 153 28 qualch’altra
706 2130 62 16 cosa.

569 2156 227 31 Cappa,-azzargatu,
810 2159 21 22 ci
839 2159 65 22 disse
916 2166 6 15 :

567 2202 29 4 —
608 2190 23 22 O
647 2191 81 27 Cirbò,
745 2198 85 22 quessa
841 2193 14 21 è
866 2193 76 22 farina
956 2194 24 21 di
993 2200 17 15 u

539 2224 32 22 to’
587 2230 69 17 saccu
666 2225 6 21 !

761 2268 219 23 Ghiuvan-Paulu.

626 2563 298 26 SOUSCRIPTION

577 2617 73 34 pour
666 2607 146 36 Férectiosa
829 2607 39 36 in
884 2607 88 36 Buste

615 2661 36 36 de
668 2661 140 37 PASCAL
824 2660 111 38 PAOLI

662 2714 20 24 à
702 2713 191 25 Morosaslla

713 2766 7 12 /
728 2775 10 4 ^

635 2786 182 27 CINQUIEME
827 2785 85 23 LISTE

564 2833 30 21 M.
603 2838 21 16 ci
634 2834 44 20 Mmo
686 2833 144 26 Vinciguerra
945 2839 39 15 100

563 2864 130 22 Tcssarech,
706 2864 12 19 à
728 2864 89 24 Ajaccio
961 2869 24 16 10

562 2894 122 25 Sàntiaggi,
696 2893 116 20 Président
820 2894 46 25 des^

588 2924 97 20 Anciens
694 2924 78 20 Elèves
781 2924 29 20 du
820 2924 90 24 Collège

588 2954 69 23 Paoli,
667 2954 67 20 Corté
959 2955 27 20 5o

543 3000 3 3 .
561 2984 118 24 Capitaine
688 2984 92 19 Battesti
961 2990 24 15 10

562 3014 66 19 Bilon
959 3019 26 16 20

562 3044 39 19 Sté
608 3044 73 20 Dante
689 3043 226 26 AIighieri(BoIogne)
951 3045 60 23 26,25

563 3074 108 20 Miniconi
679 3072 107 27 (Annam)
959 3076 26 20 3o

562 3104 74 24 Parigi
645 3102 171 27 (Cochinchine)
960 3106 25 20 i5

562 3133 133 20 Lieutenant
702 3133 119 21 Franchini
959 3141 26 15 20

562 3164 120 20 P.Luciani
960 3171 26 15 io

562 3193 201 23 Luciani,étudiant
767 3200 29 14 en
805 3194 115 21 médecine
960 3201 25 15 io

561 3224 107 19 Recueilli
678 3229 40 19 par
726 3223 102 22 M.l’abbé
837 3224 92 21 Carlotti

587 3253 62 20 A.bbé
661 3253 116 23 Albertini,
787 3255 54 19 curé
847 3255 14 19 à

588 3283 24 20 St
621 3283 90 20 Nicolas
974 3292 10 18 5

561 3313 70 24 Angel
633 3313 7 19 i
973 3315 13 20 5

562 3342 144 20 Bernamonti
973 3345 13 20 5

561 3371 75 21 Alexis
643 3371 116 20 Marchetti
973 3374 13 20 5

563 3402 72 23 Quête
947 3403 39 21 -3o

624 3438 79 22 Total:
925 3447 55 22 3M->
981 3447 30 22 25

567 3470 74 21 Total
650 3471 43 20 des
711 3473 89 24 qua.tre
806 3473 109 26 premiè-

593 3503 41 15 res
646 3497 70 22 listes
725 3503 6 15 :
907 3499 104 30 6.695,5o

596 3542 75 23 Total
677 3544 108 27 général
797 3552 6 13 :
904 3546 104 28 7.046,75

566 3591 44 22 Les
636 3593 174 26 souscriptions
821 3601 4 3 -
836 3594 101 21 doivent
959 3596 51 20 être

538 3623 124 22 adressées
679 3624 16 21 à
710 3624 34 21 M.
766 3625 82 28 Roger
856 3626 121 26 Palmier!,
995 3633 13 20 7

540 3655 77 21 Cours
627 3656 130 27 Grandval,
764 3658 99 26 Ajaccio

1080 94 118 36 UKA
1217 87 259 41 LETTAEA

1265 180 64 20 Rabat,
1339 179 19 17 le
1363 178 11 16 G
1379 177 50 18 Mars
1437 175 44 19 492G

1126 243 68 21 Cher
1202 241 130 23 Monsieur
1343 238 89 24 Rocca,

1066 289 54 28 J’ai
1125 295 61 22 reçu
1193 295 45 15 vos
1244 291 83 18 envois
1334 284 22 21 di
1358 281 154 24 almanachs.

1044 323 26 25 Je
1098 328 62 17 vous
1181 320 117 23 enverrai
1323 317 107 27 Vargent
1456 320 58 16 avec

1043 354 67 22 celui
1121 355 43 20 des
1176 356 82 20 cartes
1265 357 46 23 que
1318 356 29 21 je
1355 349 53 22 n’ai
1415 351 50 25 pas
1473 354 41 15 en-

1043 394 57 15 core
1119 389 83 20 toutes
1217 386 115 22 vendues.
1349 382 69 22 Mais
1424 389 15 20 j
1449 381 65 28 espè-

1042 427 28 15 re
1086 426 47 21 que
1153 426 27 15 ce
1191 426 59 15 sera
1269 417 72 22 chose
1356 417 70 26 Jatte
1450 414 63 22 dans

1043 459 49 15 une
1109 453 136 28 quinzaine
1259 451 29 22 de
1302 450 87 27 jours,
1391 447 28 29 f
1421 449 27 20 ai
1469 453 43 15 en-

1043 492 57 15 core
1125 485 119 22 recueilli
1265 482 117 30 quelques
1406 480 107 22 abonne-

1041 520 89 20 ments.

1069 552 84 21 Faites
1166 551 35 21 du
1214 551 76 24 bruit,
1309 548 138 27 beaucoup,
1468 553 46 15 car

1042 585 21 22 il
1080 587 37 20 est
1134 582 173 24 inadmissible
1324 588 46 21 que
1386 587 65 16 nous
1456 587 57 21 soy-

1043 624 53 19 ons,
1108 623 75 19 nous,
1197 616 90 22 traités
1298 621 31 15 en
1335 616 107 26 parents
1448 616 65 24 pau-

1042 657 56 16 vres
1114 650 72 22 alors
1208 648 75 29 qu'ici
1298 654 33 17 011
1343 648 103 27 dépense
1469 647 43 20 des

1041 683 116 22 millions
1162 685 73 26 pour
1242 681 222 22 Vembellissement
1470 680 42 21 des

1041 717 73 22 villes
1122 719 24 19 et
1151 718 73 26 pour
1230 714 26 22 la
1263 714 126 23 salubrité
1398 714 35 22 du
1437 715 73 26 pays.

1069 750 65 22 Dire
1143 755 48 22 que
1201 748 22 22 le
1235 747 91 23 Maroc
1335 748 45 28 qui
1388 747 69 25 était,
1464 746 22 22 il
1490 752 21 21 y

1042 791 16 14 a
1069 784 60 27 cinq
1141 788 54 20 ans,
1210 781 23 22 le
1252 783 64 26 pays
1336 780 129 23 d'élection
1477 779 35 22 du

1041 816 145 28 paludisme
1209 816 38 20 est
1264 814 168 28 aujourd’hui
1448 819 65 16 com-

1039 850 136 28 plètement
1190 847 109 28 salubre,
1319 848 70 22 o,lors
1407 853 46 22 que
1464 852 48 16 nos

1039 885 107 26 parents
1154 883 116 21 meurent
1275 882 94 27 chaque
1378 880 78 22 année
1460 881 52 26 par

1042 916 27 22 la
1080 916 112 22 malo.ria
1204 916 25 20 et
1237 916 175 21 continueront
1422 913 15 22 à
1442 919 70 16 mou-

1040 951 42 21 rir
1090 952 52 26 par
1151 949 26 21 la
1180 948 78 28 faute
1270 948 28 21 de
1310 948 115 28 quivous
1431 952 79 22 save%.

1072 983 67 22 C’est
1146 981 104 29 ignoble
1256 982 10 20 !
1277 983 24 20 et
1307 982 30 27 je
1343 987 39 16 me
1391 979 121 23 demande

1038 1017 134 28 pourquoi
1191 1016 58 21 tant
1266 1015 29 21 de
1309 1015 116 28 patience
1442 1013 69 22 alors

1042 1056 47 22 que
1101 1049 53 22 cela
1166 1049 82 22 serait
1257 1049 24 20 si
1294 1048 117 28 simple...

1069 1083 57 22 Ah!
1137 1083 25 22 si
1170 1087 64 17 vous
1245 1087 73 23 voye%
1327 1081 35 22 les
1371 1080 76 22 belles
1451 1085 61 16 rou-

1042 1118 35 21 tes
1102 1117 45 27 qui
1169 1115 140 22 sillonnent
1332 1121 26 15 ce
1377 1116 79 26 pays;
1475 1113 36 21 les

1040 1149 132 29 multiples
1180 1148 81 23 écoles
1272 1150 46 26 qui
1327 1155 14 19 y
1362 1149 58 21 sont
1431 1145 80 24 créées

1041 1183 96 28 chaque
1162 1182 79 23 année
1246 1188 11 21 ;
1287 1181 35 22 les
1342 1180 169 29 dispensaires

1038 1219 70 26 pour
1126 1215 35 23 les
1168 1216 73 28 juifs
1263 1217 24 20 et
1306 1214 36 22 les
1354 1213 89 22 arabes
1451 1219 5 20 ;
1475 1212 36 22 les

1040 1249 81 22 écoles
1138 1249 146 26 militaires,
1316 1246 144 30 pépinières
1480 1246 30 21 de

1037 1284 92 27 futurs
1139 1283 120 28 officierSj
1273 1282 45 27 qui
1326 1287 35 15 un
1374 1280 63 22 b.eo,u
1444 1281 67 26 jour

1037 1317 169 27 flanqueront
1215 1315 89 22 dehors
1321 1313 69 22 leurs
1402 1314 107 21 instruc-

1040 1351 77 20 teurs.

1067 1382 34 23 Et
1111 1388 64 17 vous
1184 1382 182 23 tolèrevous,
1376 1386 32 16 en
1422 1380 85 25 Corse,

1039 1422 66 17 nous
1115 1416 115 22 tolérons
1244 1421 45 23 que
1301 1414 51 22 l’on
1363 1419 65 17 nous
1439 1413 70 30 refu-

1039 1456 27 16 se
1078 1450 120 28 quelques
1210 1449 93 22 crédits
1317 1450 70 25 pour
1398 1447 36 22 les
1445 1447 64 22 amé-

1040 1483 138 22 liorations
1189 1484 116 27 urgentes
1317 1481 16 21 à
1343 1480 131 27 faire?!...

1066 1517 70 22 Mais
1152 1516 72 23 alors
1241 1518 71 20 notre
1324 1515 106 22 histoire
1446 1513 63 23 n'est

1039 1550 76 28 qu’un
1127 1552 54 21 mot
1192 1550 39 22 ?...

1064 1584 84 26 Paoli,
1165 1584 139 28 Sampiero,
1326 1581 180 23 Sambucuccio

1037 1617 70 22 n'ont
1121 1618 66 21 donc
1192 1618 99 27 jamais
1301 1616 77 22 existé
1390 1615 12 23 ?

1064 1651 42 21 Ah
1114 1651 10 20 !
1136 1657 47 21 que
1190 1650 20 22 c'
1211 1653 38 20 est
1251 1650 108 29 pénible,
1368 1650 60 22 cher
1435 1649 72 23 Mon-

1037 1685 76 25 sieur,
1131 1684 129 22 d’assister
1271 1684 16 21 à
1291 1683 110 29 pareille
1416 1683 91 23 détres-

1037 1723 32 20 se,
1091 1723 45 16 car
1154 1719 56 20 moi
1229 1719 25 25 je
1272 1717 91 22 n’aime
1379 1720 50 26 pas
1447 1723 59 16 mon

1037 1753 68 25 pays,
1121 1758 29 20 je
1166 1751 15 21 V
1183 1752 95 22 adore!
1299 1753 25 21 et
1328 1753 29 26 je
1370 1752 136 21 donnerais

1037 1784 138 23 volontiers
1185 1791 44 16 ma
1246 1786 38 21 vie
1300 1787 69 26 pour
1380 1791 49 16 son
1438 1786 68 26 juste

1037 1817 174 24 relèvement...

1065 1868 24 5 ...
1112 1851 119 29 Enrayer
1250 1853 93 22 l'exode
1356 1853 150 28 journalier

1037 1891 42 16 ver
1077 1885 187 24 s-le'continent
1275 1889 24 20 et
1316 1887 28 22 le
1357 1888 97 28 mirage
1464 1888 42 21 des

1037 1921 77 20 terres
1123 1919 146 28 lointaines,
1275 1921 69 22 voilà
1353 1927 26 16 ce
1388 1927 48 22 que
1443 1921 62 28 j'ap-

1037 1952 62 28 pelle
1107 1955 84 20 servir
1206 1960 48 17 son
1260 1956 92 27 pays...

1064 2003 35 5 ....
1108 1987 71 22 Mais
1191 1989 31 26 je
1243 1988 146 29 m'aperçois
1406 1994 46 22 que
1463 1994 43 15 ma

1037 2019 71 23 lettre
1112 2022 87 27 prend,
1208 2021 100 23 Vallure
1318 2022 59 22 d'un
1381 2021 122 29 journal-,

1037 2055 69 21 aussi
1117 2061 31 16 en
1160 2061 63 16 vous
1237 2056 93 28 priant
1340 2055 132 23 d’excuser,
1480 2055 25 22 la

1037 2088 126 29 longueur
1174 2089 31 22 de
1224 2095 42 16 ma
1277 2090 108 26 missive,
1402 2088 104 29 veuilleq

1037 2123 110 21 recevoir
1160 2122 162 28 l'expression
1341 2123 30 22 de
1384 2129 52 16 mes
1451 2129 55 15 sen-

1037 2156 99 21 timents
1147 2156 206 23 immuablement
1358 2162 90 17 corses.

1062 2190 23 21 A
1098 2195 71 21 vous,,

1446 2218 32 22 X.

1089 2305 52 23 ML
1145 2306 35 22 TI
1178 2307 42 21 LA
1225 2307 34 22 TI
1264 2307 41 22 DI
1316 2307 24 22 G
1343 2307 24 23 U
1364 2307 88 23 ERRA

1064 2374 44 23 Les
1120 2375 104 22 mutilés
1240 2375 196 30 appareillables
1449 2378 59 20 sont

1036 2408 125 28 informés
1170 2415 48 21 que
1231 2409 35 22 les
1274 2409 153 28 prochaines
1436 2410 71 22 séan-

1036 2447 39 16 ces
1085 2442 213 29 d’appareillages
1305 2445 95 20 auront
1416 2443 51 22 lieu
1476 2450 31 15 en

1039 2475 79 22 Corse
1131 2482 52 15 aux
1196 2477 70 21 dates
1277 2477 95 27 ci-aprè
1385 2484 6 14 :
1402 2478 104 27 Ajaccio

1036 2514 28 21 27
1073 2509 83 25 Avril,
1168 2509 89 22 Bastia
1271 2516 28 22 29
1311 2510 82 22 Avril.

1235 2553 4 6 «
1243 2548 4 4 *
1272 2548 13 10 il-
1289 2551 3 3 *

1262 2563 22 15 ^

1037 2611 56 37 Une
1116 2613 176 45 récompense
1310 2614 64 36 bien
1395 2615 113 36 méritée

1068 2713 40 21 On
1116 2719 16 15 a
1137 2714 250 27 procédé,dimanche
1398 2717 107 25 dernier,

1037 2745 64 22 dans
1110 2752 49 15 une
1168 2748 88 21 stricte
1268 2749 116 26 intimité,
1399 2750 14 21 à
1430 2749 24 22 la
1469 2756 38 15 re-

1037 2780 61 21 mise
1122 2779 29 22 de
1171 2779 26 22 la
1229 2782 71 21 croix
1325 2782 29 22 de
1375 2783 26 21 la
1425 2782 81 29 lèqion

1037 2812 141 23 d'honneur
1202 2813 15 22 à
1232 2816 72 20 notre
1324 2815 120 23 excellent
1456 2818 53 20 ami

1037 2845 35 22 M.
1084 2845 121 29 François
1223 2847 88 26 Pielri,
1334 2849 132 22 Directeur
1478 2850 29 21 de

1037 2877 27 23 la
1078 2879 79 22 Corse
1168 2879 169 30 Touristique.

1067 2918 67 22 C'est
1150 2918 43 22 des
1213 2920 83 21 mains
1316 2921 29 21 de
1362 2921 37 22 M.
1424 2921 85 22 Henri

1040 2951 111 26 Omessa,
1170 2951 178 28 spécialement
1368 2954 101 28 délégué
1491 2955 16 21 à

1037 2986 37 20 cet
1093 2985 64 27 effet,
1171 2990 48 22 que
1234 2991 47 16 son
1293 2986 191 23 collaborateur
1491 2995 15 14 a

1036 3024 60 22 reçu
1108 3017 23 22 le
1139 3017 86 22 rubam
1237 3024 87 23 rouge.

1063 3056 33 21 Le
1130 3057 136 21 Directeur
1299 3059 31 20 de
1359 3058 96 27 VEveil,
1476 3066 31 16 en

1037 3089 119 28 quelques
1167 3089 103 28 paroles
1285 3091 107 22 choisies
1401 3098 16 15 a
1427 3092 81 22 souli-

1033 3123 50 27 gné
1093 3122 35 22 les
1135 3123 103 22 mérites
1248 3123 33 22 du
1290 3130 115 16 nouvea,u
1406 3125 100 29 .légion-

1036 3156 86 25 naire.^
1134 3155 25 27 ff
1171 3156 37 20 ici
1220 3162 25 15 er
1257 3156 49 22 dams
1318 3162 37 16 une
1367 3158 62 21 unité
1443 3164 64 17 com-

1037 3188 113 22 battante
1162 3189 112 27 pendant
1285 3188 25 22 la
1319 3190 101 27 gran-de
1431 3197 76 21 guer-

1036 3227 29 14 re
1076 3221 33 21 où
1130 3220 22 22 il
1175 3228 16 14 a
1216 3222 93 21 récolté
1337 3222 124 24 blessures
1483 3227 25 20 et

1037 3254 128 21 citations.

1068 3293 106 20 Chacun
1180 3298 28 15 se
1219 3294 117 26 réjouira
1342 3294 30 21 de
1378 3297 129 21 constater

1037 3330 48 21 que
1097 3326 53 26 par
1170 3327 130 26 exception
1317 3337 28 4 —
1361 3333 94 16 comme
1473 3328 34 22 l’a

1038 3357 22 21 di'
1063 3357 108 21 ailleurs
1187 3359 26 20 si
1223 3359 213 26 judicieusement
1451 3361 57 27 fo,it

1036 3396 150 21 remarquer
1194 3390 37 22 M.
1242 3392 102 20 Omessa
1350 3403 30 4 —
1387 3394 63 20 cette
1458 3393 50 22 dis-

1036 3423 108 21 tinction
1151 3429 32 14 ne
1189 3429 33 15 va
1229 3426 48 25 pas
1284 3424 15 21 à
1309 3424 43 21 des
1361 3424 146 24 chanteuses

1036 3455 31 21 de
1074 3454 164 23 Music-Hall
1249 3463 32 15 ou
1293 3456 15 21 à
1321 3456 42 22 des
1374 3458 133 22 danseuses

1037 3487 35 22 du
1081 3490 75 25 corps
1172 3488 30 20 de
1214 3488 77 23 ballet
1299 3489 31 21 de
1341 3488 122 29 Vopéra...

1067 3526 69 21 Cette
1142 3526 60 26 fois
1213 3527 47 22 elle
1277 3533 32 15 va
1319 3533 33 15 au
1370 3528 90 22 mérite
1474 3531 30 25 et,

1035 3563 27 15 ce
1067 3559 45 26 qui
1112 3557 63 28 plus
1180 3560 64 25 est,à
1251 3566 36 15 un
1292 3560 53 21 vrai
1352 3562 152 21 combattant.

1064 3595 98 22 Encore
1176 3602 49 16 une
1231 3598 57 27 fois
1299 3603 66 16 nous
1376 3599 130 25 félicitons

1035 3627 59 22 bien
1126 3629 182 23 cordialement
1344 3633 72 20 notre
1454 3634 52 20 ami

1034 3660 90 22 Pietri.

1613 77 509 87 L’Aiitfëona
2165 85 269 69 corsa

1960 235 127 28 (Sequitu)

1567 320 28 4 —
1606 307 41 22 Un
1667 305 60 23 circà
1739 310 92 17 mancu.
1845 303 31 22 Sè
1898 303 112 26 incapace

1540 342 24 21 di
1582 339 101 28 suspittà
1694 344 14 16 a
1720 336 119 29 pervesità
1851 336 24 21 di
1887 336 7 21 i
1907 335 100 28 putenti,

1539 381 14 15 e
1565 380 12 15 e
1589 373 116 28 raghione
1715 371 23 22 di
1748 377 15 15 u
1770 370 84 22 duveri
1864 369 38 22 chi
1910 368 49 22 Diu
1967 368 43 21 im-

1539 409 70 27 pon’a
1617 406 67 22 l’òmi
1693 405 23 21 di
1725 402 98 24 rifurmà
1835 409 32 15 un
1875 402 90 22 mondu
1975 401 34 21 in-

1539 442 63 22 duva
1622 439 126 23 Satanassu
1758 437 17 21 li
1787 438 57 21 tene
1855 438 68 20 testa.
1937 434 71 22 Credi

1537 477 27 20 tu
1575 474 85 22 ch’ellu
1677 473 36 22 sia
1724 472 125 22 Satanassu
1872 469 37 22 chi
1930 468 21 21 ci
1971 473 38 16 cu-

1538 508 86 22 manda
1631 507 24 22 di
1662 504 102 25 bunificà
1775 505 8 21 i
1793 503 50 23 côri
1851 503 25 21 di
1882 503 7 21 i
1897 508 27 16 so
1935 501 72 22 schia-

1538 542 33 26 vi,
1593 547 13 16 e
1618 540 39 23 chi
1671 546 12 15 a
1702 537 140 24 duttrinadi
1854 543 16 15 u
1880 536 61 22 mala
1943 535 65 21 dettu

1538 581 71 22 possa
1621 574 23 23 fà
1656 573 80 23 nascia
1745 572 7 21 i
1760 569 207 25 martiri?Tocchi
1980 568 29 22 da

1538 615 14 14 a
1563 614 72 15 manu
1643 607 24 21 di
1677 606 48 21 Diu
1738 605 37 21 chi
1786 604 86 21 castica
1879 604 7 20 i
1895 602 114 27 predilet-

1537 641 27 25 ti,
1586 639 57 29 oghj
1667 645 33 15 un
1720 643 67 16 semu
1799 636 43 27 più
1861 641 26 15 ca
1899 634 110 22 crimina-

1538 675 25 25 li,
1588 671 142 23 cundannati
1742 677 14 15 a
1767 669 93 23 l’ultimi
1881 666 110 29 supplizii
2001 672 5 20 ;

1538 713 38 16 ma
1587 713 14 15 a
1610 711 102 17 cennara
1724 704 24 23 di
1766 710 17 15 u
1794 704 84 21 nostru
1884 700 122 30 lignaghiu

1538 739 95 23 assuarà
1642 745 14 15 a
1661 740 63 21 terra
1734 739 89 24 nativa,
1833 743 14 16 e
1854 735 79 23 mercè
1941 742 14 15 a
1967 734 41 22 l’e-

1538 773 95 28 sempiu
1641 772 56 22 datu
1708 772 29 21 da
1747 772 8 21 i
1764 771 86 22 fratelli
1860 768 146 30 giovannali,

1537 814 18 14 u
1564 806 91 29 pòpulu
1675 811 70 16 corsu
1764 810 33 15 un
1809 802 106 23 stancarà
1925 801 49 22 mai
1983 801 24 21 di

1538 839 117 23 rivindicà
1667 845 14 15 a
1697 844 27 16 so
1745 836 172 29 indipe.ndenza
1930 835 5 19 !

1761 882 17 14 *

1746 901 17 15 -*
1775 901 17 15 *-

1565 932 24 22 U
1598 932 74 28 jornu
1685 930 72 28 dòpu,
1768 927 120 30 squatroni
1898 927 24 21 di
1931 926 76 21 sulda-

1537 966 19 21 ti
1572 964 137 28 accamponi
1725 970 16 14 u
1755 963 74 27 paesi,
1843 961 38 22 chi
1892 966 44 22 par
1949 958 58 23 l’Ih-

1537 1001 73 23 zeçcà,
1632 998 39 21 chi
1682 1003 43 21 par
1736 1002 14 15 a
1760 996 72 22 bocca
1845 995 24 21 di
1879 993 128 22 Santu-Pe-

1537 1034 44 24 tru,
1599 1032 24 20 di
1636 1037 13 14 e
1661 1030 85 25 Rosse,
1759 1030 70 26 postu
1845 1034 31 15 un
1887 1032 64 23 pocu
1965 1026 42 28 più

1537 1070 77 22 sopra,
1629 1070 14 15 e
1654 1063 76 22 d’altri
1742 1062 30 27 pè
1781 1068 14 15 a
1807 1061 74 22 bocca
1892 1060 24 21 di
1928 1066 14 15 a
1951 1059 56 23 Sor-

1537 1098 36 21 ba.
1587 1097 11 22 I
1610 1096 96 28 primmi
1722 1095 63 28 junti
1804 1095 96 21 corsinu
1911 1099 75 16 versu
1994 1099 12 15 a

1536 1131 73 22 bocca
1630 1130 25 21 di
1671 1128 81 22 Verde
1763 1134 14 15 e
1789 1127 156 28 s’impustonu
1969 1126 37 23 n’a

1537 1164 88 22 furesta
1643 1163 25 21 di
1681 1162 131 25 Marmanu,
1826 1167 14 16 a
1853 1167 17 15 u
1880 1161 79 22 limitu
1982 1160 24 21 di

1536 1203 15 16 a
1568 1197 57 22 nevi
1653 1195 53 23 c’un
1724 1198 100 25 purtava
1847 1195 82 21 alcuna
1947 1196 58 20 trac-

1536 1232 37 20 cia
1592 1230 23 22 di
1642 1229 151 29 ped’umanu.
1815 1228 69 22 Erani
1911 1227 95 28 dunqua

1537 1263 70 23 cert’e
1629 1263 72 22 sicuri
1721 1261 68 24 d’avè
1811 1262 99 28 tagliatu
1922 1261 7 21 i
1942 1261 63 28 passi

1536 1303 14 15 a
1565 1303 13 15 a
1598 1297 91 27 piccula
1701 1296 76 21 banda
1789 1295 24 22 di
1825 1295 9 21 i
1846 1294 130 29 fughjticci.

1564 1330 23 22 O
1596 1331 23 21 le
1631 1329 65 22 facce
1711 1329 162 28 dispiacevule
1881 1328 124 23 ch’avianu

1535 1364 31 22 sti
1584 1363 71 22 sbirri
1669 1363 6 21 !
1684 1370 13 14 e
1709 1363 39 22 chi
1760 1363 95 22 bizzarri
1866 1363 138 22 vestimenti

1535 1398 25 22 di
1577 1397 86 22 suldati
1677 1397 5 21 !
1700 1402 59 22 capu
1768 1398 86 25 rasatu,
1876 1397 62 28 pelle
1950 1397 55 22 bru-

1536 1438 37 19 na,
1595 1431 69 27 occhj
1676 1431 72 26 bassi,
1759 1431 48 22 risa
1827 1431 102 27 crudele,
1951 1437 54 22 pas-

1534 1471 29 16 su
1585 1465 96 26 traditu,
1705 1465 102 22 barretta
1829 1465 96 29 grisgia,
1947 1465 57 23 fatta

1534 1499 25 21 di
1567 1505 16 16 u
1594 1505 81 22 pannu
1687 1505 14 15 u
1714 1499 42 27 più
1771 1504 75 22 rozzu,
1865 1505 33 15 un
1910 1500 94 22 mantil-

1533 1534 62 21 lottu
1614 1539 47 15 cun
1672 1532 64 23 fasce
1747 1539 14 15 a
1772 1539 14 15 e
1796 1533 80 27 jambe
1887 1534 25 21 di
1926 1533 77 22 listes-

1534 1573 29 15 su
1580 1567 81 21 culore
1673 1573 14 15 e
1698 1566 24 23 di
1729 1567 95 22 listessa
1833 1567 62 26 roba,
1908 1573 33 16 un
1948 1567 55 22 s’as-

1534 1600 168 28 sumigliavani
1726 1606 86 16 mancu
1834 1607 44 21 par
1887 1601 82 22 ombra
1989 1607 13 15 a

1529 1633 69 23 Tòmi
1605 1634 118 29 diguerra
1735 1632 38 24 chi
1783 1635 21 21 si
1811 1634 83 22 vedini
1905 1635 25 21 in
1938 1636 64 21 certe

1533 1668 120 22 catedrali.

1561 1701 34 23 Sti
1618 1702 71 22 sbirri
1712 1702 76 22 sultan
1790 1704 33 24 tu,
1854 1702 146 22 eran’armati

1532 1735 131 22 d’arbaletti
1674 1735 89 27 forche,
1773 1742 14 16 e
1798 1735 203 29 tutti-purtavan’a

1532 1770 23 21 la
1570 1769 73 27 cinta,
1656 1775 32 16 un
1699 1775 86 23 grossu
1807 1770 103 28 pugnale
1930 1775 71 16 senza

1532 1803 71 22 batta.

1560 1837 23 21 A
1596 1842 27 17 so
1638 1837 107 27 prisenza
1756 1836 25 22 fù
1799 1836 119 29 festigiata
1940 1837 30 22 da
1988 1843 13 15 e

1531 1870 109 29 vecchiq-
1654 1869 141 23 dunnaciòle
1817 1870 118 22 fanatiche
1961 1871 39 22 chi

1532 1903 106 29 cuprìani
1648 1904 129 28 d’applausi
1789 1904 8 21 i
1807 1904 112 22 vincitori
1925 1904 25 21 di
1961 1904 39 22 l’e-

1531 1937 63 22 resia
1604 1943 40 16 ma
1652 1943 33 15 un
1695 1936 68 23 tardé
1778 1944 14 14 a
1803 1937 76 28 ghjttà
1887 1943 13 16 a
1912 1939 89 21 custer-

1531 1971 101 22 nazione
1652 1971 26 21 in
1692 1971 74 27 paesi.

1560 2014 155 18 opugiiuvam
1731 2014 10 12 i.
1748 2014 100 12 <AUJ.UIUU
1869 2014 27 12 ou
1919 2014 13 12 a.
1950 2014 51 12 s>ou-

1531 2043 27 17 sa
1591 2037 165 23 d’assicurassi-
1778 2038 90 22 s’ell’un
1890 2038 87 23 c’erani
1992 2039 8 21 i

1531 2071 157 28 giovannali-;
1708 2072 135 26 ziricavani,
1867 2072 31 28 pò
1918 2073 83 27 impri-

1532 2105 146 27 ghiunavani
1689 2105 67 22 l’òmi
1768 2111 13 16 a
1795 2111 16 16 u
1821 2105 143 23 minim’attu
1978 2107 23 20 di

1533 2139 157 21 scuntintezza
1698 2146 7 19 ;
1718 2145 14 15 e
1744 2145 30 16 ne
1790 2145 87 16 mancu
1891 2140 21 21 si
1923 2139 79 27 priva-

1533 2178 65 16 vanu
1620 2173 25 21 di
1657 2172 100 22 mulestà
1765 2178 13 16 e
1790 2173 81 22 donne
1882 2173 26 21 in
1918 2174 62 21 tutte
1990 2179 13 15 e

1532 2211 98 17 manere
1653 2211 60 17 ancu
1724 2212 13 15 e
1759 2206 43 28 più
1823 2206 105 22 bruttali.
1952 2206 51 22 Ben

1533 2239 85 22 ch’ellu
1630 2239 20 22 si
1663 2239 137 23 fuss’intrati
1813 2240 26 21 in
1849 2241 23 20 la
1883 2240 120 22 sittimana

1533 2276 74 22 santa,
1630 2279 34 16 un
1683 2273 20 22 si
1715 2273 154 22 facian’alcun
1876 2283 5 3 -
1889 2279 75 22 scopu
1979 2273 23 22 di

1533 2306 86 29 magnà
1631 2313 14 16 a
1656 2313 69 16 carne
1748 2307 24 22 di
1792 2307 112 22 l’animali
1922 2307 81 22 arrub-

1533 2341 48 22 bati
1593 2347 14 15 a
1626 2341 8 21 i
1646 2341 110 27 bujatteri
1776 2347 15 15 e
1802 2347 13 15 a
1827 2342 8 20 i
1846 2341 99 27 pastori.
1971 2340 32 22 Di

1532 2380 97 16 manera
1641 2374 56 27 chrr
1713 2375 20 21 si
1745 2380 43 22 par
1801 2380 63 21 casu,
1880 2375 7 20 i
1904 2374 101 28 giovan-

1534 2409 47 22 nali
1597 2408 167 22 eran’affaccati
1788 2413 13 16 a
1813 2407 159 28 l’impruvisu,
1990 2413 13 16 e

1533 2442 139 22 abbastanza
1693 2441 121 22 numarosi
1832 2447 45 22 par
1894 2441 110 27 riprinci-

1534 2476 39 27 pià
1587 2481 14 16 a
1620 2474 112 29 battaglià
1749 2477 84 20 contru
1851 2475 73 22 simili
1936 2480 68 23 guar-

1533 2509 65 22 diani
1614 2509 25 22 di
1648 2515 14 15 a
1675 2509 55 26 fedi,
1743 2508 71 22 tant’e
1831 2508 59 22 tanti
1898 2516 7 3 -
1911 2508 93 22 cristia-

1533 2544 34 25 ni,
1580 2542 109 23 cunvint-i
1699 2548 14 16 e
1721 2542 95 26 sinceri,
1830 2541 115 22 avarlanu
1955 2542 48 27 pri-

1534 2579 75 25 gatue
1622 2576 144 28 forz’ajutatu
1778 2581 14 16 a
1806 2582 13 15 u
1831 2575 173 22 trionfudil’e-

1534 2610 70 21 ritici.
1619 2609 40 22 Ma
1679 2615 14 16 a
1710 2615 70 16 causa
1802 2609 24 22 di
1846 2609 8 21 i
1866 2609 136 22 Tinuvatori

1535 2649 39 16 era
1585 2648 69 22 persa
1671 2642 163 28 senz’appellu.

1537 2681 3 3 '
1562 2676 77 21 Tantu
1660 2681 62 22 pocu
1734 2674 101 29 disposti
1847 2675 38 22 chi
1897 2675 9 21 i
1925 2675 77 27 spiriti

1534 2709 85 22 fussini
1632 2709 25 22 in
1670 2711 37 20 stu
1715 2710 67 26 paesi
1791 2715 119 22 generosu
1919 2709 84 28 adaju-

1533 2742 28 25 tà.
1570 2744 24 20 in
1614 2743 25 21 le
1650 2748 28 16 so
1689 2742 107 22 ricerche
1805 2744 36 20 sta
1856 2742 87 22 milizia
1952 2742 51 22 bar-

1533 2776 64 26 bara,
1615 2782 34 15 un
1665 2775 70 28 passé
1747 2782 15 15 u
1768 2775 155 29 Jôvi-Santu
1934 2781 68 16 senza

1534 2809 54 22 c’un
1601 2809 79 22 zitellu
1702 2815 32 15 un
1758 2810 113 27 scuprissi
1887 2815 14 16 a
1915 2815 62 20 casa,
1987 2815 16 15 u

1534 2842 111 28 rifuggiu'
1656 2843 24 21 di
1689 2843 8 21 i
1710 2843 135 27 giovannali
1854 2849 22 19 e,
1889 2843 89 26 subitu,
1989 2849 13 16 a

1534 2878 66 19 notte
1619 2875 72 28 dépu,
1715 2882 13 15 a
1737 2878 79 26 grotta
1823 2875 26 22 fù
1860 2879 141 25 accampata.

1534 2908 77 22 S’avia
1623 2909 30 21 da
1660 2909 69 26 vede,
1751 2909 24 21 di
1793 2911 64 20 certu
1870 2910 29 26 pè
1917 2915 14 16 a
1956 2910 46 27 pri-

1533 2948 39 16 ma
1582 2943 74 24 volta,
1671 2943 7 20 i
1690 2943 85 21 suldati
1788 2943 106 21 cristiani
1915 2942 23 22 fà
1950 2948 53 17 cor-

1533 2981 27 16 re
1581 2981 18 15 u
1617 2981 91 23 sangue
1727 2981 89 16 umanu
1836 2982 15 15 u
1861 2976 71 26 jornu
1953 2975 25 22 di
1990 2982 13 15 a

1533 3010 78 21 morte
1623 3009 24 21 di
1660 3015 19 15 u
1692 3009 147 21 Redeniore.

1562 3041 86 26 Quellâ
1659 3044 74 24 notte,
1744 3047 94 16 comme
1848 3043 61 21 tutte
1920 3048 13 15 e
1951 3044 52 21 not-

1533 3077 25 19 te
1579 3080 90 21 scorse,
1682 3075 150 22 Annunziata
1854 3075 60 22 s’era
1933 3081 70 17 scon-

1532 3110 36 19 tra
1592 3114 45 15 cun
1657 3109 118 27 Angelico
1788 3114 13 15 a
1814 3109 24 21 la
1849 3109 81 21 tomba
1954 3109 24 22 di
1990 3115 13 16 a

1532 3140 113 29 famiglia.
1667 3135 18 28 È
1696 3140 51 23 culà
1767 3141 38 22 chi
1828 3147 16 15 u
1866 3141 137 28 giovannali

1532 3174 86 22 ricivia
1627 3174 30 22 da
1669 3174 86 22 e'mani
1766 3174 25 21 di
1801 3180 14 15 a
1826 3175 86 21 surella
1923 3181 14 15 a
1948 3181 56 21 pru-

1532 3207 63 22 vista
1617 3207 139 27 quotidiana
1767 3207 23 22 di
1804 3207 147 27 ipruscritti.
1963 3208 40 22 Ma

1533 3243 36 19 sta
1588 3241 74 25 volta,
1681 3246 14 15 a
1702 3241 92 26 jerbula
1805 3241 83 27 pisava
1901 3248 6 19 ;
1920 3241 61 22 c’era
1990 3248 12 15 a

1532 3273 108 27 pruvista
1652 3274 24 21 di
1691 3279 14 16 a
1715 3273 120 22 sittimana
1842 3274 82 27 parchi
1937 3274 66 23 Nun-

1533 3307 35 20 zia
1586 3306 144 28 ghiudicava
1749 3307 126 29 prudent’e
1892 3313 110 16 necessa-

1532 3339 38 21 riu
1593 3338 169 27 d’interrompa
1770 3339 30 21 sti
1811 3341 89 20 scontri
1912 3343 91 19 nottur-

1533 3372 34 25 ni,
1588 3373 78 20 attesu
1678 3372 8 21 i
1697 3372 89 21 rumori
1804 3372 38 22 chi
1875 3373 126 21 currian’in

1532 3404 67 28 paesi
1606 3410 14 15 e
1627 3404 39 22 chi
1678 3404 88 21 d’erani
1773 3404 62 27 junti
1847 3411 14 16 a
1869 3405 131 22 l’arecchie.

1563 3437 87 21 L’addiî
1664 3437 74 21 funnu
1760 3437 42 27 più
1812 3439 93 21 tennari
1923 3444 13 15 e
1959 3438 43 27 più

1533 3470 137 27 prulungati
1677 3475 26 16 ca
1714 3470 56 26 mai,
1779 3476 14 15 e
1801 3477 16 15 u
1829 3471 173 27 presentimen-

1532 3504 29 19 tu
1570 3501 70 22 d’una
1647 3503 114 27 disgrazia
1769 3503 43 28 più
1820 3504 125 27 prufondu.
1953 3503 48 23 S’e-

1533 3535 51 22 rani
1596 3536 102 26 separati
1721 3542 46 15 cun
1778 3543 69 21 pena,
1861 3543 14 15 e
1885 3536 66 28 dépu
1962 3538 38 22 chi

1533 3574 15 15 a
1569 3568 68 21 Stella
1645 3569 125 22 mattutina
1781 3575 40 16 era
1836 3570 87 27 sparita
1934 3576 14 15 a
1958 3571 43 22 l’o-

1532 3601 100 21 rizonte.
1656 3602 117 28 Angelico
1794 3608 43 22 par
1847 3602 90 22 riturnà
1960 3610 13 15 a
1986 3610 15 16 u

1532 3639 29 16 so
1571 3634 157 29 piattatoghiu
1741 3635 145 28 induppiava
1902 3636 23 22 di
1931 3650 9 5 -
1946 3643 56 21 pru-

1533 3667 80 25 denza,
1636 3668 138 22 ammutulia
1785 3675 16 14 u
1812 3674 96 16 rumore
1919 3670 25 21 di
1953 3670 8 21 i
1973 3675 28 16 so

2036 306 72 27 passi,
2121 305 78 28 fughìa
2213 305 6 20 i
2233 306 68 26 punti
2321 306 106 27 schiariti
2447 316 24 24 da

2035 340 63 21 luna.
2120 338 41 21 Era
2173 344 95 21 sempre
2280 339 67 22 sott’a
2369 341 93 30 l’ombra
2471 355 16 20 &

2036 378 12 15 a
2066 371 110 26 furesta,a
2191 373 92 25 quattru
2297 373 62 26 passi
2373 374 66 26 d’una
2450 384 19 21 di
2482 364 5 14 *

2036 406 45 20 due
2104 405 82 21 intrate
2206 405 23 21 di
2246 411 15 14 u
2274 408 137 26 suttaraniu,
2429 418 52 22 quan

2035 439 31 21 du
2078 438 20 21 si
2108 438 49 21 vidi
2178 439 135 21 circundatu
2338 439 23 21 in
2381 447 31 16 un
2433 445 45 28 bott

2035 471 71 22 d’émi
2119 472 80 21 armati
2213 472 23 21 di
2256 472 93 27 piottuli
2361 474 128 33 luccichenf

2035 506 24 20 di
2072 505 59 21 farru
2143 513 5 16 ;
2166 511 11 14 a
2191 511 60 15 voce
2274 505 75 26 bassa,
2363 513 15 14 u
2398 511 92 30 missenu

2036 539 24 20 in
2073 538 89 22 dimora
2180 538 23 21 di
2218 538 92 22 rendasi
2335 545 69 17 senza
2422 550 61 23 cundi

2034 572 76 21 zione.

2062 616 27 3 —
2102 604 159 21 Guàrdatev’o
2273 605 93 27 fiatelli,
2380 615 14 14 u
2408 616 82 24 nemiCü

2035 641 13 15 e
2069 635 146 29 quN.gridé
2242 639 217 30 curaghiosamente
2478 658 12 16 ü

2034 669 148 28 giovannali.-
2201 669 53 21 Ma.
2262 671 78 22 subitu
2360 677 76 26 cascé,
2454 684 37 22 tra-

2034 705 85 25 panatu
2143 703 22 21 di
2190 705 67 24 parte
2270 704 23 21 in
2312 709 66 24 parte
2387 715 13 15 e
2418 711 22 22 in
2458 722 34 20 pa_

2034 736 78 27 recchj
2136 736 71 27 loghi.

2062 769 10 21 I
2084 770 143 27 giovannali,
2247 772 102 26 avertiti,
2362 775 21 22 si
2395 779 96 28 priparo.

2034 803 24 21 ni
2072 809 12 14 a
2102 802 63 22 méra
2176 803 28 20 da
2218 804 85 22 suldati
2313 812 13 15 e
2338 813 13 15 a
2361 811 76 22 vende
2448 821 12 15 a
2467 824 23 17 so

2035 836 47 21 vita
2103 841 13 16 a
2128 841 77 22 prezzu
2225 837 23 21 di
2259 843 96 24 sangue.
2382 842 38 24 Ma
2430 847 59 27 3’altri

2033 869 125 21 truvon’un
2177 875 76 16 mezzu
2267 871 78 23 sicuru
2357 875 25 22 di
2402 879 86 29 vinciali

2034 908 67 15 senza
2111 903 113 26 periculu,
2237 904 38 22 chi
2289 912 12 14 a
2309 906 77 28 gléria
2397 916 30 17 un
2438 915 51 25 l’im.

2033 937 106 25 purtava.
2152 936 36 22 Un
2202 937 121 29 lignaghiu
2334 941 101 27 piattava
2446 949 41 25 l’jn.

2033 970 58 20 trata
2105 969 128 28 principale
2243 971 23 22 di
2277 979 12 14 a
2301 976 77 25 grotta
2390 983 5 18 ;
2409 978 21 22 di
2439 985 48 21 miS-

2033 1002 45 21 sini
2092 1002 52 22 fécu
2156 1009 42 21 per
2209 1004 135 25 affumicalli
2365 1015 67 19 corne
2446 1020 41 20 voh

2033 1035 23 27 pi
2081 1042 14 14 n
2105 1042 12 15 a
2128 1038 53 20 tana
2194 1043 6 19 ;
2214 1038 50 22 eus!
2288 1039 118 26 furzavani
2425 1046 62 27 l’assi-

2033 1069 55 22 diati
2102 1075 12 16 a
2123 1070 60 22 circà
2204 1071 25 22 di
2239 1073 86 28 scappà
2345 1081 43 22 par
2395 1077 93 30 l’aUrRi

2032 1104 67 25 trata,
2120 1109 66 16 senza
2200 1111 118 22 speranza,
2345 1109 45 22 ben
2411 1112 69 26 intesu
2494 1102 3 3 '

2034 1136 86 27 Infatti,
2133 1138 96 22 accicati
2242 1140 28 21 da
2283 1147 16 15 u
2313 1141 72 28 fume,
2398 1146 29 21 sti

2032 1172 84 25 gurati,
2134 1171 148 28 lampendusi
2295 1180 13 16 a
2324 1175 22 21 la
2367 1177 64 24 cieca
2442 1187 47 19 con-

2032 1203 76 22 tr’una
2116 1210 56 22 sepe
2184 1205 190 30 d’arme.pinzdte
2382 1217 13 15 e
2401 1214 81 28 tagljve

2032 1243 32 16 un
2076 1237 82 23 fecenu
2169 1258 4 4 .
2178 1244 26 17 ca
2217 1239 58 24 offra
2287 1248 14 16 a
2323 1246 107 22 cannella
2449 1255 12 15 a
2476 1257 13 15 u

2031 1271 64 28 boja.

2060 1305 75 23 L’alba
2147 1310 112 20 nascente
2270 1309 87 23 schiarl
2380 1312 109 30 l’angunia

2031 1339 24 22 di
2069 1345 13 16 e
2093 1340 101 23 vittime.
2216 1342 42 22 Ad
2279 1344 49 21 altu
2347 1345 74 27 jornu
2439 1348 50 26 funu

2031 1374 94 21 cacciati
2138 1374 23 22 di
2176 1380 14 17 a
2201 1375 89 24 furesta
2299 1383 13 15 e
2323 1381 136 27 appughiati
2469 1385 20 22 di

2030 1409 60 24 punt
2097 1413 14 15 a
2129 1414 13 14 u
2154 1410 74 25 paesi,
2251 1415 14 16 a
2275 1417 16 14 u
2308 1417 71 17 muru
2390 1414 24 21 di
2427 1421 13 16 a
2448 1422 41 18 cas-

2030 1441 115 27 tagniccia
2164 1441 172 25 ch’inturniava
2343 1452 13 15 a
2365 1448 80 23 tomba
2456 1451 20 22 di
2481 1454 7 21 i

2030 1473 105 23 Rosazia.

2058 1508 44 22 Era
2121 1510 61 21 statu
2193 1509 85 28 dicisu,
2287 1518 43 21 par
2341 1513 147 30 tempu,T'un

2030 1541 102 27 bastava,
2152 1549 43 21 per
2205 1544 31 21 sti
2249 1546 148 24 scuminicati
2421 1550 71 25 d’essa-

2029 1575 97 29 indegni
2149 1576 23 22 di
2184 1577 83 28 ripusà
2286 1579 24 22 in
2333 1582 62 21 terra
2410 1587 61 21 santa
2482 1594 5 19 ;

2028 1608 145 24 duvian’essa
2183 1611 159 25 abbandunati
2359 1621 13 16 a
2385 1616 6 21 i
2405 1619 61 22 corbi
2475 1626 13 16 0

2029 1643 112 28 brusgiati
2162 1645 80 26 parchi
2259 1651 13 16 e
2290 1652 26 17 so
2338 1654 84 18 cenare
2448 1652 41 23 fus-

2028 1676 53 21 sinu
2094 1683 78 21 sparse
2191 1678 30 22 da
2234 1679 6 21 i
2254 1681 74 22 venti.

2336 1725 129 27 Rampinu.

2082 1758 150 31 (Cuntinua)

2381 1817 37 4 —

2055 1836 29 26 A.
2090 1838 100 23 Corsiea
2198 1846 36 17 un
2243 1841 15 21 è
2268 1842 80 24 micca
2358 1851 36 16 un
2409 1846 80 26 dipar-

2026 1872 105 25 timentu
2151 1875 122 31 francese,
2293 1879 13 22 è
2316 1886 51 17 una
2391 1883 97 24 nazione

2026 1909 70 23 vinta
2117 1911 40 22 chi
2167 1912 33 23 ha
2215 1914 33 22 da
2261 1915 107 25 rinasce.

2327 1955 77 21 Saveriu
2415 1958 52 20 Paoli.

2127 2032 255 54 îmhÏÏmh.

2057 2133 63 31 Legu
2144 2137 20 21 in
2189 2146 30 14 un
2237 2139 61 24 iibru
2317 2143 85 23 surlitu
2423 2145 28 22 da
2474 2152 11 16 a

2029 2165 125 32 Stamperia
2172 2170 119 31 Ollagnier
2302 2175 22 22 in
2342 2177 61 27 1901,
2417 2186 12 14 c
2441 2186 47 15 cun-

2029 2205 90 20 sacratu
2128 2210 14 15 a
2149 2203 70 25 Santa
2231 2206 82 25 Divota
2327 2210 32 29 (1)
2368 2218 7 15 :
2399 2222 6 3 -

2057 2243 14 14 <<
2080 2242 34 16 iin
2136 2237 139 26 descendant
2291 2244 14 20 à
2324 2243 129 25 Vescovato
2468 2246 20 30 je

2029 2275 51 16 vois
2100 2270 55 23 dans
2166 2269 102 33 l’Église'
2277 2282 29 15 un
2327 2278 59 27 petit
2406 2279 82 23 tableau

2030 2299 29 22 de
2068 2300 22 23 la
2101 2302 72 22 sainte
2188 2305 78 27 pendu
2277 2308 13 20 à
2311 2314 31 15 un
2362 2309 75 29 pilier;
2450 2317 38 16 une

2030 2334 70 28 petite
2109 2334 107 25 bannière
2226 2342 67 25 porte
2304 2342 63 22 aussi
2379 2349 43 16 son
2437 2344 52 22 ima-

2029 2373 30 23 ge
2067 2371 82 20 autour
2159 2369 28 23 de
2196 2371 100 29 laquelle
2310 2381 44 17 une
2367 2375 122 31 Congréga-

2031 2401 46 22 tion
2090 2402 28 22 de
2123 2403 82 28 jeunes
2217 2405 60 24 filles
2291 2414 26 16 se
2337 2416 88 23 groupe
2439 2411 50 22 dans

2030 2434 34 23 les
2075 2437 151 27 processions.
2234 2440 22 21 A
2268 2440 132 31 Ocognano,
2414 2446 75 20 canton

2030 2468 29 22 de
2070 2467 134 31 Vescovato,
2215 2479 31 16 un
2261 2475 60 22 autel
2331 2476 81 23 latéral
2421 2478 31 22 lui
2460 2479 31 20 est

2030 2501 67 24 dédié
2119 2506 23 19 et
2162 2508 67 25 porte
2242 2513 50 17 une
2313 2512 83 21 statue
2427 2511 63 22 d’êlle

2030 2536 70 22 datée
2110 2537 28 22 de
2149 2544 63 24 17/5.
2223 2541 19 21 A
2257 2541 139 25 Venzolasca
2415 2547 35 20 est
2463 2550 26 16 un

2030 2568 91 25 tableau
2131 2573 45 22 très
2188 2580 81 17 ancien
2281 2577 38 28 qui
2338 2577 22 22 la
2379 2580 110 27 représen-

2030 2605 30 19 te.
2073 2604 20 21 À
2106 2604 82 24 Loreto
2201 2606 25 23 di
2237 2607 98 26 Casinca
2344 2611 43 29 j’ai
2397 2619 31 15 vu
2451 2617 39 17 une

2030 2639 103 25 peinture
2160 2641 93 29 antique
2284 2643 28 22 de
2332 2643 157 31 l’Assomption

2029 2673 71 26 ayant
2115 2677 43 18 aux
2177 2674 61 23 deux
2250 2677 62 22 côtés
2333 2678 28 22 de
2373 2679 22 22 la
2413 2679 76 27 Vierge

2029 2703 66 23 Saint
2116 2705 64 24 Roch
2210 2711 24 20 et
2265 2711 74 22 sainte
2359 2712 94 23 Dévote.
2471 2710 18 22 A

2030 2736 126 25 Castellare
2167 2740 38 23 de.
2220 2741 104 31 Casinca,
2338 2752 45 16 non
2395 2746 46 22 loin
2462 2744 26 22 do

2029 2770 90 24 chemin
2126 2772 29 23 de
2166 2774 62 28 fer,il
2235 2783 17 22 y
2264 2780 12 19 à
2288 2777 57 24 dans
2356 2778 24 23 la
2391 2777 97 24 sacristie

2029 2811 31 15 un
2073 2806 88 23 tableau
2180 2810 46 21 très
2245 2811 67 22 vieux
2331 2819 31 15 ou
2379 2812 23 23 la
2422 2810 72 24 sainte'

2029 2837 84 32 Vierge
2120 2847 55 16 avec
2183 2841 103 26 l’Enfant
2294 2845 68 23 Jésus
2374 2848 36 21 est
2418 2845 69 30 placée

2029 2877 29 16 au
2080 2873 85 28 milieu;
2184 2877 14 20 à
2219 2876 75 24 droite
2315 2882 36 19 est
2371 2880 60 22 saint
2454 2877 32 22 Sé-

2028 2905 96 28 bastien,
2135 2911 80 25 patron
2224 2909 29 23 de
2270 2911 103 30 l’Eglise,
2383 2915 13 21 à
2408 2910 77 32 gauche

2029 2938 78 24 Sainte
2114 2940 85 24 Dévoie
2210 2945 64 21 etc...
2284 2948 44 20 etc.
2341 2963 6 5 .

2057 2975 39 22 Sta
2117 2977 121 29 relazione,
2261 2981 38 23 chi
2320 2979 165 31 menziuneghia

2029 3008 135 25 multissime
2169 3014 77 21 statue
2256 3021 12 15 e
2275 3015 85 29 pilture
2366 3016 23 22 di
2398 3023 14 15 a
2418 3016 69 22 nostra

2029 3045 74 24 santa,
2126 3044 117 30 cunfîrma,
2265 3047 164 25 l’attéstazione
2440 3047 22 23 di
2480 3044 8 21 i

2029 3075 39 29 giò
2098 3078 71 22 curati
2202 3079 98 32 Saggeri
2318 3089 15 16 e
2354 3078 133 33 Petrignani-

2030 3108 51 22 Unn
2090 3111 14 20 è
2112 3110 29 23 da
2151 3112 70 28 oghie
2231 3114 39 22 chi
2276 3122 15 15 a
2300 3119 66 20 santa
2379 3119 12 20 è
2399 3114 88 24 onorata

2030 3142 23 21 in
2066 3142 98 30 Corsica,
2175 3149 67 25 postu
2254 3148 58 23 ch’in
2337 3149 85 30 Borgu,
2434 3155 15 15 u
2465 3150 23 17 so

2029 3182 69 21 paese
2109 3178 83 28 nativu,
2204 3181 35 22 c’è
2252 3189 44 15 una
2303 3186 77 26 grotta
2391 3183 61 22 delta
2469 3178 20 21 di

2029 3207 70 25 Santa
2109 3211 88 28 Divota,
2211 3214 24 22 in
2244 3214 61 23 duve
2321 3211 169 28 ruminichendu

2028 3248 15 16 a
2056 3245 59 21 terra
2134 3246 20 21 si
2177 3248 66 21 Irova
2263 3247 58 24 betri
2342 3250 24 21 di
2386 3249 76 22 culore
2479 3249 11 15 e

2028 3276 99 29 faicn\a
2153 3279 111 24 chiamati
2282 3282 160 28 paternostri
2467 3275 24 24 &

2029 3309 80 22 Santa.
2124 3311 101 24 Divota:
2235 3309 21 26 É
2278 3321 83 19 quessa
2379 3315 53 29 ghiè
2451 3314 39 20 uo^

2028 3343 71 26 préva
2108 3346 60 20 certa
2184 3345 39 22 chi
2234 3353 30 15 su
2277 3347 56 30 lògu
2345 3351 13 20 è
2373 3350 61 21 statu
2453 3344 37 23 fre-

2028 3377 108 25 quentatu
2146 3377 27 22 da
2185 3378 8 21 i
2205 3378 64 24 fîdeîi
2277 3381 38 22 chi
2321 3380 167 30 prubabilmeU'’

2028 3409 22 19 le
2062 3414 153 23 appiccavanu
2230 3413 25 21 in
2267 3421 92 16 manera
2368 3411 121 26 d’ex-voiOi

2028 3446 13 15 a
2053 3447 8 15 1
2072 3443 59 21 mûri
2140 3443 22 22 di
2185 3451 22 15 a.
2222 3449 85 26 grotta,
2318 3454 87 16 corone
2425 3453 13 14 e
2454 3447 35 25 p&'

2028 3475 107 23 ternostri
2154 3477 78 24 d’ossu
2244 3485 15 16 o
2273 3480 24 22 di
2309 3483 66 20 vetru
2384 3480 57 29 (2)...

2245 3519 97 23 Matteu
2348 3515 118 27 Cirnensi-

2049 3586 26 22 (1)
2082 3586 79 22 Monaco,
2171 3588 19 18 la
2198 3588 58 19 Corse
2263 3590 19 17 et
2299 3589 63 18 Sainte
2379 3587 73 19 Dévote,
2461 3581 28 23 P2r

2027 3613 24 17 M.
2061 3614 23 19 de
2091 3614 131 23 Trenqualéon.

2049 3640 26 23 (2)
2083 3641 71 19 Lettera
2160 3643 21 17 di
2188 3648 13 12 u
2209 3644 84 21 piuvanu
2301 3644 18 18 di
2335 3644 61 22 Borgu
2411 3647 11 12 a
2436 3644 13 13 a
2464 3636 13 20 ê
2474 3636 15 14 10

2026 3667 130 24 Trenqualéon,
2167 3675 57 17 pages
2232 3670 35 18 430
2274 3673 20 17 et
2302 3672 102 18 suivantes.
