2589 3802
100 90 274 57 Giurnali

20 203 94 34 -cjatteU
113 207 12 15 1

21 231 21 14 p
69 247 5 6 ,
94 234 91 26 poincaré,
203 234 56 22 ayant
280 233 130 22 parfaitement
429 232 43 17 bien

91 268 16 17 |C
115 264 69 18 danger
197 259 56 17 d’une
269 258 43 17 telle
326 257 146 22 augmentation,

25 276 117 34 coD,Prl"ngenti
154 285 11 17 à
179 283 96 23 appliquer
290 282 17 17 le
322 281 45 18 tarif
380 281 18 17 le
412 281 61 18 moins

101 318 23 14 en
132 309 90 22 rapporta
230 307 19 18 la
255 306 90 18 situation
352 306 119 22 économique

91 337 31 24 qui
130 335 30 18 est
167 332 93 19 vraiment
267 331 118 18 lamentable,

24 349 37 26 deJ’*
68 349 115 35 tentation
192 358 23 17 de
222 356 24 18 üO
252 357 21 21 •/.
284 361 33 12 sur
326 356 26 17 les
363 355 52 18 tarifs
423 356 53 17 aclu-

92 383 86 25 exagérés
186 383 29 17 est
226 381 93 19 vraiment
330 380 119 22 prohibitive.

24 403 20 20 els
50 399 32 36 d®Je
89 407 135 27 augmentation
232 405 75 19 devrait
312 405 67 21 servir,
384 405 89 22 paraît-il,

40 424 64 36 Cîduire
111 424 24 29 le
150 432 65 18 déficit
226 431 33 22 qui
274 430 85 18 s’élevait
374 430 75 18 d’abord
463 430 12 17 à

24 455 8 17 à
43 453 15 14 rc
65 460 82 26 .jngtaine
161 458 23 17 de
198 456 83 18 millions
295 456 19 17 et
326 455 40 23 qui,
380 455 54 22 après
448 460 27 12 un

24 477 70 35 Un^lleur
100 486 19 19 et
127 483 42 23 plus
176 481 50 23 juste
240 480 66 22 calcul,
321 480 57 18 serait
393 480 63 18 réduit
464 480 12 17 à

25 505 13 16 ®
67 511 83 23 jnillions-

42 547 5 13 r
51 546 16 14 rs
74 533 86 24 Pouvoirs
168 530 79 23 publics,
257 530 16 17 si
282 529 78 23 enragés
369 533 46 18 pour
423 529 55 22 prés-

40 549 11 16 ^
58 572 8 12 r
72 565 17 17 la
96 561 60 18 Corse,
170 556 51 17 n’ont
235 555 103 22 cependant
351 558 32 18 pas
398 553 60 19 hésité
466 554 12 17 à

26 573 31 28 sU.re
68 587 63 20 cadeau
139 583 11 17 à
162 580 86 23 l’Algérie
262 580 24 17 de
300 579 89 23 superbes
402 580 18 17 et
435 583 43 14 con-

105 609 84 18 bateaux.
199 605 50 18 Nous
255 609 24 13 ne
288 609 80 13 sommes
372 609 33 17 pas
412 604 65 22 jaloux

25 624 103 37 ^rAjaérie,
135 630 47 19 mais
189 630 90 22 pourquoi
286 630 49 17 deux
341 629 53 23 poids
403 630 18 17 et
427 630 51 17 deux

25 649 17 17 de
75 659 32 20 gS?
115 655 91 22 Pourquoi
218 659 26 13 un
258 654 106 18 traitement
377 654 16 18 si
408 655 36 17 dur
458 655 21 16 et

26 676 81 35 '“pénible
114 685 48 20 pour
169 680 18 18 la
193 680 56 18 Corse
254 679 32 18 ?...

26 702 12 14 S*
43 712 51 21 r'Etat
101 707 45 19 veut
162 705 85 22 spéculer
259 709 34 13 sur
307 704 18 18 la
339 703 68 19 misère
422 705 24 16 de
460 704 20 17 la

54 744 16 13 ,e
76 740 22 15 en
110 731 96 24 prélevant
213 730 10 17 7
231 731 22 20 •/.
262 728 88 19 d’intérêt
363 730 20 16 et
390 729 38 22 3-/.
442 729 38 17 d’a-

50 756 97 28 rtissement
155 759 33 14 sur
196 755 78 22 l’argent
286 754 32 22 qui
328 759 11 12 a
351 754 30 17 été
395 753 85 22 employé

27 793 33 17 Ma
74 780 120 25 construction
209 780 33 18 des
256 779 96 18 nouvelles
370 779 63 18 unités
447 778 33 23 qui

27 797 8 17 ^
42 808 79 26 raplaeent
127 806 29 17 les
164 804 57 19 vieux
229 805 64 17 sabots
304 805 24 17 de
336 804 18 17 la
367 803 112 23 Compagnie

27 846 18 16 de
49 832 101 27 navigation,
158 830 16 17 si
179 830 141 18 rémunérateur
326 833 46 18 pour
377 828 28 18 les
410 828 71 19 action-

27 873 88 36 napendant
125 880 22 19 GO
161 884 34 14 ans
208 880 83 20 d’abord,
307 880 19 17 et
339 878 143 19 éternellement

46 912 45 21 su;te,
98 908 27 17 les
132 909 76 18 usagers
214 905 34 17 des
254 904 52 18 voies
313 903 102 19 maritimes
423 904 55 18 entre

28 924 8 34 \
51 932 88 25 Continent
147 931 20 17 et
174 930 19 18 la
201 930 56 18 Corse
266 929 84 23 paieront
361 933 37 13 une
409 928 73 19 contri-

28 964 51 21 bution
87 957 58 20 forcée
154 956 23 17 de
186 956 22 18 12
214 957 30 20 •/.,
253 960 21 13 ce
280 955 32 22 qui
319 956 29 17 est
352 955 128 18 énormément

28 988 56 19 •niuste
90 985 11 17 à
108 984 43 16 tous
159 981 28 17 les
196 981 62 22 points
266 981 24 17 de
299 985 43 13 vue.

45 1015 12 17 11
63 1011 26 19 est
96 1009 24 17 du
128 1005 66 19 devoir
202 1007 19 17 et
228 1006 26 17 du
263 1006 59 22 grand
331 1004 68 19 intérêt
407 1006 23 17 de
440 1006 43 17 tous

25 1043 23 17 les
54 1038 58 18 Corses
119 1033 24 17 de
152 1030 46 19 faire
206 1036 25 12 un
240 1031 42 19 bloc;
287 1030 125 19 inébranlable
417 1031 65 18 contre

25 1068 15 17 le
47 1058 97 24 traitement
153 1056 128 22 inqualifiable
289 1060 37 18 que
337 1056 18 17 le
366 1055 84 18 Ministre
458 1056 24 17 de

25 1093 15 17 la
46 1086 61 21 Marine
115 1081 110 19 marchande
228 1082 47 17 veut
280 1081 81 22 imposer
366 1085 37 14 aux
409 1081 73 18 Corses.

44 1118 68 27 (L'Echo
120 1116 21 18 de
151 1115 19 18 la
179 1115 59 22 Corse)

50 1169 148 24 ssistanza

43 1212 25 17 Au
77 1211 52 16 cours
137 1206 24 17 de
169 1205 18 18 la
195 1205 110 23 précédente
313 1204 72 18 session
394 1206 25 16 du
434 1204 52 18 Con-

26 1236 29 20 seil
61 1231 79 25 général,
149 1231 53 17 notre
210 1230 96 17 directeur
317 1229 96 22 politique,
428 1228 56 17 M.-C.

28 1257 81 23 Gaitucoli,
119 1255 51 18 avait
184 1254 64 24 appelé
263 1253 104 19 l’attention
381 1253 26 18 du
421 1253 65 18 Préfet

30 1290 23 14 cur
58 1284 26 17 les
92 1282 52 20 abus,
153 1284 47 19 pour
208 1284 23 14 ne
240 1284 33 18 pas
285 1279 41 18 dire
339 1279 29 18 les
381 1279 103 21 scandales,

28 1308 75 23 auxquels
111 1305 77 19 donnait
202 1306 38 17 lieu
254 1304 124 24 l’application
391 1305 23 17 de
426 1304 19 18 la
458 1304 27 18 loi

26 1338 20 16 du
51 1333 20 19 14
78 1332 62 23 juillet
147 1329 45 20 1903
201 1336 33 13 sur
249 1330 114 18 l’assistance
376 1334 37 14 aux
428 1329 58 18 vieil-

25 1360 48 20 lards,
87 1361 36 14 aux
136 1356 86 19 infirmes
234 1357 20 17 et
268 1360 38 13 aux
320 1355 105 18 incurables
438 1355 48 17 dans

25 1386 44 19 notre
77 1382 132 23 département.

42 1410 21 18 Le
70 1408 41 23 plus
120 1407 48 18 beau
177 1407 79 18 résultat
264 1407 24 17 de
299 1407 18 17 la
332 1406 111 22 vigoureuse
458 1406 29 16 in-

26 1433 96 21 tervention
136 1432 26 17 du
175 1432 99 18 conseiller
287 1431 75 23 général
376 1431 24 17 de
412 1431 75 18 Petreto

24 1461 25 17 fut
55 1459 92 17 d’amener
155 1457 17 18 le
181 1458 63 17 Préfet
249 1458 11 16 à
268 1456 122 21 reconnaître,
400 1457 46 17 dans
451 1460 36 13 son

23 1484 66 23 rapport
96 1483 12 18 à
116 1482 115 18 l’assemblée
240 1481 164 23 départementale,
412 1485 37 19 que
458 1481 29 17 les

23 1511 40 17 abus
71 1508 80 23 signalés
160 1508 102 18 consistent
276 1508 47 17 dans
336 1507 19 17 le
370 1506 35 19 fait
417 1510 37 19 que
469 1506 18 18 le

22 1535 69 19 nombre
98 1534 33 17 des
145 1533 130 18 bénéficiaires
289 1533 23 17 de
326 1532 18 18 la
358 1532 26 17 loi
399 1533 29 17 est
440 1532 44 22 plus

23 1559 45 19 élevé
75 1563 36 18 que
119 1559 75 21 partout
201 1558 84 21 ailleurs,
297 1558 20 17 et
330 1561 37 18 que
380 1557 19 18 la
412 1557 77 22 plupart

23 1585 63 18 d’entre
93 1588 38 14 eux
138 1587 26 14 ne
171 1583 120 23 remplissent
298 1587 34 18 pas
342 1582 29 18 les
381 1582 107 18 conditions

23 1610 67 22 exigées
97 1614 48 17 pour
152 1609 83 22 justifier
243 1609 42 17 leur
293 1607 111 22 inscription
414 1612 34 13 sur
459 1607 29 18 les

23 1636 46 18 listes
80 1634 149 18 d’assistance....

44 1659 76 19 ....Nous
128 1664 25 13 ne
161 1663 80 18 pensons
249 1663 34 18 pas
291 1658 46 23 qu’il
351 1658 38 18 soit
402 1662 44 14 sans
460 1658 30 17 in-

25 1685 41 19 térêt
74 1686 23 17 de
105 1685 111 18 rechercher
223 1685 29 17 les
266 1688 66 14 causes
345 1684 24 17 de
381 1683 108 18 l’élévation

25 1711 96 22 effrayante
129 1710 27 17 du
164 1711 77 17 nombre
249 1710 34 17 des
291 1708 84 19 assistés.

42 1736 47 18 Elles
96 1735 85 18 résident
189 1736 45 17 dans
243 1735 19 17 la
270 1734 83 18 manière
362 1734 46 18 dont
417 1733 72 23 l’appli-

25 1761 54 18 cation
87 1761 23 18 de
119 1761 18 17 la
146 1760 25 18 loi
180 1761 29 18 est
217 1760 139 23 généralement
364 1758 45 19 faite
417 1764 34 17 par
459 1759 29 17 les

24 1785 131 23 municipalités
169 1786 32 21 qui
217 1790 21 13 se
251 1786 77 17 servent
339 1788 48 18 pour
403 1785 28 17 les
448 1783 39 18 fins

24 1811 107 21 électorales,
150 1811 106 18 bassement
269 1809 114 21 électorales,
401 1810 23 17 de
440 1810 49 16 cette

24 1836 109 23 magnifique
141 1835 26 18 loi
175 1837 24 17 de
207 1835 96 19 solidaxûté
308 1835 68 18 sociale
382 1839 6 16 ;
397 1835 46 17 dans
448 1833 43 18 l’in-

25 1861 94 18 suffisance
127 1861 34 17 des
169 1865 77 18 moyens
254 1860 68 23 légaux
335 1859 36 18 mis
379 1859 12 17 à
399 1860 18 17 la
425 1859 66 21 dispo-

26 1887 49 18 sition
82 1886 23 17 de
113 1885 165 18 l’administration
292 1889 48 18 pour
352 1884 59 18 lutter
423 1884 66 17 contre

28 1912 22 18 les
55 1910 110 18 admissions
173 1910 95 21 abusives,
277 1909 68 22 parfois
360 1908 59 19 même
434 1913 57 14 scan-

28 1936 97 18 daleuses...

47 1969 29 22 (La
84 1967 55 19 Jeune
150 1967 59 23 Corse)

27 2022 112 19 Povera
152 2019 123 21 Corsica

46 2056 66 23 Cyrnos
129 2056 31 17 est
175 2056 85 17 devenue
277 2055 18 17 le
312 2058 46 18 pays
375 2053 76 23 étrange
470 2054 21 17 et

27 2080 230 24 presqu’invraisemblable
262 2081 24 17 où
292 2080 13 17 il
311 2080 31 22 n’y
351 2084 11 12 a
368 2079 42 22 plus
418 2079 75 17 d’hom-

26 2112 35 13 mes
68 2107 23 17 de
98 2106 56 22 vingt
161 2105 11 18 à
180 2106 100 22 cinquante
288 2109 40 13 ans.

44 2131 98 19 Autrefois,
158 2131 42 18 leur
215 2130 73 18 service
300 2129 91 18 militaire
406 2129 42 21 fini,
463 2129 29 18 les

26 2157 73 18 illettrés
107 2155 115 22 revenaient,
229 2165 24 4 —
258 2155 121 20 maudissant,
387 2154 15 18 il
407 2156 30 17 est
442 2155 48 20 vrai,

26 2183 39 22 père
73 2184 19 16 et
98 2182 52 18 mère
158 2182 24 17 (le
195 2182 28 17 les
237 2181 54 18 avoir
303 2180 67 18 laissés
383 2180 47 18 dans
442 2181 50 16 cette

26 2208 91 22 ignorance
125 2207 35 23 qui
168 2208 45 17 rend
226 2212 13 11 «
245 2206 63 22 inapte
322 2210 37 13 aux
373 2205 79 23 emplois
466 2205 26 17 du

27 2233 166 18 Gouvernement».
201 2232 25 18 Ils
241 2231 116 21 revenaient,
371 2231 21 17 et
404 2230 87 21 aussitôt,

26 2258 17 17 la
50 2259 46 17 terre
104 2258 62 18 natale
174 2258 29 18 les
210 2256 139 24 appréhendait,
361 2256 27 17 les
394 2255 97 23 domptait,

28 2283 24 18 les
65 2283 84 18 courbait
162 2287 45 14 sous
220 2287 23 13 sa
257 2282 26 17 loi
297 2281 98 18 inflexible
408 2285 48 18 pour
467 2285 24 13 en

27 2308 42 18 faire
77 2309 23 17 de
114 2309 47 17 bons
174 2312 87 19 paysans.
277 2307 25 18 Ce
316 2307 43 17 sont
372 2305 119 24 aujourd’hui

25 2333 25 18 les
57 2334 41 22 plus
105 2333 90 19 oublieux
204 2335 25 16 du
239 2334 64 16 retour
312 2336 24 13 ou
344 2332 29 17 les
381 2332 43 21 plus
436 2335 54 14 enra-

27 2359 29 22 gés
63 2360 23 16 de
93 2359 66 22 partir.

46 2384 45 19 Rien
98 2385 42 21 qu’à
148 2384 99 21 Marseille,
256 2388 25 13 on
290 2388 23 13 en
323 2384 66 16 trouve
397 2381 95 23 plusieurs

28 2409 72 19 milliers
108 2410 32 22 qui
150 2412 43 16 sont
200 2409 93 23 portefaix
301 2413 34 13 sur
342 2408 28 17 les
378 2407 61 22 quais,
448 2412 46 17 gar-

29 2438 38 17 çons
74 2435 22 18 de
104 2435 41 18 café
153 2439 25 13 ou
186 2436 23 17 de
220 2434 113 21 restaurant,
348 2432 84 19 rinceurs
445 2432 48 18 d’as-

29 2459 58 19 siettes
93 2464 33 14 sur
131 2460 29 18 les
166 2461 109 22 paquebots,
284 2465 11 11 «
300 2459 84 17 hommes
393 2457 85 23 d’équipe
483 2463 9 11 »

29 2489 41 17 pour
77 2490 54 18 poser
138 2486 28 17 les
176 2487 93 17 traverses
277 2485 24 17 de
307 2483 74 19 chemin
387 2483 23 18 de
418 2483 75 18 chemin

29 2510 20 17 de
56 2511 28 17 fer
90 2515 25 14 ou
123 2511 29 18 les
160 2513 80 20 poteaux
244 2509 157 23 télégraphiques,
407 2508 87 18 ouvriers

28 2535 42 18 dans
77 2536 26 18 les
111 2536 97 22 huileries,
217 2537 29 17 les
254 2534 114 21 savoneries,
377 2533 28 19 les
412 2533 82 18 raffine-

29 2560 34 18 ries
70 2562 22 17 de
98 2566 56 13 sucre
162 2571 23 4 —
193 2562 19 18 et
220 2561 43 22 plus
272 2560 45 18 d’un
325 2559 39 22 qui,
382 2564 9 11 «
398 2559 78 18 costaud
484 2564 9 10 »

29 2586 19 16 et
54 2586 92 23 dégourdi,
155 2586 161 19 s’affranchissant
329 2585 34 17 des
376 2583 58 19 vieux
447 2583 47 23 pré-

29 2610 48 23 jugés
84 2612 103 17 d’honneur
195 2613 23 17 de
226 2616 22 13 sa
256 2614 43 14 race
307 2609 54 21 fière,
378 2612 22 15 se
413 2609 37 17 fait
458 2613 36 14 en-

30 2636 71 18 tretenir
108 2641 35 18 par
151 2641 36 14 une
195 2636 103 23 protistuée
307 2635 26 18 du
340 2634 63 18 Vieux
410 2634 52 18 Port.

48 2660 110 23 Cependant,
166 2666 24 14 en
198 2662 63 21 Corse,
271 2661 19 17 la
299 2661 48 17 terre
359 2660 30 18 n’a
402 2660 42 23 plus
458 2663 38 19 que

31 2685 28 18 des
65 2687 103 18 serviteurs
175 2687 12 18 à
195 2688 57 17 barbe
265 2686 58 23 grise,
332 2686 28 17 les
367 2685 77 18 métiers
452 2685 45 17 sont

32 2712 66 18 exercés
105 2717 34 17 par
148 2712 33 18 des
186 2712 118 18 vieillards....

50 2736 48 23 Sujet
106 2737 139 19 d’étonnemeut
251 2741 48 18 pour
313 2736 33 22 qui
360 2736 42 17 n’en
412 2734 85 24 jugerait

497 92 37 18 que
543 92 33 18 par
584 88 110 25 l’indigence
702 93 25 17 du
737 94 91 21 sous-sol,
840 94 96 23 l'exigüité
951 94 20 17 et

499 113 96 17 l’abandon
605 114 25 18 du
639 116 28 17 sol
676 117 112 19 cultivable:
798 123 21 13 ce
829 124 45 17 pays
882 120 30 16 est
920 123 52 17 pros-

501 137 50 22 père,
560 148 22 3 —
591 139 47 18 mais
647 141 10 16 à
667 141 17 17 la
693 142 52 21 façon
755 144 22 17 (le
787 143 67 19 l’arbre
863 143 64 23 épuisé
938 142 34 23 qui

500 168 25 12 ne
533 168 21 12 se
563 167 67 15 couvre
638 165 66 22 jamais
713 166 63 19 mieux
785 168 24 17 de
818 168 56 18 fruits
882 173 37 17 que
927 168 47 16 J'an-

501 188 35 17 née
543 188 45 22 qu’il
597 193 24 14 vu
630 191 92 18 mourir...

521 213 48 18 Tous
578 218 30 13 ces
617 215 65 18 Corses
688 216 93 22 expatriés
788 217 87 18 envoient
883 222 25 12 au
918 216 51 22 père,

499 238 10 17 à
519 238 17 17 la
545 238 57 20 mère,
612 239 10 17 à
631 239 18 18 1«
657 245 51 13 soeur
720 241 59 18 restés
793 246 38 13 «au
848 247 46 17 puys
902 248 16 14 »,
935 245 36 13 une

499 262 60 22 partie
567 263 24 17 de
599 267 21 14 ce
628 264 55 22 qu'ils
691 266 88 21 gagnent.
789 265 70 19 Petites
868 270 86 16 sommes,
960 265 11 17 à

500 287 18 17 la
526 287 67 22 vérité,
603 289 47 17 mais
658 289 109 18 suffisantes
776 295 47 16 pour
831 291 87 22 changer,
926 290 46 17 dans

501 317 26 12 un
535 316 46 18 pays
589 312 24 18 où
622 314 37 17 l’on
668 314 37 17 sait
713 314 54 18 vivre
775 315 24 17 (le
812 320 43 16 peu,
871 315 18 18 la
905 314 68 19 misère

501 341 23 13 en
533 337 95 18 aisunce...

524 362 49 18 Bref,
582 362 18 17 la
608 362 55 19 Corse
670 363 27 18 vit
706 364 24 17 de
735 369 31 12 ses
771 365 127 21 exportations
904 364 70 17 d’hom-

501 391 46 13 mes.
557 386 46 18 Mais
611 388 36 18 elle
655 389 76 21 exporte
740 389 11 17 à
760 389 17 17 la
787 389 52 20 façon
848 390 45 17 d’un
905 389 68 17 indus-

502 411 42 17 triel
554 411 49 22 épris
618 413 23 17 de
655 413 19 17 la
682 412 54 18 ruine
750 413 33 23 qui
798 413 121 22 expédierait,
935 418 37 13 non

502 436 105 18 seulement
616 437 27 18 les
652 437 84 23 produits
745 438 23 17 de
777 443 33 12 son
826 438 147 20 établissement,

502 461 48 17 mais
559 465 65 15 encore
635 463 40 17 tout
683 467 34 13 son
726 463 52 17 stock
793 463 23 17 de
832 463 87 18 matières
935 467 41 17 pre-

503 485 75 19 mières.

526 511 25 17 Le
560 511 51 17 stock
620 511 71 22 épuisé,
707 511 68 17 l’usine
789 512 64 17 ferme.
870 512 23 17 Et
907 511 69 17 l’usine

504 535 69 18 fermée
582 535 39 18 s’en
629 540 24 14 va
661 535 61 23 pierre
731 536 10 17 à
751 536 83 22 pierre...

527 569 34 22 (La
569 569 87 19 Nouvelle
665 568 59 24 Corse)

618 663 25 36 Â
658 662 208 37 Misericordia

533 740 58 20 Luni
600 746 90 16 scorsu.
700 747 13 13 a
723 745 12 20 9
744 747 40 13 ore
793 740 23 19 di
824 746 59 17 sera,
892 740 88 19 davan-

507 768 17 21 ti
533 775 13 13 a
560 768 163 24 Madunnucia,
737 774 46 14 una
798 768 113 20 immensa
925 766 55 21 folia

507 796 29 21 ha
550 796 103 21 assistitu
662 803 14 13 a
685 803 14 13 u
709 799 71 17 cantu
791 795 23 19 di
824 802 13 13 e
851 794 88 21 litanie’
948 801 12 13 e
968 800 13 14 a

506 824 80 25 quellu
595 828 77 16 amatu
682 827 70 17 cantu
762 822 109 21 richiestu
881 822 28 20 da
918 829 14 13 u
943 828 38 18 po-

507 852 57 25 pulu
579 857 66 15 corsu
660 851 165 25 quand’elfera
840 851 24 19 in
874 853 73 22 puntu
958 849 24 20 di

507 880 104 24 sparisce
620 880 27 20 da
657 887 12 12 a
679 883 78 17 mente
767 885 13 14 e
790 879 29 19 da
828 879 7 19 i
843 878 49 21 cori
900 885 6 13 :
916 885 14 13 u
937 878 46 20 Dio

508 908 20 19 ti
534 907 64 20 salvi
604 908 92 24 Regina
705 907 11 20 !

533 936 260 24 L’accumpagnamentu
807 933 24 21 dì
839 941 15 13 u
869 934 85 24 populu
968 940 14 13 a

509 970 14 14 u
531 963 65 20 cleru
606 962 58 21 facia
674 969 31 14 un
715 962 48 20 cusì
773 961 66 21 dolce
855 961 128 21 murmoriu

509 992 29 20 da
547 991 115 21 suttrinnà
671 990 104 21 l’anima.

535 1019 19 21 U
564 1022 53 17 votu
627 1026 12 13 a
644 1019 44 23 via,
703 1018 143 25 quist’annu,
861 1023 122 19 permessu

509 1046 183 22 I’imbellimentu
702 1046 23 20 di
740 1053 15 13 u
764 1050 112 16 veneratu
891 1045 93 20 nicchiu

509 1076 22 20 di
540 1082 13 13 a
560 1074 116 22 Madonna
682 1074 23 20 di
715 1075 18 19 A
739 1073 246 25 Misericordia;.ques-

509 1103 181 25 ta,aghiustataa
700 1101 285 25 un’illuminazionegran-

510 1131 131 21 diosissima
654 1131 25 20 in
688 1131 22 20 la
725 1130 34 20 so’
771 1130 130 25 semplicità
910 1135 75 18 corsa,

510 1160 29 20 ha
554 1159 111 25 pruduttu
680 1166 12 13 a
702 1159 41 24 più
759 1158 60 20 bella
832 1157 154 26 impressione

511 1194 68 18 sopra
589 1193 13 14 a
611 1186 158 27 populazione,
786 1192 12 14 e
806 1192 15 13 u
831 1186 87 25 grande
932 1191 55 14 cun-

511 1221 68 14 corsu
588 1215 23 19 di
626 1218 83 21 questa
718 1214 19 19 ci
748 1219 71 17 prova
829 1214 38 19 chi
879 1220 13 13 a
901 1213 85 24 doppia

511 1242 52 20 fede
577 1248 65 14 corsa
656 1241 70 21 unn’è
739 1247 60 14 ancu
815 1243 83 22 pronta
907 1246 12 14 a
934 1245 53 19 spa-

512 1270 67 20 risce.

664 1362 171 36 Primavera

535 1440 25 18 Sò
569 1440 73 18 turnati
650 1440 15 18 li
674 1439 44 18 fiori
727 1444 10 13 e
747 1439 13 18 11
768 1439 47 18 violi

534 1465 15 18 E
557 1465 45 23 ghiè
610 1464 131 24 ringxuvanîta
750 1464 17 18 la
774 1468 113 19 campagna;

534 1491 27 17 Da
569 1495 40 13 una
616 1495 54 14 serra
678 1495 10 12 a
696 1490 63 18 l’altra
767 1490 30 17 d’a
804 1491 105 21 muntagna

534 1516 82 18 Ricucea
623 1521 14 12 u
649 1516 58 18 cantu
716 1515 19 18 di
744 1514 16 18 li
773 1514 112 24 russignoli.

535 1572 62 19 Tutt’è
605 1573 107 21 cambiatu,
721 1571 57 19 tutt’è
786 1572 85 18 culuritu
877 1577 5 16 ;

536 1598 31 18 S’è
575 1597 70 19 vistita
652 1597 107 19 altrimenti
769 1598 20 17 la
796 1598 69 17 nalura
871 1602 5 17 ;

537 1624 44 18 S’ha
589 1628 64 14 messu
661 1624 16 17 li
686 1623 27 18 so’
721 1623 59 22 panni
787 1622 20 17 di
813 1623 81 17 virdnra

537 1649 138 18 Etutt’adornu
683 1653 11 14 a
702 1648 46 18 fiori
756 1648 10 18 è
773 1648 41 18 ’ssu
822 1648 77 18 Yistilu.

536 1706 85 23 Fughjtu
629 1706 31 18 n’è
668 1705 108 19 l’invernu:
785 1705 19 17 la
811 1705 88 22 stagione

536 1732 23 17 Di
567 1731 14 18 li
591 1736 48 18 gran
647 1730 85 19 freticini
741 1735 11 13 e
759 1730 17 17 li
783 1730 82 22 pinseri;

536 1758 18 17 A
560 1757 54 22 jente
622 1757 18 18 si
648 1756 75 18 ranima
728 1765 24 4 —
758 1760 11 13 e
777 1755 15 18 li
800 1756 73 18 sumeri
878 1755 5 18 !
890 1765 23 4 —

538 1813 77 18 Guardu
624 1813 32 18 d’u
665 1812 42 18 miù
715 1816 57 18 paese
780 1816 12 13 a
799 1812 128 18 cambiazione
933 1817 5 17 ;

537 1838 87 18 Ammiru
632 1839 20 17 lu
660 1838 27 18 so’
695 1838 43 18 celu
748 1841 10 14 e
765 1837 20 17 la
792 1837 28 17 so’
828 1842 59 16 serra,

539 1863 59 18 Gridu
607 1864 20 17 di
635 1864 39 18 cori
681 1868 5 13 :
695 1863 71 18 evviva
774 1862 110 19 Primavera
891 1862 5 18 !

795 1900 25 19 F.
828 1901 138 19 Mondoloni.

743 1946 9 24 [texte
753 1946 13 24 manquant]

541 2307 23 4 —
569 2298 161 21 Quand’avaremu
737 2295 119 19 l’elettricilà
863 2295 20 18 in
891 2295 16 18 li
914 2295 61 22 paesi,
981 2300 11 13 0

517 2321 151 21 Juvan’Dumè?

541 2358 22 3 —
569 2347 107 23 Quand’elli
683 2347 19 18 ci
710 2347 99 18 ballaranu
819 2343 54 25 î’topi
879 2346 6 17 !

521 2439 186 22 L’Almanaccu
718 2438 29 21 di

640 2482 30 24 A
682 2481 151 24 Barretta
845 2480 114 30 Misgia

689 2525 57 26 Per
763 2532 66 26 1930

549 2588 27 22 32
588 2583 89 27 pagine
688 2581 26 22 di
726 2580 96 28 puesie,
836 2578 155 29 stalbatoghj,

522 2616 70 26 mesi,
607 2617 66 24 lune,
688 2614 153 27 cronologia,
858 2619 70 16 ecc...
941 2618 50 19 ecc,

523 2656 14 16 e
549 2655 130 16 numerose
692 2648 176 22 illustrazione.

630 2694 86 21 Prezzu
726 2698 6 16 :
746 2691 66 23 vinti
823 2691 68 23 soldi
901 2700 14 8 -•

586 2732 85 23 Ajaeciu.
680 2731 107 22 Stamperia
794 2730 21 18 di
822 2730 20 19 A
851 2729 81 20 Muvra

506 2762 5 19 !

1353 94 260 51 Mémoires

1123 172 52 46 du
1198 173 46 46 K.
1262 173 43 46 P.
1329 172 48 47 de
1401 173 216 58 Singlande,
1643 171 206 48 Aumônier

1163 238 210 33 (Spedizione
1391 239 33 25 di
1441 239 180 25 Maillebois
1639 237 167 33 1738-1741)

1408 316 147 34 (Seguitu)

1027 395 28 26 Je
1067 402 31 15 ne
1109 396 108 27 pouvois
1236 396 106 23 dès-lors
1358 401 116 22 manquer

1000 428 77 22 d'être
1085 429 55 21 bien
1151 435 55 21 reçu
1213 431 72 24 ;tous
1295 428 136 21 Messieurs
1440 429 35 20 les

1001 460 114 23 Officiers
1128 467 39 16 me
1185 461 149 23 félicitèrent
1349 460 30 21 de
1401 460 74 22 n’être

1002 493 71 26 point
1091 493 84 22 tombé
1192 496 71 19 entre
1287 495 36 20 les
1347 494 78 20 mains
1448 493 28 20 de

1003 526 66 21 Dom
1081 526 103 24 Guillio,
1197 525 22 21 &
1232 526 31 21 de
1275 526 67 21 Dom
1355 525 121 27 Vergilio,

1003 558 66 22 deux
1089 559 105 21 rebelles
1212 558 44 21 des
1267 560 55 26 plus
1335 557 110 23 obstinés
1456 558 21 22 &

1003 592 44 21 des
1060 593 55 27 plus
1126 592 151 27 dangereux,
1292 593 39 26 qui
1344 591 133 23 m'avoient

1003 625 66 22 suivi
1079 625 108 27 pendant
1194 624 57 28 près
1259 626 29 20 de
1296 627 86 25 quatre
1390 625 86 21 lieues.

1003 658 28 26 Je
1048 659 36 20 les
1097 657 131 24 remerciai
1239 658 30 20 de
1281 657 108 22 l’intérêt
1408 657 70 28 qu’ils

1005 691 146 28 daignoient
1169 690 106 28 prendre
1294 690 13 22 à
1325 697 40 15 ma
1384 696 96 15 conser-

1006 725 95 24 vation,
1110 724 22 21 &
1141 725 54 20 leur
1207 724 109 21 racontai
1326 725 36 20 les
1371 729 108 16 mesures

1006 763 47 22 que
1063 757 92 28 j’avois
1167 756 80 28 prises
1260 763 63 21 pour
1335 762 99 21 rompre
1445 757 35 21 les

1007 790 114 22 desseins
1133 790 46 21 des
1191 790 123 21 ennemis.
1324 789 93 27 J’avois
1429 795 51 21 par-

1006 823 56 28 tagé
1079 828 59 17 mon
1156 824 99 20 escorte
1267 828 31 16 en
1312 824 87 26 quatre
1416 822 64 27 pelo-

1006 858 68 24 tons,
1096 861 47 21 que
1162 855 94 27 j’avois
1276 856 63 21 ainsi
1360 854 119 27 disposés.

1008 889 32 22 Le
1052 889 108 28 premier
1171 888 124 23 marchoit
1306 889 100 24 devant,
1416 888 23 21 le
1446 894 35 15 se-

1009 923 65 21 cond
1085 928 42 16 sur
1147 927 38 16 ma
1205 921 94 26 droite,
1316 923 24 20 le
1356 920 125 23 troisième

1009 962 42 15 sur
1063 962 39 15 ma
1112 954 105 29 gauche,
1238 954 23 22 &
1280 956 23 21 le
1318 954 100 22 dernier
1429 956 53 20 tout

1010 989 92 27 proche
1114 989 31 21 de
1157 988 50 21 moi
1219 993 6 20 ;
1239 987 91 27 j’avois
1344 986 111 23 ordonné
1469 987 13 21 à
1493 979 3 32 |

1009 1028 62 16 ceux
1084 1022 40 27 qui
1137 1020 158 23 marchoient
1305 1021 13 21 à
1331 1020 83 22 droite
1432 1019 21 22 &
1469 1020 14 21 à

1009 1055 103 28 gauche,
1126 1054 120 22 d’arrêter
1256 1056 56 20 tous
1325 1055 36 21 les
1380 1053 103 22 rebelles

1010 1089 72 27 qu'ils
1094 1088 184 25 trouveroient,
1288 1087 22 22 &
1319 1088 31 20 de
1358 1087 36 21 les
1404 1085 80 22 désar-

1002 1128 70 21 .mer,
1093 1128 30 16 en
1143 1122 62 21 leur,
1218 1121 70 22 ôtant
1305 1118 97 30 jusqu’à
1420 1120 64 21 leurs

1011 1158 128 23 couteaux,
1153 1154 53 22 s’ils
1219 1160 30 15 en
1262 1154 110 22 avoient.
1389 1152 20 22 Il
1426 1158 16 22 y
1453 1157 29 16 en

1012 1189 41 22 eût
1063 1191 85 25 quatre
1160 1188 42 27 qui
1213 1186 187 23 effectivement
1406 1185 79 22 furent

1011 1221 92 22 arrêtés
1115 1226 57 16 sans
1183 1219 75 27 qu’ils
1269 1219 86 22 fissent
1366 1219 22 21 la
1406 1218 79 22 moin-

1011 1255 45 21 dre
1066 1253 147 23 résistance.
1226 1252 80 29 Après
1317 1252 72 22 avoir
1400 1250 85 29 répon-

1011 1288 32 22 du
1051 1294 50 16 aux
1109 1287 131 28 questions
1250 1287 30 21 de
1290 1292 42 16 ces
1342 1285 141 26 Messieurs,

1010 1322 26 27 je
1048 1322 52 28 pris
1112 1322 23 21 la
1146 1319 91 23 liberté
1249 1321 31 21 de
1291 1320 55 21 leur
1357 1325 31 16 en
1400 1318 59 22 faire
1471 1319 12 21 à

1012 1361 59 16 mon
1083 1359 64 21 tour,
1160 1354 23 21 &
1202 1354 56 21 leur
1273 1353 128 22 demandai
1421 1357 64 17 com-

1012 1392 69 19 ment
1092 1390 31 21 ils
1135 1394 27 16 se
1173 1387 147 23 trouvoient
1332 1386 59 22 dans
1401 1387 22 20 le
1432 1391 53 21 pos-

1011 1425 25 20 te
1045 1422 71 29 qu'ils
1124 1421 163 27 occupoient:
1298 1425 65 17 nous
1370 1424 114 21 sommes,

1011 1462 41 16 me
1063 1454 214 29 répondirent-ils,
1297 1459 57 16 sans
1372 1458 68 16 cesse
1451 1452 36 21 in-

1012 1488 96 29 quiétés
1120 1494 45 22 par
1184 1489 37 21 les
1242 1487 140 25 insulaires,
1402 1486 41 28 qui
1455 1491 38 18 ne.

1012 1524 103 22 laissent
1126 1527 105 22 presque
1243 1526 88 22 passer
1342 1526 76 16 aucun
1431 1519 56 28 jour

1013 1563 57 16 sans
1078 1556 72 21 venir
1158 1555 62 22 tirer
1228 1560 42 16 sur
1278 1560 46 16 nos
1332 1559 71 22 gens.
1412 1553 74 22 Pour-

1013 1591 69 27 quoi,
1089 1589 85 27 dis-je,
1184 1594 32 16 ne
1224 1589 38 21 les
1270 1587 157 29 prévient-on
1435 1592 49 22 pas,

1014 1630 30 16 en
1057 1624 91 21 faisant
1159 1623 24 21 le
1194 1622 110 27 premier
1321 1621 41 21 feu
1382 1626 42 16 sur
1434 1622 53 20 tout

1014 1663 28 16 ce
1054 1657 42 28 qui
1108 1662 27 16 se
1147 1655 138 28 présente?
1298 1654 40 22 On
1351 1660 32 16 ne
1393 1655 24 21 le
1429 1656 59 25 peut

1013 1697 40 16 me
1064 1689 212 29 répondirent-ils,
1287 1694 57 17 sans
1352 1688 96 27 risquer
1457 1687 30 22 de

1013 1727 56 20 tuer
1079 1725 36 21 les
1129 1724 120 21 Habitans
1262 1728 62 17 avec
1336 1722 41 28 qui
1391 1721 50 22 l’on
1459 1726 28 17 se

1013 1760 98 23 trouve,
1124 1757 23 22 &
1158 1756 42 28 qui
1221 1762 30 15 ne
1271 1756 55 22 font
1341 1761 77 16 aucun
1430 1756 56 25 mal,

1013 1792 81 26 plutôt
1117 1796 49 22 que
1189 1791 37 20 les
1250 1790 116 24 rebelles,
1394 1788 39 28 qui
1456 1793 31 17 ne

1015 1824 135 23 cherchent
1169 1822 54 28 qu’à
1244 1828 64 17 nous
1328 1822 158 27 surprendre:

1014 1859 24 21 la
1049 1858 96 22 crainte
1157 1862 47 22 que
1217 1862 46 16 nos
1274 1862 63 22 gens
1348 1856 103 21 avoient
1459 1854 30 22 de

1014 1897 28 16 se
1053 1890 148 29 méprendre
1220 1895 31 16 en
1265 1891 78 21 tirant
1354 1895 29 16 au
1402 1888 86 22 hasard

1014 1927 104 19 surtout
1127 1930 28 15 ce
1165 1924 42 26 qui
1216 1929 27 15 se
1254 1923 138 28 présentent
1400 1922 89 21 devant

1014 1962 59 21 eux,
1092 1956 90 22 venoit
1202 1955 32 21 de
1255 1961 29 16 ce
1304 1961 47 21 que
1364 1955 78 27 parmi
1453 1955 36 21 les

1015 1990 142 24 Habitants,
1171 1989 125 27 plusieurs
1307 1988 182 28 portoientune

1014 2024 93 28 longue
1117 2022 86 25 barbe,
1214 2022 63 22 ainsi
1287 2028 48 21 que
1342 2022 37 21 les
1389 2021 100 22 mutins.

1016 2057 69 22 C’est
1095 2063 49 15 une
1156 2058 116 20 coutume
1290 2061 31 16 en
1335 2055 87 26 Corse,
1444 2060 46 22 que

1017 2096 63 16 ceux
1092 2090 42 28 qui
1154 2092 46 19 ont
1218 2095 57 22 reçu
1296 2090 105 27 quelque
1414 2088 77 27 injure

1016 2125 62 22 dont
1088 2124 35 22 ils'
1131 2124 102 21 veulent
1242 2128 27 17 se
1278 2128 102 22 venger,
1389 2123 101 21 laissent

1016 2158 91 22 croître
1117 2158 55 20 leur
1183 2156 83 27 barbe,
1275 2155 97 29 jusqu’à
1381 2155 110 27 ce^'ef-

1016 2191 163 22 fectivement
1190 2190 31 21 ils
1233 2192 74 26 ayent
1319 2190 99 21 assouvi
1438 2189 53 22 leur

1016 2224 186 22 ressentiment.
1214 2222 28 28 Je
1254 2223 104 25 résolus,
1370 2221 90 29 malgré
1467 2223 24 21 la

1017 2260 124 22 coutume,
1154 2257 31 21 de
1196 2256 64 23 faire
1279 2256 99 23 tomber
1395 2261 41 16 ces
1455 2255 36 22 fu-

1017 2293 84 20 nestes
1113 2290 91 22 barbes
1216 2289 33 21 du
1261 2291 103 20 menton
1383 2289 43 21 des
1444 2288 47 22 Ha-

1017 2324 80 22 bitans
1109 2323 32 22 de
1153 2322 77 22 Lento
1242 2322 23 22 &
1276 2323 44 21 des
1330 2322 128 25 environs;
1468 2322 22 22 &

1017 2358 69 22 voici
1099 2358 125 21 comment
1233 2356 26 28 je
1270 2356 51 29 m’y
1333 2356 52 28 pris
1396 2363 6 14 :
1414 2355 27 28 Je
1452 2355 39 22 fus

1017 2393 105 20 trouver
1133 2390 35 21 M.
1181 2390 24 21 le
1216 2388 190 30 Commandant,
1427 2388 22 22 <&
1467 2391 24 20 le

1018 2425 64 27 priai
1094 2424 30 22 de
1136 2423 62 22 faire
1211 2423 105 22 doubler
1327 2423 22 21 la
1362 2422 75 28 garde
1449 2424 42 25 qui

1018 2458 108 22 montoit
1137 2457 14 22 à
1162 2458 23 21 la
1196 2458 70 26 place
1276 2463 6 16 :
1297 2457 17 21 il
1323 2462 40 16 me
1375 2457 117 21 demanda

1019 2492 56 26 quel
1087 2490 61 23 étoit
1159 2496 60 16 mon
1230 2490 101 22 dessein
1341 2497 6 14 :
1364 2489 25 28 je
1407 2490 33 21 lui
1455 2489 38 22 ré-

1019 2525 93 27 pondis
1124 2530 48 21 que
1184 2523 83 23 c’étoit
1285 2524 31 21 de
1335 2528 118 23 procurer
1461 2524 31 20 de

1018 2558 24 21 la
1053 2556 156 28 tranquillité
1228 2556 14 22 à
1261 2558 23 21 la
1304 2559 99 25 troupe,
1415 2555 22 22 &
1445 2561 46 22 que

1019 2589 40 23 s’il
1070 2590 99 22 vouloit
1179 2595 40 16 me
1229 2590 90 21 laisser
1330 2589 70 26 faire,
1411 2588 81 28 j’étois

1019 2624 42 22 sûr
1072 2623 41 29 d’y
1124 2622 97 23 réussir
1229 2629 6 15 :
1249 2629 47 22 que
1306 2624 25 21 la
1338 2623 93 28 grande
1439 2627 53 22 gar-

1020 2657 32 22 de
1063 2656 67 23 étant
1142 2655 106 23 doublée
1260 2662 95 17 comme
1365 2656 25 27 je
1402 2656 23 21 le
1433 2660 60 17 vou-

1019 2691 58 25 lûis,
1100 2690 25 28 je
1148 2690 80 22 choisi
1231 2690 37 22 roi
1271 2696 11 15 s
1305 2691 44 21 dix
1372 2689 119 25 hommes,

1019 2729 62 17 avec
1091 2724 110 28 lesquels
1210 2722 83 28 j’irois
1304 2724 32 21 de
1346 2723 109 22 maisons
1461 2728 32 16 en

1501 396 118 25 maisons,
1632 401 63 22 pour
1705 402 17 23 y
1735 396 58 21 faire
1803 394 107 28 prendre
1919 397 58 19 tous

1501 429 39 21 les
1551 428 120 22 Habitans
1683 429 12 21 à
1709 430 91 26 longue
1814 428 84 25 barbe,
1911 428 22 21 &
1942 428 37 21 les

1503 461 61 22 faire
1575 461 121 22 conduire
1713 468 30 15 au
1762 461 73 22 ccrbs
1847 461 31 21 de
1894 461 83 28 garde,

1504 494 33 21 où
1549 495 49 20 bon
1611 493 43 28 gré
1666 493 93 28 malgré
1769 494 26 27 je
1807 495 37 20 les
1856 493 77 22 ferois
1945 499 35 15 ra-

1505 532 49 19 ser,
1578 526 47 20 afin
1646 531 48 21 que
1715 527 100 25 lorsque
1836 526 36 21 les
1884 527 97 20 monta-

1503 559 91 28 gnards
1606 558 217 27 approcheroient,
1845 563 31 17 on
1891 558 43 27 pût
1945 559 36 21 les

1503 592 159 22 reconnoître
1673 591 22 22 &
1708 592 63 22 faire
1781 591 103 22 d’abord
1892 591 40 22 feu
1941 597 41 16 sur

1504 631 58 19 eux,
1575 631 58 15 sans
1646 626 115 21 craindre
1772 626 31 21 de
1823 631 27 15 se
1867 624 116 28 mépren-

1504 658 53 22 dre.
1571 658 34 21 M.
1616 658 23 21 le
1649 657 183 23 Commandant
1842 660 68 19 entra
1922 658 60 22 dans

1504 697 54 15 mes
1569 691 71 25 vûes,
1653 690 22 21 &
1687 691 137 22 m’accorda
1834 692 56 20 tout
1899 697 27 15 ce
1934 696 48 22 que

1503 724 27 27 je
1542 724 147 21 demandois
1699 730 6 15 :
1725 724 123 21 là-dessus
1861 723 121 28 j’envoiai

1506 756 120 22 chercher
1637 757 24 21 le
1673 758 55 25 plus
1741 757 86 22 ancien
1841 756 99 22 barbier
1952 757 31 21 du

1506 789 173 22 détachement
1691 791 31 20 de
1735 789 78 22 Béarn
1825 795 5 20 ;
1848 789 25 27 je
1890 790 35 21 lui
1945 790 39 21 dis

1506 823 86 21 d’aller
1603 822 122 22 chercher
1737 828 61 16 ceux
1819 823 30 20 de
1869 828 39 16 ses
1925 828 58 16 con-

1506 856 78 21 frères
1596 855 62 28 qu’il
1670 855 156 23 connoissoit
1838 861 30 15 en
1888 854 51 24 état
1953 856 31 21 de

1506 895 77 19 raser,
1596 888 22 22 &
1631 888 74 28 qu’ils
1718 895 27 15 se
1757 891 161 19 trouvassent
1928 890 56 20 tous

1507 928 32 16 au
1560 921 80 28 Corps
1658 922 31 21 de
1710 922 84 28 garde,
1818 921 13 22 à
1848 928 47 15 une
1907 922 78 22 heure

1507 955 73 27 après
1604 955 60 21 midi
1679 961 6 19 ;
1713 961 62 21 pour
1798 954 119 28 qu’aucun
1944 954 42 29 n’y

1508 988 125 27 manquât,
1654 988 111 28 j’ajoutai
1786 988 62 27 qu’il
1865 994 18 22 y
1905 988 81 22 auroit

1509 1022 83 22 bonne
1612 1021 173 28 récompense.
1807 1021 21 22 Il
1849 1027 30 15 en
1897 1027 89 16 amena

1509 1055 62 24 huit,
1592 1055 42 27 qui
1654 1055 152 21 attendirent
1824 1060 53 16 mes
1890 1055 94 25 ordres,

1509 1095 30 15 au
1550 1089 52 20 lieu
1614 1089 109 26 prescrit
1734 1088 32 21 où
1775 1087 93 28 j’avois
1880 1093 30 16 eu
1928 1088 57 21 soin

1510 1122 31 21 de
1553 1121 62 22 faire
1626 1120 62 22 faire
1701 1128 32 15 un
1754 1121 50 21 bon
1821 1120 51 22 feu.
1889 1120 97 28 Cepen-

1510 1155 60 21 dant
1579 1154 26 27 je
1617 1153 47 26 fus,
1680 1160 31 16 en
1724 1153 93 28 qualité
1829 1154 30 20 de
1872 1159 113 16 nouveau

1511 1193 74 20 venu,
1600 1187 61 21 dans
1672 1188 85 21 toutes
1769 1187 37 21 les
1820 1187 110 21 maisons
1942 1187 45 21 fai-

1510 1222 26 20 te
1546 1226 39 15 ma
1597 1220 84 24 visite,
1694 1220 23 21 &
1730 1225 31 15 en
1773 1219 109 28 envoyai
1900 1226 30 15 au
1946 1219 41 21 dé-

1510 1253 44 28 pôt
1576 1255 56 19 tous
1654 1253 38 21 les
1717 1252 121 22 Habitans
1862 1252 14 21 à
1894 1252 92 28 longue

1510 1287 83 25 barbe,
1614 1287 118 21 attendre
1752 1292 48 22 que
1820 1291 39 16 ma
1882 1285 116 27 tournée,

1511 1321 37 21 fût
1571 1320 65 22 faite.
1659 1319 54 27 J’en
1737 1319 117 22 ramassai
1879 1320 105 22 environ

1511 1353 181 28 quatre-vingt.
1715 1353 52 22 Dès
1787 1359 48 21 que
1852 1353 26 27 je
1897 1353 39 22 fus
1955 1354 30 21 de

1511 1390 85 19 retour
1608 1386 13 22 à
1632 1386 121 23 l’endroit
1769 1386 31 22 où
1821 1385 95 23 éioient
1933 1392 53 16 mes

1511 1421 119 25 barbiers,
1638 1420 26 27 je
1675 1419 29 23 fis
1717 1425 157 17 commencer
1884 1419 103 29 l’opéra-

1510 1454 55 22 tion
1575 1460 6 20 ;
1601 1453 81 28 quand
1703 1454 19 21 il
1741 1459 20 23 y
1779 1459 30 16 en
1823 1453 71 22 avoit
1905 1454 39 21 six
1957 1454 30 21 de

1511 1487 74 27 rasés,
1603 1487 26 27 je
1648 1487 54 21 leur
1719 1486 88 22 faisois
1826 1486 97 22 donner
1938 1492 49 16 une

1511 1521 97 28 gourde
1618 1520 85 27 pleine
1716 1520 30 21 de
1757 1519 52 26 vin,
1823 1525 47 21 que
1887 1520 27 26 je
1932 1520 56 22 leur

1511 1554 88 22 faisois
1610 1553 72 22 boire
1694 1553 13 22 à
1718 1554 23 21 la
1754 1552 69 23 santé
1836 1553 32 22 du
1880 1552 48 23 Roi
1937 1554 50 22 très

1514 1587 128 26 Chrétien,
1653 1586 31 22 de
1696 1587 35 22 M.
1740 1588 23 20 le
1776 1586 182 23 Commandant
1966 1586 22 22 &

1513 1622 31 21 de
1555 1620 165 22 l’Aumônier.
1731 1621 40 21 Au
1780 1620 51 22 lieu
1841 1620 31 21 de
1883 1620 105 22 bouteil-

1513 1656 36 20 les
1560 1660 33 16 on
1605 1660 32 16 ne
1649 1659 27 16 se
1688 1656 52 20 sert
1751 1653 196 23 ordinairement
1959 1660 30 15 en

1513 1687 80 23 Corse
1609 1692 49 22 que
1678 1688 31 21 de
1729 1687 97 28 gourde
1837 1693 6 18 ;
1862 1687 71 27 après
1952 1687 36 22 les

1514 1722 71 21 avoir
1593 1720 63 22 ainsi
1668 1720 46 23 fait
1722 1721 80 25 boire,
1811 1725 65 23 pour
1886 1720 35 22 les
1930 1726 59 16 con-

1513 1756 74 25 soler,
1599 1755 24 26 je
1636 1755 36 20 les
1684 1754 121 28 renvoyai
1818 1753 60 22 chez
1887 1759 57 20 eux,
1953 1755 36 20 les

1514 1794 46 16 uns
1571 1789 63 26 plus,
1650 1788 36 20 les
1698 1790 84 19 autres
1794 1787 85 22 moins
1889 1787 101 22 mécon-

1514 1825 57 19 tens
1581 1828 6 19 ;
1601 1822 17 20 il
1630 1827 17 22 y
1658 1826 31 16 en
1700 1821 42 21 eût
1752 1827 34 15 un
1798 1819 46 29 âgé
1856 1820 31 21 de
1895 1820 30 22 80
1934 1826 54 20 ans,

1515 1855 42 28 qui
1576 1854 101 22 mourût
1696 1855 67 20 deux
1780 1853 73 28 jours
1870 1853 72 27 après
1958 1854 32 20 du

1515 1888 100 27 chagrin
1628 1886 58 28 qu’il
1699 1887 70 21 avoit
1777 1892 78 22 conçu
1865 1886 31 22 de
1904 1887 22 21 3a
1935 1892 55 22 per-

1514 1925 25 18 te
1551 1922 30 21 de
1594 1927 26 15 sa
1631 1920 84 22 barbe.
1728 1920 27 26 Je
1766 1920 92 21 donnai
1871 1919 13 22 à
1896 1920 94 27 chaque

1516 1954 99 23 barbier
1635 1959 31 15 un
1685 1954 46 21 écu
1749 1954 30 20 de
1794 1953 64 22 trois
1870 1953 86 27 livres,
1968 1953 22 22 &

1515 1994 33 15 un
1559 1987 66 22 louis
1637 1986 14 22 à
1662 1989 116 26 partager
1795 1988 71 20 entre
1885 1987 37 21 les
1943 1987 48 21 sol-

1516 2022 61 20 dats.
1587 2020 52 28 qui,
1650 2025 27 16 ce
1686 2019 101 29 jour-là,
1796 2019 104 22 avoient
1911 2019 39 22 été
1961 2020 30 21 de

1517 2054 75 28 garde
1601 2059 6 20 ;
1625 2058 27 23 je
1671 2052 30 23 fis
1722 2054 30 20 de
1771 2053 55 27 plus
1849 2056 87 24 porter
1959 2059 32 15 un

1517 2088 74 21 ordre
1611 2092 45 21 par
1673 2087 83 27 lequel
1774 2092 64 16 ceux
1856 2087 45 21 des
1919 2086 73 22 Habi-

1516 2124 54 19 tans
1590 2120 43 28 qui
1654 2125 32 16 ne
1706 2126 28 16 se
1746 2120 111 21 seroient
1868 2125 44 22 pas
1923 2126 69 16 raser

1517 2161 31 15 au
1559 2154 83 22 moins
1655 2159 48 16 une
1715 2153 49 22 fois
1776 2154 24 21 la
1812 2154 120 24 semaine,
1953 2159 39 15 se-

1516 2188 84 22 roient
1610 2187 98 27 obligés
1717 2188 31 21 de
1755 2187 97 22 donner
1860 2187 132 24 cinquante

1517 2220 153 29 parparioles
1682 2220 14 22 à
1708 2226 63 16 ceux
1782 2221 43 23 qui
1838 2221 22 21 le
1872 2221 120 21 seroient.

1519 2254 59 23 Cela
1596 2254 27 22 fit
1642 2259 48 22 que
1707 2259 126 22 personne
1845 2259 32 16 ne
1887 2259 106 18 manqua

1519 2288 77 22 d'être
1607 2289 156 20 exactement
1781 2287 64 22 rasé.
1865 2288 23 20 A
1902 2286 92 29 l’égard

1517 2322 45 21 des
1573 2320 213 28 Ecclésiastiques,
1798 2321 127 27 j’obligeai
1937 2320 57 28 éga-

1517 2356 95 21 lement
1621 2356 58 20 tous
1691 2360 64 16 ceux
1767 2354 44 22 des
1824 2354 126 26 environs,
1963 2354 31 21 de

1517 2389 74 21 venir
1601 2388 58 21 chez
1670 2388 52 22 moi
1734 2394 28 15 se
1773 2387 64 22 faire
1848 2388 66 22 aussi
1926 2393 68 16 raser

1518 2428 32 16 en
1562 2427 39 16 ma
1611 2420 121 28 présence
1743 2428 5 15 :
1762 2420 85 23 c'étoit
1855 2427 31 15 un
1896 2421 34 22 cri
1941 2421 54 21 uni-

1518 2456 83 21 versel
1612 2457 87 19 contre
1711 2455 51 22 moi
1773 2461 6 20 ;
1800 2455 64 21 mais
1874 2454 24 27 je
1909 2455 84 21 laissai

1519 2489 72 25 crier,
1613 2488 23 21 &
1654 2488 38 22 fus
1713 2488 113 28 toujours
1846 2493 58 17 mon
1918 2489 75 21 train.

1519 2522 69 22 Enfin
1599 2527 63 22 pour
1674 2527 48 22 que
1733 2521 91 22 l’ordre
1837 2527 31 15 ne
1880 2520 36 23 fût
1923 2522 72 27 igno-

1518 2555 27 22 ré
1563 2556 29 20 de
1608 2560 131 22 personne,
1758 2555 26 27 je
1802 2555 24 20 le
1843 2553 32 22 fis
1893 2554 101 22 afficher

1519 2589 59 21 dans
1591 2587 117 22 différens
1722 2587 116 22 endroits
1854 2587 32 21 de
1907 2587 85 26 Lento,

1519 2622 22 22 &
1553 2627 42 16 sur
1606 2623 55 20 tout
1673 2620 13 23 à
1696 2622 24 21 la
1732 2622 72 26 porte
1813 2621 31 21 de
1853 2619 101 29 l’Eglise
1963 2627 6 19 ;
1981 2620 13 22 à

1519 2654 92 29 l'égard
1622 2655 43 21 des
1683 2655 128 22 Paroisses
1831 2654 164 22 circonvoisi-

1519 2694 53 20 nes,
1590 2688 24 27 je
1633 2688 115 28 chargeai
1763 2689 37 20 les
1812 2687 100 22 Prêtres
1922 2687 24 22 &
1957 2688 37 20 les

1521 2721 76 22 Curés
1608 2722 31 20 de
1651 2720 120 23 l’intimer
1782 2720 23 23 &
1816 2721 32 21 de
1866 2720 126 26 l’afficher,

1996 87 30 21 de
2039 87 70 27 façon
2122 85 122 28 qu'aucun
2255 89 31 16 ne
2295 82 44 28 pût
2348 80 115 29 prétexte
2472 83 11 16 r

1997 125 72 17 cause
2080 118 169 29 d’ignorance.
2271 116 47 22 Par
2333 122 28 15 ce
2373 118 102 24 moyen,

1998 155 35 20 les
2045 152 105 23 rebelles
2163 151 29 22 de
2205 152 65 20 cette
2285 148 84 26 Piève,
2379 147 99 22 n’osant

1998 188 53 26 plus
2071 185 116 28 paroître,
2207 183 82 22 furent
2309 180 96 23 réduits
2421 178 13 22 à
2449 184 27 16 se

1999 220 91 22 retirer
2111 219 62 21 dans
2193 223 48 15 une
2262 217 69 20 autre
2351 214 83 28 partie
2449 212 33 21 de

2000 253 66 21 l’Isle
2081 252 48 22 fort
2140 249 124 29 éloignée,
2274 248 21 21 &
2304 248 23 21 la
2340 250 90 23 troupe
2439 244 41 22 dé-

2002 285 79 22 livrée
2092 285 43 22 des
2147 285 113 21 allarines
2273 279 168 24 continuelles
2450 277 32 22 où

2002 320 47 20 elle
2061 317 64 23 étoit
2136 316 161 29 auparavant,
2319 313 66 22 n’eût
2400 311 84 22 désor-

2003 352 63 21 mais
2078 351 54 22 rien
2148 351 40 27 qui
2207 347 151 29 l’empêchât
2376 346 30 22 de
2426 351 11 15 s
2447 350 38 15 ac-

2003 385 94 27 quitter
2108 385 44 20 des
2163 383 104 22 devoirs
2279 382 32 21 du
2324 381 68 21 saint
2404 381 79 24 temps

2005 418 31 22 de
2049 417 104 23 Pâques.

2032 448 381 24 M.deMailleboisconnoissant
2419 451 63 16 com-

2006 484 57 21 bien
2076 484 23 20 la
2112 485 70 25 perte
2200 482 30 21 de
2250 481 78 21 Lento
2350 480 63 21 étoit
2426 479 59 21 dan-

2006 521 112 22 gereuse,
2132 516 22 20 &
2167 515 56 21 n'en
2235 515 118 20 recevant
2364 513 73 27 point
2454 512 31 19 de

2007 548 138 26 nouvelles,
2159 549 53 20 crut
2224 546 61 28 qu’il
2294 547 64 20 etoit
2367 551 31 16 ou
2409 543 75 26 forcé,

2009 588 30 16 ou
2051 581 34 22 du
2096 582 82 21 moins
2191 580 95 22 investi
2298 585 47 22 par
2355 580 39 21 les
2411 583 75 16 enne-

2007 615 56 22 mis.
2077 615 67 22 Pour
2155 614 141 22 s’instruire
2309 613 30 22 de
2352 612 69 22 l’état
2441 611 44 21 des

2008 649 96 24 choses,
2121 649 17 21 il
2151 653 98 23 envoya
2262 653 31 15 un
2313 646 174 22 détachement

2008 687 59 16 avec
2079 682 74 21 ordre
2165 682 30 21 de
2207 685 115 17 ramener
2332 681 56 21 tout
2400 685 29 15 ce
2441 677 42 28 qui

2010 714 111 28 pourroit
2141 719 92 17 encore
2249 719 17 22 y
2278 714 80 21 avoir.
2381 712 47 22 Sur
2447 713 39 19 cet

2010 748 81 25 ordre,
2105 747 34 21 M.
2154 746 112 23 Bornard
2279 745 91 23 évacua
2387 751 28 16 ce
2429 750 58 21 pos-

2010 783 34 23 te,
2055 780 22 21 &
2090 780 161 25 reconduisit,
2258 785 57 16 sans
2323 785 97 16 aucune
2432 783 55 22 per-

2010 816 32 24 te,
2050 819 26 16 sa
2088 815 90 26 troupe
2189 819 29 15 au
2231 812 107 28 corps,&
2349 812 37 22 fut
2398 811 89 22 rendre

2011 848 95 26 compte
2119 853 29 14 au
2162 845 105 23 Général
2281 846 30 21 du
2324 850 90 24 moyen
2428 845 60 21 dont

2008 881 25 27 je
2049 878 96 23 m’étois
2160 879 66 22 servi
2241 884 65 22 pour
2320 884 119 21 procurer
2455 877 32 21 du

2011 918 72 22 repos
2108 913 22 21 &
2155 913 30 20 de
2210 913 22 20 la
2261 910 156 29 tranquillité
2439 916 48 16 aux

2011 946 100 22 soldats.
2123 945 68 22 M.de
2198 945 142 22 Maillebois
2348 951 26 15 se
2384 944 104 22 divertit

2012 980 178 21 extrêmement
2207 979 30 21 de
2254 984 59 15 mon
2330 978 156 27 stratagème,

2012 1012 22 22 &
2044 1018 40 16 me
2101 1012 136 28 témoigna,
2263 1012 60 20 dans
2335 1012 37 21 les
2395 1013 92 19 termes

2011 1047 37 20 les
2068 1046 56 27 plus
2144 1045 147 28 obligeants,
2316 1045 24 21 le
2360 1046 128 20 contente-

2011 1083 68 18 ment
2091 1079 61 27 qu'il
2167 1078 135 22 ressentoit
2317 1078 32 21 de
2363 1080 70 20 toute
2447 1083 40 16 ma

2012 1112 125 22 conduite.

2039 1145 36 22 Ce
2087 1145 37 22 fut
2136 1145 14 22 à
2162 1151 47 21 peu
2222 1144 56 28 près
2286 1144 63 22 dans
2359 1150 28 16 ce
2397 1146 88 24 temps,

2013 1184 46 22 que
2077 1179 24 21 le
2120 1177 204 23 Maître-d’Hôtel
2346 1179 30 20 de
2396 1177 41 22 feu
2452 1177 34 21 M.

2012 1213 24 20 le
2047 1211 111 27 Marquis
2169 1211 34 21 du
2214 1210 90 22 Châtel
2316 1210 37 22 fut
2365 1209 124 23 assassiné

2013 1244 56 29 près
2085 1245 34 21 du
2140 1244 64 22 Pont
2215 1244 31 21 de
2258 1243 112 27 Tenavo,
2393 1250 31 15 un
2444 1244 43 20 des

2012 1279 54 27 plus
2086 1278 156 22 redoutables
2266 1282 171 23 coupe-gorge
2458 1277 30 21 de

2011 1312 75 25 l’Isle,
2099 1311 14 21 à
2124 1317 72 16 cause
2210 1311 32 22 de
2261 1316 46 16 son
2328 1311 115 22 horrible
2455 1311 34 20 si-

2011 1345 106 25 tuation,
2129 1346 25 20 la
2165 1345 55 27 plus
2232 1349 94 22 propre
2336 1344 75 27 qu’on
2423 1345 67 26 puis-

2012 1385 27 16 se
2048 1381 110 23 trouver,
2172 1383 64 22 pour
2248 1380 148 19 commettre
2409 1378 81 26 impu-

2012 1412 100 22 nément
2130 1414 58 20 tous
2205 1412 36 21 les
2262 1414 122 19 meurtfes
2396 1411 23 21 &
2433 1413 56 19 tous

2012 1448 37 20 les
2059 1446 172 27 brigandages.
2243 1444 45 22 Cet
2297 1444 128 23 infortuné
2434 1450 54 22 por-

2012 1480 48 22 toit
2073 1479 13 21 à
2098 1484 47 17 son
2158 1478 87 22 Maître
2258 1484 48 15 une
2318 1484 96 17 somme
2430 1484 59 15 con-

2012 1512 124 23 sidérable
2148 1518 30 16 en
2191 1518 29 16 or
2230 1512 22 21 &
2265 1518 31 15 en
2314 1514 95 26 argent,
2430 1511 59 28 qu’il

2012 1546 86 22 venoit
2109 1546 30 22 de
2152 1546 116 21 recevoir
2278 1544 13 23 à
2303 1546 23 21 la
2338 1546 94 21 Bastia.
2449 1545 40 21 On

2013 1581 23 21 le
2045 1582 90 19 trouva
2147 1578 126 28 dépouillé
2291 1578 23 22 &
2332 1580 159 21 absolument

2014 1614 59 25 nud,
2092 1612 75 28 percé
2179 1612 57 22 d'un
2248 1618 65 22 coup
2325 1613 32 21 de
2370 1612 40 22 feu
2430 1613 60 20 dans

2013 1648 36 21 les
2060 1646 76 27 reins,
2149 1646 22 22 &
2183 1646 31 22 de
2226 1646 45 21 dix
2288 1651 77 23 coups
2386 1647 31 20 de
2435 1646 55 27 poi-

2013 1680 77 29 gnard
2099 1680 61 22 dans
2172 1681 23 20 le
2206 1681 66 20 reste
2281 1680 33 21 du
2323 1686 83 21 corps.
2418 1679 72 21 Deux

2014 1714 160 22 malheureux
2199 1714 93 21 soldats
2321 1714 42 27 qui
2394 1715 97 20 retour-

2014 1748 87 21 noient
2114 1747 14 22 à
2138 1748 54 21 leur
2211 1753 70 21 camp
2301 1746 31 22 de
2348 1746 151 26 Mérosalia,'

2014 1781 168 27 éprouvèrent
2208 1781 24 20 le
2261 1781 80 21 même
2364 1783 54 19 sort
2427 1786 6 20 ;
2458 1786 33 15 on

2015 1814 157 22 n’enténdoit
2190 1816 58 20 tous
2267 1814 37 21 les
2322 1814 74 27 jours
2410 1814 83 27 parler

2016 1854 46 21 que
2081 1848 31 21 de
2131 1849 122 20 meurtres
2266 1846 21 22 &
2300 1846 174 22 d’assassinats
2485 1853 6 19 ;

2016 1880 106 23 certains
2143 1882 102 20 cantons
2257 1879 124 23 n’étoient
2391 1880 101 28 remplis

2016 1920 47 22 que
2074 1914 31 21 de
2117 1914 97 22 bandits
2227 1913 22 22 &
2260 1914 30 20 de
2303 1913 126 27 scélérats,
2440 1914 50 27 qui,

2016 1948 99 28 n’ayant
2124 1948 55 22 rien
2195 1947 13 21 à
2220 1947 115 22 craindre
2348 1948 31 21 de
2398 1948 24 21 la
2439 1947 53 26 Jus-

2015 1982 60 25 tice,
2088 1981 31 22 de
2130 1982 55 27 plus
2197 1987 47 21 que
2256 1986 27 16 ce
2299 1981 74 27 qu’ils
2390 1981 103 22 avoient

2018 2015 88 27 depuis
2114 2016 155 27 long-temps
2285 2013 98 27 mérité,
2395 2014 99 22 tuoient

2018 2049 22 21 &
2068 2048 161 28 égorgeoient
2261 2048 232 29 impitoyablement

2017 2084 55 20 tout
2091 2088 29 15 ce
2137 2083 42 26 qui
2200 2082 69 21 avoit
2285 2083 25 20 le
2329 2082 113 22 malheur
2462 2081 30 21 de

2017 2115 99 22 tomber
2127 2118 71 19 entre
2211 2116 36 20 les
2260 2116 88 21 mains.

2189 2171 162 28 (Cuntinna)

2040 2555 23 4 —
2071 2546 68 18 Burrìa
2152 2546 19 18 fà
2179 2551 26 12 un
2215 2545 45 18 bell’
2265 2545 72 22 invitu,
2352 2550 31 13 ma
2397 2549 28 13 un
2436 2545 58 17 Irovu

2019 2572 37 17 bon
2067 2571 90 18 cueinari.

2040 2605 24 4 —
2068 2595 36 19 Eh!
2114 2596 92 18 diaminè!
2214 2596 79 22 Pigliaa
2299 2595 76 23 Landry
2384 2600 11 13 e
2403 2600 12 13 a
2422 2594 70 18 Pietri!

2174 2658 8 8 f
2184 2655 218 12 woe?AEVSi!!.Wi.-rjîï8!r7?'%X'ZïSifi'
2403 2655 82 11 ’sìPWXPlrZQ

2019 2686 97 22 Aiacciu
2124 2698 30 5 —-
2165 2685 133 30 Stamparia
2311 2685 24 22 di
2350 2687 22 20 A
2383 2686 103 26 Muvra,

2021 2726 14 15 u
2047 2718 238 23 Direllore-Gerente:
2295 2718 71 23 Petru
2376 2718 113 23 ROCCA-

33 2840 96 24 Fuglittinn
137 2844 20 17 di
163 2844 22 18 A
189 2843 129 19 Muvra—n.
320 2841 54 18 158—
381 2842 37 17 diu
422 2839 74 20 23-3-30

53 2905 241 55 PASOÜALE
327 2903 145 51 PA0L1

228 2982 66 19 OSSIA

71 3026 35 37 La
124 3028 79 36 Rotta
220 3028 32 36 di
266 3027 176 36 Pontenum

35 3085 267 27 KACONTOCORSO
308 3085 188 25 DELSECOLO

217 3127 84 24 XVIII

250 3170 25 19 DI

121 3214 34 24 F.
168 3215 37 25 D.
221 3214 177 25 Guerrazzi

38 3270 57 28 Lella
115 3278 22 21 lo
158 3276 153 27 agguardava
337 3275 58 22 fisso
414 3274 86 22 dentro

36 3307 31 24 Rb
89 3311 67 22 occhi
181 3313 91 21 montre
292 3308 49 30 egli
364 3307 136 23 favellava.

37 3336 115 32 dapprima
173 3344 23 23 le
216 3343 91 31 pupille
338 3341 37 22 del
399 3341 104 29 giovane

37 3370 131 32 shiggirono
180 3380 92 20 cotesto
281 3376 98 22 ardente
391 3373 111 30 sguarde;

37 3408 38 21 Per
85 3407 82 25 ultimo
179 3418 29 16 ne
217 3411 88 22 rimase
314 3408 65 23 vinlo
391 3415 13 15 e
415 3411 88 25 tacque

39 3440 58 21 eome
113 3444 137 22 ammaliato
259 3452 7 18 ;
279 3443 22 22 la
322 3440 114 24 fanciulla
446 3446 58 16 con-

40 3468 56 26 llmiò
111 3481 13 16 a
138 3477 127 27 guardarlo
288 3483 13 15 e
316 3482 13 16 a
341 3480 101 23 pensare
449 3482 7 18 ;
473 3473 31 22 ad

40 3504 27 18 Un
87 3508 70 23 tratto
167 3510 130 30 rompendo
310 3508 16 22 il
344 3507 100 22 silenzio
457 3506 48 22 dis-

43 3538 23 17 se
74 3544 5 13 :

99 3574 10 21 I
121 3575 83 24 danari
219 3577 22 21 si
261 3574 143 30 potrebbero
426 3576 82 19 trova-

41 3603 53 23 re...'

99 3640 36 22 Ah
145 3642 6 21 !
164 3648 13 15 e
200 3648 67 16 corne
275 3640 14 22 ?

97 3671 166 30 Sposandomi.

99 3704 38 23 Ma
157 3710 83 25 questo
251 3705 102 23 sarebbe
374 3707 99 19 toecare
483 3704 25 21 la

35 3733 58 25 ciiüa
104 3738 40 23 dei
155 3741 55 21 miei
228 3738 114 31 pensieri.
357 3736 46 23 Voi
413 3739 95 26 sapete,

522 2838 72 27 Lella,
608 2840 88 28 quanto
704 2837 22 22 vi
735 2836 70 22 abbia
816 2838 78 20 amala
902 2843 6 19 ;
918 2834 77 23 s’ebbi

522 2880 14 15 a
550 2872 140 22 renunziaré
709 2877 12 15 a
735 2870 38 22 voi
797 2869 25 22 fu
847 2869 69 29 colpa
941 2868 54 26 mia,

524 2906 67 21 Lella
603 2904 12 23 ?

549 2951 28 5 —
588 2937 72 24 Certo
673 2937 26 23 fu
712 2937 46 22 mia
768 2944 8 19 ;
790 2936 23 22 io
823 2943 46 15 non
888 2935 60 22 volli
961 2941 35 16 as-

522 2972 112 27 coltarvi,
646 2979 13 14 e
671 2973 30 20 nè
712 2977 60 16 anco
784 2969 86 23 adesso
882 2969 23 22 vi
920 2968 76 22 ascol-

527 3007 62 21 lerô.

556 3052 20 4 —
592 3038 100 29 Dunque
710 3037 31 22 mi
753 3036 134 22 desiderale
896 3038 78 19 morto
984 3041 13 15 e

524 3071 137 24 infamato?

551 3118 29 5 —
591 3105 71 27 No,io
672 3103 95 24 intendo
777 3109 80 16 essere
864 3102 133 23 vendicata.

524 3139 44 22 Sul
586 3145 72 23 corpo
676 3138 25 22 di
721 3136 91 23 Giovan
825 3136 79 22 Bruno
921 3135 77 29 giurai

525 3173 44 22 die
580 3179 47 16 non
638 3171 65 23 avrei
715 3170 59 23 lollo
786 3176 13 16 a
812 3169 86 23 marilo
908 3175 28 16 se
951 3174 47 16 non

525 3205 82 30 quello
616 3205 44 23 che
668 3203 105 24 avrebbe
788 3203 127 22 vendicalo
928 3202 16 21 il
954 3207 44 16 suo

527 3245 102 22 sangue.
647 3250 30 4 —

554 3283 28 5 —
594 3270 26 23 Io
632 3271 23 20 lo
665 3269 155 23 vendicherô.

558 3316 27 5 —
596 3303 46 23 Voi
649 3303 13 22 ?

556 3350 30 4 —
594 3337 35 23 Io.

557 3383 29 5 —
598 3370 28 23 Ci
637 3372 69 21 avete
716 3367 118 31 pensato?

556 3417 29 5 —
597 3403 29 23 Ci
637 3404 31 22 ho
680 3404 108 27 pensato.

559 3450 27 5 —
598 3437 19 22 E
631 3443 30 16 ne
672 3438 79 20 sarete
765 3433 109 30 capaee?

557 3483 29 5 —
598 3470 126 23 Védrerno.

557 3517 29 5 —
595 3504 19 22 E
624 3504 74 22 farete
707 3501 79 30 quello
794 3500 44 22 che
845 3500 22 22 vi
879 3497 124 24 ordinerô?

558 3549 29 5 —
598 3537 82 22 Tutto.

558 3582 30 5 —
600 3570 80 22 Allora
691 3568 88 23 venite.

559 3604 20 21 E
592 3602 94 29 presoîo
700 3608 43 22 per
753 3606 30 16 un
795 3598 97 23 braccio
903 3597 25 21 Io
939 3597 64 28 spin-

532 3643 26 15 se
569 3636 76 22 dielro
658 3636 22 21 la
692 3638 83 19 stanza
784 3632 70 22 .dove
870 3630 106 23 dormiva
984 3629 18 21 il

533 3669 72 30 padre
618 3675 44 16 suo
673 3668 71 26 Orso,
762 3665 117 30 gridando
890 3672 6 14 :
910 3676 29 4 —
947 3662 57 23 bab-

533 3703 30 21 bo
574 3702 7 22 !
600 3702 77 21 babbo
688 3702 7 20 !
707 3712 29 4 —
757 3706 15 15 e
783 3699 22 22 al
827 3701 75 26 punto
925 3699 77 19 stesso

533 3734 146 29 spalancava
690 3733 23 22 le
724 3732 104 22 finestre.

1049 2835 19 22 Il
1080 2834 98 22 vecchio
1198 2833 150 25 scombuiato
1360 2840 14 15 a
1397 2832 97 29 cagione

1023 2868 38 23 del
1072 2874 77 16 sonno
1161 2869 72 25 rotto,
1258 2867 119 26 deli’urlo,
1398 2873 13 15 e
1434 2866 60 22 délia

1023 2901 54 23 luee
1095 2900 144 30 improvvisa
1262 2901 45 22 che
1318 2901 34 28 gli
1376 2899 74 22 feriva
1460 2900 34 28 gli

1022 2934 79 27 occhi,
1113 2934 69 22 balzò
1193 2940 15 15 a
1220 2933 82 23 sedere
1310 2934 37 22 sul
1361 2934 64 25 letto,
1438 2935 57 20 stre-

1023 2968 100 28 pitando
1132 2974 13 15 a
1155 2974 44 15 sua
1211 2966 74 23 volta.

1049 3014 30 4 —
1088 3000 116 24 Demonio
1224 3000 24 22 di
1269 3000 115 29 figîiuola,
1405 3005 45 16 non
1472 3000 21 22 si

1023 3036 48 28 puô
1089 3033 113 23 chiudere
1222 3039 31 16 un
1276 3033 85 23 occhio
1373 3039 43 16 con
1428 3038 66 16 eons-

1026 3069 43 21 tei.
1079 3080 28 4 —

1051 3114 29 4 —
1089 3101 27 22 Li
1130 3103 101 20 terremo
1244 3102 66 20 tanto
1318 3100 75 22 chiusi
1403 3099 90 28 quando

1025 3141 93 17 saremo
1130 3133 82 26 morti,
1233 3133 77 22 babbo
1320 3134 7 21 !
1337 3133 18 22 E
1368 3133 39 28 poi
1418 3132 30 22 I10
1459 3132 36 22 fu-

1025 3169 35 22 ria
1070 3175 7 20 ;
1090 3168 22 22 vi
1133 3168 32 21 ho
1182 3166 113 23 condolto
1318 3173 29 15 un
1362 3171 77 22 uomo,
1451 3167 44 21 che

1026 3202 33 22 mi
1069 3200 58 24 vuol
1139 3206 80 17 essere
1229 3200 94 26 marilo,
1332 3207 12 15 e
1355 3199 23 22 al
1391 3199 67 28 quale
1470 3200 24 21 io

1025 3235 82 28 voglio
1119 3239 81 17 essere
1218 3233 95 29 rnoglie.

1054 3267 60 22 Orso
1123 3265 170 23 strofinandosi
1301 3266 34 29 gli
1344 3265 68 22 occhi
1422 3265 72 22 escla-

1027 3305 38 17 ma
1075 3307 7 15 :
1333 3299 7 4 '
1369 3297 35 27 ’V"

1053 3345 30 5 —
1095 3332 18 23 E
1125 3332 81 22 Raltro
1214 3331 12 23 ?
1233 3332 20 22 E
1271 3331 78 23 l’altro
1358 3331 14 22 ?

1054 3378 29 5 —
1095 3365 91 23 Perché
1197 3365 99 22 vendica
1314 3363 88 29 l’altro,
1412 3371 12 15 e
1435 3366 37 21 voi
1482 3372 13 15 e

1027 3405 66 16 nie...

1054 3444 29 4 —
1094 3431 36 23 Ah
1141 3432 6 21 !
1161 3438 67 15 corne
1240 3431 21 22 si
1270 3431 94 22 chiama
1375 3430 119 23 coslui?E

1027 3464 78 23 donde
1115 3464 68 22 viene
1191 3464 14 22 ?

1054 3510 30 4 —
1092 3497 76 22 Viene
1190 3497 30 22 da
1242 3496 71 23 Corle
1335 3502 13 15 e
1360 3497 20 21 si
1404 3497 89 22 chiama

1028 3530 89 22 Matteo
1128 3529 110 23 Massesi.

1054 3575 30 5 —
1094 3563 19 22 Il
1126 3562 109 29 figliuolo
1244 3563 39 22 del
1295 3568 60 22 gran
1372 3562 123 23 eancellie-

1028 3603 26 15 re
1062 3596 13 22 ?
1087 3596 88 27 Questo
1186 3598 14 19 è
1213 3602 30 16 un
1255 3595 149 23 tradimento.
1414 3607 28 6 —

1056 3641 29 5 —
1092 3628 82 23 Babbo
1183 3636 7 19 ;
1207 3628 31 21 fin
1250 3629 41 29 qui
1303 3630 68 20 avete
1385 3628 109 22 condotto

1028 3663 40 21 voi
1076 3662 23 21 la
1111 3664 77 20 traîna
1201 3661 63 23 délia
1282 3660 111 23 vendetta
1404 3667 13 16 e
1427 3664 68 18 avete

1029 3695 108 22 rovinato
1147 3694 40 22 voi
1200 3700 13 15 e
1225 3700 37 16 me
1273 3702 6 13 :
1292 3694 86 21 adesso
1398 3694 97 21 lasciate

1029 3734 33 16 un
1073 3728 38 28 po’
1121 3743 7 12 ,
1139 3727 44 22 che
1195 3727 33 21 mi
1240 3727 21 21 ci
1273 3726 68 29 provi
1352 3726 24 21 io
1385 3734 8 19 ;
1406 3727 36 21 cio
1452 3727 43 20 che

1522 2839 46 15 non
1580 2833 67 21 valse
1658 2839 14 15 a
1685 2833 51 22 l'are
1748 2832 91 29 granfia
1848 2831 24 22 di
1892 2832 69 22 leone
1969 2832 23 21 lo

1522 2868 54 27 potè
1588 2866 70 21 dente
1676 2866 23 22 di
1713 2869 63 26 topo.
1790 2865 99 28 Dunque
1908 2871 86 16 accon-

1522 2899 87 22 sentite
1619 2899 41 22 voi
1672 2900 45 21 che
1727 2900 22 20 io
1762 2899 23 21 lo
1797 2897 85 30 sposi?

1549 2945 23 4 —
1588 2932 77 29 Piglia
1678 2933 16 21 il
1717 2932 95 22 diavolo
1833 2931 44 22 che
1889 2933 17 21 li
1918 2932 72 29 porti,

1521 2972 37 16 ma
1570 2972 13 16 a
1593 2966 55 29 quel
1661 2969 76 25 patio.

1547 3012 28 4 —
1586 2999 81 22 Siamo
1680 2999 134 22 d'accordo.

1549 3045 27 4 —
1587 3032 39 22 Ma
1638 3038 68 16 corne
1723 3032 16 22 ti
1751 3031 101 23 assieuri
1865 3031 60 23 ch’ei
1938 3034 22 19 te
1968 3031 24 23 lo

1522 3068 126 25 mantenga
1656 3066 13 21 ?

1549 3111 27 4 —
1588 3098 90 28 Questo
1690 3101 13 20 è
1716 3099 47 22 mio
1775 3098 119 29 pensiero.

1549 3144 27 4 —
1589 3132 38 22 Ma
1639 3132 46 29 egli
1700 3132 17 22 ti
1727 3133 98 28 sposerà
1834 3131 12 22 ?

1549 3178 28 4 —
1589 3160 17 28 È
1617 3172 110 22 pensiero
1736 3165 47 22 mio
1791 3172 6 14 :
1807 3164 125 23 scriveteil
1942 3171 52 15 vos-

1521 3202 38 19 tro
1568 3205 118 16 consenso
1698 3206 13 15 e
1728 3198 139 29 sbrigalevi.

1550 3232 19 23 Il
1582 3231 100 23 vecchio
1690 3238 72 23 sopra
1774 3231 24 22 di
1812 3237 46 16 una
1870 3231 122 27 tavoletta,

1523 3265 43 22 che
1577 3264 68 22 Lella
1654 3264 34 29 gli
1697 3266 59 27 posé
1779 3270 28 15 su
1822 3264 23 21 le
1857 3264 135 28 ginocchia,

1521 3298 88 22 serisse
1623 3304 14 15 e
1651 3296 69 23 fìrrnò
1737 3297 17 23 il
1765 3303 44 16 suo
1824 3303 116 16 consenso
1950 3305 7 19 ;
1977 3297 17 21 il

1522 3332 69 29 quale
1600 3330 66 23 Lella
1679 3332 62 28 dopo
1756 3337 71 16 avéré
1842 3330 58 22 letto
1915 3331 80 28 ripose

1523 3365 24 22 in
1559 3370 66 21 seno;
1644 3364 75 23 allora
1734 3364 20 22 si
1767 3364 52 21 fece
1834 3370 12 15 a
1860 3362 134 23 richiudere

1521 3399 22 21 le
1560 3398 94 22 finestre
1676 3405 13 15 e
1712 3398 23 21 le
1755 3397 102 28 imposte
1876 3396 100 23 dicendo
1986 3404 7 13 :

1522 3431 87 22 buttati
1622 3430 49 29 giù,
1690 3431 88 25 babbo,
1799 3436 13 15 e
1832 3429 73 29 piglia
1918 3435 76 17 sonno

1522 3466 112 20 confento
1655 3464 39 22 nel
1717 3463 110 29 pensiero
1839 3462 51 27 che,
1905 3465 90 19 mentre

1523 3497 76 21 dormi
1621 3496 23 22 la
1665 3499 40 19 tua
1726 3496 111 22 vendetta
1860 3496 116 22 cammina
1987 3501 6 15 :

1522 3529 82 28 quindi
1615 3531 145 26 agguantato
1774 3528 90 22 Matleo
1878 3529 39 28 pel
1929 3529 67 21 brac-

1523 3562 38 22 ció
1571 3562 92 28 riprese
1672 3569 6 13 :
1690 3573 30 5 —
1729 3568 29 15 su
1769 3562 39 21 via
1820 3561 119 24 andianiQ.

1551 3594 64 22 Dove
1628 3594 136 26 andassero,
1777 3594 44 21 che
1832 3599 55 16 cosa
1899 3594 98 22 statuis-

1522 3634 67 16 serro
1596 3628 55 21 sarà
1663 3627 101 22 chiarito
1776 3626 106 23 altrove:
1902 3628 92 21 intanto

1522 3662 105 27 importa
1638 3666 85 22 sapere
1743 3660 44 21 che
1799 3659 89 22 Matteo
1900 3662 94 19 tornalo

1523 3693 24 22 al
1558 3693 88 21 ridotlo
1658 3692 39 23 del
1718 3693 70 27 gioco
1808 3693 64 27 pagô
1883 3698 68 16 corne
1962 3698 31 15 un

1523 3726 76 21 banco
1609 3725 9 21 i
1628 3725 53 22 suoi
1692 3725 114 22 creditori
1817 3731 7 20 ;
1836 3724 101 23 invitato
1946 3724 48 22 alla

2020 2830 111 23 rivineila
2144 2832 20 21 si
2181 2832 72 21 scusò
2269 2831 128 28 allegando
2418 2831 21 21 la
2452 2837 42 16 sua

2019 2866 112 27 partenza
2144 2871 68 16 avéré
2236 2871 12 15 a
2270 2864 130 22 succedere
2421 2864 29 22 da
2462 2871 32 15 un

2020 2901 120 19 momento
2152 2898 104 22 all’altro
2278 2897 30 22 ed
2320 2900 51 20 uscì
2383 2905 5 19 ;
2398 2900 58 26 perô
2468 2898 24 21 in

2021 2933 60 19 tutto
2090 2931 55 28 quel
2156 2931 84 29 giorno
2253 2930 175 23 abbandonava
2438 2931 57 21 Bas-

2019 2964 42 26 tia,
2074 2971 12 14 e
2095 2964 25 22 fu
2126 2964 63 22 visto
2197 2963 120 30 aggirarsi
2330 2964 72 29 perle
2414 2964 80 22 strade

2019 3003 14 15 a
2045 2996 45 22 mo’
2104 2997 23 22 di
2145 2999 137 27 trasognato
2305 2997 24 22 in
2354 2998 140 27 coinpagnia

2019 3036 93 23 sempre
2122 3031 25 21 di
2160 3037 45 15 uno
2227 3030 80 22 zitello
2329 3031 62 22 lesto
2404 3037 13 15 e
2425 3031 68 28 vispo

2006 3071 2 18 ;
2020 3069 66 16 corne
2097 3070 46 15 una
2150 3063 111 23 scimmia
2271 3070 5 19 ;
2287 3070 47 15 non
2352 3064 25 22 lo
2389 3064 105 22 riconos-

2021 3096 74 22 cendo
2107 3103 108 22 persona,
2229 3103 136 22 pensarono
2378 3097 65 22 fosse
2453 3103 42 16 ve-

2020 3132 57 19 nuto
2088 3136 46 15 con
2146 3136 54 16 esso
2209 3130 34 21 lui
2255 3136 6 20 ;
2271 3129 17 22 il
2301 3129 23 21 di
2336 3136 113 23 appresss
2457 3136 38 16 es-

2020 3162 96 23 sendosi
2124 3166 80 19 recato
2216 3163 40 21 dal
2268 3165 71 20 conte
2351 3163 24 22 di
2387 3163 110 22 Marbeuf

2021 3202 42 22 per
2073 3195 164 30 domandargli
2249 3195 23 22 la
2292 3196 153 22 conclusione
2456 3197 38 21 del

2020 3228 99 29 negozio
2132 3229 38 29 pel
2179 3229 70 29 quale
2261 3235 40 16 era
2308 3232 97 24 venuto,
2417 3229 23 22 lo
2448 3231 47 20 rin-

2021 3268 75 15 venne
2105 3262 91 27 focoso,
2215 3262 24 22 lo
2258 3263 91 27 guardò
2374 3266 75 23 truce,
2461 3263 35 28 gli

2022 3301 69 22 porse
2115 3301 31 16 un
2165 3295 65 28 plico
2253 3295 119 29 sigilîàto,
2396 3295 29 23 ed
2435 3296 63 21 oilre

2021 3330 84 27 questa
2127 3334 47 16 non
2186 3328 34 28 gli
2242 3328 52 22 fece
2316 3329 63 21 altra
2400 3329 94 28 parola:

2022 3373 27 5 —
2058 3361 40 28 qui
2107 3361 82 22 dentro
2201 3363 13 20 è
2226 3363 70 20 tutto.
2309 3373 29 5 —

2047 3393 34 22 Lo
2100 3394 101 27 zitteilo,
2227 3394 44 22 che
2291 3400 48 16 non
2351 3395 21 21 si
2385 3401 110 22 scompa-

2021 3433 77 23 gnava
2109 3427 48 22 mai
2168 3427 30 21 da
2210 3427 97 26 Matteo,
2326 3428 77 21 allora
2423 3429 20 20 si
2455 3434 40 15 ac-

2021 3462 67 20 costé
2099 3461 23 21 al
2143 3463 77 24 conte,
2231 3460 17 21 ü
2270 3460 71 28 quale
2352 3460 108 22 üssatolo
2469 3461 25 20 lo

2021 3493 129 22 riconobbe
2160 3501 14 14 e
2185 3493 96 22 sorrise:
2291 3504 27 5 —
2325 3493 20 22 O
2357 3493 138 29 damigella,

2022 3527 40 21 voi
2072 3527 61 22 siete
2144 3526 97 29 proprio
2256 3532 46 15 una
2314 3525 71 29 Maga
2395 3527 6 20 !

2048 3571 29 5 —
2085 3559 33 22 Or
2134 3560 68 25 bene,
2220 3559 91 28 riprese
2328 3559 76 26 Lella,
2424 3565 70 22 spero

2022 3593 44 21 che
2077 3598 46 16 non
2137 3593 31 21 mi
2180 3592 164 22 dissuaderele
2362 3592 30 21 da
2405 3598 92 15 accom-

2021 3631 103 22 pagnare
2135 3625 16 21 il
2164 3625 47 21 mio
2223 3625 96 21 noveîlo
2331 3631 101 22 sposo...

2192 3691 162 28 (Cuntinua)
