2598 3804
187 145 241 55 VERITA
461 139 171 55 D’ERI
665 139 37 49 E
737 133 267 55 D’OGHIE

138 283 32 21 N.
187 276 139 27 Tomasini,
344 272 132 23 redattore
489 274 16 14 a
520 269 61 24 pre-

111 317 100 22 fetiura.
223 312 28 21 di
263 317 16 14 a
288 309 83 21 Senna
386 306 28 19 in
428 303 61 25 1874,
501 304 80 16 scns-

109 355 37 19 se,
156 348 33 20 'ss
203 349 80 19 annu,
295 346 35 16 un
342 337 86 23 libbru
440 333 33 28 pè
490 332 90 27 sÿiega

112 388 16 14 a
145 379 37 22 so’
204 373 110 30 disfatfa
325 378 14 15 a
357 368 140 27 l’ele&tone
517 364 27 21 di
562 368 17 15 u

111 409 131 29 ainsigliu
268 402 118 32 generale
409 401 29 20 in
467 397 111 21 Omessa.

111 445 38 22 Ne
168 444 87 20 staccu
277 439 41 20 sta
328 434 92 29 pagine
439 431 93 22 chunn
546 428 33 21 ha

110 474 164 29 pretensione
303 466 138 25 letterarie,
464 468 43 15 ma
529 462 52 19 die

110 510 83 26 degna
205 506 78 22 d’esse
295 502 61 21 letta
366 502 47 25 per
425 504 12 14 e
446 495 81 22 venta
539 492 41 21 du

110 542 111 22 Vautore
240 535 71 24 svela
329 538 30 16 eu
383 538 15 14 a
420 528 162 23 malincuma

111 575 61 21 d'un
180 576 62 17 veru
253 567 134 29 p.atriotta.
405 562 89 21 Venta
506 559 15 21 d
531 563 48 19 en,

108 604 84 25 verità
204 601 125 28 d'oghie...
344 594 144 24 Giudicate,
509 590 72 21 letto-

108 640 28 21 ri
148 638 27 21 di
186 632 124 25 Muvrella
319 636 7 15 :

135 678 287 32 «Aujourd’hui,obéissant
431 676 13 18 à
453 680 26 13 ce
484 672 97 20 courant

108 715 86 20 d’idées
206 708 118 23 nouvelles
332 705 65 25 qu'on
408 706 91 17 nomme
507 699 74 19 civili-

109 742 83 21 sation,
202 745 29 13 on
240 743 25 14 se
274 736 75 19 donne
361 732 120 20 beaucoup
493 727 28 19 de
533 730 48 20 pei-

108 776 30 14 ne
147 773 57 20 pour
212 766 22 19 la
240 761 90 23 Galerie
337 766 6 13 :
353 759 31 20 En
391 758 99 19 d’autres
496 757 85 16 termes

108 803 31 14 on
157 796 57 19 tient
222 792 53 25 plus
283 791 13 18 à
311 787 100 26 paraître
426 790 30 18 qu
464 789 13 13 a
491 786 57 15 etre*

109 824 63 20 C’est
186 819 114 23 ainsique
314 821 41 14 nos
362 814 104 19 hommes
481 815 29 14 ne
523 814 11 13 s
543 810 39 16 ha-

108 848 155 25 billent-plus
278 850 54 15 avec
346 842 20 20 le
379 841 57 23 drap
450 843 72 15 corse,
541 840 40 19 qui

109 879 56 20 était
178 874 84 23 l’étoffe
271 873 28 20 de
312 876 41 15 nos
362 869 76 25 pères,
448 869 23 17 et
484 870 39 19 qui
532 869 11 13 s
551 866 32 16 al-

108 906 52 20 liait
168 905 20 20 si
203 903 52 20 bien
265 902 13 18 à
293 905 41 14 nos
342 901 105 16 travaux,
462 900 13 13 a
484 897 43 15 nos
545 894 37 16 be-

102 934 79 22 .soins,
195 932 13 19 à
223 935 44 15 nos
281 925 128 22 habitudes,
428 923 18 20 il
456 928 27 14 en
499 922 36 18 est
552 919 29 19 de

108 962 75 21 même
192 959 29 20 de
230 963 43 15 nos
286 956 102 20 femmes,
398 957 40 21 qui
448 956 29 14 ne
490 950 92 23 portent

107 990 55 22 plus
171 988 22 19 le
199 986 73 24 jupon
282 981 100 22 national
391 980 29 20 de
430 976 121 22 «filosella»
560 976 22 18 la

109 1017 58 20 robe
175 1013 141 21 d’indienne,
326 1013 22 16 et
355 1009 33 19 les
403 1005 119 22 «faldette»
537 1006 45 16 tra-

107 1041 157 23 ditionnelles.
277 1039 50 20 Aux
335 1037 105 20 hommes
454 1032 121 24 d’aujourd

108 1071 51 23 hui,
168 1070 16 19 il
194 1069 48 20 faut
250 1068 32 19 du
291 1065 93 20 velours
392 1062 28 19 de
430 1059 153 22 Saint-Etien-

107 1099 70 23 ne,du
187 1097 57 23 drap
251 1092 111 26 rossignol
371 1095 24 15 et
403 1090 43 19 des
453 1087 128 22 fantaisies;

107 1126 79 21 tandis
199 1130 44 20 que
251 1123 35 20 les
300 1121 94 20 femmes
402 1119 93 24 portent
508 1120 76 15 crino-

107 1155 58 22 line,
179 1156 23 17 et
210 1158 30 14 ne
254 1150 104 20 revêtent
367 1146 52 25 plus
435 1150 45 18 que
488 1143 40 19 des
543 1143 40 19 lai-

108 1189 41 14 nes
158 1185 24 17 et
190 1181 41 20 des
239 1171 344 28 simili-cachemires.—Meme

108 1207 178 24 tranformation
302 1210 56 19 pour
373 1203 22 20 la
411 1201 108 21 coiflure:
539 1198 43 21 Les

110 1239 104 20 hommes
232 1238 42 17 ont
290 1231 138 22 abandonné
445 1236 12 13 a
476 1228 106 20 «baretla

107 1266 84 25 misgia
198 1271 18 17 »,
226 1263 40 25 qui
276 1262 58 20 dans
347 1260 32 20 les
388 1263 76 19 temps
473 1257 28 19 de
515 1259 67 16 notre

108 1294 83 20 liberté
200 1296 22 16 et
230 1292 29 19 de
269 1293 64 17 notre
342 1286 172 25 indépendance
526 1283 57 20 était

107 1322 22 20 la
138 1319 113 22 véritable
259 1317 93 21 coiffure
360 1313 125 23 nationale,
492 1317 58 20 pour
557 1317 25 14 se

108 1348 93 21 couvrir
216 1347 23 20 la
254 1346 47 20 tête
318 1344 27 20 de
361 1349 38 14 ces
414 1340 106 26 ignobles
533 1345 50 14 cas-

107 1380 93 22 quettes
216 1375 84 25 plates,
319 1379 28 13 ou
364 1371 28 20 de
409 1376 39 14 ces
465 1368 117 25 chapeaux

107 1411 69 14 mous
185 1403 37 26 qui
238 1402 105 21 suintent
352 1400 20 19 le
389 1397 120 24 vasselage
522 1399 24 16 et
559 1395 23 20 la

107 1431 157 22 domesticité.
283 1430 41 19 Les
333 1427 104 22 femmes,
446 1426 29 19 de
488 1424 50 20 leur
546 1424 37 19 cô-

108 1462 30 22 té,
148 1464 42 17 ont
203 1459 41 20 fait
260 1456 107 22 succéder
376 1456 13 19 à
406 1460 40 14 ces
454 1452 89 25 amples
558 1455 24 16 et

107 1488 89 20 solides
209 1485 104 22 foulards
321 1483 142 22 d’indienne,
474 1487 43 14 aux
529 1486 54 13 cou-

106 1516 63 20 leurs
178 1515 89 21 sobres,
277 1520 37 14 ces
323 1509 194 25 miscrocopiques
531 1507 51 20 fou-

104 1543 198 23 lards,soi-disant
308 1542 39 19 des
352 1539 122 23 Indes,aux
480 1541 102 15 nuances

107 1572 127 20 éclatantes
242 1574 24 17 et
275 1569 112 21 bariolées
393 1574 6 17 ;
409 1570 24 16 et
441 1572 38 14 ces
495 1570 88 14 «mesa-

108 1600 33 20 ri»
151 1600 136 24 imposants,
306 1597 38 25 qui
358 1592 193 33 commandaient^
560 1591 22 19 le

107 1632 99 21 respect,
215 1631 23 16 et
246 1627 40 25 qui
296 1623 198 23 s’harmonisaient
502 1620 19 20 si
528 1620 53 20 bien

107 1662 59 14 avec
173 1656 50 20 leur
232 1655 90 25 pudeur
334 1651 140 22 séduisante,
483 1648 57 20 elles
547 1648 35 19 les

107 1687 42 17 ont
163 1683 126 24 remplacés
298 1687 41 19 par
347 1686 38 14 ces
399 1677 114 26 grossiers
526 1676 57 19 bon-

109 1716 54 16 nets
171 1712 29 20 de
208 1710 117 26 pacotille,
334 1712 22 16 et
362 1713 42 19 par
413 1712 40 14 ces
466 1705 116 23 chapeaux

108 1740 29 20 de
147 1740 74 23 bazar,
237 1738 41 25 qui
287 1744 25 14 se
325 1735 104 21 débitent
437 1739 41 19 par
491 1730 92 21 douzai-

108 1774 43 14 nes
160 1774 41 13 sur
208 1767 34 20 les
252 1764 104 22 marchés
364 1762 100 26 publics.

140 1796 65 20 Cette
221 1791 198 24 transformation,
436 1788 105 33 décorée^
552 1787 29 19 du

108 1832 57 14 nom
173 1825 28 19 de
210 1822 104 26 progrès,
328 1823 23 16 et
358 1818 40 25 qui
407 1818 60 19 n’est
475 1822 28 14 en
517 1814 66 20 réali-

107 1854 24 20 té
148 1853 70 24 qu’un
229 1850 127 24 replâtrage
364 1846 30 20 du
411 1843 112 22 véritable
531 1848 53 19 pro-

107 1882 63 24 grès,
193 1878 85 26 operée
300 1881 53 15 sans
373 1872 133 23 transition,
528 1876 55 14 sans

108 1909 58 24 goût
179 1911 23 16 et
209 1912 57 14 sans
282 1908 86 16 aucune
382 1899 130 22 harmonie,
529 1903 53 19 pro-

108 1937 59 22 duit,
177 1939 100 20 presque
290 1930 102 24 toujours
401 1928 41 20 des
455 1929 127 17 contrastes

108 1963 121 21 ridicules.
244 1959 60 22 Mais
312 1957 137 26 qu’importe
455 1954 12 20 ?
479 1954 36 19 On
523 1953 60 20 croit

107 1992 147 24 l’apparence
273 1986 91 22 sauvée,
380 1988 22 15 et
415 1983 22 20 la
455 1982 31 20 foi
503 1981 42 20 fait
560 1980 22 20 le

110 2023 72 16 reste.
194 2027 25 4 —
235 2015 25 21 Si
278 2020 57 14 vous
351 2011 91 21 vouliez
458 2015 80 19 passer
554 2008 28 19 de

107 2045 122 22 l’individu
247 2044 13 19 à
276 2043 20 20 la
315 2040 84 21 famille
416 2042 24 16 et
456 2036 126 21 descendre

108 2075 59 19 dans
175 2071 118 22 l’intimité
302 2069 27 20 de
338 2071 58 17 cette
404 2067 113 19 immense
523 2069 60 15 mas-

108 2102 84 21 carade
200 2105 59 15 vous
268 2105 14 18 y
290 2096 87 21 verriez
385 2094 43 20 des
437 2093 69 20 table:
512 2098 30 14 ux
554 2092 28 19 de

107 2130 131 26 privations
255 2131 25 16 et
296 2127 29 19 de
340 2125 104 21 misères,
463 2121 40 25 qui
523 2126 59 15 vous

107 2158 114 21 ôteraient
230 2155 85 21 l’envie
323 2154 28 19 de
359 2152 53 23 rire,
424 2150 40 25 qui
479 2155 58 14 vous
550 2152 34 16 at-

107 2186 142 21 tristeraient
267 2184 22 20 le
297 2188 69 15 coeur,
375 2184 23 16 et
413 2184 61 15 vous
486 2177 97 25 inspire-

109 2215 77 20 raient
194 2212 121 22 d’amères,
324 2214 22 16 et
354 2208 97 21 cruelles
461 2205 121 21 réflexions

108 2249 41 14 sur
158 2243 21 19 la
189 2239 132 26 déplorable
334 2236 113 21 direction
463 2233 120 25 imprimée

108 2271 14 20 à
130 2269 90 25 l’esprit
229 2267 88 25 public.

135 2297 25 21 Si
169 2298 29 19 de
205 2297 22 20 la
236 2294 89 21 famille
333 2298 58 15 vous
399 2290 90 27 passiez
497 2295 13 13 a
521 2291 63 17 cette

110 2324 183 27 agglomération
323 2321 68 25 qu’on
419 2323 93 16 nomme
538 2322 45 14 une

109 2359 123 15 commune
249 2358 30 13 ou
288 2356 44 15 une
349 2347 112 27 paroisse,
478 2346 22 19 le
509 2345 75 20 même

108 2384 116 18 contraste
232 2386 25 13 se
266 2375 168 23 manifesterait
441 2375 13 19 à
464 2379 39 14 vos
512 2378 71 19 yeux;

110 2415 60 14 vous
186 2415 15 18 y
216 2406 130 21 trouveriez
362 2409 47 14 une
427 2399 158 25 municipalité

109 2437 125 20 fortement
251 2433 122 26 organisée
390 2436 42 19 par
448 2430 7 19 1
467 2428 72 25 esprit
556 2427 29 19 de

110 2464 69 25 parti,
195 2463 86 20 faisant
297 2466 66 20 peser
370 2465 47 14 une
435 2455 99 22 autorité
551 2458 32 21 ty-

110 2491 116 25 rannique
235 2494 22 16 et
266 2487 119 22 arbitraire
394 2492 42 13 sur
443 2490 46 15 une
504 2483 82 20 moitié

110 2521 29 19 de
156 2520 22 19 la
187 2517 142 26 population,
347 2514 76 20 tandis
441 2517 45 20 que
503 2511 7 19 1
517 2513 69 17 autre

110 2547 80 20 moitié
206 2552 25 14 se
239 2545 72 20 frotte
319 2543 33 20 les
360 2541 74 21 mains
442 2544 25 16 et
475 2544 72 19 pense
559 2543 26 14 se

109 2575 116 25 prélasser
234 2573 59 19 dans
302 2572 32 19 les
351 2569 87 21 délices
446 2568 15 19 d
469 2573 46 14 une
529 2571 57 14 nou-

110 2603 61 20 velle
179 2601 106 24 Capoue;
303 2604 55 14 vous
364 2604 15 18 y
388 2594 132 23 trouveriez
532 2594 54 24 éga-

111 2631 87 20 lement
211 2635 30 14 un
251 2627 63 22 curé,
323 2632 30 13 un
362 2624 144 21 instituteur,
522 2620 64 26 quel-

606 263 91 26 quefois
714 269 45 14 une
775 259 149 24 institutrice,
933 257 40 25 qui
987 263 28 13 au
1032 255 45 20 lieu

606 292 59 20 de.se
675 290 105 20 bornera
789 287 93 24 remplir
892 286 50 19 leur
958 283 120 21 ministère

606 317 196 21 essentiellement
820 313 170 22 moralisateur,
1007 316 25 14 se
1053 309 26 20 li-

607 348 73 19 vrent,
697 344 22 19 le
729 344 53 24 plus
790 344 98 19 souvent
905 345 56 14 sous
970 338 33 19 les
1020 342 59 19 yeux

606 373 86 19 mêmes
708 371 29 19 de
745 367 203 23 l’administration
957 364 40 25 qui
1006 363 72 20 tolère

606 405 36 14 ces
657 398 186 20 débordements,
854 400 44 15 aux
907 392 104 26 passions
1021 391 58 27 loca-

605 427 42 20 les,
657 429 22 16 et
688 427 114 22 prennent
814 423 41 20 fait
864 425 23 17 et
896 426 68 15 cause
973 419 58 19 dans
1046 417 33 20 les

607 453 118 20 discordes
738 450 135 22 intestines;
890 453 57 15 vous
955 452 14 18 y
983 444 94 23 verriez,

607 486 99 19 presque
728 478 112 24 toujours,
858 483 31 13 un
916 474 92 20 clocher
1032 472 48 20 très

607 508 63 22 haut,
687 512 89 14 comme
792 504 61 21 celui
862 504 57 19 dont
927 500 94 21 Soveria
1039 506 10 13 s
1059 500 21 18 é-

607 533 143 26 norgueillit,
760 532 39 25 qui
809 537 94 15 menace
915 529 14 20 d
939 532 105 21 attaquer
1057 526 22 20 le

607 562 43 20 ciel
668 566 24 15 et
699 561 114 20 d’écraser
830 559 21 20 la
861 562 69 18 terre,
941 563 30 13 un
988 554 92 21 clocher

607 596 28 13 en
650 587 169 26 disproportion
829 586 86 20 criante
932 589 56 14 avec
996 585 49 17 tout
1054 587 26 14 ce

607 616 39 24 qui
660 616 123 19 l’entoure.
792 613 59 20 Mais
868 617 58 14 vous
938 611 37 24 n’y
990 613 91 16 trouve-

607 643 47 19 riez
663 642 22 19 ni
700 641 89 22 mairie,
805 640 23 20 ni
844 639 65 25 place
922 637 120 25 publique,
1056 635 23 20 ni

607 669 73 25 police
688 669 41 19 des
747 674 61 16 rues,
823 667 23 20 ni
856 665 89 21 service
953 664 29 20 de
999 663 79 23 voirie,

607 697 24 19 ni
640 696 87 20 maison
738 695 86 20 d’école
833 694 23 20 ni
865 694 76 19 élèves
949 698 29 14 en
986 694 94 22 rapport

607 730 56 14 avec
671 724 20 19 la
701 722 133 26 population
842 728 6 17 ;
864 721 22 20 le
895 720 136 24 presbytère
1046 725 34 13 se-

608 758 24 13 ra
641 758 29 13 en
678 757 31 14 un
717 751 48 19 état
774 750 28 19 de
813 749 159 20 délabrement
981 746 100 25 complet

607 783 23 16 et
637 779 23 19 la
669 779 71 23 petite
749 777 78 25 église,
837 782 45 19 que
891 776 29 19 de
929 775 55 23 loin,
994 781 29 14 en
1038 774 43 21 rai-

607 813 43 14 son
664 806 30 20 du
704 805 100 23 clocher,
819 811 30 13 on
864 803 75 21 aurait
948 804 61 24 prise
1023 809 58 18 pour

607 840 46 14 une
660 833 139 24 cathédrale,
809 832 87 21 classée
904 831 73 26 parmi
987 831 34 20 les
1033 837 48 13 oeu-

609 867 53 14 vres
678 862 29 19 de
727 861 51 20 l’art
800 859 208 25 architectonique,
1029 864 51 14 sera

608 896 98 18 presque
714 888 106 25 toujours
831 894 94 19 pauvre,
935 893 54 18 nue,
998 886 82 23 froide,

608 923 28 14 en
646 917 67 20 ruine
720 917 6 20 !
746 917 43 20 Pas
798 916 28 20 de
835 916 82 20 fidèles
930 921 44 14 aux
991 913 88 24 offices;

608 945 21 19 la
646 945 89 20 maison
753 944 30 20 de
792 944 58 20 Dieu
867 947 35 16 est
914 943 104 20 désertée
1025 949 6 17 ;
1050 948 29 14 on

608 972 37 21 n'a
653 973 74 20 même
733 973 52 24 plus
794 972 21 20 le
824 976 73 19 temps
906 971 29 20 de
943 977 86 18 songer
1037 976 45 14 aux

608 1001 92 20 devoirs
709 1001 119 24 religieux,
838 1003 23 16 et
869 1002 98 17 souvent
974 999 23 20 le
1005 998 76 25 prêtre

609 1035 29 13 ne
645 1032 83 17 trouve
737 1029 52 19 âme
796 1027 39 25 qui
846 1027 53 20 vive
907 1033 58 19 pour
973 1026 110 21 l’assister

608 1057 59 19 dans
675 1057 22 20 la
707 1056 141 20 célébration
863 1056 31 19 du
903 1055 90 20 service
1007 1054 75 20 divin.

608 1084 103 20 Souvent
724 1083 71 24 aussi,
810 1083 59 20 dans
878 1083 89 25 chaque
982 1088 101 15 commu-

608 1118 36 16 ne,
658 1118 29 14 on
697 1112 50 21 voit
763 1119 31 13 un
803 1111 221 26 garde-champêtre,
1042 1109 39 25 qui

608 1140 93 21 suivant
710 1147 29 13 en
752 1140 48 20 cela
817 1139 140 25 l’impulsion
973 1138 110 25 générale

608 1168 42 20 fait
658 1174 41 15 son
706 1168 88 21 service
802 1168 13 20 à
824 1168 22 20 la
855 1167 83 23 diable,
950 1166 51 20 d’où
1011 1166 72 20 résul-

608 1200 50 16 tent
666 1203 30 14 un
706 1196 134 23 méli-mélo,
851 1199 22 17 et
883 1201 46 14 une
937 1194 146 25 cacophonie

608 1224 193 25 indescriptibles.
816 1224 34 20 De
864 1224 30 22 là,
908 1224 22 19 lê
943 1223 53 25 plus
1012 1228 70 19 grave

607 1253 118 25 préjudice
734 1258 46 14 aux
788 1252 95 20 intérêts
889 1252 125 25 généraux,
1029 1254 24 16 et
1060 1250 22 20 la

608 1281 109 24 dépense",
728 1287 30 14 en
768 1286 57 18 pure
833 1283 72 21 perte,
914 1279 67 20 d’une
988 1278 95 20 activité

608 1309 40 25 qui
656 1309 71 20 serait
735 1308 104 23 féconde,
850 1307 19 20 si
878 1307 44 20 elle
931 1306 54 21 était
994 1306 89 24 dirigée

608 1343 57 14 avec
687 1336 127 24 ensemble,
836 1341 57 15 avec
912 1334 91 25 justice,
1027 1339 56 14 avec

607 1365 86 24 équité,
703 1370 59 14 avec
770 1364 146 20 modération
925 1363 6 20 !

633 1392 24 21 Si
667 1399 42 14 nos
718 1396 105 21 magnats
831 1392 96 20 avaient
933 1391 39 20 uni
980 1391 63 19 leurs
1052 1389 32 20 ef-

608 1420 58 21 forts
677 1427 58 19 pour
743 1420 121 25 imprimer
872 1426 47 14 une
927 1417 128 27 paternelle
1060 1420 24 17 et

608 1448 144 26 intelligente
759 1448 113 21 direction
881 1449 13 19 à
903 1446 86 25 l’esprit
996 1445 85 25 public,

608 1483 29 14 au
650 1477 45 20 lieu
709 1477 29 20 de
751 1477 33 20 lui
797 1476 122 25 inculquer
935 1475 13 20 à
966 1479 71 19 coups
1055 1472 28 20 de

608 1505 87 20 maillet
702 1504 191 26 l’apprentissage
901 1505 134 22 corrupteur
1042 1500 41 20 des

607 1533 118 23 élections,
735 1533 30 19 ils
773 1532 102 21 seraient
888 1529 146 26 aujourd’hui
1048 1529 35 19 les

608 1561 163 22 bienfecteurs,
786 1563 22 17 et
817 1560 33 20 les
859 1558 123 21 véritables
996 1557 47 20 rois
1052 1556 31 19 du

608 1589 131 25 pays.Mais
747 1589 50 19 leur
806 1587 97 25 aveugle
911 1585 113 21 embition
1033 1584 51 20 leur

608 1623 14 14 a
629 1617 106 25 toujours
744 1615 71 21 caché
822 1615 23 20 le
854 1614 90 20 chemin
953 1613 29 20 de
990 1613 22 19 la
1026 1611 58 21 véri-

608 1646 31 23 té,
648 1645 29 20 du
686 1644 228 21 désintéressement,
924 1642 29 19 du
968 1640 115 25 patriotis-

608 1679 37 14 me
652 1679 6 13 :
669 1676 30 16 -et
707 1678 59 18 pour
774 1670 108 25 agrandir
891 1673 22 17 et
921 1675 58 19 pour
987 1668 97 20 mainte-

608 1701 37 19 nir
653 1700 57 20 dans
727 1702 62 17 cette
806 1698 52 20 voie
874 1696 141 26 déplorable,
1031 1695 52 20 leur

607 1728 114 21 influence
730 1731 24 16 et
769 1727 51 20 leur
827 1725 152 22 domination,
996 1723 30 20 ils
1043 1726 40 17 ont

608 1756 105 25 employé
725 1755 33 20 les
766 1760 97 18 .moyens
872 1759 46 19 que
925 1753 46 19 l’on
980 1751 102 22 connaît,

608 1788 24 16 et
636 1784 41 25 qui
685 1787 41 16 ont
735 1782 95 21 conduit
836 1782 23 20 la
868 1781 71 20 Corse
947 1781 14 19 à
970 1780 64 19 l’état
1041 1779 43 20 mi-

608 1812 90 20 sérable
709 1812 31 19 où
749 1810 45 21 elle
801 1813 36 17 est
845 1808 104 21 tombée!
959 1806 39 27 (1).

634 1847 51 22 Per
697 1847 77 27 copia
786 1845 148 28 cunforme:

831 1888 31 21 G.
874 1887 29 21 di
912 1887 26 21 la
950 1886 105 22 Grotta.

630 1945 26 22 (1)
665 1945 22 17 N.
696 1943 107 21 Tomasini;
812 1943 43 18 «Ma
863 1941 127 19 Candidature
998 1945 25 13 au
1035 1939 49 18 Con-

608 1970 37 18 seil
653 1969 76 23 général
738 1969 48 17 dans
792 1968 20 18 le
819 1968 70 17 canton
896 1966 108 18 d’Omessa»
1013 1969 25 13 ou
1046 1969 37 13 «un

607 1995 87 21 Bouquet
701 1994 24 18 de
734 1993 73 18 vérités
816 1997 34 13 sur
858 1993 18 17 la
882 1992 69 18 Corse»
956 1990 127 18 1874.Arnous

608 2020 24 18 de
638 2019 77 18 Rivière
723 2020 20 17 et
751 2018 34 22 C;%
793 2018 86 21 Editeur,
887 2016 61 19 Paris.

759 2111 153 30 Andate
921 2110 10 29 !

629 2176 99 19 Andatein
736 2177 19 17 le
763 2176 52 21 citai,
824 2176 76 20 andate,
908 2174 77 20 andate,

630 2202 14 18 E
652 2207 39 12 nun
699 2202 78 22 zappate
785 2201 33 22 più
826 2201 19 17 la
853 2201 65 17 vostra
925 2200 50 17 terra
983 2198 6 17 !

630 2227 75 23 Figlioli
714 2226 60 19 astuti
782 2227 57 16 d’una
847 2230 54 13 razza
908 2224 59 21 fiera,

630 2252 27 18 No
664 2251 5 18 !
678 2257 40 12 nun
726 2252 65 22 sapele
799 2251 33 22 più
841 2250 30 18 ciò
880 2250 35 18 che
923 2249 29 18 bo’
961 2249 40 17 fate
1007 2247 5 18 !

631 2305 13 18 0
654 2305 99 21 desertori,
760 2304 83 18 indielru
852 2302 138 23 nunfighiate;

631 2330 35 18 Chi
674 2330 128 22 v’important!
811 2329 18 18 la
837 2328 78 18 miseria
923 2331 53 17 nera,

631 2355 14 18 E
653 2359 82 14 mamme
742 2355 67 17 vostre
816 2354 32 17 chi
856 2354 30 17 bo:
895 2352 138 20 abbandunate,

631 2380 14 18 E
652 2381 20 17 la
679 2380 62 22 patria
749 2379 33 18 chi
789 2380 70 21 langue
867 2383 11 13 e
887 2378 117 20 s’addispera
1011 2375 5 17 !

631 2434 16 17 A
655 2433 44 18 citai
707 2433 22 18 vi
737 2432 57 19 tende
798 2432 20 17 le
826 2432 27 17 so’
862 2432 41 17 rete
908 2435 6 17 ;

630 2459 80 20 Andate,
720 2458 39 21 chi,
768 2457 76 18 culandi
852 2456 98 18 truverete

632 2483 76 18 Sumeri
715 2481 146 23 impastughiati
868 2481 20 18 di
897 2478 97 20 salciccie!

631 2537 80 21 Andate,
720 2535 66 18 tutt’in
793 2535 69 20 banda,
871 2538 55 14 eume
934 2532 65 23 cucchj
1005 2537 6 16 ;

632 2561 85 18 Lasciate
724 2565 65 14 eresee
796 2560 68 22 quindi
871 2558 69 23 tanghi
947 2562 11 14 e
967 2556 84 23 rnucchj,

631 2586 15 18 E
654 2586 86 19 stendesi
747 2585 19 19 le
774 2585 50 18 nude
831 2583 122 24 petrichiccie
960 2582 5 18 !

903 2616 25 19 G.
936 2616 22 18 di
973 2615 89 19 Grotta.

1195 125 77 50 Un
1315 123 170 54 Sognu

1126 247 32 21 Eu,
1168 247 74 18 risentu
1251 248 86 17 slamane
1345 250 46 18 gran
1400 244 81 21 bisognu

1126 271 22 18 Di
1157 271 78 22 ripiglià
1243 272 64 21 quelle
1315 270 38 19 miò
1361 274 61 18 penna
1432 268 18 18 in
1459 272 58 13 manu

1126 296 36 17 Per
1171 296 118 22 rncunlabbi,
1298 294 61 21 amici,
1369 299 12 12 u
1390 293 54 18 dolce
1451 296 62 18 sognu

1126 320 54 18 Ch’io
1187 320 37 18 feci
1233 323 68 19 quesla
1309 320 53 18 uolte
1369 328 23 4 —
1401 323 11 13 0
1420 322 61 17 sognu
1490 320 50 14 vanu
1547 314 17 18 !-

1125 377 25 18 Mi
1159 378 21 17 sò
1189 378 78 18 truvatu
1277 379 21 18 in
1307 377 57 24 preda
1372 381 11 13 a
1391 376 20 17 lu
1421 375 104 19 lurmentu,

1125 402 71 21 Tempu
1206 402 31 17 chi
1245 403 24 17 da
1278 404 32 17 stu
1320 406 60 17 sognu
1388 400 30 18 fui
1427 399 104 22 svegliatu,

1126 426 121 23 Angusciosu
1256 432 11 13 e
1275 428 19 17 le
1302 426 51 19 mani
1362 425 49 22 pien’
1419 424 20 18 di
1448 425 59 17 venlu
1515 428 5 16 ;

1126 451 79 22 Perché,
1213 456 68 14 scarsu
1289 451 75 24 piacer’,
1372 450 27 17 mi
1407 449 29 18 sei
1444 449 89 22 scappatu
1539 447 10 18 ?

1126 509 53 21 Dopu
1187 509 103 19 d’avemmi
1298 509 66 23 apertu
1372 513 27 13 un
1408 508 89 23 paradisu

1126 534 14 17 E
1147 534 47 18 datu
1202 534 20 17 di
1229 535 80 18 l’amore
1317 540 10 12 a
1336 534 114 22 briachezza,

1125 559 49 18 Eccu
1182 559 32 17 chi
1222 559 28 17 mi
1259 560 58 17 trovu
1326 560 66 21 prestu
1401 559 64 18 divisu

1127 584 25 16 Da
1161 584 18 17 la
1187 583 39 18 miò
1234 584 51 18 bella
1294 589 37 13 cun
1340 585 142 18 tant’amarezza
1489 583 4 18 !

1127 641 24 19 Sò
1160 642 28 18 sei
1197 642 49 18 mesi
1254 642 51 19 ch’io
1313 648 40 13 nun
1360 643 73 23 l’aghiu
1441 642 31 19 vis
1473 643 25 20 ta,

1127 666 67 22 Quelle
1202 667 32 18 chi
1242 668 27 17 mi
1279 668 55 21 tradi,
1343 669 19 17 la
1369 668 115 23 capricciosa
1490 667 5 18 1

1127 691 35 18 Chi
1169 692 47 18 dede
1225 698 39 13 una
1272 693 41 18 fine
1322 694 53 17 tantu
1383 694 58 18 triste

1126 718 16 17 A
1150 722 14 13 u
1172 719 133 21 nostr’amore,
1314 724 68 13 mancu
1391 719 21 18 sò
1420 723 87 18 percosa.

1127 776 87 19 Stanotte
1222 778 53 17 ’n’un
1283 782 68 19 campu
1359 779 80 22 cupartu
1447 783 11 13 a
1465 778 46 18 fiori

1128 802 25 17 La
1159 802 106 19 riscuntrai
1274 804 50 17 lutta
1331 803 108 19 surridenle
1446 808 5 17 ;

1127 826 25 18 Mi
1160 828 52 18 disse
1219 833 5 12 :
1234 834 10 11 «
1249 828 22 18 Ti
1279 829 71 18 ricordi
1358 829 8 18 i
1372 829 63 18 nostri
1443 828 59 19 amori
1507 827 10 19 %

1127 852 84 19 Fiamme
1219 853 20 18 di
1247 854 119 19 cunliutezze
1374 859 47 14 sonu
1430 855 66 22 spente
1501 853 9 18 ?

1129 918 8 11 »
1143 912 35 22 Fù,
1188 913 20 17 lu
1217 914 75 20 noslru,
1303 919 27 13 un
1338 919 64 13 amore
1410 914 100 21 tribulatu,

1128 937 71 19 Perché
1207 939 17 17 la
1233 940 53 17 sorte
1294 944 41 13 nun
1342 939 19 18 ci
1368 939 134 23 accumpagné.

1127 962 48 18 D’un
1184 964 69 18 vedelu
1261 965 49 17 dura
1318 965 108 22 realizzatu,

1129 987 52 23 Vegu
1190 989 80 22 quant’u
1279 990 25 17 lo?
1313 994 44 14 core
1364 990 85 18 lacrimé.

1129 1054 8 11 »
1142 1049 60 18 ïutlu
1210 1049 18 18 ci
1236 1050 73 17 andede
1318 1052 75 19 conlru;
1401 1054 11 14 e
1419 1050 19 17 la
1445 1049 76 21 ruvina,

1129 1073 81 19 Causata
1218 1079 25 14 ne
1251 1075 22 17 fù
1282 1075 24 17 da
1314 1075 8 17 i
1329 1075 38 18 miô
1375 1075 82 23 parenti.

1129 1098 87 24 Obligata
1223 1100 76 21 fermai,
1308 1100 19 18 la
1334 1100 99 23 puverina,

1128 1124 22 18 Di
1158 1129 55 14 cessa
1219 1125 15 18 li
1243 1125 40 18 miô
1290 1125 52 22 jorni
1349 1125 33 23 più
1391 1125 85 18 cuntenli
1482 1124 5 18 !

1128 1184 123 19 sChit’abbia
1258 1185 52 18 assai
1317 1185 90 22 suffertu,
1416 1185 22 18 sò
1446 1184 97 22 cunvinta,

1128 1210 85 18 Durenle
1220 1211 14 17 li
1244 1211 33 17 dui
1286 1211 46 18 anni
1340 1211 36 18 che
1383 1210 89 23 passasti.

1127 1235 30 18 Ma
1165 1236 39 21 eiu,
1214 1237 24 16 da
1246 1236 7 17 i
1261 1236 76 22 parenti
1345 1240 73 18 sempre
1426 1235 85 22 abbinta,

1128 1261 29 18 Un
1166 1261 16 18 ti
1189 1261 57 22 pobbi
1255 1261 69 18 mandà
1331 1261 74 18 ciocchl
1411 1261 98 18 bramasti.

1129 1328 9 10 »
1143 1321 53 22 Cusi,
1206 1322 50 21 dopu
1264 1322 85 17 tamanta
1357 1321 115 22 privazione,

1129 1346 57 19 Finiu
1194 1351 34 17 per
1236 1348 60 20 perde
1303 1347 58 22 gustu
1369 1351 10 12 a
1388 1347 32 17 stu
1428 1345 78 18 mondu.

1129 1372 58 17 Parse
1194 1376 34 18 per
1236 1376 31 13 me
1275 1376 40 14 una
1323 1376 54 13 scura
1385 1370 101 23 priggione

1129 1397 82 18 Duv’era
1218 1398 120 17 cundannata
1346 1401 11 13 a
1364 1395 46 19 bive
1417 1396 21 17 in
1446 1395 66 18 fondu.

1130 1462 8 11 »
1144 1456 15 17 E
1167 1456 77 22 quandu
1252 1461 11 12 a
1271 1456 20 18 lu
1301 1460 56 18 paese
1365 1455 108 21 riturnasti,

1129 1481 121 18 Tutt’affattu
1258 1482 79 17 crudele
1344 1485 11 13 e
1362 1480 129 21 indifférente,

1130 1506 25 18 La
1163 1506 99 18 traditrice
1270 1506 99 22 inghiusta
1375 1505 19 18 ci
1402 1505 92 21 truvasti,

1130 1531 79 21 Perché,
1218 1531 21 17 di
1247 1532 26 21 te,
1283 1531 34 22 più
1325 1531 52 17 nulla
1384 1530 51 19 volsi
1444 1531 61 17 sente.

1130 1590 41 18 »Mi
1177 1591 90 17 ramentu
1275 1590 21 18 lu
1304 1590 56 23 jornu
1368 1589 116 23 disgraziatu

1130 1615 35 18 Chi
1172 1615 72 18 benisti
1252 1620 11 12 a
1271 1615 104 18 truvammi
1382 1615 21 17 in
1411 1615 66 21 quellu
1485 1614 73 18 chiosu.

1129 1640 84 18 Dicendu
1221 1640 34 22 più
1263 1640 37 18 che
1308 1640 38 18 mai
1354 1639 100 18 d'avemmi
1461 1640 65 17 amatu

1129 1665 47 18 Cun
1184 1665 38 18 cor’
1230 1666 33 17 chi
1271 1666 54 17 batte
1332 1669 76 18 sempre
1416 1665 82 18 furiosu.

1129 1724 50 18 »Ssu
1186 1725 65 22 jornu,
1260 1725 80 18 inversu
1350 1726 24 20 te,
1382 1725 43 17 mal’
1431 1725 59 22 aghiu
1497 1724 61 22 agitu,

1129 1753 109 17 Ricunoscu
1247 1758 11 13 a
1266 1753 40 18 miô
1314 1753 52 22 colpa
1374 1753 21 17 in
1401 1753 39 17 ’ssu
1449 1752 85 22 dispettu
1541 1757 6 16 ;

1130 1777 50 18 Gran
1188 1778 103 22 culpevule
1299 1782 28 18 so,
1336 1778 58 22 aghiu
1404 1777 71 18 traditu
1483 1782 5 17 ;

1129 1803 48 22 Avà,
1187 1804 102 17 cundanna
1298 1804 21 17 tu
1326 1808 5 17 ;
1341 1804 97 21 cuntenta,
1447 1804 74 17 accettu
1529 1802 5 17 !
1540 1808 9 11 »

1130 1872 22 4 —
1157 1862 57 23 «Eiu,
1223 1867 35 17 per
1265 1863 117 18 cundannati
1389 1868 28 13 un
1425 1863 22 18 sé
1455 1863 77 18 crudele

1130 1888 58 18 Cume
1196 1892 24 14 ne
1227 1888 50 18 fusti
1284 1888 21 17 in
1313 1889 20 16 lu
1341 1890 83 20 passatu,
1434 1889 27 16 tu.

1129 1913 95 18 Prumetti
1232 1913 91 18 d’essemi
1331 1918 75 17 sempre
1413 1913 66 20 fidele,

1129 1937 66 23 Eppoi,
1205 1943 11 12 a
1224 1938 50 22 quel’
1284 1940 78 20 passatu
1371 1943 26 13 un
1405 1942 61 18 pensu
1474 1937 41 22 più.

1131 2002 9 11 »
1146 1996 23 18 Ti
1176 1996 45 23 juru
1230 1997 63 17 d’esse
1301 2001 11 13 a
1321 1998 19 16 te
1348 1996 49 18 sin’a
1404 1997 18 17 la
1431 1997 61 17 morte
1497 2001 5 16 ;

1130 2021 88 18 Unimuci
1227 2025 12 14 e
1247 2025 35 18 per
1290 2025 74 18 sempre
1372 2023 63 16 stemu
1443 2021 74 18 inseme
1525 2025 5 17 ;

1130 2046 139 21 Abbracciami,
1279 2046 134 23 stringhjmuci
1421 2046 32 22 più
1462 2046 57 18 forte.

1130 2072 85 17 Partimu
1222 2077 6 17 ;
1238 2072 35 17 for’
1283 2072 20 18 di
1312 2073 24 20 te,
1346 2072 53 18 nulla
1407 2070 126 24 m’impreme!
1540 2077 9 10 »

1130 2131 140 23 Raggiunendu
1278 2131 49 22 cusi,
1336 2131 21 18 lu
1364 2131 56 22 jornu
1428 2136 50 13 vene

1131 2156 27 18 Cu
1167 2161 10 13 a
1185 2157 61 17 realtà
1254 2161 11 13 e
1273 2157 49 17 l’ora
1329 2157 20 17 di
1358 2162 12 12 u
1378 2157 103 22 travagliu.

1130 2181 37 18 Per
1175 2181 24 18 dà
1207 2182 34 22 più
1249 2181 53 18 forza
1310 2186 12 13 a
1329 2182 18 17 le
1355 2182 38 17 miô
1402 2182 46 17 dure
1456 2186 48 18 pene

1130 2206 21 18 Ci
1159 2207 56 18 volse
1222 2207 21 17 in
1251 2207 32 17 sla
1290 2208 76 17 nuttata
1373 2208 56 17 tantu
1438 2206 75 23 sbagliu
1521 2205 5 18 !

1130 2266 46 18 Fate
1183 2270 61 17 cessa,
1252 2266 89 22 Signore,
1350 2266 7 17 i
1364 2266 39 18 miô
1411 2266 81 21 martiri,

1130 2292 7 16 1
1145 2291 120 18 suffrimenti
1274 2295 11 14 e
1292 2291 20 18 le
1320 2291 115 23 m’angoscie
1442 2292 59 20 tante,

1130 2316 66 18 Fendu
1205 2320 51 14 more
1265 2316 7 17 i
1281 2316 72 22 passati
1362 2316 87 18 suveniri

1130 2341 26 18 Da
1165 2341 32 18 chi
1205 2341 83 18 l’ubbliu
1296 2342 21 17 in
1326 2346 30 13 me
1363 2346 57 13 nasca
1428 2346 12 13 a
1447 2341 84 18 Pistante
1537 2341 5 18 !

1399 2380 19 18 U
1430 2380 129 19 Culunîale.

1141 2477 27 29 È
1179 2482 113 26 esciutu
1299 2491 10 17 :

1232 2527 99 21 Matteu
1342 2527 117 22 Cirnensi

1141 2565 199 26 Vocabulariu
1353 2565 28 26 di
1394 2574 17 17 a
1428 2565 121 27 Custera

1147 2609 10 22 1
1168 2609 48 22 vol.
1229 2609 61 22 di80
1302 2610 84 29 pagine
1396 2617 6 15 :
1417 2609 15 23 3
1444 2610 99 22 franchi.

1770 121 252 56 ImpiccI
2060 132 36 32 e
2135 116 268 57 'mbrogîi

1603 244 121 20 Attenti
1737 248 20 15 a
1765 239 88 29 ghjrà
1860 243 6 20 !

1627 279 145 21 L’attitudine
1780 280 22 19 di
1812 287 13 12 a
1838 282 87 22 stampa
1940 277 133 25 brinnaghia

1602 308 23 19 di
1634 306 95 21 Francia
1737 314 13 13 e
1759 307 22 20 di
1791 307 94 20 Corsica
1894 307 13 20 è
1916 311 58 16 stata
1989 313 30 13 un
2029 305 46 20 bel-

1603 335 24 20 lu
1645 335 53 20 vidé
1707 335 23 20 in
1748 334 105 21 st’ultimi
1860 334 62 25 jorni
1940 334 22 21 di
1972 333 53 21 crisi
2033 333 42 20 mi-

1603 362 128 21 nisteriale.

1629 390 17 20 U
1655 390 101 20 cantellu
1766 390 36 20 chi
1819 397 12 13 a
1841 389 158 22 Custituzione
2013 388 61 21 chia-

1603 424 36 13 ma
1648 418 135 20 Présidente
1792 418 22 19 di
1823 425 12 12 a
1846 417 123 26 Ripublica
1979 418 29 20 ha
2017 417 57 20 fattu

1602 445 87 20 chiamà
1698 452 14 13 a
1720 452 14 13 u
1744 446 32 20 so’
1783 446 93 25 palazzu
1883 446 23 19 di
1914 446 6 19 i
1927 445 78 25 Campi
2014 444 60 21 Elesi

1603 481 12 13 e
1625 474 140 24 persunalità
1775 481 12 13 e
1796 474 39 25 più
1844 474 92 20 diverse
1945 480 40 19 per
1998 472 77 21 furmà

1602 508 14 14 u
1622 502 159 25 gabinettu,da
1788 502 6 20 i
1803 501 86 21 cunfini
1897 502 22 20 di
1928 509 13 13 u
1949 500 127 22 bolchevis-

1602 537 39 13 mu
1656 529 126 26 (Daladier)
1796 537 12 14 a
1818 530 65 20 l’orlu
1901 530 22 20 di
1939 536 12 13 a
1966 529 108 21 dittatura

1601 557 127 27 (Tardieu).

1629 586 17 20 U
1656 586 102 20 Cartellu
1776 593 40 14 era
1833 586 77 20 vicinu
1919 592 13 13 a
1950 585 101 20 turnassi
2063 591 12 13 a

1602 614 80 20 saldà?
1691 614 82 21 Subitu
1783 614 6 19 i
1798 614 55 25 fogli
1871 613 19 20 si
1900 619 130 14 carcavanu
2047 612 29 19 ad

1602 642 91 20 articuli
1701 642 113 25 eluggiosi
1824 648 13 13 e
1845 648 12 13 a
1868 640 135 26 simpatiebe
2020 640 57 20 cari-

1603 673 87 17 cature.
1698 670 121 20 Asterlina
1828 676 12 13 a
1849 674 38 20 240
1896 675 39 14 era
1944 668 134 21 dimentica-

1603 702 23 16 ta
1635 698 49 23 e,da
1694 698 107 20 Daladier
1809 704 14 14 a
1833 698 73 23 Blum,
1914 696 114 25 passendu
2035 702 42 19 per

1603 726 99 23 Herriot,
1717 726 105 21 Caillaux
1840 732 12 13 e
1861 725 52 20 tutti
1924 725 90 25 quanti,
2023 724 53 21 tutti

1603 760 72 15 eranu
1684 755 47 19 omi
1741 754 22 20 di
1770 760 73 15 sennu
1854 760 12 13 e
1875 753 23 20 di
1909 759 63 14 core-

1629 782 115 21 L’Unione
1753 782 125 21 Naziunale
1891 787 105 14 marcava
2010 780 67 24 punti

1603 810 70 21 sicuri
1681 811 30 24 pè
1718 817 12 14 a
1740 810 124 25 cunquista
1873 809 22 20 di
1906 816 13 13 u
1930 813 80 21 putere
2016 808 12 20 ?
2042 808 36 20 AI-

1602 838 49 20 lora
1660 845 39 14 era
1708 838 107 25 giubiliu,
1824 845 12 13 a
1846 841 104 21 prustata
1960 837 22 20 di
1992 844 13 12 u
2016 836 61 21 Gran

1604 867 91 20 Lorenu
1705 873 39 14 era
1754 873 30 14 un
1792 866 111 23 simbulu,
1921 865 100 20 Tardieu
2039 871 38 14 era

1603 901 45 14 una
1661 895 134 25 verginella,
1805 901 14 13 u
1829 897 106 21 sergente
1950 893 101 25 Maginot
2065 899 12 13 a

1603 922 90 21 fumava
1711 929 12 14 a
1733 923 6 19 i
1758 922 139 21 marescialli
1914 922 23 20 di
1952 921 97 21 Francia
2065 927 13 13 e

1604 957 32 14 un
1644 951 157 20 s’imbriacava
1811 951 46 24 più,
1869 950 119 20 Loucheur
2000 947 79 22 unn’e-

1604 985 25 14 ra
1638 985 82 14 mancu
1730 978 102 21 strambu
1841 978 22 20 di
1872 984 112 14 nome...e
1993 976 63 21 buffa
2065 983 13 13 e

1604 1006 55 20 dalli
1669 1007 5 20 !

1631 1034 17 20 U
1655 1035 37 24 più
1702 1035 62 20 bellu
1773 1034 24 21 fù
1804 1041 31 13 un
1842 1033 137 26 quotidianu
1989 1033 22 20 di
2021 1033 57 20 Mar-

1603 1063 73 24 seglia
1702 1063 36 20 chi
1760 1063 158 24 accumpagnò
1940 1060 137 21 un’articulu

1604 1090 139 25 circataghiu
1750 1090 135 24 sopra’nova
1891 1089 186 20 “combinaison»

1604 1124 27 14 cu
1649 1122 94 21 quattru
1767 1117 82 21 ritratti
1871 1117 23 20 di
1912 1117 128 25 capizzoni,
2056 1122 21 18 e,

1604 1152 41 18 per
1658 1145 135 22 simbulizzà
1808 1152 13 14 a
1835 1145 81 26 gloria,
1925 1145 65 20 tutt’a
2005 1144 73 26 gloria

1604 1174 121 20 naziunale
1733 1174 24 20 in
1776 1180 46 14 una
1839 1173 48 21 sola
1896 1173 73 25 prima
1986 1173 91 25 pagine,

1604 1206 80 22 questa
1693 1209 40 13 era
1743 1202 148 25 cumplettata
1900 1202 29 20 da
1938 1208 13 13 e
1958 1200 120 26 fotografie

1605 1231 22 20 di
1641 1237 60 14 nove
1716 1230 81 21 cavalli
1806 1230 112 25 “elevage
1927 1229 131 24 françouais
2068 1236 9 11 »

1605 1260 23 19 di
1638 1266 13 13 u
1660 1265 60 19 gran
1729 1259 87 25 premiu
1826 1259 22 20 di
1857 1265 15 14 u
1881 1258 59 20 Parc
1950 1258 90 24 Borely,
2050 1264 27 14 cu

1604 1287 8 20 i
1621 1288 32 19 so’
1662 1287 61 20 nom!
1731 1293 12 13 e
1752 1286 70 25 quelli
1830 1286 23 20 di
1862 1287 7 19 i
1878 1286 34 20 so’
1919 1285 147 25 pruprietarj.

1630 1314 162 20 Ohimé....lIa.

1606 1362 33 20 11
1647 1362 169 20 Novembre

1631 1395 40 21 Stu
1683 1395 71 25 jornu
1772 1395 77 20 avaria
1858 1395 27 19 da
1900 1401 59 17 esse,
1978 1396 28 24 pè
2014 1395 7 20 i
2034 1395 43 20 soli

1606 1424 47 20 veri
1662 1423 149 20 cumbattenti
1821 1423 22 19 di
1852 1429 13 13 a
1874 1423 90 25 grande
1977 1426 99 22 stragge,

1606 1459 30 13 un
1646 1452 99 25 ghiornu
1755 1451 22 20 di
1788 1451 223 20 cummemoraziore
2025 1451 54 20 inti-

1606 1486 45 18 ma,
1656 1486 13 14 e
1678 1486 41 19 per
1727 1480 53 19 tutti
1787 1480 27 19 l’a
1817 1480 5 19 1
1826 1480 37 23 tri,
1873 1486 31 13 un
1910 1479 99 25 ghiornu
2020 1480 21 19 di
2049 1480 30 19 si-

1606 1508 84 23 lenziu,
1699 1508 24 19 di
1741 1507 112 20 mudestia
1866 1514 12 13 e
1891 1514 59 13 ancu
1959 1507 23 20 di
1997 1514 81 18 vergo-

1605 1542 55 19 gna.

1631 1564 45 23 Ma,
1693 1570 14 14 a
1715 1564 112 24 I’oppostu
1845 1563 23 20 di
1877 1570 13 13 a
1907 1564 75 25 Iogica
1999 1570 13 13 e
2030 1564 22 19 di
2065 1570 12 13 a

1606 1592 97 23 murale,
1712 1596 62 16 tocca
1783 1591 78 20 avanti
1875 1595 60 17 tuttu
1944 1598 13 13 a
1965 1592 8 20 i
1988 1592 91 25 vîgliac-

1606 1620 45 24 chi,
1660 1627 13 13 a
1682 1621 7 19 i
1698 1620 92 25 stroppj
1799 1626 13 14 e
1821 1626 13 13 a
1842 1620 94 20 i.debuli
1946 1620 21 20 di
1983 1621 97 20 custitu-

1605 1649 67 20 zione
1680 1649 23 19 di
1717 1655 12 13 u
1740 1652 58 21 1914,
1815 1648 96 20 d’inalzà
1921 1648 102 20 bandere
2039 1649 41 20 tri-

1607 1676 78 21 colore
1694 1683 13 13 e
1716 1676 22 20 di
1747 1682 13 14 a
1769 1676 83 24 rispirà
1862 1683 26 13 cu
1897 1676 83 20 delizie
1993 1677 86 20 l’odore

1606 1705 24 19 di
1639 1711 13 13 a
1661 1705 95 24 polvera
1773 1704 23 20 di
1805 1704 7 20 i
1822 1704 60 25 colpi
1891 1704 23 20 di
1922 1711 106 14 cannone
2045 1712 35 14 re-

1607 1733 162 25 gulamentarj.

1633 1761 137 24 Quist’annu
1789 1767 13 13 u
1812 1767 103 18 guvernu
1934 1761 103 21 èvinutu
2054 1762 23 20 in

1607 1789 65 25 ajutu
1688 1795 14 14 a
1711 1789 8 20 i
1736 1793 210 21 spaccamuntagne
1965 1790 114 25 d’Ajacciu

1607 1823 14 14 e
1629 1817 23 20 di
1666 1817 86 23 Bastia,
1760 1817 111 20 inviendu
1887 1824 44 13 una
1947 1819 101 24 squadra
2056 1819 22 20 in

1608 1845 53 24 ogn’
1667 1851 47 14 una
1721 1845 23 19 di
1754 1848 34 17 ste
1795 1845 55 20 duie
1859 1845 71 20 cittai.

1634 1873 88 23 Eccuti,
1733 1880 14 12 u
1757 1879 143 19 programma
1910 1873 22 20 di
1942 1880 12 13 e
1962 1873 119 22 “Cerimc-

1609 1901 51 20 nie”
1676 1901 64 20 coltu
1761 1901 109 20 annant’a
1887 1908 30 13 un
1936 1901 107 25 giurnale
2058 1903 22 19 di

1609 1929 76 19 Bastia
1693 1935 7 13 :

1630 1963 36 18 «La
1674 1963 40 18 fête
1721 1967 43 14 sera
1771 1963 98 19 annoncée
1877 1968 34 18 par
1923 1964 47 18 trois
1985 1969 57 19 coups
2057 1966 23 18 de

1607 1993 67 13 canon.

1630 2014 16 17 A
1653 2013 12 18 8
1673 2013 78 21 heures,
1758 2013 23 18 12
1788 2014 76 21 heures,
1872 2015 19 17 et
1899 2019 23 13 au
1930 2015 82 18 coucher
2020 2016 25 17 du
2051 2020 30 14 so-

1607 2039 34 18 leil
1648 2039 19 18 le
1674 2038 153 23 Primauguet,
1837 2039 88 18 vaisseau
1933 2040 73 21 amiral,
2022 2041 58 18 tirera

1607 2068 39 13 une
1654 2064 54 18 salve
1716 2065 24 17 de
1747 2064 21 17 21
1779 2069 58 17 coups
1845 2065 24 18 de
1877 2069 69 14 canon.

1630 2090 16 17 A
1654 2088 11 18 9
1671 2089 20 18 h.
1701 2089 29 21 15,
1740 2089 81 18 réunion
1835 2090 23 18 de
1867 2090 80 18 l’amiral
1962 2092 20 17 et
1989 2092 35 17 des
2036 2092 45 18 offi-

1607 2114 50 18 ciers
1665 2115 23 17 de
1696 2115 98 21 l'escadre,
1803 2115 34 18 des
1845 2116 92 18 autorités
1949 2117 68 18 civiles
2025 2122 10 13 e
2045 2117 36 18 mi-

1607 2140 80 21 litaires,
1704 2140 33 18 des
1750 2140 84 18 Sociétés
1847 2142 20 16 et
1875 2141 33 18 des
1920 2141 100 23 Syndicats
2034 2143 46 18 dans

1607 2165 31 18 les
1645 2165 65 18 salons
1718 2166 23 17 de
1749 2165 69 18 l’Hôtel
1827 2166 23 17 de
1856 2166 50 18 Ville
1914 2166 34 22 (1er
1954 2167 70 23 étage).

1630 2190 16 18 A
1654 2190 11 17 9
1671 2190 19 17 h.
1697 2189 30 23 30,
1736 2190 58 19 défilé
1799 2191 71 18 devant
1877 2192 19 17 la
1901 2191 71 23 Plaque
1980 2192 34 19 des
2022 2193 58 18 Morts

1608 2220 48 17 pour
1669 2215 18 18 la
1695 2215 64 18 Patrie
1772 2215 59 22 (Salle
1839 2217 25 17 du
1873 2216 75 19 Conseil
1957 2218 122 23 municipal);

1607 2241 79 17 absoute
1695 2245 34 17 par
1735 2241 21 17 le
1764 2241 70 22 clergé.

1629 2266 17 17 A
1654 2265 10 18 9
1670 2265 20 18 h.
1697 2265 30 22 33,
1737 2270 37 13 une
1788 2266 73 18 minute
1875 2268 24 17 de
1907 2267 79 18 silence.
1995 2267 30 19 Un
2036 2274 45 16 pre--

1607 2291 50 17 mier
1663 2295 48 18 coup
1720 2292 24 17 de
1751 2296 60 13 canon
1819 2296 107 15 annoncera
1934 2293 19 18 le
1964 2297 117 14 commence-

1607 2317 60 19 meni,
1674 2317 20 16 et
1701 2321 28 12 un
1737 2317 100 17 deuxième
1844 2321 25 14 en
1874 2322 99 18 marquera
1978 2318 18 18 la
2004 2319 36 18 fin.
2045 2319 35 18 Les

1607 2341 99 18 véhicules
1716 2342 19 17 et
1744 2342 29 17 les
1781 2346 105 18 personnes
1893 2344 44 17 sont
1945 2343 83 22 priés.de
2036 2345 44 17 s’ar-

1607 2366 50 18 rêter
1665 2367 86 22 pendant
1758 2368 50 17 cette
1816 2367 82 19 minute.

1630 2392 16 17 A
1658 2390 23 19 10
1688 2392 79 21 heures,
1782 2393 59 18 sortie
1848 2397 25 14 en
1886 2398 42 13 mer
1941 2394 33 18 des
1988 2395 92 18 autorités

1607 2421 48 17 pour
1663 2418 69 17 rendre
1739 2418 113 23 l’hommage
1861 2419 111 18 accoutumé
1980 2424 38 13 aux
2026 2420 55 18 victi-

1607 2446 40 14 mes
1656 2442 23 18 de
1686 2442 20 18 la
1714 2447 76 18 guerre,
1799 2443 98 22 disparues
1907 2448 23 14 en
1938 2449 48 14 mer.
1992 2450 8 11 »

1634 2476 17 20 E
1660 2483 13 13 u
1683 2483 54 14 resu
1750 2481 70 16 contu
1835 2478 21 19 di
1866 2484 13 14 a
1891 2477 90 22 “festa”
1994 2479 86 26 d’Ajac-

1607 2504 37 20 ciu
1652 2511 6 13 :

1631 2539 89 22 «Ajaccio
1725 2544 11 14 a
1744 2540 125 19 commémoré
1876 2541 112 23 dignement
1993 2542 29 19 les
2030 2542 49 19 fêles

1606 2565 25 18 de
1648 2565 123 23 l’Armistice,
1786 2567 112 18 rehaussées
1912 2572 34 17 par
1958 2568 19 17 la
1989 2568 91 22 présence

1607 2591 35 17 des
1649 2591 44 21 plus
1701 2591 61 19 belles
1770 2592 66 19 unités
1844 2592 23 18 de
1875 2593 92 18 l’escadre
1974 2594 24 18 de
2005 2594 21 17 la
2039 2594 41 18 Mé-

1607 2616 108 19 diterranée
1729 2617 33 22 qui
1769 2622 21 14 se
1804 2618 108 19 trouvaient
1925 2619 67 22 depuis
2005 2620 72 18 samedi

2101 239 59 19 matin
2169 240 46 16 dans
2223 240 53 17 noire
2285 240 52 17 rade.
2345 239 29 18 Au
2383 245 55 15 cours
2447 245 22 17 de
2478 246 18 18 la
2508 253 37 15 mes

2101 265 62 20 busse,
2172 264 32 22 qui
2215 269 10 12 a
2233 263 30 18 été
2271 264 74 18 célébré
2353 265 10 17 à
2372 265 22 18 10
2402 266 76 25 heures,
2487 271 39 23 Mgr
2533 258 13 34 R
2546 258 18 15 86

2100 289 31 18 dié
2139 295 11 12 a
2158 289 93 23 prononcé
2259 293 39 13 une
2306 288 115 21 émouvante
2432 293 100 24 allocution
2547 283 19 38 °j

2126 323 36 21 Oh
2171 323 5 20 !
2194 323 19 20 si
2223 322 100 22 Q/uelli
2331 323 103 25 pudìanu
2445 330 66 21 turnà
2518 333 14 20 !.

2099 375 228 21 Dimentieanza

2125 412 97 20 Traemu
2231 411 28 20 da
2269 418 14 13 u
2294 418 110 18 prucessu
2420 415 91 23 verbale
2521 421 21 20 di

2101 440 80 20 seduta
2190 440 22 20 di
2220 446 12 13 a
2241 440 98 20 Caméra
2353 439 23 20 di
2386 440 144 28 Cummerciu
2545 452 20 20 di

2102 468 99 25 Ajacciu,
2210 468 21 20 di
2239 475 13 13 u
2259 468 12 20 5
2280 468 173 24 nuvembre,ste
2461 474 73 24 poghe
2541 480 17 19 ri

2102 496 44 25 ghe
2153 503 6 13 :

2125 538 9 10 «
2140 532 24 18 M.
2174 532 18 18 le
2199 531 100 19 Président
2307 532 46 18 rend
2362 532 73 22 compte
2444 534 42 20 qu’à
2494 536 18 18 la
2526 540 39 19 deu.

2102 557 61 18 xième
2171 557 107 18 conférence
2291 558 34 17 des
2340 557 102 18 Chambres
2448 558 23 18 de
2481 559 86 25 Commer-

2103 586 21 13 ce
2132 582 92 21 française
2237 583 23 17 de
2268 583 19 16 la
2301 582 137 18 Méditerranée
2446 584 33 21 qui
2492 587 43 20 s’est
2542 592 25 18 te-

2102 611 39 13 nue
2148 607 18 17 le
2174 606 23 18 30
2204 607 107 22 septembre
2323 606 77 18 dernier
2408 611 24 13 au
2446 607 63 22 Palais
2516 613 21 19 de
2549 617 15 20 la

2102 631 78 21 Bourse,
2189 631 10 18 à
2207 631 102 21 Marseille,
2318 632 20 17 et
2345 631 11 17 à
2364 631 84 22 laquelle
2456 633 13 17 il
2479 639 10 13 a
2497 639 62 21 assisté

2102 655 25 18 M.
2142 656 22 17 A.
2174 655 134 22 Combarnous,
2323 656 84 17 membre
2420 656 24 18 de
2453 657 18 18 la
2482 656 83 29 Chambré

2103 681 23 18 de
2134 681 105 17 Commerce
2253 681 23 17 de
2285 680 101 22 Marseille,
2403 685 12 13 a
2427 682 62 20 donné
2498 685 66 25 lecture

2103 706 45 17 d’un
2157 706 75 22 rapport
2239 710 33 13 sur
2280 706 30 17 les
2319 705 92 18 relations
2419 707 102 24 maritimes
2528 719 38 18 pos-

2104 732 48 17 tales
2159 732 20 17 eL
2186 736 33 17 par
2227 731 57 18 avion
2293 731 54 18 entre
2355 731 97 18 Marseille
2459 734 19 17 et
2484 735 27 20 les
2524 744 42 15 Pav«,

2103 757 35 18 des
2150 757 83 18 diverses
2247 756 104 18 Chambres
2359 757 24 17 de
2391 756 105 23 Commerce
2508 768 58 19 repré-

2104 782 75 18 sentées
2186 782 11 17 à
2202 782 18 18 la
2226 781 115 19 Conférence
2348 786 5 15 ;
2363 781 14 18 il
2383 786 11 13 a
2402 783 85 19 examiné
2491 786 26 19 les
2523 792 43 18 rela-

2104 807 51 18 tions
2163 807 105 18 maritimes
2282 807 56 18 entre
2345 807 18 17 la
2372 806 72 18 France
2453 808 19 17 et
2485 810 81 24 l’Algérie

2104 837 24 14 en
2135 837 32 14 cas
2181 834 22 17 de
2211 833 57 22 grève
2283 833 34 18 des
2330 832 79 18 inscrits
2423 834 109 26 maritimes,
2545 843 20 17 et

2103 858 38 17 n’a
2148 862 41 18 pas
2196 857 43 19 fait
2249 858 104 18 mention
2362 857 28 18 de
2399 857 24 18 la
2432 858 75 20 Corse.

2124 883 26 18 M.
2164 884 19 18 le
2191 883 99 19 Président
2304 884 35 18 fait
2347 884 91 17 observer
2446 889 36 18 que
2496 886 27 19 les
2530 891 34 20 grè-

2104 913 34 14 ves
2145 909 33 18 des
2186 909 76 18 inscrits
2270 909 106 18 maritimes
2385 908 33 23 qui
2426 910 97 19 troublent
2530 919 31 17 gra.

2103 934 78 18 vement-
2187 934 27 18 les
2222 933 79 19 intérêts
2310 934 132 22 économiques
2451 935 23 18 de
2482 940 34 14 nos
2522 940 40 19 colo-

2104 959 42 18 nies
2153 960 20 17 et
2180 960 22 17 de
2210 964 34 13 nos
2255 964 47 17 pays
2310 959 24 18 de
2341 959 121 22 protectorat,
2478 965 86 21 menacent

2103 989 25 12 au
2136 984 79 22 premier
2223 984 52 23 point
2283 984 19 18 le
2311 984 148 18 ravitaillement
2467 986 24 18 de
2501 987 18 17 la
2529 988 36 20 Cor-

2104 1014 21 13 se
2131 1014 5 17 ;
2146 1009 14 18 il
2168 1010 96 21 demande,
2274 1014 25 13 en
2313 1009 137 22 conséquence,
2463 1015 37 17 que
2508 1017 21 14 ce
2539 1016 28 18 dé-

2104 1035 106 22 partement
2223 1035 37 18 soit
2273 1035 62 18 admis
2349 1040 25 12 au
2387 1035 88 18 bénéfice
2491 1037 24 18 du
2528 1043 38 16 voeu

2104 1059 49 19 émis
2160 1064 33 18 par
2205 1060 18 17 la
2231 1060 115 19 Conférence
2360 1065 24 13 en
2392 1060 70 18 faveur
2470 1061 24 18 de
2507 1063 60 20 l’Afri-

2104 1090 37 18 que
2145 1086 25 17 du
2179 1086 73 17 Nord.»

2129 1119 18 19 A
2160 1118 105 25 placidità
2273 1118 24 20 di
2307 1118 7 19 i
2324 1118 126 20 membridi
2459 1124 13 14 a
2482 1118 86 25 Caméra

2104 1146 24 20 di
2136 1146 145 20 Cummerciu
2296 1146 107 20 davant’a
2418 1149 151 22 custatazione

2104 1174 22 20 di
2134 1180 13 14 a
2156 1174 168 20 dimenticanza
2334 1174 21 20 di
2365 1174 83 24 l’isula,
2458 1174 56 21 fatta
2526 1177 26 20 da
2559 1186 11 13 a

2106 1202 159 21 «Conférence
2280 1202 41 21 des
2329 1202 127 21 Chambres
2470 1203 28 20 de
2512 1204 59 22 Com-

2104 1237 76 14 merce
2188 1230 124 25 françaises
2321 1231 28 19 de
2356 1231 23 20 la
2393 1231 176 23 Méditerranée»

2105 1265 31 14 un
2144 1265 80 14 manca
2231 1259 23 19 di
2261 1259 124 25 stupisceci
2395 1265 31 14 un
2434 1259 137 24 suppulellu.

2103 1305 176 25 IvLonsignor
2288 1305 113 20 Ricard.

2128 1341 18 19 E
2154 1344 83 20 mortu,
2244 1341 92 24 ghiorni
2344 1340 31 25 fà,
2384 1341 24 19 in
2416 1341 23 20 la
2449 1348 25 14 so
2484 1342 86 28 diocesi,

2104 1368 24 22 di
2136 1373 71 15 morte
2213 1369 266 25 subitanea,Monsignor
2486 1370 84 28 Ricard,

2105 1403 69 14 vescu
2183 1397 21 19 di
2214 1397 74 20 Nizza.

2129 1425 62 21 Tutti
2212 1425 117 25 l’Ajaccini
2349 1425 172 23 s’arricordanu
2538 1430 33 20 chi

2104 1454 131 25 Monsignor
2243 1454 93 22 Ricard,
2344 1454 22 20 in
2374 1454 21 20 lu
2406 1461 80 14 scorsu
2493 1456 77 26 jugnu,

2105 1482 99 20 invitatu
2218 1489 26 13 cu
2260 1489 13 13 u
2288 1489 70 13 vescu
2373 1483 22 19 di
2412 1483 121 26 Marseglia
2546 1487 26 19 da

2105 1510 134 25 Monsignor
2247 1510 73 20 Rodié
2329 1517 41 19 per
2378 1510 195 27 l'inaugurazione

2104 1538 24 20 di
2137 1545 13 13 a
2159 1538 80 21 Chiesa
2248 1538 22 20 di
2280 1545 15 13 u
2305 1538 71 21 Sacru
2386 1539 69 24 Core,
2471 1540 100 22 dedicata

2105 1573 12 13 a
2126 1566 6 20 i
2142 1566 68 21 Corsi
2222 1567 69 20 morti
2303 1566 24 20 in
2341 1573 91 19 guerra,
2447 1570 124 22 prununziô

2105 1601 31 13 un
2145 1600 112 18 sermone,
2267 1594 23 20 di
2300 1601 14 13 u
2322 1595 67 25 quale
2398 1595 37 20 no’
2444 1599 127 23 strappemu

2105 1622 91 25 qualchi
2206 1622 63 21 brani
2277 1629 6 13 :

2132 1654 12 11 <(
2151 1651 62 20 Cette
2227 1650 72 25 église
2315 1654 36 17 est
2364 1654 63 22 pour
2440 1657 57 16 vous
2503 1653 66 24 plus

2105 1679 90 24 qu’un
2208 1678 60 21 lieu
2292 1679 184 21 d’adoration
2493 1681 28 20 et
2537 1682 32 20 de

2104 1704 108 27 prière:
2234 1707 72 20 c’est
2321 1707 29 19 le
2365 1708 110 24 temple
2489 1709 34 20 de
2539 1710 31 20 la

2106 1734 149 26 gratitude
2262 1735 206 25 patriotique...
2478 1745 11 11 »

2132 1772 36 11 «...
2177 1763 48 20 J'ai
2229 1766 34 22 pu
2270 1764 52 20 voir
2329 1770 57 14 avec
2393 1765 106 23 émotion,
2512 1766 58 20 dans

2105 1797 42 14 vos
2152 1792 120 24 paroisses,
2283 1798 46 18 que
2336 1792 34 20 les
2376 1792 64 20 listes
2454 1793 41 20 des
2502 1796 68 18 morts

2105 1821 54 18 sont
2170 1823 95 16 souvent
2275 1820 58 24 plus
2348 1820 98 25 longues
2453 1827 44 18 que
2512 1822 58 20 dans

2106 1854 52 13 mon
2167 1848 96 19 diocèse.
2280 1848 48 19 La
2344 1848 90 20 Corse
2443 1853 20 15 a
2479 1849 89 21 donné

2107 1873 241 26 généreusement
2355 1876 33 20 la
2395 1875 124 25 saignée
2525 1881 43 19 pa-

2105 1902 138 25 triotique
2264 1904 105 23 qu’elle
2391 1903 103 21 devait
2507 1902 19 21 à
2539 1904 28 20 la

2106 1931 138 20 France...
2256 1936 16 15 »

2132 1959 72 20 «...Il
2208 1958 55 24 faut
2277 1959 36 20 les
2319 1960 105 22 honorer,
2439 1966 42 13 vos
2497 1963 68 20 morts,

2106 1992 42 13 car
2154 1988 57 21 tous,
2221 1988 72 18 même
2300 1993 58 14 ceux
2366 1988 58 19 dont
2437 1987 25 20 la
2471 1988 37 20 vie
2516 1989 51 19 était

2106 2014 25 19 la
2137 2014 55 24 plus
2199 2015 101 23 obscure,
2307 2019 40 16 ont
2350 2014 40 21 fait
2399 2016 74 24 partie
2482 2016 28 20 de
2516 2020 51 16 cette

2106 2042 99 20 sublime
2214 2042 133 20 croisade
2359 2049 59 19 pour
2431 2044 23 19 la
2469 2042 104 26 liberté,

2105 2069 156 26 française,
2274 2075 76 19 pour
2357 2071 33 20 la
2399 2072 109 24 justice
2520 2072 47 20 hu-

2105 2098 125 21 maine...
2236 2103 17 15 »

2254 2174 22 18 H.
2286 2175 138 18 YVIA-CRÛCE

2232 2220 214 23 ANTHOLOGIE

2307 2255 62 21 DES

2187 2287 172 23 ECRIVAINS
2375 2289 119 22 CORSES

2256 2326 91 16 EXTRAITS
2354 2324 68 18 VARIÉS

2271 2346 134 19 ACCOMPAGNÉS

2106 2369 23 14 DE
2137 2370 73 15 NOTICES
2217 2370 146 18 BIOGRAPHIQUES
2370 2372 23 14 ET
2401 2372 169 17 BIBLIOGRAPHIQUES

2211 2393 22 14 ET
2241 2393 23 14 DE
2271 2393 59 15 NOTES
2337 2394 132 16 EXPLICATIVES

2290 2417 97 18 ILLUSTRÉS

2216 2440 21 15 DE
2245 2440 99 17 NOMBREUX
2351 2440 112 18 FAC-SIMILÉS

2216 2469 54 15 AVEC
2280 2470 44 15 UNE
2331 2466 96 20 PRÉFACE
2434 2472 30 14 DE

2229 2491 25 15 M.
2262 2491 65 16 PAUL
2335 2492 114 16 GRAZIANI

2183 2513 83 16 Archiviste
2276 2514 120 19 Départemental
2403 2516 19 15 de
2429 2517 17 14 la
2454 2517 45 14 Corse

2269 2539 51 16 TOME
2327 2540 81 15 PREMIER

2182 2564 36 18 (XV-
2225 2564 38 15 XVI-
2272 2565 46 15 XVII-
2327 2566 23 14 ET
2357 2566 54 15 XVIII-
2420 2564 78 20 SIÈCLES)

2126 2592 9 18 I
2142 2593 39 18 vol.
2190 2594 20 16 in
2218 2592 18 19 8°
2242 2594 21 17 di
2271 2593 35 19 332
2314 2595 78 23 pagine:
2406 2596 27 18 20
2445 2595 96 19 franchi.

2195 2627 65 18 Ajaccin,
2268 2627 85 19 Stamparia
2361 2629 16 14 di
2384 2629 18 14 A
2409 2628 72 15 Aluvra.

110 2735 105 19 Fuelittinu
222 2735 20 17 di
248 2730 183 22 AxMuvra—n.14-1
436 2729 54 17 -diu
495 2726 85 20 17-11-29

136 2794 242 55 PASÛUÂLÊ
411 2790 145 49 PA0L1

316 2869 63 19 0SSIA

157 2918 36 35 La
211 2916 80 36 Mh
309 2914 29 35 di
352 2913 174 35 Pontenuovo

112 2974 275 28 RACONTOCORSO
392 2970 188 25 DELSECOLO

304 3013 80 22 XVIII

335 3055 23 17 DI

207 3101 34 25 F.
254 3101 37 23 O.
309 3097 173 27 Guerr-azrsi

140 3175 32 21 La
180 3175 69 19 vasta
272 3172 50 20 tela
344 3169 44 21 che
407 3168 34 21 ho
454 3173 44 21 per
510 3171 73 16 mano

112 3213 52 16 non
174 3206 34 22 mi
220 3205 118 22 consente
351 3202 44 21 che
406 3201 26 21 io
449 3205 80 22 possa,
543 3203 42 17 co-

111 3247 41 15 rne
165 3244 57 22 pure
245 3236 93 25 vorrei,
361 3239 103 22 esporre
479 3232 106 22 minuta-

112 3274 85 21 mente
207 3272 24 21 la
243 3270 77 22 storia
331 3268 25 22 di
372 3267 142 21 Perinotto.
522 3263 64 23 Giu-

113 3311 76 22 seppe
202 3303 87 22 Mattéi
299 3303 26 21 lo
335 3301 30 21 ha
372 3300 70 25 fatto,
450 3305 14 16 e
473 3304 26 16 se
507 3297 80 22 all’ot-

112 3340 62 20 timo
186 3337 87 22 volere
283 3334 149 28 rispondeva
449 3332 136 26 l’ingegno,

113 3378 14 14 a
138 3375 96 17 veruno
257 3367 102 23 sarebbe
389 3366 77 21 lecito
486 3366 100 19 toccare

113 3405 89 26 questo
212 3403 100 26 pietoso
323 3401 142 26 argomento
476 3403 5 20 ;
494 3396 55 21 altri
560 3401 27 16 se

112 3443 32 15 ne
161 3434 142 28 invoglierà
324 3431 88 29 perché
436 3432 110 20 davvero
560 3430 27 20 lo

113 3469 102 25 mérita;
229 3468 95 21 intanto
336 3465 67 28 giovi
417 3468 87 23 sapere
518 3467 70 16 corne

114 3502 131 22 Perinotto
253 3500 74 21 ferito
338 3499 64 20 nelle
413 3495 96 28 texnpie
519 3500 13 15 e
545 3500 45 21 per

117 3537 22 19 la
151 3535 82 21 fronte
256 3533 108 21 salvasse
383 3531 24 20 la
419 3529 60 25 vita,
491 3533 52 16 non
554 3527 35 27 gli

115 3567 82 22 occhi.
211 3565 106 22 Visitato
325 3564 38 21 dal
374 3561 116 29 generale
503 3560 22 21 al
532 3565 58 16 con-

115 3602 79 19 vento
202 3599 25 21 di
240 3597 125 24 Lucciana,
377 3593 110 28 dov’egli
496 3594 25 20 lo
533 3597 57 16 ave-

117 3639 34 16 va
162 3632 59 21 fatto
230 3631 157 27 trasportare,
395 3629 27 20 lo
431 3624 101 25 consolé
545 3630 45 16 con

607 2733 113 17 amorose
728 2726 94 27 parole,
833 2725 27 21 lo
871 2722 71 23 baciò
950 2722 44 28 più
1000 2722 78 24 volte,

608 2769 14 15 e
633 2763 159 26 quantunque
804 2758 24 22 di
841 2759 111 20 sostanze
969 2761 50 16 non
1038 2760 42 16 co-

607 2795 82 28 pioso,
703 2794 17 20 il
730 2791 69 23 Paoli
812 2791 34 27 gli
860 2789 105 28 assegnò
978 2794 74 22 sopra
1062 2788 19 21 il

608 2834 43 16 suo
663 2825 152 30 patrimonio
834 2825 24 21 la
866 2823 121 28 pensione
1001 2827 80 16 annua

608 2862 25 21 di
643 2862 112 20 trecento
776 2859 53 24 lire,
843 2857 45 21 che
900 2856 80 22 finchè
993 2855 68 22 visse
1067 2861 14 14 e

608 2895 25 22 in
641 2895 60 26 ogni
708 2899 44 16 sua
758 2892 96 22 fortuna
862 2889 104 29 procuré
973 2889 35 28 gli
1015 2889 67 21 fosse

608 2926 202 29 religiosamente
832 2926 96 26 pagata.
953 2922 96 26 Questo
1068 2921 14 21 è

609 2962 76 25 bello,
698 2967 40 15 ma
747 2960 87 26 questo
848 2959 62 20 altro
924 2956 43 27 più
978 2958 87 18 tenero
1074 2961 7 20 ;

609 2995 50 27 egli
671 2993 63 22 erasi
746 2993 119 22 fidanzato
877 2996 47 17 con
933 2994 48 16 una
1002 2988 80 22 zitella

610 3028 24 22 di
646 3026 141 28 Ortiporio,
802 3025 24 21 di
850 3029 75 17 nome
940 3022 141 24 Elisabetta,

608 3062 24 21 la
643 3061 79 27 quale,
733 3064 95 22 appena
840 3058 21 21 si
870 3057 116 22 fumesso
999 3055 85 27 inpie-

610 3095 33 25 di,
656 3093 63 22 andé
728 3099 14 15 a
751 3091 103 22 visitare
863 3096 6 15 :
879 3089 108 22 arrivato
994 3089 89 20 davan-

609 3128 20 21 ti
636 3128 25 21 la
672 3132 54 16 casa
738 3130 72 17 senza
821 3125 103 20 mettere
934 3123 18 20 il
963 3121 72 28 piede
1044 3126 40 16 so-

610 3166 44 22 pra
662 3161 21 20 la
692 3159 79 28 soglia
779 3156 97 23 chiamé
884 3161 47 16 con
938 3161 60 21 gran
1005 3159 63 17 voce
1076 3159 7 15 :

611 3194 132 23 Elisabetta
752 3193 6 20 !
766 3203 29 5 —
803 3197 15 15 e
826 3190 98 28 quando
932 3189 40 22 dal
986 3193 99 17 rumore

612 3228 39 21 dei
663 3226 67 29 passi
743 3226 22 21 la
788 3223 146 24 riconobbe,
954 3227 47 17 con
1024 3226 61 17 vece

612 3261 121 22 tremante
743 3258 122 28 aggiunse
875 3263 7 15 :
893 3255 139 26 Elisabetta,
1044 3255 41 20 voi

612 3295 27 20 vi
648 3294 113 27 sposaste
769 3291 29 21 ad
806 3297 33 15 un
849 3289 139 22 illuminato
1001 3288 31 21 ed
1042 3293 44 16 ora

613 3332 62 17 sono
687 3325 62 22 fatto
755 3325 78 24 cieco,
843 3334 26 5 —
878 3322 138 24 Elisabetta,
1024 3325 63 16 sono

613 3361 95 21 venuto
732 3364 13 15 a
756 3356 116 22 rendervi
896 3356 23 20 la
931 3356 82 19 vostra
1031 3358 56 22 pro-

614 3397 89 17 messa.
714 3390 41 22 Ma
767 3391 86 26 questa
869 3389 69 20 santa
959 3386 128 25 fanciulla,

614 3426 97 26 rispose
716 3422 189 29 ingenuamente
912 3426 6 15 :
925 3431 29 4 —
959 3419 129 22 Perinotto

614 3459 62 24 mio,
689 3455 141 30 guardateci
842 3455 48 21 due
899 3453 77 25 volte,
990 3452 44 21 che
1047 3456 43 17 ora

616 3492 24 21 di
651 3490 95 27 moglie
753 3490 72 20 avete
835 3487 201 27 bisognotroppo
1048 3483 42 28 più

617 3524 24 21 di
653 3523 82 27 prima
744 3538 5 9 ,
758 3520 140 23 tenetevila
905 3519 49 22 mia
961 3522 129 23 promessa

617 3563 14 15 e
641 3554 152 29 sposiamo.ci
801 3554 43 21 nel
852 3558 75 17 nome
934 3551 25 21 di
972 3551 58 21 Dio.
1037 3562 29 4 —
1073 3550 19 20 E

618 3588 53 23 cosi
681 3588 94 22 fecero.
787 3586 128 22 Perinotto
923 3583 82 22 finchè
1011 3584 78 24 visse,

618 3628 14 16 e
642 3621 70 22 visse
719 3620 84 26 molto,
817 3619 25 21 fu
852 3618 125 22 ileantore
986 3617 43 21 elo
1040 3617 51 20 sto-

1109 2721 49 22 rico
1171 2722 40 21 del
1221 2727 77 21 paese
1307 2728 6 19 ;
1333 2722 90 22 dicono
1447 2722 45 22 che
1505 2723 8 21 i
1525 2723 55 22 suoi

1109 2755 62 21 canti
1183 2760 119 17 avessero
1318 2755 67 22 virtù
1406 2756 175 28 maravigliosa

1109 2788 24 21 di
1145 2788 136 22 accendere
1293 2789 34 27 gli
1344 2789 82 26 animi,
1441 2796 13 15 e
1465 2789 23 22 ci
1499 2790 80 25 credo,

1109 2821 89 27 perché
1209 2822 25 21 le
1245 2828 72 16 muse
1333 2823 42 22 noi
1387 2823 58 21 tutti
1467 2823 114 22 abbiamo

1109 2854 86 23 dent-ro
1205 2855 24 22 di
1242 2856 44 21 noi
1296 2861 14 16 e
1319 2857 22 20 le
1354 2857 130 22 sortimmo
1492 2857 31 21 da
1533 2862 49 16 ma-

1109 2888 42 21 dré
1162 2890 95 25 natura,
1270 2890 56 21 solo
1338 2889 44 22 che
1393 2890 24 21 la
1434 2889 97 23 fiamma
1543 2890 39 21 del

1109 2927 75 16 cuore
1193 2922 78 21 arrivi
1282 2928 13 15 a
1307 2923 158 22 reverberare
1483 2924 38 21 sul
1532 2929 52 16 cer-

1109 2955 76 25 vello,
1195 2956 133 21 lalucedel
1338 2958 71 20 canto
1416 2962 90 23 sgorga
1516 2956 65 22 arivi

1109 2988 65 22 dalle
1180 2989 189 22 labbraumane.
1380 2989 11 21 I
1400 2990 75 22 nuovi
1488 2990 95 28 signori

1109 3022 25 21 lo
1144 3027 104 22 presero
1260 3022 27 21 in
1296 3025 111 25 sospetto
1419 3029 14 15 e
1443 3022 142 29 gl’impose-

1109 3057 148 24 rotacesse;
1270 3061 41 16 ma
1323 3057 49 27 egli
1384 3056 22 21 si
1418 3062 95 22 oppose
1527 3057 58 21 alle-

1109 3089 82 26 gando
1201 3088 160 23 chedeivivi
1376 3092 144 19 costumava
1534 3095 49 17 non

1110 3121 54 22 dire
1174 3122 65 21 bene
1251 3122 32 21 né
1292 3123 72 26 male,
1379 3123 158 22 unicamente
1547 3129 39 16 ce-

1109 3155 99 22 lebrare
1219 3155 7 22 i
1236 3156 77 21 morti
1324 3162 6 19 ;
1340 3161 42 16 ora
1393 3157 108 27 parergli
1519 3157 67 21 invi-

1111 3187 39 22 dia
1159 3189 94 27 peggio
1263 3188 47 22 che
1317 3189 102 22 barbara
1431 3189 121 28 impedire
1562 3191 23 21 la

1110 3221 59 21 Iode
1180 3222 24 21 ai
1213 3221 106 26 defunti,
1332 3222 31 21 ed
1373 3222 94 28 eglino,
1478 3220 23 24 io
1509 3223 78 22 ricor-

1112 3254 108 26 dassero,
1232 3255 92 21 essersi
1343 3255 95 28 yantati
1449 3257 136 26 promotori

1112 3287 25 21 di
1148 3287 86 22 civiltà
1243 3287 26 22 in
1283 3287 102 22 Gorsica
1396 3295 6 15 :
1415 3289 23 22 si
1448 3295 139 23 vergogna-

1112 3325 71 20 rono,
1206 3326 13 15 e
1230 3320 25 22 lo
1276 3321 138 22 lasciarono
1431 3325 98 20 cantare
1538 3330 6 19 ;
1567 3324 19 21 il

1113 3353 89 26 giorno
1213 3354 41 20 nel
1261 3355 73 26 quale
1343 3355 49 26 egli
1405 3361 47 16 non
1461 3356 74 22 canté
1546 3357 41 21 de-

1113 3385 35 27 gli
1170 3385 65 26 altri,
1254 3388 59 21 altri
1330 3389 73 20 canto
1422 3394 45 21 per
1482 3389 46 26 lui,
1547 3396 39 16 ma

1114 3420 88 24 questa
1213 3420 67 21 volta
1291 3421 26 21 fu
1325 3420 19 21 il
1355 3419 131 24 Miserere.

1141 3450 22 22 Il
1174 3451 102 27 signore
1292 3453 26 21 di
1330 3453 86 26 Ludre,
1425 3455 66 22 vista
1504 3456 24 21 la
1539 3462 49 16 ma-

1115 3483 23 21 la
1149 3486 92 25 parafa,
1252 3485 92 22 mandé
1352 3487 75 22 messi
1439 3493 74 23 sopra
1523 3495 65 16 mes-

1116 3516 21 21 si
1147 3522 14 15 a
1173 3516 91 27 Bastia,
1273 3519 104 22 affinchè
1389 3521 22 20 si
1422 3521 166 23 affrettassero

1118 3554 13 15 a
1140 3551 151 27 soccorerlo,
1304 3552 136 23 avvisando
1449 3555 18 20 il
1478 3555 112 21 marche-

1117 3587 26 15 se
1155 3582 24 21 di
1192 3582 141 24 Chauvelin
1343 3587 106 21 trovarsi
1457 3587 133 22 minaccia-

1116 3616 26 20 to
1154 3615 39 21 dai
1205 3617 58 21 mali
1275 3618 42 22 del
1327 3618 88 22 blocco
1427 3625 14 16 e
1459 3621 31 20 da
1513 3622 76 25 quelli

1613 2723 61 22 lello
1686 2725 110 26 assedio,
1806 2725 7 21 i
1822 2726 75 26 primi
1909 2725 61 28 peré
1982 2726 99 28 piùter-

1613 2757 63 22 ribili
1687 2758 67 28 degli
1767 2759 56 21 altri
1836 2760 106 21 essendo
1952 2764 93 18 strerno
2056 2761 23 22 di

1613 2791 76 21 viveri
1712 2797 14 16 e
1738 2792 137 22 mancando
1894 2793 24 22 di
1942 2794 76 22 modo
2037 2801 45 21 per

1613 2825 180 26 orovvederne,
1806 2828 159 26 quantunque
1984 2828 78 22 anche
2072 2829 8 20 i

1613 2858 99 21 secondi
1721 2858 102 22 dessero
1835 2865 12 15 a
1867 2865 113 22 pensare,
2000 2862 82 21 consi-

1613 2890 105 23 ierando
1730 2891 8 21 i
1751 2891 71 22 Côrsi
1833 2894 164 23 attendessero
2008 2901 13 15 a
2029 2901 53 16 mu-

1613 2923 58 22 nirsi
1685 2924 25 21 di
1722 2930 76 22 opéré
1809 2927 65 26 quali
1883 2928 145 23 avrebbono
2039 2935 42 22 po-

1613 2959 50 19 tuto
1673 2958 121 23 condurre
1805 2959 8 22 i
1837 2959 42 28 più
1902 2962 91 27 esperti
2013 2962 70 29 inge-

1613 2991 76 26 gneri.

1639 3022 20 23 Il
1670 3025 129 23 marchese
1811 3027 31 21 de
1854 3027 138 24 Chauvelin
2015 3029 66 28 dopo

1613 3057 32 27 gli
1658 3058 78 22 ultimi
1746 3059 52 22 fatti
1809 3061 163 22 considerava
1979 3063 23 21 la
2011 3068 71 23 guer-

1613 3096 25 16 ra
1646 3097 14 15 e
1668 3091 18 22 il
1697 3098 74 21 paese
1783 3093 95 23 diversi
1892 3096 30 21 da
1932 3096 75 27 quelli
2018 3096 45 22 che
2070 3102 13 15 a

1613 3125 76 26 prima
1697 3126 85 27 giunta
1794 3127 34 27 gli
1840 3133 41 16 era
1893 3134 71 22 parso
1976 3129 92 22 vedere
2076 3136 6 19 ;

1613 3163 13 15 e
1637 3163 70 17 corne
1720 3160 65 21 nelle
1808 3162 87 21 nature
1917 3163 127 21 eccessive
2058 3164 25 21 lo

1613 3194 129 25 sgomento
1755 3194 159 27 corrisponde
1934 3196 47 21 alla
1996 3197 88 22 esalta-

1613 3224 69 22 zione
1693 3226 43 21 ela
1749 3232 96 22 supera,
1858 3227 53 23 cosi
1917 3234 42 16 ora
1970 3229 113 22 scriveva

1613 3257 26 22 in
1647 3257 102 24 Francia
1770 3261 90 22 lettere
1873 3267 26 16 su
1923 3263 87 21 lettere
2033 3269 49 17 non

1613 3291 117 29 bastargli
1738 3294 8 20 i
1758 3296 62 20 sette
1838 3295 157 28 reggimenti,
2014 3297 24 22 le
2049 3298 35 21 le-

1613 3325 70 27 gioni
1692 3325 106 23 Sonbise
1809 3333 14 15 e
1835 3329 74 25 reale,
1919 3329 34 27 gli
1963 3329 120 28 artiglieri

1613 3362 14 16 e
1636 3357 7 21 i
1655 3357 148 28 micheletti,
1813 3359 46 22 che
1870 3361 79 26 prima
1959 3362 25 20 lo
1995 3367 90 16 aveva-

1613 3394 230 24 noaccompagnato
1852 3393 25 21 in
1885 3392 111 27 Corsica;
2003 3395 82 22 voler-

1614 3423 23 21 ci
1648 3423 64 21 bene
1723 3424 60 21 altre
1801 3425 65 22 forze
1880 3432 45 20 per
1936 3427 118 22 resistere
2062 3429 22 20 al

1614 3457 73 20 clima
1707 3458 169 26 p.estilenziale
1896 3465 14 15 e
1929 3461 48 21 allô
1995 3462 89 21 strazio

1614 3489 63 21 délia
1697 3491 114 21 continua
1839 3494 178 25 perseeuzione
2041 3500 43 21 per

1615 3523 87 27 greppi
1714 3529 13 15 e
1739 3529 43 21 per
1793 3524 100 22 bricche
1906 3526 26 21 di
1944 3532 33 15 un
1985 3527 98 22 nemico

1615 3555 45 22 che
1671 3561 51 17 non
1733 3557 168 23 s’incontrava
1912 3560 59 25 mai,
1989 3565 95 18 comec-

1616 3588 45 22 chè
1671 3589 27 22 vi
1710 3591 144 21 molestasse
1870 3597 98 22 sempre
1982 3593 31 21 da
2025 3595 58 26 ogni

1615 3623 58 20 lato.
1686 3622 98 27 Questo
1795 3629 50 16 non
1857 3630 41 17 era
1912 3631 60 16 vero
1990 3627 30 21 da
2038 3628 45 22 che

2109 2728 18 21 il
2143 2729 99 22 nemino
2262 2731 49 28 egli
2335 2737 86 16 avesse
2441 2730 132 23 incontrato

2109 2761 43 27 più
2163 2766 103 19 sovente
2283 2765 46 22 che
2340 2771 49 16 non
2403 2765 168 22 desiderassse,

2109 2801 38 16 ma
2156 2797 35 27 gli
2203 2803 75 21 parve
2298 2799 43 27 più
2352 2800 66 21 bello
2430 2794 140 27 confessarsi

2109 2829 70 23 vinto
2190 2831 61 22 dalle
2258 2833 88 26 gambe
2357 2832 45 22 che
2410 2832 63 21 dalle
2483 2829 86 25 braccia

2109 2862 40 22 del
2159 2865 103 21 nemico.
2273 2864 72 30 Luigi
2364 2865 56 26 XV,
2437 2865 130 22 cheteneva

2109 2896 26 21 in
2146 2897 84 22 delizia
2236 2901 88 24 questo
2333 2899 136 26 marchese,
2479 2894 92 33 provvi-

2109 2930 31 21 de
2150 2931 35 27 gli
2196 2932 140 27 spedissero
2359 2933 30 21 da
2413 2932 95 23 Tolone
2525 2930 44 22 otto

2109 2965 77 20 nuovi
2197 2965 147 28 battaglioni
2356 2967 8 21 i
2377 2967 67 27 quali
2461 2966 111 23 arrivaro-

2109 3003 31 16 no
2151 3003 14 16 a
2174 2997 69 23 Calvi
2259 3005 13 15 e
2283 3005 15 16 a
2311 2999 47 23 San
2372 3001 119 22 Fiorenzo
2507 3000 65 24 sopra

2111 3029 27 28 38
2148 3031 57 22 navi
2217 3034 105 21 scortate
2335 3034 29 21 da
2373 3041 12 21 3
2394 3033 95 28 fregate
2500 3038 13 16 e
2525 3031 27 21 da
2559 3033 12 16 2

2110 3064 134 23 sciabecchi
2256 3071 5 20 ;
2274 3066 27 22 in
2324 3070 86 25 questa
2432 3067 102 28 bisogna
2553 3060 18 22 si

2111 3097 96 24 affaticé
2229 3105 44 16 con
2286 3101 58 21 tutti
2357 3102 7 21 i
2388 3101 73 22 nervi
2485 3103 57 18 anco
2556 3094 16 22 il

2110 3131 112 23 ministro
2231 3132 128 28 Choiseul,
2373 3135 90 22 dacchè
2487 3128 86 27 avendo

2110 3163 59 23 fatto
2188 3166 170 23 strombettare
2382 3173 74 23 sopra
2476 3169 23 20 la
2518 3164 56 25 GaV

2109 3199 68 26 ^etta
2188 3199 27 21 di
2224 3199 115 22 Francia
2349 3202 23 20 le
2386 3202 80 27 prime
2478 3195 96 27 vittorie

2110 3229 113 29 francesi,
2232 3233 63 22 ebbe
2304 3239 12 15 a
2326 3234 79 27 patire
2416 3236 23 21 la
2448 3229 102 28 umiliazi
2552 3233 23 16 0"

2111 3269 31 16 ne
2149 3264 23 21 di
2185 3266 101 27 leggere
2309 3268 67 21 nella
2398 3269 44 27 più
2459 3268 69 28 parte
2536 3259 36 25 dei

2111 3297 71 22 diarii
2193 3300 100 27 europei
2303 3301 22 21 le
2335 3302 101 27 allegrie
2445 3301 45 22 che
2497 3299 19 22 si
2527 3299 46 20 01e''

2111 3331 95 22 navàno
2216 3339 44 21 per
2270 3334 25 21 le
2317 3335 116 22 sconfitte
2454 3335 27 21 in
2495 3331 64 23 ultiffl
2561 3331 12 15 0

2111 3363 112 23 rilevate.
2235 3365 64 23 Peré
2309 3367 19 22 il
2340 3369 104 26 querulo
2465 3360 109 35 generale

2111 3401 50 17 non
2174 3398 20 21 si
2200 3399 90 22 rimase
2295 3406 46 21 per
2349 3404 87 25 questo
2445 3407 13 15 e
2463 3397 97 25 continu
2560 3397 13 15 0

2112 3435 13 15 a
2135 3433 169 27 ragguagliare
2315 3435 24 21 la
2346 3437 76 23 corte,
2433 3438 73 18 corne
2513 3426 61 31 quel-

2110 3459 26 25 10
2147 3463 45 22 che
2205 3464 93 24 Seneca
2309 3474 78 16 aveva
2398 3468 88 22 scritto
2503 3463 71 22 intor-

2110 3501 34 17 no
2154 3498 47 21 alla
2214 3498 102 24 Corsica
2334 3508 48 15 non
2405 3494 169 34 raggiungesse

2111 3526 18 22 11
2141 3531 84 24 quarto
2243 3530 41 23 del
2300 3538 62 16 vero
2373 3539 6 19 ;
2402 3534 65 20 terra
2488 3523 84 27 stérile»

2110 3562 51 21 aria
2183 3564 115 28 maligna,
2312 3566 86 28 popoli
2418 3557 127 30 salvaticlii
2559 3557 15 34 f

2110 3598 122 25 posseduti
2244 3599 42 21 dal
2298 3599 102 23 diavolo
2413 3598 64 21 délia
2487 3587 88 33 cupidi'

2109 3628 24 22 là
2144 3635 5 20 ;
2162 3636 50 17 non
2223 3631 174 24 basterebbero
2409 3626 135 27 soomilion
2546 3627 7 15 1
2563 3624 11 15 2
