2589 3843
88 165 71 21 rossi
173 170 12 14 e
204 159 113 25 bianchi,
337 162 74 24 sença
431 156 129 26 vergogna

86 197 31 21 nè
131 200 108 18 russore
247 199 11 20 ;
270 197 17 16 u
299 190 35 22 so’
344 191 80 25 scopu
432 194 8 15 :
461 186 97 22 l’onom

86 229 35 21 ad
131 227 56 25 elli,
200 233 12 14 e
224 232 15 15 a
250 221 128 25 schiavitù
389 221 29 20 di
430 218 71 23 tutti.

115 260 15 21 I
140 259 74 22 vider
214 259 38 20 etc
264 254 114 28 junghte,
387 251 112 23 sticcati,
512 254 48 15 tm-

85 292 116 29 puntati,
211 289 98 29 guanti
320 293 12 14 e
343 290 85 17 canna
437 290 21 32 a,
471 281 26 21 la
505 286 55 15 ma-

86 331 37 16 nu
129 331 10 20 ;
163 323 73 25 certi,
257 317 139 25 monoculu
409 323 15 14 a
440 312 118 25 l’occluu,

85 355 145 24 istallendu
250 361 16 14 a.
285 352 34 22 so'
341 350 122 25 altem^ia
484 344 76 22 semi-

88 387 170 24 aristocratie
259 392 25 14 a.
302 384 39 21 Un
362 377 197 25 s'arneordanu

85 420 49 29 più
150 418 87 23 ch'elli
255 417 29 21 s'o
302 414 62 23 stati
386 410 108 23 allevati
510 413 50 17 cun

86 455 66 25 poca
172 449 142 29 pisticcijia
333 453 12 14 e
364 445 43 22 chi
422 450 13 14 e
453 442 38 21 so’
510 440 49 29 più

86 484 100 28 grandi
198 479 171 29 attribu%ioni
375 477 75 28 funu
462 475 28 21 di
501 475 17 26 J
520 473 15 21 à
550 473 11 20 i

87 516 58 22 cani
158 515 24 22 di
192 513 132 28 quartiere.

117 549 30 22 Si
155 546 130 23 vurrìanu
297 545 107 26 impone,
429 540 58 22 solu
510 543 50 17 cun

90 580 108 29 qualchi
206 578 154 23 discursettu
369 576 109 25 comprit
491 576 35 17 un
536 570 25 21 si

88 614 30 21 sà
131 614 66 20 duve
209 618 11 14 e
234 609 132 28 imparatu
381 606 51 21 'n'a
447 604 111 22 nuttata.

117 645 46 21 Ma
175 642 84 23 ohimé
269 642 10 20 !
289 641 70 21 Duve
371 639 25 24 je
408 643 37 16 un
464 635 95 22 vieritu

90 678 28 21 di
127 677 51 21 ’ssa
186 676 73 26 jente
267 673 12 21 ?
289 673 70 21 Duve
363 670 29 27 jè
401 675 18 16 u
435 668 28 22 bè
475 665 86 23 ch'elli

89 705 174 30 hanufattiii
283 702 145 30 Bigliacchi
447 707 13 14 e
477 704 45 16 cor
523 698 32 25 ci,

89 742 72 22 hanu
171 739 129 22 disertatu
308 742 16 16 u
328 734 134 31 fuculare,
471 737 54 16 unn
534 736 26 15 a-

89 774 86 22 vendu
187 771 127 27 curaggiu
327 765 145 27 dilavurà;
490 764 70 22 hanu

88 806 141 27 rinnegatu
243 810 16 14 a
276 802 36 22 so'
327 801 98 27 patria,
447 803 35 16 un
497 803 22 15 si
531 801 28 15 so

89 840 54 21 mai
155 835 159 25 cumandati.
323 831 177 30 S'ingonfianu
510 829 15 21 d
534 834 27 15 a-

90 872 28 22 v'e
142 871 70 22 assai
234 867 84 23 sollii
340 866 35 22 Ne
396 866 35 20 ha
454 869 31 16 an
488 868 32 16 eu
525 894 5 7 ^
543 867 17 15 u

91 904 76 27 bojal
175 903 69 27 Soga
256 907 31 15 ne
298 900 88 27 fecenu
400 897 133 29 participa
543 900 17 15 u

86 936 110 29 publicu
209 941 13 15 o
236 933 102 22 almenu
351 933 10 20 i
370 931 37 22 so'
430 928 95 24 amiciì
547 926 15 22 I

88 971 25 20 si
121 973 131 23 magnanu
262 967 85 26 daper
355 964 44 22 elli
404 971 11 20 ;
421 962 138 29 picchiate,

90 1009 13 15 e
114 1002 37 22 so'
161 1002 76 27 porte
248 1006 14 15 s
263 999 14 21 b
290 999 43 21 chi
334 1003 49 17 ose.

119 1035 40 21 Ed
167 1041 13 14 e
193 1035 125 26 appressu
333 1037 16 15 a
360 1030 51 22 'ssa
431 1030 69 25 jente
519 1026 43 22 chi

89 1068 43 22 no’
140 1072 88 17 avemu
241 1066 34 21 da
287 1063 92 24 correi

121 1100 19 22 S
141 1100 14 21 b
169 1099 86 29 quessi
265 1098 43 22 chi
321 1098 25 21 ci
355 1096 93 23 s’hanu
465 1095 33 22 da
513 1094 49 21 im-

89 1137 68 25 polie
172 1134 27 20 in
211 1131 114 29 pulitica
333 1129 11 22 Ì
365 1129 59 26 Alb,
448 1127 35 23 Al
484 1127 14 22 b
507 1127 8 21 !
534 1127 28 20 in

89 1169 75 21 terra
175 1167 11 20 i
199 1164 155 23 mascherati
361 1163 9 21 !

118 1199 87 22 L'idea
217 1198 69 22 bona
298 1202 80 17 cresce
395 1195 29 22 di
434 1196 80 25 jornu
534 1194 28 21 in

85 1233 128 29 ghiornu,
234 1238 12 14 e
262 1233 63 26 près
326 1232 27 20 tu
373 1235 13 16 s
386 1229 18 27 fi
406 1228 105 23 acculer
511 1227 16 21 à
547 1233 15 15 a

89 1273 62 16 vera
167 1265 122 28 pulitica,
312 1263 84 29 quella
413 1263 29 21 di
462 1268 17 15 u
500 1266 62 16 veru

90 1299 93 25 ideale,
205 1298 29 21 di
251 1304 18 15 u
283 1297 189 27 risurgimentu
495 1294 28 21 di
546 1299 17 15 u

86 1331 105 29 populu
203 1336 78 16 corsu
293 1329 50 21 ’n'a
353 1328 36 22 so'
397 1330 81 20 terra.

126 1379 37 20 Ma
172 1378 69 21 tandu
250 1378 26 20 lu
286 1377 95 20 libecciu
394 1375 96 25 sptilerà

125 1406 77 21 Tutt’a
211 1405 129 21 mercanzia
349 1403 128 23 falzificala,

129 1434 17 21 E
155 1435 20 19 a’
184 1434 51 20 luce
243 1433 116 25 d’ognunu
367 1431 97 20 metterà

129 1462 34 20 Da
172 1461 38 20 chi
218 1462 23 19 la
250 1464 77 17 nostra
336 1463 60 17 terra
410 1458 25 20 fù
448 1457 115 21 straziata.

330 1501 28 21 O.
369 1500 29 21 F.
411 1498 120 23 Piazzoli.

110 1618 129 37 Evvival
257 1630 17 23 e
290 1628 112 34 serapre
419 1615 127 37 Evvival

118 1700 210 25 Rammentatevi,
345 1697 104 29 figlioli,
469 1697 42 21 chi
526 1703 36 15 un

90 1734 74 20 certu
182 1734 86 26 tempu
278 1732 38 27 fà,
329 1733 11 20 i
351 1730 124 29 giurnali
492 1730 70 21 hanu

91 1766 171 27 annuuçiatu,
282 1771 49 16 cun
350 1770 35 17 un
387 1771 16 15 a
416 1764 147 28 grandissi-

90 1805 42 15 ma
144 1799 203 27 suddisfa^ione,
359 1798 43 21 chi
410 1804 37 15 un
459 1804 13 13 «
479 1797 64 27 quai
549 1802 14 16 »

91 1831 29 22 di
129 1831 93 28 Parigi
231 1833 26 20 si
265 1831 102 22 sarebbe
379 1831 133 21 chiamatu
524 1829 38 22 al-

91 1864 136 22 Va,vvenire
245 1871 14 15 «
271 1864 70 28 Quai
359 1864 30 22 de
406 1863 28 22 la
453 1863 107 22 Corse».

117 1898 16 21 I
142 1899 86 20 nostri
234 1897 109 28 fratelli
350 1898 10 20 i
367 1897 132 26 Francesi,
509 1903 53 15 sve-

87 1930 134 29 gliendusi
229 1931 28 21 di
264 1937 34 15 un
309 1930 77 28 longu
394 1929 168 26 sonnu,avia-

89 1970 37 15 nu
138 1964 80 28 infine
225 1965 112 26 pensatu
350 1964 79 21 anoi.

117 1996 50 22 Fin
178 1996 85 28 qui,in
274 1998 64 21 tutte
347 2003 12 14 e
367 1996 65 22 città
442 1997 30 21 di
478 1996 80 22 Fran-

90 2031 41 20 cia
158 2030 64 21 duve
244 2029 104 22 c'eranu
376 2031 72 21 tante
473 2030 88 21 strade

91 2063 124 27 d'Algeri,
226 2063 28 21 di
267 2069 17 15 u
295 2062 133 27 Maroccu,
442 2063 28 21 di
483 2063 77 25 Cina,

91 2096 195 28 d'Inghilterra,
299 2102 76 20 ecc...,
389 2102 38 16 un
437 2097 26 21 si
473 2098 86 20 truva-

90 2135 32 15 va
138 2130 83 21 micca
241 2135 36 16 un
297 2129 57 22 solu
370 2129 145 29 carrughiu
533 2130 29 21 di

92 2162 52 22 Cor
143 2163 38 20 sic
182 2169 24 14 a.

117 2196 112 28 Bisogna
242 2203 15 15 a
271 2197 25 22 di
316 2198 43 21 che
370 2198 10 21 i
398 2197 163 28 Cunsiglieri

88 2229 160 28 Municipali
268 2231 28 21 di
316 2237 14 14 o.
355 2230 129 28 Capitale,
511 2233 50 25 per

88 2263 42 27 rip
132 2269 49 15 ara
200 2265 73 26 quest
274 2270 15 15 a
305 2264 99 27 grande
422 2264 139 27 inghiusti-

88 2297 50 27 Zfa,
168 2295 100 24 avìanu.
287 2296 79 22 sceliu
392 2303 17 16 u
432 2296 59 23 locu
511 2296 49 29 più

87 2331 121 20 scantatu
220 2329 29 22 di
259 2329 100 29 Parigi,
369 2330 66 22 duve
446 2336 35 16 un
493 2330 68 21 c’ero,

87 2363 111 21 nissuna
209 2369 70 20 casa,
296 2364 90 21 nissun
399 2364 160 27 maga^inu.

116 2394 47 23 Ma
174 2396 29 21 in
215 2398 92 25 quesiu
318 2396 94 22 mondu
426 2397 25 20 ci
468 2396 56 22 vole
545 2403 16 15 a

87 2429 99 26 sapessi
198 2430 121 21 cuntentà
328 2430 10 20 !

115 2461 77 26 Ebbè,
206 2463 9 19 i
223 2462 123 28 giurnali
354 2463 119 27 francesi
489 2463 71 22 hanu

89 2495 109 21 iruvaiu
219 2495 45 22 chi
284 2497 70 26 quest
355 2502 14 15 a
389 2497 39 20 mi
427 2497 70 21 séria
515 2503 46 15 era

89 2532 68 16 ancu
169 2529 97 26 troppu
276 2531 49 25 per
335 2529 44 21 noi
385 2529 10 20 !
402 2536 13 13 «
425 2529 95 22 L'Echo
531 2529 29 22 de

87 2559 81 22 Paris
173 2567 22 19 »,
206 2566 53 16 unit
270 2561 35 22 d'i
310 2563 48 26 più
362 2568 71 22 gran
439 2562 122 29 giurnali

85 2594 130 28 parigini,
232 2594 34 21 ha
277 2596 93 21 scrittu
384 2595 44 22 chi
439 2595 76 22 l'idea
533 2596 29 22 di

88 2625 102 23 chia,mà
202 2633 36 15 un
250 2629 136 21 cantucciu
399 2630 30 20 di
440 2635 16 15 a
468 2636 12 13 «
494 2629 67 22 Ville

88 2658 118 23 Lumière
215 2667 13 13 »
240 2661 86 27 «Quai
337 2661 29 21 de
378 2661 27 22 la
420 2661 95 22 Corse»
524 2668 36 15 un

85 2692 85 26 pudïa
181 2698 52 16 esse
245 2695 62 20 nata
324 2694 42 21 che
378 2694 39 22 ’ne
435 2701 36 15 un
491 2697 68 25 capu

89 2725 29 20 di
128 2731 38 15 un
177 2726 115 22 Barbaru.
302 2727 35 27 (i)

115 2757 45 22 Ha
171 2757 108 24 vulsutu
288 2759 34 29 fà
333 2766 34 16 un
379 2763 72 25 pocu
459 2761 35 20 'di
507 2761 54 26 spi-

88 2791 103 26 rituel!
200 2793 24 20 si
232 2793 208 28 risponderà.Un
449 2793 34 21 c’è
490 2799 70 21 gran

88 2823 76 22 male.

117 2863 14 14 «
143 2857 122 29 Castigat
276 2859 108 21 ride'ndo
394 2865 14 15 »
425 2858 108 22 dicïanu
550 2858 11 20 i

87 2891 88 20 nostri
187 2891 101 22 antichi
302 2891 20 28 (i
330 2891 91 21 Latini
432 2891 82 21 micca
528 2895 14 14 «
551 2889 10 20 i

91 2922 113 23 Ga,ulois
216 2923 31 27 »).
275 2924 117 21 Ridendu
414 2924 26 20 si
463 2922 98 27 castiga

90 2955 82 27 quelli
182 2956 44 21 che
237 2957 25 21 si
275 2956 34 22 ha
320 2956 38 21 ’ne
368 2961 18 16 u
398 2960 76 16 na.su.
482 2953 78 22 Tuiiu

89 2988 135 22 ciarlendu
236 2990 25 20 si
274 2989 54 21 dice
334 2989 150 26 gattive^ge.

119 3021 70 21 Cosa
201 3022 60 20 dieu
271 3022 10 19 !
294 3020 33 21 Ci
336 3021 121 20 trattanu
466 3018 94 28 peghiu

89 3054 44 20 che
145 3054 12 20 i
168 3053 88 28 Negri.

117 3085 31 22 Si
159 3085 12 21 è
177 3085 76 28 fattu
266 3091 16 14 a
290 3089 69 22 gran
377 3086 72 25 spese
465 3084 48 27 più
534 3085 28 20 di

88 3117 74 22 mille
173 3116 149 22 chilomitri
335 3116 27 21 di
371 3117 93 21 strada
470 3116 91 28 /erra-

89 3153 28 19 ta
129 3156 16 14 a
155 3155 17 15 u
184 3148 119 26 Sudanu,
316 3150 24 19 si
351 3154 29 16 ne
385 3149 66 28 face
466 3150 48 21 avà
525 3149 36 22 al-

88 3187 76 15 menu
185 3180 155 23 altrettantu
356 3187 14 15 a
383 3187 17 16 u
415 3182 114 26 Ga,bone,
549 3190 12 14 e

88 3214 53 24 noi,
165 3212 29 21 di
211 3213 11 20 i
240 3216 116 19 sessania
366 3214 151 23 chilometri
528 3216 33 21 da

91 3245 176 23 Ghisonaccia
279 3253 15 15 a
311 3246 148 28 Bonifaziu,
478 3250 85 21 vuto,ti

89 3284 12 14 e
108 3279 96 27 pagati
214 3280 74 21 circa
299 3280 66 21 vinti
374 3282 67 20 anni
445 3281 42 28 fà,
499 3282 68 22 unn’.

89 3316 91 16 avemu
190 3317 94 16 mancu
297 3313 12 20 i
317 3313 120 27 quindeci
444 3313 117 23 chilomi-

90 3343 39 20 tri
139 3343 45 21 chi
194 3346 129 25 sefia.ranu
336 3344 175 24 Ghisonaccia
527 3347 34 21 da

90 3374 141 29 Solençara
239 3377 9 20 !

117 3407 31 22 Si
168 3410 123 21 cuntinui
312 3416 14 15 a
345 3411 87 22 salutà
448 3411 50 29 più
516 3412 45 22 che

89 3441 54 20 mai
155 3442 12 19 i
177 3443 87 20 nostri
269 3443 108 27 fratelli
389 3445 9 20 i
410 3444 127 22 Francesi
549 3451 12 15 e

90 3479 16 14 a
113 3474 83 26 gridà
207 3481 15 14 a
234 3481 59 16 voce
306 3475 53 23 alta
368 3483 13 14 e
392 3478 80 26 piena
478 3484 8 14 :
494 3477 66 22 aEv-

89 3506 60 20 viva
158 3512 15 15 a
184 3509 92 20 nostra
286 3515 117 19 mamma,
413 3516 18 15 a
438 3509 121 27 Francia,

90 3537 42 22 chi
143 3539 26 20 ci
179 3540 55 20 tene
246 3540 56 22 cusï
315 3542 55 20 cari
377 3542 11 20 !
395 3549 13 13 »

413 3579 118 22 Vindice.

111 3625 27 21 (1)
146 3625 53 18 Yede
206 3625 14 17 A
230 3626 65 19 Muvra
303 3628 21 17 di
330 3632 14 16 u
351 3627 11 18 6
369 3627 86 20 Ottobre.

725 145 41 50 U
800 143 294 62 Cungressu
1129 129 49 52 di
1216 130 202 49 Hernies

614 274 34 22 De
651 280 37 15 mu
698 276 38 19 sla
745 273 64 21 voila
821 278 15 14 u
846 267 100 24 “toast”
959 269 101 24 prunun-

585 307 62 21 zialu
663 306 29 21 (la
704 305 72 22 Pelru
789 305 78 21 Rocca
882 308 13 14 a
908 307 13 14 u
934 305 58 22 gran
1004 297 46 21 ban

586 339 81 22 chellu
679 345 13 16 c
704 345 14 14 u
731 338 106 21 discorsu
854 334 23 21 di
890 340 13 14 u
915 331 108 29 diputalu
1036 328 23 21 di

586 379 13 15 e
612 370 110 26 Fiandre,
735 369 74 22 Ward
821 367 124 24 llermans,
958 367 101 25 prunun-

586 404 66 21 zialu
665 409 12 14 a
686 402 121 21 l’adunala
820 397 110 31 generale
941 404 5 13 :

727 449 139 27 Cumpagni
878 447 23 21 di
915 445 73 25 Fede,

617 497 180 26 Compagnons
804 493 29 21 de
839 492 54 22 Foi.
899 490 80 22 Chers
985 487 73 25 amis,

587 525 164 23 laissemoi
761 528 63 17 vous
836 522 98 21 donner
945 526 26 15 ce
988 519 70 24 titre,

587 558 58 21 c’est
664 556 68 21 celui
742 560 59 16 avec
821 552 82 28 lequel
917 557 25 15 se
957 549 103 22 saluent

587 593 47 15 nos
639 586 89 28 frères
749 585 30 20 de
793 583 80 21 Corse
891 587 53 21 qui,
964 585 95 16 comme

586 622 71 18 vous,
679 615 96 21 luttent
783 612 62 28 pied
866 611 14 21 à
889 610 63 28 pied
971 610 89 20 contre

588 646 36 21 les
642 644 138 27 étoufjeurs
800 642 42 21 des
858 641 85 27 justes
959 639 101 27 aspira-

587 676 70 21 tions
669 674 29 21 de
711 673 58 21 leur
779 677 68 16 race.

615 705 22 21 A
657 702 149 28 Rosporden
825 703 25 20 et
867 700 16 22 à
896 700 118 22 Morlaix
1028 704 28 16 en

587 740 64 22 1927,
664 733 15 22 à
689 732 156 22 Chateaulin
855 730 97 23 l'année
961 729 98 22 derniè-

587 771 36 19 re,
637 765 23 20 et
677 764 36 21 ici
726 762 85 26 même,
824 762 65 21 dans
905 762 72 21 votre
995 759 64 22 belle

587 793 119 29 capitale,
726 793 59 21 c’est
797 798 60 16 avec
877 791 25 22 la
913 790 78 22 même
1001 791 58 27 joie

587 826 24 20 et
624 824 22 22 le
658 822 78 23 même
746 822 102 29 orgueil
860 828 47 22 que
918 822 25 26 je
955 822 55 21 suis
1021 827 38 15 ve-

588 860 36 17 nu
636 855 41 21 des
689 854 79 22 bords
780 854 29 21 de
827 852 83 23 /’lsula
925 852 70 21 Persa
1011 850 49 29 (l'î-

588 885 23 22 le
618 884 108 29 perdue)
735 890 38 15 me
780 885 142 26 retremper
928 883 64 21 dans
997 882 63 21 cette

587 915 131 22 ambiance
732 915 29 21 de
772 915 72 21 saine
855 913 101 27 énergie
974 911 40 29 qu'
1022 913 38 20 est

587 946 62 21 celle
661 946 29 21 de
702 951 45 16 vos
756 945 125 22 réunions
892 942 139 23 annuelles.

617 976 42 23 Les
671 977 67 20 amis
749 974 126 29 Pasquale
886 973 135 27 Manfredi
1035 973 25 20 et

591 1007 161 22 Yvia-Croce
776 1007 44 20 ont
843 1005 58 21 bien
924 1003 80 22 voulu
1033 1009 27 15 se

587 1037 104 27 joindre
704 1037 15 21 à
738 1036 53 21 moi
810 1036 64 21 cette
895 1034 78 22 année
991 1036 70 25 pour

588 1073 65 17 vous
672 1068 123 27 apporter
814 1065 36 22 les
862 1071 73 15 voeux
952 1064 36 22 les
998 1064 62 28 plus

589 1098 104 22 ardents
702 1098 36 22 du
746 1095 90 23 comité
842 1097 25 20 et
874 1095 41 22 des
923 1095 137 22 adhérents

590 1130 34 21 du
660 1127 100 22 Partitu
781 1127 79 23 Corsu
882 1125 178 23 Autonomista

589 1161 25 20 et
628 1164 62 17 vous
703 1158 99 22 donner
814 1157 26 22 la
846 1157 86 28 ferme
940 1162 121 18 assuran-

589 1197 28 15 ce
624 1195 47 23 que
678 1190 59 21 tous
746 1195 62 15 ceux
816 1188 54 28 qui,
879 1187 65 22 dans
953 1186 108 27 l'île,ont

589 1220 110 30 échappé
712 1226 16 15 a
748 1219 192 22 l'intoxication
960 1219 100 21 assimi-

590 1251 99 26 latrice,
697 1251 62 22 sont
770 1250 29 24 de-
811 1255 69 16 coeur
891 1255 60 16 avec
960 1255 72 16 vous.

616 1282 45 21 Les
668 1280 154 23 honorables
828 1279 101 30 députés
937 1279 125 22 Dahletet

593 1312 81 22 Ward
684 1310 137 25 Hermans,
831 1310 138 21 Messieurs
989 1309 73 24 Olier

589 1341 127 25 Mordrel,
746 1340 119 22 Maurice
885 1339 128 22 Duhamel
1036 1341 25 20 et

589 1371 128 29 Pasquale
729 1370 136 28 Manfredi
874 1376 67 15 nous
953 1372 44 20 ont
1002 1370 59 27 fait

590 1403 106 22 toucher
708 1402 35 22 du
755 1402 72 27 doigt
838 1400 26 24 la
876 1401 103 24 hideuse
987 1401 74 27 pieu-

590 1440 43 16 vre
650 1432 215 25 centralisatrice,
877 1433 26 20 et
912 1437 65 16 vous
988 1437 73 22 savez

591 1464 15 22 à
617 1464 105 28 présent
731 1469 55 22 que,
809 1462 29 22 de
854 1464 52 26 par
918 1462 27 22 la
957 1461 104 24 volonté

590 1494 126 22 malsaine
741 1494 30 21 de
791 1498 44 17 son
858 1494 76 26 corps
950 1493 108 27 flasque,

590 1531 62 17 sans
661 1525 120 27 répit,ses
790 1525 134 20 ventouses
936 1524 123 26 aspirent,

590 1562 31 15 en
632 1555 99 26 Alsace,
744 1560 32 18 en
789 1553 121 26 Flandre,
920 1560 31 15 en
969 1553 91 22 Breta-

587 1593 59 22 gne,
653 1592 31 16 en
699 1585 88 25 Corse,
801 1584 73 25 l’âme
886 1583 86 27 même,
986 1584 26 22 la
1023 1584 38 22 sè-

589 1624 29 15 ve
625 1616 139 29 généreuse
780 1615 30 23 de
824 1620 47 18 nos
878 1614 117 30 peuples.

618 1647 25 22 Il
654 1648 36 21 est
702 1646 50 22 bon
770 1652 47 22 que
823 1646 30 27 je
864 1651 64 18 vous
939 1646 53 23 dise
1013 1652 47 21 que

590 1678 59 22 c'est
659 1683 48 16 sur
716 1676 83 23 l’Isula
812 1676 73 22 Persa
897 1682 47 22 que
963 1676 27 23 la
1007 1675 54 24 bête

590 1708 128 23 immonde
737 1714 15 15 a
763 1706 107 23 déroulé
887 1713 31 15 sa
932 1707 129 22 tentacule

590 1740 27 22 la
633 1739 62 28 plus
714 1739 63 27 puis
777 1739 74 20 sanie
871 1739 24 20 et
909 1737 90 28 qu'elle
1013 1745 20 21 y
1045 1745 16 14 a

586 1773 110 26 presque
705 1768 89 23 achevé
805 1773 47 19 spn
864 1774 84 18 oeuvre
965 1768 97 28 d'épui-

588 1803 96 21 sement
700 1802 25 21 et
734 1800 31 22 de
777 1801 70 20 mort
851 1806 11 21 ;
873 1799 21 23 il
905 1801 38 21 est
953 1800 50 24 bon
1013 1806 48 23 que

588 1833 27 26 je
629 1837 64 17 vous
713 1831 25 22 le
760 1831 63 25 dise,
841 1836 52 17 non
905 1831 79 29 point
990 1833 72 25 pour

588 1863 115 22 recevoir
723 1862 31 21 de
771 1867 63 16 vous
852 1863 59 21 tous
931 1861 23 23 le
973 1862 89 24 récon-

587 1894 102 25 fortant
707 1893 159 28 témoignage
877 1892 75 22 d’une
962 1892 100 28 frater-

588 1924 67 22 nelle
670 1924 74 28 pitié,
769 1924 64 21 mais
849 1925 72 26 pour
941 1929 47 22 que
997 1929 64 16 vous

588 1955 157 28 entrevoyiez
756 1954 27 22 la
804 1954 111 27 vigueur
934 1954 30 20 de
986 1956 75 19 noire

587 1985 114 22 réaction
714 1985 47 27 qui
772 1983 61 22 n'est
842 1984 79 28 point
935 1990 49 19 une
1001 1990 61 16 con-

587 2016 104 22 vulsion
716 2015 117 28 d'agonie
853 2015 67 23 mais
942 2020 37 18 un
1001 2020 60 17 sou-

588 2048 103 22 bresaut
706 2045 169 22 d'indéniable
886 2045 108 23 vitalité.

618 2078 39 22 Un
668 2076 177 29 montagnard
854 2076 30 21 de
899 2076 71 27 Vico,
985 2076 75 27 fidèle

588 2109 96 22 lecteur
696 2108 29 21 de
738 2109 71 20 notre
823 2107 97 25 Muvra,
928 2113 39 15 me
979 2108 81 21 disait

587 2140 206 26 laconiquement
805 2144 33 15 au
851 2143 76 16 cours
940 2138 74 23 d'une
1021 2138 39 22 ré-

587 2172 70 20 cente
673 2170 147 21 rencontre.
849 2168 144 22 «L’Alsazia
1009 2175 14 15 e
1046 2175 14 15 a

587 2202 130 26 Brettagna
729 2199 29 23 sò
781 2200 25 21 in
823 2200 153 27 purgatoriu,
993 2206 40 15 ma
1046 2206 13 15 a

588 2231 99 23 Corsica
709 2230 13 22 è
743 2237 13 15 a
776 2230 134 22 l'infernu»
930 2230 130 27 (L'Alsace

587 2264 25 20 et
623 2262 26 21 la
660 2261 127 28 Bretagne
800 2262 62 21 sont
872 2267 33 16 au
921 2262 139 28 purgatoi-

587 2299 37 20 re,
637 2293 66 21 mais
713 2291 28 22 la
755 2291 80 22 Corse
847 2293 37 21 est
896 2291 15 22 à
921 2291 111 29 l'enfer.)

612 2322 153 29 L’allégorie
785 2323 141 27 dantesque
944 2323 30 21 de
997 2324 63 20 cette

584 2354 96 28 phrase
703 2353 97 22 tombée
829 2354 44 21 des
895 2352 79 23 lèvres
997 2353 63 22 d'un

584 2387 99 25 paysan
703 2386 53 25 peu
774 2383 113 28 loquace,
911 2384 27 25 je
949 2389 64 16 vous
1033 2382 27 22 la

586 2416 124 27 rapporte
731 2420 96 16 comme
845 2420 36 16 un
891 2420 64 23 gage
967 2414 30 21 de
1014 2419 46 16 no-

587 2448 39 20 tre
637 2445 130 26 sincérité,
787 2446 30 21 de
829 2447 72 20 notre
917 2444 143 28 sympathie

584 2479 72 25 pour
669 2476 43 21 des
736 2478 173 25 compagnons
924 2475 30 21 de
968 2474 92 22 chaine

587 2508 48 26 qui
653 2508 114 27 voguent
779 2507 64 20 dans
864 2505 27 22 la
901 2504 78 23 même
999 2506 61 20 tem-

586 2537 57 29 pête
662 2539 24 20 et
705 2538 46 26 qui
768 2536 103 22 veulent
888 2535 131 22 atteindre
1036 2534 24 21 le

587 2567 79 23 même
673 2569 75 26 port.

618 2599 34 21 Ce
663 2604 31 15 ne
705 2599 61 20 sont
782 2597 79 27 point
871 2595 35 26 là,
927 2595 132 28 croye^-le,

588 2629 30 22 de
629 2634 40 16 ces
672 2627 109 28 paroles
790 2625 169 29 qu'engendre
968 2625 92 21 lacho,-

587 2659 59 21 leur
657 2658 60 21 d'un
730 2657 112 27 banquet
853 2657 25 20 et
889 2661 48 21 que
950 2655 26 22 la
992 2655 68 23 brise

587 2690 37 21 du
643 2688 94 21 dehors
756 2686 126 28 refroidit
898 2687 24 20 et
939 2687 121 26 emporte,

586 2720 67 21 mais
665 2717 230 22 Vextériorisation
907 2716 62 21 d'un
985 2717 77 21 senti-

587 2749 69 21 ment
665 2747 72 22 mûri
741 2752 58 16 -aux
805 2747 69 26 feux
886 2746 29 21 de
931 2745 130 24 l’adversi-

587 2779 32 22 té.

617 2807 70 22 N011!
697 2806 107 23 l'amitié
817 2806 63 22 dure
892 2812 94 16 comme
998 2808 64 21 dure

588 2839 27 21 la
626 2837 76 22 haine
714 2842 35 16 au
760 2838 66 26 pays
841 2836 130 28 qu’exalta
981 2844 80 16 en.ces

586 2873 59 17 vers
657 2866 54 22 l'un
723 2867 31 21 de
765 2872 38 16 ses
815 2867 61 28 plus
886 2867 88 23 nobles
980 2868 47 29 fils
1034 2875 10 16 :

608 2908 70 21 T’amo,
688 2912 11 13 0
708 2908 52 17 terra
768 2908 52 22 degli
827 2909 32 17 odi
867 2909 63 18 tenaci
936 2909 5 18 !

607 2933 69 21 T’amo,
685 2937 12 14 0
705 2934 54 17 terra
767 2933 31 18 dei
805 2933 72 19 îervidi
888 2939 59 14 amor.

608 2966 31 22 (Je
646 2965 71 22 t’aime,
727 2970 12 13 o
748 2967 50 17 terre
806 2967 34 18 des
848 2967 68 19 haines
925 2969 76 18 tenaces
1008 2968 5 19 !

607 2991 24 18 Je
638 2990 70 22 t’aime,
717 2995 12 14 0
738 2992 50 17 terre
796 2991 34 18 des
837 2991 99 20 ferventes
944 2994 94 22 amours.)

616 3026 141 29 Cumpagni
771 3027 23 22 di
807 3027 57 23 fede
874 3029 6 20 !
896 3029 67 22 C'est
976 3035 48 17 sur
1035 3036 27 15 ce

585 3057 121 28 poétique
722 3058 93 28 rappel
837 3065 48 22 que
898 3061 30 26 je
942 3066 66 16 veux
1027 3060 35 22 le-

587 3093 46 16 ver
643 3093 60 16 mon
723 3094 73 16 verre
809 3089 15 21 à
840 3089 26 22 la
885 3092 177 21 résurrection

588 3119 25 20 et
620 3123 34 16 au
666 3117 117 24 bonheur
792 3119 30 21 de
832 3121 73 21 votre
927 3120 133 29 Bretagne,

588 3148 31 22 de
630 3150 72 20 votre
712 3148 102 27 Alsace,
828 3150 30 21 de
869 3152 72 20 votre
948 3150 114 23 Flandre

588 3180 25 20 et
624 3178 30 22 de
665 3181 76 20 notre
754 3179 90 26 Corse,
858 3182 24 20 et
894 3186 47 22 que
954 3181 30 26 je
996 3180 67 23 livre

588 3217 53 16 aux
650 3211 75 22 échos
738 3213 68 21 amis
823 3213 30 21 de
864 3215 64 20 cette
939 3213 65 22 salle
1017 3219 45 17 no-

588 3243 39 20 tre
636 3242 40 21 cri
687 3241 162 30 d’espérance
856 3245 25 20 et
892 3243 30 21 de
932 3243 43 27 foi
982 3250 8 15 :

757 3275 64 22 Ritti
828 3276 6 21 !
849 3275 111 29 {Debout
967 3276 24 30 !)

683 3344 139 24 Mesdames,
834 3345 131 24 Messieurs,

816 3371 49 22 Mes
873 3373 68 20 chers
949 3373 66 23 amis,

612 3409 81 24 Qu’est
709 3415 82 19 ce-que
812 3410 22 20 le
856 3416 147 16 mouvement
1023 3411 40 21 fla-

587 3436 88 20 mand?

612 3463 208 24 Essentiellement,
842 3465 50 20 rien
911 3466 87 21 d’autre
1017 3473 47 19 que

586 3491 154 20 l’irrésistible
752 3495 23 16 et
786 3493 114 20 naturelle
913 3493 109 25 impulsio
1033 3495 30 20 de

587 3519 66 19 l’âme
668 3518 121 25 populaire
806 3518 121 26 flamande,
948 3522 68 20 avide
1034 3522 30 20 de

586 3545 141 25 développer
735 3547 14 18 à
757 3546 43 20 ciel
809 3551 84 17 ouvert
901 3554 38 14 ses
951 3548 77 22 forces
1040 3553 24 17 et

587 3578 38 14 ses
632 3572 101 24 qualités
742 3573 124 25 ethniques
873 3582 59 18 pour
940 3577 95 20 réaliser
1041 3577 23 20 le

587 3602 64 18 vaste
658 3599 84 26 champ
750 3601 29 20 de
786 3602 142 24 possibilités
936 3610 46 18 que
989 3605 75 20 recèle

585 3633 44 14 son
637 3627 61 21 idéal
707 3629 117 21 national.

1113 262 35 19 Un
1158 261 67 24 poète
1234 266 13 13 a
1256 260 35 19 dit
1299 264 44 19 que
1351 256 55 20 c’est
1413 254 21 20 la
1447 251 113 25 nostalgie

1087 290 51 19 d’un
1149 286 82 26 peuple
1239 293 60 18 pour
1308 291 44 14 une
1361 282 73 26 patrie
1443 281 39 24 qui
1491 280 44 20 soit
1547 285 13 13 a

1087 316 39 20 lui.
1137 315 34 20 Un
1180 314 114 21 historien
1304 311 67 21 dirait
1379 316 46 19 que
1434 309 21 19 le
1469 313 92 14 mouve-

1088 346 60 17 ment
1157 342 100 19 flamand
1267 344 36 17 est
1313 340 29 20 né
1356 338 57 20 dans
1427 336 33 20 les
1475 335 85 20 années

1086 370 39 25 qui
1134 372 42 17 ont
1183 368 61 20 suivi
1253 369 22 20 la
1285 366 100 22 création
1395 364 28 20 de
1437 363 66 20 l’Etat
1512 360 49 21 Bel-

1086 404 36 18 ge.
1138 397 30 19 La
1183 396 115 25 politique
1312 394 28 20 de
1353 395 36 18 cet
1399 391 51 20 Etat
1458 388 103 21 vis-à-vis

1086 425 29 19 du
1125 423 83 25 peuple
1217 422 99 21 flamand
1325 423 34 18 est
1364 417 150 23 caractérisée
1520 421 41 19 par

1086 452 21 19 la
1116 451 84 24 phrase
1214 450 53 20 bien
1283 454 89 16 connue
1385 446 53 20 d’un
1453 443 107 24 Français
1571 451 2 20 j

1086 477 125 22 naturalisé
1220 478 80 25 Belge,
1310 474 95 22 Charles
1414 472 92 25 Rogier,
1521 470 38 25 qui

1086 505 98 21 n’hésita
1193 511 40 19 pas
1243 506 13 19 à
1265 504 104 21 déclarer
1374 508 28 14 en
1409 507 25 14 sa
1440 499 87 27 qualité
1532 498 29 20 de

1087 533 101 20 Premier
1198 532 106 21 Ministre
1313 530 75 25 belge,
1396 536 28 14 en
1437 528 45 21 i83i
1491 535 6 13 :

1110 568 80 21 «Tous
1199 569 34 19 les
1243 568 80 20 efforts
1335 567 28 20 de
1377 569 68 17 notre
1459 565 102 20 Gouver-

1086 600 91 17 nement
1185 596 97 20 doivent
1288 595 79 20 tendre
1373 596 12 19 à
1391 595 21 19 la
1419 592 141 22 destruction

1085 624 28 19 de
1138 631 5 12 >.
1151 624 86 24 langue
1246 622 120 24 flamande,
1379 628 59 18 pour
1452 621 109 24 préparer

1084 651 22 20 la
1114 652 24 19 lu
1154 651 38 20 ion
1210 651 29 19 de
1256 651 22 19 la
1296 650 112 25 Belgique
1425 655 57 14 avec
1495 650 66 18 notre

1084 685 56 20 gran
1151 679 20 20 !e
1179 678 84 25 patrie,
1283 678 21 19 la
1323 678 113 20 France...
1451 677 43 20 Les
1512 682 49 18 pre-

1085 706 68 21 miers
1163 706 115 25 principes
1287 705 67 20 d’une
1364 705 76 21 bonne
1453 703 108 21 adminis-

1085 734 83 20 tration
1177 737 53 17 sont
1239 734 67 20 basés
1313 739 41 15 sur
1358 732 101 25 l'emploi
1465 729 98 23 exclusif

1085 762 68 20 d’une
1162 762 92 25 langue,
1264 764 24 17 et
1296 761 16 19 il
1326 764 36 17 est
1374 759 92 22 évident
1481 766 45 19 que
1539 758 21 21 la

1085 790 63 20 seule
1164 789 84 25 langue
1265 788 41 20 des
1322 788 81 25 Belges
1417 788 49 20 doit
1479 788 48 19 être
1539 786 22 20 le

1085 817 110 25 français.
1205 817 62 20 Pour
1275 816 88 20 arriver
1370 817 13 20 à
1392 822 26 14 ce
1426 816 104 22 résultat,
1544 814 16 20 il

1085 848 36 17 est
1128 845 131 20 nécessaire
1268 850 46 18 que
1323 847 74 17 toutes
1405 844 35 20 les
1446 843 115 20 fonctions

1085 873 81 20 civiles
1180 876 23 16 et
1211 871 123 22 militaires
1348 872 75 20 soient
1438 870 98 21 confiées
1548 870 13 19 à

1085 900 41 21 des
1131 900 103 21 Wallons
1240 906 30 14 ou
1277 900 13 20 à
1297 900 40 20 des
1343 897 218 27 Luxembourgeois;

1086 928 27 20 de
1122 931 58 17 cette
1189 928 111 23 manière,
1310 927 34 20 les
1352 927 125 21 Flamands
1485 926 77 26 privés

1085 956 205 24 temporairement
1304 955 41 20 des
1365 959 126 21 avantages
1506 956 56 18 atta-

1085 983 54 21 chés
1151 989 13 14 a
1173 990 38 14 ces
1227 983 100 25 emplois
1343 987 81 17 seront
1437 982 125 21 contraints

1085 1011 151 25 d’apprendre
1243 1012 22 20 le
1275 1011 130 25 français,et
1410 1012 45 20 l’on
1461 1009 101 22 détruira

1087 1046 44 18 peu
1144 1039 13 20 à
1170 1046 44 18 peu
1231 1039 117 21 l’élément
1363 1039 151 26 germanique
1533 1044 28 13 en

1087 1067 120 25 Belgique.
1213 1076 11 11 »

1110 1101 87 25 Depuis
1211 1101 22 20 le
1242 1101 101 25 premier
1357 1101 119 20 ministère
1488 1100 73 24 belge,

1087 1129 90 25 présidé
1192 1135 42 19 par
1250 1129 93 25 Rogier,
1349 1129 92 25 jusqu’à
1449 1127 60 22 celui
1518 1133 44 19 que

1087 1157 113 24 régissent
1207 1156 147 25 aujourd’hui
1362 1156 55 21 MM.
1426 1156 28 20 de
1463 1156 100 24 Broque-

1087 1184 54 22 ville
1157 1188 22 17 et
1194 1184 168 24 Vanderyelde,
1377 1187 62 18 cette
1450 1183 112 25 politique

1088 1212 27 20 de
1124 1212 219 21 dénationalisation
1358 1216 23 17 et
1392 1211 171 21 d’abâtardisse-

1087 1244 62 16 ment
1156 1246 14 14 a
1178 1241 38 19 été
1224 1240 124 21 continuée
1362 1240 101 25 pendant
1475 1239 88 22 bientôt

1088 1274 30 14 un
1127 1268 69 20 siècle
1204 1274 56 14 avec
1269 1274 46 14 une
1323 1268 100 20 ténacité
1435 1267 70 25 digne
1517 1267 47 21 d’ur

1088 1302 28 14 ne
1126 1296 119 20 meilleure
1253 1302 79 14 cause.

1112 1324 50 20 Une
1174 1324 103 21 réaction
1291 1324 58 20 était
1362 1322 134 22 inévitable.
1514 1323 49 19 D’a-

1087 1351 56 20 bord
1158 1351 106 23 confinée
1279 1358 29 14 au
1323 1351 85 20 terrain
1421 1350 112 21 littéraire
1540 1353 23 17 et

1087 1379 156 25 romantique,
1253 1379 102 25 penchée
1362 1385 41 14 sur
1410 1379 22 21 la
1446 1378 117 25 grandeur

1086 1407 113 20 évanouie
1207 1407 53 20 d’un
1271 1408 67 25 passé
1346 1407 106 23 lointain,
1462 1410 60 17 cette
1529 1407 35 19 ré-

1086 1435 129 22 surrection
1224 1435 30 20 de
1261 1436 66 20 l’âme
1338 1434 120 26 populaire
1470 1434 94 21 flaman-

1086 1463 28 19 de
1123 1466 40 17 eut
1172 1469 58 22 p.our
1238 1463 100 26 premier
1346 1463 54 20 effet
1408 1469 47 14 une
1462 1468 102 15 manoeu-

1087 1497 39 14 vre
1135 1491 42 21 des
1184 1489 73 28 partis
1270 1491 133 28 politiques,
1417 1491 42 25 qui
1473 1497 24 14 se
1510 1490 54 20 don-

1086 1519 83 20 nèrent
1184 1519 53 25 plus
1255 1525 31 15 ou
1303 1519 76 21 moins
1397 1519 34 20 les
1447 1522 68 22 gants
1534 1518 29 20 de

1086 1546 111 21 défendre
1211 1547 35 20 les
1260 1547 75 21 droits
1349 1550 23 17 et
1384 1547 34 20 les
1433 1546 132 21 revendica-

1087 1574 59 21 tions
1155 1575 30 20 du
1194 1576 87 24 peuple
1289 1575 108 21 flamand.
1410 1575 59 20 Mais
1477 1575 21 20 la
1508 1575 56 25 poli-

1086 1603 64 25 tique
1157 1603 180 25 flamandophile
1345 1603 29 20 de
1381 1609 39 14 ces
1426 1603 71 25 partis
1502 1603 61 20 n’eût

1087 1638 57 21 ppur
1152 1631 60 20 ainsi
1220 1631 52 20 dire
1280 1637 76 14 aucun
1370 1632 87 23 succès,
1473 1638 39 13 car
1523 1631 40 20 l’u-

1086 1659 118 22 nitarisme
1213 1659 75 28 belge,
1293 1659 21 20 la
1321 1659 171 21 centralisation
1499 1659 65 25 belge

1086 1687 140 22 orientaient
1239 1687 93 26 l’açti.on
1347 1687 40 21 des
1402 1688 73 24 partis
1488 1691 23 17 et
1524 1694 40 18 par

1086 1716 143 25 conséquent
1246 1716 51 20 leur
1312 1715 104 25 tactique
1429 1719 71 21 quant
1514 1716 13 20 à
1540 1715 22 20 la

1087 1745 107 25 question
1203 1743 126 21 flamande.

1111 1772 183 25 L’impuissance
1308 1773 40 19 des
1362 1772 70 25 partis
1445 1772 119 21 tradition-

1088 1801 50 20 nels
1153 1800 78 25 belges
1248 1801 13 19 à
1279 1800 110 20 résoudre
1406 1800 21 20 le
1445 1800 119 25 problème

1086 1828 99 21 flamand
1193 1828 26 20 fit
1226 1829 80 24 surgir
1313 1829 21 20 le
1348 1829 166 20 nationalisme
1526 1828 38 21 fla-

1087 1856 68 21 mand
1163 1864 6 18 ;
1179 1856 92 21 celui-ci
1282 1857 70 25 n’agit
1360 1857 52 24 plus
1426 1857 137 24 seulement,

1087 1885 157 26 aujourd'hui!
1253 1885 58 20 dans
1318 1883 35 22 les
1361 1885 85 20 limites
1454 1885 30 20 de
1496 1885 68 22 l’Etat

1088 1914 77 25 Belge,
1174 1913 61 23 mais
1244 1913 64 20 aussi
1316 1914 13 19 à
1337 1913 132 25 l’étranger,
1478 1920 59 18 pour
1549 1920 14 19 y

1087 1941 105 20 réveiller
1199 1941 22 19 là
1230 1941 137 23 conscience
1379 1942 184 24 universelle,té-

1088 1969 61 19 moin
1158 1968 66 21 futur
1230 1972 24 16 et
1262 1969 75 19 même
1344 1975 29 14 au
1382 1968 81 22 besoin
1478 1969 85 25 arbitre

1087 1997 28 19 de
1123 1999 59 17 cette
1196 1996 60 20 lutte
1272 1996 57 20 d’un
1346 1998 84 24 peuple
1446 2004 59 18 pour
1521 2004 41 14 son

1087 2024 116 21 existence
1208 2024 127 21 nationale.
1339 2024 34 21 Ne
1378 2024 71 21 fût-c.e
1454 2032 46 18 que
1505 2031 58 19 pour

1086 2053 21 20 la
1123 2053 117 25 grandeur
1257 2052 30 21 de
1304 2059 42 14 son
1361 2053 96 22 histoire
1473 2055 89 23 passée,

1086 2087 57 19 pour
1151 2087 26 14 sa
1186 2081 74 25 gloire
1267 2081 128 25 artistique
1404 2082 56 19 dont
1468 2085 54 17 tous
1529 2082 34 20 les

1087 2110 89 20 musées
1185 2108 115 26 d’Europe
1308 2113 53 17 sont
1369 2109 34 20 les
1411 2109 152 25 magnifiques

1088 2138 106 23 témoins,
1211 2144 30 14 ne
1254 2137 73 21 fût-ce
1340 2144 45 18 que
1399 2143 58 23 pour
1469 2137 22 20 la
1505 2138 58 19 lutte

1086 2166 187 25 désespérément
1281 2169 113 16 soutenue
1402 2172 42 17 par
1448 2171 26 14 ce
1480 2165 83 25 peuple

1086 2198 81 17 contre
1182 2199 38 15 ses
1237 2198 155 22 oppresseurs
1408 2193 102 23 pendant
1523 2193 40 20 des

1086 2222 82 21 siècles
1179 2231 27 4 —
1214 2222 41 24 qui
1272 2221 104 25 pourrait
1391 2220 34 23 lui
1440 2220 89 21 refuser
1541 2221 22 20 le

1086 2251 60 22 droit
1153 2250 29 21 de
1191 2249 142 20 déterminer
1339 2248 116 21 lui-même
1463 2255 43 14 son
1512 2255 52 15 ave-

1085 2277 78 22 nir?...

1109 2315 20 20 A
1134 2313 125 21 l’occasion
1269 2313 31 20 du
1308 2313 131 26 cinquième
1447 2313 116 22 centenai-

1086 2349 23 13 re
1117 2343 29 20 de
1153 2341 149 22 l’Université
1312 2341 28 20 de
1349 2341 110 23 Louvain,
1469 2342 35 20 les
1513 2343 50 19 étu-

1085 2371 78 19 diants
1176 2369 114 20 flamands
1298 2368 29 21 de
1340 2369 15 20 Y
1355 2369 72 21 Alma
1437 2370 78 20 Mater
1523 2373 40 17 ont

1086 2397 68 21 remis
1171 2398 13 18 à
1201 2400 53 16 tous
1271 2397 35 19 les
1323 2400 95 17 savants
1439 2403 73 15 venus
1532 2398 30 20 du

1085 2426 85 19 monde
1177 2425 77 20 entier
1260 2431 59 17 pour
1325 2425 102 20 célébrer
1432 2425 22 20 le
1459 2426 104 25 glorieux

1082 2453 84 28 jubilé,
1172 2459 31 13 un
1212 2453 113 20 mémoire
1332 2458 29 14 en
1369 2456 81 21 quatre
1456 2454 106 25 langues,

1086 2482 28 19 où
1123 2487 24 14 se
1156 2479 124 24 manifeste
1289 2487 27 14 ce
1325 2481 71 20 réveil
1408 2481 52 20 d’un
1471 2482 91 25 peuple,

1085 2509 67 24 grâce
1161 2510 14 20 à
1182 2514 38 15 ses
1227 2507 83 26 jeunes
1317 2509 157 25 générations:

1111 2551 10 10 «
1129 2543 33 21 En
1173 2543 118 26 Belgique,
1297 2544 46 20 l’on
1353 2545 106 20 voudrait
1467 2545 97 23 étouffer

1086 2572 21 20 la
1122 2572 53 21 voix
1187 2572 55 20 d’un
1257 2572 85 24 peuple
1359 2572 41 25 qui
1413 2573 100 20 réclame
1527 2579 36 15 ses

1086 2600 74 20 droits
1169 2603 23 17 et
1200 2605 45 15 son
1254 2600 144 24 autonomie,
1413 2606 55 15 sous
1477 2602 88 24 prétex-

1086 2633 23 16 te
1115 2628 172 19 d’évènements
1295 2627 149 25 historiques,
1458 2628 69 23 fruits
1533 2630 30 23 dp

1087 2656 90 23 hasard,
1187 2655 60 20 mais
1255 2661 46 19 que
1314 2656 46 20 l’on
1375 2657 97 23 prétend
1486 2657 79 21 défini-

1088 2683 47 23 tifs,
1143 2686 24 17 et
1175 2683 39 27 qui
1223 2686 44 17 ont
1275 2684 111 25 empêché
1392 2684 22 20 le
1428 2685 87 25 peuple
1527 2686 38 20 fla-

1087 2711 69 20 mand
1164 2711 137 22 d’atteindre
1308 2717 42 16 son
1359 2712 62 27 plein
1430 2713 135 26 développe-

1087 2742 63 17 ment
1167 2739 113 25 politique
1301 2743 24 16 et
1345 2740 78 22 social.
1446 2740 68 25 Mais,
1534 2742 30 23 ici

1087 2767 140 25 également,
1233 2767 23 20 le
1265 2767 97 21 nombre
1369 2768 94 25 grandit
1471 2769 29 20 de
1509 2776 56 15 ceux

1087 2794 40 24 qui
1141 2794 105 21 refusent
1259 2795 30 20 de
1303 2795 118 22 s’incliner
1434 2797 87 21 devant
1533 2805 31 14 un

1087 2822 42 20 fait
1139 2823 70 24 qu’ils
1216 2823 150 21 considèrent
1380 2829 90 16 comme
1481 2829 85 22 tempo-

1088 2850 59 20 raire
1155 2854 24 17 et
1186 2851 145 24 contingent,
1340 2855 22 16 et
1371 2852 128 21 nullement
1506 2860 59 14 com-

1087 2884 37 15 me
1132 2882 136 20 permanent
1277 2882 23 17 et
1308 2880 138 21 nécéssaire.
1453 2889 11 12 »
1487 2897 3 3 .

1111 2906 33 20 Ce
1159 2906 99 25 langage
1273 2907 128 25 énergique
1414 2912 24 17 et
1451 2909 71 25 digne
1530 2911 35 19 n’a

1088 2933 50 25 plus
1146 2941 47 18 que
1202 2934 28 20 de
1239 2934 111 21 lointains
1359 2940 106 21 rapports
1471 2937 94 21 avecles

1087 2961 147 25 divagations
1250 2962 105 25 lyriques
1370 2964 31 20 du
1418 2969 148 17 mouvement

1086 2989 99 22 flamand
1206 2991 13 19 à
1243 2995 39 15 ses
1299 2992 158 24 romantiques
1476 2993 89 21 débuts.

1088 3016 61 22 C’est
1159 3025 31 13 un
1200 3021 85 18 accent
1293 3025 116 18 nouveau,
1423 3021 59 20 c’est
1487 3021 79 20 l’indé-

1088 3045 78 21 niable
1179 3047 131 24 symptôme
1324 3047 69 20 d’une
1407 3048 90 25 époque
1511 3055 54 14 nou-

1089 3073 58 20 velle
1164 3073 58 21 dans
1238 3073 115 22 l’histoire
1367 3075 54 20 d’un
1440 3076 84 24 peuple
1536 3083 29 14 en

1087 3101 77 24 pleine
1172 3101 157 22 renaissance.

1111 3128 154 25 Aujourd’hui
1287 3130 52 24 plus
1361 3136 46 19 que
1420 3131 94 24 jamais,
1534 3137 30 15 on

1088 3159 54 21 peut
1150 3157 125 24 appliquer
1284 3163 29 14 au
1323 3158 72 20 réveil
1404 3158 28 20 de
1446 3158 68 21 l’âme
1526 3165 40 19 po-

1088 3184 89 24 pulaire
1184 3184 118 21 flamande
1316 3191 26 14 ce
1356 3186 137 24 qu’écrivait
1506 3187 23 20 J.
1538 3188 26 19 B.

1089 3211 119 25 Langlois,
1222 3218 30 14 en
1269 3212 59 24 i858,
1342 3213 58 20 dans
1414 3219 42 15 son
1474 3215 91 20 Mouve-

1088 3241 62 18 ment
1154 3239 114 24 flamand
1275 3246 33 14 au
1313 3240 69 25 point
1389 3241 30 20 de
1428 3247 44 15 vue
1484 3242 79 25 politi-

1088 3273 45 18 que
1138 3274 13 13 :.

1113 3307 11 12 «
1132 3303 32 20 Le
1172 3307 150 17 mouvement
1328 3303 109 26 flamand,
1449 3312 60 18 pour
1518 3307 48 24 qui-

1089 3336 90 18 conque
1194 3331 23 19 le
1238 3331 122 21 considère
1380 3336 37 16 est
1437 3333 127 25 imposant;

1089 3357 59 20 mais
1155 3358 18 19 il
1181 3361 35 16 est
1224 3362 94 17 surtout
1331 3359 132 22 entraînant
1477 3364 22 17 et
1511 3362 55 20 irré-

1089 3385 88 20 sistible
1185 3392 60 18 pour
1252 3387 89 20 ceux-là
1350 3387 40 24 qui
1406 3391 40 17 ont
1460 3388 23 20 le
1495 3390 71 20 senti-

1090 3416 62 16 ment
1160 3413 29 20 de
1196 3413 22 20 la
1233 3414 91 25 dignité
1338 3415 124 21 nationale.
1479 3415 45 26 Qui
1536 3424 30 14 ne

1089 3445 24 15 se
1122 3440 106 21 sentirait
1242 3442 53 20 ému
1309 3448 30 14 en
1353 3446 85 21 voyant
1451 3449 39 15 ces
1503 3444 64 21 hom-

1090 3473 56 17 mes,
1162 3470 146 23 transportés
1322 3469 55 20 d’un
1394 3471 63 20 saint
1473 3472 94 21 enthou-

1090 3495 92 24 siasme,
1189 3497 120 20 travailler
1317 3503 28 14 au
1355 3498 71 20 réveil
1440 3499 29 20 du
1485 3500 82 25 peuple

1090 3526 23 16 et
1121 3523 66 20 rêver
1195 3530 60 17 pour
1263 3524 93 20 celui-ci
1365 3524 29 20 de
1403 3526 99 24 grandes
1517 3528 50 20 des-

1090 3549 83 24 tinées,
1181 3551 117 23 pareilles,
1307 3551 67 20 sinon
1383 3554 157 25 supérieures,
1554 3562 12 14 a

1090 3577 69 20 celles
1169 3578 54 24 qu’il
1232 3585 14 13 a
1255 3585 56 14 eues
1320 3579 57 20 dans
1385 3580 35 21 les
1428 3581 82 21 siècles
1517 3584 50 23 pré-

1091 3605 102 23 cédents,
1211 3610 73 17 avant
1299 3613 47 18 que
1362 3607 124 28 l’étranger
1504 3611 62 21 n’eût

1091 3632 66 21 ruiné
1170 3639 43 15 nos
1226 3635 143 23 provinces?
1381 3635 32 22 Ils
1420 3641 57 18 sont
1484 3638 80 26 beaux,

1588 127 38 14 ces
1637 119 104 21 hommes
1749 116 48 26 qui,
1806 124 54 13 avec
1873 116 28 19 de
1910 114 81 21 faibles
2000 119 61 19 moy-

1587 155 50 16 ens,
1645 147 86 20 réduits
1740 147 13 19 à
1762 145 62 20 leurs
1833 144 76 20 seules
1919 147 141 17 ressources,

1587 176 181 24 entreprennent
1777 173 94 20 l’oeuvre
1879 170 112 20 colossale
1999 170 28 19 de
2040 169 20 20 la

1588 201 162 26 régénération
1759 201 29 19 de
1795 200 20 19 la
1826 198 74 25 patrie
1906 197 6 20 l
1919 206 11 11 />

1612 238 55 20 Plus
1684 236 68 26 qu’en
1770 235 58 23 1858,
1851 241 40 13 ces
1913 233 74 25 lignes
2007 234 53 18 sont

1588 265 74 20 vraies
1671 271 29 13 en
1712 268 56 20 1927,
1778 269 28 14 en
1815 262 62 25 dépit
1885 261 41 20 des
1935 259 126 22 calomnies

1587 292 137 20 intéressées
1740 291 28 19 de
1786 290 20 20 la
1821 296 78 19 presse
1913 287 147 22 bruxelloise.

1588 319 31 21 Ce
1628 319 56 20 n’est
1693 324 43 19 pas
1745 324 54 14 sans
1808 317 76 20 raison
1900 323 45 18 que
1959 316 30 20 M.
1998 315 63 20 Mau-

1588 347 47 20 rice
1645 345 113 21 Vaussard
1772 344 103 23 écrivait,
1890 345 13 19 à
1916 344 21 20 la
1952 350 56 19 page
2022 347 38 20 204

1587 374 29 20 de
1630 380 41 14 son
1686 374 105 23 Enquête
1803 379 41 13 sur
1855 371 23 20 le
1886 371 173 22 nationalisme,

1587 408 58 18 pour
1653 407 26 14 se
1684 399 102 26 justifier
1794 400 13 20 d
1817 407 13 18 y
1845 399 65 20 avoir
1923 399 79 25 publié
2015 404 45 14 une

1587 430 98 24 réponse
1702 431 126 22 provenant
1844 427 53 20 d’un
1914 426 146 22 nationaliste

1587 456 99 21 flamand
1694 463 6 13 :

1612 497 11 12 «
1631 492 17 21 Il
1666 499 59 14 nous
1743 499 13 13 a
1773 499 56 18 paru
1851 491 209 26 particulièrement

1587 521 214 24 intéressant,-pour
1815 520 40 21 des
1871 519 115 25 Français,
2000 518 61 20 d’en-

1586 549 81 20 tendre
1674 549 46 20 l’un
1729 549 40 20 des
1778 548 88 21 leaders
1875 548 29 20 du
1915 549 145 19 mouvement

1587 577 134 25 flamingant
1737 575 256 26 extra-parlementaire,
2005 574 56 20 dont

1587 605 34 20 les
1637 605 109 20 formules
1763 604 111 20 radicales
1894 602 168 25 surprendront

1588 639 54 14 sans
1656 633 70 20 doute
1741 632 116 24 beaucoup
1873 631 29 19 de
1916 636 43 14 nos
1972 635 90 19 compa-

1587 661 89 23 triotes,
1698 660 58 21 mais
1777 660 50 20 leur
1847 658 157 25 apprendront
2030 657 30 20 du

1589 689 73 20 moins
1677 695 26 13 ce
1717 687 67 25 qu’ils
1798 686 152 21 chercheront
1964 692 29 13 en
2007 684 53 21 vain

1587 717 58 20 dans
1658 722 42 14 nos
1709 721 114 19 journaux
1829 714 45 20 dits
1885 712 175 24 d’information,

1587 748 23 17 et
1618 745 21 19 la
1648 749 92 15 mesure
1749 747 78 16 exacte
1841 742 40 20 des
1896 741 98 25 dangers
2008 747 54 14 aux-

1588 772 73 25 quels,
1676 772 58 20 dans
1747 778 24 13 sa
1785 771 106 24 réponse,
1906 769 41 20 fait
1961 769 99 20 allusion

1588 800 63 20 René
1658 800 125 20 Johannet.
1790 803 10 11 »

1613 836 63 20 C'est
1692 838 78 18 exact:
1788 834 20 21 le
1822 833 79 26 public
1913 832 101 25 français
2028 835 34 17 est

1588 863 228 27 systématiquement
1823 861 75 21 induit
1903 868 28 13 en
1938 867 79 14 erreur
2021 866 41 19 par

1588 898 25 14 sa
1622 897 86 20 presse,
1718 891 40 25 qui
1767 890 35 21 n’a
1811 896 27 14 en
1849 889 111 25 Belgique
1968 895 46 18 que
2022 888 40 20 des

1588 919 193 25 correspondants
1789 917 133 24 bruxellois,
1931 916 131 21 rédacteurs

1588 949 13 20 à
1608 947 159 26 desjournaux
1773 945 125 22 bruxellois
1903 944 63 21 aussi
1972 945 90 19 vénaux

1588 983 45 19 que
1647 975 101 21 certains
1762 979 98 20 organes
1874 972 109 25 français.
2002 971 60 21 C’est

1589 1004 28 20 ici
1632 1004 20 20 le
1666 1006 75 17 secret
1755 1002 29 21 de
1801 1001 159 23 Polichinelle,
1978 1000 84 25 qu’une

1589 1032 85 25 grande
1691 1030 75 27 partie
1783 1030 27 20 de
1827 1029 20 21 la
1862 1035 79 19 presse
1955 1028 66 25 belge
2034 1028 28 20 de

1589 1060 84 24 langue
1679 1058 115 25 française
1802 1058 90 23 émarge
1901 1063 44 14 aux
1953 1056 69 21 fonds
2029 1062 35 14 se-

1589 1091 60 17 crets
1666 1087 29 20 du
1713 1085 59 26 Quai
1782 1085 102 24 d’Orsay.
1904 1084 104 24 Lorsque
2029 1084 34 20 les

1586 1116 128 24 journeaux
1722 1112 110 21 flamands
1844 1115 129 21 protestent
1982 1111 81 25 ajuste

1589 1144 53 19 titre
1649 1145 80 18 contre
1737 1144 58 17 celte
1804 1140 149 25 propagande
1965 1139 99 20 subven-

1590 1171 92 20 tionnée
1691 1175 40 19 par
1738 1169 98 24 l’argent
1843 1167 108 24 français,
1960 1167 34 20 les
2000 1167 64 25 jour-

1589 1204 60 17 naux
1657 1198 95 20 accusés
1761 1196 129 25 répliquent
1898 1202 45 19 que
1951 1195 62 20 leurs
2025 1196 38 19 ad-

1589 1226 111 21 versaires
1709 1228 54 17 sont
1770 1224 41 20 des
1819 1224 105 20 ennemis
1932 1224 56 20 delà
1995 1223 68 21 Fran-

1589 1261 33 14 ce.
1630 1254 126 26 Mensonge
1763 1253 76 22 avéré,
1846 1255 98 18 souvent
1951 1252 111 23 dénoncé,

1589 1288 83 15 encore
1680 1281 51 25 plus
1741 1283 98 18 souvent
1847 1280 83 24 repris,
1938 1279 62 21 faute
2008 1280 56 19 d’ar-

1589 1313 105 22 guments
1703 1309 56 24 plux
1766 1308 97 22 sérieux,
1870 1314 59 19 pour
1933 1308 130 24 indisposer

1589 1337 108 25 l’opinion
1716 1336 113 24 française
1842 1339 80 17 contre
1935 1336 21 20 le
1969 1342 95 14 mouve-

1590 1369 62 17 ment
1660 1364 108 21 flamand.
1778 1363 60 21 C’est
1845 1364 14 19 à
1868 1364 45 20 bon
1923 1363 61 21 droit
1992 1364 69 24 qu’un

1591 1393 114 24 Français,
1715 1391 53 21 chef
1774 1392 30 19 du
1813 1391 188 25 cabinet-adjoin-t
2009 1392 53 21 d’ùn

1591 1421 102 21 ministre
1708 1420 29 20 du
1753 1420 186 20 Gouvernement
1953 1420 111 21 Poincaré

1590 1453 69 17 avant
1667 1449 21 20 le
1697 1453 23 16 il
1731 1448 53 23 mai,
1794 1448 103 20 écrivant
1905 1454 54 14 sous
1967 1448 22 20 le
1997 1455 67 18 pseu-

1590 1479 98 23 donyme
1695 1477 29 20 de
1733 1476 92 23 Cinéas,
1840 1476 110 24 insistait,
1965 1477 59 20 dans
2036 1483 25 14 sa

1590 1508 76 20 Lettre
1674 1505 56 20 d’un
1739 1505 114 24 Français
1867 1505 16 19 à
1898 1505 111 25 quelques
2019 1508 44 22 pa-

1590 1536 80 19 triotes
1677 1533 131 21 Flamands
1815 1539 41 14 sur
1863 1533 26 20 la
1898 1534 101 20 création
2005 1534 57 20 d’un

1588 1563 66 26 parti
1660 1561 111 22 national
1775 1561 116 25 flamand,
1901 1568 40 13 sur
1949 1562 21 20 la
1979 1562 84 24 partia-

1590 1591 41 20 lité
1638 1596 57 15 avec
1703 1590 101 26 laquelle
1818 1589 102 21 Wallons
1933 1594 23 16 et
1970 1590 93 21 Bruxel-

1590 1619 44 21 lois
1642 1618 126 21 informent
1781 1618 32 20 les
1825 1618 116 24 journaux
1955 1617 106 26 français,

1591 1647 102 26 toujours
1701 1653 28 14 au
1739 1646 122 21 détriment
1874 1646 31 21 du
1918 1651 145 16 mouvement

1590 1675 96 21 flamand
1692 1682 7 13 :

1616 1717 11 11 «
1633 1709 41 20 Les
1680 1709 121 20 Flamands
1807 1708 95 21 doivent
1909 1709 13 20 à
1931 1715 26 14 ce
1965 1715 98 19 manque

1591 1737 107 23 d’audace
1707 1737 50 20 d’en
1771 1737 49 20 être
1836 1743 92 18 encore,
1942 1744 57 18 pour
2013 1737 51 20 leur

1590 1766 189 26 développement
1788 1765 112 25 national,
1915 1772 28 14 au
1958 1766 64 25 point
2034 1766 29 20 où

1590 1801 24 14 se
1623 1794 133 20 trouvaient
1764 1793 34 20 les
1806 1793 130 26 Tchèques,
1952 1794 16 20 il
1977 1800 15 19 y
1999 1800 12 14 a
2021 1794 45 20 soi-

1589 1826 68 17 xante
1666 1828 50 14 ans.
1726 1822 32 20 Ils
1767 1828 29 13 ne
1804 1825 53 17 sont
1866 1823 154 24 représentés,
2034 1822 30 20 ils

1590 1851 122 20 n’existent
1720 1850 84 20 devant
1817 1850 111 24 l’opinion
1943 1849 120 25 française,

1590 1880 66 24 qu’en
1666 1882 50 17 tant
1724 1885 46 18 que
1778 1878 72 24 sujets
1860 1878 85 24 belges.
1960 1878 59 20 Leur
2031 1885 35 13 râ-

1590 1914 34 19 pe,
1632 1907 49 20 leur
1688 1906 149 22 civilisation,
1845 1905 64 20 leurs
1917 1905 80 22 droits,
2002 1906 63 20 leurs

1590 1934 123 26 aptitudes,
1729 1934 64 19 leurs
1805 1933 149 25 aspirations,
1970 1939 29 14 ne
2012 1937 54 16 sont

1590 1967 110 16 entrevus
1718 1961 55 20 chez
1788 1967 57 14 nous
1863 1961 52 23 qu’à
1927 1964 88 17 trayers
2031 1960 34 21 les

1590 1989 129 27 partis-pris
1727 1992 24 17 et
1758 1989 35 19 les
1800 1988 125 20 calomnies
1931 1988 29 20 de
1965 1988 21 19 la
1989 1988 77 24 jalou-

1590 2019 35 20 sie
1638 2017 107 20 wâlonne
1752 2026 26 5 —
1784 2015 76 24 jugés,
1881 2021 47 18 que
1946 2016 63 20 selon
2031 2016 35 20 les

1590 2046 77 25 points
1675 2044 28 20 de
1713 2049 43 14 vue
1765 2046 23 17 et
1796 2042 33 20 les
1837 2043 109 24 passions
1954 2042 111 25 d’agents,

1590 2074 27 20 de
1626 2071 133 30 publicistes
1767 2074 24 17 et
1798 2070 28 20 de
1835 2069 182 22 fonctionnaires
2027 2077 40 14 an-

1590 2099 137 24 tiflamands,
1736 2105 9 11 »

1614 2138 42 19 Les
1665 2136 138 20 détenteurs
1814 2135 31 20 du
1861 2135 98 25 pouvoir
1971 2141 29 14 en
2016 2135 51 20 Bel-

1588 2165 71 26 gique
1667 2164 154 25 s’imaginent,
1831 2164 13 19 à
1851 2164 74 24 grand
1935 2163 90 20 renfort
2038 2163 28 20 de

1590 2194 94 25 phrases
1702 2192 142 20 solennelles
1865 2195 24 16 et
1910 2195 156 22 menaçantes,

1589 2221 98 26 pouvoir
1702 2226 59 15 nous
1774 2219 58 21 faire
1846 2226 114 14 renoncer
1973 2220 13 21 à
1999 2223 67 18 notre

1590 2249 62 22 désir
1668 2248 164 21 d’autonomie.
1847 2248 45 20 Ces
1910 2248 111 24 aveugles
2037 2255 30 13 ne

1590 2276 120 22 voient-ils
1718 2282 41 21 pas
1767 2282 45 20 que
1820 2282 26 15 ce
1854 2276 63 20 désir
1925 2279 35 17 est
1974 2276 93 25 aujour-

1589 2305 62 22 d’hui
1658 2305 100 20 formulé
1766 2310 42 19 par
1816 2307 64 18 toute
1895 2304 22 20 la
1931 2304 134 25 génération

1589 2334 114 22 militante
1712 2333 27 19 de
1748 2331 116 21 Flandre?
1873 2331 34 21 Ne
1915 2332 23 20 le
1947 2338 119 19 compren-

1589 2361 95 21 nent-ils
1692 2367 51 19 pas,
1758 2366 30 14 en
1796 2363 87 23 voyant
1891 2360 34 19 les
1935 2360 132 21 nationalis-

1588 2394 36 17 tes
1644 2389 112 21 flamands
1774 2389 148 19 reconnaître
1939 2394 89 15 comme
2044 2389 22 20 le

1589 2418 81 21 vivant
1678 2416 104 27 symbole
1791 2417 28 19 de
1826 2416 51 20 leur
1886 2416 58 20 lutte
1949 2423 58 18 pour
2012 2416 54 21 l’au-

1589 2446 111 23 tonomie,
1713 2446 21 19 le
1750 2445 86 20 rebelle
1844 2444 100 21 flamand
1959 2445 73 24 qu’est
2043 2446 23 21 le

1590 2475 95 20 docteur
1706 2474 102 23 Auguste
1824 2472 89 24 Borms,
1935 2473 131 20 embastillé

1589 2502 80 25 depuis
1677 2501 52 20 huit
1737 2501 86 20 années
1832 2501 59 19 dans
1899 2500 21 21 la
1929 2501 80 24 prison
2022 2501 45 21 cel-

1589 2530 82 21 lulaire
1679 2529 29 20 de
1717 2529 104 20 Louvain
1827 2528 12 20 ?

1612 2558 21 20 A
1641 2561 68 17 notre
1717 2557 59 23 avis,
1792 2557 21 20 le
1828 2556 95 21 docteur
1931 2557 90 24 Borms,
2035 2564 29 14 en

1590 2586 85 21 faisant
1688 2585 126 25 prévaloir,
1831 2588 81 17 contre
1926 2585 34 20 les
1977 2586 90 24 préten-

1589 2615 61 20 tions
1665 2613 103 20 néfastes
1783 2613 53 20 d’un
1854 2613 53 20 Etat
1920 2614 144 26 tyrranique,

1591 2642 33 23 les
1632 2642 72 20 droits
1712 2641 139 25 intangibles
1860 2641 28 20 de
1897 2647 43 15 son
1947 2643 90 24 peuple,
2043 2649 21 18 a,

1590 2670 85 20 devant
1682 2669 60 20 Dieu
1751 2673 23 17 et
1783 2675 24 14 sa
1816 2669 144 24 conscience,
1968 2671 37 23 agi
2013 2677 54 14 con-

1591 2697 136 21 formément
1739 2703 13 14 a
1766 2703 46 14 une
1826 2697 62 25 règle
1903 2697 88 21 morale
1999 2698 67 22 d’une

1591 2726 69 20 haute
1668 2725 124 21 élévation.

2112 110 61 20 C’est
2182 110 112 25 pourquoi
2303 110 22 21 la
2329 111 111 26 jeunesse
2446 117 81 28 flaman
2536 128 6 18 1

2088 137 99 21 actuelle
2197 137 107 22 demeure
2314 139 66 22 fidèle
2388 142 12 20 à
2411 143 85 25 L’Idéal
2506 158 13 10 n
2536 155 11 8 *•

2088 166 53 19 s’est
2149 167 96 24 proposé
2251 173 6 16 ;
2266 166 45 20 elle
2318 166 27 21 l’a
2353 170 113 23 proclamé
2474 181 28 15 au
2509 158 38 43 p/'
2549 158 6 20 1

2087 194 29 19 de
2123 192 115 21 sacrifices
2246 193 180 29 considérables,
2440 206 24 15 se
2472 209 56 18 rapp
2535 189 19 33 'i*

2087 221 48 20 Iant
2142 220 34 21 les
2185 220 80 21 heures
2274 221 120 26 tragiques
2402 228 85 22 qu’elle
2495 238 12 13 a
2522 215 34 40 vV

2087 255 63 16 eues,
2159 248 112 25 lorsqu’on
2281 249 59 20 avril
2351 255 50 22 1924
2415 260 30 14 un
2455 256 100 28 étudiant

2087 276 83 21 wallon
2180 276 27 20 de
2219 276 13 20 Y
2232 276 71 21 Alma
2312 278 77 20 Mater
2403 285 93 20 commit
2518 296 10 12 s
2547 273 8 33 \

2088 310 30 14 un
2133 304 28 20 de
2175 310 37 14 ses
2225 304 133 21 camarades
2375 301 129 36 flamands/
2513 299 38 39 un”

2087 331 109 21 tentative
2205 332 27 20 de
2241 335 110 18 meurtre.
2367 334 73 25 Après
2453 343 36 17 cet
2502 327 52 40 incf

2086 359 63 24 dent,
2158 360 111 20 l’autorité
2277 360 149 27 académique
2435 365 66 24 dénia
2515 360 41 34 au"

2086 387 117 21 étudiants
2212 387 111 21 flamands
2338 389 20 20 le
2373 389 60 22 droit
2447 393 28 21 de
2489 382 65 40 manf

2086 414 69 21 fester
2162 416 120 20 librement
2291 422 59 19 pour
2357 417 51 21 leur
2416 419 62 23 Idéal
2487 415 68 36 nati0-

2086 443 82 20 naliste
2176 443 105 21 flamand.
2290 444 50 20 Une
2349 445 51 20 vive
2407 446 59 23 lutte
2474 452 61 25 s’eng

2086 477 42 19 gea
2136 470 60 21 alors
2204 476 65 16 entre
2283 472 114 22 l’autorité
2410 477 131 30 académiqu

2086 502 23 17 et
2124 499 34 20 les
2175 499 116 21 étudiants
2309 500 121 26 flamands,
2453 505 55 23 dont
2524 494 19 39 Je
2544 494 11 14 6

2086 527 116 20 meilleurs
2209 527 78 21 furent
2296 529 107 24 expulsés
2412 531 28 19 de
2449 532 6 19 l
2465 533 90 29 Univer

2087 554 141 21 sité.L'Idéal
2236 562 45 18 que
2291 556 81 21 Borms
2381 558 74 21 s’était
2463 555 93 34 prop0s-

2087 586 23 16 et
2118 582 55 25 qu’il
2181 589 12 13 a
2203 584 60 19 tenté
2271 583 28 21 de
2309 584 94 21 réaliser
2410 590 94 21 pouvait
2509 598 45 21 seul

2088 610 76 24 prêter
2178 616 30 14 un
2222 617 52 14 sens
2289 618 29 13 au
2333 612 102 22 sacrifice
2452 620 102 25 sanglant

2087 637 40 20 des
2136 637 96 20 milliers
2244 638 28 20 de
2284 639 84 24 jeunes
2378 640 129 30 Flamands,
2518 653 35 20 qu-

2087 664 168 25 s’imaginaient
2263 667 127 21 combattre
2400 675 58 18 pour
2465 671 21 21 la
2496 660 57 40 Flan*

2088 692 41 21 dre
2137 695 23 17 et
2168 698 36 15 ses
2213 693 80 21 droits.

2112 720 93 21 D’avoir
2221 721 29 20 dû
2268 726 125 20 constater,
2408 727 67 23 après
2493 736 54 21 coup

2087 754 46 19 que
2141 755 26 14 ce
2176 749 101 20 sacrifice
2287 750 35 20 n’a
2333 751 37 20 été
2384 753 85 24 qu’une
2482 764 60 18 erreu

2088 776 105 25 tragique
2201 777 27 20 de
2235 777 110 26 l’énergie
2354 783 22 16 et
2390 781 29 20 de
2431 782 84 27 l’esprit
2529 791 25 22 de

2088 804 102 21 sacrifice
2197 805 40 20 des
2245 806 88 24 nôtres,
2348 813 29 14 ne
2389 813 55 20 peut
2459 817 44 19 que
2516 820 38 19 raf-

2088 832 78 21 fermir
2175 836 64 17 notre
2248 834 131 21 conviction
2385 842 45 19 que
2436 838 21 20 la
2463 832 91 34 Flandr"

2089 860 35 20 n’a
2133 860 48 21 rien
2189 862 13 19 à
2211 862 104 20 attendre
2324 862 28 20 de
2358 863 68 22 l’Etat
2432 866 69 27 Belge
2507 854 47 40 cen!

2089 888 136 25 tralisateur,
2235 893 22 16 et
2266 890 71 20 devra
2345 897 41 14 son
2396 894 61 20 salut
2465 898 90 27 unique-

2089 919 64 17 ment
2159 917 13 19 à
2181 922 24 14 sa
2214 923 82 19 propre
2304 918 93 22 activité
2410 921 111 26 militante
2534 935 19 17 et

2088 945 163 21 constructive.

2114 972 42 21 Par
2162 973 22 20 la
2193 973 77 25 prison
2286 977 23 18 et
2320 975 36 20 les
2370 977 184 30 condamnations

2088 1001 13 19 à
2110 1004 67 20 mort,
2187 1001 20 20 le
2216 1001 185 23 Gouvernement
2409 1005 66 27 belge
2484 1016 13 13 a
2505 1017 50 17 vou-

2089 1028 23 20 lu
2129 1029 121 25 atteindre,
2267 1030 60 21 dans
2343 1031 21 21 la
2382 1040 117 18 personne
2518 1040 36 23 des

2088 1057 125 24 activistes,
2231 1064 56 15 ceux
2295 1059 48 25 qui,
2358 1060 196 31 inconsciemment

2088 1085 120 24 peut-être,
2217 1086 91 21 avaient
2315 1087 122 23 découvert
2450 1096 58 18 cette
2522 1099 33 19 vé-

2090 1113 43 20 rité
2140 1116 23 17 et
2171 1120 13 18 y
2192 1113 89 22 avaient
2290 1116 119 22 conformé
2418 1118 61 22 leurs
2488 1110 67 36 actes"

2114 1141 30 20 La
2159 1142 96 20 Flandre
2269 1143 115 23 militante
2398 1146 31 21 lui
2443 1154 21 18 a,
2480 1150 76 26 depuis

2088 1169 136 26 longtemps,
2234 1171 103 25 répondu
2346 1174 71 24 parla
2430 1179 127 23 revendica-

2089 1197 49 20 tion
2147 1198 29 20 de
2183 1198 120 23 l’amnistie
2312 1202 73 20 totale
2393 1207 23 16 et
2425 1210 53 15 sans
2484 1209 74 21 condi-

2089 1225 70 21 tions.

2115 1254 31 20 Le
2153 1260 179 19 gouvernement
2341 1258 71 24 vient,
2426 1267 41 19 par
2475 1262 22 20 la
2506 1263 51 23 bou-

2089 1282 44 20 che
2140 1282 29 21 du
2179 1283 103 22 ministre
2291 1285 28 21 de
2328 1286 21 20 la
2356 1286 93 26 justice,
2458 1290 29 20 de
2496 1292 62 22 réité-

2090 1317 38 14 rer
2136 1317 41 14 son
2187 1311 60 21 refus
2256 1312 155 27 d’appliquer,
2420 1322 44 15 aux
2471 1320 88 21 activis-

2089 1342 45 21 tes,
2151 1340 72 20 même
2242 1341 29 20 de
2292 1341 95 26 simples
2408 1351 102 17 mesures
2530 1349 26 22 de

2089 1367 125 21 clémence.

2114 1396 19 20 A
2142 1402 42 15 nos
2191 1403 66 18 yeux,
2266 1398 57 21 c’est
2332 1399 21 20 là
2361 1400 117 22 l’exercice
2493 1404 64 22 d’une

2090 1424 98 21 vindicte
2195 1425 150 26 impitoyable
2352 1433 79 17 contre
2438 1430 40 22 des
2484 1433 75 21 adver-

2089 1453 73 20 saires
2170 1454 129 25 politiques.

2115 1481 88 21 Devant
2216 1482 21 21 le
2249 1484 86 20 monde
2350 1485 83 25 entier,
2449 1494 58 17 nous
2522 1490 35 23 dér

2090 1516 103 18 nonçons
2206 1510 21 20 le
2240 1511 134 22 traitement
2389 1513 78 27 infligé
2481 1523 42 21 par
2537 1518 19 23 la

2090 1538 109 25 Belgique
2206 1545 43 14 aux
2254 1539 117 22 idéalistes
2377 1541 118 27 flamands,
2501 1551 56 16 com-

2090 1572 36 14 me
2138 1566 162 28 incompatible
2315 1575 57 15 avec
2385 1570 21 21 la
2424 1573 134 21 conscience

2086 1594 118 25 juridique
2216 1596 109 21 moderne
2338 1600 24 17 et
2375 1604 56 14 avec
2444 1600 21 20 la
2474 1602 84 21 morale

2089 1622 141 22 chrétienne.

2114 1650 85 26 Depuis
2208 1651 139 27 longtemps,
2355 1654 23 20 la
2384 1654 71 25 jeune
2464 1656 94 23 Flandre

2089 1685 14 14 a
2109 1679 45 20 tiré
2161 1679 22 20 la
2192 1680 136 21 conclusion
2342 1682 39 24 qui
2396 1683 97 22 découle
2506 1686 50 21 d’un

2089 1707 71 20 siècle
2166 1708 156 25 d’oppression
2329 1713 23 17 et
2357 1710 41 20 des
2404 1713 154 23 persécutions

2090 1736 103 20 récentes
2208 1740 78 17 contre
2303 1738 22 20 le
2343 1739 162 22 nationalisme
2520 1742 37 20 fla-

2089 1765 77 20 mand.

2114 1792 68 22 Seule
2189 1793 145 22 l’autonomie
2342 1798 55 22 peut
2404 1802 86 17 sauver
2495 1802 61 21 notre

2090 1821 83 25 peuple
2181 1822 104 21 flamand.

2115 1849 27 20 Et
2150 1850 43 19 elle
2200 1850 22 20 le
2230 1857 105 14 sauvera.
2343 1856 10 10 »

2113 2272 22 5 —
2144 2263 29 18 Un
2180 2263 18 18 si
2204 2263 48 18 vede
2259 2263 33 22 più
2299 2263 91 18 suminati
2398 2263 21 17 in
2426 2263 51 21 locu,
2486 2267 53 14 cume
2545 2267 11 15 a

2090 2288 63 19 nostri
2158 2289 64 23 tempi,
2230 2293 43 14 caru
2282 2288 42 19 Ors’
2331 2288 71 19 Andria
2408 2288 5 19 l

2113 2323 24 4 —
2144 2313 85 23 Càspice!
2236 2314 17 17 À
2260 2313 8 18 i
2274 2313 52 24 jorni
2334 2314 82 23 d’oghie,
2424 2314 22 17 in
2454 2313 83 22 Corsica,
2543 2317 13 13 u

2091 2340 55 17 ’ranu
2154 2339 20 19 di
2182 2340 49 17 cerle
2243 2339 96 19 sacchette
2350 2339 60 19 frutta
2422 2339 94 19 senz’esse
2527 2343 29 14 su-

2091 2365 101 18 minatu....
2200 2364 21 18 in
2228 2365 56 19 terra.

2124 2468 26 30 È
2161 2473 108 26 esciutu
2278 2481 7 17 :

2125 2530 29 24 A
2168 2530 181 30 Cunquista
2357 2530 166 25 Francese

2214 2569 31 25 di
2260 2577 19 17 a
2292 2569 136 26 Corsica

2146 2610 38 29 (da
2195 2617 32 16 un
2238 2611 113 31 giurnale
2362 2611 25 22 di
2399 2609 102 32 l’epuca)

2203 2661 78 19 Volume
2292 2661 20 19 di
2322 2661 35 18 264
2367 2662 76 23 pagine.

2218 2696 78 19 Prezzu;
2306 2695 13 18 8
2331 2695 96 19 franchi.

2146 2729 83 22 Ajacciu,
2237 2728 106 24 Stamperia
2355 2730 20 18 di
2382 2728 21 21 A
2414 2727 87 21 Muvra.

1689 2815 154 41 ELEZIOfiE
1867 2815 225 43 SENATORIALE
2116 2816 32 37 Dl
2164 2816 19 37 U
2206 2816 86 43 VI[fTI
2314 2816 143 42 OTTOBRE

1692 2895 143 30 Delegati
1844 2896 8 24 i

1593 2939 30 21 Se
1639 2940 42 21 voi
1694 2945 27 16 se
1722 2942 24 19 te
1761 2940 28 21 di
1803 2946 16 15 u
1835 2941 116 28 ra^yinu,

1593 2973 31 21 Se
1636 2974 42 20 voi
1689 2979 35 16 un
1736 2973 82 22 vulele
1830 2974 43 21 che
1884 2981 17 15 u
1914 2975 29 22 bè
1955 2975 28 21 di
1994 2981 15 15 a
2025 2975 117 26 Corsica,

1593 3005 31 23 Se
1636 3007 99 22 voisete
1749 3007 78 22 decisi
1838 3015 14 14 a
1860 3007 34 29 fà
1907 3015 14 14 a
1932 3011 83 24 prova
2028 3008 98 22 ch'omu
2140 3015 35 15 un
2184 3010 26 20 vi
2219 3008 33 28 pb
2265 3009 31 22 nè
2307 3010 78 21 vende
2396 3010 31 21 nè
2439 3004 110 32 cumprà,

1915 3059 137 25 Vuiarete
2068 3067 54 26 per
2140 3060 12 25 i
2168 3059 69 34 Sgib

1709 3114 115 30 Faulu
1848 3114 158 30 Dumeri

1860 3164 222 36 Ghiaseppu
2106 3165 191 31 Giordano

1753 3213 62 26 Dui
1834 3213 87 27 Corsi
1937 3214 133 26 schiettil
2086 3216 63 25 Dui
2166 3216 58 25 omi
2239 3216 33 25 di
2289 3219 106 24 sanna!

1617 3263 41 21 Un
1669 3263 27 21 vi
1708 3263 190 23 dimenticarete
1912 3264 39 22 chi
1961 3265 39 22 voi
2015 3265 85 22 duvete
2114 3272 14 15 a
2139 3265 31 22 sti
2183 3266 39 22 dui
2236 3267 117 29 campioni
2362 3275 7 14 :
2389 3274 13 16 a
2417 3266 101 24 ferruvia
2531 3261 22 23 di

1592 3295 122 23 Bonifaziu
1725 3303 13 15 e
1751 3296 23 22 di
1787 3296 74 28 Sartè,
1875 3298 7 21 i
1895 3298 83 29 servizj
1991 3299 122 22 maritlimi
2124 3300 142 28 rapidissimi
2278 3308 14 14 e
2303 3308 13 15 a
2330 3301 45 23 bon
2387 3305 74 26 pattu,
2471 3308 14 15 e
2496 3297 57 25 belle

1592 3330 79 21 strade
1682 3330 168 27 incadramate,
1865 3338 14 15 11
1894 3332 121 22 sanatoriu
2030 3333 196 29 dipartinienlale,
2241 3341 13 15 a
2268 3335 119 23 sicurezza
2402 3336 24 22 in
2441 3336 22 22 le
2477 3334 54 23 città
2541 3336 11 15 e

1592 3363 23 21 in
1631 3363 21 21 le
1667 3368 136 23 campagne,
1821 3371 14 15 a
1849 3364 47 22 fine
1911 3365 23 22 di
1949 3372 13 15 e
1975 3366 61 22 lutte
2057 3366 121 29 pulitiche,
2200 3375 15 15 u
2228 3375 129 22 prugressu
2378 3369 22 22 di
2418 3365 134 26 l’industria»

1593 3395 23 22 di
1630 3403 14 14 u
1658 3397 145 22 eummerciu
1819 3404 13 15 e
1846 3398 24 22 di
1884 3398 171 29 l’agricultura,
2076 3408 15 14 u
2106 3401 99 28 rispellu
2219 3408 12 15 e
2244 3409 14 15 a
2273 3404 194 23 cunsiderazione
2483 3400 37 24 chi
2532 3396 21 24 vi

1593 3430 26 21 sò
1631 3429 134 23 dimustrati
1777 3431 30 22 da
1819 3438 65 16 mare
1898 3433 56 27 inlà,
1964 3440 16 15 u
1991 3434 160 22 risanamentu
2163 3433 24 23 di
2197 3441 14 16 e
2222 3435 95 30 piaghie
2327 3446 7 19 ;

1693 3484 144 31 Delegati
1845 3486 9 25 !

1763 3529 50 24 Più
1828 3530 44 22 che
1886 3531 55 22 mai

1860 3563 100 26 Fronti
1978 3572 16 16 a
2011 3564 28 25 fà
2057 3564 36 26 da
2111 3566 60 26 teni
2189 3567 79 27 staffa
2279 3569 7 26 !

2071 3610 12 15 c

2024 3636 73 26 Fieri
2115 3638 89 27 d’esse
2221 3641 59 26 nati
2299 3642 74 25 corsi
2385 3641 6 25 !
