2540 3822
95 111 52 30 /568
159 111 28 20 da
200 115 15 14 u
226 106 94 28 figliolu
332 103 115 22 Alfonsu.

85 151 22 20 A
120 147 77 22 morte
210 145 77 20 stessa
298 140 25 21 di
337 146 14 14 u
364 144 59 21 gran
442 137 84 20 Baste-

64 183 92 24 icacciu
168 181 13 21 è
193 180 63 21 stata
266 174 115 23 acconcia
398 178 45 22 per
455 171 71 21 fanne

54 218 71 24 cascà
136 218 64 21 tuttu
215 212 74 22 l’odiu
307 209 82 28 sopr’a
410 208 114 21 Genuva.

55 252 110 30 Ogliiesi
175 250 26 21 sà
211 246 178 28 chil’agguattu
400 243 24 21 di
434 242 90 24 Cauru,

54 298 16 14 u
84 284 170 31 iôjennaghiu
276 281 61 29 1567,
359 279 26 21 fù
404 281 53 18 tesu
473 277 29 20 da
517 283 6 14 1

55 326 35 21 so’
111 321 105 30 parenti,
237 319 6 21 i
262 320 35 19 tre
316 313 90 24 fratelli
426 311 98 23 Michel’

54 360 110 28 Agnulu,
178 352 123 26 Ghiuvan’
313 352 101 20 Antone
424 355 13 15 e
446 348 78 21 Ghiu-

52 402 49 16 van
125 394 133 21 Francescu
279 386 137 24 d’Ornanu,
437 384 7 21 i
456 382 67 28 quali

53 430 136 23 vindiconu
202 425 83 28 quella
298 423 73 27 jornu
384 427 13 15 a
409 421 77 20 morte
497 418 26 21 di

53 474 13 15 a
78 465 92 23 surella
183 460 120 23 Vannina.

83 502 29 21 Ci
125 498 148 28 arrighiemu
285 500 43 22 per
342 495 39 19 stu
401 496 120 17 mumeru.

53 538 180 22 Turneremu...
241 538 13 15 a
266 530 135 27 Vignale,a
414 527 105 21 settima-

54 580 31 16 na
95 572 40 22 chi
145 575 72 17 vene.

222 610 122 27 Pasquale
358 606 135 24 Manfredi.

581 117 22 21 U
617 122 25 21 19
653 113 142 29 Nuyembre
803 117 95 19 scorsu,
907 109 117 22 lascendu

552 147 102 23 tutt’una
667 145 164 28 populazione
843 144 24 20 in
879 144 22 19 la
913 145 110 18 cunster-

551 179 102 23 ààzione
665 185 13 14 e
690 185 49 14 una
752 176 109 27 famiglia
881 175 98 21 stimata
997 174 25 21 in

551 214 25 19 lu
583 211 164 26 scumpientu,
757 210 20 20 si
787 208 103 27 spegnia
902 208 121 27 prematu-

551 246 111 20 ramente
675 244 25 20 in
713 243 83 21 Murzu
814 241 97 22 l’amata

609 281 119 22 Madama
738 279 79 22 Luisa
828 277 136 26 Chiappini

550 320 90 27 moglia
653 319 25 21 di
692 325 14 14 u
719 319 84 20 nostru
818 316 103 22 distintu
936 321 13 15 e
961 315 62 21 sfur-

550 355 85 20 tunatu
646 351 107 25 amicu,u
764 350 104 21 Duttore
877 347 144 27 Chiappini,

551 385 101 22 sindacu
672 384 24 20 di
714 390 15 14 u
744 388 73 22 paese
835 388 13 14 e
863 380 159 27 Cunsigliere

551 418 129 22 Generale.

576 449 148 23 Addulurati
736 448 30 21 da
778 447 46 22 ’ssa
835 447 71 21 trista
921 444 99 26 nutizia,

550 483 156 22 indirizzemu
717 488 13 14 a
743 487 12 15 a
766 480 118 27 famiglia,
898 485 14 14 e
930 479 26 20 in
967 483 55 22 par-

548 516 102 22 ticulare
661 521 14 14 a
687 520 17 15 u
715 514 104 21 Duttore
830 511 133 28 Chiappini
973 511 48 21 cul-

549 550 51 26 pitu
612 547 53 22 cusì
676 547 175 24 crudelmente,
860 552 13 14 e
885 547 83 19 nostre
979 543 43 28 più

549 586 138 17 cummosse
699 579 186 28 cunduglianze.

55 695 136 26 Parzialità
204 694 104 22 Pinzuta

124 747 141 50 Bonu
291 738 191 69 qixindi,
518 734 202 53 Gattivu
748 731 205 53 culandi

81 853 22 22 U
116 852 117 22 Francese
245 855 29 15 un
285 847 21 22 si
318 846 113 22 definisce
447 843 75 22 micca

53 886 36 23 sol
92 891 66 17 amen
162 886 22 19 te
201 889 36 16 un
252 882 95 21 homme
367 879 47 28 qui
433 878 91 27 ignore

53 920 26 22 la
92 916 165 31 géographie,
277 912 141 23 definizionc
436 908 88 23 cb’ellu

52 953 34 22 s’è
103 951 121 29 applicatu
235 948 30 22 da
277 954 40 22 per
336 945 49 22 ellu
398 951 43 22 per
457 942 67 22 dassi

53 993 31 14 un
95 985 50 22 aria
153 983 24 22 di
184 982 104 28 benignu
297 987 13 14 e
318 981 87 20 onestu
415 984 26 20 je
449 983 25 15 m
483 982 41 15 en-

47 1019 137 29 foutisme.
207 1015 45 22 Noi
270 1013 111 22 stimemu
395 1010 38 22 chi
453 1016 14 15 u
488 1008 37 22 so'

51 1058 58 16 veru
131 1048 161 31 qualifìcalivu
303 1047 64 21 saria
376 1051 6 16 :
404 1049 58 16 omu
480 1042 44 21 chi

52 1085 98 22 unn’ha
161 1084 29 21 ni
190 1088 51 17 suit
250 1086 74 17 sensu
337 1080 29 21 di
376 1085 16 14 a
402 1076 121 39 justiqia.^

80 1115 165 24 Precisissima
257 1112 140 23 definizionc
406 1110 39 22 chi
454 1109 19 21 si
485 1107 38 29 po’

51 1150 97 23 verificà
167 1149 24 21 in
210 1147 53 22 tutti
275 1145 59 23 l’alti
353 1144 24 22 di
390 1150 14 15 a
415 1143 58 26 vila,
485 1148 37 14 ma

52 1184 40 22 chi
104 1189 88 23 appare
204 1187 60 16 ancu
277 1180 37 28 più
326 1184 56 16 vera
393 1177 23 22 in
426 1176 23 22 lu
459 1181 65 16 cam-

52 1225 31 21 pu
97 1217 23 21 di
133 1223 12 15 a
157 1214 99 30 puîitica
267 1220 13 15 e
291 1212 22 22 di
323 1219 16 14 u
351 1209 171 31 patriuttisinu.

80 1250 22 22 U
112 1248 155 23 sciuvinismu
279 1247 23 21 in
314 1248 39 19 stu
370 1244 75 22 bealu.
451 1248 72 23 paese

51 1290 89 21 aecega
151 1287 97 23 ognunu
258 1287 5 14 :
277 1287 13 14 u
302 1279 41 29 più
352 1276 135 23 cumunisla
497 1275 25 21 di

52 1317 7 21 i
71 1315 128 23 cumunisti
212 1312 98 31 parigini
322 1312 30 22 ha
364 1310 159 23 sicuramenle

51 1349 110 23 tamburu
174 1348 23 21 in
210 1353 81 22 corpu,
311 1346 128 21 trumbeüa
450 1342 23 22 in
484 1348 38 15 se-

51 1390 32 15 nu
96 1390 13 15 e
121 1381 116 23 cuccarda
250 1379 111 23 tricolore
375 1378 24 21 in
414 1380 108 25 Lupezzu.

80 1414 159 24 L’immurtali
251 1412 99 30 principj
364 1411 23 22 di
401 1418 14 14 u
426 1408 54 24 1789
491 1415 31 15 un

50 1450 36 22 so’
98 1449 50 22 vcri
160 1448 44 22 che
216 1446 124 31 quand’elli
351 1446 89 28 jovanu
453 1443 19 22 a’
481 1449 42 15 na-

49 1484 71 21 zione
129 1482 37 22 chi
179 1480 115 30 prétende
305 1478 71 23 avelli
394 1476 127 25 invenlali;

51 1517 8 21 i
70 1516 68 22 dritti
150 1515 23 22 di
186 1515 74 21 l’omu
273 1520 30 15 un
315 1514 27 20 sò
355 1518 47 15 una
419 1516 104 23 guaran-

49 1550 58 22 tizia
119 1549 44 22 che
174 1547 126 30 quand’elli
313 1553 30 15 un
357 1547 102 27 portanu
471 1550 52 15 om-

49 1584 44 21 bra
104 1590 14 14 a
130 1581 185 30 l’imperialismu
328 1578 136 30 giacubinu.

77 1616 48 23 Fra
128 1615 57 22 terni
188 1617 24 20 Là
219 1614 12 22 ?
242 1614 64 22 Bella
319 1612 92 30 parolla
422 1612 5 21 !
441 1611 38 22 Ma
490 1610 31 22 da

50 1651 39 21 chi
102 1650 125 22 unn’avete
246 1650 99 27 pruvatu
361 1654 13 14 a
387 1645 95 22 mètlela
496 1644 25 22 in

48 1684 84 22 valore
144 1689 12 16 a
169 1682 50 29 pro’
232 1682 22 21 di
266 1682 7 21 i
285 1679 119 24 Tedeschi
416 1678 104 30 quandu,

50 1717 29 22 da
92 1716 124 28 Boulogne
229 1722 14 15 a
257 1714 135 29 Marseglia,
404 1719 32 15 on
449 1718 72 15 man-

45 1752 74 27 geait
130 1751 35 21 du
176 1749 95 25 Boche;
291 1755 12 15 e
314 1746 140 31 pruvatecià
467 1745 55 22 l’ef-

48 1784 98 22 ficaccia
158 1784 24 21 in
191 1784 38 21 ciô
239 1782 37 22 chi
285 1781 39 22 chi
332 1786 117 17 cuncerna
458 1779 64 21 l’Ila-

48 1818 58 21 liani
118 1824 14 15 a
143 1817 8 22 i
159 1817 67 28 jorni
238 1815 101 29 d’oghie,
356 1814 70 25 duve,
440 1813 28 22 da
481 1812 40 22 Gi-

48 1854 40 19 vet
96 1858 14 15 a
118 1851 113 28 Bayonne
238 1856 31 16 on
278 1855 90 22 mange
378 1847 143 23 duMacca-

49 1886 71 21 roni.

76 1917 165 30 Uguaglianza
252 1916 12 22 ?
283 1916 116 22 Andateià
423 1921 14 15 a
459 1914 24 21 di
504 1920 16 15 a

46 1951 186 22 l’ouverrerier
251 1950 108 28 pariginu
372 1947 92 23 ch’ell’è
477 1947 44 21 l’u-

47 1984 73 29 guale
132 1984 23 22 di
165 1991 14 15 u
192 1984 70 22 fricot
269 1983 37 22 chi
316 1982 79 29 coglie
404 1988 13 15 a
428 1982 92 20 rumèn-

47 2018 56 22 zuia
115 2018 35 29 pe’
162 2019 7 21 i
183 2017 111 29 carrughj
302 2017 7 21 !

74 2052 121 22 Libertà!

76 2085 64 22 Eccu
151 2092 43 21 per
206 2084 112 23 st’ultima
330 2082 146 29 un’esempiu
484 2085 35 19 Ira

47 2118 74 27 mille,
137 2118 65 22 coltu
215 2118 78 22 frescu
304 2117 80 29 sopr’a
398 2116 121 26 Candide,

44 2153 89 27 grand
144 2152 200 22 hebdomadaire
359 2151 119 28 parisien
494 2152 27 20 et

47 2185 75 23 littèr
122 2187 43 21 air
166 2193 13 14 e
190 2186 56 28 (sic)
255 2193 6 13 :

74 2240 43 12 cc...
130 2232 36 20 On
174 2238 128 14 commence
309 2232 16 19 à
334 2232 48 19 être
390 2230 130 21 convaincu

47 2266 28 13 en
85 2260 98 22 France,
192 2266 48 19 que
246 2259 110 25 flamand
363 2261 23 17 et
394 2259 72 19 même
472 2258 48 24 fla-

44 2288 117 24 mingant,
171 2294 31 14 ne
209 2287 122 25 signifient
336 2290 48 21 pas
390 2286 130 25 forcément

47 2316 175 24 anti-français,
240 2318 23 18 et
269 2316 54 19 c'est
336 2315 113 20 heureux.
460 2314 60 21 Tous

46 2343 34 20 les
89 2345 176 23 représentants
272 2343 29 20 de
308 2343 26 20 la
348 2342 147 25 République
501 2343 18 19 à

44 2372 123 20 Bruxelles
180 2379 30 13 ne
221 2373 49 19 s’en
284 2374 53 17 sont
349 2374 49 22 pas
416 2370 104 25 toujours

46 2400 75 19 rendu
130 2403 96 21 compte.
243 2400 35 20 On
286 2406 28 13 en
327 2405 16 13 a
352 2405 77 14 connu
438 2405 31 13 un
477 2399 44 24 qui

46 2427 104 25 refusait
156 2428 156 20 obstinément
319 2427 31 20 de
355 2427 64 24 faire
432 2433 46 13 une
485 2427 36 20 vi-

45 2456 45 19 site
98 2455 109 25 officielle
215 2456 15 19 à
240 2456 94 21 Anvers,
346 2461 57 14 sous
413 2455 107 24 prétexte

46 2490 47 18 que
100 2484 24 19 le
138 2484 157 24 bourgmestre
308 2484 119 19 d’Anvers
442 2485 36 17 est
486 2489 33 14 un

46 2512 43 19 des
105 2511 65 25 chefs
187 2512 33 19 du
235 2511 67 25 parti
313 2511 158 24 flamingant.
484 2511 35 19 Un

45 2541 76 20 autre,
129 2539 20 20 il
154 2542 36 17 est
198 2540 61 22 vrai,
266 2539 42 25 qui
313 2545 27 14 se
345 2539 95 24 flattait
443 2548 27 4 —
475 2539 45 19 c’é-

48 2567 47 20 tait
107 2574 33 13 au
156 2567 133 21 lendemain
305 2567 31 20 de
351 2567 137 20 l’armistice
491 2576 28 4 —

45 2595 94 20 d’avoir
150 2595 124 20 découvert
285 2595 24 19 la
328 2595 133 20 littérature
475 2594 46 25 fla-

46 2623 95 22 mande,
146 2624 93 23 portait
246 2629 47 14 aux
305 2629 66 16 nues,
387 2623 16 19 à
417 2622 71 20 Paris
495 2624 25 18 et

46 2652 73 18 même
127 2651 16 19 à
157 2650 128 22 Bruxelles,
300 2650 42 20 des
355 2650 117 20 écrivains
480 2656 41 14 no-

46 2678 123 20 toirement
177 2680 24 18 et
212 2678 167 25 furieusement
392 2677 98 20 hostiles
501 2678 18 19 à

50 2706 25 20 la
85 2705 97 21 France.

573 842 33 21 Le
613 843 147 19 mouvemeiît
763 839 112 26 flamand
881 841 36 18 est
933 845 31 13 un
970 837 51 25 fait

549 870 67 20 aussi
622 869 95 20 évident
723 874 47 19 que
777 868 26 20 la
817 867 96 20 lumière
921 866 33 20 du
965 865 56 25 jour

550 900 24 17 et
587 897 66 20 aussi
657 896 73 25 fatal,
745 902 28 14 en
782 895 147 21 démocratie,
945 900 45 18 que
998 892 22 20 le

547 926 52 24 flux
605 929 24 16 et
636 925 23 20 le
667 925 73 24 reflux
747 924 30 20 de
785 924 25 19 la
819 929 55 14 mer.
892 921 128 22 L’émanci-

548 953 84 25 pation
640 953 42 20 des
687 952 99 25 peuples
794 954 23 17 et
822 951 51 20 leur
880 950 63 20 droit
950 950 15 19 à
973 949 47 20 dis-

548 985 69 21 poser
636 981 155 20 deux-mêmes
815 979 114 20 devaient
953 977 68 21 avoir

547 1012 62 22 pour
615 1009 158 24 conséquence
780 1007 26 20 la
819 1007 152 20 renaissance
978 1005 43 20 des

549 1037 97 20 idiomes
653 1036 138 21 nationaux,
802 1035 21 20 il
826 1041 17 19 y
850 1041 16 13 a
880 1034 48 20 lieu
940 1033 31 20 de
978 1033 42 20 s’é-

549 1069 90 18 tonner,
644 1067 63 22 pour
715 1064 22 20 le
745 1064 52 20 dire
812 1069 28 14 en
851 1064 109 23 passant,
974 1067 46 19 que

549 1094 103 19 certains
668 1092 138 25 champions
823 1092 30 19 de
869 1091 25 20 la
912 1091 108 20 «France

549 1121 207 25 émancipatrice»,
769 1126 26 14 se
812 1119 108 25 rebiffent
932 1119 87 19 là-con-

549 1152 42 17 tre.
601 1149 72 20 Est-il
678 1148 135 26 impossible
821 1148 30 20 de
866 1147 112 20 concilier
985 1146 35 21 les

547 1179 97 23 progrès
647 1177 31 20 de
681 1177 26 20 la
715 1177 87 24 langue
805 1176 122 25 flamande
932 1181 29 14 en
966 1174 54 21 Bel-

547 1206 72 24 gique
631 1212 58 14 avec
703 1205 85 20 l'unité
802 1205 33 19 du
845 1207 61 21 pays
920 1206 24 17 et
951 1203 22 20 le
982 1209 38 14 ra-

546 1236 140 22 yonnement
699 1233 30 20 de
741 1233 24 20 la
780 1233 91 20 culture
882 1231 121 26 française
1007 1230 12 21 ?

548 1262 60 20 Non.
619 1262 62 20 C’est
685 1268 46 13 une
737 1261 107 25 question
860 1260 121 20 d’adresse
997 1262 23 17 et

549 1290 67 20 aussi
622 1289 30 20 de
657 1289 116 25 patience.
791 1289 33 20 Le
838 1289 181 23 gouvernement

549 1318 79 19 actuel
634 1318 65 20 vient
706 1317 29 20 de
740 1323 26 14 se
773 1316 94 21 décider
871 1326 26 4 —
902 1316 93 24 enfin—
1003 1316 15 19 à

549 1346 98 24 déposer
652 1352 32 14 un
690 1345 77 25 projet
777 1344 30 20 de
815 1345 33 20 loi
854 1344 106 20 édictant
976 1344 43 20 des

546 1374 82 25 peines
630 1374 91 20 sévères
727 1376 79 17 contre
811 1373 34 19 les
850 1373 110 20 mauvais
967 1372 51 20 Bel-

547 1408 43 18 ges
602 1402 43 25 qui
656 1402 123 23 insultent,
794 1407 54 14 sous
867 1402 105 24 prétexte
989 1400 30 20 de

546 1430 209 25 flamingantisme,
764 1430 23 20 le
794 1430 107 24 drapeau
910 1429 111 20 national

548 1461 24 17 et
588 1458 24 20 la
624 1462 117 21 personne
754 1458 34 20 du
801 1458 51 22 Roi.
866 1458 29 20 Ce
904 1464 16 14 n
924 1458 41 19 ’est
970 1460 49 22 pas

549 1489 52 22 trop
609 1488 42 19 tôt.
667 1486 59 21 Tous
733 1486 34 21 les
773 1488 191 22 gouvernements
976 1485 43 25 qui

547 1521 26 13 se
579 1517 55 18 sont
640 1514 100 21 succédé
753 1514 84 25 depuis
847 1519 54 20 1919
915 1516 42 18 ont
961 1513 57 25 plus

548 1549 30 13 ou
586 1543 75 20 moins
666 1543 114 24 pratiqué
786 1543 16 19 à
819 1542 92 25 l’égard
926 1542 30 20 de
963 1542 55 20 l’ex-

549 1571 115 20 trémisme
672 1571 141 24 flamingant
825 1570 25 20 la
861 1570 116 25 politique
985 1570 33 20 du

547 1599 67 20 chien
623 1598 98 21 crevé.Il
727 1600 84 23 paraît
818 1604 45 19 que
871 1598 25 20 la
904 1598 111 22 réaction,

545 1630 61 22 pour
610 1628 49 19 être
667 1626 100 24 tardive,
773 1627 53 19 n’en
832 1633 54 13 sera
891 1629 47 22 pas
943 1626 75 20 moins

547 1655 131 25 énergique.
687 1655 167 25 Acceptons-en
862 1654 112 25 l’augure.
987 1654 31 21 Et

546 1683 137 21 souhaitons
690 1683 70 25 qu’on
767 1683 92 24 facilite
866 1683 25 20 la
900 1683 68 20 tâche
976 1683 43 20 des

544 1712 117 24 patriotes
668 1711 82 25 belges
757 1713 23 18 et
796 1711 42 20 des
846 1711 65 20 vrais
919 1711 62 20 amis
988 1711 30 20 de

546 1740 25 20 la
579 1740 91 20 France
679 1746 29 13 en
725 1739 173 25 décourageant
905 1739 35 20 les
948 1745 70 14 aveu-

545 1767 53 25 gles
610 1770 25 18 et
647 1768 35 20 les
699 1767 91 21 exaltés
797 1768 43 24 qui
850 1768 145 20 s’escriment
1002 1768 16 19 à

543 1796 132 24 persuader
682 1795 36 21 les
725 1795 116 25 Français
857 1802 46 18 que
911 1796 22 20 le
940 1795 79 21 déchi-

546 1826 89 18 rement
647 1824 31 20 de
691 1824 26 20 la
734 1823 114 25 Belgique
852 1824 167 24 pourrait-être

547 1859 45 13 une
600 1852 106 21 aubaine
711 1855 61 22 pour
779 1852 26 20 la
818 1852 153 26 République.
980 1862 12 10 »

574 1899 37 22 Un
623 1899 21 22 ci
655 1901 67 20 saria
734 1899 30 21 da
776 1899 84 22 dedicà
873 1899 57 22 dece
943 1900 76 21 sciac-

547 1935 122 20 camanate
678 1939 13 15 a
703 1932 79 22 simile
790 1932 109 22 infiarata
909 1933 78 22 difesà
994 1933 24 21 di

547 1973 30 15 un
589 1966 89 29 populu
691 1972 115 22 oppressu
818 1972 13 15 e
845 1965 23 22 di
882 1973 14 14 u
908 1965 74 23 drillu
994 1966 23 22 di

546 2000 9 21 i
565 1999 83 29 populi
660 2007 15 14 a
687 1999 102 28 dispone
800 1999 66 22 d’elli
879 1999 91 22 slessî?

573 2032 149 23 L’avariamu
737 2033 60 22 latta
813 2032 112 23 vulinteri
945 2033 20 22 si
979 2033 39 22 no’

546 2066 176 22 unn’avessimu
734 2066 67 27 lettu,
812 2067 24 21 in
845 2067 25 21 lu
879 2067 140 28 precedente

545 2107 100 15 numeru
656 2100 25 22 di
695 2108 14 14 u
729 2103 78 19 stessü
824 2100 84 29 fogliu,
928 2104 65 19 sotlu
1004 2107 15 15 a

546 2141 76 21 penna
632 2134 24 22 di
666 2141 15 14 u
693 2137 79 19 stessu
785 2137 85 19 autore
881 2141 64 15 eau
958 2137 61 19 stes-

546 2174 27 15 su
584 2170 80 26 postu,
677 2170 38 19 sta
727 2168 174 28 provocazione
913 2174 13 15 a
935 2175 15 14 u
960 2171 59 19 sler-

545 2201 75 22 miniu
632 2201 39 22 chi
683 2203 13 20 è
708 2201 113 22 l’anlitesi
836 2201 23 22 di
873 2208 14 15 u
898 2201 76 22 branu
988 2202 30 21 ri-

546 2237 97 26 purtatu
654 2236 41 28 qui
708 2241 79 22 sopra.

573 2265 90 25 Ècculu
676 2269 23 21 in
713 2271 60 20 tuttu
787 2276 15 14 u
819 2269 34 22 so’
866 2275 82 16 orrore
964 2275 56 15 san-

544 2302 120 28 guinariu,
680 2302 84 22 scritlu
777 2302 29 22 da
820 2309 29 15 un
866 2302 154 22 discendente

545 2336 25 21 di
587 2335 80 29 quellu
679 2335 89 29 populu
781 2336 39 21 chi
832 2336 34 21 s’è
877 2336 143 22 accumuda-

546 2372 25 18 tu
590 2369 23 21 di
626 2369 147 29 l’arruganza
794 2369 159 22 duminalrice
967 2369 25 22 di
1005 2377 13 14 u

546 2402 34 22 Re
592 2402 56 22 Sole
669 2410 12 14 e
693 2403 25 21 di
730 2410 15 14 u
758 2403 190 28 taglia-e-mozza
962 2403 25 21 di
1004 2410 14 14 u

547 2435 55 22 1793
611 2443 6 14 :

570 2486 12 11 «
588 2482 144 24 L’agitation
744 2482 61 20 n’est
813 2485 48 22 pas
875 2483 110 19 terminée
990 2489 29 13 en

543 2509 137 23 Indochine;
684 2510 88 22 loin.de
779 2510 25 20 là
810 2510 11 21 !
826 2510 52 20 Elle
885 2510 55 20 s’est
947 2510 73 20 seule-

545 2540 63 18 ment
622 2538 118 24 déplacée.
758 2539 36 20 La
810 2539 129 24 répression
952 2539 45 24 qui
1002 2545 17 13 a

544 2566 63 20 suivi
619 2566 34 20 les
667 2567 146 19 assassinats
829 2567 106 24 Yen-Bay
947 2573 16 14 a
974 2567 43 21 été,

544 2594 103 24 quoique
667 2594 145 24 incomplète,
831 2595 122 20 salutaire.
974 2595 46 20 Les

542 2625 106 21 paysans
658 2622 116 20 tonkinois
790 2625 41 17 ont
846 2623 100 24 compris
960 2622 62 25 qu’il

545 2650 61 19 était
613 2650 58 24 plus
685 2650 104 24 prudent
802 2651 31 19 de
839 2657 26 13 se
877 2651 62 19 tenir
955 2653 66 18 tran-

546 2677 119 25 quilles,et
671 2684 28 14 ce
705 2680 55 18 sont
766 2680 139 19 eux-mêmes
912 2679 43 24 qui
959 2684 61 15 nous

546 2707 43 18 ont
592 2705 62 20 livré
656 2705 35 21 les
699 2705 65 25 chefs
768 2706 160 20 bolchevistes.

1075 96 95 20 Moscou
1176 101 16 13 a
1198 93 135 24 transporté
1335 92 25 20 la
1368 91 88 20 révolte
1463 91 63 20 dans

1049 123 22 20 le
1078 122 178 21 Nord-Annam,
1264 123 58 17 terre
1330 119 68 20 bénie
1406 119 42 20 des
1455 118 70 20 socié-

1048 151 34 19 tés
1089 150 107 22 secrètes,
1205 152 24 17 et
1236 154 29 14 en
1275 146 162 21 Cochinchine.
1449 146 74 21 L’An-

1047 184 58 13 nam
1113 173 43 24 est
1155 182 32 15 un
1192 176 145 25 protectorat
1342 181 9 15 ;
1358 174 25 19 la
1390 173 84 25 justice
1482 173 42 19 des

1048 199 140 25 mandarins
1191 211 17 18 y
1216 206 35 18 est
1256 201 90 25 rapide.
1353 201 73 20 Aussi
1427 202 96 23 peut-on

1048 233 91 23 espérer
1146 237 47 19 que
1198 229 160 22 Tinsurection
1363 234 55 14 sera
1427 226 97 25 étouffée

1048 261 75 18 avant
1136 258 30 20 de
1179 257 121 21 s’étendre.
1315 256 64 20 Mais
1387 255 25 20 la
1429 254 95 21 Cochin-

1048 287 67 20 chine
1123 288 38 20 est\
1166 292 47 14 une
1221 284 96 22 colonie.
1332 284 35 19 La
1373 282 86 25 justice
1464 288 16 18 y
1488 283 35 18 est

1047 313 123 25 organisée
1184 318 87 15 comme
1284 311 62 20 dans
1355 310 25 19 la
1389 308 131 25 métropole.

1051 342 61 19 C’est
1118 341 51 20 dire
1177 347 47 18 que
1232 340 22 20 le
1262 338 93 24 maquis
1369 337 29 19 de
1407 337 25 19 la
1442 336 80 24 procé-

1047 369 59 20 dure
1110 368 59 20 rend
1174 370 64 18 toute
1244 365 127 25 répression
1377 362 141 26 impossible.

1074 442 37 21 On
1119 441 71 24 coffre
1198 439 114 27 quelques
1325 436 151 21 malheureux
1484 439 37 15 ex-

1047 469 57 20 cités
1117 475 42 18 qui
1173 470 55 18 sont
1236 466 52 25 pris
1301 471 29 14 en
1342 465 108 24 flagrant
1462 461 59 20 délit

1046 497 31 20 de
1092 496 118 20 violences
1224 501 30 13 ou
1271 494 30 19 de
1317 493 45 19 cris
1378 490 140 21 séditeux..,.

1046 524 65 21 Mais
1115 524 34 20 les
1154 523 67 20 vrais
1226 527 105 16 meneurs
1336 519 131 24 échappent
1472 520 49 17 tou-

1044 552 74 25 jours.
1127 552 28 20 Si
1157 558 31 13 on
1197 557 30 14 en
1230 549 78 26 prend
1312 555 40 15 un,
1362 554 12 13 c
1382 550 36 17 est
1423 552 46 14 une
1474 546 48 19 ins-

1047 580 100 21 truction
1154 576 172 25 interminable
1330 583 9 12 :
1352 574 91 25 défaut,
1455 573 66 24 juge-

1046 610 70 20 ment,
1134 606 81 25 appel,
1231 612 28 13 en
1273 603 126 22 attendant
1413 602 25 19 la
1450 600 71 25 grâce

1046 643 45 18 que
1100 636 22 19 le
1139 634 106 20 ministre
1253 632 42 20 des
1305 630 105 22 Colonies
1418 635 29 14 ne
1456 633 65 15 man-

1045 670 75 19 quera
1132 666 49 21 pas
1189 662 32 19 de
1235 659 130 22 demander
1370 661 62 22 pour
1439 656 23 20 le
1469 661 52 14 cou-

1043 692 81 25 pable.
1134 691 66 20 Nous
1208 696 29 14 en
1246 694 74 15 avons
1325 693 29 14 en
1365 684 156 22 Cochinchine

1045 727 45 14 une
1099 720 79 19 armée
1186 718 30 20 de
1222 717 70 25 juges
1299 718 24 18 et
1330 715 29 20 de
1366 713 117 26 policiers,
1497 713 24 18 et

1045 749 25 20 la
1086 747 88 21 révolte
1180 752 16 18 y
1203 744 98 26 gronde.

1069 776 24 20 Il
1098 782 30 14 ne
1135 781 25 14 se
1166 777 73 22 passe
1245 776 47 22 pas
1304 771 31 20 de
1347 769 104 22 semaine
1463 772 58 16 sans

1045 803 117 21 incidents
1177 807 88 20 graves
1271 807 8 14 :
1293 799 96 21 mairies
1402 797 117 24 occupées,

1044 831 114 21 miliciens
1170 829 138 21 assassinés,
1318 825 203 22 rassemblements

1044 860 30 20 de
1082 859 56 25 cinq
1146 860 65 19 cents
1224 863 30 14 ou
1267 855 64 21 mille
1336 858 130 22 personnes
1478 851 44 25 qui

1042 887 87 25 pillent
1136 887 35 20 les
1176 885 131 24 boutiques.
1314 883 21 21 A
1349 881 65 23 Vinh,
1424 881 20 20 il
1451 886 15 14 a
1473 879 16 25 f
1488 879 33 20 al-

1045 916 24 19 lii
1073 915 63 25 faire
1144 914 119 23 disperser
1267 915 48 21 par
1325 911 70 20 avion
1405 915 46 14 une
1459 910 62 18 trou-

1043 947 31 22 pe
1082 944 30 19 de
1122 942 67 21 8.000
1197 940 123 25 indigènes
1332 939 86 20 armés.

1070 1018 124 20 Pourtant,
1202 1015 23 21 le
1230 1018 60 22 pays
1298 1015 36 18 est
1341 1011 64 21 riche
1413 1013 23 18 et
1443 1010 25 20 la
1476 1009 44 21 cri-

1044 1056 26 14 se
1081 1047 104 26 agricole
1199 1053 18 18 y
1225 1047 36 19 est
1268 1045 46 20 très
1328 1043 117 20 atténuée.
1456 1040 63 21 Mais

1044 1077 128 25 l’indigène
1187 1081 16 14 a
1209 1073 77 26 perdu
1295 1072 121 25 confiance
1424 1070 62 20 dans
1493 1069 26 21 la

1044 1106 97 20 France.
1148 1102 137 25 L’impunité
1289 1100 95 21 absolue
1389 1099 42 20 des
1436 1100 85 32 agents^

1044 1134 30 20 de
1081 1134 95 20 Moscou
1185 1138 15 13 a
1210 1129 148 21 absolument
1369 1125 152 22 déconsidéré

1044 1163 25 20 la
1075 1162 92 25 justice.
1181 1160 36 20 On
1226 1165 30 14 ne
1263 1158 25 20 la
1297 1157 78 20 craint
1380 1155 63 25 plus,
1454 1160 30 14 on
1493 1153 24 20 la

1044 1189 106 26 méprise.
1166 1188 47 21 Les
1226 1185 161 21 communistes
1404 1185 54 18 sont
1470 1185 48 21 peu

1044 1218 129 21 nombreux
1182 1223 6 13 :
1215 1214 148 21 instituteurs
1388 1211 129 24 indigènes,

1043 1247 64 24 boys,
1122 1243 164 25 domestiques,
1300 1246 101 20 garçons
1415 1239 30 20 de
1457 1238 59 25 café,

1044 1274 132 25 coiffeurs.-.,
1190 1272 56 25 plus
1254 1276 29 14 ou
1292 1269 76 21 moins
1378 1267 85 25 frottés
1469 1272 50 14 aux

1044 1303 65 20 idées
1124 1298 218 23 révolutionnaires.
1360 1296 65 20 Mais
1438 1294 30 20 ils
1484 1294 35 19 ré-

1042 1332 74 24 gnent
1120 1335 41 14 sur
1166 1330 53 18 tout
1224 1327 23 20 le
1252 1330 67 21 pays.
1326 1324 81 21 Parla
1414 1328 102 16 menace,

1043 1359 32 20 ils
1082 1359 77 19 lèvent
1166 1357 45 20 des
1224 1353 176 23 contributions,
1414 1351 104 24 obligent

1043 1388 34 20 les
1093 1386 103 24 villages
1212 1385 15 19 à
1244 1390 26 14 se
1277 1382 108 21 soulever
1392 1383 24 18 et
1421 1380 15 20 à
1444 1378 75 22 mani-

1041 1415 78 25 fester.
1132 1414 43 20 Ces
1184 1417 107 16 menaces
1298 1416 29 15 ne
1335 1412 54 18 sont
1393 1409 70 24 point
1468 1413 50 14 vai-

1043 1450 48 14 nes.
1107 1443 44 20 Les
1163 1440 147 22 assassinats
1323 1441 54 17 sont
1387 1437 128 25 fréquents.

1043 1473 128 24 Fréquents
1177 1472 23 18 et
1208 1468 104 25 toujours
1317 1466 110 25 impunis.
1434 1465 44 20 Les
1486 1465 32 18 té-

1043 1501 76 20 moins
1123 1499 122 22 terrorisés
1250 1503 25 14 se
1282 1496 96 20 taisent.
1384 1494 32 21 Et
1423 1494 55 20 c’est
1486 1498 30 14 un

1041 1532 46 22 peu
1093 1528 57 25 plus
1157 1527 31 20 de
1196 1524 100 22 ridicule
1302 1531 42 14 sur
1351 1523 25 20 la
1383 1522 83 26 police.

1068 1557 28 21 Si
1103 1557 47 20 l’on
1165 1558 56 21 veut
1235 1554 73 20 éviter
1322 1559 46 13 une
1382 1550 86 21 révolte
1476 1548 43 26 qui

1043 1585 97 25 exigera
1156 1583 94 21 ensuite
1263 1588 45 14 une
1316 1579 134 26 expédition
1459 1577 60 21 mili-

1043 1614 62 20 taire
1120 1612 100 24 envoyée
1234 1611 30 20 de
1271 1610 26 20 la
1310 1607 133 26 métropole,
1453 1606 19 21 il
1484 1607 35 19 est

1043 1644 83 22 urgent
1140 1640 30 20 de
1186 1639 106 25 changer
1299 1644 38 14 ces
1346 1636 127 21 méthodes,
1482 1635 36 20 La

1039 1670 87 25 justice
1134 1669 110 20 doit-être
1252 1666 109 25 réforméé
1367 1671 58 14 sans
1430 1663 86 21 tarder.

1043 1698 29 21 Si
1075 1698 56 20 c’est
1137 1696 139 21 nécessaire,
1282 1694 20 21 il
1303 1694 56 25 faut
1364 1692 113 21 déssaisir
1485 1692 34 19 les

1043 1727 130 20 tribunaux
1181 1724 131 21 ordinaires
1319 1726 25 17 et
1346 1722 131 26 proclamer
1481 1720 39 20 l’é-

1043 1758 37 17 tat
1088 1755 31 20 de
1132 1754 65 24 siège
1211 1752 63 21 dans
1281 1752 34 20 les
1329 1753 98 18 cantons
1434 1749 84 25 agités.

1042 1784 89 20 Encore
1140 1788 46 14 une
1190 1780 56 25 fois,
1254 1781 56 19 c’est
1316 1779 23 20 le
1347 1779 52 20 seul
1404 1784 80 19 moyen
1490 1777 30 20 de

1043 1818 60 14 nous
1115 1812 120 23 épargner
1251 1809 21 20 le
1284 1808 59 26 pire.
1353 1816 12 11 »

1070 1856 126 27 Adunque,
1210 1854 22 22 si
1244 1853 37 22 no’
1292 1859 84 16 avemu
1389 1851 79 29 capitu
1481 1850 37 26 bè,

1045 1891 6 21 i
1064 1888 122 29 fiaminghi
1197 1888 65 22 Iianu
1275 1887 84 29 raggiô
1371 1886 24 22 di
1406 1885 60 22 lutta
1478 1891 43 22 per

1044 1930 14 15 a
1071 1923 35 21 so’
1124 1921 184 29 indiperidenza,
1330 1919 189 23 cum’ell’avianu

1044 1956 85 29 raggiô
1151 1954 146 27 Flrlandesi,
1318 1960 13 15 e
1353 1951 95 24 cum’ell
1457 1951 63 22 hanu

1044 1990 85 29 raggiô
1141 1988 136 29 l’Egiziani,
1285 1986 107 23 Flndiani
1401 1992 50 16 ecc.

1072 2023 40 22 Ma
1122 2021 154 24 l’Indocinesi
1288 2021 63 22 hanu
1367 2023 72 23 tortu,
1459 2018 60 23 cum’

1044 2057 105 22 ell’hanu
1169 2056 161 22 sicuramente
1348 2057 65 19 tortu
1436 2053 84 22 l’Alsa-

1043 2090 73 27 ziani,
1129 2090 7 22 i
1148 2090 112 22 Brettoni
1271 2096 13 15 e
1293 2089 8 21 i
1313 2088 80 23 Corsi!

1072 2124 46 22 Per
1126 2124 91 29 quessi,
1231 2130 15 15 u
1259 2123 97 29 plutone
1368 2129 13 15 e
1392 2122 70 22 basla
1470 2121 6 21 !

1072 2157 20 23 U
1106 2158 122 22 redallore
1239 2157 24 22 di
1271 2156 137 23 «Candide»
1415 2162 29 15 eu
1457 2151 62 26 tuît’i

1044 2191 193 26 Francesi/sarà
1246 2191 95 28 dunque
1351 2192 65 20 statu
1426 2188 95 23 suddis-

1044 2225 71 26 fattu,
1140 2224 129 33 leghiendu
1289 2227 107 19 stamane
1415 2224 23 21 in
1458 2222 61 23 tutti

1045 2259 60 29 fogli
1116 2258 25 22 di
1151 2257 119 23 a'Grande
1282 2258 99 28 Stampa
1394 2264 14 15 u
1426 2257 94 28 dispac-

1044 2293 39 21 ciu
1092 2292 118 29 seguehle
1218 2299 7 14 :

1189 2344 88 22 Hanoi,
1287 2348 29 21 24
1324 2343 131 22 novembre,

1069 2381 70 20 Dans
1146 2380 25 20 la
1181 2381 111 21 matinée,
1310 2386 16 14 a
1335 2387 29 13 eu
1372 2380 49 20 lieu
1428 2380 17 20 à
1459 2379 61 21 Fhu-

1046 2409 46 20 Tho
1101 2409 139 21 l’exécution
1251 2409 30 20 de
1288 2409 56 24 cinq
1356 2409 42 19 des
1408 2408 44 20 dix
1458 2407 62 21 indi-

1043 2438 73 24 gènes
1123 2437 144 21 condamnés
1274 2438 17 19 à
1298 2439 60 18 mort
1362 2440 50 21 par
1419 2436 26 20 la
1456 2436 64 20 Com-

1044 2465 97 20 mission
1149 2465 131 20 criminelle
1288 2465 34 20 du
1330 2465 31 20 28
1367 2465 57 22 mai,
1432 2467 24 17 et
1462 2464 59 20 dont

1044 2493 35 20 les
1091 2493 112 25 pourvois
1217 2493 99 20 avaient
1329 2494 38 19 été
1378 2492 84 25 rejetés
1472 2495 49 21 par

1044 2521 24 20 le
1070 2521 122 24 président
1196 2521 31 19 de
1232 2521 26 20 la
1262 2521 156 25 République.
1423 2521 31 20 Ce
1458 2522 60 19 sont'-

1044 2549 97 25 Nguyen
1152 2549 49 20 Van
1213 2549 63 22 Toai,
1285 2549 36 20 dit
1328 2549 37 20 Do
1374 2548 62 26 Thuy
1440 2555 10 16 ;
1459 2548 61 20 Tran

1048 2578 50 19 Van
1106 2578 62 24 Hop,
1181 2577 74 20 Tham
1263 2577 86 21 Nham,
1360 2577 37 20 dit
1404 2578 38 19 Do
1451 2577 55 20 Diet
1510 2583 10 16 ;

1046 2605 31 20 Le
1090 2606 90 24 Xuang
1189 2605 63 25 Huy,
1267 2605 36 20 dit
1317 2605 94 26 Quihuy
1416 2612 8 15 ;
1437 2608 24 17 et
1473 2605 49 20 Bui

1044 2633 128 22 Xuanmai,
1183 2633 38 20 dit
1228 2633 88 25 Lymai.
1325 2638 11 11 »

1073 2668 105 27 Liberté,
1191 2668 87 23 liberté
1290 2668 134 22 chérie!....

1285 2702 32 22 A.
1329 2702 29 22 F.
1370 2702 121 22 Franchi.

1667 92 179 35 Prighera
1870 99 23 20 a
1916 92 12 27 i
1951 89 112 31 Sordi

1029 2732 7 18 s

1572 172 65 21 Vcngu
1644 175 38 13 cun
1692 170 55 17 bus.su
1754 170 65 17 lenore

1570 196 16 17 A
1592 196 54 17 cailla
1654 196 29 17 slu
1690 193 117 19 cunzunella.

1571 220 57 17 Parlu
1637 224 36 13 cun
1681 218 72 18 ufflillu
1763 223 49 16 core,

1571 245 14 17 U
1594 244 49 18 fialu
1653 244 24 17 mi
1688 243 17 18 si
1713 243 92 22 punlello,

1570 269 87 17 Videndu
1666 268 31 17 chi
1709 268 120 21 lulfogiiunu

1569 293 55 17 Purte
1633 298 10 12 e
1652 293 41 21 laga
1701 297 11 12 a
1727 291 123 18 Cursichella.

1569 345 96 17 JJurrebbe
1673 349 43 13 esse
1724 343 93 19 induvinu

1568 369 21 17 Di
1598 370 30 17 sta
1636 374 44 13 cosa
1690 370 52 16 lanlu
1752 373 48 13 rara.

1568 394 82 21 Ognunu
1657 394 42 18 fuce
1708 394 75 17 caminu

1568 418 37 17 Per
1613 419 42 21 lagà
1664 418 66 18 Pisula
1738 423 43 13 cara
1790 423 5 12 :

1568 442 157 23 Giovani,vecchj
1734 448 10 13 e
1752 442 66 21 zitelli,

1567 467 58 18 Tullu
1634 468 20 17 lu
1663 469 71 17 moudu
1743 473 10 12 a
1761 468 18 17 la
1788 472 52 18 para.

1569 521 13 18 0
1591 521 60 21 Corsi,
1661 526 9 13 s
1673 522 17 17 la
1693 521 44 18 lemi
1745 527 11 12 a
1764 523 62 20 sente,

1567 546 55 17 Parlu
1632 551 76 17 sempre
1716 552 11 12 a
1740 547 97 17 benefi/.iu
1845 549 5 12 :

1567 570 70 22 Lagate
1645 571 18 17 la
1671 572 66 17 voslra
1743 571 54 22 jenle

1568 594 59 18 Ch’ha
1635 595 88 23 fall’ogni
1732 596 98 17 sacrifiziu
1838 600 5 17 ;

1568 620 52 21 Dopu
1628 620 88 18 d’avebbi
1731 621 119 22 ingrandalu,

1567 644 17 17 A
1592 645 81 22 lampale
1681 645 21 18 in
1708 645 109 23 precipiziu.

1569 697 70 22 Queste
1648 699 20 17 sô
1676 699 74 22 gallive
1757 699 72 22 azione,

1568 723 16 18 U
1591 723 75 22 piccatu
1674 724 11 18 è
1695 726 67 20 troppu
1771 725 50 17 forte
1828 729 5 17 ;

1566 747 67 19 Mancu
1643 749 133 18 l’assoluzione

1568 772 20 19 Si
1597 774 23 21 pò
1628 774 24 18 dà
1660 775 19 17 in
1689 776 59 21 puntu
1756 775 18 17 di
1781 776 75 22 morlev

1568 798 59 18 Senza
1635 804 75 13 Ararunu
1719 800 75 18 mulivu

1568 823 20 18 Li
1597 826 72 17 sarrate
1677 825 21 17 in
1703 825 59 18 faccia
1772 830 11 13 e
1789 825 60 22 porte.

1568 877 34 18 Chi
1611 878 44 18 b’ha
1663 878 50 18 fallu
1719 878 131 19 Cursichella?

1567 902 81 22 Spunite
1657 908 10 13 e
1675 904 64 18 vostre
1747 904 85 22 ragionc.

1566 928 17 17 A
1590 929 63 17 corcia
1661 934 11 13 e
1680 929 18 17 la
1707 929 127 22 mischinella,

1567 953 22 17 Di
1597 953 67 19 nienle
1673 954 60 18 unn’è
1740 955 81 22 cagione
1827 959 5 17 ;

1566 978 16 17 A
1590 978 72 19 mittile
1669 979 45 18 inde
1721 980 81 18 l’uhbliu

1567 1003 31 18 Pa’
1606 1004 18 18 le
1632 1006 66 17 vostre
1705 1005 97 22 passione.

1565 1057 68 23 Sapete
1641 1059 42 17 ch’è
1692 1059 20 17 in
1720 1059 19 18 lu
1745 1060 28 17 so’
1780 1060 45 22 logu

1567 1082 35 18 Chi
1610 1083 32 18 boi
1651 1084 91 22 pigliaste
1750 1085 65 22 pianta
1822 1090 5 17 ;

1566 1107 74 23 Sapiate
1648 1109 41 17 ch’a
1697 1109 22 18 lu
1727 1110 27 17 so’
1762 1110 52 22 fogu,

1566 1132 58 23 Sopra
1632 1134 18 17 la
1658 1135 28 17 so’
1692 1136 50 16 terra
1750 1136 54 17 santa

1565 1158 21 18 Ci
1595 1159 77 22 pudìate
1680 1159 36 19 avè
1726 1160 89 19 fiuritu...

1544 1183 15 18 E
1565 1184 44 18 d’un
1613 1185 45 18 velu
1667 1185 57 22 oghie
1732 1186 116 19 s’ammanta.

1565 1239 68 18 Prestu
1642 1240 101 22 riturnate,
1752 1246 11 13 0
1771 1241 61 22 Corsi,

1560 1264 72 18 •Siateli
1640 1265 36 17 fidi
1684 1270 11 13 e
1703 1266 71 17 sinceri
1781 1271 5 16 ;
1801 1272 4 3 •

1566 1288 109 23 Orgugliosi
1684 1295 55 13 cume
1746 1291 47 21 orsi,

1565 1314 23 17 Di
1595 1315 32 17 stu
1637 1319 55 14 nome
1700 1320 47 13 ancu
1756 1316 31 22 piu
1797 1316 50 18 fieri.

1565 1339 29 18 Un
1602 1340 145 19 l'abbandnnate
1756 1341 66 22 micca,

1565 1365 29 18 Un
1602 1365 49 18 sìate
1659 1366 39 18 cori
1707 1366 51 18 neri.

1545 1419 52 23 Vegu
1605 1420 21 18 in
1635 1421 51 17 tante
1696 1425 10 14 e
1715 1421 31 22 più
1761 1421 88 19 edizione

1565 1445 22 17 Di
1596 1445 60 23 foglie
1663 1450 55 14 corse
1727 1451 10 13 e
1746 1447 92 22 francese,

1566 1470 41 22 Chi,
1616 1476 11 12 a
1635 1471 50 21 nuli,
1695 1472 18 17 le
1721 1477 80 17 parsone

1564 1496 77 22 Laganu
1652 1497 21 17 lu
1681 1498 27 17 so’
1717 1502 56 17 paese

1565 1521 36 18 Par
1609 1522 49 17 andà
1666 1522 21 18 in
1695 1523 18 17 al
1716 1523 23 17 tri
1747 1523 55 23 loghi

1564 1547 16 18 A
1587 1547 72 22 scéglie
1664 1552 39 13 una
1709 1549 51 17 sorte
1768 1553 11 13 a
1784 1553 63 18 prese.

1901 169 45 17 Pare
1955 167 38 21 chi,
2001 168 24 17 da
2033 167 125 21 Cursichella,

1900 193 20 17 Ci
1929 193 52 18 vulla
1990 197 11 12 a
2010 192 18 17 fù
2036 193 86 21 parlanza
2129 196 6 17 ;

1900 218 15 17 U
1923 222 43 13 core
1974 217 85 17 fermava
2067 217 23 17 ad
2099 217 42 19 ello,

1899 242 35 18 Eru
1942 242 29 22 pe’
1980 242 18 16 la
2006 241 148 23 migliuranza...

1899 268 39 21 Què
1946 268 21 17 sù
1976 267 76 22 ricàpili
2064 272 10 13 a
2083 267 74 23 begliiu,

1899 293 36 17 Per
1942 292 20 18 fù
1970 293 64 21 prestu
2043 293 18 17 la
2076 292 102 23 spiccunzo.

1877 345 52 21 Quan
1932 345 49 18 t’ella
1985 345 69 22 piegne
2059 346 29 17 sta
2093 350 85 16 mnmma,

1898 370 118 18 Chiamendu
2028 370 15 18 li
2052 371 27 17 so’
2087 371 69 22 figlioli
2163 369 4 18 !

1898 395 80 22 Ognunu
1988 396 54 20 parle
2050 400 11 13 e
2070 396 91 17 s’affanna

1898 420 21 17 In
1928 419 52 23 loghi
1989 420 72 18 deserti
2070 424 11 13 e
2089 420 37 18 soli
2132 425 5 13 :

1899 444 34 18 Chi
1942 444 20 18 in
1971 444 67 22 Cina,o
2046 450 11 12 a
2066 449 12 13 u
2086 445 91 19 Maroccu,

1898 469 16 18 A
1921 469 97 23 stringhie
2026 469 15 18 li
2050 469 118 22 currighioli.

1899 523 61 21 Corsi,
1970 524 51 18 rifle!
2025 524 13 17 Li
2041 525 18 16 te
2067 528 79 18 appena,

1898 549 82 17 Abbiale
1987 554 27 12 un
2023 553 49 18 pocu
2080 549 20 17 di
2108 553 49 13 core.

1898 573 68 18 Parafe
1973 574 20 16 la
2000 574 71 21 grande
2080 574 55 21 piena

1898 598 55 18 Ch’in
1962 597 77 19 Corsica
2047 597 52 23 digià
2110 602 58 14 corre.

1899 623 52 18 Saria
1960 628 34 17 par
2002 622 117 23 sempilernu

1898 648 36 18 Par
1942 648 32 18 noi
1983 648 46 18 tutti
2038 653 26 13 un
2072 647 95 19 disonore.

1897 703 102 18 Riturnate
2006 703 20 18 in
2035 702 124 21 Cursichella,

1898 728 69 19 L’isula
1974 729 20 17 di
2002 729 19 17 la
2028 729 89 18 bellezza,

1897 753 85 18 Duv’ella
1990 754 43 17 luce
2044 754 18 17 la
2070 754 55 17 Stella

1898 778 58 18 Piena
1964 779 19 17 di
1992 779 52 17 tanta
2055 779 102 21 chiarezza,

1897 804 53 17 Duve
1958 809 11 13 a
1976 804 41 18 vila
2024 803 11 18 è
2043 803 126 23 passaggiora,

1897 829 30 18 Ma
1934 829 18 17 la
1961 829 51 22 gioia
2019 829 121 18 v’accarezza.

1897 882 98 21 Cambiale
2003 883 18 18 le
2028 883 61 18 vostr’
2097 883 48 21 idée,

1897 908 61 18 Gh’un
1968 908 68 18 fariste
2044 908 61 18 micca
2113 908 54 18 male.

1897 933 134 23 Sumigliàlele
2039 939 10 12 a
2058 934 19 17 le
2085 933 55 21 meie,

1875 958 71 19 Ch’elle
1954 959 55 18 sianu
2016 959 69 22 serapr’
2090 959 77 22 uguale:

1897 984 109 18 Sinamenle
2014 988 11 13 a
2033 984 115 21 l’ullim’ora,

1897 1009 77 22 Sempre
1983 1009 35 18 fidi
2028 1014 11 13 a
2047 1010 21 17 lu
2077 1009 69 18 lucale.

1896 1064 109 21 Riturnate,
2014 1068 12 13 0
2034 1064 39 18 cari
2081 1064 65 21 amici,

1896 1089 53 18 Tutti
1958 1089 14 17 li
1981 1089 36 18 me’
2024 1089 100 22 camarati,

1896 1114 23 18 Di
1926 1114 100 23 Marseglia
2035 1119 10 13 e
2053 1114 20 18 di
2081 1115 70 22 Parigi,

1896 1140 14 17 E
1918 1140 20 17 in
1947 1139 38 23 ’gni
1994 1140 42 18 locu
2046 1140 100 19 suminali.

1896 1166 17 17 A
1919 1166 92 17 luvostru
2019 1165 62 22 palriu
2089 1166 45 18 nidu

1896 1191 54 18 Duve
1958 1191 29 18 bo’
1996 1191 41 18 sete
2044 1191 115 23 ingrandali.

1895 1245 76 18 Benchè
1979 1245 67 18 soluin
2055 1246 21 17 lu
2085 1246 93 22 rughione

1895 1267 46 21 ïncu
1950 1270 76 22 qualchi
2036 1271 106 21 damicella,

1895 1294 62 19 Cantu
1965 1300 11 13 e
1983 1295 65 19 facciu
2056 1296 19 17 le
2083 1300 86 18 canzone,

1895 1320 61 18 Passu
1961 1321 21 17 lu
1992 1322 63 21 tempu
2062 1325 37 14 cun
2108 1321 37 18 ella
2151 1326 5 17 ;

1895 1346 68 18 Facciu
1969 1346 50 18 festa
2025 1351 11 13 e
2042 1346 25 18 mi
2073 1346 103 19 distrattu..

1874 1370 156 24 «Sempr’evviva
2038 1371 124 19 Cursichella!
2168 1378 8 11 »

1995 1414 18 18 U
2023 1413 132 20 Curzacciu.

1958 1467 57 81 [texte
2025 1467 86 81 manquant]

2276 87 163 32 Nostalgia

2298 144 14 17 /1
2322 150 12 11 u
2342 145 140 29 Sumpelracciu.

2227 177 60 18 Eviva
2294 179 19 17 la
2321 182 64 17 noslra
2393 184 70 26 J\Invra,

2231 202 5 5 .
2288 203 3 4 .
2393 193 70 18 "‘uvra,

2225 202 90 19 Anostra
2326 207 176 28 corn’inturchiula!

2227 226 109 22 Ogmtanlu
2356 235 11 12 a
2375 232 18 17 la
2401 235 38 18 miù
2448 242 49 19 porta

2229 251 50 18 Vene
2290 257 11 12 a
2309 253 46 19 fassi
2365 257 122 26 un’arfaccalu

2228 276 13 16 E
2249 276 19 17 la
2276 282 38 13 mio
2320 283 53 14 musu
2381 282 31 18 chi
2421 289 51 16 morc
2489 280 5 9 ’

2229 301 70 22 iandu,
2309 303 74 23 ripiglia
2391 307 72 24 vigore.

2227 348 30 18 Sol
2261 349 18 17 ta
2287 351 58 18 monli
2354 357 24 14 eu
2387 357 83 21 pughiali
2477 367 4 6 •

2205 373 47 18 Pare
2260 379 26 13 un
2294 375 89 25 lulmine,
2393 380 19 18 i„
2421 376 60 29 pian„’

2227 399 6 16 1
2243 399 74 18 bracclu
2326 402 19 17 di
2353 403 96 24 Marianna
2497 404 5 9 ’

2226 423 92 19 Tremanu
2324 427 24 17 da
2354 427 18 19 le
2381 434 58 17 peura
2445 439 5 5 •

2226 448 59 18 Rarca
2292 454 13 12 u
2315 455 56 19 mare,
2380 454 49 21 lesta
2435 459 47 22 lesta

2226 473 58 18 Senza
2293 475 49 19 terne
2353 477 18 18 la
2380 479 90 25 timpesta.

2226 522 71 19 Ghièla
2303 524 38 19 miò
2347 528 147 27 porta-speranza

2225 548 16 17 A
2250 552 38 13 mio
2296 551 140 22 cunsulazione-

2226 572 16 17 U
2249 572 57 22 jornu
2314 575 69 19 ch’ella
2391 579 94 29 n’affacca,

2204 596 110 23 Ghiunghie
2321 603 54 16 carca
2383 603 19 18 di
2414 600 86 30 canzoné-

2226 621 14 18 E
2248 623 113 20 canlendule
2368 631 11 13 a
2387 628 18 18 la
2413 631 56 23 z,igija
2495 626 5 9 ’

2225 646 88 24 RaUegra
2320 648 18 18 la
2347 650 37 19 miô
2393 648 83 32 famigüâ

2225 695 25 17 Mi
2259 696 53 21 parla
2320 697 19 17 di
2347 698 114 27 Cursichella

2225 720 23 17 Di
2255 720 20 17 lu
2285 721 37 18 miô
2331 723 63 24 tempu
2401 732 73 19 passatu

2225 745 111 19 Dicendumj
2344 752 4 13 :
2360 750 14 17 0

2226 770 72 18 Porche
2306 771 44 20 festi
2358 779 25 14 „„
2392 768 55 31 im’lc
2470 785 7 18 ,

2225 795 155 23 Abbandunendu
2388 802 19 18 lu
2421 805 68 21 Poehin

2226 820 51 18 Festi
2285 820 19 18 lu
2314 821 31 22 più
2356 811 124 42 groupeX
2492 824 5 10 ’

2226 868 97 20 Cummess
2329 871 31 20 hai
2368 877 31 18 stu
2406 883 71 19 peccallI

2225 894 79 18 Inversu
2312 897 19 17 di
2339 897 110 26 Cursichella

2225 918 71 19 Perché
2305 921 14 17 ti
2326 927 24 14 ne
2357 925 17 17 si
2382 920 74 28 andalu’

2225 944 14 17 E
2248 948 68 14 mancu
2323 947 30 21 più
2361 953 52 19 peasi
2421 956 23 19 a(J

2225 969 14 18 0
2248 970 77 22 figliolu
2333 976 54 17 senza
2393 982 42 15 core

2225 995 107 23 Agguarda,
2342 997 28 18 chi
2379 1001 17 17 si
2403 1007 24 14 ne
2438 1010 49 15 more
2493 1008 5 18 !

2226 1043 14 19 0
2248 1043 73 20 Muvra.
2332 1045 18 18 la
2358 1046 38 19 miô
2404 1051 69 19 surella

2225 1069 33 19 Sai
2266 1069 50 19 ch’io
2326 1070 14 18 li
2348 1071 57 23 lengu
2413 1078 44 15 cara
2465 1065 15 21 •*

2225 1095 66 23 Tengu
2300 1100 44 14 cara
2352 1101 10 12 a
2371 1096 116 24 Cursichella

2225 1120 14 18 E
2247 1125 59 18 passu
2314 1126 38 13 una
2359 1122 42 17 vita
2407 1128 69 16 amara.

2225 1145 57 19 Credi
2290 1147 71 22 pur’,se
2369 1147 23 18 sô
2400 1150 81 23 partutu,

2226 1171 74 23 Piengu
2309 1177 10 13 0
2327 1172 57 19 mine
2392 1174 109 22 sòpentutu.

2224 1217 95 19 M’avìanu
2328 1218 49 18 fattu
2385 1219 56 18 crede

2225 1243 42 22 Chi,
2277 1243 73 23 quindi,
2359 1248 70 14 manua
2437 1244 64 23 piuvia.

2225 1268 37 17 Era
2270 1273 75 17 sempre
2359 1273 27 13 un
2395 1267 107 27 zitéllacciu,

2225 1292 52 18 Pocu
2285 1297 11 13 e
2304 1293 70 18 n’unda
2382 1294 85 19 cuniscia
2473 1300 5 17 ;

2225 1317 14 18 E
2247 1318 49 21 cusi,
2304 1318 123 19 Mariannone

2224 1343 84 19 Prufittô
2316 1344 19 17 di
2344 1349 11 13 a
2362 1343 111 21 niscentria.

2225 1389 96 18 Partendu
2330 1390 23 18 da
2361 1394 44 14 casa
2413 1395 49 17 mea,

2225 1414 22 19 Ci
2254 1415 66 18 lasciai
2327 1415 21 18 lu
2357 1415 38 18 miô
2403 1420 51 14 core.

2224 1440 87 23 Dunque,
2320 1440 16 18 ci
2346 1440 148 25 riturneraghiu,

2224 1465 58 18 S’ella
2290 1465 53 23 piace
2351 1470 11 13 a
2370 1466 21 17 lu
2400 1466 86 23 Signore.

2224 1492 85 20 Intantu,
2318 1495 35 18 per
2361 1490 123 25 Cursichella,

2224 1516 21 17 In
2253 1520 24 14 eu
2287 1517 18 17 te
2314 1516 20 18 sò
2344 1517 70 21 prontu
2425 1522 12 13 a
2446 1522 55 15 more.

2360 1550 124 23 Ghjlormu.

1762 1646 49 26 LA
1828 1646 154 27 LIBERTE
1999 1646 49 27 EN
2066 1646 223 27 INDOCHINE

1904 2702 121 24 Estratiu
2038 2704 33 21 da
2082 2705 17 12 “
2103 2705 378 32 NarrenschiffStrasburgu.

45 2812 105 22 Fuglittinu
154 2812 21 17 di
179 2812 22 18 A
204 2811 121 19 Muvra—n.
327 2811 35 19 183
365 2822 17 3 —
385 2812 20 18 di
408 2817 12 12 u
423 2811 84 19 30-11-30

70 2875 242 52 PASQUALE
346 2874 144 48 PÂÔL1

251 2950 62 18 OSSIA

89 2994 39 35 La
145 2994 80 35 Rotla
242 2993 30 35 di
285 2993 176 35 Pontenuovo

46 3054 274 22 RACONTOCORSO
326 3054 188 22 DELSECOLO

238 3092 81 22 XVIII

269 3132 24 16 DI

141 3171 34 24 F.
188 3171 38 24 D.
243 3171 173 25 Guerrazzi

74 3235 38 21 Tu
123 3234 64 28 poi,o
200 3234 88 25 Patria,
299 3240 93 22 appena
404 3234 77 21 uscito
491 3233 25 22 al

47 3268 87 21 mondo
153 3267 33 21 mi
198 3266 129 22 consolasti
347 3273 46 16 con
405 3267 23 21 le
438 3266 55 22 luce
502 3273 15 15 e

46 3300 38 21 col
96 3299 80 22 calore
185 3306 5 15 :
204 3300 56 21 vivo
271 3299 32 22 mi
313 3300 102 21 nutrisei
426 3300 38 21 col
474 3302 42 19 tuo

46 3339 58 15 seno
116 3339 14 14 e
141 3332 39 21 nel
204 3335 41 19 tuo
255 3338 56 15 seno
323 3333 67 22 sazio
402 3332 23 22 di
436 3332 82 28 giorni

46 3366 32 21 mi
91 3364 164 28 raccoglierai.
267 3365 117 28 Perpétua
395 3365 88 26 madré,
491 3368 26 19 tu

45 3404 48 15 non
106 3398 18 20 ti
136 3397 92 22 stacclii
237 3398 24 21 in
271 3404 74 15 verun
358 3401 79 25 tempo
449 3398 8 21 i
466 3399 52 21 tuoi

45 3429 103 29 figliuoli
160 3429 64 22 dalle
236 3430 93 22 braccia
338 3438 6 14 :
357 3434 24 19 lu
391 3431 57 21 doni
455 3438 64 15 sem-

45 3469 42 21 pre
105 3470 13 14 e
129 3469 48 15 non
195 3463 74 22 ricevi
281 3464 54 21 mai.

73 3508 31 4 —
113 3495 131 23 Benedetta
255 3496 23 22 la
297 3496 81 23 Patria
386 3498 7 21 !

260 3535 12 27 §
283 3534 22 22 2.

73 3578 29 5 —
113 3566 69 22 Bella
202 3567 24 22 la
249 3567 80 22 Patria
353 3568 48 22 mia
412 3569 5 20 !
437 3568 36 21 Tu
493 3568 26 21 in

45 3599 99 28 grembo
155 3599 24 21 al
193 3606 65 15 mare
265 3601 131 21 rassembri
407 3600 68 28 quasi
486 3607 34 15 un

46 3638 81 15 mazzo
139 3631 25 21 di
175 3631 53 23 fìori
243 3639 76 15 messo
331 3633 25 21 in
367 3633 79 22 fresco
461 3633 60 22 den-

45 3666 37 19 tro
93 3671 31 14 un
132 3670 57 15 vaso
200 3665 23 22 di
232 3665 117 22 cristallo.
358 3665 91 22 Satana
459 3668 61 19 stes-

45 3702 27 14 so
82 3696 225 28 passandotiallato,
315 3698 40 21 nel
363 3698 158 28 contemplar-

541 2813 20 21 ti
572 2815 64 19 tanto
655 2813 82 22 divina
748 2820 43 21 per
810 2813 65 22 forza
887 2813 24 22 di
923 2821 89 20 amore,

542 2846 18 20 ti
570 2845 59 22 ebbe
641 2852 13 15 a
665 2846 104 22 salutare
777 2853 68 15 corne
853 2847 160 25 l’Arcansiolo

541 2878 53 22 fece
602 2885 13 16 a
636 2879 76 22 Maria
721 2887 6 14 :
740 2880 51 21 Ave
810 2879 70 23 Italia
900 2881 71 28 piena
990 2881 23 21 di

541 2912 79 28 grazia
630 2912 6 22 !
648 2912 86 22 furono
753 2912 67 22 udite
832 2913 51 21 dire
894 2913 24 22 le
929 2914 84 22 labbra

541 2945 38 21 del
592 2945 97 22 diavolo
700 2952 6 19 ;
727 2952 36 15 ma
785 2946 24 21 lo
821 2946 117 23 straniero
950 2949 13 20 è
973 2954 41 15 ve-

541 2981 66 23 nuto,
629 2978 30 22 ha
678 2979 65 21 visto
759 2978 22 22 le
794 2979 170 28 magnificenze
975 2980 39 22 del

541 3014 41 19 tuo
602 3012 90 26 valore,
706 3012 23 21 la
741 3012 79 28 gloria
830 3013 62 21 delle
904 3015 40 20 tue
955 3014 60 21 anti-

541 3044 44 21 che
594 3044 93 27 libertà,
701 3051 13 15 e
722 3044 24 22 la
756 3045 83 29 vipera
851 3046 120 22 dell’astio
979 3047 36 28 gli

541 3077 81 21 adatlô
634 3084 76 22 sopra
720 3077 18 22 il
750 3084 45 15 suo
808 3085 55 16 arco
872 3079 45 21 due
928 3080 70 22 strali
1008 3088 6 13 :

541 3117 45 15 con
598 3117 54 20 uno,
666 3111 45 22 che
721 3111 35 28 gli
767 3112 65 22 dette
840 3112 86 27 Giuda,
941 3114 19 21 ti
970 3114 46 22 feri

541 3144 56 22 l’ala
607 3144 80 23 destra
697 3153 7 18 ;
714 3151 44 16 con
767 3145 87 27 l’altro,
865 3146 45 22 che
919 3147 34 28 gli
965 3154 50 22 per-

541 3184 28 16 se
579 3178 83 27 Attila,
675 3181 63 20 sotto
749 3178 56 23 l’ala
822 3179 107 22 sinistra.
945 3180 19 22 O
975 3187 42 15 no-

541 3211 50 21 bile
602 3211 63 23 falco
679 3211 141 29 pellegrino,
835 3219 56 15 ecco
902 3215 26 19 tu
937 3213 80 28 giravi

542 3244 26 22 in
578 3246 64 20 terra
653 3252 15 15 e
679 3245 40 22 del
728 3247 40 19 tuo
777 3252 91 22 sangue
880 3248 12 19 è
900 3252 70 16 rossa
975 3246 42 22 l’a-

541 3278 46 25 ria,
596 3277 140 23 intantoehè
742 3284 31 15 un
780 3279 69 28 grido
856 3285 70 15 corse
934 3279 25 21 di
967 3279 50 22 val-

542 3310 24 22 le
577 3310 24 21 in
612 3311 64 21 valle
687 3311 39 28 pei
738 3311 51 21 tuoi
804 3311 103 22 easolari
917 3318 6 19 ;
938 3311 24 22 la
973 3312 44 21 Pa-

543 3343 46 22 tria
597 3345 13 20 è
618 3346 86 26 spenta
712 3351 6 19 ;
730 3355 29 5 —
767 3343 36 22 Lo
811 3344 118 22 straniero
938 3344 21 21 si
967 3351 48 15 am-

543 3376 104 22 manisce
658 3383 15 16 a
683 3378 130 27 strapparli
824 3378 110 27 ingegno,
946 3378 73 21 libèr-

544 3411 32 24 tà,
583 3408 103 29 fìgliuoli
698 3416 14 14 e
722 3409 89 23 favella
820 3417 13 14 e
844 3411 123 25 memoria,
978 3417 41 15 co-

543 3448 38 15 rne
590 3442 17 21 il
615 3443 136 21 cacciatore
759 3445 109 19 costuma
880 3449 44 15 con
932 3443 23 21 le
960 3449 59 22 pen-

543 3481 30 15 ne
585 3474 63 22 dello
660 3474 94 23 uccello
762 3475 86 27 poichè
855 3475 25 21 lo
889 3475 30 22 ha
930 3478 86 19 morto.

573 3519 28 5 —
612 3507 132 23 Maladetto
755 3507 25 22 lo
800 3508 118 22 straniero
927 3508 6 21 !

785 3559 22 22 3.

572 3612 29 5 —
611 3600 37 22 Oh
659 3601 7 21 !
677 3607 32 15 no
720 3600 24 22 la
756 3600 81 23 Patria
848 3608 47 15 non
908 3603 14 19 è
931 3604 86 26 spenta

545 3639 95 15 ancora.
662 3633 51 22 Che
721 3639 56 15 cosa
789 3634 56 21 vuoi
856 3640 43 22 per
910 3634 106 26 riâverti,

545 3672 16 14 o
571 3665 102 22 Patria?
683 3666 22 21 Il
724 3668 85 20 nostro
823 3666 112 29 sangue?
954 3667 39 21 Gli
1005 3669 13 19 è

545 3704 60 22 poca
615 3705 58 16 cosa
681 3705 6 20 ;
699 3698 88 22 l’uomo
795 3706 128 22 sparnazza
933 3702 85 26 questo

1039 2814 95 28 liquore
1145 2814 66 22 delle
1218 2820 44 16 sue
1272 2821 61 15 vene
1341 2815 89 28 peggio
1443 2814 37 22 del
1489 2814 27 22 li-

1039 2853 74 22 quore
1123 2847 65 22 délia
1199 2847 58 22 vite.
1270 2847 63 22 Vuoi
1345 2847 22 22 la
1386 2850 82 19 nostra
1481 2848 33 21 vi-

1041 2884 23 18 ta
1072 2880 12 22 ?
1098 2881 33 21 La
1143 2883 13 20 è
1175 2887 60 22 poca
1247 2887 56 16 cosa
1313 2889 7 18 ;
1335 2880 47 22 ella
1399 2880 117 29 quotidia-

1041 2917 109 19 namenle
1160 2914 23 22 si
1195 2914 113 28 disperde
1319 2920 67 16 corne
1397 2920 84 22 spuma
1493 2914 22 21 di

1040 2948 126 21 cavallone
1186 2950 73 24 rotlo,
1280 2954 71 22 sopra
1370 2947 23 22 la
1413 2947 103 22 costiera

1041 2980 64 22 délia
1115 2983 84 20 morte.
1221 2980 63 23 Vuoi
1297 2981 23 21 la
1332 2984 84 19 nostra
1433 2980 84 23 fama?

1042 3014 52 22 Ella
1108 3016 12 20 è
1132 3018 61 25 poeà
1215 3021 56 15 cosa
1282 3021 6 19 ;
1304 3014 67 22 fumo
1383 3014 132 26 d’incenso,

1042 3048 43 21 che
1096 3048 17 21 il
1126 3047 71 22 fuoco
1210 3047 163 23 abbruciando
1392 3054 123 16 consuma.

1042 3080 44 22 Noi
1100 3081 18 22 ti
1130 3081 99 21 daremo
1240 3087 60 16 anco
1313 3081 98 22 l’anima
1423 3081 93 29 quando

1042 3120 59 22 pure
1119 3114 105 21 dantlola
1244 3121 14 15 a
1270 3117 24 19 te
1305 3114 24 22 la
1342 3114 149 29 togliessimo
1502 3121 14 15 a

1042 3146 45 22 Dio
1100 3153 38 15 ma
1148 3149 86 26 questa
1247 3147 23 22 la
1283 3149 13 19 è
1308 3153 46 16 una
1363 3148 75 21 stolta
1449 3153 68 23 paro-

1042 3180 23 21 la
1074 3187 6 14 :
1092 3186 15 15 e
1117 3180 24 21 la
1152 3180 83 21 Patria
1256 3187 58 15 sono
1327 3187 47 15 una
1386 3187 57 15 cosa
1454 3180 61 22 sola.

1068 3213 172 22 —Benedetta
1261 3213 24 22 la
1303 3213 83 23 Patria
1395 3214 6 21 !

1071 3319 26 4 —
1109 3307 61 22 Vuoi
1183 3309 25 19 tu
1217 3313 84 22 sapere
1309 3307 60 22 dove
1378 3308 37 21 sia
1430 3308 22 21 la
1465 3314 51 22 reg-

1043 3339 39 28 gia
1094 3339 64 22 dello
1178 3339 139 22 straniero?
1335 3340 99 22 Ouando
1454 3341 63 21 inco-

1044 3372 72 22 ininci
1128 3379 13 14 a
1150 3372 87 22 vedere
1247 3373 93 21 coslole
1348 3380 12 14 e
1369 3373 89 22 stinchi
1470 3377 48 18 rol-

1044 3404 27 26 ti,
1085 3405 34 21 di’
1130 3412 6 15 :
1154 3403 25 23 i'b
1196 3412 62 15 sono
1271 3412 28 15 su
1310 3406 25 21 la
1345 3406 39 21 via
1395 3406 45 22 che
1450 3413 66 15 mena

1043 3437 48 22 aile
1103 3437 84 29 reggià
1198 3438 64 22 dello
1277 3439 128 21 straniero.
1418 3438 99 28 Quando

1044 3470 19 21 ti
1073 3466 177 26 oceorréranno
1259 3471 89 22 eumuli
1360 3471 24 21 di
1395 3472 76 22 téschi
1478 3479 41 15 co-

1044 3509 37 15 rne
1099 3503 96 22 davahti
1213 3504 127 28 l’apertura
1355 3504 127 23 dell’antro
1494 3505 23 22 di

1044 3535 129 26 Polifemo,
1185 3535 96 24 fermati
1292 3543 6 15 :
1307 3539 92 20 cotesta
1409 3540 13 20 è
1432 3538 24 22 la
1465 3545 53 18 reg-

1160 3561 7 11 7
1492 3558 14 8 o

1043 3568 41 27 gia
1095 3569 70 21 dello"
1171 3570 130 21 straniero.
1312 3569 64 22 Vuoi
1388 3571 130 22 amminare

1044 3602 17 20 il
1073 3602 87 27 tempió
1177 3601 63 22 delle
1254 3603 78 27 glorie
1343 3603 63 22 dello
1417 3606 101 20 slranie-

1044 3634 46 22 ro?
1103 3630 87 26 Ëccôlo
1199 3634 24 22 là
1233 3643 6 19 ;
1253 3636 142 22 riconoseilo
1411 3637 23 22 ai
1446 3638 70 22 trofei

1044 3666 25 22 di
1080 3667 81 22 donne
1170 3671 97 25 appése,
1281 3668 23 22 di
1316 3670 83 22 vecchi
1410 3671 105 27 lacerati,

1044 3699 109 23 d’infanti
1173 3701 105 27 pèreossi
1299 3702 47 22 aile
1356 3704 85 28 pareti.
1454 3704 62 23 Vuoi

1542 2820 86 23 sapere
1644 2815 44 22 che
1706 2822 57 16 cosa
1779 2817 86 22 semini
1878 2819 35 20 tra
1925 2817 8 22 i
1947 2817 67 23 Corsi

1542 2843 25 22 lo
1585 2844 121 22 straniero
1717 2844 13 22 ?
1750 2845 83 22 L’odio
1853 2852 13 15 e
1886 2846 23 22 la
1928 2849 85 19 morte.

1543 2876 84 27 Quello
1646 2877 44 22 che
1710 2878 47 29 egli
1775 2879 149 22 vendemmia
1943 2886 14 15 e
1970 2880 44 22 che

1543 2910 90 22 miete?
1652 2910 157 24 Maledizione
1821 2919 13 15 e
1845 2919 98 22 sangue.
1952 2913 62 22 Vuoi

1543 2945 25 20 tu
1579 2943 96 30 leggere
1687 2944 23 22 la
1722 2945 73 22 storia
1807 2946 63 22 dello
1878 2947 117 22 straniero
2002 2947 12 22 ?

1543 2976 72 27 Ecco,
1628 2977 22 22 ei
1660 2978 23 22 la
1701 2981 94 26 stampa
1815 2979 60 23 dove
1887 2987 71 22 passa
1969 2988 44 14 con

1543 3011 111 21 caratteri
1673 3011 24 22 di
1716 3012 70 22 fuoco
1804 3019 13 15 e
1837 3013 24 22 di
1881 3014 134 29 rapina.—

1543 3044 119 22 Guardate
1674 3045 23 22 le
1709 3052 64 15 mura
1786 3045 102 24 fumanti
1898 3047 38 22 dei
1947 3048 67 28 paesi

1543 3077 38 22 del
1588 3077 81 27 Niolo,
1679 3078 31 22 ha
1719 3079 64 22 dello
1798 3079 24 21 lo
1834 3081 115 21 straniero
1957 3088 5 20 ;
1972 3083 41 21 noi

1543 3110 24 22 lo
1586 3111 111 22 abbiamo
1720 3112 116 29 guardate
1855 3114 29 21 ed
1901 3114 113 23 abbiamo

1543 3144 94 28 gridato
1647 3152 6 14 :

1571 3189 27 6 —
1610 3178 128 22 Maledetto
1752 3179 24 22 lo
1794 3181 120 21 straniero
1925 3182 6 21 !

1573 3285 27 7 —
1608 3275 39 22 Ma
1659 3276 124 23 benedetta
1796 3278 23 22 la
1834 3279 80 22 Patria
1923 3280 6 22 !
1940 3280 74 23 Bene-

1543 3308 65 22 detta
1616 3309 38 21 nel
1663 3310 111 22 cieloche
1785 3311 23 21 la
1820 3318 79 23 copre,
1912 3314 103 22 esultan-

1543 3348 30 15 za
1584 3342 38 21 nei
1634 3342 78 28 giorni
1724 3343 23 21 di
1758 3344 76 28 gioia,
1847 3346 167 24 consolazione

1544 3375 24 20 in
1579 3374 74 28 quelli
1663 3375 65 22 délia
1747 3380 120 20 sventura.
1886 3379 128 25 Benedetta

1543 3407 39 22 nel
1590 3414 75 16 -mare
1685 3409 44 22 che
1742 3410 23 22 la
1784 3411 87 29 bagna,
1889 3413 125 26 benedetta

1544 3441 63 21 nelle
1618 3442 52 21 nevi
1683 3442 38 22 dei
1732 3444 53 21 suoi
1795 3447 74 21 monti
1881 3454 13 14 e
1902 3448 113 24 nell’erbe

1544 3474 63 22 delle
1616 3481 44 16 sue
1671 3476 193 27 valli,benedetta
1872 3482 39 21 nei
1922 3484 52 21 suoi
1981 3484 33 21 la-

1543 3507 42 28 ghi
1598 3514 13 15 e
1622 3508 37 22 nei
1671 3510 54 21 suoi
1739 3511 45 22 rivi
1794 3519 7 14 :
1814 3513 126 24 benedetta
1952 3517 63 22 nella

1545 3543 81 20 eterna
1637 3542 143 29 primavera,
1794 3546 44 22 che
1858 3548 23 22 la
1893 3548 23 22 fa
1932 3556 83 22 parère

1544 3574 103 28 gemella
1666 3582 45 16 con
1731 3579 56 27 ogni
1805 3580 55 22 alba
1873 3581 44 22 che
1928 3589 87 17 nasce:

1544 3606 125 24 benedetta
1688 3610 38 21 nel
1744 3612 72 22 verde
1834 3614 133 24 immortale
1977 3617 38 23 dei

1543 3640 54 22 suoi
1606 3642 89 26 aranci,
1705 3643 37 22 dei
1751 3645 55 21 suoi
1815 3647 65 22 mirti
1891 3654 13 15 e
1916 3648 38 22 dei
1961 3651 54 22 suoi

1543 3673 73 23 allori
1634 3674 44 22 che
1697 3676 23 22 le
1738 3679 123 27 procaccia
1881 3680 17 23 il
1910 3682 69 22 titolo
1990 3684 25 21 di

1543 3713 95 22 sempre
1654 3708 110 29 giovane.

2068 2830 28 5 —
2104 2818 128 24 Benedetta
2240 2819 24 23 la
2273 2820 88 28 Patria,
2371 2819 138 24 benedetta!

2069 2851 164 31 Fosseperchè
2239 2854 54 22 tutti
2303 2854 73 29 quelli
2385 2855 44 22 che
2435 2855 22 22 si
2465 2857 45 19 tro-

2041 2892 91 16 vavano
2143 2893 14 15 a
2168 2887 74 22 bordo
2255 2890 49 20 cosi
2317 2889 115 23 marinari
2445 2893 63 18 corne

2041 2920 155 29 passaggieri,
2206 2921 86 23 inlenti
2304 2922 23 22 al
2342 2925 78 20 mesto
2432 2922 77 24 addio,

2041 2954 174 23 trascurassero
2227 2955 17 21 il
2255 2962 105 22 governo
2369 2956 64 23 délia
2444 2960 64 19 nave,

2041 2992 14 15 o
2066 2985 63 24 fosse
2140 2994 42 22 per
2193 2988 22 22 al
2219 2991 36 20 tra
2273 2990 112 29 cagione,
2398 2991 49 21 essi
2465 2988 45 30 pie-

2040 3026 90 22 garono
2140 3028 13 15 a
2164 3028 68 16 inano
2241 3025 92 26 stanca,
2346 3024 62 22 onde
2417 3030 47 16 non
2472 3028 37 23 po-

2042 3053 70 22 tendo
2121 3055 40 28 più
2169 3060 146 24 agguantare
2326 3058 18 22 il
2350 3061 71 20 vento
2432 3058 22 22 si
2466 3059 43 19 tro-

2041 3093 89 16 varono
2136 3089 72 28 spinti
2215 3089 49 23 fino
2270 3091 23 22 in
2302 3091 122 30 Sardegna
2434 3098 5 20 ;
2449 3090 60 28 dopo

2041 3121 111 27 parecehi
2161 3123 80 27 gioeni
2261 3124 24 22 di
2296 3126 125 22 navizione
2437 3127 73 19 trava-

2041 3153 78 28 gliosa
2130 3158 125 21 toccarono
2277 3158 183 24 Portoferrario,
2471 3162 13 14 e
2493 3154 17 21 il

2040 3186 30 22 22
2089 3187 74 29 luglio
2182 3191 169 27 approdarono
2374 3200 15 15 a
2406 3191 103 22 Livorno

2042 3221 99 22 termine
2159 3221 37 23 del
2216 3223 53 23 Ioro
2280 3225 106 30 viaggio.

2069 3253 34 23 La
2123 3262 59 16 nave
2204 3258 113 23 condotta
2339 3259 40 22 dal
2400 3257 109 30 eapitano

2042 3286 103 32 Smittoy
2158 3289 22 22 al
2200 3292 121 22 contrario
2344 3290 131 30 bordeggiô
2497 3294 12 15 a

2042 3328 70 16 mano
2126 3323 78 23 destra
2215 3332 15 15 e
2241 3325 24 22 le
2279 3325 73 22 riusci
2367 3325 111 22 schivare
2494 3320 16 23 il

2041 3358 71 20 vento
2124 3364 13 14 e
2145 3357 17 22 il
2170 3363 66 17 mare
2244 3359 80 28 grossi
2333 3367 7 18 ;
2353 3365 38 16 ma
2397 3365 44 22 per
2449 3362 62 17 com-

2042 3395 74 22 penso
2127 3390 21 22 si
2167 3393 68 21 trovô
2249 3394 37 20 tra
2299 3392 66 29 Capo
2378 3392 76 22 Côrso
2466 3397 12 15 e
2489 3388 21 22 1B

2042 3422 109 28 Capraia,
2161 3428 104 26 appunto
2274 3426 59 22 dove
2340 3426 17 21 il
2365 3426 86 28 signor
2460 3422 49 23 Gia'

2042 3461 69 17 como
2126 3457 120 24 incotrava
2268 3459 127 22 altravolta
2408 3458 35 30 gli
2455 3455 53 25 scia-

2043 3489 92 28 becchi,
2145 3499 14 15 o
2170 3499 60 21 poco
2242 3493 116 22 discosto.
2372 3492 34 23 La
2419 3492 92 22 fortuna

2042 3527 97 20 sovenle
2147 3525 21 22 si
2176 3526 124 28 compiace
2307 3532 45 16 con
2363 3526 108 22 bizzarra
2479 3521 31 21 in-

2042 3556 102 24 sistenza
2156 3559 126 22 rinnôvare
2292 3560 8 21 i
2313 3559 121 22 medisimi
2446 3554 49 25 easi
2503 3560 6 19 ;

2043 3589 94 24 almeno
2150 3592 22 22 in
2184 3595 86 26 questa
2290 3593 127 22 occasione
2429 3587 85 26 accade

2043 3625 57 20 cosi.

2213 3687 158 29 (Cuntinua)
