2560 3846
116 128 122 26 jeunesse.
252 123 55 21 Cela
315 127 30 15 ne
357 127 27 15 se
397 125 69 22 passe
477 124 43 21 pas
533 121 55 16 sans

119 157 116 27 quelques
244 154 88 20 heurts.
343 150 112 26 Quilicus
466 154 13 15 a
498 145 91 23 renoué

119 192 60 15 avec
188 190 38 16 ses
235 183 59 21 amis
303 180 123 22 d'enfance
440 177 150 21 notamment

120 221 59 16 avec
192 220 45 15 son
249 211 81 22 cousin
344 209 92 23 Pierru,
446 206 142 27 l'agitateur,

120 245 40 27 qui
177 243 59 22 était
247 240 115 27 collégien
374 239 64 20 alors
459 235 58 27 qu’il
533 233 58 20 était

120 276 94 24 berger.
226 272 35 21 Ce
270 271 89 22 Pierru,
374 266 69 27 après
460 269 49 16 une
528 267 63 16 exis-

119 308 70 19 tence
196 300 175 29 passablement
379 294 86 29 agitée,
475 299 12 15 s
496 294 38 19 est
550 290 41 22 dé-

121 333 135 23 fitivement
267 328 46 22 fixé
322 334 29 15 en
365 325 109 24 Corse,et
479 322 59 21 s’est
548 321 44 20 fait

120 365 100 26 l’apotre
239 361 29 20 de
287 360 21 19 la
328 356 162 22 Renaissance
513 355 77 17 corse.

120 395 67 21 Nous
195 389 157 24 reviendrons
365 391 41 16 sur
416 384 34 21 lui
461 393 30 5 —
508 380 84 21 disons

122 423 133 23 seulement
274 424 44 22 que
336 418 23 20 le
371 420 58 16 nom
450 411 143 28 d'agitateur

122 454 70 26 qu’on
202 452 34 21 lui
253 457 13 14 a
283 446 79 24 donné
372 446 18 20 il
409 445 23 20 le
453 442 94 23 mente,
569 440 24 19 et

122 484 57 27 qu’il
191 482 54 22 l’est
251 481 55 26 peut
311 479 58 22 être,
382 473 61 23 mais
452 471 14 22 à
472 473 24 20 la
503 475 91 17 manié-

123 521 27 15 ré
161 513 56 22 d’un
230 506 161 26 Sanbucuccio
412 509 31 16 ou
459 501 56 22 d’un
528 501 66 20 Sam-

123 545 76 25 piero.
211 541 35 22 Ce
258 539 59 21 n’est
329 542 42 21 pas
383 540 30 15 en
426 538 66 19 vain,
505 537 17 15 n
531 531 36 20 est
576 531 17 19 il

122 580 42 20 pas
172 572 60 24 vrai,
245 575 45 22 que
301 568 46 21 l’on
356 565 105 26 dérange
472 562 43 21 des
528 560 67 21 habi-

122 604 69 22 tudes
205 600 107 28 acquises
326 594 162 25 fussent-elles
495 590 100 23 fondées

123 641 41 15 sur
172 639 48 15 une
230 630 67 23 lâche
306 626 121 29 quiétude.
440 623 63 22 Mais
512 621 84 21 Pierru

123 665 38 21 n’a
171 669 56 15 cure
239 661 29 21 de
279 660 56 22 cela,
345 659 26 19 et
378 659 94 18 comme
479 653 34 20 lui
525 651 72 20 disait

122 693 77 23 l’abbé
212 689 89 24 Deltini
313 687 108 21 audaces
429 683 112 27 fortuna
551 685 46 21 jle-

124 725 50 21 vât.
522 742 5 5 ,

153 752 111 27 Quilicus
271 749 93 26 dispute
373 742 158 30 longuement
536 744 61 17 avec

125 784 83 22 Pierru
224 777 173 25 etl’omdevine
406 775 23 21 le
438 772 63 27 sujet
511 771 31 21 de
554 775 42 22 pa-

124 814 81 22 reilles
216 810 105 24 palabres
326 819 29 4 —
360 805 59 23 c’est
428 809 27 16 ce
466 807 47 23 que
524 801 9 26 j
542 801 23 20 ai
574 800 23 21 le

125 849 53 25 plus
186 843 73 30 goûté
263 840 146 23 —Pourtant
414 843 27 15 ce
449 835 61 22 n’est
515 839 43 22 pas
565 838 29 16 en

125 878 57 21 vain
191 880 47 22 que
246 873 48 22 Von
302 868 104 29 rePrend
416 866 57 28 Pied
485 866 59 20 dans
565 869 32 32 ?n

125 908 90 25 village
227 905 30 20 de
269 902 82 21 Corse.
361 898 111 26 Quilicus
491 901 42 22 qui
550 894 16 21 d
573 899 29 15 a-

126 937 61 22 bord
199 942 14 14 a
225 931 83 25 résisté
320 932 37 20 est
362 928 78 28 repris
447 932 43 22 par
498 931 45 16 son
550 930 48 15 ins-

126 968 61 22 tinct
194 964 62 23 natif
259 964 29 21 de
300 957 220 29 Corse,ilse-laisse
529 961 70 21 pren-

127 999 42 20 dre
177 997 59 20 dans
247 994 152 26 l’engrenage
411 989 29 21 de
447 989 23 20 la
478 985 120 29 politique

126 1025 152 25 locale.C’est
283 1022 60 22 ainsi
349 1026 48 22 que
408 1024 61 16 nous
481 1017 117 21 assistons

128 1059 14 21 à
149 1059 23 21 la
179 1058 60 21 lutte
248 1059 60 23 pour
315 1053 24 21 la
346 1050 94 23 mairie.
456 1048 34 21 M.
499 1047 99 21 Dalzeto

128 1096 15 15 a
154 1095 27 15 su
191 1086 86 23 rendre
286 1085 36 20 cet
333 1080 146 24 évènement
494 1078 20 21 si
530 1081 68 17 corse

127 1124 60 17 avec
198 1116 108 23 réalisme
314 1114 25 20 et
346 1109 121 24 vérité.La
478 1109 91 26 plume,
576 1112 23 15 a-

128 1151 50 20 lors
196 1146 110 24 incisive,
324 1148 63 16 nous
402 1140 121 22 découvre
540 1142 59 16 avec

128 1181 24 21 la
169 1178 107 22 froideur
298 1174 54 21 d’un
376 1170 138 27 chirurgien
537 1169 62 20 cette

129 1210 64 28 plaie
208 1207 107 23 hideuse.
333 1201 143 29 Cependant
487 1198 112 27 Quilicus

129 1241 30 21 l’a
176 1236 117 30 emporté.
306 1235 21 22 Il
339 1239 54 16 sera
403 1232 84 21 maire.
508 1228 68 22 C’est
586 1234 13 14 a

130 1270 75 29 partir
219 1269 30 21 de
258 1274 27 15 ce
294 1266 55 27 jour
360 1269 48 22 que
419 1268 31 15 va
459 1266 26 16 se
495 1260 71 27 joiier
576 1259 23 20 le

130 1302 81 21 drame
223 1298 41 28 qui
281 1295 179 27 ensanglantera
476 1292 24 20 le
511 1290 89 26 village

130 1334 25 19 et
162 1330 117 22 achèvera
290 1327 29 21 de
325 1326 64 27 jeter
398 1323 69 21 l’ame
475 1320 123 25 meurtrie,

130 1362 61 22 mais
199 1359 108 27 toujours
318 1354 117 25 indécise,
448 1353 30 20 de
488 1350 112 27 Quilicus

131 1393 59 21 dans
201 1392 24 20 le
234 1390 53 27 plus
298 1386 106 27 complet
415 1382 114 23 désarroi.
535 1379 66 22 —Sa

130 1423 57 25 fille,
201 1423 26 19 et
238 1419 31 23 ici
282 1417 122 26 l’intrigue
412 1420 26 16 se
451 1418 77 20 corse,
545 1410 57 22 s’est

131 1453 79 27 éprise
219 1451 31 21 du
259 1448 82 23 bandit
352 1444 123 25 Falchetti,
484 1442 41 28 qui
533 1442 69 21 vient

130 1485 23 20 la
160 1483 56 21 voir
222 1483 79 20 toutes
307 1479 35 21 les
350 1477 65 21 nuits
424 1475 59 21 dans
489 1479 26 15 sa
522 1472 80 22 cham-

130 1515 41 21 bre
181 1518 55 16 sans
245 1509 132 29 cependant
394 1505 85 28 qu’elle
489 1510 26 15 se
529 1503 73 21 doute

131 1544 87 27 qu’elle
229 1548 13 15 a
255 1540 78 22 affaire
340 1538 14 22 à
365 1543 34 16 un
407 1535 91 24 bandit.
509 1534 22 21 Il
538 1533 66 22 avait

132 1574 38 22 été
191 1570 111 31 présenté
319 1569 14 22 à
344 1574 45 16 son
404 1566 57 29 père
471 1571 63 16 mam
553 1569 56 16 non.

132 1611 57 16 sous
197 1610 28 15 sa
232 1601 115 22 véritable
358 1596 110 24 identité.
479 1595 124 34 Insaisissa-

132 1636 39 21 ble
182 1636 25 20 et
218 1631 153 31 mystérieux,
383 1629 18 21 il
415 1632 71 23 passe
497 1627 23 20 la
529 1625 53 22 nuit
590 1624 14 21 à

132 1666 99 22 Folacce
239 1665 25 20 et
269 1663 22 21 le
296 1662 52 27 jour
354 1660 14 21 à
375 1658 108 29 Ajaccio.
494 1656 43 22 Les
545 1661 59 22 gen-

133 1697 94 21 darmes
233 1694 41 27 qui
281 1693 24 21 le
311 1691 118 27 traquent,
439 1689 30 20 èn
482 1688 56 21 sont
542 1691 62 22 pour

131 1728 65 20 leurs
207 1725 66 22 frais.
284 1721 147 28 Cependant,
442 1718 82 25 Fabiu,
534 1723 34 14 un
580 1718 24 19 â-

133 1760 119 19 moureux
257 1752 112 23 éconduit
376 1751 30 21 de
411 1749 120 29 Jeannine
537 1747 23 27 (c
568 1748 37 19 est

133 1789 23 20 la
166 1787 49 21 fille
227 1786 30 21 de
266 1781 127 29 Quilicus),
405 1779 95 23 nourrit
512 1784 34 15 un
565 1776 41 26 dé-

132 1819 37 26 pit
180 1816 124 23 croissant,
314 1813 106 22 d’autant
426 1811 53 26 plus
489 1815 48 21 que
544 1807 62 27 Qui-

132 1849 61 20 licus
198 1848 24 20 la
227 1846 34 22 lui
273 1844 63 22 avait
340 1842 106 28 promise
461 1846 30 15 en
499 1839 106 26 mariage

133 1879 90 20 —bien
228 1876 69 27 qu’en
304 1873 182 23 subordonnant
493 1875 46 17 son
549 1873 57 17 con-

278 1905 19 21 à-
312 1904 62 22 celui
378 1903 41 21 -de
423 1907 35 16 -sa
468 1901 58 25 fille-,
549 1911 14 4 -
569 1904 12 16 s
588 1899 18 21 il

133 1939 79 22 votait
226 1943 58 16 avec
299 1937 36 20 les
349 1934 67 22 siens
429 1937 62 23 pour
501 1936 28 16 sa
540 1930 64 21 liste.

134 1970 38 21 De
180 1970 86 21 nature
273 1967 48 21 vile
333 1967 24 19 et
366 1965 31 21 de
409 1962 119 23 caractère
536 1960 70 22 lâche

134 2006 27 16 ce
170 2000 74 21 Fabiu
257 1997 40 28 qui
306 1995 135 28 appartient
449 1993 14 21 à
470 1998 49 16 une
528 1991 78 22 famil-

133 2032 24 20 le
168 2031 30 20 de
218 2028 115 22 délateurs
339 2038 30 3 —
376 2024 116 28 Taglione
509 2023 38 21 est
561 2026 45 17 son

134 2066 100 17 surnom
240 2071 29 4 —
274 2059 57 20 veut
339 2063 27 14 se
375 2060 99 22 venger.
485 2053 23 23 .11
516 2051 89 23 dénon-

136 2098 26 15 ce
169 2092 24 21 le
199 2090 91 24 bandit,
298 2088 38 27 qui
345 2088 38 20 est
389 2084 41 23 tué
437 2085 59 21 dans
503 2089 47 16 une
557 2088 49 16 em-

123 2139 3 3 .
134 2122 113 24 buscade,
260 2120 60 21 alors
329 2117 59 28 qu’il
398 2116 83 21 venait
495 2115 31 20 de
534 2113 73 22 sortir

135 2153 29 21 de
173 2153 23 21 la
204 2150 111 23 chambre
323 2149 30 21 de
360 2147 126 27 Jeannine.
497 2144 70 27 Coup
576 2144 30 21 de

133 2183 101 22 théâtre.
242 2180 30 22 Sa
278 2178 92 24 fiancée
379 2178 41 27 qui
428 2178 37 20 est
474 2174 79 23 restée
564 2180 43 21 pu-

135 2219 26 16 re
171 2211 134 24 s’évanouit
315 2215 41 16 sur
373 2214 45 15 son
432 2207 110 21 cadavre.
561 2205 46 22 Ce-

134 2244 106 27 pendant
250 2243 22 20 la
283 2245 97 17 rumeur
391 2238 115 28 publique
522 2241 85 16 accuse

134 2274 117 27 Taglione
263 2272 29 21 de
303 2272 62 20 cette
377 2270 69 20 basse
457 2272 148 23 vengeance.

133 2304 118 28 Jeannine
268 2299 129 29 exaspérée
408 2300 23 20 le
441 2300 50 19 tue.
504 2298 50 21 Elle
570 2299 38 19 est

135 2334 134 28 cependant
273 2330 126 29 acquittée.
402 2327 206 27 Désabusé,désil-

135 2364 103 26 lusioné,
252 2363 117 26 Quilicus,
378 2361 41 27 qui
428 2359 56 22 s’est
491 2358 77 22 démis
577 2358 30 22 de

136 2402 38 15 ses
194 2395 118 22 fonctions
327 2393 30 20 de
377 2391 74 22 maire
467 2389 86 22 décide
577 2389 30 21 de

137 2426 90 27 quitter
236 2426 25 20 la
277 2423 93 25 Corse,.
381 2420 62 29 qu'il
458 2420 65 22 rend
540 2418 68 23 seule

135 2454 162 31 responsable
308 2454 29 21 de
348 2458 40 16 ses
398 2457 86 16 maux.
499 2451 29 20 Et
535 2451 72 24 alors,

136 2493 40 16 sur
183 2488 24 20 le
216 2487 83 21 bateau
307 2484 39 28 qui
355 2483 133 26 l'emporte,
496 2480 112 27 Quilicus

136 2524 43 21 par
191 2522 46 16 une
246 2516 95 28 analyse
352 2512 166 23 inconsciente
528 2511 29 22 de
565 2511 45 21 lui-

137 2549 87 24 même,
240 2545 102 28 comprit
346 2551 14 14 «
369 2549 47 23 que
430 2541 125 29 quoiqu'il
566 2541 42 29 fit,,

137 2578 57 22 ilne
198 2578 80 22 serait
280 2576 97 28 jamais
385 2573 78 29 qu’un
471 2578 46 16 cor
516 2572 93 25 se,rien

139 2608 78 29 qidun
227 2613 68 16 corse
306 2605 86 29 frotté
411 2603 72 22 d'une
499 2601 110 23 cizùlisac-

138 2640 55 21 tion
205 2639 46 27 qui
263 2636 94 28 malgré
368 2640 39 17 ses
425 2633 121 22 bienfaits
567 2634 44 26 ap-

134 2671 107 26 parents
258 2668 66 21 avait
344 2666 52 25 fait
408 2665 29 21 de
458 2663 39 22 lui
509 2663 23 22 le
547 2662 64 29 plus

138 2699 165 22 malheureux
308 2697 42 21 des
358 2697 140 20 hommes..»

164 2727 67 21 Telle
253 2727 43 23 est,
318 2724 95 22 réduite
436 2721 15 22 à
469 2721 142 26 l’essentiel,-

138 2758 122 27 l’intrigue
271 2756 32 22 du
312 2760 94 16 roman.
417 2753 91 21 Disons
516 2753 55 20 tout
580 2752 31 21 de

139 2789 68 25 suite,
216 2787 57 28 qu’il
280 2787 27 20 sè
312 2786 30 21 lit
349 2790 61 16 avec
417 2789 33 16 un
459 2782 88 22 intérêt
555 2788 56 16 sans

139 2824 66 16 cesse
218 2817 114 23 croissant
341 2817 24 19 et
371 2821 47 21 que
426 2814 102 21 nombre
536 2812 75 28 d’épi-

140 2849 71 22 sodés
221 2849 40 26 qui
270 2847 115 28 peignent
393 2844 103 22 certains
505 2842 68 23 cotés
581 2843 31 21 de

141 2881 22 20 la
168 2880 43 21 vie
223 2879 20 21 si
255 2877 91 22 réduite
355 2877 32 20 de
395 2880 45 17 nos
448 2875 101 27 villages
557 2875 55 20 sont

139 2910 50 22 très
199 2910 58 21 bien
269 2913 82 16 venus.
370 2906 30 21 La
412 2907 64 20 mort
487 2905 33 21 du
537 2904 75 22 vieux

139 2940 118 25 Pedrone,
274 2940 23 21 la
314 2938 63 22 foire
394 2936 30 22 de
437 2937 24 20 la
472 2935 92 25 Santa,-
576 2935 36 20 les

141 2971 117 22 élections
278 2970 54 21 sont
349 2968 84 21 autant
450 2966 30 21 de
500 2965 113 22 tableaux

139 2999 198 27 brossés,celui-ci
349 3004 60 16 avec
418 2999 36 19 art
462 2998 24 19 et
494 2995 117 26 émotion,

141 3033 93 20 ceux-la
245 3036 58 16 avec
307 3035 76 16 verve
390 3026 223 24 ethumour.L’âme

141 3060 153 29 désemparée
312 3060 71 21 d’une
399 3058 75 22 Corse
487 3062 47 22 que
542 3056 71 22 révê-

140 3094 53 20 tent
210 3093 30 21 de
258 3091 65 28 façon
344 3091 53 26 plus
415 3089 133 21 attristante
567 3093 46 21 que

142 3123 124 26 comiques
276 3122 41 21 des
329 3120 104 27 oripaux
441 3118 40 28 qui
491 3119 24 21 la
523 3117 91 28 défigu-

141 3155 61 24 rent,
223 3158 69 22 passe
310 3152 108 24 dolente,
436 3148 87 27 lassée,
542 3148 71 22 triste

142 3185 67 20 entre
221 3188 40 16 ces
272 3183 76 26 lignes
367 3178 197 24 desenchantées.
579 3178 34 21 En

141 3213 127 25 revanche,
277 3218 45 15 une
332 3211 152 28 indignation
494 3211 120 20 contenue

141 3244 60 21 mais
208 3243 186 22 'bouillonnante
413 3240 79 21 anime
503 3239 109 25 l’auteur,

142 3274 40 25 qui
193 3273 157 22 l’extériorise
359 3277 44 22 par
410 3272 23 20 la
441 3270 61 21 voix
508 3270 31 21 de
547 3268 67 22 Pier-

142 3309 27 15 ru
184 3306 25 19 et
223 3304 57 21 c’est
293 3303 22 21 le
329 3302 34 21 cri
385 3301 70 22 d’une
471 3300 143 22 conscience

142 3334 61 20 mâle
212 3334 40 27 qui
260 3339 24 16 se
292 3333 70 21 raidit
368 3334 25 19 et
397 3338 27 15 se
429 3331 94 22 révolté
531 3331 83 21 contre

141 3362 171 23 l’étouffement
319 3363 40 26 qui
366 3367 99 17 menace
470 3363 70 19 notre
544 3365 69 23 pays.

170 3392 21 21 Il
198 3393 47 21 m’a
253 3399 57 21 paru
318 3392 135 28 cependant
463 3396 46 21 que
517 3391 24 21 le
552 3390 63 28 style

144 3423 36 19 est
190 3429 33 14 un
232 3429 46 20 peu
299 3422 98 22 flottant
417 3423 24 19 et
461 3421 58 26 qu’il
538 3420 77 21 aurait

143 3451 78 27 gagné
229 3458 13 14 a
255 3453 51 25 plus
317 3453 31 20 de
359 3450 100 24 netteté.
472 3450 23 22 Il
504 3456 33 15 ne
547 3455 69 16 man-

144 3486 47 21 que
204 3487 43 21 pas
260 3482 28 20 de
306 3482 55 22 nerf
371 3481 142 28 cependant.
538 3480 21 21 Il
579 3481 38 19 est

144 3511 67 21 riche
224 3517 30 14 en
266 3513 67 19 outre
353 3512 31 21 de
403 3511 142 27 proverbes,
568 3509 47 21 dic-

143 3542 61 23 tons,
218 3543 131 23 sentences,
374 3541 174 27 apophtegmes
567 3545 50 15 em-

144 3570 100 26 pruntés
260 3576 28 14 au
299 3571 79 25 parler
386 3576 138 16 savoureux
532 3570 30 21 de
571 3574 45 15 nos

146 3599 178 27 campagnards,
338 3605 32 15 ou
388 3606 30 15 au
436 3599 122 22 folk-lore.
583 3598 33 21 Ils

144 3629 113 27 gonflent
265 3628 68 21 d’une
345 3629 60 20 sève
413 3629 98 21 ardente
525 3631 23 19 et
559 3628 57 21 bien

145 3658 121 26 nostrale,
282 3658 23 20 le
326 3657 62 22 récit
406 3657 31 21 où
455 3660 97 23 passent
573 3663 44 21 par

144 3689 117 25 bouffées,
284 3687 42 21 des
347 3689 112 19 senteurs
470 3687 30 20 de
511 3687 104 26 maquis.

616 114 20 22 Il
661 110 150 29 appartenait
833 108 13 21 à
874 107 100 21 l’auteur
1007 104 30 20 de
1063 103 23 20 la
1112 102 7 20 1

619 142 131 22 Canonica
760 142 24 18 et
792 139 30 21 de
843 137 79 21 Notre
940 134 105 27 Maquis
1057 132 30 21 de
1112 143 7 3 -

617 178 60 16 nous
706 171 70 21 doter
801 167 56 21 d’un
885 165 75 27 pareil
982 167 105 21 ouvrage
1114 167 5 13 <

617 202 30 21 où
660 203 37 19 est
706 198 59 28 posé
776 202 63 22 pour
849 197 23 20 la
894 193 119 29 première
1030 191 56 24 fois,
1114 197 5 13 <

616 233 23 19 le
647 229 124 28 problème
780 227 21 20 si
814 225 86 22 délicat
918 224 30 21 dè
960 224 23 20 la
1003 221 85 22 franci-

617 261 78 21 sation
705 259 42 20 des
765 256 98 21 Corses.
876 254 70 21 Cette
955 250 133 24 antinomie
1114 251 5 20 !

617 291 68 20 entre
691 289 70 20 notre
770 287 83 20 nature
865 284 39 24 de?
914 283 97 23 Corses,
1030 282 24 19 et
1065 280 23 21 la

617 317 147 23 civilisation
773 316 60 20 dont
846 319 60 16 nous
914 317 104 17 sommes
1029 310 60 21 frot-
1115 320 4 10 i

617 347 130 23 tés—bien
771 343 317 28 superficiellement—que
1115 350 4 12 :

618 377 113 28 peut-elle
737 374 150 27 engendrer?
895 373 79 20 Est-ce
983 377 31 14 un
1023 370 64 24 bien,

619 410 74 19 est-ce
704 413 33 14 un
748 405 56 24 mal,
811 409 62 21 pour
884 408 61 15 nous
953 402 30 20 de
991 400 98 26 l’accep-

618 440 44 23 ter,
672 443 33 15 ou
717 436 77 27 plutôt
803 434 30 21 de
844 433 23 21 la
878 432 74 25 subir,
965 436 59 16 sans
1043 435 47 22 que

619 473 62 16 nous
689 466 122 28 puissions
820 462 106 23 démêler
930 461 158 23 exactement,

620 505 27 14 ce
659 503 46 22 que
718 501 60 16 nous
794 499 76 17 avons
893 492 73 28 profit
977 490 13 22 à
1005 490 86 28 garder

621 530 25 20 et
656 534 27 15 ce
701 526 58 28 qu’il
773 525 116 22 convient
900 528 46 21 que
958 527 61 15 nous
1031 520 61 27 reje-

621 559 73 21 tions.
708 556 34 22 M.
760 556 97 21 Dalzeto
875 552 125 23 démontre
1013 551 78 21 victo-

621 589 147 22 rieusement
790 591 47 22 que
862 586 62 19 cette
951 580 140 23 autonomie

622 619 37 19 est
666 623 33 14 un
710 615 57 22 mal.
969 623 5 3 -

648 642 171 24 Ponte-Novo,
832 641 25 19 et
868 639 65 21 voila
943 641 119 24 pourquoi
1074 637 18 19 il

622 680 14 16 a
647 672 82 23 donné
735 678 28 15 ce
777 671 56 21 titre
844 675 31 15 au
891 674 92 18 roman,
1003 667 89 21 Ponte-

624 705 20 20 A
648 709 45 16 ovo
701 702 53 21 doit
765 702 50 19 être
825 700 24 21 la
859 699 79 27 pierre
947 697 31 21 de
995 695 95 26 touche,

623 740 59 16 avec
692 734 23 20 la
721 732 78 29 quelle
811 736 31 15 on
852 728 108 28 éprouve
970 727 24 21 le
1001 725 92 28 tempé-

623 765 93 21 rament
727 763 32 21 du
775 761 53 22 vrai
841 765 76 16 corse.
932 755 161 25 Ponte-Novo

624 795 65 22 fut-il
700 799 33 16 un
745 792 64 25 bien,
823 797 32 16 ou
871 796 33 15 un
924 789 67 22 mal?
1005 787 88 22 Ponte-

624 825 70 22 Novo
707 830 32 15 en
751 823 108 21 laissant
869 820 124 22 subsister
1004 824 26 15 ce
1046 823 47 22 que

624 862 65 16 nous
698 855 88 24 avions
799 853 29 21 de
836 851 123 24 mauvais,
966 854 66 17 nous
1037 848 57 27 prit

625 886 22 22 le
658 885 119 23 meilleur
787 884 31 21 de
823 880 179 24 nous-mêmes.
1016 878 35 22 Ce
1058 877 36 22 fut

624 923 36 16 un
668 916 88 29 grand
777 913 125 23 malheur.
925 911 46 22 Les
988 914 106 23 ravages

625 948 30 21 de
663 946 146 22 l'annexion
826 942 107 23 d'abord,
956 941 96 25 bénins,
1061 945 13 16 s
1082 939 12 21 é

625 978 128 22 tendirent
761 974 182 23 envahissants.
965 971 34 22 Et
1007 977 27 14 ce
1048 968 47 31 fui

625 1008 27 22 la
663 1007 143 23 déchéance.
819 1004 41 22 On
868 1009 31 16 ne
908 1003 116 21 demeure
1033 1001 63 21 Cor-

624 1045 26 16 se
658 1038 58 28 qu’à
724 1037 25 21 la
755 1036 132 22 condition
893 1034 31 21 de
930 1038 27 17 se
962 1032 134 29 préserver

626 1070 29 21 de
686 1069 58 21 tout
766 1067 102 21 contact
890 1065 127 26 étranger,
1023 1069 15 15 »
1062 1068 33 16 ou

625 1103 96 22 encore,
728 1099 143 21 Pontenovo
878 1095 35 22 fut
925 1102 13 13 «
944 1100 36 16 un
988 1094 57 22 bien
1047 1093 50 24 fait

622 1135 70 23 pour
700 1129 37 22 les
742 1127 147 30 politiciens
907 1126 133 22 astucieux
1051 1125 45 26 qui

625 1167 31 16 en
667 1161 92 24 vivent,
768 1165 36 15 un
811 1157 113 22 désastre
929 1162 66 20 pour
1001 1155 24 22 le
1032 1160 65 21 pays

624 1193 56 20 tout
688 1190 108 22 entier...
811 1189 58 21 telle
881 1189 37 20 est
936 1186 119 28 l’opinion
1067 1185 30 21 de

626 1222 92 22 Pierru.
725 1220 58 22 Cela
789 1219 34 22 lui
831 1218 136 23 vautd’être
975 1215 86 23 accusé
1066 1215 30 21 de

625 1258 84 16 mener
723 1251 43 22 des
780 1254 143 24 campagnes
935 1246 162 28 aqti-françai-

626 1289 46 20 ses,
686 1281 189 27 anti-françaises
886 1278 147 23 certes'elles
1042 1282 56 22 peu-

626 1316 59 19 vent
707 1312 75 25 l’être,
808 1312 21 21 si
848 1310 49 22 l’on
929 1308 108 23 s’entend
1058 1312 41 17 sur

626 1345 22 21 la
671 1342 170 29 signification,
851 1341 132 22 nullement
1005 1338 94 28 péjora-

626 1375 52 21 tive
704 1374 31 21 de
755 1374 106 21 ce'mot.
886 1371 55 26 Car,
957 1371 86 20 .est-ce
1069 1369 30 21 de

627 1411 26 16 sa
677 1405 71 25 faute,
773 1404 20 21 si
813 1404 71 20 notre
901 1407 61 22 pays
982 1402 37 20 est
1041 1401 58 21 dans

626 1437 24 21 le
671 1440 126 20 marasme,
821 1433 22 22 si
865 1433 23 21 la
907 1432 55 22 côte
984 1432 115 21 orientale

628 1468 37 20 est
684 1467 24 20 le
728 1466 75 27 règne
819 1465 31 20 de
866 1464 24 21 la
911 1463 98 21 malaria
1026 1464 25 20 et
1070 1462 30 21 de

627 1496 144 28 l’anophèle,
795 1495 21 21 si
832 1494 98 22 Sartène
948 1495 37 19 est
1005 1493 24 21 le
1048 1493 52 20 seul

629 1528 55 21 coin
696 1527 31 22 de
738 1527 90 21 France
837 1531 32 15 ou
879 1524 50 21 l’on
946 1530 31 15 ne
988 1524 54 21 voit
1057 1529 43 21 pas

629 1559 30 21 de
667 1558 97 22 chemin
775 1557 31 21 de
813 1555 44 27 fer,
866 1555 21 21 si
895 1554 131 22 Fraissinet
1039 1559 61 16 nous

629 1588 116 29 exploite,
757 1588 20 21 si
795 1587 86 26 depuis
897 1587 56 20 cent
970 1585 129 27 cinquante

630 1625 42 16 ans
687 1624 103 18 aucune,
798 1622 92 23 preuve
909 1616 31 21 de
955 1615 144 28 protection,

629 1649 226 24 d’assaissinement,
890 1652 92 16 aucune
992 1649 4 8 :
1010 1651 91 22 preuve

630 1681 30 21 de
668 1679 146 25 sollicitude,
822 1683 31 17 ne
859 1682 61 17 nous
929 1683 14 15 a
952 1676 38 22 été
998 1675 102 22 donnée.

631 1711 33 21 En
673 1709 101 29 jugeant
785 1708 61 22 ainsi
859 1713 33 16 on
903 1707 82 28 risque
997 1707 30 21 de
1046 1712 56 21 qua-

630 1742 62 21 lifier
702 1739 199 28 d’anti-française
908 1739 67 21 toute
991 1737 108 22 revendi-

631 1770 80 24 cation
727 1762 84 31 dorse.
830 1769 87 21 Allons
933 1768 61 22 donc
1001 1768 6 20 !
1027 1766 75 23 Notre

631 1803 85 21 devise
728 1808 13 15 a
751 1806 62 17 nous
831 1801 36 20 est
885 1799 77 22 Corse
984 1796 118 24 d’abord!

632 1833 55 26 Que
706 1832 112 22 d’aucuns
837 1830 88 25 disent,
935 1828 41 29 j’ai
985 1829 43 21 fait
1039 1829 29 20 de
1080 1829 22 20 la

631 1863 89 22 France
731 1868 39 16 ma
782 1861 113 28 religion,
907 1865 61 16 avec
975 1865 47 16 une
1038 1861 64 19 tran-

632 1892 94 30 quillité
734 1893 41 27 qui
794 1892 73 22 serait
876 1890 226 33 cynique-sansyme

632 1924 106 23 certaine
756 1922 121 25 niaiserie,
904 1917 67 25 vôiîâ
985 1919 118 28 "-qùi'est

632 1955 106 27 étrange.
747 1954 29 21 Et
781 1954 24 21 la
820 1952 76 22 Corsé
914 1951 169 22 malheureuse
1090 1951 12 21 ?

631 1998 29 4 —
665 1986 45 22 Tel
729 1987 37 19 est
784 1984 84 21 Pierru
885 1982 101 28 l’apôtre
998 1982 29 21 de
1038 1981 22 21 la
1066 1986 37 16 re-

632 2017 124 22 naissance
768 2015 83 25 Corse,
865 2014 40 27 qui
914 2013 60 21 àvèc
981 2019 32 15 un
1021 2017 82 16 coura-

632 2054 30 21 ge
679 2046 86 29 jamais
783 2044 72 26 lassé,
877 2044 109 27 poursuit
1009 2048 59 17 sans,
1077 2048 26 15 se

632 2078 104 25 rebuter,
766 2081 48 16 une
842 2080 85 16 oeuvre
951 2073 152 22 rénovatrice

632 2109 40 27 qui
680 2114 26 16 se
714 2108 91 24 heurte,
815 2106 32 22 ici
858 2105 14 22 à
884 2105 42 21 des
934 2103 127 29 prégugés,
1081 2103 21 21 là

632 2139 15 22 à
653 2144 48 16 une
724 2138 119 22 honteuse
863 2135 123 28 quiétude.
1011 2134 44 22 Tel
1066 2136 38 20 est

633 2170 93 25 Pierru,
737 2168 90 28 grande
835 2169 25 20 et
867 2167 63 21 forte
936 2166 79 27 figure
1022 2165 81 27 d’apô-

631 2202 45 24 tre,
690 2201 59 21 dont
763 2198 71 22 l’âme
847 2203 14 15 a
881 2196 38 22 été
935 2195 108 28 trempée
1060 2201 44 22 par

632 2232 36 21 les
679 2229 163 25 vicissitudes,
856 2230 24 19 et
892 2227 41 28 qui
948 2228 30 21 de
991 2233 38 15 ses
1049 2226 55 22 fric-

633 2262 65 22 tions
709 2266 61 16 avec
785 2260 36 21 les
841 2257 173 23 difficultés-de
1024 2257 86 22 l’exis-,

632 2294 72 20 tence
711 2297 15 15 a
737 2297 28 15 su
773 2290 59 22 tirer
843 2290 43 21 des
898 2288 204 28 enseignements,

633 2324 60 21 dont
704 2322 19 22 il
733 2323 58 19 veut
800 2320 59 22 faire
876 2319 100 28 profiter
987 2324 39 16 ses
1039 2323 64 17 com-

633 2354 123 27 patriotes..
768 2350 162 23 Entendez-le-
937 2356 14 14 «
959 2349 33 23 oh
1003 2351 102 21 neravit

634 2384 27 22 la
666 2382 93 24 liberté
771 2381 93 29 qu'etux
878 2380 68 22 âmes
964 2379 139 27 d'esclaves,

633 2415 124 22 L'homme
769 2413 46 27 qui
831 2413 58 20 veut
899 2410 53 23 être
965 2411 64 21 libre
1049 2410 55 23 l’est

634 2447 92 26 jusque
743 2444 64 21 dans
819 2448 39 16 ses
873 2442 110 21 chaines.
1000 2441 31 22 Le
1040 2442 65 28 pain

635 2477 30 21 de
671 2475 27 22 la
707 2473 90 23 liberté
805 2473 63 22 n'est
876 2474 49 27 pas
936 2478 49 16 une
997 2473 107 21 aumône

635 2507 46 28 qui
691 2512 27 16 se
730 2505 122 27 dispense,
864 2503 59 22 c'est
930 2509 35 15 un
976 2503 57 22 bien
1041 2503 64 21 ines-

635 2536 111 25 timable,
757 2540 48 23 que
811 2534 52 22 Von
865 2535 75 26 porte
951 2539 33 16 en
987 2534 49 25 soi,
1042 2533 63 21 dans

636 2568 26 21 la
680 2566 133 29 plénitude
834 2564 72 22 d’une
913 2564 77 27 fierté
1005 2564 62 22 dont
1080 2563 26 22 la

632 2597 134 29 grandeur
775 2601 32 17 ne
817 2601 27 16 se
852 2600 99 16 mesure
967 2595 58 27 pas.
1031 2601 14 15 7/
1065 2594 40 23 Un

636 2634 69 17 corse
717 2632 94 17 comme
822 2626 92 25 Pierru,
936 2624 62 23 n’est
1016 2630 42 22 pas
1076 2626 39 22 de.

636 2664 63 17 ceux
704 2659 41 26 qui
754 2663 26 16 se
787 2657 101 22 laissent
896 2656 117 21 attendrir
1019 2661 43 22 par
1070 2657 36 21 les

636 2689 124 27 comiques
770 2692 108 24 voyages
887 2686 30 22 de
926 2687 117 27 quelques
1053 2692 58 21 par-

635 2719 152 22 lementaires
799 2724 31 15 en
841 2717 86 22 malde
937 2717 125 26 tourisme,
1081 2718 31 20 ni-

637 2750 123 22 intimider
764 2749 110 27 parleurs
879 2748 108 21 discours
990 2748 116 28 cyniques

636 2783 58 19 —et
704 2780 16 21 ô
732 2779 121 28 paradoxe
858 2777 205 23 •!—sérvilemènt
1068 2785 39 20 ap-

636 2811 102 28 plaudis.
748 2810 22 22 Il
778 2810 47 22 sait
836 2809 92 26 Pierru,
941 2814 47 22 que
999 2809 23 22 le
1030 2809 78 21 remè-

637 2843 37 25 de,
688 2848 32 16 ne
724 2842 57 27 peut
792 2840 51 22 être
851 2839 80 23 donné
939 2846 44 21 par
995 2846 55 19 eux,
1060 2845 49 16 eux

638 2873 40 28 qui
697 2877 55 18 sont
771 2871 137 28 incapables
926 2870 30 22 de
972 2876 137 22 gouverner

636 2904 54 21 leur
698 2907 60 23 pays
776 2903 25 20 et
809 2902 109 21 donnent
935 2906 30 16 au
976 2901 88 21 monde
1077 2908 31 14 un

637 2935 69 20 triste
719 2935 24 19 et
764 2932 126 22 avilissant
906 2932 128 27 spectacle,
1050 2932 60 21 dont

638 2970 32 16 on
688 2964 68 21 rirait
775 2969 31 15 en
830 2963 30 21 de
887 2963 81 21 moins
987 2962 122 27 tragiques

638 2996 184 21 circonstances.

666 3023 63 21 Mais
740 3023 65 21 alors
816 3027 29 16 ce
853 3020 85 22 Pierru
948 3022 60 20 veut
1015 3020 94 22 l’Auto-

638 3054 83 21 nomie
727 3054 12 20 ?
748 3052 52 22 Oui
807 3054 24 19 et
843 3052 17 21 il
868 3057 31 16 va
904 3052 80 21 même
989 3051 55 27 plus
1048 3051 59 22 loin.

639 3083 27 22 Et
680 3086 56 20 tous
754 3083 29 21 de
804 3083 62 21 crier
880 3087 48 22 que
946 3082 24 21 la
985 3081 78 22 Corse
1079 3088 31 14 ne

638 3120 89 21 pourra
740 3113 86 28 jamais
842 3119 25 15 se
890 3117 138 22 gouverner
1043 3113 67 20 toute

639 3145 74 26 seule,
727 3148 47 23 que
790 3143 111 28 toujours
924 3144 24 20 et
968 3143 64 20 alors
1053 3142 57 21 bien

639 3176 140 26 davantage,
799 3175 46 20 elle
864 3179 55 16 sera
934 3174 24 20 la
967 3173 69 27 proie
1054 3178 57 16 sans

638 3205 99 22 défense
754 3203 42 22 dès
808 3204 103 21 factions
931 3205 25 20 et
970 3204 43 20 des
1037 3203 72 21 clans,

639 3237 41 26 qui
701 3235 87 21 s’entre
802 3233 162 22 déchireront.
983 3232 128 22 Chansons

640 3272 47 21 que
695 3267 52 20 tout
756 3265 58 20 cela.
824 3263 89 23 L’atuel
925 3262 57 25 état,
991 3263 29 21 de
1040 3262 71 22 chose

640 3295 166 28 empêche-t-il
813 3295 24 20 la
847 3295 60 20 lutte
923 3294 44 21 des
984 3295 73 24 clans,
1071 3299 41 15 ces

639 3328 74 20 luttes
722 3325 93 22 stériles
831 3325 41 27 qui
884 3323 174 28 n’engendrent
1065 3329 47 18 que

639 3358 24 20 la
673 3355 215 23 haine.Parcourez
895 3355 23 20 la
931 3353 77 23 Corse
1022 3360 30 14 au
1060 3359 59 16 mo-

640 3389 68 19 ment
721 3386 42 21 des
772 3385 116 21 élections
897 3386 25 19 et
935 3389 64 16 vous
1009 3389 84 15 verrez
1100 3384 13 20 ?

641 3417 81 21 Luttes
733 3416 134 24 intestines,
886 3415 71 20 luttes
977 3413 136 22 fratricides

642 3448 103 23 partout.
759 3445 165 27 Cr<qyez-voüs
931 3449 47 21 que
985 3443 52 21 cëla
1041 3443 73 21 serait

640 3478 61 26 pire,
715 3476 21 21 si
744 3477 24 19 la
777 3475 78 21 Corse
866 3474 60 21 était
941 3479 58 15 sous
1008 3479 32 14 un
1051 3472 63 28 régi-

641 3513 39 16 me
693 3507 31 20 de
740 3505 103 21 relative
860 3504 148 21 autonomie.
1025 3503 89 21 Allons

642 3537 71 21 donc.
727 3535 84 28 Voyez
827 3535 80 27 plutôt
922 3536 71 19 notre
1004 3533 108 25 histoire,

642 3566 133 27 Sampiero,
786 3562 109 27 Giafferi,
908 3563 137 25 Théodore,
1056 3563 58 21 Pas-

642 3597 37 20 cal
698 3595 77 22 Paoli.
796 3595 70 21 Vous
886 3600 32 15 ne
930 3594 60 21 citez
1012 3599 46 21 que
1079 3594 35 20 les

641 3627 73 20 luttes
723 3630 207 23 moyennageuses
938 3624 44 21 des
991 3623 122 26 Caporali.

645 3656 85 22 Certes
749 3661 31 15 on
796 3661 32 15 ne
847 3656 59 26 peut
917 3654 132 23 demander
1066 3659 50 15 aux

642 3686 111 21 hommes
762 3685 43 21 des
812 3684 102 22 sociétés
923 3683 98 25 idéales,
1027 3683 87 27 jamais

1115 97 223 24 troublées—Cela
1351 94 59 21 n’est
1427 97 42 21 pas
1487 88 100 23 humain

1115 142 25 4 —
1145 129 61 22 mais
1217 135 31 15 un
1261 128 48 21 état
1324 126 30 21 de
1371 124 86 21 choses
1476 120 111 22 meilleur

1115 165 44 22 que
1173 159 102 25 l’actuel,
1285 155 126 24 vraiment,
1433 156 84 22 croyez
1526 153 61 17 vous

1115 189 57 27 qu’il
1184 188 50 21 soit
1243 189 19 20 si
1273 185 97 24 difficile
1379 189 13 15 a
1402 181 114 22 réalisera

1122 212 6 3 ‘
1141 219 26 26 Je
1176 224 30 15 ne
1214 218 91 21 finirais
1318 220 41 23 pas
1367 213 30 21 de
1405 210 154 27 m'indigner,
1566 214 20 15 si

1115 251 19 20 la
1145 249 67 27 place
1224 254 29 15 ne
1262 244 127 29 manquait.

1132 280 26 21 Et
1167 279 57 21 c’est
1233 277 54 26 là,le
1297 274 53 24 coté
1356 272 108 24 moral,lc
1471 269 53 22 coté
1531 268 57 22 édu-

1115 312 82 19 cateur
1209 308 30 21 de
1249 314 27 15 ce
1288 308 69 22 livre,
1370 308 46 22 que
1425 302 30 20 de
1468 300 58 21 faire
1539 305 48 15 sui-

1115 341 38 28 gir
1161 340 60 20 dans
1228 338 91 27 l’esprit
1327 335 31 22 du
1364 334 98 22 lecteur,
1471 330 16 21 d
1495 330 93 21 innom-

1115 370 95 22 brables
1219 368 138 22 refléxions.
1371 363 35 21 Ce
1418 368 14 14 n
1442 363 37 19 est
1489 365 43 22 pas
1539 364 49 16 non

1116 401 53 27 plus
1189 405 46 15 son
1251 396 111 24 moindre
1377 391 93 25 mérite,
1492 395 46 22 que
1559 388 30 21 de

1116 436 61 16 nous
1190 429 80 22 forcer
1280 423 137 26 d’accorder
1432 423 70 19 notre
1514 421 75 20 atten-

1116 462 52 21 tion
1177 459 14 22 à
1200 459 87 21 d’aussi
1295 455 90 24 actuels
1396 451 146 29 problèmes,
1552 450 37 21 in-

1116 491 119 22 téressant
1243 490 30 21 de
1281 489 69 27 façon
1362 484 20 22 si
1393 483 89 21 directe
1489 481 9 21 1
1505 480 85 22 avenir

1117 522 30 21 de
1159 523 72 19 notre
1246 516 120 31 pays.--Un
1387 512 76 28 esprit
1477 515 112 18 nouveau

1118 557 94 16 comme
1230 556 62 16 nous
1311 548 92 30 l’ayons
1422 545 52 20 tant
1492 542 31 21 de
1543 540 47 22 fois

1118 581 116 26 constaté,
1248 582 37 19 est
1296 578 29 23 né
1337 574 30 24 èn
1377 574 84 22 Corse.
1478 572 41 26 Qu
1526 577 32 16 on
1567 571 23 21 le

1117 612 91 22 veuille
1219 617 34 16 ou
1263 615 57 19 non,
1333 608 38 21 cet
1387 605 75 28 esprit
1469 607 120 19 nouveau,

1118 641 128 28 s’inquiète
1255 640 70 21 d’une
1334 636 114 23 situation
1458 633 56 28 qu’il
1523 633 67 20 devi-

1119 679 29 15 ne
1155 678 55 15 sans
1220 672 72 21 issue.
1299 667 28 22 Et
1334 667 58 21 c’est
1399 665 29 36 lây
1432 671 32 15 un
1473 664 69 27 signe
1548 662 43 21 des

1117 704 88 26 temps,
1218 706 41 17 car
1263 698 86 29 jamais
1358 696 84 27 depuis
1451 693 42 22 dès
1501 690 90 24 années

1119 739 32 15 on
1167 731 91 23 n’avait
1275 735 29 15 eu
1321 729 23 20 la
1356 725 150 30 pénétration
1525 722 26 22 ni
1568 722 23 21 le

1119 769 104 22 courage
1229 773 29 5 —
1269 760 20 22 il
1297 765 31 15 en
1335 759 83 21 faut—
1429 757 30 20 de
1467 754 34 22 M.
1509 753 83 22 Dalze-

1120 796 24 20 to
1156 791 159 30 pour'mettre
1327 788 13 22 à
1349 789 57 27 jour
1416 788 33 20 ün
1461 783 131 24 semblable

1120 824 91 25 conflit,
1224 819 145 25 concrétiser
1380 816 89 24 d’aussi
1481 814 111 23 confuses

1120 855 108 22 notions.
1239 851 66 23 C’est
1312 849 149 22 maintenant
1468 846 74 22 chose
1550 844 44 21 fai-

1120 887 32 20 te.
1162 885 56 25 Que
1234 882 35 22 M.
1287 881 97 21 Dalzeto
1396 884 31 16 en
1447 877 48 23 soit
1505 879 89 18 remer-

1120 915 46 22 cié.
1187 914 25 22 Si
1244 918 39 16 ses
1302 913 78 20 autres
1404 909 75 22 livres
1498 906 97 21 avaient

1121 944 95 29 choqué
1224 951 31 14 en
1263 948 61 17 nous
1330 940 103 23 certaihs
1440 937 152 23 sentiments,

1122 976 95 22 celui-ci
1234 979 61 17 nous
1315 971 94 23 comble
1427 967 166 24 entièrement.

1121 1007 74 22 Voila
1202 1003 119 30 pourquoi
1328 1008 62 18 nous
1399 1000 133 23 voudrions
1541 996 55 22 voir

1122 1043 44 17 son
1175 1038 65 22 livre,
1251 1036 66 21 entre
1324 1034 35 21 les
1370 1032 78 23 mains
1458 1030 29 21 de
1496 1031 55 20 tous
1560 1028 36 21 les

1123 1069 103 21 Corses.:
1235 1066 126 25 Beaucoup
1370 1063 91 22 d’entre
1469 1065 49 16 eux
1523 1063 73 23 pour-

1122 1100 78 21 raient
1205 1104 32 16 en
1244 1098 60 21 tirer
1314 1093 130 30 profit.Car
1457 1092 19 21 il
1484 1091 50 21 met
1545 1088 13 22 à
1564 1094 33 15 nu

1123 1132 24 20 et
1157 1129 89 22 touche
1255 1134 30 16 au
1293 1126 101 26 vif,bien
1403 1125 43 20 des
1456 1122 86 21 choses
1550 1124 47 22 que

1123 1166 62 23 pour
1194 1166 31 15 ne
1236 1165 43 22 pas
1289 1159 35 21 les
1338 1156 70 23 avoir
1418 1152 132 28 comprises
1565 1154 32 17 on

1123 1191 66 22 avait
1191 1191 35 27 rej
1228 1189 65 22 etée's
1296 1188 45 22 dan
1343 1194 11 15 s
1356 1184 174 25 l’inconscient-.
1533 1181 21 22 C
1562 1182 36 20 est

1123 1223 23 21 la
1158 1222 82 21 raison
1255 1224 62 24 pour
1326 1217 110 29 laquelle,
1448 1219 62 17 nous
1521 1216 76 18 avons

1124 1251 93 24 discuté
1229 1258 21 15 si
1256 1249 161 33 Iqnguémènt
1428 1243 87 33 etyàns
1525 1244 77 21 doute.

1124 1280 217 26 fastidieusement,'
1369 1281 56 19 tous
1450 1276 36 21 lés
1506 1276 91 26 points.

1125 1312 127 29 Quoiqu’il
1264 1311 97 25 en;.spit,
1378 1309 85 21 disons
1473 1311 63 23 pour
1551 1307 48 19 ter-

1125 1345 87 25 miner,
1232 1349 51 22 que-
1296 1342 60 21 cette
1376 1336 222 31 tragédie-intime,

1125 1376 69 21 toute
1205 1373 162 23 cornélienne,
1378 1370 42 27 qui
1429 1370 49 20 met
1490 1373 48 16 aux
1551 1366 49 28 pri-

1126 1412 39 16 ses
1173 1411 33 16 un
1220 1400 174 26 Corsé'tiraillé
1406 1401 68 20 entre
1482 1398 68 21 deux
1566 1397 34 20 ci-

1126 1436 141 24 vilisations,
1286 1431 191 27 antinomiques^
1495 1431 38 18 est
1551 1427 49 28 poi-

1126 1469 97 27 gnante,
1231 1465 143 23 émouvante
1382 1464 24 19 et
1411 1460 81 29 pleine
1498 1459 43 22 des
1546 1459 54 27 plus

1127 1497 139 29 profitables
1277 1497 90 29 leçons,
1374 1498 66 22 pour
1450 1491 41 28 qui
1503 1490 45 21 sait
1555 1489 45 21 lire

1127 1531 24 20 et
1159 1529 39 22 n’a
1206 1534 44 21 pas
1262 1532 59 23 peur
1335 1526 30 21 de
1377 1522 167 29 comprendre.

1304 1585 5 4 -
1343 1572 94 23 Matteo
1450 1569 123 24 Cirnensi.

1150 1638 26 23 (1)
1185 1637 19 18 S.
1210 1637 74 18 Dalzeto
1293 1641 6 13 :
1308 1635 40 18 Une
1352 1634 80 22 Epoque,
1440 1631 123 21 Ponte-Novo,
1573 1635 29 14 ro-

1127 1668 43 13 man
1178 1667 62 14 corse.
1247 1662 11 17 1
1266 1661 42 19 voï-
1314 1660 19 18 di
1341 1659 34 19 212
1383 1664 18 17 p.
1410 1658 66 23 prezzù
1490 1657 49 22 6,80.
1555 1657 47 17 Lon-

1127 1689 40 23 gin,
1177 1688 81 20 Edîtore,
1272 1684 174 21 ilô;-rue'St-Manr,
1456 1683 58 18 Paris:
1517 1687 3 3 •
1532 1692 5 4 -

1155 1758 50 23 J’ai
1221 1757 29 22 lu
1264 1756 60 22 bien
1324 1758 5 12 1
1334 1755 46 22 des
1387 1753 102 27 poèmes
1496 1759 32 16 en
1542 1752 60 22 bien

1128 1793 46 21 des
1184 1792 107 25 langues
1297 1789 115 26 antiques
1424 1789 26 21 et
1459 1787 142 26 modernes;

1125 1825 90 28 j’en-ai
1224 1824 29 22 lu
1260 1825 52 24 péù
1318 1822 44 27 qui
1368 1821 83 23 soient
1460 1821 32 21 de
1502 1821 24 21 la
1524 1825 4 11 1
1533 1820 69 22 force

1128 1861 26 20 et
1174 1858 33 22 de
1217 1857 26 22 la
1262 1850 107 33 qüaMéf
1371 1855 32 22 de
1415 1860 42 16 ces
1476 1854 127 22 chansons

1128 1897 96 21 corses,
1233 1883 298 36 éelosèë'^jiontanémént
1539 1887 64 25 dans

1128 1926 46 22 des
1182 1924 172 24 villagesysur
1357 1923 50 22 des
1412 1922 83 24 lèvres
1498 1921 40 22 de-
1541 1921 62 22 fem-

1127 1965 54 16 mes
1187 1965 34 16 ou
1228 1958 32 21 de
1266 1957 103 26 bergers
1376 1955 115 23 illettrés.
1499 1956 38 21 La
1543 1954 47 27 poé
1596 1966 7 4 ¬

1128 1993 38 22 sie
1174 1985 147 34 purejdoilfc
1326 1996 35 15 on
1366 1996 16 15 a
1389 1989 131 26 beaucoup
1532 1988 71 27 parlé

1128 2028 41 20 cet
1176 2026 76 22 hiver
1256 2029 34 18 en
1302 2026 93 19 termes
1405 2021 164 28 alambiqués,
1578 2022 25 21 la

1128 2059 138 23 cherchant
1282 2064 32 15 en
1325 2057 45 24 dès
1380 2058 82 20 textes
1472 2055 131 23 laborieux

1128 2094 34 21 de
1178 2092 90 27 poètes
1287 2090 105 28 érudits,
1400 2090 26 22 la
1436 2089 76 28 voici,
1532 2091 71 20 toute

1129 2126 90 26 simple
1230 2127 25 20 et
1266 2126 69 21 toute
1345 2123 131 27 naturelle,
1498 2123 104 22 ardente

1128 2162 27 20 et
1161 2159 97 22 fraîche
1267 2158 15 22 à
1286 2158 27 22 la
1317 2157 58 28 fois,
1382 2163 96 16 comme
1483 2156 66 22 l’eau
1557 2156 46 23 des

1128 2193 128 22 fontaines
1267 2191 44 28 qui
1318 2187 101 26 coulent
1430 2197 60 16 sous
1495 2190 39 22 les
1542 2189 61 23 châ-

1128 2226 126 27 taigniers
1259 2231 92 21 corses,
1358 2225 64 22 dans
1429 2224 26 22 la
1462 2223 95 27 grande
1562 2223 41 22 lu-

1129 2260 79 22 mière
1217 2260 32 21 de
1261 2258 64 23 l’été.
1507 2275 42 8 .......

1348 2292 103 22 EMILE
1464 2291 128 23 RIPERT.

1130 2327 25 18 Le
1162 2326 51 18 Petit
1225 2326 109 19 Marseillais

1131 2391 33 23 Sô
1177 2392 92 21 surtiti
1277 2397 9 15 :

1282 2433 17 17 J.
1308 2432 23 22 Bÿ
1337 2431 122 19 MARCAGGI
1502 2445 70 8 ......

1130 2489 161 26 LAMENTI,
1301 2488 129 27 VOCERI,

1170 2521 171 23 CHANSONS
1342 2520 220 23 -POPULAIRES
1570 2518 12 28 >

1292 2553 39 32 d§J
1333 2554 27 22 la
1371 2554 76 22 Corse
1454 2556 5 9 ’

1131 2593 24 14 eu
1174 2593 12 13 a
1209 2588 118 22 traduzione;!
1338 2587 89 19 francese.
1445 2585 160 20 un’mtioduzione

1131 2615 62 21 sopr’a
1205 2614 64 21 poésie
1281 2612 88 23 pòp.ulare
1383 2617 53 14 corsa
1447 2617 11 13 e
1472 2612 24 18 26
1508 2611 68 24 paginé
1586 2613 19 17 di

1125 2637 84 20 Tnusica:
1272 2643 3 4 •
1288 2637 4 3 ’
1311 2641 22 12 "■

1196 2669 13 18 T
1215 2669 41 18 vol.
1265 2669 19 18 di
1291 2668 34 18 400
1332 2669 68 22 pagine
1404 2674 6 12 :
1433 2665 25 22 Ì5
1466 2667 73 20 franchi
1545 2668 3 9 :

1142 2694 105 21 Rómbaldi,
1257 2694 76 21 editôfe,
1343 2693 33 22 48,
1387 2693 43 19 Cors
1430 2693 13 18 il
1449 2694 108 23 Napulicme,
1568 2693 27 19 48

1291 2731 23 3 —
1321 2721 93 19 AIACCIU
1424 2732 23 3 —

1706 90 45 48 Ai
1769 89 116 47 nostri
1904 86 85 48 Eroi

1635 195 52 21 Dopu
1696 198 23 13 au
1726 192 52 18 Meru
1787 195 10 14 e
1806 196 11 12 a
1824 191 14 17 li
1846 189 80 19 frasteri.

1635 219 17 18 A
1660 223 31 13 me
1700 217 73 18 sembra
1780 215 89 18 naturale.

1635 244 22 17 Di
1664 243 57 18 rende
1729 242 13 17 li
1748 246 30 12 mo
1787 239 65 19 duveri

1635 269 22 17 ln
1665 268 77 18 dialettu
1749 265 77 19 nostrali

1635 294 17 17 A
1660 292 52 18 l’eroi
1719 291 20 18 di
1745 291 19 17 la
1772 294 66 19 guerra

1636 318 34 18 Chi
1676 317 72 22 partinu
1756 316 24 17 da
1788 316 28 16 sta
1828 315 55 16 terra.

1637 359 24 19 Sô
1669 359 32 23 qui
1710 357 42 19 tutti
1761 355 92 19 cuusulati

1636 384 47 18 Ritti
1692 384 20 17 in
1720 383 42 22 giru
1770 382 6 17 i
1785 380 38 19 cari
1831 379 67 23 spenti;

1636 410 23 17 Di
1664 414 12 13 a
1683 409 84 17 Cumuna
1772 411 11 13 e
1791 405 86 18 Cumitati

1637 434 20 18 Si
1662 433 114 18 dimostrenu
1784 430 89 19 cuntenti:

1637 459 81 22 Speremi
1727 456 87 19 cli’ormai
1824 455 92 22 passendu

1637 483 107 22 Prigaremu
1752 486 48 13 ancu
1807 479 100 23 pignendu.

1637 525 61 21 Gozzi,
1704 523 60 21 Garsi,
1774 522 91 20 Cruciaux,

1637 550 22 18 Li
1667 549 69 22 Fabrizj
1740 553 11 14 e
1759 548 14 18 li
1781 546 92 22 Guerrini,

1638 574 96 20 Salvarelli
1742 579 24 13 eu
1775 572 79 21 Soldani,

1638 600 77 18 Olivieri
1723 604 11 13 e
1742 599 14 17 li
1763 597 79 19 Mancini
1854 614 3 5 :
1864 595 39 27 J,...
2048 614 4 4 .

1638 623 27 20 Gù
1671 624 88 18 Gazelles,
1768 620 45 20 tiitti
1821 621 84 23 sguâltri,

1638 650 36 18 Uni
1682 649 33 22 più
1723 648 70 22 megliu
1800 651 22 13 ca
1829 645 62 19 l’altri.
2017 660 10 8 ...

1638 690 110 20 Occhiatana
1756 689 7 18 i
1772 689 73 22 piegne,
1854 687 54 17 fiera:
1929 690 4 3 '

1639 715 88 21 Orsolani,
1734 714 63 23 Biaggi
1805 712 74 19 eSiacci

1639 742 22 18 Ci
1669 740 109 20 difesenu.a’
1787 738 90 18 fruntiera

1639 765 72 23 Volpei,
1720 764 61 19 Giusti
1789 768 10 13 e
1805 761 113 21 Maestracci,

1639 790 96 20 Benedetti
1740 790 24 17 ed
1771 787 106 20 Ambrosini

1640 817 28 18 Cu
1676 815 56 19 Leoni
1740 819 11 14 e
1761 814 15 18 li
1785 813 74 19 Biasini.

1641 860 113 19 Gursichella
1761 858 109 20 addulurata
1923 874 5 4 .
1951 861 7 16 :
1968 875 5 2 .
1979 859 22 19 X.
2015 859 20 17 fi
2093 861 6 14 i

1641 885 120 24 Buciareghie
1769 885 7 17 i
1789 889 21 13 so
1816 882 73 24 figlioli.

1641 912 31 18 Ma
1679 912 18 18 si
1702 912 55 21 lagna
1764 910 25 18 l’è
1793 908 75 19 lasciata
1957 918 13 4 -
1985 917 40 5 —-
2070 914 7 4 '

1641 938 19 17 A
1665 937 60 18 steula
1732 936 30 18 dai
1771 933 113 23 campagnoli

1642 962 77 23 Indegni
1729 961 20 18 di
1757 960 25 19 sti
1790 964 45 19 gran
1846 958 55 18 morti

1643 988 34 17 Chi
1682 992 27 13 un
1716 986 15 18 li
1738 986 67 18 fecenu
1815 984 37 18 mai
1862 982 50 19 torti.

1642 1030 21 18 E’
1671 1030 71 17 furzata
1748 1032 12 13 a
1772 1026 85 19 bucciulà

1643 1056 31 20 Au
1681 1054 49 21 yèdè
1737 1054 7 17 i
1751 1051 102 20 lavuratori
1877 1063 56 5 ...
1938 1059 4 3 -
1997 1054 4 13 :

1644 1080 35 18 Chi
1686 1084 27 13 un
1720 1079 19 17 la
1746 1078 58 17 volnu
1812 1075 74 19 suminà

1633 1113 3 4 ■
1644 1104 69 19 Benchi
1720 1102 85 24 pagbibè
1808 1102 8 17 i
1824 1101 63 18 sudori

1644 1131 37 17 Per
1688 1129 46 18 andà
1741 1127 93 24 appress’a
1839 1124 108 24 l’impieghi,

1644 1155 29 18 Oh
1680 1155 5 18 !
1693 1155 16 17 li
1716 1150 91 22 seeîlerati
1813 1157 11 12 e
1831 1150 62 23 cieghi
1898 1149 5 19 !

1645 1189 65 26 Grazié
1723 1196 52 17 mille
1783 1199 12 13 a
1801 1193 82 19 l’oratori

1645 1223 24 17 Di
1674 1220 164 23 st’inaugurazione

1645 1246 125 22 hanvtpçcui
1778 1244 59 19 nostri
1845 1243 41 20 cori.
1886 1246 37 22 _,■>
1952 1260 5 8 ,

1645 1273 16 18 E
1669 1273 93 21 strappatu
1770 1269 113 19 l’emozione.

1646 1297 71 19 Ch’ellu
1728 1297 7 17 i
1742 1293 85 25 paghilu
1840 1294 77 22 Signore

1647 1323 99 18 Cunforme
1754 1326 12 13 a
1775 1321 20 18 lu
1801 1324 21 14 so
1829 1320 70 17 valore.

1647 1364 73 19 Evviva
1731 1364 22 18 lu
1760 1363 65 18 nostru
1832 1361 53 18 Meru

1647 1390 35 18 Chi
1690 1389 104 19 s’accinsea
1802 1387 36 18 taie
1847 1384 91 24 impresa!

1639 1427 4 2 -
1648 1415 42 18 Ellu
1695 1414 17 19 si
1719 1414 55 18 ch’ha
1781 1418 14 12 u
1802 1412 53 18 eultu
1862 1415 48 14 veru
1928 1412 4 7 ;
1939 1417 3 3 •

1647 1441 37 17 Per
1691 1439 58 22 l’eroi,
1759 1443 12 14 e
1783 1442 26 14 un
1817 1437 70 23 guarda
1891 1440 59 18 spesa.

1648 1465 80 21 Paisani,
1737 1464 52 18 femu
1801 1462 56 19 onoré

1648 1492 17 17 A
1673 1496 11 13 e
1692 1494 96 19 prumesse
1792 1489 31 17 d’u
1830 1488 71 18 so’core
1907 1486 10 19 f

1648 1534 18 18 A
1673 1533 84 18 l’Aucatii
1768 1531 115 20 -Colombani,

1649 1558 117 23 Cunsiglieru
1770 1556 92 24 generale,

1648 1585 59 17 Demu
1715 1582 43 19 tutti
1766 1587 27 12 un
1801 1580 119 19 sciâccamani

1649 1609 34 18 Chi
1692 1609 89 17 è-oratore
1789 1606 116 23 sexiz’eguale

1648 1635 22 17 In
1678 1634 75 18 detutta
1759 1633 20 18 la
1787 1632 78 23 Balagna

1648 1659 16 18 E
1672 1659 92 18 forse’ndu
1775 1658 19 18 la
1801 1658 107 21 muntagria.
1955 1674 3 3 .
1972 1671 3 3 .
1985 1658 4 3 '
2002 1675 4 3 .
2025 1657 16 4 "

1650 1701 156 20 Ch’ell’ew.ivUu
1813 1699 79 18 Cantore

1649 1727 83 18 Maitrale
1737 1726 20 18 di
1761 1725 93 22 Pumonti,

1649 1752 30 18 Un
1687 1756 58 18 pezzu
1751 1752 33 17 d’u
1791 1752 65 17 nostru
1863 1754 43 14 eore

1650 1778 55 18 Porta
1712 1778 23 18 da
1742 1777 21 18 lu
1771 1777 36 22 quà
1814 1776 25 17 d’i
1846 1775 64 19 monti:

1650 1803 71 18 Diciarà
1736 1802 30 18 chi
1774 1801 92 18 alibertai

1651 1828 34 22 Qui
1691 1829 71 17 s’onora
1771 1827 31 22 più
1811 1826 34 19 che
1852 1826 48 18 -mai.

1650 1870 73 19 Evviva
1728 1870 20 18 lu
1756 1867 129 25 grand’aftistu

1651 1895 33 19 Chi
1690 1896 43 17 n’ba
1741 1895 46 17 fattu
1795 1899 13 13 u
1817 1895 120 17 monumentu
1944 1898 5 16 ;
1999 1899 7 4 '
2017 1911 4 4 .

1652 1920 36 19 Per
1696 1921 55 17 ell’un
1761 1920 40 18 sarà
1807 1920 36 17 mai
1852 1919 55 18 tristu

1653 1946 94 19 L’avenire
1754 1945 30 17 chi
1794 1945 24 18 ha
1826 1950 12 12 u
1845 1945 76 17 taleutu:

1652 1970 65 19 GhiaUï
1726 1970 73 23 moglia,
1809 1970 98 23 figliulella

1653 1996 36 21 Zie,
1700 1996 74 18 surell’e
1787 1995 111 19 Mamarella!

1652 2039 48 18 Lode
1711 2043 11 13 e
1731 2042 56 14 onore
1792 2042 10 14 a
1809 2043 11 12 a
1828 2041 23 14 so
1858 2036 82 23 îamiglia

1651 2064 33 18 Chi
1693 2064 16 18 si
1718 2064 69 23 guarde
1794 2063 24 18 da
1826 2068 10 12 a
1845 2063 83 19 fierezza,

1651 2090 29 18 Ma
1688 2089 93 23 c’insegna
1788 2093 11 13 a
1809 2088 109 22 maraviglia

1651 2115 25 19 La
1684 2115 60 18 strada
1751 2114 19 17 di
1778 2114 18 18 la
1806 2113 93 19 ricchezza
1907 2113 4 17 !

1652 2140 59 23 Oghie
1717 2140 67 23 pagine
1792 2139 19 18 di
1820 2139 59 23 gloria

1652 2165 39 19 Ella
1696 2165 61 19 scrive
1763 2170 25 13 nu
1797 2165 18 17 la
1826 2164 64 18 storia.

1652 2210 14 18 E
1675 2210 30 19 voi
1717 2211 17 17 al
1735 2210 30 20 tri,
1775 2209 109 23 giuvanotti,

1653 2235 72 19 Sbrullà
1734 2235 37 18 fate
1780 2235 47 18 cauti
1836 2238 11 14 e
1856 2234 47 18 soni!

1652 2261 49 18 Tutti
1710 2261 5 17 i
1725 2260 40 18 veri
1775 2260 80 22 patriotti

1652 2285 106 19 Cautemuli
1769 2284 127 21 nostr’umoni,

1652 2311 65 19 Perchi
1729 2311 21 18 sò
1761 2311 33 22 più
1802 2310 75 23 gloriosi

1653 2336 112 18 Cal’antichi
1774 2336 34 22 più
1816 2335 72 19 famosi.

1910 2374 64 19 Prete
1984 2373 95 19 TITTU.

1654 2415 114 22 Occhiatana,
1778 2416 22 17 Il
1811 2414 58 24 lûgliu
1878 2414 59 21 i926,
1946 2414 78 23 gkiornu
2034 2413 70 19 d’ihau-

1629 2441 96 23 gurazione
1732 2441 21 18 di
1759 2446 14 13 u
1785 2441 113 17 monumentu
1905 2439 26 18 d'i
1938 2439 62 19 caduli
2006 2439 19 18 in
2029 2443 73 19 guerra.

1765 2519 194 28 "■Àvviëij;
1973 2523 14 30 j

1658 2594 39 21 Da
1704 2600 18 15 u
1731 2593 32 21 15
1774 2593 93 26 Lugliu
1874 2599 17 15 a
1899 2599 17 15 u
1925 2592 31 22 15
1970 2591 133 24 Sittembre

1630 2621 25 22 A
1668 2621 121 23 MUVRA
1802 2628 36 15 un
1850 2623 68 20 sorte
1932 2627 30 16 ca
1973 2620 49 22 du©
2035 2620 68 25 yolte

1630 2657 18 15 u
1658 2656 78 16 mese»

1659 2683 207 22 L’âbbunamenti
1870 2684 94 20 sarahu
1967 2681 136 27 prülunga-

1630 2711 23 22 ti
1664 2711 28 22 di
1700 2713 102 24 quattru
1814 2711 140 21 settimàne.

1281 2819 36 31 A
1334 2820 25 30 P
1359 2820 142 32 ALMA
1518 2821 49 30 DI
1585 2821 34 30 U
1637 2819 319 31 CENTUNARIU

1342 3663 37 13 loto.
1385 3663 58 12 Tomasi

1490 3684 77 22 Parla
1585 3686 79 22 Petru
1673 3687 83 22 Rocca

2248 71 213 34 A’Riventosa

2237 149 238 53 NOZZE

2137 240 78 21 Ghiovi
2224 246 87 17 scoisu,
2321 247 14 13 u
2344 241 86 24 paisolu
2444 248 21 20 di
2474 251 23 22 R;

2113 276 23 13 sa
2149 275 36 14 era
2204 268 23 19 in
2241 267 64 20 festa.
2323 268 19 20 A
2355 271 99 23 graziosa
2467 284 11 13 e
2492 262 60 36 J6*1!0-

2113 296 66 21 Maria
2188 295 117 22 Sinibaldi,
2321 296 76 21 artista
2409 305 99 24 amatrice
2517 293 27 38 H-**
2544 305 8 13 6

2114 324 80 20 Teatru
2211 323 79 23 Corsu,
2299 322 56 21 facia
2370 330 15 13 u
2399 332 25 14 so
2439 335 58 20 niatri
2542 331 9 15 11

2113 359 26 14 cu
2148 359 14 13 u
2171 351 46 20 sciò
2226 350 123 24 Ottaviani,
2359 357 100 20 sergente
2467 344 84 40 n,ani0.t!‘tt

2113 380 22 20 di
2143 386 13 13 a
2165 378 119 22 culuniale,
2294 377 70 21 bravu
2377 386 13 13 e
2407 383 85 26 stimatu
2499 372 52 28 8^°rt

2113 410 69 20 nottu,
2192 408 84 18 restatu
2286 411 65 14 corsu
2360 406 23 20 in
2396 408 28 21 de
2433 399 119 41 l’animf'11^'

2113 437 67 26 gradu
2190 436 7 20 î
2206 436 55 20 dece
2269 435 54 20 anni
2331 439 82 22 passati
2425 441 53 24 fora.

2139 465 17 20 U
2167 464 55 22 celu,
2232 467 115 16 amantatu
2356 470 13 14 e
2379 466 129 31 minaccioSü
2515 481 5 5 ■
2528 484 4 5 •

2113 493 24 21 ni
2152 491 82 24 avanti,
2261 490 98 21 bulendu
2383 495 105 26 anch’ellu
2515 488 39 33 1J°.r'

2113 524 61 22 parte
2181 526 13 14 a
2202 518 118 21 l’armunia
2328 518 22 20 di
2359 521 47 20 cusi
2421 523 55 24 bella

2113 548 69 26 purgò
2190 553 67 14 cume
2269 552 31 14 un
2318 552 49 15 oru.
2383 548 65 26 Dipoi
2459 539 63 40 ana*
2521 544 16 18 3'
2542 551 13 15 8'

2114 577 87 20 ciccona
2210 580 93 15 cascava
2312 574 61 21 linda
2386 576 60 23 linda
2458 582 26 21 da
2547 579 9 14 a

2114 604 72 25 panile
2194 609 14 14 e
2216 602 23 20 bi
2250 601 117 21 trimulava
2384 603 23 21 in
2422 612 65 19 pettu.

2114 632 23 19 di
2151 638 13 13 e
2178 637 25 13 so
2217 634 35 15 tre
2265 632 54 17 note
2332 629 61 22 lente
2409 628 147 35 piglïatu'à***

2114 658 64 21 sóffiu
2196 657 98 25 leggiere
2311 656 19 20 si
2352 664 28 13 ne
2398 661 82 29 cullaya
2495 653 62 35 n/U?

2115 689 81 26 quassù
2208 688 23 20 in
2246 687 22 21 le
2282 687 85 21 conche
2383 681 174 40 dimonteC3^

2115 718 102 20 duv’omu
2226 722 14 14 e
2248 714 73 21 sentia
2330 722 70 15 more.
2518 709 39 23 ar(^ü

2140 746 18 20 A
2166 750 74 19 sposa,
2247 742 57 21 bellà
2314 749 13 14 e
2340 743 115 27 simpatica
2469 752 55 25 d’abit
2536 764 15 12 A-

2117 781 34 16 ne,
2159 771 159 23 risembrava,a
2328 778 14 13 u
2351 771 82 23 sbuccà
2440 776 22 21 di
2470 785 13 14 u
2493 789 22 14 so
2524 767 34 18 Üd’‘

2115 801 84 22 tihu,“à
2211 805 46 14 una
2271 797 112 22 madonnâ
2398 800 23 21 in
2434 805 47 22 velu
2491 794 66 38 biaPUn'

2118 830 18 20 U
2150 835 29 16 so.
2191 828 48 20 risu
2256 826 97 20 abituale
2369 827 56 22 s’era
2443 822 112 39 cambiat1^'

2117 863 65 14 tnane
2189 855 24 20 in
2227 860 46 15 una
2282 854 63 20 dolce
2353 855 91 23 tristizia
2452 856 103 35 marcata/

2117 892 13 13 e
2137 884 90 21 lacrime
2235 882 118 21 silenziose
2361 883 22 20 di
2397 891 13 13 a
2418 889 102 27 staccanza
2538 877 17 39 ï

2118 912 105 21 mèttianu
2240 917 13 13 a
2268 917 15 13 u
2297 914 105 21 scupartu
2419 919 16 14 u
2448 921 24 15 so
2479 918 36 25 bon
2521 912 5 8 ’

2117 941 22 20 di
2148 939 81 26 figlîola
2238 945 13 13 e
2259 938 83 20 surella
2351 944 96 18 amante.
2522 933 31 18 C°re

2142 968 19 20 A
2168 973 54 20 gran
2232 966 54 20 folia
2294 966 24 20 di
2331 966 110 23 l’imbitati
2454 971 23 21 fù
2490 981 11 15 a
2508 985 10 11 n

2118 995 102 22 évidente
2227 995 24 19 di
2257 1000 13 14 a
2280 994 182 24 cunsiderazione
2470 989 81 39 edii»a°V.a

2119 1023 54 22 cizie
2181 1021 114 22 numérosi
2305 1019 44 23 cfiiJ
2358 1029 13 13 e
2379 1023 137 31 duefariiiglfe
2520 1017 32 41 J'

2119 1056 35 17 ate
2174 1050 128 26 pussedenu
2325 1050 23 20 in
2370 1055 101 20 cantone.
2494 1059 31 24 p;^
2539 1048 14 37 ^

2120 1080 119 25 cinquanta
2248 1077 74 26 coppi,
2335 1084 67 15 senza
2415 1084 64 19 cuntà
2486 1085 6 20 i
2504 1094 27 17 Vec
2539 1095 14 14 v

2119 1108 28 20 ei
2156 1106 84 22 zittelli.
2250 1105 140 21 s’infìlàronu
2399 1105 74 26 daretu
2481 1119 11 14 a
2504 1100 36 40 jSl)C
2550 1125 5 5 .

2120 1136 23 20 in
2152 1135 21 21 la
2177 1133 117 26 chiàppata
2303 1133 36 21 chi
2346 1135 112 22 cunducce
2466 1140 41 23 dau
2513 1128 42 42 corT

2120 1163 92 21 a’chiesa
2233 1162 24 21 di
2278 1161 151 27 Sant’Autqne
2444 1167 88 27 adornata
2547 1158 9 14 U

2122 1191 72 21 fiurita
2203 1191 22 20 in
2235 1197 27 13 su
2268 1190 76 25 jornu.
2550 1186 6 12 e

2145 1220 19 20 A
2172 1225 72 15 messa
2252 1218 102 22 sulenne,
2364 1218 108 24 celebratà
2476 1224 24 21 da
2507 1233 12 15 u
2524 1236 34 17 no$-

2114 1264 4 5 .
2121 1247 115 23 trtL'atnicu
2247 1246 73 25 Prqte,
2437 1266 3 4 ,
2443 1255 45 23 cuiy
2490 1258 64 23 .^Um

2122 1277 147 24 pagnamente
2283 1273 115 26 dbrganu,
2412 1276 15 19 è
2440 1281 50 18 stata
2497 1274 62 35 cantatà

2122 1304 27 20 da
2158 1310 13 14 a
2178 1301 75 22 corâle
2266 1301 160 26 Riventusana,
2440 1306 119 29 artistaniente

2122 1329 149 28 patfuriizzâta
2288 1329 29 20 da
2333 1329 105 23 Juvannâ
2457 1333 55 24 Viola
2524 1339 17 21 di
2551 1350 8 13 u

2124 1360 81 21 Teatru
2214 1359 79 20 Corsu.
2309 1377 4 4 .

2148 1388 33 21 Un
2198 1387 112 20 discorsu.
2315 1386 146 27 incantevule,
2477 1391 55 24 pienu
2546 1399 13 20 di

2123 1423 23 14 sa
2149 1422 53 19 pore
2209 1415 14 20 é
2238 1415 22 20 di
2277 1413 50 22 fede
2341 1415 104 22 cristiana
2460 1417 22 21 fù
2489 1419 44 24 fattu
2542 1427 17 20 ai

2123 1444 58 27 sposi
2197 1444 27 20 da
2243 1443 65 21 Prete
2325 1442 101 22 Mariani:
2443 1445 39 21 Chi
2496 1455 62 19 peccatu

2124 1473 76 21 ch’ellu
2206 1479 32 14 un
2243 1472 33 20 sia
2281 1474 57 18 statu
2344 1471 57 21 fattu
2406 1472 25 21 in
2437 1475 65 20 corsu!
2508 1477 43 24 Tutti
2554 1483 4 19 i

2124 1500 83 27 paisani
2216 1498 121 23 l’averiariu
2346 1500 74 25 capitu
2433 1503 73 24 megliu
2514 1505 5 14 »

2148 1529 66 25 Dopu
2223 1536 13 12 e
2245 1528 133 24 ceremonie,
2387 1535 56 18 gran
2456 1530 102 28 bisbigHuin

2125 1564 49 15 casa
2182 1557 23 20 di
2217 1564 14 13 a
2248 1556 108 26 spusatah
2363 1556 133 25 Figuremuci
2503 1567 24 15 un
2537 1570 21 18 po-

2125 1593 26 14 eu
2162 1586 32 21 !...
2203 1592 31 13 un
2244 1591 84 19 pranzu
2337 1586 139 24 spusarecciu
2488 1594 70 19 cuncen.

2125 1617 23 18 tü
2165 1614 121 25 cinquante
2305 1614 97 24 pefsóne
2414 1613 6 20 !
2441 1613 16 21 E
2478 1621 79 23 purtantu,

2125 1646 56 18 tuttû
2194 1642 60 20 andò
2267 1641 48 20 cusi
2329 1641 29 20 bè
2364 1641 6 20 !
2384 1642 20 19 A
2415 1641 92 27 distinta,
2513 1636 44 36 corsai

2126 1672 27 20 da
2167 1677 14 14 u
2196 1670 96 25 prisuttu
2306 1675 14 14 a
2339 1675 16 15 e
2369 1668 86 30 frjtelle,
2471 1677 46 16 veru
2525 1681 31 20 capu

2127 1700 88 25 d’opera
2232 1697 116 24 culinaria,
2358 1698 13 19 è
2387 1701 56 17 stata
2465 1699 71 23 obedita
2544 1704 12 21 in

2127 1731 67 22 puntu
2203 1729 14 18 è
2224 1725 96 26 birgula;
2327 1725 59 26 Ogni
2396 1725 51 21 cósa
2458 1727 13 20 è
2481 1727 76 28 benuta.e

2126 1762 13 14 a
2147 1761 48 18 u.so
2204 1759 77 20 tempu
2291 1753 6 21 !
2303 1753 21 23 .U
2333 1753 84 24 meritu;
2422 1754 108 27 principale
2533 1762 25 18 toc-

2127 1791 25 14 ca
2160 1791 13 13 a
2178 1790 15 14 u
2202 1786 79 17 nostru
2295 1782 103 20 amicone
2411 1782 119 26 Paraquinu,
2539 1787 19 20 ebi

2127 1819 42 14 cun
2178 1811 79 21 ordine
2266 1809 95 26 parfettu
2370 1810 47 21 fece
2433 1811 86 22 marchià
2525 1817 33 18 tutto

2128 1840 85 21 l’affare.

2153 1869 62 25 Dopu
2231 1873 93 19 pranzu,
2338 1866 88 25 qualchi
2439 1871 60 17 cantu
2512 1868 17 21 in
2537 1869 23 21 lie-

2128 1903 41 19 gua
2191 1896 109 20 francese.
2315 1893 19 22 À
2350 1900 54 15 voce
2414 1895 24 20 di
2454 1898 67 18 tenore
2529 1897 17 20 di
2553 1905 7 13 c

2128 1923 152 22 scioTristani
2294 1923 24 20 di
2332 1922 73 21 Bastia
2419 1922 28 21 ha
2461 1923 99 23 ricevutuci

2129 1953 77 21 meritu
2215 1951 102 26 applausi
2326 1957 13 14 e
2356 1950 143 25 feliçitazioni.
2513 1952 47 22 Eccuti

2129 1989 13 13 u
2151 1985 65 17 turnu
2225 1980 24 21 di
2259 1987 13 13 u
2282 1986 52 14 caru
2343 1979 92 21 dialettu
2444 1986 66 14 corsu.
2519 1980 41 21 Gbit-

2130 2009 65 21 vanni
2205 2008 103 23 Olivieri,
2318 2012 64 16 canta
2391 2007 26 20 ai
2427 2008 77 25 spusati
2511 2010 49 24 auguri

2129 2037 57 26 pieni
2195 2037 23 20 di
2227 2036 136 21 sentimentu
2372 2043 14 13 e
2397 2035 21 21 di
2428 2036 44 21 sale
2480 2040 80 17 nustranu.

2131 2064 116 22 Parecchie
2261 2064 92 22 lacrime
2365 2064 137 21 annebbianu
2512 2065 48 20 J’occÈi

2129 2094 21 21 di
2160 2093 110 21 l’imbitati
2280 2093 26 20 ed
2316 2093 45 20 ellu
2376 2097 72 16 stessu
2465 2093 95 20 cantendus

2129 2128 50 15 core
2187 2126 121 21 apparente
2326 2121 140 25 trimuleghia
2479 2121 80 20 d’emozic-

2130 2157 34 15 ne.
2172 2150 17 21 U
2202 2149 173 26 Sampetracciu,
2384 2155 80 15 mancu
2476 2148 36 21 che
2523 2148 36 21 malt,

2130 2179 97 20 imbitatu
2238 2185 27 14 eu
2274 2182 56 17 tutta
2337 2184 13 14 a
2364 2184 25 14 so
2399 2176 160 27 cumpagnia.suri

2129 2206 22 22 di
2164 2214 13 14 e
2190 2213 26 14 so
2230 2206 109 21 abitudîni
2349 2205 106 26 parlendu
2464 2210 94 21 prosa;mi

2130 2235 83 25 praticu
2222 2235 24 20 in
2255 2238 36 17 stu
2302 2240 82 20 genere
2401 2234 18 20 si
2433 2240 27 14 ne
2476 2233 37 20 tirô
2519 2238 39 19 qua:-

2129 2268 83 21 tunque
2221 2263 131 21 benissiniu.

2155 2292 7 20 I
2178 2292 60 20 canti
2257 2291 107 21 averianu
2376 2291 79 20 duratu
2470 2289 49 21 fin’à’
2529 2294 28 14 sert

2129 2320 81 20 s’eü’un
2225 2326 77 14 eramu
2318 2319 82 21 entrati
2414 2319 24 20 di
2449 2315 108 24 frombuioL'

2129 2349 45 20 sala
2199 2348 147 21 ad’annunzià
2372 2347 36 21 chi
2436 2354 13 14 u
2474 2343 80 26 sulaggE

2130 2380 144 22 quantunque
2283 2376 131 26 puntellatu,
2429 2373 114 23 minacciaya
2548 2370 9 20 l

2129 2404 129 26 sprufuhdà.
2281 2404 81 23 Allora,
2375 2405 5 3 '
2387 2401 126 24 camhiëndu
2527 2400 31 20 lotu

2128 2433 79 21 s’arma
2214 2440 34 13 un
2260 2433 61 20 baîlu
2329 2432 36 21 chi
2374 2435 31 17 mi
2414 2432 29 20 bà
2450 2438 14 13 a
2470 2429 65 22 finisce
2539 2426 19 21 che

2128 2463 14 19 à
2157 2461 57 22 duie-
2224 2468 43 20 qrç
2283 2461 59 25 dopu
2357 2458 83 23 mezza'
2445 2461 63 19 nótte.
2521 2456 37 20 Fecic

2123 2489 106 27 -ançh’eiu
2239 2489 90 22 qualchi
2341 2489 59 21 saltu
2405 2484 118 27 Atqualcbi
2534 2487 25 16 s»

2122 2516 89 22 iîScêirà
2216 2511 318 36 NuriS:Brunetîa^grâssifitiola
2542 2515 16 14 CE

2129 2544 37 22 mi.
2182 2545 114 22 dumandô
2304 2564 5 3 .
2319 2544 116 26 quant’eia
2462 2541 97 23 aviavanni.

2129 2573 232 25 Quand’eirha.intesu
2370 2573 41 20 che
2428 2578 37 17 ne,
2469 2568 90 24 avia.treDt:

2129 2601 39 23 sei,
2174 2601 48 21 fecé
2230 2602 50 20 üna‘
2284 2601 80 21 strinfa
2371 2601 24 20 di
2403 2600 78 21 labBfë
2488 2604 15 14 e
2514 2594 45 30 <ÜPP°;

2129 2634 30 16 un
2168 2629 62 21 boisé
2244 2629 39 26 più
2296 2629 60 22 bâHà
2370 2636 41 13 eu.
2413 2629 44 23 mè,
2471 2623 88 24 dicendu®

2128 2657 119 27 ch’ejl’avia
2255 2657 169 27 prume§sûv.'....
2435 2652 90 31 ç-.eh’ellâ
2533 2652 26 18 avu

2128 2693 169 18 prumessu......
2303 2686 6 20 !
2455 2706 23 5 ...
2500 2704 4 4 .
2522 2703 15 8 ...

2131 2721 5 4 -
2150 2708 14 26 I
2170 2714 60 25 sposi
2240 2716 84 19 manctf
2334 2713 42 21 ché
2389 2711 98 24 malë/'a.
2497 2708 62 21 s’avia®

2128 2742 106 21 âllisciata
2242 2749 66 15 senza
2318 2742 21 21 fà
2347 2742 65 23 trusti
2415 2739 46 27 .pér
2469 2737 49 23 andà
2524 2741 10 14 a
2539 2736 20 16 cir-

2128 2771 26 19 cà
2169 2777 13 13 a
2199 2770 79 21 luna...
2295 2771 24 20 di
2336 2770 64 24 mele.
2411 2770 6 20 !
2439 2763 119 35 Devpn’esseJ

2128 2797 86 26 ghiòrni
2223 2799 41 24 pér
2271 2796 124 28 ghiuhgbie
2401 2804 6 18 ;
2416 2802 38 16 ma
2461 2792 56 23 simai
2526 2790 32 19 elh-

2129 2826 18 20 si
2161 2826 155 26 düriëghianu,
2332 2827 15 20 !?
2366 2825 118 26 preghému
2494 2820 22 21 di
2527 2821 16 16 tu
2552 2818 6 29 Ç

2129 2857 50 18 coré
2187 2855 66 26 lohgà
2263 2855 54 24 vita,
2326 2860 54 21 pace
2388 2860 14 14 e
2410 2853 70 21 salute
2484 2851 6 20 !
2502 2848 15 21 E
2522 2848 31 24 pu®

2129 2882 61 21 ell’ha
2203 2883 62 21 dettu
2273 2883 107 21 Jannettu
2390 2882 23 19 in
2421 2881 25 20 lu
2455 2885 25 15 so
2486 2875 72 22 discorsft

2128 2910 16 20 li
2152 2910 70 26 ripetu
2231 2918 15 14 a
2253 2911 21 21 si
2283 2911 45 21 càri
2337 2910 70 26 sposi:
2415 2914 14 11 «
2435 2908 33 21 Cu
2475 2909 30 18 ste
2514 2903 44 20 treco-

2129 2944 32 15 se:
2169 2939 67 25 longa
2244 2940 53 23 vita,
2305 2945 56 19 pace
2369 2945 13 14 e
2391 2937 79 22 éalute,
2478 2939 27 18 tm

2128 2970 22 19 tà
2161 2968 18 20 si
2188 2974 28 14 ne
2223 2974 60 17 ven.e
2288 2968 30 20 da
2326 2973 40 20 per
2374 2966 45 21 ellu
2429 2966 7 20 !
2448 2972 11 12 »

2139 2995 11 4 "
2246 2992 22 17 'f
2278 3004 3 3 -
2374 2996 16 3 '■
2473 2996 71 25 Alfore.

2143 3051 59 18 (Legliie
2206 3051 62 14 in.terza
2275 3051 56 18 pagine
2337 3051 10 14 à
2351 3050 52 19 poesia
2407 3049 17 14 di
2428 3049 62 17 .Jnvanm

2228 3109 26 26 À
2262 3112 78 24 Tërza
2351 3106 145 30 Merincleila

2252 3655 31 16 Un
2293 3657 72 18 griippu
2374 3653 92 21 simpaiic*
2463 3654 9 10 1
2544 3657 13 16 ÿt

2144 3680 78 22 Maùtrale,
2231 3686 62 17 signora
2299 3686 53 16 Bocca,
2361 3684 42 18 prêta
2408 3675 87 22 Petrig®8^’

2128 3707 44 14 riani.
2220 3708 42 15 (loto.
2271 3708 70 15 Muera).

2518 3620 18 23 P
2543 3616 14 23 î-
2555 3616 4 18 1
