2557 3873
38 125 61 49 gtie
119 106 85 50 veuf
220 103 37 45 îa
275 101 116 47 Corse
409 100 20 47 ?

136 205 82 29 (Suite
229 204 23 20 et
258 202 52 28 fin)

81 264 62 31 point
162 260 30 21 de
209 265 47 15 vue
276 258 141 24 individuel,
434 258 22 20 la

77 280 86 46 galion
183 292 57 22 telle
252 291 71 27 qu’on
346 291 23 21 la
383 290 74 27 prati-

19 314 48 29 ***
77 333 36 24 -eSt
135 332 42 23 pas
196 325 80 22 moins
291 324 95 21 nocive.
401 323 54 27 Car,

20 353 32 23 ûue
74 379 13 14 n
93 361 51 28 tend
152 360 29 21 de
193 359 54 27 plus
256 364 29 15 en
298 358 53 26 plus
364 356 13 23 à
388 363 69 22 pren-

18 381 57 27 ds*
120 396 23 21 je
160 394 43 19 ton
217 392 30 21 de
266 392 22 20 la
303 391 101 27 capitale
416 391 40 26 qui

20 419 32 25 dre-
67 414 53 44 mjJe
130 428 24 20 et
169 424 14 22 à
194 423 135 22 l’influence
341 423 30 21 de
382 423 41 27 qui
440 424 16 21 il

18 453 17 21 le
44 452 11 13 °
143 459 65 21 force
229 455 150 29 d’échapper.
399 456 58 22 Cela

19 485 29 21 112
53 506 24 20 du
90 489 51 35 'plus
152 490 137 28 déplorable
309 489 57 22 effet
383 496 42 16 sur
435 491 21 20 la

20 514 127 52 ^[sonnalité
159 525 30 20 de
198 523 135 22 l’individu.

17 555 11 21 ^
38 581 14 15 -p
71 573 25 22 de
105 566 65 23 telles
183 562 137 21 conditions
332 563 22 20 la
366 562 40 21 vie
415 562 41 21 des

51 607 68 24 vinces
129 596 64 26 tend,
207 594 117 23 absorbée
342 601 41 22 par
395 596 61 21 cette

18 621 119 49 f/scination,
149 629 14 22 à
174 629 75 22 n’être
257 629 73 27 qu’un
341 629 116 28 pâle,voi-

52 683 12 8 «
72 665 88 26 ridicule
179 662 68 23 reflet
255 663 32 21 du
294 663 94 21 modèle
398 663 59 21 dont

16 688 18 18 re
40 684 25 16 un
74 684 15 11 ^
111 701 5 5 _

15 720 23 18 on
49 704 99 28 s’inspire-

37 746 80 28 p’autre
134 736 51 29 part
200 734 97 21 l’attrait
317 733 99 27 qu’offre
435 735 21 20 la

52 779 43 23 'taie
104 773 34 22 est
144 774 47 17 une
201 767 42 21 des
253 767 93 21 raisons
367 767 30 21 de
416 766 40 22 l’e-

117 806 87 23 ruraux
208 807 56 15 vers
273 801 23 21 la
304 801 67 21 ville.

36 857 27 21 Le
73 841 155 35 régionalisme
246 839 52 21 doit
323 839 62 22 donc
405 840 51 21 être

14 882 85 32 favorisé
105 880 27 22 de
140 882 26 17 ce
177 873 69 28 point
254 872 30 21 de
295 878 48 15 vue
358 873 98 21 utilitai-

15 931 18 14 re
52 917 53 25 Mais
116 912 49 23 d’un
176 908 65 21 autre
257 905 61 26 côté,
332 912 31 15 un
375 905 81 29 régio-

15 955 85 23 nalisme
117 946 51 23 bien
184 939 102 28 compris
304 939 151 22 contribuera

14 981 144 31 grandement,
170 981 26 17 en
218 973 156 22 ressuscitant
397 973 58 21 dans

8 1008 83 39 Chaque
104 1011 106 31 province
220 1008 79 20 toutes
310 1006 36 21 les
355 1006 100 27 particu-

18 1051 61 28 larités
96 1046 43 29 qui'
151 1040 135 25 semblaient
305 1045 55 16 sans
373 1040 83 22 valeur

18 1063 38 48 fous
80 1083 20 21 la
126 1074 97 33 poussée
248 1073 31 22 du
310 1072 145 23 mimétisme

19 1118 86 30 parisien,
114 1113 13 22 à
134 1107 155 30 sauvegarder
293 1106 160 28 l’originalité,

17 1146 103 31 l’intégrité
140 1144 53 23 d’un
212 1141 85 29 peuple
318 1145 47 22 que
393 1142 62 20 cette

16 1180 163 31 contamination
192 1174 121 29 menaçait.

32 1219 26 21 En
65 1216 97 21 veut-on
173 1211 41 22 des
226 1207 118 28 exemples
356 1208 13 20 ?

33 1252 21 22 U
67 1249 84 21 France
163 1251 59 16 nous
234 1249 28 16 en
274 1241 58 23 offre
344 1247 28 15 au
385 1247 70 17 cours

14 1289 18 20 je
39 1288 39 17 son
98 1279 96 23 histoire
206 1277 38 26 qui
260 1276 79 20 valent
351 1275 21 21 la
384 1275 70 27 peine

16 1320 52 22 detre
82 1311 101 26 médités.

31 1350 30 23 Ce
72 1352 53 24 pays
141 1352 12 14 a
165 1343 45 26 été,
222 1342 12 22 à
245 1348 29 16 un
284 1345 108 20 moment
399 1343 56 23 don-

58 1388 28 16 un
97 1376 155 30 conglomérat
264 1376 29 22 de
305 1377 72 27 petits
394 1376 61 23 Etats

16 1421 79 27 presque
103 1415 136 20 autonomes
257 1422 26 4 —
301 1412 21 20 la
331 1411 125 28 plupart-

15 1457 26 18 car
48 1451 24 21 ils
80 1446 129 24 détenaient
218 1445 29 21 de
260 1445 155 22 nombreuses
429 1446 26 21 li-

16 1483 59 26 bertés
95 1483 23 20 et
136 1480 27 21 ils
183 1479 96 21 avaient
290 1485 47 15 une
348 1480 41 21 vie
409 1480 47 21 dis-

18 1519 60 23 tincte,
97 1512 89 24 assurée
209 1518 43 22 par
262 1513 23 21 le
306 1513 151 22 fonctionne-

17 1552 48 24 ment
72 1549 26 22 de
108 1549 59 20 leurs
182 1546 72 28 petits
266 1546 190 28 parlements.Ce

17 1588 29 24 qui
54 1593 26 16 ne
99 1586 32 21 les
150 1583 134 27 empêchait
297 1588 43 23 pas
363 1584 29 21 de
404 1590 53 21 par-

16 1622 66 27 ticiper
88 1620 21 20 et
113 1617 28 22 de
152 1617 137 21 contribuer
299 1616 14 22 à
324 1617 22 21 la
364 1618 40 21 vie
415 1624 42 15 na-

0 1654 92 30 tionale.
110 1651 40 22 Les
170 1650 147 22 Parlements
336 1651 30 22 de
377 1651 80 23 Breta-

16 1688 69 29 gne,de
92 1686 116 21 Provence
215 1687 24 19 et
247 1684 118 23 d’ailleurs
369 1684 88 23 étaient

16 1727 35 16 une
59 1724 72 18 source
139 1718 29 22 de
180 1718 41 22 vie
233 1724 62 22 pour
310 1719 36 21 les
358 1720 99 26 provin-

14 1760 30 17 ces
59 1754 34 27 qui
102 1753 49 21 leur
162 1752 132 22 donnaient
304 1754 62 20 cette
382 1753 74 21 allure

14 1790 21 21 de
44 1788 74 27 petites
125 1786 96 21 nations
231 1785 147 28 organisées,
387 1792 70 16 cons-

13 1823 72 21 cientes
98 1820 27 22 de
146 1821 64 21 leurs
229 1819 100 22 besoins
340 1821 24 20 et
379 1820 78 27 appli-

12 1855 56 28 quées
82 1854 13 22 à
103 1855 32 21 les
157 1852 117 22 satisfaire
293 1859 31 15 au
332 1853 83 22 mieux
425 1854 31 21 de

12 1890 48 21 leurs
77 1887 98 23 intérêts.
197 1886 69 22 Cette
283 1886 40 22 vie
346 1887 42 21 des
400 1893 56 21 pro-

11 1922 66 22 vinces
85 1921 51 21 s’est
151 1921 83 27 depuis
245 1919 131 28 atrophiée.

28 1960 34 23 On
73 1966 25 15 se
107 1961 59 20 rend
176 1961 93 24 compte
289 1959 43 21 des
349 1960 105 21 services

14 2000 40 21 que.
67 1993 102 21 rendrait
194 1998 29 15 en
250 1991 76 23 Corse
355 1993 99 26 pareille

17 2027 117 21 institution.
154 2025 47 22 Son
213 2026 118 21 initiative
350 2027 104 26 pourrait

17 2061 31 21 être
53 2059 50 22 d’un
111 2060 74 27 grand
191 2065 93 17 secours
296 2059 14 22 à
320 2065 45 17 nos
372 2066 79 20 maux,

5 2103 3 12 :
17 2097 12 20 si
35 2097 35 21 elle
80 2096 126 27 s’inspirait
214 2096 29 21 de
252 2098 61 20 cette
320 2096 133 29 règle,con-

15 2130 68 22 tinuité
93 2130 28 21 de
131 2136 46 15 vue
192 2131 25 20 et
238 2130 140 22 continuité
389 2131 64 21 dans

14 2162 85 23 l’action.
112 2162 156 24 Connaissant
281 2163 119 23 l’étendue
422 2165 31 21 de

13 2202 34 16 nos
53 2197 83 22 besoins
153 2199 24 20 et
188 2200 69 20 notre
266 2197 105 28 capacité
379 2197 74 23 finan-

13 2230 50 21 cière
80 2237 21 15 ce
110 2232 129 27 parlement
250 2232 88 21 saurait
353 2232 59 22 tirer
422 2232 30 22 de

13 2268 47 16 nous
69 2266 43 19 tout
126 2270 25 16 ce
163 2265 40 27 qui
216 2265 72 22 serait
305 2266 60 21 utile
374 2272 28 15 au
413 2265 40 22 dé-

3 2297 150 27 veloppement
164 2299 29 21 de
204 2299 23 21 la
238 2299 40 21 vie
294 2298 158 30 économique

15 2329 20 21 de
43 2330 54 24 l’île..
242 2326 4 4 ‘

33 2368 29 23 On
86 2371 134 23 insufflerait
245 2373 79 22 même
349 2379 47 15 une
410 2373 41 22 vie

13 2405 85 21 nouvelle
108 2405 13 22 à
132 2412 38 16 ces
179 2408 149 27 organismes
346 2406 106 23 d’arron-

16 2434 99 26 dissement
134 2441 38 26 qui
198 2443 55 19 sont
272 2440 130 28 atrophiés.
424 2440 28 22 Et

16 2467 32 22 Ion
55 2474 95 20 constate
162 2474 87 26 ici,une
260 2474 47 22 fois
319 2474 30 22 de
361 2475 60 27 plus,
428 2475 23 21 la

14 2502 80 24 nocivité
102 2506 29 21 de
141 2507 22 21 la
175 2508 175 22 centralisation
357 2510 94 20 outran-

13 2538 52 20 ciere:
87 2538 44 22 elle
144 2542 63 21 rend
217 2542 104 22 inutiles
328 2541 37 23 les
372 2543 78 27 petits

15 2572 86 26 rouages.
125 2574 69 22 Ainsi
214 2576 35 20 les
271 2576 103 22 conseils
391 2575 59 22 d’ar-

15 2603 151 30 nondissement,
185 2608 41 27 qui
242 2609 123 22 devraient
380 2609 71 28 jouer

16 2633 38 24 dans
60 2638 213 26 l’arrondissement
283 2643 22 21 le
317 2644 79 21 même
411 2642 39 22 rô-

13 2665 15 21 L
35 2674 34 21 que
75 2672 22 22 le
105 2675 88 21 conseil
201 2675 96 29 général
307 2682 63 22 pour
377 2678 24 20 le
409 2676 41 22 dé-

12 2704 112 28 partement,
142 2710 51 20 sont
204 2708 93 30 frappés
308 2711 31 21 de
350 2709 100 23 stérilité

482 95 75 26 parle
572 96 103 25 pouvoir
684 99 88 21 central
792 100 40 26 qui
852 101 101 22 absorbe

481 128 53 20 tout
547 129 24 19 et
586 134 31 15 ne
626 129 111 23 subvient
747 131 14 22 à
769 132 60 22 rien.

512 160 48 21 Ces
573 162 148 25 organismes
733 165 42 26 qui
798 172 25 15 se
844 170 111 19 meurent

483 192 102 24 doivent
596 195 62 21 donc
670 197 50 21 être
728 198 132 23 revivifiés.
874 200 27 21 Et
908 206 46 21 que

482 226 49 21 l’on
545 233 30 15 ne
588 234 37 15 nie
632 229 51 21 dise
695 236 42 21 pas
746 232 23 20 le
776 233 177 27 contraire.J’en

483 260 66 26 parle
568 268 11 13 a
595 267 54 16 mon
670 263 58 26 aise,
741 265 51 21 moi
815 272 47 20 que
879 267 23 20 le
913 266 42 22 ha-

483 293 53 21 sard
559 300 12 14 a
584 295 97 21 conduit
693 296 59 22 dans
766 304 30 15 un
808 299 30 21 de
847 305 40 15 ces
899 305 56 16 con-

483 326 57 21 seils
553 327 245 25 d’arrondissements.
806 331 19 22 Il
837 332 47 21 m’a
893 332 62 22 donc

483 358 38 22 été
530 359 80 23 donné
622 361 29 21 de
661 365 126 20 constater,
794 365 161 26 personnelle-

483 394 90 24 ment,T
577 393 53 22 idée
645 400 45 21 que
702 401 26 16 se
745 396 110 23 faisaient
864 398 29 21 de
904 398 52 22 leur

484 425 108 23 fonction
604 427 35 21 les
649 429 139 21 conseillers
796 432 157 20 eux-mêmes.

484 458 32 22 Ils
528 465 32 15 ne
572 462 55 19 sont
640 467 43 20 pas
694 461 77 28 dupes
778 463 30 20 de
819 463 54 21 leur
884 464 71 21 inuti-

482 492 43 21 lité
540 493 102 27 puisque
662 493 48 22 l’un
719 495 43 21 des
779 496 122 21 membres
914 496 41 21 dé-

482 531 58 21 posa
552 526 49 21 lors
613 527 29 20 de
652 527 23 20 la
685 527 120 26 première
814 528 95 21 session
920 535 34 15 un

482 564 55 16 voeu
547 559 46 26 qui
600 559 146 22 demandait
753 559 26 22 la
789 562 165 26 suppression

483 591 43 21 des
540 591 107 23 conseils
659 591 23 23 dé
684 593 216 23 arrondissement
905 594 10 21 !
918 594 10 22 !

511 625 77 22 Autre
598 626 194 23 constatation.Si
803 628 23 23 la
837 628 118 27 première

482 658 103 22 réunion
603 659 30 21 de
653 666 28 15 ce
699 661 92 21 conseil
812 667 14 15 a
842 668 35 21 pu
887 662 69 22 avoir

481 692 50 20 lieu
551 692 58 21 c’est
626 693 71 26 grâce
710 693 13 21 à
731 693 119 23 l’élection
861 695 30 21 du
903 694 51 27 pré-

482 724 81 21 sident
579 725 40 27 qui
645 725 91 22 semble
751 728 22 20 la
791 728 65 20 seule
874 728 81 21 raison

482 757 75 21 d’être
577 758 30 21 de
616 760 37 19 cet
661 760 138 27 organisme
817 760 41 27 qui
871 767 84 21 cepen-

482 790 58 22 dant
558 792 106 26 pourrait
681 793 86 22 rendre
788 794 42 21 des
848 795 107 21 services

482 824 170 28 appréciables.
682 826 31 22 La
733 827 104 21 seconde
854 826 101 23 réunion

481 857 38 22 n’a
542 865 34 20 pu
596 859 68 21 avoir
686 860 57 21 lieu.
763 860 31 21 La
809 859 86 23 moitié
913 860 42 22 des

481 892 121 21 membres
612 891 113 23 n’étaient
732 898 44 22 pas
785 898 76 16 venus
875 893 6 20 !

510 924 25 22 Si
543 925 64 22 donc
616 924 50 23 l’on
677 927 58 20 veut
742 931 48 22 que
800 927 23 20 la
834 926 122 28 prospéri-

481 957 24 22 té
517 957 75 29 règne
606 964 31 16 en
651 958 77 23 Corse
748 959 18 22 il
784 961 37 20 est
839 960 30 21 de
888 961 67 21 toute

481 990 120 23 nécessité
612 993 30 20 de
657 993 85 21 rendre
761 992 13 22 à
796 998 39 16 ces
847 994 108 27 organis-

480 1030 53 16 mes
544 1026 139 27 agonisants
706 1027 23 20 la
740 1026 42 22 vie
792 1027 40 27 qui
841 1027 36 21 les
885 1027 70 21 aban-

482 1059 89 21 donne.
582 1059 162 23 L’autonomie
755 1061 64 21 seule
827 1063 58 25 peut
897 1060 56 28 opé-

481 1098 40 16 rer
529 1098 28 16 ce
566 1093 105 22 miracle.

591 1153 253 28 CONCLUSION

479 1247 4 3 -
510 1237 31 22 La
554 1236 88 23 France
654 1244 13 15 a
685 1237 46 27 été,
747 1240 53 20 tout
810 1244 30 16 au
851 1239 59 27 long
922 1238 32 22 du

482 1270 68 22 XIXe
568 1270 80 27 siècle,
664 1273 25 20 et
706 1278 68 21 passe
796 1277 87 17 encore
894 1277 62 23 pour

482 1305 50 21 être
552 1305 23 21 le
593 1305 128 28 champion
737 1306 43 21 des
794 1305 158 23 nationalités.

482 1337 31 23 Se
521 1339 88 27 peut-il
617 1339 71 26 alors,
697 1345 57 16 sans
763 1339 159 23 incohérence
930 1343 25 19 et

482 1373 176 22 contradiction
687 1373 30 21 de
735 1379 27 16 sa
783 1376 60 26 part,
869 1374 85 27 qu’elle

482 1406 115 22 continue
608 1407 31 21 de
647 1406 59 22 faire
714 1407 23 21 la
749 1408 87 22 sourde
845 1408 84 22 oreille
941 1407 13 23 à

482 1446 46 16 nos
536 1440 122 29 légitimes
670 1440 186 23 réclamations?

510 1475 83 28 Ayant
611 1474 84 26 réussi,
709 1475 104 27 pendant
830 1476 53 27 plus
898 1475 56 22 d’un

482 1508 81 26 siècle,
574 1507 14 23 à
596 1507 65 23 force
673 1508 203 23 d’atermoîments
888 1511 25 20 et
924 1510 30 21 de

482 1541 190 27 demi-mesures,
686 1541 12 23 à
710 1543 80 21 voiler
800 1548 44 17 nos
853 1543 101 22 misères

481 1575 14 22 à
516 1581 46 16 nos
586 1581 102 22 propres
698 1582 73 23 yeux,
786 1577 17 21 il
820 1579 37 19 est
876 1579 78 26 temps

482 1609 87 28 qu’elle
594 1615 60 16 nous
670 1615 94 23 prouve
783 1611 23 21 la
817 1611 137 22 sollicitude

482 1645 135 20 autrement
634 1649 46 22 que
697 1650 43 21 par
752 1644 42 22 des
814 1645 139 21 simulacres

483 1676 120 23 d’intérêt,
619 1676 31 30 (i)

511 1710 21 22 Il
545 1711 73 22 serait
625 1712 57 21 vain
700 1711 148 29 d’épiloguer
859 1718 42 16 sur
911 1712 43 22 des

483 1744 55 22 faits
558 1745 63 21 aussi
640 1746 85 25 cruels,
745 1746 21 21 si
778 1752 59 15 nous
848 1752 33 16 ne
892 1752 61 16 vou-

482 1779 64 21 lions
565 1779 35 21 les
622 1778 59 22 faire
704 1780 128 21 concourir
859 1786 30 15 en
906 1786 47 15 vue

482 1811 55 22 d’un
561 1813 149 27 quelconque
730 1813 81 27 profit.
836 1814 71 21 Avec
918 1814 35 21 les

483 1846 82 28 leçons
578 1846 31 21 du
620 1845 69 28 passé
701 1846 166 22 construisons
882 1846 72 23 l’ave-

482 1879 45 21 nir.

707 1914 17 13 *

691 1933 17 14 *
721 1933 16 14 *

506 1954 175 22 L’autonomie
696 1955 67 23 voilà
778 1957 24 21 le
817 1956 134 24 leit-motiv

480 1988 41 27 qui
530 1989 95 21 revient
632 1989 109 26 toujours
754 1995 55 17 sous
822 1992 69 20 notre
899 1992 52 27 plu-

480 2027 47 16 me.
538 2021 21 22 Il
579 2023 37 21 est
634 2023 52 21 vrai
702 2023 86 27 qu’elle
808 2025 67 21 seule
894 2027 57 25 peut

479 2056 94 21 donner
584 2054 14 23 à
608 2062 33 15 un
653 2057 137 27 organisme
801 2057 82 27 étiolé,
909 2064 41 16 ex-

479 2095 98 22 sangue,
585 2095 32 16 un
624 2095 47 22 peu
680 2090 30 21 de
717 2091 22 21 la
749 2091 41 21 vie
799 2092 39 27 qui
844 2091 31 22 l’a
880 2092 70 22 aban-

479 2122 82 22 donné
569 2129 6 19 ;
596 2128 40 16 car
646 2124 45 21 elle
702 2123 100 23 réveille
812 2126 35 20 les
866 2126 84 22 activi-

479 2156 36 22 tés
527 2157 108 25 latentes,
643 2157 78 22 excite
729 2158 36 21 les
771 2157 178 30 intérêts,pous-

479 2196 25 16 se
516 2190 14 21 à
547 2190 95 22 l’action
655 2193 24 19 et
690 2197 47 16 aux
749 2192 133 22 initiatives
890 2193 60 22 heu-

478 2230 90 20 reuses,
579 2224 91 22 ranime
682 2230 30 16 en
728 2231 33 15 un
772 2228 51 20 mot
834 2227 36 21 les
881 2226 68 23 éner-

478 2258 52 27 gies
546 2257 109 23 éteintes.
667 2258 49 22 Elle
732 2260 74 25 seule,
817 2265 131 21 soyons-en

479 2291 136 29 persuadés,
636 2294 56 26 peut
715 2298 60 16 nous
799 2293 94 23 donner
913 2295 36 21 les

475 2327 75 26 ports
567 2325 101 29 francs,
689 2332 84 16 source
794 2327 30 22 de
842 2328 106 22 richesse

478 2365 61 22 pour
546 2365 46 16 nos
604 2360 70 21 villes
683 2361 138 27 maritimes,
829 2367 48 16 une
889 2362 59 22 Uni-

477 2394 92 21 versité
581 2393 30 29 (2)
629 2399 62 22 pour
701 2397 70 19 notre
780 2395 121 27 jeunesse,
914 2402 33 16 un

477 2428 134 26 parlement
622 2428 124 22 conscient
756 2428 29 22 de
794 2434 38 16 ses
840 2430 105 26 devoirs,

477 2466 62 22 pour
556 2461 208 22 l’administration
776 2463 30 21 de
817 2465 70 20 notre
906 2464 40 21 île.

498 2523 27 23 (1)
536 2522 26 19 Ce
570 2528 24 13 ne
602 2524 43 18 sont
651 2528 34 18 pas
693 2528 31 14 ces
738 2524 73 19 stériles
820 2525 128 19 commissions

475 2552 159 22 parlementaires,
643 2552 123 22 périodiques,
773 2552 92 23 rituelles,
874 2554 74 22 symbo-

475 2580 61 22 liques
543 2580 51 18 aussi
603 2580 25 21 (la
636 2580 84 18 dernière
730 2584 26 14 en
770 2581 41 17 date
822 2581 30 18 n’a
866 2586 33 17 pas
909 2582 39 18 dai-

475 2607 63 23 gné-se
543 2607 130 23 déranger)qui
680 2612 48 14 nous
732 2608 129 22 guériront.Le
867 2611 81 20 peuvent

475 2635 37 18 elle
520 2635 61 19 même
588 2634 10 20 ?

497 2663 27 24 (2)
536 2663 52 19 Cette
596 2663 104 19 Université
711 2664 85 23 pourrait
806 2664 39 19 être
859 2665 88 18 instituée

475 2692 56 23 grâce
538 2692 12 18 à
557 2692 33 18 des
597 2693 95 21 emprunts
696 2692 57 24 gagés
759 2697 33 13 sur
798 2697 34 14 nos
837 2693 63 21 forêts,
903 2694 45 18 dont
954 2704 4 4 -

475 2721 72 17 chacun
556 2720 74 18 connait
637 2721 19 17 la
666 2720 65 18 valeur
735 2721 98 18 immense.

980 102 87 23 Inutile
1076 104 30 21 de
1118 105 50 21 dire
1179 111 45 22 que
1236 111 62 22 pour
1307 108 79 20 toutes
1400 108 47 21 ins-

980 136 109 22 titutions
1100 138 22 21 la
1139 139 57 21 voie
1210 139 14 22 à
1240 139 82 22 suivre
1334 143 37 19 est
1382 143 65 20 toute

980 169 86 26 tracée,
1074 170 55 22 c’est
1137 172 21 20 la
1172 173 125 21 tradition
1305 173 141 28 paolienne,

980 203 21 20 la
1009 203 131 27 meilleure,
1150 206 22 20 la
1182 206 65 21 seule
1254 206 40 26 qui
1303 207 143 22 convienne.

1009 235 98 29 Chaque
1114 237 54 27 état,
1183 245 46 15 aux
1240 238 86 22 heures
1338 241 108 25 cruelles,

981 275 25 15 se
1018 272 86 19 tourne
1114 276 57 16 vers
1183 271 154 22 l’autonomie
1346 279 62 20 pour
1414 274 33 21 lui

981 302 129 22 demander
1126 310 27 15 ce
1162 304 57 27 qu'il
1234 306 36 19 est
1283 305 55 21 vain
1357 308 24 19 et
1400 306 49 21 chi-

980 334 107 28 mérique
1096 336 130 22 d’attendre
1235 337 29 21 de
1274 336 113 24 réformes
1396 340 52 26 plus

981 373 30 16 ou
1023 369 81 21 moins
1121 371 115 20 anodines

1008 401 127 22 D'ailleurs
1147 403 18 21 il
1177 405 36 19 est
1226 403 96 22 loisible
1334 403 13 22 à
1359 405 89 21 chacun

981 433 29 21 de
1018 439 136 22 remarquer
1162 441 54 21 que,
1219 436 59 21 dans
1287 436 90 28 chaque
1382 444 66 22 pays,

981 467 35 20 les
1027 467 126 26 provinces
1166 469 40 26 qui
1216 474 42 22 par
1269 469 23 20 le
1304 469 68 27 passé
1380 471 70 21 firent

981 499 76 27 figure
1068 500 30 21 de
1109 501 88 26 petites
1214 501 95 22 nations
1320 503 101 21 tendent
1436 503 14 21 à

981 531 23 21 le
1011 532 134 22 redevenir.
1153 534 28 21 Et
1187 534 106 22 chacune
1300 534 81 23 d’elles
1386 537 62 20 alors

982 570 25 15 se
1025 566 87 21 tourne
1122 571 57 17 vers
1191 569 61 20 cette
1269 573 85 16 source
1370 569 30 21 de
1417 570 33 20 lu-

981 597 75 22 mière
1071 598 75 28 qu’est
1173 600 23 22 le
1210 600 168 28 régionalisme
1390 609 61 21 pour

980 631 33 22 lui
1026 631 81 28 quérir
1116 633 23 21 la
1150 634 47 21 vie.

1009 665 24 22 Si
1047 667 86 26 même,
1144 668 114 27 quelques
1268 675 44 16 uns
1318 670 29 21 de
1360 675 40 16 ces
1411 677 40 21 pe-

981 699 41 21 tits
1031 698 59 22 états
1102 700 136 28 ont,depuis
1250 708 55 21 peu,
1312 702 79 22 donné
1409 704 41 21 des

982 732 82 28 signes
1073 733 30 21 de
1114 733 93 22 vitalité
1219 735 17 21 il
1242 741 32 16 ne
1289 736 50 21 faut
1351 742 43 21 pas
1408 742 43 16 ou-

981 765 62 22 blier
1060 766 68 27 qu’ils
1146 767 100 22 doivent
1266 771 61 20 cette
1339 770 41 20 vie
1391 775 60 16 nou-

981 799 63 21 velle
1053 799 157 27 uniquement
1220 800 14 22 à
1246 808 39 15 ces
1298 803 79 21 saines
1393 803 57 21 doc-

981 832 83 21 trines.
1075 832 28 22 Et
1113 834 101 27 puisque
1226 840 41 17 ces
1275 836 119 21 doctrines
1409 838 42 19 ont

981 864 43 23 fait
1031 866 24 21 le
1061 866 110 22 bonheur
1177 867 29 21 de
1214 873 39 17 ces
1261 868 123 22 différents
1392 874 59 21 peu-

981 899 58 27 ples,
1048 901 118 26 pourquoi
1175 901 62 21 donc
1244 908 31 15 ne
1282 902 168 22 feraient-elles

981 939 42 21 pas
1034 933 23 21 le
1066 933 68 22 nôtre
1142 935 12 20 ?
1168 934 127 29 Essayons.
1316 935 67 22 Nous
1391 941 59 17 nous

981 967 117 21 rendrons
1102 969 94 25 compte
1202 968 63 21 alors
1270 974 46 22 que
1322 971 70 19 notre
1398 969 52 22 des-

981 999 64 22 tinée
1054 1002 37 19 est
1099 1001 13 21 à
1123 1002 52 20 leur
1186 1002 82 21 merci.

1008 1033 59 27 Et,si
1080 1034 48 22 l’on
1143 1040 40 16 me
1194 1037 95 24 permet
1299 1042 47 15 une
1355 1041 95 22 compa-

980 1067 81 22 raison
1073 1068 62 21 aussi
1148 1068 129 27 impropre,
1294 1069 23 21 la
1327 1069 76 22 Corse
1415 1072 35 19 est

981 1101 152 26 embourbée,
1142 1100 98 28 enlisée,
1248 1103 33 20 tel
1293 1109 31 14 un
1337 1103 110 25 charriot,

981 1134 58 22 dans
1050 1135 24 21 la
1085 1134 120 23 fondrière
1220 1136 190 22 administrative
1426 1138 24 19 et

981 1168 192 22 centralisatrice.
1190 1167 42 23 Ses
1245 1169 81 22 efforts
1339 1171 56 20 sont
1406 1169 44 22 im-

980 1201 120 27 puissants
1109 1201 12 22 à
1126 1202 23 21 la
1154 1202 59 21 tirer
1221 1201 68 23 delà.
1301 1201 146 29 Cependant,

980 1234 161 28 l’autonomie,
1155 1235 85 23 cheval
1256 1236 31 21 de
1307 1235 92 23 renfort
1412 1236 37 22 vi-

980 1273 110 23 goureux
1100 1271 36 19 est
1147 1268 13 22 à
1170 1269 83 28 portée
1261 1269 42 27 qui
1311 1269 120 22 viendrait
1436 1269 13 22 à

980 1302 59 22 bout
1049 1302 138 23 facilement
1197 1304 30 21 de
1238 1309 39 16 ces
1290 1302 127 23 difficultés
1426 1305 24 20 et

980 1336 29 22 de
1019 1342 40 16 ces
1073 1337 68 21 vains
1153 1337 82 22 efforts
1246 1336 32 23 où
1290 1337 45 21 elle
1346 1336 102 29 s’épuise

981 1371 156 21 inutilement.

1202 1402 17 15 «

1187 1422 17 15 *
1216 1422 17 14 *

1008 1449 21 23 Il
1040 1449 41 29 n’y
1089 1456 14 16 a
1114 1456 41 22 pas
1165 1450 89 22 d’autre
1260 1450 111 29 moyen,à
1381 1453 67 20 notre

980 1484 178 26 connaissance,
1181 1484 141 27 susceptible
1345 1485 30 21 de
1388 1490 60 17 nous

979 1518 58 21 tirer
1049 1518 30 22 de
1091 1520 61 20 cette
1169 1519 111 27 impasse.
1291 1517 76 23 Toute
1376 1518 73 23 réfor-

979 1557 40 16 me
1032 1554 67 20 autre
1114 1558 45 22 que
1172 1551 152 23 l’autonomie
1335 1558 31 16 ne
1378 1558 71 22 pour-

981 1586 45 21 rait
1043 1586 51 21 être
1109 1585 70 28 qu’un
1193 1585 139 26 succédané,
1345 1592 47 16 une
1402 1586 47 23 for-

980 1625 39 16 me
1032 1618 126 23 édulcorée
1168 1620 30 21 de
1207 1619 154 23 l’autonomie
1378 1626 31 16 ou
1418 1621 30 21 du

980 1652 149 23 fédéralisme
1136 1654 19 21 si
1165 1653 82 22 mieux
1255 1652 49 23 l’on
1316 1654 63 22 aime
1388 1656 60 20 cette

980 1688 150 27 expression.

1217 1741 15 14 &

1008 1762 21 22 Il
1039 1765 45 20 est-
1094 1762 70 23 établi
1178 1769 46 22 que
1241 1769 45 16 nos
1298 1770 72 16 maux
1381 1765 68 22 vien-

980 1799 58 19 nent
1048 1797 31 21 de
1092 1798 23 21 la
1126 1798 178 22 centralisation
1315 1800 132 21 excessive.

980 1830 120 22 Profitons
1111 1831 70 27 donc,
1192 1837 60 17 nous
1264 1836 79 18 autres
1351 1832 95 27 Corses,

980 1865 244 22 desrevendications
1232 1867 113 21 actuelles
1357 1867 43 22 des
1409 1868 41 21 Al-

978 1898 213 23 saciens-Lorrains
1197 1899 106 29 dirigées
1313 1903 82 19 contre
1403 1904 46 19 cet-

977 1935 24 20 te
1012 1932 186 27 centralisation,
1208 1939 63 22 pour
1281 1934 59 22 faire
1355 1935 95 22 aboutir

976 1972 46 16 nos
1034 1972 99 22 propres
1153 1966 168 24 réclamations
1333 1969 41 27 qui
1394 1972 55 19 sont

976 2002 53 19 tout
1039 2002 80 20 autant
1130 2000 128 28 légitimes.

1005 2032 20 22 Il
1032 2039 18 22 3r
1068 2040 12 14 a
1099 2034 101 27 quelque
1211 2036 87 26 temps,
1314 2035 35 22 M.
1359 2036 88 22 Lucien

976 2066 101 22 Romier
1095 2066 114 22 résumait
1232 2073 93 17 comme
1346 2070 48 21 suit
1413 2071 35 20 les

976 2100 94 22 raisons
1081 2101 32 21 du
1126 2101 99 21 malaise
1244 2102 104 22 alsacien
1360 2104 40 27 qui
1413 2103 34 22 ré-

976 2135 68 25 sulte,
1054 2134 69 25 dit-il,
1134 2134 29 22 de
1183 2142 12 13 «
1205 2135 23 21 la
1236 2135 210 24 méconnaissance

975 2167 91 23 criante
1072 2168 31 21 du
1113 2168 182 27 tempérament
1300 2170 146 26 fédéraliste

976 2201 42 22 des
1029 2202 153 27 populations
1189 2202 118 23 rhénanes
1314 2211 14 13 »

1003 2234 28 23 Et
1042 2236 71 26 alors,

1002 2275 14 14 «
1025 2268 32 22 Le
1073 2270 105 26 premier
1189 2272 25 20 et
1225 2270 123 23 immédiat
1359 2272 86 22 devoir

975 2302 29 22 de
1015 2302 69 22 l’Etat
1096 2304 151 22 consisterait
1256 2303 13 22 à
1281 2304 67 23 créer
1359 2312 32 15 un
1400 2307 45 21 mi-
1454 2324 3 3 .

974 2336 95 22 nistère
1077 2342 32 16 ou
1120 2343 37 16 un
1165 2338 222 24 sous-secrétariat
1395 2342 50 20 sta-

975 2369 38 23 ble
1032 2370 31 22 de
1072 2369 248 29 VAlsace-Lorraine,
1334 2372 13 22 à
1356 2379 19 23 y
1385 2376 60 20 met-

973 2405 37 20 tre
1022 2410 31 15 un
1066 2404 97 22 homme
1176 2404 112 27 autorisé,
1302 2406 62 26 actif,
1381 2406 64 23 déci-

973 2436 30 23 dé
1015 2440 24 19 et
1052 2438 29 21 de
1089 2444 59 16 vues
1159 2438 90 29 larges,
1264 2440 41 26 qui
1324 2442 120 21 consenti-

973 2471 46 21 rait
1030 2471 13 21 à
1055 2470 43 30 s’y^
1108 2477 77 17 vouer
1195 2474 53 20 tout
1266 2474 77 21 entier
1353 2476 26 20 et
1392 2474 51 23 très

974 2504 148 30 longtemps.
1133 2513 14 13 »
1157 2505 33 29 (1)

1001 2538 99 22 Faisons
1119 2541 70 20 notre
1211 2539 72 29 profit
1303 2541 29 21 de
1353 2547 39 16 ces
1408 2548 35 15 re-

973 2577 117 22 marques.

1001 2605 63 21 Mais
1078 2607 143 21 continuons
1232 2608 23 21 le
1267 2607 134 28 diagnostic
1414 2609 29 21 de

973 2638 34 22 M.
1021 2638 100 23 Romier
1133 2640 41 26 qui
1186 2640 87 28 ajoute:

995 2694 25 23 (1)
1031 2694 50 19 C’est
1088 2695 51 18 aussi
1145 2699 21 14 ce
1175 2696 45 21 qu’il
1226 2697 62 18 aurait
1292 2696 45 19 fallu
1344 2698 47 18 faire
1396 2702 47 18 pour

972 2722 19 18 la
998 2721 56 20 Corse
1062 2722 65 23 depuis
1135 2723 110 23 longtemps.

1502 115 10 14 «
1518 109 32 21 Le
1557 108 108 30 Français
1673 115 30 15 ne
1712 115 26 16 se
1746 109 60 22 rend
1812 115 42 22 pas
1861 114 82 22 comp-

1472 143 24 20 te
1502 147 52 22 que,
1558 142 84 28 depuis
1647 144 77 20 trente
1733 149 30 15 ou
1769 144 113 26 quarante
1891 148 50 20 ans,

1474 175 15 21 il
1502 177 36 19 est
1546 176 23 20 le
1579 177 84 26 peuple
1672 177 23 21 le
1703 177 54 27 plus
1767 184 12 12 ».
1789 176 134 22 centralisé
1929 183 14 14 »

1473 209 22 20 le
1506 209 53 26 plus
1568 215 13 14 «
1599 209 151 28 uniformisé
1762 217 14 14 »
1783 211 22 20 le
1815 211 53 26 plus
1880 217 10 13 «
1907 210 36 20 ni-

1473 240 70 22 velé»
1553 241 30 22 de
1594 242 22 20 la
1628 244 71 23 terre,
1707 243 55 27 qu’il
1773 243 52 21 l’est
1834 242 13 22 à
1860 249 31 15 un
1904 243 39 21 de-

1473 273 41 28 gré
1524 276 105 20 anormal
1642 278 22 18 et
1672 276 90 25 -abusif,
1770 282 45 21 que
1825 277 48 21 cela
1884 276 59 21 s’ex-

1475 307 78 27 plique
1565 314 70 20 parce
1658 308 56 27 qtf.il
1734 311 37 19 est
1791 310 94 20 devenu
1913 316 29 14 un

1475 341 83 26 peuple
1568 340 12 22 à
1590 340 201 28 développement
1802 344 110 26 stagnant
1921 345 23 19 et

1474 373 13 21 à
1499 372 100 22 réflexes
1609 374 91 26 passifs,
1712 381 47 21 que
1768 381 25 15 sa
1801 376 141 26 conception

1475 406 193 28 bureaucratique
1687 408 29 21 de
1728 409 22 20 la
1760 407 152 29 République
1921 414 24 16 ei

1475 438 30 21 de
1516 439 22 21 la
1547 438 155 23 Démocratie
1714 442 37 20 est
1759 447 31 15 en
1800 442 144 27 opposition

1475 477 58 16 avec
1544 473 36 20 les
1593 474 155 26 conceptions
1761 474 29 22 de
1809 476 80 20 toutes
1909 476 35 21 les

1475 506 77 19 autres
1575 504 153 29 républiques
1748 509 24 19 et
1788 507 156 22 démocraties

1475 535 148 23 fédéralistes
1634 544 32 16 ou
1675 540 195 25 corporatives.»

1503 569 20 22 Il
1539 575 62 16 nous
1618 571 90 22 semble
1721 572 85 22 inutile
1826 573 119 23 d’insister

1476 602 131 29 davantage
1621 610 40 16 sur
1680 610 26 16 ce
1722 606 70 26 point
1814 612 46 22 que
1883 612 61 17 nous

1476 641 74 17 avons
1561 637 70 22 traité
1648 644 30 15 au
1687 638 108 28 chapitre
1806 639 136 28 précédent.

1475 669 66 22 Nous
1553 670 90 22 offrons
1655 677 40 15 ces
1707 672 111 22 citations
1825 672 14 22 à
1845 679 45 16 nos
1898 675 47 20 lec-

1474 703 65 21 teurs
1551 709 55 15 sans
1624 705 169 22 commentaire
1805 712 85 16 aucun.

1686 765 16 13 -a
1715 765 17 14 &

1503 787 45 23 Par
1563 789 35 21 les
1615 790 81 27 signes
1708 791 30 21 de
1747 791 92 22 vitalité
1860 792 84 27 qu’elle

1475 827 14 14 a
1506 821 79 22 donné
1603 828 39 16 ces
1664 825 79 25 temps
1755 824 115 27 derniers,
1883 831 61 16 nous

1475 859 74 17 avons
1561 861 32 21 pu
1606 856 77 21 croire
1694 861 46 22 que
1752 856 91 23 l’heure
1854 864 31 15 ne
1897 860 46 20 tar-

1475 887 75 22 derait
1560 894 43 21 pas
1614 888 14 21 à
1649 890 70 21 venir
1735 889 37 23 où.
1782 891 23 21 la
1817 891 75 22 Corse
1907 898 37 16 re-

1472 919 106 28 jetterait
1591 922 23 20 la
1621 923 177 22 centralisation
1805 925 139 22 meurtrière

1475 954 39 26 qui
1535 956 37 19 est
1593 955 24 20 le
1633 956 53 26 plus
1707 957 121 22 accablant
1848 958 96 22 fardeau

1475 986 59 22 dont
1545 988 46 21 elle
1603 989 48 21 soit
1660 989 110 28 chargée.

1503 1019 47 22 Cés
1560 1021 245 28 signes'grandissent
1813 1024 30 21 de
1849 1024 57 27 jour
1914 1031 36 15 en.

1472 1052 125 28 jour,nous
1620 1060 61 17 nous
1704 1062 31 15 en
1749 1062 147 22 apercevons
1915 1064 29 16 au

1475 1086 81 22 succès
1568 1093 46 21 que
1625 1094 45 16 nos
1679 1089 66 21 idées
1751 1093 155 20 rencontrent
1912 1098 30 15 un

1474 1125 46 21 peu
1536 1122 102 25 partout,
1657 1127 71 21 parce
1749 1122 97 28 qu’elles
1857 1124 87 28 répon-

1475 1153 57 21 dent
1553 1153 14 21 à
1590 1154 43 21 des
1640 1154 3 3 '
1652 1154 130 23 nécessités
1811 1158 131 22 concrètes.

1474 1186 73 21 Aussi
1555 1187 66 21 est-il
1632 1190 87 25 urgent
1732 1194 46 21 que
1790 1195 26 16 se
1832 1191 111 21 continue

1474 1219 51 21 leur
1536 1219 122 23 diffusion.

1503 1252 105 27 L’heure,
1629 1255 71 25 alors,
1722 1260 31 16 ne
1765 1261 86 21 pourra
1865 1258 80 21 tarder

1474 1286 38 22 où.
1518 1292 40 16 ces
1568 1286 66 23 idées
1642 1290 72 26 ayant
1721 1289 71 25 mûri,
1805 1290 22 21 le
1836 1294 109 19 moment

1474 1326 52 16 sera
1533 1327 64 15 venu
1610 1322 29 21 de
1651 1321 99 23 réaliser
1761 1323 42 21 des
1817 1323 125 28 réformes,

1474 1354 117 22 d’obtenir
1600 1355 62 22 enfin
1670 1357 62 20 cette
1739 1358 139 21 autonomie
1886 1358 57 22 hors

1473 1389 101 27 laquelle
1586 1389 18 21 il
1617 1388 61 22 n’est
1682 1395 43 22 pas
1736 1390 31 21 de
1779 1391 68 21 salut.
1856 1390 31 29 (1)

1686 1437 95 23 Matteu
1794 1438 121 23 Girnensi.

1496 1508 25 22 (1)
1533 1507 75 19 Comme
1615 1508 16 18 il
1638 1508 65 19 n’était
1710 1513 34 18 pas
1754 1509 47 18 dans
1809 1514 43 14 mon
1863 1510 79 18 dessein,

1474 1536 23 18 de
1504 1536 90 18 formuler
1602 1541 38 14 une
1650 1537 83 18 doctrine
1741 1538 20 17 et
1768 1538 24 18 de
1799 1537 48 23 jeter
1853 1538 29 18 les
1888 1538 55 18 hases

1473 1565 24 18 de
1502 1565 19 17 la
1529 1564 120 19 constitution
1655 1565 38 23 qui,
1700 1566 109 18 recueillant
1812 1566 131 23 l’approbation

1474 1593 23 18 de
1504 1594 49 20 tous,
1561 1597 42 14 sera
1612 1593 112 23 susceptible
1731 1594 24 18 de
1761 1594 91 23 s’adapter
1857 1595 19 18 le
1881 1595 63 18 mieux

1474 1621 11 17 à
1493 1622 53 17 noire
1550 1626 54 18 pays,
1612 1621 32 23 j’ai
1652 1622 56 18 laissé
1716 1626 22 14 ce
1743 1622 41 18 soin
1792 1622 12 18 à
1811 1623 88 18 d’autres.

1495 1649 61 23 Ayant
1563 1650 119 22 simplement
1688 1651 59 17 voulu
1755 1656 23 12 au
1788 1655 54 14 cours
1848 1651 23 18 de
1877 1655 31 14 ces
1913 1656 30 18 pa-

1473 1682 33 18 ges
1511 1678 83 18 montrer
1601 1678 12 18 à
1618 1682 40 14 mes
1664 1679 82 18 lecteurs
1757 1679 91 23 l’urgente
1853 1680 91 18 nécessité

1474 1706 33 22 qui
1511 1706 87 22 s'impose
1606 1707 11 17 à
1624 1711 48 14 nous
1681 1707 91 18 d’obtenir
1776 1712 47 18 pour
1830 1708 54 18 notre
1891 1713 51 18 pays,

1473 1734 19 17 la
1496 1734 31 18 vie
1532 1734 119 23 économique
1657 1735 32 23 qui
1694 1735 61 18 aurait
1760 1736 24 17 du
1794 1736 39 18 être
1841 1736 64 18 sienne
1913 1737 31 18 de-

1473 1762 43 23 puis
1524 1762 111 24 longtemps.
1645 1763 34 19 Les
1687 1764 74 18 vieilles
1769 1764 96 19 méthodes
1870 1766 33 17 ont
1911 1765 33 18 fait

1473 1791 41 17 leur
1522 1791 66 23 temps.
1600 1791 25 18 La
1633 1792 138 18 centralisation
1781 1793 110 18 meurtrière
1905 1794 39 18 doit

1473 1818 39 19 être
1520 1819 75 22 rejetée.

1496 1847 22 18 Je
1526 1848 58 18 serais
1593 1852 83 18 parvenu
1684 1853 24 13 au
1713 1849 35 18 but
1757 1853 36 18 que
1797 1849 19 23 je
1822 1854 31 14 me
1857 1850 41 18 suis
1906 1850 38 19 fixé

1474 1875 17 18 si
1499 1880 39 14 mes
1546 1876 81 19 lecteurs
1633 1878 39 17 s’en
1681 1877 70 19 étaient
1756 1879 70 17 rendus
1834 1879 78 22 compte.

1544 1923 6 21 j
1790 1933 25 4 —

1502 1967 79 24 Quelli
1597 1968 42 22 chi
1657 1969 118 22 ricevenu
1789 1969 24 22 A
1824 1970 119 22 MUVRA

1473 2018 14 15 e
1503 2012 74 22 ch’un
1598 2013 24 21 si
1634 2013 92 22 vòlenu
1739 2014 81 22 micca
1834 2014 108 27 abbunà,

1472 2062 35 16 un
1514 2056 69 23 hanu
1591 2063 30 16 ca
1632 2064 16 15 a
1661 2058 120 23 ricusalla
1789 2065 16 16 a
1814 2066 19 15 u
1840 2059 100 26 pidone,

1698 2120 14 16 «

1593 2163 222 38 Pîâbblicaziôîie

1492 2244 32 19 La
1532 2245 69 19 Corse
1615 2245 113 25 Agricole.
1734 2257 23 4 —
1772 2248 19 18 i-
1800 2248 51 18 Avril
1860 2248 54 20 1920
1920 2259 21 3 —

1470 2272 24 19 La
1499 2273 73 19 fumure
1583 2274 109 20 rationnelle
1701 2276 26 18 du
1737 2276 91 19 cédratier
1836 2277 54 22 (Léon
1897 2277 45 23 Boy-

1470 2302 51 22 er)—
1527 2302 130 19 Informations
1662 2305 21 16 et
1686 2304 97 18 actualités
1789 2305 99 22 agricoles:
1897 2305 46 23 Syn-

1469 2329 48 19 dicat
1529 2330 81 23 agricole
1617 2331 24 18 de
1649 2331 89 23 Rogliano
1745 2338 5 16 ;
1767 2333 47 18 offre
1822 2334 24 17 de
1854 2334 89 18 colonisa-

1469 2358 39 18 tion
1520 2358 81 23 agricole
1609 2359 23 18 de
1643 2359 18 18 la
1669 2359 65 23 Corse;
1750 2361 70 18 Achats
1833 2365 34 19 par
1870 2359 28 21 Ta
1915 2367 27 13 re-

1469 2387 63 17 monte
1540 2387 23 17 de
1572 2386 84 19 chevaux
1664 2388 20 17 et
1691 2388 79 22 mulets;
1779 2388 65 20 Mérite
1851 2390 89 22 agricole;

1469 2414 36 18 Nos
1512 2414 119 19 viticulteurs
1637 2420 7 17 ;
1653 2414 128 24 Exportations
1794 2421 21 14 en
1822 2417 108 24 Allemagne
1935 2424 5 16 ;

1469 2441 121 20 Permissions
1602 2443 90 23 agricoles
1698 2449 5 17 ;
1720 2444 95 19 Livraison
1824 2445 33 18 des
1870 2444 72 20 Scories

1468 2470 78 18 Thomas
1550 2475 6 17 ;
1574 2470 68 19 Contre
1649 2472 18 17 le
1681 2476 83 18 puceron
1777 2473 82 23 lanigère
1865 2478 6 17 ;
1885 2474 57 18 Tour-

1469 2499 54 17 teaux
1534 2503 48 18 pour
1589 2499 68 19 vaches
1667 2500 83 18 laitières
1754 2506 6 17 ;
1769 2500 133 20 Conservation
1910 2503 32 17 des

1468 2526 55 18 fruits
1531 2526 46 19 frais
1583 2527 46 18 dans
1634 2528 19 18 le
1660 2532 34 18 gaz
1699 2528 99 19 sulfureux
1804 2530 19 18 et
1831 2534 24 14 en
1860 2530 82 18 solution

1468 2554 80 18 sulfitée.
1556 2564 24 4 —
1588 2555 25 18 La
1627 2554 56 20 Corse
1699 2557 20 17 et
1730 2556 19 18 la
1766 2557 128 19 sériciculture
1911 2559 30 22 (A.

1468 2582 124 22 Romestand).
1602 2592 23 4 —
1633 2583 25 18 La
1672 2583 115 20 Clémentine
1800 2585 26 22 (L.
1839 2586 29 22 B.)
1879 2595 23 4 —
1907 2586 35 18 Les

1468 2610 80 18 facteurs
1565 2610 23 18 de
1602 2611 69 22 qualité
1686 2612 23 18 de
1725 2612 44 18 vins
1782 2613 28 21 (L.
1816 2612 125 24 Mathieu).—

1467 2637 110 23 Pratiquons
1583 2639 19 17 le
1611 2638 91 24 sulfatage
1707 2640 86 18 hivernal
1809 2642 24 17 de
1845 2645 35 14 nos
1888 2641 53 19 arbre

1467 2665 83 19 fruitiers
1558 2666 29 23 (A.
1593 2666 125 25 Desmoulins)
1723 2677 22 4 —
1750 2668 117 19 L’Alcalinité
1874 2669 25 18 du
1905 2670 37 18 cal-

1467 2694 49 18 caire
1532 2695 19 17 et
1562 2695 19 17 la
1588 2694 81 19 réaction
1683 2696 33 18 des
1724 2696 72 19 Terres.
1801 2706 23 4 —
1833 2696 58 20 Cours
1908 2698 33 18 des

1467 2722 84 21 produits
1556 2722 98 23 agricoles.

2084 107 229 36 GIURNALI

1991 193 24 18 Le
2030 193 89 18 véritable
2135 193 105 18 fondement
2250 193 24 17 de
2290 193 19 17 la
2317 192 59 22 patrie
2385 192 35 21 est,
2431 192 11 17 à

1968 222 53 17 notre
2028 226 49 16 sens,
2095 221 19 18 la
2129 221 71 18 volonté
2206 220 76 18 actuelle
2296 221 32 17 des
2345 219 96 19 habitants

1969 249 43 17 d’un
2028 248 92 19 territoire
2131 249 24 18 de
2169 253 94 18 composer
2277 248 11 18 à
2303 253 36 13 eux
2348 249 43 17 tous
2405 252 38 14 une

1968 276 53 18 unité
2040 277 135 21 indépendante
2190 281 5 17 ;
2213 277 45 17 c’est
2277 276 122 22 l’expression
2416 277 26 16 du

1969 304 47 18 droit
2026 305 32 17 des
2071 305 75 22 peuples
2160 305 11 17 à
2187 304 83 22 disposer
2286 304 156 18 d’eux-mêmes...

1968 332 67 18 Notion
2042 333 50 17 toute
2100 332 66 23 simple
2172 333 24 17 où
2202 333 18 17 la
2225 332 69 18 morale
2299 333 19 17 et
2326 332 18 17 la
2352 332 91 22 politique

1969 364 21 14 se
1998 360 104 22 rejoignent
2107 366 6 16 ;
2127 360 65 18 notion
2204 360 92 18 évidente.
2309 359 93 23 Supposez
2416 364 27 13 un

1969 388 70 17 instant
2048 393 36 17 que
2092 389 28 17 les
2128 388 74 18 Suisses
2211 389 73 17 cessent
2292 389 41 16 tout
2341 388 11 16 à
2360 392 48 17 coup
2420 388 23 17 de

1970 416 73 18 vouloir
2052 417 68 22 garder
2134 417 53 17 entre
2200 421 36 13 eux
2247 421 39 13 une
2300 415 52 18 unité
2364 416 77 20 morale,

1970 444 55 21 qu’ils
2033 444 86 18 décident
2126 444 24 17 de
2158 444 59 18 s’unir
2221 448 35 14 aux
2261 448 47 18 pays
2314 443 71 18 voisins
2391 443 53 18 selon

1969 471 52 18 leurs
2034 472 83 18 affinités
2129 471 137 23 linguistiques,
2281 471 108 19 reslerait-il
2405 475 38 13 une

1970 499 59 22 patrie
2042 498 74 19 suisse?
2132 499 46 18 Non.
2194 499 52 18 Voilà
2256 499 44 19 bien
2317 500 47 18 cette
2382 499 62 18 fois-ci

1970 527 66 17 trouvé
2042 527 94 18 l’élément
2141 527 88 18 essentiel
2237 532 44 13 sous
2288 528 61 21 lequel
2354 528 18 17 la
2379 527 64 18 notion

1970 554 24 17 de
2001 554 59 22 patrie
2067 554 99 22 disparaît!

1992 581 46 18 Mais
2054 582 44 22 quel
2115 582 100 18 sentiment
2227 582 76 23 guidera
2321 583 28 18 les
2365 583 78 22 peuples

1970 609 46 18 dans
2023 610 43 18 leur
2079 610 55 18 choix
2139 609 10 19 ?
2163 609 73 19 Sera-ce
2243 615 27 13 un
2278 615 37 18 pur
2322 611 78 22 caprice,
2416 615 27 13 un

1970 637 51 18 désir
2028 638 56 18 d’une
2091 638 59 18 heure
2156 637 9 19 ?
2171 638 130 18 Evidemment
2308 643 43 13 non.
2383 641 14 21 y
2404 639 6 3 '

1992 664 28 19 On
2031 666 44 22 peut
2083 666 48 18 tenir
2138 671 48 17 pour
2193 666 61 22 établi,
2269 666 73 22 jusqu’à
2355 666 89 18 manifes-

1970 693 58 17 tation
2036 693 85 19 formelle
2126 694 24 18 de
2161 694 43 18 leur
2211 694 75 18 volonté
2294 694 98 22 contraire,
2406 699 37 18 que

1969 721 29 17 les
2005 721 77 22 peuples
2090 721 121 19 chercheront
2219 722 11 18 à
2238 727 20 13 se
2266 727 81 18 grouper
2351 727 24 13 en
2380 722 63 18 unités

1969 749 99 22 politiques
2079 749 52 18 selon
2138 750 52 18 leurs
2200 749 82 19 affinités
2290 751 78 17 morales
2376 755 6 13 :
2394 754 50 14 com-

1969 776 90 19 munauté
2069 777 23 18 de
2102 778 106 21 tendances,
2226 778 83 22 d’esprit,
2323 779 81 17 souvent
2420 779 24 17 de

1968 805 68 22 langue
2043 810 5 12 :
2066 805 44 22 quel
2123 805 92 23 singulier
2228 806 68 18 hasard
2313 806 130 23 provoquerait

1969 833 41 17 tant
2015 833 24 17 de
2047 833 138 22 concordances,
2195 833 16 18 si
2220 833 45 19 elles
2270 838 25 14 ne
2301 834 142 23 s’expliquaient

1969 864 34 18 par
2009 864 38 14 une
2054 865 56 13 cause
2116 865 103 16 commune,
2228 866 38 14 une
2274 862 72 22 origine
2353 862 91 22 ethnique

1969 888 75 22 unique,
2058 893 38 13 une
2106 888 101 21 ,fraternité
2214 889 24 18 de
2253 894 52 13 races
2310 889 10 19 ?
2326 890 117 18 'L’ethnicité

1969 920 48 14 nous
2025 916 83 22 apparaît
2123 917 47 17 donc
2182 921 70 14 comme
2266 921 39 14 une
2318 918 125 22 présomption

1970 944 24 17 de
2001 944 19 17 la
2026 944 76 18 volonté
2110 944 23 18 de
2140 944 103 19 constituer
2250 949 39 14 une
2296 946 65 22 patrie,
2371 950 72 14 comme

1969 971 19 18 la
2000 971 44 18 hase
2052 972 90 22 pratique,
2152 972 75 23 jusqu’à
2234 977 70 18 preuve
2313 974 97 21 contraire,
2420 975 23 17 de

1969 999 19 18 la
1993 999 64 18 notion
2063 1000 23 18 de
2094 1000 66 22 patrie.

1992 1026 27 18 En
2027 1027 115 19 substituant
2155 1029 48 17 ainsi
2215 1033 37 14 une
2265 1029 65 18 notion
2346 1030 12 17 à
2367 1030 74 22 l’autre,

1969 1059 114 14 avons-nous
2091 1056 35 17 fait
2136 1057 54 17 autre
2202 1057 56 18 chose
2268 1062 38 17 que
2321 1058 22 17 de
2355 1058 88 22 déguiser

1969 1087 45 14 sous
2022 1088 26 12 un
2056 1084 54 17 autre
2118 1088 43 14 nom
2167 1084 20 18 la
2193 1085 59 18 même
2260 1085 65 18 réalité
2329 1084 9 19 ?
2348 1085 71 19 Certes.

1990 1111 92 22 Imaginez
2090 1116 25 12 un
2126 1112 67 18 monde
2208 1117 46 17 pour
2266 1113 32 22 qui
2314 1114 48 18 cette
2376 1114 65 17 notion

1969 1138 37 18 soit
2013 1139 85 18 devenue
2104 1139 140 22 fondamentale,
2255 1141 68 22 qu’elle
2327 1146 25 14 ne
2357 1142 38 17 soit
2399 1142 44 22 plus

1969 1166 103 19 seulement
2079 1171 37 14 une
2122 1167 113 22 spéculation
2238 1168 103 23 théorique,
2351 1169 48 18 mais
2404 1174 39 13 une

1968 1194 61 18 vérité
2036 1195 45 17 dont
2088 1195 28 17 les
2124 1199 92 14 cerveaux
2223 1196 62 18 soient
2292 1196 93 23 pénétrés,
2394 1201 48 14 nous

1968 1222 76 18 aurions
2062 1222 49 18 alors
2128 1227 37 14 une
2179 1224 121 18 constitution
2315 1224 90 23 politique
2416 1225 26 17 du

1969 1250 67 18 monde
2044 1250 43 18 d’où
2091 1251 29 17 les
2128 1251 43 22 plus
2182 1252 67 22 grands
2257 1252 74 22 risques
2339 1253 24 17 de
2373 1257 69 18 guerre

1969 1278 80 18 seraient
2063 1278 70 18 exclus.
2150 1279 32 21 Là,
2198 1279 43 22 plus
2254 1280 127 22 d’annexions,
2398 1281 44 22 pins

1969 1305 158 22 d’impérialismes
2133 1306 5 18 !
2151 1306 40 22 Que
2199 1308 100 22 gagnerait,
2309 1313 33 17 par
2349 1309 92 22 exemple,

1968 1338 38 14 une
2014 1333 90 23 Bretagne
2111 1334 135 23 indépendante
2252 1335 19 24 jà
2282 1340 82 15 annexer
2380 1336 13 18 à
2407 1341 35 14 son

1968 1362 93 18 territoire
2068 1363 19 17 le
2094 1362 60 19 Maine
2162 1364 20 17 et
2189 1363 21 19 la
2216 1363 111 19 Normandie
2332 1363 9 19 ?
2349 1364 52 19 Pour
2408 1365 34 18 des

1969 1390 68 21 esprits
2047 1391 77 22 remplis
2137 1392 24 17 de
2174 1393 49 17 cette
2231 1392 60 18 vérité
2299 1397 36 18 que
2349 1393 18 18 la
2381 1393 61 22 patrie

1969 1418 28 17 est
2004 1422 38 14 une
2050 1419 85 22 question
2143 1419 66 22 d’âme,
2217 1421 15 17 il
2239 1421 31 22 n’y
2277 1421 61 18 aurait
2351 1421 11 18 à
2373 1426 29 13 un
2415 1422 27 17 tel

1968 1446 158 22 agrandissement
2130 1448 24 18 de
2158 1448 94 19 territoire
2257 1449 113 23 qu’illusion,
2375 1449 68 19 fiction

1969 1473 113 23 simpliste...
2095 1476 77 22 qu’elles
2189 1481 36 17 que
2237 1477 75 18 lussent
2326 1478 29 18 les
2370 1478 72 18 limites

1969 1502 120 19 territoriales
2106 1504 22 18 de
2145 1508 34 14 son
2196 1499 93 24 influence
2305 1506 96 22 politique,
2418 1506 24 17 ils

1969 1530 109 19 resteraient
2085 1532 100 21 persuadés
2193 1533 23 17 de
2224 1533 49 18 cette
2281 1534 91 17 certitude
2378 1538 37 18 que
2423 1534 19 17 la

1968 1558 59 23 patrie
2038 1559 91 18 Bretonne
2137 1560 44 18 finit
2192 1560 19 18 là
2224 1565 37 14 aux
2274 1561 99 19 frontières
2386 1562 23 18 de
2421 1566 21 14 sa

1968 1591 47 17 race,
2023 1587 24 18 de
2052 1591 21 14 sa
2079 1587 74 23 langue,
2162 1589 24 17 de
2193 1592 33 14 son
2234 1589 80 23 esprit...
2320 1590 16 17 A
2344 1590 45 22 quoi
2397 1590 43 21 bon,

1968 1614 33 19 dès
2009 1615 45 23 lors,
2066 1616 19 18 et
2093 1620 47 18 pour
2150 1616 62 22 quelle
2219 1617 97 22 déception
2328 1618 60 22 partir
2399 1618 12 18 à
2423 1618 19 18 la

1969 1643 89 22 conquête
2063 1643 10 18 ?

1990 1671 16 18 A
2014 1671 89 19 l’inverse
2116 1672 33 18 des
2162 1673 70 22 patries
2243 1673 104 22 officielles,
2357 1674 86 23 déguise-

1968 1701 61 17 ments
2037 1700 33 18 des
2079 1700 47 18 états
2134 1701 104 22 modernes,
2252 1706 76 14 cemvres
2341 1702 101 23 politiques

1968 1728 97 18 héritières
2073 1729 56 18 d’une
2136 1729 47 18 tradi
2187 1729 37 18 tion
2235 1731 23 17 de
2264 1730 88 22 violence,
2367 1735 76 15 suscep-

1968 1756 55 18 tibles
2037 1761 34 18 par
2083 1757 66 18 nature
2162 1758 112 18 d’extension
2286 1758 90 19 indéfinie
2390 1759 53 18 selon

1968 1785 29 17 les
2002 1785 76 18 hasards
2084 1785 23 18 de
2113 1785 18 18 la
2137 1785 57 22 force,
2200 1785 28 19 les
2233 1786 51 18 vrais
2289 1787 70 22 patries
2364 1787 79 18 fondées

1968 1818 34 13 sur
2009 1813 102 18 l’ethnicité
2124 1815 76 21 portent
2215 1819 24 13 en
2253 1815 124 19 elles-mêmes
2391 1816 52 18 leurs

1968 1841 70 19 limites
2045 1846 5 13 :
2059 1841 57 19 celles
2123 1842 23 18 de
2154 1842 18 18 la
2177 1846 49 14 race.
2235 1842 35 19 Dès
2278 1843 39 18 lors
2325 1843 78 22 qu’elles
2415 1844 28 18 les

1969 1870 34 18 ont
2009 1870 94 22 atteintes,
2112 1870 46 18 elles
2166 1871 78 21 perdent
2251 1872 54 17 toute
2320 1872 62 18 raison
2394 1872 49 18 d’ex-

1969 1898 83 22 pansion,
2061 1899 43 17 tout
2111 1898 68 18 intérêt
2190 1903 37 14 aux
2239 1899 105 23 conquêtes.
2361 1899 56 19 Voilà
2424 1900 22 22 la.

1968 1926 60 18 vérité
2036 1926 11 18 à
2055 1926 80 23 laquelle
2145 1931 59 18 pense
2215 1927 109 19 l’humanité
2336 1928 56 22 après
2404 1933 39 13 une

1969 1954 49 18 suite
2026 1955 23 17 de
2056 1954 79 23 longues
2144 1956 20 17 et
2171 1955 107 23 sanglantes
2287 1955 89 23 épreuves
2383 1962 6 16 ;
2402 1956 16 18 il
2431 1961 15 13 a.

1969 1982 46 18 fallu
2023 1982 43 18 bien
2075 1983 33 18 des
2115 1983 95 23 douleurs,
2219 1984 42 18 bien
2276 1984 33 18 des
2323 1984 61 18 deuils
2395 1989 48 18 pour

1969 2011 67 18 mettre
2044 2011 11 17 à
2062 2010 43 23 jour
2113 2012 48 18 cette
2169 2011 87 19 évidence
2263 2012 97 22 première.

1991 2038 58 19 Osons
2058 2039 74 23 espérer
2140 2040 95 22 beaucoup
2243 2040 45 18 d’un
2299 2041 66 17 monde
2380 2040 60 21 futur,

1968 2067 25 18 où
2001 2067 28 18 les
2037 2067 84 19 hommes
2128 2067 70 19 libérés
2206 2068 23 18 de
2237 2068 19 18 la
2266 2069 104 18 contrainte
2384 2069 24 18 de
2424 2069 18 18 la

1969 2095 50 18 force
2027 2096 63 18 seront
2097 2096 80 22 groupés
2184 2096 52 18 selon
2243 2097 42 17 leur
2292 2101 58 18 coeur,
2359 2098 20 17 et
2387 2097 23 18 où
2417 2097 25 19 ils

1968 2123 113 19 atteindront
2085 2124 42 18 leur
2134 2124 51 22 plein
2194 2128 52 14 essor
2252 2125 114 18 intellectuel
2375 2126 21 17 et
2402 2130 40 14 mo-

1968 2152 34 22 ral,
2012 2152 46 18 dans
2065 2157 27 13 un
2100 2153 55 17 cadre
2162 2152 36 18 fait
2204 2157 47 18 pour
2258 2157 44 17 eux,
2312 2154 46 18 dans
2365 2154 20 18 le
2398 2154 43 22 plan

1968 2180 24 18 de
1999 2180 42 18 leur
2048 2180 111 18 civilisation
2168 2185 73 18 propre.
2254 2181 56 18 Ainsi
2323 2186 20 14 se
2353 2182 89 18 Arérifiera

1968 2209 48 17 cette
2024 2208 80 18 formule
2112 2213 36 17 que
2161 2209 19 17 la
2192 2210 65 21 patrie,
2272 2210 40 18 loin
2323 2210 23 18 de
2359 2210 56 18 nuire
2430 2210 11 18 à
2448 2212 5 3 '

1967 2236 115 22 l’humanité,
2089 2237 90 19 collabore
2188 2242 45 14 avec
2241 2238 36 18 elle
2284 2238 47 18 dans
2336 2242 35 14 son
2377 2242 65 14 oeuvre

1967 2265 111 18 d’élévation
2085 2265 94 19 humaine.

1989 2293 59 22 Ainsi,
2053 2293 48 18 dans
2107 2298 27 13 un
2139 2294 68 18 monde
2212 2294 82 18 remanié
2299 2295 20 17 et
2323 2295 42 22 plus
2370 2294 70 22 serein,

1967 2321 120 18 s’instaurera
2099 2326 34 18 par
2145 2322 109 18 l’harmonie
2268 2323 33 17 des
2310 2322 62 24 génies
2387 2322 54 19 diffé-

1967 2351 59 21 rents,
2035 2349 107 23 supérieure
2147 2350 12 18 à
2165 2350 20 18 la
2192 2349 69 20 Société
2267 2351 33 18 des
2308 2350 76 20 Nations
2391 2352 50 17 d’au-

1966 2377 100 23 jourd’hui,
2076 2378 101 22 généreuse
2192 2378 89 19 tentative
2289 2379 114 22 d’aveugles,
2422 2380 17 17 la

1967 2404 71 20 Société
2046 2406 33 18 des
2088 2406 74 22 patries,
2178 2406 101 22 gardienne
2295 2408 18 16 et
2328 2407 113 19 réalisatrice

1967 2435 25 17 du
2002 2434 43 18 rêve
2053 2434 69 18 éternel
2131 2434 23 18 de
2162 2434 18 18 la
2189 2434 49 18 vraie
2246 2434 49 23 paix.

2017 2467 54 19 Breiz
2083 2469 51 17 Atao.

1995 2532 24 22 A
2031 2532 101 22 Corsica
2141 2538 34 16 un
2185 2532 14 22 è
2210 2532 80 22 micca
2301 2539 34 16 un
2350 2533 89 26 dipar-

1966 2566 106 22 timentu
2093 2566 121 26 francese,
2234 2566 13 21 è
2258 2572 51 16 una
2333 2567 105 22 nazione

1966 2600 70 21 vinta
2056 2599 42 22 chi
2109 2599 33 22 ha
2156 2599 34 22 da
2202 2599 108 23 rinasce.

2269 2639 76 18 Saveriu
2355 2640 56 18 Paoli.

1979 2690 237 30 Âiacciu-Stamparia
2235 2692 22 22 di
2281 2694 22 21 A
2328 2693 96 23 Muvra

1966 2724 22 23 U
2000 2725 214 29 dii‘eltore-gerente
2224 2733 6 15 :
2251 2726 71 23 Petru
2333 2726 104 23 ROCCA

14 2815 124 38 PgittinudiA
145 2829 79 20 Ivluyra
228 2840 23 4 —
256 2836 18 13 n-
282 2830 46 19 35—
335 2832 18 17 di
360 2836 14 13 u
379 2831 71 18 18-4-26

182 2968 66 20 OSSIA

50 2991 31 38 ^
93 2989 69 49 ftofk
178 3005 31 34 di
224 3004 175 38 PêpJemôVê

14 3045 127 38 RAC0NT0
145 3063 108 26 CORSO
259 3066 59 22 DEL
326 3064 123 24 SECOLO

171 3113 85 24 XVIII

203 3156 25 18 DI

124 3184 35 28 B.
175 3189 174 26 Guerra^l

151 3243 11 27 (
162 3244 110 31 Seguito)

15 3274 106 55 ^rÌfamo
122 3289 23 21 10
165 3297 25 15 *n
213 3299 75 17 onore
307 3294 40 22 del
369 3293 59 22 frate
442 3299 7 15 :

13 3340 19 18 îje
41 3316 13 33 ?.
63 3320 71 25 Un(lue
144 3324 48 26 egli
206 3326 140 23 sciorinasse
366 3327 84 22 dottri-

12 3351 43 40 cjjU
64 3348 118 30 dfffidenza
193 3358 30 21 da
234 3359 141 29 disgradane
384 3361 66 21 Mac-

13 3382 96 46 îi,eJellcL
120 3387 24 21 in
154 3391 145 24 praticafmo
311 3400 15 15 a
337 3395 113 26 quelmo-

13 3437 15 19 $.0
34 3439 6 21 J
57 3418 12 15 0
79 3422 73 20 aveva
160 3425 97 22 creduto
264 3432 93 21 spesso,
365 3434 13 14 e
385 3433 65 22 spes-

15 3448 139 47 ^ai*at°,
164 3462 50 16 non
226 3458 20 21 si
254 3465 40 15 era
302 3466 87 16 ancora
398 3466 52 16 cor-

16 3492 42 35 5^’
76 3488 13 14 e
104 3487 57 25 Perô
183 3496 50 16 non
249 3492 34 27 gli
301 3499 102 21 passava
419 3494 31 21 nè

91 3523 42 20 ^er
150 3523 82 22 om^ra
255 3526 39 21 nel
314 3527 104 21 cervello
433 3527 17 21 il

16 3551 52 39 derj,C.
76 3553 21 21 °5
114 3552 42 22 c^-e
167 3554 110 30 l’Astolfi,
291 3562 105 20 corrotto
407 3566 44 21 per

96 3589 83 19 avesse
206 3595 55 16 reso
272 3591 22 21 la
315 3592 101 28 Capraia
426 3593 24 21 ai

15 3613 85 46 cro^
114 3622 68 19 Senza
193 3622 32 21 nè
235 3629 58 16 anco
303 3631 34 16 un
353 3627 98 20 sïmula-

12 3663 18 19 re
59 3658 6 5 '
73 3651 90 26 assarto,
184 3654 44 22 che
238 3657 95 22 valesse
340 3665 14 15 a
366 3659 85 22 colori-

11 3691 15 23 k
76 3683 58 20 -*a
146 3690 103 24 compra,
263 3692 23 19 et
297 3691 23 20 la
334 3692 42 27 più
386 3693 65 20 brut-

94 3713 39 23 ita.
160 3717 62 24 Però
238 3721 18 21 il
277 3727 115 24 sospetto,
406 3725 44 21 che

475 2828 86 20 ultimo
581 2827 21 21 si
622 2826 85 22 offerse
736 2828 45 21 alla
807 2830 82 20 mente
910 2828 40 22 del

475 2859 61 22 frate
553 2859 100 23 sfidente
664 2861 156 27 speculativo,
832 2861 22 22 fu
870 2862 17 21 il
901 2862 50 27 pri-

475 2898 41 17 mo
529 2893 46 22 che
587 2899 78 16 venne
678 2894 41 21 nel
738 2894 112 27 pensiero
872 2894 39 23 del
922 2895 28 22 fi-

476 2926 101 22 ducioso
591 2927 98 26 pratico,
703 2927 76 22 dicui
791 2928 22 21 la
826 2928 74 22 faccia
916 2929 32 21 di-

475 2960 75 22 ventò
562 2960 84 22 bianca
665 2966 69 17 corne
752 2967 80 22 panno
854 2963 79 22 lavato
941 2969 7 19 ;

476 2994 123 22 senonebè
610 2994 65 28 dopo
692 3000 33 16 un
736 2995 96 23 brivido
840 2996 109 28 leggiero

476 3034 44 21 per
530 3030 61 20 tutta
601 3028 22 21 la
632 3033 109 23 persona,
761 3029 30 21 ed
803 3035 32 15 un
853 3030 97 28 aggrin-

475 3063 109 20 zaoeento
596 3067 92 22 appena
703 3062 97 22 visibile
811 3063 40 21 dei
864 3063 83 27 labbri,

476 3095 65 21 disse
552 3100 6 16 :

503 3139 28 5 —
544 3128 83 26 Padre,
637 3129 84 21 andate
730 3131 65 20 sotto
806 3131 105 26 coperta.

502 3173 30 4 —
540 3161 44 22 Vo’
594 3163 89 20 restare
690 3163 24 20 io
723 3168 6 19 ;
742 3162 131 23 vo'vedere
881 3164 17 21 il
906 3163 43 23 fat-

475 3197 25 19 to
513 3195 49 21 mio
570 3201 6 16 ;
589 3195 136 23 scendiamo
734 3197 92 26 armati,
835 3203 13 15 e
863 3198 85 21 tentia-

475 3234 41 16 mo
528 3234 140 22 recuperare
680 3229 77 21 l’isola
768 3236 42 21 per
821 3230 72 22 forza.

483 3272 49 21 _—
541 3261 44 21 Fra
598 3260 155 28 Bernardino,
772 3263 39 26 qui
829 3265 118 21 comando

475 3295 62 21 solo.
548 3294 166 22 Rammentate
723 3295 45 21 che
783 3297 21 19 la
816 3296 132 22 obbedien-

474 3333 25 15 za
508 3326 14 22 è
530 3332 49 16 uno
586 3327 38 21 dei
635 3328 75 21 vostri
721 3328 58 25 voti,
788 3329 30 21 ed
826 3329 119 22 obbedite.

476 3359 121 30 Svegliate
606 3361 16 21 il
632 3361 81 27 pilota,
722 3368 13 15 e
744 3362 83 29 ditegli
836 3363 44 22 che
888 3370 59 16 ven-

474 3400 31 22 ga
516 3396 65 20 tosto
596 3394 28 21 da
636 3400 46 16 me.

504 3427 22 22 Il
533 3428 61 22 frate
605 3428 100 21 abbassò
715 3429 16 21 ii
743 3435 68 22 capo,
826 3430 29 21 ed
865 3431 80 28 esegui

476 3460 17 22 il
500 3461 198 22 comandamento
706 3468 6 19 ;
721 3462 49 22 indi
780 3470 14 14 a
803 3464 72 21 brève
882 3470 65 16 com-

475 3499 75 21 parée
562 3494 17 22 il
592 3494 72 28 pilota
677 3495 16 20 il
706 3497 77 25 quale,
797 3497 68 22 desto
874 3497 23 22 di
909 3503 38 16 so-

476 3528 124 26 prassalto,
610 3528 21 20 si
640 3527 96 28 fregava
748 3530 31 27 gli
794 3530 68 22 occhi
878 3537 68 16 corne

476 3565 80 16 mezzo
568 3563 133 19 assonnato.

503 3604 30 4 —
545 3593 88 26 Memè,
643 3594 32 28 gli
686 3596 110 22 sussurrò
804 3598 142 27 negli'orec-

475 3626 81 21 recchi
576 3626 18 21 il
610 3627 109 27 capitano
736 3629 114 28 Angiolo,
867 3631 79 21 abbia-

476 3664 41 16 mo
529 3659 65 21 datto
618 3661 62 21 nelia
699 3661 74 23 bocca
791 3664 20 20 al
828 3664 66 23 lupo.
913 3664 32 22 La

477 3691 101 27 Capraia
599 3691 13 22 è
630 3695 88 20 venuta
746 3694 25 22 in
791 3696 92 27 potestà
906 3697 39 22 dei

477 3723 119 27 Francesi,
607 3725 30 21 ed
646 3726 120 29 allungato
774 3729 19 21 il
804 3729 93 22 braccio
906 3731 39 21 ad-

976 2830 79 21 ditava
1068 2831 21 20 al
1101 2830 74 27 pilota
1188 2831 22 22 la
1222 2831 113 23 bandiera
1344 2838 71 22 sopra
1422 2834 23 21 la

976 2865 71 20 torre.

1002 2908 30 5 —
1043 2896 39 23 Oh
1094 2897 5 21 !
1114 2903 121 23 proruppe
1248 2898 80 23 Memè
1337 2899 108 23 sbarran-

970 2930 37 22 •do
1017 2930 33 28 gli
1061 2930 76 22 occhi.

969 2982 5 7 ,
1002 2975 29 5 —
1041 2964 45 26 Va,
1104 2965 67 21 metti
1184 2967 58 20 tutta
1253 2967 23 21 la
1285 2969 71 26 gente
1375 2968 21 20 al
1408 2973 36 16 re-

975 3003 49 20 mo,
1034 2998 45 21 tira
1088 3004 26 16 su
1122 2997 110 28 l’àncora,
1242 3000 128 22 dammene
1382 3001 18 21 il
1407 3006 37 16 se-

974 3036 49 23 gno
1034 3037 5 20 ;
1053 3032 41 26 poi
1107 3033 83 20 attend
1201 3033 23 21 al
1234 3033 94 27 fischio,
1342 3040 14 15 e
1364 3033 44 29 giù
1419 3034 24 22 in

974 3070 33 16 un
1019 3065 83 22 attimo
1114 3065 7 21 i
1134 3066 59 21 remi
1203 3066 64 28 dagli
1280 3068 84 22 scarmi
1371 3074 6 20 ;
1391 3080 29 4 —
1426 3068 20 25 il.

974 3098 75 22 timon
1052 3104 15 16 e
1077 3104 74 23 reggo
1162 3099 34 22 io.

1002 3143 27 5 —
1041 3131 19 22 E
1071 3132 29 22 da
1111 3133 55 27 quei
1180 3133 51 22 frati
1241 3139 50 17 non
1300 3135 19 21 si
1326 3135 117 27 potrebbe

975 3171 83 16 cavare
1070 3167 86 26 partito
1168 3167 14 20 ?

1001 3210 29 5 —
1041 3199 21 22 Il
1071 3200 102 27 bisogno
1184 3200 12 22 è
1204 3202 101 26 grande;
1321 3203 98 26 parlane
1429 3208 14 16 a

973 3233 72 27 padre
1064 3233 154 27 Bernardino,
1240 3235 59 27 digli
1319 3235 29 21 da
1377 3238 65 25 parte

973 3267 47 20 mia
1031 3272 6 19 ;
1048 3267 44 20 che
1105 3266 7 21 i
1123 3267 72 27 primi
1214 3268 114 27 discepoli
1342 3269 23 21 di
1377 3269 66 22 Gesù

973 3298 79 22 Cristo
1065 3299 84 22 furono
1161 3301 127 26 pescatori,
1303 3302 32 21 ed.
1344 3307 41 16 ora
1400 3302 42 22 im-

972 3334 68 25 porta
1053 3332 31 22 cli
1091 3333 47 27 egli
1151 3339 26 15 se
1189 3339 31 16 ne
1231 3336 134 20 rammenti.
1373 3348 29 4 —

1001 3365 24 22 Si
1034 3365 40 23 udi
1082 3372 31 16 un
1121 3366 85 23 fischio
1217 3368 28 20 da
1254 3373 65 21 prua,
1327 3374 14 16 a
1350 3370 39 21 cui
1398 3370 44 22 ris-

972 3405 59 22 pose
1043 3406 32 15 un
1087 3401 59 21 altro
1159 3401 31 20 da
1201 3406 89 22 poppa,
1301 3408 13 15 e
1331 3402 25 22 in
1373 3409 69 16 meno

973 3433 43 21 che
1034 3439 49 16 non
1101 3434 18 21 si
1142 3434 53 21 di.ee
1218 3440 80 20 amen,
1317 3436 21 21 la
1351 3437 89 21 ciurma

972 3466 158 23 sfrenellando
1143 3468 62 21 mise
1221 3468 6 20 i
1242 3468 60 21 remi
1326 3469 24 22 in
1370 3476 69 22 voga,

971 3500 31 21 ed
1013 3500 98 22 arrancò
1123 3507 12 14 a
1147 3501 66 27 golfo
1221 3502 101 22 lanciato
1331 3509 6 15 :
1350 3503 17 21 ii
1377 3504 64 27 capi-

971 3535 56 20 tano
1039 3534 115 28 Angioio,
1162 3536 91 26 pratico
1260 3535 40 21 del
1308 3536 80 28 luogo,
1396 3538 44 20 las-

972 3566 37 22 ciè
1021 3567 77 27 prima
1115 3573 94 17 correre
1229 3570 22 20 la
1262 3569 79 27 galera
1360 3570 80 21 diritta

971 3605 43 22 per
1026 3606 32 15 un
1068 3603 68 20 cento
1149 3603 76 26 palate
1233 3608 5 16 :
1252 3603 40 26 poi
1306 3602 133 29 spingendo

971 3633 24 21 di
1008 3639 48 17 uno
1070 3637 113 20 strettone
1194 3637 21 20 la
1224 3636 134 21 manovella
1366 3642 14 15 a
1388 3637 52 21 des-

970 3669 36 19 tra
1020 3668 23 20 la
1055 3667 52 23 fece
1113 3669 79 27 girare
1203 3676 14 15 a
1229 3669 88 28 poggia
1325 3676 6 14 :
1344 3670 22 21 îa
1378 3676 61 16 nave

971 3700 114 23 cedevole
1095 3702 23 27 pi
1120 3708 46 22 ego
1177 3708 65 16 corne
1251 3703 54 21 vêla
1313 3703 25 22 di
1346 3704 91 21 molino

970 3739 15 16 a
1004 3737 74 20 vento
1100 3736 140 22 rasentando
1265 3736 35 28 gli
1319 3738 84 27 scogli,
1425 3743 13 16 e

1470 2839 95 22 sempre
1576 2835 141 22 scivolahdo
1730 2842 13 16 a
1752 2838 55 26 pelo
1819 2837 62 22 délia
1887 2842 53 17 Cos-

1469 2868 24 20 ta
1504 2867 44 22 irta
1560 2868 25 21 di
1597 2871 83 24 punte,
1688 2874 44 17 con
1742 2870 116 22 destrezza
1870 2871 69 21 mira-

1468 2900 48 22 bile
1528 2901 106 27 trapassô
1647 2902 24 21 di
1684 2905 63 20 sotto
1760 2905 22 20 al
1794 2903 69 27 forte,
1870 2910 70 16 senza

1469 2933 44 22 che
1520 2934 8 21 i
1537 2935 103 22 cannoni
1648 2936 22 21 la
1676 2939 125 24 potessero
1809 2937 128 22 offendere.

1496 2978 28 5 —
1535 2968 86 22 Anche
1632 2972 83 24 queste
1728 2970 13 21 è
1752 2973 100 24 passata,
1866 2972 73 21 escla-

1468 3000 40 22 mô
1520 3000 59 22 frate
1593 3001 154 28 Bernardino,
1759 3004 94 27 quando
1864 3005 23 21 la
1898 3010 41 23 ga-

1468 3034 56 26 lera,
1548 3038 112 24 spuntato
1681 3042 60 22 capo
1754 3036 64 28 Fico,
1838 3038 61 21 mise
1916 3039 22 21 la

1467 3073 59 22 prua
1537 3074 73 17 verso
1621 3072 113 24 ponente,
1745 3076 15 16 e
1771 3070 76 23 fermo
1855 3072 38 21 sul
1901 3077 37 16 re-

1468 3106 40 17 mo
1519 3102 151 28 raccoglieva
1690 3109 46 16 con
1747 3105 24 20 la
1781 3110 72 16 mano
1872 3105 17 21 il
1901 3111 37 15 su-

1468 3134 58 22 dore
1541 3136 44 21 che
1602 3137 33 27 gli
1648 3137 152 27 sgocciolava
1819 3138 39 22 dal
1874 3139 62 26 viso,

1467 3168 133 28 gittandolo
1614 3170 98 22 lontano
1725 3171 30 21 da
1767 3171 26 21 sè
1804 3172 37 21 sul
1855 3174 80 25 ponte.

1494 3213 29 5 —
1530 3202 55 23 Non
1595 3203 38 22 dir
1644 3206 94 25 quattro
1751 3204 78 23 finchè
1841 3206 22 21 la
1877 3211 60 16 noce

1467 3240 49 17 non
1524 3236 14 21 è
1549 3237 40 21 nel
1597 3243 74 16 sacco.

1494 3280 29 4 —
1534 3269 47 22 Per
1603 3271 21 20 la
1642 3270 152 24 Immacolata
1802 3272 6 20 !
1826 3272 23 21 O
1862 3272 45 22 che
1917 3272 19 22 ti

1467 3308 56 21 pare
1531 3302 45 22 che
1587 3308 49 16 non
1651 3304 61 21 basti
1724 3305 23 21 la
1764 3305 92 27 perdita
1876 3306 61 21 délia

1468 3340 99 29 Capraia
1574 3342 13 21 ?
1599 3342 47 22 Per
1661 3343 134 23 soddisfare
1806 3350 33 16 un
1855 3350 81 22 presa-

1466 3375 41 28 gio
1516 3376 130 22 malurioso
1654 3382 49 16 non
1714 3377 19 21 ti
1745 3384 44 21 par
1797 3378 47 28 egli
1852 3378 45 22 che
1909 3384 27 16 ce

1466 3414 31 15 ne
1508 3408 35 22 sia
1554 3409 132 23 d'avanzo?

1493 3453 29 5 —
1531 3442 75 22 Padre
1612 3443 6 20 !
1631 3443 75 22 Padre
1715 3444 7 20 !
1734 3445 80 21 Avete
1825 3446 64 21 visto
1895 3446 13 21 ?

1492 3487 29 4 —
1533 3475 51 22 Che
1593 3477 74 21 cosa?
1678 3477 94 28 rispose
1783 3478 19 22 il
1812 3478 61 22 frate
1884 3480 52 21 vol-

1465 3509 94 21 tandosi
1571 3510 24 20 di
1608 3510 86 21 sbalzo.

1492 3553 28 4 —
1529 3541 54 22 Due
1591 3543 99 27 legni—
1698 3544 47 21 due
1756 3545 64 28 legni
1832 3545 102 22 francesi

1465 3580 13 16 a
1489 3581 77 16 mezzo
1577 3576 48 22 tiro
1637 3577 24 21 di
1671 3583 116 16 cannone.

1491 3620 29 4 —
1532 3608 26 23 Io
1571 3615 49 16 non
1629 3610 32 21 ho
1673 3611 94 21 visto...
1777 3612 26 21 io
1811 3617 50 16 non
1870 3612 63 22 vedo

1464 3642 109 22 nienie...

1492 3670 33 21 Ed
1536 3676 110 17 avevano
1659 3672 55 21 tutti
1733 3678 14 15 e
1768 3673 46 21 due
1824 3674 107 26 ragione,

1463 3703 58 27 perô
1533 3704 45 21 che
1589 3704 19 22 il
1626 3707 75 20 vento
1719 3705 64 22 fosse
1800 3707 131 27 abbassato,

1464 3743 38 16 ma
1511 3738 18 21 il
1539 3744 66 15 mare
1617 3739 20 20 si
1647 3741 152 20 mantenesse
1812 3746 94 23 grosso,
1919 3748 14 15 e

1965 2834 126 25 rotoiando
2100 2838 100 22 immani
2207 2839 92 21 volumi
2316 2839 22 21 di
2352 2844 83 22 acqua,

1965 2876 49 20 ora,
2028 2876 68 17 corne
2104 2871 85 23 dentro
2199 2872 154 27 capacissima
2360 2873 76 26 valle,

1965 2905 114 21 celavano
2088 2905 23 21 le
2122 2905 65 25 navi,
2207 2905 30 21 ed
2248 2911 42 16 ora
2306 2906 23 21 le
2341 2907 97 26 sospin-

1964 2943 94 22 gevano
2076 2938 67 28 quasi
2158 2943 71 22 sopra
2244 2939 23 21 la
2279 2941 76 19 cresta
2366 2939 26 21 di
2403 2945 34 16 un

1964 2973 83 20 monte
2054 2978 6 19 ;
2074 2971 79 22 donde
2163 2971 126 28 l’apparire
2296 2978 15 15 e
2322 2973 24 21 lo
2356 2978 81 16 scom-

1964 3005 78 26 parire
2050 3005 24 21 di
2087 3005 45 21 due
2141 3005 78 28 grossi
2232 3005 132 22 sciabecchi
2373 3005 64 23 fran-

1964 3038 57 25 cesi,
2034 3038 66 28 legni
2112 3039 75 21 molto
2203 3039 79 21 usitati
2294 3039 27 21 in
2337 3038 99 23 Francia

1963 3080 14 15 a
1999 3074 54 28 quei
2074 3075 83 27 tempi,
2181 3074 110 27 dopochè
2312 3076 44 21 ella
2373 3076 63 21 ebbe

1964 3113 91 16 smesso
2074 3105 50 24 fmo
2136 3107 38 22 dal
2188 3113 54 22 1740
2252 3108 24 21 le
2286 3109 80 27 galere
2388 3115 13 16 e
2411 3110 25 21 le

1963 3146 77 16 mezze
2050 3142 88 26 galere.

1990 3186 29 4 —
2027 3173 72 23 Santa
2104 3174 55 22 fede
2169 3175 5 21 !
2188 3175 32 22 oh
2228 3175 6 21 !
2243 3175 18 22 Ii
2274 3176 62 21 vedo
2345 3183 5 19 ;
2363 3176 19 22 li
2391 3182 43 16 ve-

1963 3207 32 22 do
2008 3213 87 17 ancora
2106 3209 31 25 io,
2154 3214 70 22 prese
2242 3215 13 15 a
2276 3210 77 21 urlare
2364 3210 26 21 di
2402 3216 34 16 un

1962 3243 71 20 tratto
2062 3240 60 23 frate
2143 3241 156 27 Bernardino,
2313 3244 37 20 cui
2362 3244 22 21 si
2401 3243 34 22 fe-

1963 3280 55 15 cero
2030 3280 14 16 a
2064 3280 42 16 sua
2117 3275 67 21 volta
2203 3276 74 26 palesi
2289 3276 9 21 i
2311 3277 46 20 due
2367 3277 68 27 legni

1962 3307 96 22 nemici.
2072 3307 60 22 Ecco
2144 3307 23 22 là
2179 3309 85 21 cotesti
2277 3310 158 22 scomunicati

1961 3341 60 28 gigli
2033 3341 24 21 di
2070 3347 51 21 oro,
2133 3347 40 16 ma
2185 3342 37 22 ciò
2235 3342 45 22 che
2299 3343 34 21 mi
2352 3342 23 23 fa
2391 3344 44 27 più

1961 3376 76 20 saetta
2045 3380 61 16 sono
2117 3376 80 27 quegli
2205 3376 89 27 angioli
2305 3376 44 21 che
2357 3377 17 21 li
2383 3382 51 17 sos-

1961 3409 106 26 tengono
2078 3414 6 15 :
2095 3408 44 21 che
2149 3414 55 16 cosa
2213 3409 22 20 ci
2244 3409 96 22 entrino
2349 3411 41 27 qui
2399 3412 34 27 gli

1961 3441 90 28 angioli
2071 3442 25 21 io
2107 3447 49 16 non
2168 3442 34 21 mi
2217 3448 27 16 so
2259 3444 141 26 capacitare,
2419 3451 14 15 a

1960 3479 73 16 meno
2045 3474 44 21 che
2100 3480 51 16 non
2167 3474 92 23 fossero
2272 3476 25 22 di
2317 3478 54 23 quei
2384 3478 50 21 bri-

1960 3508 66 27 gand
2038 3507 45 22 che
2091 3507 48 22 Dio
2148 3509 119 26 agguantô
2277 3516 44 21 per
2328 3511 19 21 il
2355 3513 76 25 petto,

1960 3546 14 16 e
1985 3540 133 23 arrandellô
2129 3541 43 28 giù
2184 3542 38 21 dal
2231 3544 120 26 paradiso.
2361 3544 34 22 Su
2402 3545 31 22 da

1959 3574 83 26 bravo,
2056 3575 109 27 capitano
2186 3576 121 28 Angiolo;
2324 3579 109 28 spiegate

1959 3608 23 21 la
1993 3608 113 21 bandiera
2118 3614 68 16 corsa
2196 3615 13 15 e
2222 3611 111 22 andiamo
2346 3615 86 20 contro

1960 3641 77 27 questi
2044 3642 60 26 cani,
2113 3643 67 21 salvo
2191 3643 148 24 ilbattesimo
2347 3652 6 19 ;
2365 3652 68 21 pres-

1958 3677 26 19 to
1997 3675 44 21 che
2054 3676 25 21 lo
2092 3675 99 29 indugio
2203 3677 74 27 piglia
2292 3678 64 23 vizio
2362 3686 6 19 ;
2380 3686 50 16 uno

1959 3709 64 27 dopo
2035 3708 76 23 l’altro
2123 3715 70 16 corne
2207 3711 22 20 le
2241 3711 103 28 ciliegie.

2015 3742 9 28 (
2027 3742 139 30 Cuntinua)
