2640 3956
49 557 15 25 £
74 553 42 26 /Aiô
129 548 126 26 Piantazioni

29 628 51 20 porcu
87 620 49 18 falzu
143 617 108 22 juramentu
259 616 5 18 !

29 655 12 10 A
47 645 95 24 maladetla
150 642 63 23 galera
218 641 5 17 !

15 676 56 22 rh»ellu
77 673 59 19 venga
144 668 20 17 lu
174 666 128 23 scumpienlu!

30 695 81 29 g^ppieci
123 698 13 13 u
145 693 42 18 celu
199 697 12 12 a
218 692 19 17 la
244 692 58 18 terra!

29 729 44 20 jjopu
80 719 39 21 avè'
124 719 53 17 tantu
186 718 76 20 sudatu,

29 755 30 18 per
66 751 28 16 me
102 749 42 15 sera
151 743 50 17 famé
211 747 53 14 nera.

0 765 11 25 1
238 775 10 13 x.

29 796 98 28 principiat’
131 794 43 19 avla
182 793 21 18 di
211 798 65 14 marzu

34 827 30 21 4fà
71 825 17 18 le
96 821 37 19 miô
140 819 115 23 piantazioni
263 824 6 13 :

30 850 46 24 ïanti
84 846 49 25 jorni
141 845 19 18 di
168 845 97 21 strapazzu
271 844 5 17 !

30 870 163 29 yaghiu’ngullitu
200 869 88 18 bucconi!

32 904 17 19 Ci
55 899 56 24 agbiu
118 896 63 23 jucatu
190 894 95 23 camisgia,

31 922 94 27 Caizanetti
132 926 23 14 cu
163 920 79 19 calzoni.

31 976 59 24 pjuit’è
96 976 19 17 la
123 973 37 18 miò
168 972 81 18 raccolta

32 1007 11 18 2
49 1002 40 25 ghiè
97 1000 48 19 tntta
152 998 102 18 rientrata:

31 1027 80 26 yppuntu
117 1024 18 19 si
141 1023 24 23 pè
173 1028 38 12 una
219 1022 54 18 volta

21 1056 44 22 ,gjj|u
72 1058 10 13 a
88 1049 64 21 fammi
160 1053 38 13 una
210 1048 95 22 spanzata,

65 1082 38 16 nun
111 1076 20 18 sò
139 1078 54 15 cume
201 1073 88 23 faraghiu

32 1108 21 19 pè
59 1106 20 18 lu
85 1102 52 19 restu
144 1100 20 17 di
171 1100 89 17 l’annata.

32 1161 7 18 1
44 1157 32 20 miò
81 1152 48 26 pomi
137 1150 111 24 primalicci,

32 1180 70 24 Piantati
110 1183 11 13 a
126 1178 18 17 la
151 1177 46 17 luna
203 1175 84 23 yecchia,

33 1211 20 18 Sò
59 1205 43 20 tutti
109 1201 78 24 rugnosi
195 1206 12 13 e
213 1201 50 18 vizzi

32 1236 12 18 2
49 1234 51 18 stanu
107 1228 59 19 nentr’
172 1231 39 13 una
223 1226 81 19 secchia.

33 1262 8 18 I
46 1255 69 22 tardivi,
123 1259 27 13 un
157 1257 26 13 ne
190 1252 86 23 parlemu
281 1252 5 18 !

33 1281 73 24 Zitti,chi
110 1278 67 23 n’aghj’
181 1283 39 13 una
225 1276 78 20 tecehia!

33 1335 69 20 Ouattru
109 1331 47 18 libre
163 1330 23 17 di
197 1330 81 22 fasgioli,

32 1358 74 24 Bianehi,
117 1355 47 19 rossi
173 1360 11 13 e
192 1354 111 24 frisgiulali,

33 1385 87 22 patt’hanu
127 1382 8 18 i
142 1380 91 19 caverioli

33 1413 24 19 j{a
63 1411 13 18 H
85 1408 44 19 fiori
135 1411 27 14 un
170 1406 22 18 sò
200 1407 37 17 ma’
243 1406 38 18 nati
286 1411 5 16 ;

32 1435 93 23 Unn’aghiu
139 1431 110 23 assaghiatu
256 1436 47 17 unu,

32 1465 21 18 Ne
58 1459 67 22 freschi
131 1462 25 14 ne
160 1456 118 24 sgranellati.

33 1514 43 21 Viflti
83 1513 66 21 cinque
158 1509 69 19 treccie
235 1508 68 24 d’agliu
310 1527 3 3 .

35 1542 29 19 Chx
70 1543 22 15 ne
99 1536 58 25 jerau’
165 1540 27 14 un
199 1534 67 19 videre
270 1539 6 17 ;

32 1566 53 21 L’avìa
91 1565 44 17 datu
142 1567 14 13 u
163 1560 129 23 so’travagliu,

32 1594 44 18 Suvu
83 1591 20 17 in
110 1589 48 18 tulle
166 1587 18 18 le
193 1590 75 14 manere
273 1590 5 12 :

33 1619 24 18 C’è
63 1615 75 25 ghiunta
145 1614 18 17 la
171 1611 78 19 malatia

32 1640 104 23 Cantenduci
140 1644 14 13 u
161 1638 97 18 miserere.

0 1695 4 6 '
32 1695 30 20 Bai
68 1692 58 20 solcbi
133 1691 20 19 di
160 1690 85 18 melzane

33 1722 31 18 Che
68 1720 100 21 ’nnaquava
174 1715 40 23 ’gni
223 1714 69 18 matina
296 1718 6 17 ;

32 1746 58 19 M’avìa
97 1743 87 19 mandatu
192 1741 19 18 le
219 1744 58 19 grane

18 1785 2 3 .
32 1774 22 17 ])a
59 1772 18 17 la
82 1768 103 21 Fuciecbia,
191 1764 94 23 Slellina:(
285 1764 19 23 1)

32 1800 8 17 1
46 1796 64 20 sumeri
117 1795 20 18 di
144 1792 105 20 Sciamboru

34 1824 62 19 N’hanu
104 1821 49 18 îattu
160 1820 19 18 la
187 1817 97 19 stermina.

33 1877 30 17 Tre
68 1873 81 25 piantine
156 1872 20 18 di
185 1869 72 22 miloni,

34 1902 18 18 Di
58 1899 94 20 ravanetle
159 1902 11 13 e
178 1897 71 18 carotte
254 1900 6 12 :

33 1928 30 18 Tra
69 1927 18 17 le
91 1928 54 19 câpre
152 1928 11 13 e
169 1923 16 18 li
193 1920 86 20 muntoni

33 1952 12 19 E
51 1952 71 18 m’hanu
129 1949 92 22 sterparte
229 1947 50 17 lutte
284 1950 5 17 ;

33 1978 13 18 E
52 1979 17 17 le
76 1977 36 18 miò
119 1973 99 21 cullazioni

33 2004 22 18 Mi
62 2005 50 16 tocca
118 2002 20 18 di
145 2000 44 18 falle
197 1998 91 19 asciutte-

33 2056 22 18 Sò
62 2054 100 24 disgnstatu
169 2051 107 19 all’intuttn

32 2081 21 18 Di
60 2081 54 17 fanne
120 2080 19 17 lu
146 2076 129 24 zappaghiolu.

34 2106 14 19 U
54 2106 37 18 miò
98 2103 129 25 vagiiunacciu
235 2102 62 18 frustu

33 2132 25 18 Eu
67 2132 20 17 lu
94 2130 72 19 so’stile
174 2134 11 13 a
192 2127 88 25 cugnolu,

33 2157 56 19 S’ellu
96 2156 42 18 vole
145 2155 18 18 fa
168 2153 84 25 prudigi,

34 2182 22 19 Or
63 2182 65 19 ch’ellu
136 2182 15 17 li
159 2180 59 19 faccia
226 2179 43 19 solu
273 2177 5 18 !

34 2234 78 19 Essendu
119 2237 73 19 sempre
199 2231 72 21 zitellu,

34 2260 56 23 Aghiu
96 2259 52 23 guasi
157 2262 38 14 una
202 2259 95 21 speranza:

35 2285 63 19 Perché
106 2285 19 18 di
132 2284 58 23 piglià
198 2288 14 14 u
220 2281 79 20 battellu

34 2311 23 18 ?ve
64 2310 108 24 aghj’avutu
179 2309 119 19 abbastanza.

36 2336 12 17 E
54 2337 22 17 da
82 2337 19 18 la
108 2336 38 18 miò
151 2335 104 19 Riventosa

34 2361 47 19 Sarìa
88 2362 47 18 dura
142 2362 18 17 la
167 2362 104 17 staccanza.

34 2416 52 20 Simai
93 2418 60 18 lasciu
160 2416 15 19 li
183 2416 39 17 miò
231 2413 56 23 piani,

36 2442 22 18 La
64 2444 36 18 miò
108 2443 50 19 bella
165 2439 123 21 Gursicbella,

35 2467 91 20 Gbiamatu
133 2469 21 17 in
160 2467 54 23 loghi
221 2463 74 21 luntani

35 2493 12 18 E
52 2494 76 24 pigliatu
136 2494 23 23 pè
166 2498 12 13 a
186 2491 92 20 cannella,

34 2519 22 18 Le
61 2520 75 18 lacrime
143 2524 26 14 un
176 2516 123 24 cunteragbiu

34 2544 92 20 Pensendu
135 2544 79 20 al’isula
222 2543 56 18 bella.

35 2595 11 18 E
52 2601 31 18 per
92 2597 20 19 fà
119 2598 64 22 prestu
192 2596 80 20 ritornu,

35 2620 30 20 Eiu
72 2622 85 24 feraghiu
166 2622 29 18 ciò
203 2622 36 18 che
247 2624 64 19 possu.

31 2646 122 26 'Penseragbiu
161 2653 11 13 a
176 2648 21 17 lu
204 2645 105 19 miòfornu,

30 2671 74 25 Sempre
111 2674 50 18 fieru
168 2673 62 18 d’esse
238 2675 54 14 corsu

35 2697 13 17 E
54 2698 47 19 fiera
109 2700 60 18 d’esse
177 2697 96 19 muvristu

31 2722 49 20 ïin’a
87 2730 14 13 u
108 2724 79 19 merollu
195 2723 20 18 di
222 2722 59 19 l’ossu
286 2720 5 18 !

133 2751 50 20 GX.
192 2749 97 21 Albert!.

30 2812 15 19 (1)
51 2814 52 15 Donnai
109 2813 16 15 di
132 2817 12 10 u
148 2811 86 17 Piedicorte,
240 2810 59 15 cnlossa
305 2812 8 11 e

18 2829 56 22 Mrbuta,
79 2833 27 16 chi'
113 2832 75 18 travaglia
195 2829 119 17 cuntinnalmen-

20 2850 10 14 fe
36 2855 8 10 a
48 2852 5 15 i
63 2854 34 15 duri
102 2853 52 16 la-yori
159 2852 20 15 d’i
184 2850 50 19 campi
242 2849 51 19 appar’
297 2848 17 14 di

20 2869 34 17 Vomi.

58 2989 82 25 ÇRMTÜ
150 2986 119 31 flNCH’EO

68 3025 8 34 (
83 3027 84 24 Per’ssa
176 3025 79 31 Moda)

37 3090 58 26 û’ogni
102 3100 60 18 rangu
170 3100 11 13 e
189 3093 77 24 qualité,

34 3116 57 21 'Tuttu
99 3121 56 22 pueta
164 3119 99 24 s’approda

32 3140 41 21 'Gun
80 3145 77 19 rimette
166 3150 36 18 per
210 3145 55 18 cantà

38 3166 12 19 E
55 3170 71 19 variété
134 3172 21 17 di
161 3171 20 18 la
189 3170 61 18 moda.

34 3191 55 23 'Senza
97 3197 24 17 dé
127 3198 56 17 tantu
190 3196 102 18 frastornu.

35 3217 77 23 ■Cauterò
119 3226 56 14 senza
183 3222 81 18 ritornu.

36 3267 76 24 ■Ouandu
120 3274 34 18 ûio
160 3274 43 18 fece
209 3273 23 17 lu
239 3271 76 21 mondu,

40 3293 35 21 Uaa
82 3302 103 20 cumpagna
193 3298 18 18 ci
218 3298 27 18 ba
252 3297 53 18 datu.

37 3318 54 23 Senza
99 3324 107 21 vulella,un
213 3321 102 20 l’ascondu,

40 3343 36 22 &na
82 3350 55 17 moda
145 3350 42 18 avia
195 3349 65 18 creatu
270 3352 5 13 :

37 3367 37 22 Eva
81 3374 61 21 piatta
149 3375 55 17 c’una
211 3373 59 22 foglia

22 3391 26 21 Evò
54 3397 31 19 cbi
88 3400 74 19 Adamu
169 3400 50 18 vede
227 3403 12 14 e
248 3397 69 23 boglia.

36 3444 10 18 !
51 3450 58 18 seeuli
117 3452 21 17 sô
146 3451 72 23 passati

37 3470 112 24 ■Eambiendu
155 3478 21 17 di
183 3476 101 21 vestitura,

39 3494 28 20 ^
73 3498 52 21 l’omi
133 3502 21 18 sô
161 3506 77 18 sempre
245 3500 45 19 stati

40 3519 80 25 Ebîelosi
127 3527 56 18 d’una
191 3528 71 20 futura,

39 3549 13 26 ^
59 3551 11 13 a
75 3549 61 20 donna
143 3553 56 17 tantu
206 3552 84 23 pregiata

38 3572 75 24 &empre
121 3577 59 18 fubbe
188 3578 38 17 ben
234 3577 84 19 fasciata.

40 3619 44 23 Eote
90 3630 13 14 a
110 3629 45 17 coda
163 3632 11 13 e
185 3628 100 22 crinuline,

40 3645 93 25 Manieotti
141 3657 12 14 e
159 3653 78 23 culissô,

38 3670 77 24 Adoss’a
121 3678 20 18 le
149 3678 99 22 signurine

41 3695 27 19 Eu
74 3699 14 17 li
96 3702 63 18 stretti
166 3707 72 18 caraco,

43 3723 100 24 jr^guitonu
150 3732 11 13 e
168 3728 109 22 preziusine

71 3753 11 12 a
89 3754 46 16 vera
139 3753 109 19 jevuluziô.

329 550 80 21 Quandu
417 557 60 14 vense
484 555 20 17 la
513 560 46 17 gran
567 557 68 23 gu’erra

351 576 36 18 Cbi
391 578 51 18 tanta
449 579 52 22 jente
509 581 25 17 ha
542 583 90 23 sterpatu,

352 601 21 18 Ci
381 603 54 18 volse
443 609 11 12 a
462 605 50 18 circé
519 611 76 15 manera

351 627 22 17 Di
382 628 63 22 riparà
453 631 67 20 questu
527 633 51 17 statu
587 639 5 12 :

329 652 58 19 Cume
395 659 11 13 a
415 656 55 17 moda
478 657 17 17 ci
510 658 123 23 s’impaccbia,

329 677 58 19 Ciôch
394 684 26 13 un
424 680 210 26 sivedeunsispaccbia.

350 735 60 23 Dipoi,
416 742 35 18 per
459 739 52 22 piace
519 745 11 13 a
542 741 89 23 l’occhiu,

350 760 21 18 Si
381 763 57 22 taglia
443 769 12 12 a
460 764 108 20 dirabinera

351 786 52 19 Fin’a
411 788 39 22 qui,
456 790 29 21 po’
491 795 11 12 a
508 795 12 12 u
525 791 98 19 dinoccbiu

350 811 173 24 Poipiù’nsù...chi
535 817 100 22 sà,stasera

329 836 28 18 Un
363 837 16 18 si
385 840 63 21 scopri
453 844 49 14 ancu
506 841 127 24 l’ineroccbiu,

352 862 11 18 S
371 863 42 18 ell’è
417 865 55 18 moda
475 865 10 18 ?
488 866 21 17 In
513 866 31 18 cbi
549 872 75 14 manera
628 868 5 18 !

351 920 47 18 Belli
405 922 54 22 petti,
468 923 79 23 breccie,
558 926 65 21 spalle,

352 945 58 23 Oghie
417 951 70 19 apparu
494 949 17 17 si
519 950 23 21 pò
551 950 46 19 bede
606 956 5 16 ;

351 970 82 24 Leggere
440 977 55 15 cume
501 974 80 23 farfalle,

352 995 117 25 Giuvinette,
475 999 53 19 Ci’ole
536 1005 12 13 a
556 1002 44 17 cede
606 1001 5 18 !

353 1021 13 18 O
376 1023 106 19 mudaccia!
490 1030 37 13 usu
536 1026 75 23 insanu,

352 1046 66 24 Mischj
427 1053 54 14 sacru
489 1054 24 14 cu
521 1051 87 22 prufanu.

352 1105 77 23 Eppuru
437 1107 22 18 lu
467 1112 47 18 gran
521 1109 79 22 piacere,

352 1131 25 18 Le
384 1132 60 21 virtù,
453 1133 21 17 lu
479 1133 53 19 dolce
539 1139 62 14 amore

352 1156 98 20 Chiedenu
458 1158 49 18 belle
515 1164 75 14 manere

352 1181 14 19 E
376 1187 26 13 un
410 1187 49 18 pocu
467 1184 33 22 più
506 1184 19 18 di
533 1186 78 21 pudore.

351 1207 16 18 U
375 1207 63 19 frultu
446 1209 88 18 cb’unn’è
543 1211 90 21 stentatu,

351 1232 60 19 Senza
419 1235 58 21 gustu
485 1234 11 18 è
504 1237 119 17 cunsumalu.

351 1284 53 23 Begu
412 1285 19 18 le
439 1285 39 18 miò
486 1288 92 17 camerate
605 1291 4 5 •

352 1310 87 18 lschiave
446 1310 45 18 dile
500 1311 72 21 trisore,

351 1334 65 19 Cu’sse
424 1336 42 17 rote
472 1336 141 22 scurtacchiate,

351 1360 14 17 E
373 1361 82 21 portanu
463 1365 23 14 cu
495 1366 76 14 russore
578 1366 5 16 ;

351 1385 27 23 Si,
387 1390 34 18 per
426 1390 51 18 casu,
485 1387 21 18 sô
514 1391 11 13 a
533 1388 47 21 pusé

350 1410 81 24 Sempre
438 1416 26 14 ne
472 1413 57 17 stanu
537 1417 11 13 a
556 1413 67 17 stinzà.

352 1467 132 21 Cursaccbiole
492 1469 80 19 îrescb’e
580 1470 55 21 belle,

352 1493 29 19 Un
390 1494 19 18 bi
415 1495 84 22 scuprite
506 1495 34 23 più
547 1497 54 17 tantu
606 1495 5 18 !

351 1518 80 23 Cuprite
437 1520 48 22 petti
495 1521 23 18 ed
526 1521 75 21 ascelle,

352 1544 83 20 Averete
442 1546 53 22 dipiù
503 1548 66 16 vanlu.

352 1570 66 18 Robba
425 1571 60 22 piatta
491 1571 18 18 fé
517 1572 75 18 curiosu
602 1578 5 12 :

330 1595 35 18 Più
376 1596 58 22 prest’
443 1598 77 17 averete
528 1602 62 18 sposu.

407 1637 84 19 L’Orsu
500 1636 113 20 d’Ox-ezza.

396 1757 31 24 A
440 1756 132 25 rAmici

351 1830 25 18 Or
386 1830 75 18 eccumi
471 1830 18 18 di
498 1830 73 17 ritornu

352 1854 59 24 Oghie
420 1855 20 18 in
448 1856 31 17 stu
488 1859 47 18 gran
543 1854 69 23 Parigi.

351 1880 70 18 Mandu
426 1885 11 13 a
445 1881 46 17 tutti
496 1881 22 17 lu
522 1880 114 22 bongiornu,

352 1906 17 18 A
376 1906 9 18 i
390 1906 75 23 parentï
470 1910 24 14 eu
499 1905 69 19 l’amici
574 1910 6 17 ;

354 1931 75 19 Godinu
434 1936 75 18 sempre
514 1931 62 18 salute

354 1956 27 20 Gu
389 1956 93 19 mumenti
490 1956 33 23 più
531 1956 60 18 felici.

355 2017 46 21 Avé,
409 2017 82 18 luntanu
499 2017 24 17 da
532 2016 51 20 tutti,

353 2042 27 18 Mi
388 2043 56 17 trovu
453 2042 32 22 qui
492 2042 49 21 solu,
551 2041 47 18 solu.

354 2068 110 23 Leghïendu
472 2073 11 12 a
488 2067 75 18 Baretla
571 2065 68 24 Misgia

355 2093 14 19 E
378 2094 18 17 la
402 2093 67 18 Muera
474 2093 27 17 mi
509 2092 86 21 cunsolu,

354 2119 106 19 Pensend’a
464 2118 60 23 quelli
529 2116 94 19 mumenti

355 2144 93 24 Ch’agbiu
456 2144 78 22 passatu
542 2143 21 17 in
567 2142 63 18 Niolu.

356 2202 23 19 Ci
384 2203 81 18 cantava
472 2201 45 22 ogni
522 2201 67 21 acellu,

356 2228 21 18 Si
386 2229 62 17 sentxa
456 2227 44 23 ogni
505 2227 72 20 tenore,

355 2254 55 18 Tiolu
418 2258 24 13 cu
450 2252 108 18 Minichelîu

356 2279 68 18 Dhrota
435 2283 11 14 e
453 2279 22 17 lu
483 2277 110 19 Cacciadore

356 2304 127 19 Fiordinandu
492 2308 11 14 e
507 2302 86 19 Minicale

335 2330 81 19 Ch’ebbe
424 2330 19 18 lu
453 2329 32 23 più
493 2329 70 23 grande
568 2331 63 14 onore.

645 2373 5 8 c

356 2388 58 18 Tanta
422 2387 52 23 jente
482 2386 48 18 s’era
537 2385 71 19 accolta

356 2414 38 18 Per
401 2413 55 18 sente
463 2413 21 17 lu
493 2410 137 24 Sampetracciu

358 2438 29 19 Cu
394 2439 52 17 tutte
454 2438 19 17 le
480 2437 110 18 so’canzone

358 2464 65 19 Fendu
431 2463 50 23 gesti
489 2466 25 14 eu
525 2462 22 18 lu
555 2460 84 22 bracciu;

357 2490 24 18 Di
388 2490 39 18 risa
435 2489 22 17 îù
464 2492 38 14 una
510 2487 75 21 ticchia,

358 2515 28 19 Cu
394 2515 78 18 Dorolea
480 2518 12 14 e
501 2511 98 23 Cavicchia(
602 2512 6 17 1
612 2512 7 22 )

358 2573 22 18 Li
388 2572 67 22 vecchj
461 2576 24 14 cu
493 2571 15 18 li
516 2570 60 18 zitelli

357 2598 111 18 Lentavanu
476 2596 114 20 scaccanate,

358 2623 82 19 Ridianu
448 2626 12 14 e
467 2621 98 19 damicelle

358 2648 28 18 Cu
394 2649 20 17 le
424 2648 62 18 donne
494 2646 93 20 maritale,

358 2674 53 18 Tutti
420 2673 123 23 guardavanu
551 2672 23 17 ad
583 2671 38 18 ellu

358 2698 110 19 Invienduli
477 2696 105 20 l’uccbiale.

359 2756 104 19 Ridarianu
470 2755 18 18 le
497 2755 53 22 petre

361 2780 101 24 Scapparia
469 2780 19 18 la
497 2779 101 18 malacella.

360 2807 29 18 Oh
394 2807 6 17 !
405 2806 48 18 belli
461 2810 11 13 e
484 2805 49 18 doîci
545 2804 98 21 mumenti,

361 2832 63 22 Quelli
432 2832 20 17 di
461 2831 18 18 la
488 2829 114 19 Merendella
611 2828 5 18 !

360 2858 52 18 Tutti
420 2861 39 14 una
467 2856 41 18 sola
514 2855 83 23 famiglia

359 2884 23 18 In
389 2882 75 19 onor’di
470 2880 124 20 Gursicbella.

361 2942 132 20 Cantavanuli
497 2942 52 22 pueti

360 2968 77 23 A’colpi
446 2966 154 21 disciaccamani,

361 2994 22 19 Ci
391 2994 22 18 fù
422 2992 78 20 discorsi
507 2991 89 23 cumpieti

359 3018 156 24 D’Appinzapal’e
520 3016 92 22 Graziani,

360 3045 30 18 Un
398 3045 58 18 canlu
462 3043 31 18 cbi
498 3042 89 19 m’andòa
594 3045 44 15 core

360 3071 29 17 Fu
397 3069 65 24 quellu
470 3069 20 17 di
497 3068 21 18 lu
526 3068 81 18 Pastore.

360 3129 54 17 Ancu
423 3127 58 18 Petru
489 3126 21 18 di
516 3125 56 18 Niolu

361 3153 23 19 Ci
391 3154 43 18 fece
441 3152 42 18 ride
491 3156 12 13 a
507 3155 77 18 erepera

362 3179 23 18 In
393 3183 24 14 cu
425 3179 22 17 lu
455 3178 27 17 so’
487 3175 100 19 charleslon

363 3204 81 18 Cantatu
453 3203 20 17 in
481 3201 64 23 quella
550 3204 80 14 manera.

362 3229 120 23 Impaziente,
492 3227 73 22 aspettu
572 3231 14 12 u
593 3225 55 22 jornu

362 3255 27 18 Pè
396 3259 11 14 a
415 3253 99 24 prossim’a
520 3252 20 17 fé
548 3251 79 18 ritornu.

364 3313 20 18 A
392 3312 59 18 Petru
459 3311 21 17 lu
488 3310 99 18 Direttore,

364 3337 35 19 Chi
406 3341 26 14 ne
439 3336 54 22 parlu
502 3333 99 21 vulenteri,

364 3362 18 18 U
387 3363 65 17 salutu
463 3365 11 13 a
481 3361 20 17 la
508 3364 53 14 corsa

365 3387 28 19 Cu
403 3384 184 21 tant’amicisinceri,

366 3413 46 18 Incu
420 3411 93 23 Pasquale
520 3409 90 18 Manfredi

365 3438 15 18 E
388 3438 96 18 l’avucatu
492 3434 94 19 Palmieri.

364 3495 72 19 Avanti
443 3494 21 18 di
468 3493 82 19 termina

365 3521 51 18 liccu
425 3519 91 19 st’ultime
524 3516 76 20 nuvelle

366 3546 37 18 Per
411 3544 92 19 Culomba
508 3543 18 18 di
535 3541 78 19 Casinca

365 3571 16 18 E
388 3575 34 19 per
429 3570 62 17 l’altre
498 3567 102 19 damicelle,

365 3596 29 18 Cu
401 3595 47 18 duie
455 3594 69 18 strinte
532 3593 21 18 di
559 3590 51 20 mani

365 3621 24 19 A’
395 3620 85 22 famiglia
488 3617 102 19 Padovani.

402 3660 62 19 Leca
472 3658 24 18 di
504 3662 16 13 u
525 3655 104 20 Furcata.

361 3716 20 17 (X)
387 3715 93 15 Persnnaggi
485 3715 17 10 ai
506 3715 21 9 «A

345 3736 51 15 media
403 3734 17 15 di
426 3734 13 14 U
445 3730 115 20 Sampelraccin,
570 3727 83 16 recitataia

347 3756 50 14 h’ioln.

702 564 30 25 A
742 566 76 30 Pipa
828 568 98 26 Persa

683 645 22 17 Bi
713 645 71 23 scrivu,
793 651 12 13 o
813 646 44 23 Sgiô
865 647 101 23 Direttore,

683 670 27 17 Da
718 675 49 18 pocu
775 676 67 18 capace
851 673 20 17 in
879 678 63 13 corsu.

683 696 63 21 Aghiu
754 701 58 18 persu
820 698 19 18 la
847 698 38 18 miô
893 699 49 22 pipa,

683 720 16 18 E
704 722 100 18 stammine
809 727 55 14 senza
868 729 27 12 un
900 729 66 17 possu;

682 746 81 18 Averete
769 752 11 13 a
787 748 131 22 cumpiacenza

684 772 22 17 Di
713 772 46 18 falla
768 773 46 22 sapé
821 779 11 13 a
839 774 69 18 l’Orsu.

684 827 23 19 Su
715 829 33 17 cbi
755 829 63 19 l’Orsu
826 830 11 18 è
845 830 20 18 di
873 830 87 19 mistiere

683 853 15 18 E
704 853 63 23 figura
775 855 30 17 fra
811 855 16 17 li
835 855 61 22 prima

683 878 36 18 Per
727 880 117 18 sculturabbi
855 886 38 12 una
901 885 64 18 ceppa,

683 904 59 18 TulLu
749 904 59 19 fendu
816 906 77 22 qualcbi
900 906 53 17 rima.

683 929 58 19 S’ellu
747 931 24 21 pò
776 930 70 18 dammi
851 931 114 23 suffraggiu,

683 954 104 19 Pussederé
795 956 19 17 la
822 956 38 18 miô
868 956 63 18 stima.

683 1010 32 19 Sia
723 1016 34 17 per
765 1016 49 19 paga
821 1017 11 13 o
841 1012 20 17 di
868 1012 70 22 rigalu,

683 1036 40 18 Una
732 1037 43 22 pipa
783 1037 32 17 chi
823 1042 10 12 a
842 1037 15 17 li
866 1037 71 18 sbacca.

683 1061 59 19 Micca
748 1066 35 18 per
790 1062 151 23 tabaccu-paglia

682 1086 30 18 Ma
720 1091 34 18 per
763 1087 43 18 bon’
810 1087 46 18 arba
864 1088 81 17 tabacca.

682 1112 47 21 Avé,
742 1116 55 14 cume
805 1113 103 20 fumadore,

683 1137 26 17 Mi
717 1137 61 18 ferma
785 1142 48 14 zenu
843 1142 11 14 e
861 1138 76 18 trisore.

683 1193 13 19 S
698 1198 23 13 en
722 1195 57 17 tendu
787 1195 56 17 tantu
851 1194 88 22 bisognu,

682 1219 79 22 A’pieté
770 1224 43 13 sera
821 1223 116 17 cummossu,

683 1244 16 18 E
706 1249 40 13 nun
754 1244 28 18 mi
790 1244 41 18 fera
836 1244 100 18 l’affrontu

661 1269 23 18 Di
687 1269 177 23 risponde:«Amicu,
866 1268 102 24 unpossu!»

683 1294 93 18 Mancaria
784 1299 12 13 a
801 1294 16 18 li
823 1294 69 18 duveri

662 1319 47 17 D’un
717 1319 78 18 fratellu
803 1323 12 13 a
823 1323 73 18 sangue
904 1322 63 14 corsu.

684 1375 22 18 Li
713 1375 95 23 deragbiu
815 1375 109 18 l’indirizzu

684 1401 160 18 Duv’ellul’hada
851 1400 60 18 invià.

684 1426 34 17 D’u
727 1431 82 13 numeru
817 1431 26 13 un
851 1431 22 13 ce
880 1426 88 22 bisognu,

685 1451 15 18 E
707 1452 22 17 lu
739 1452 104 22 carrugbiu
851 1451 21 18 lu
880 1456 28 13 sa.

685 1477 26 17 Mi
718 1477 105 22 prevenerà
827 1476 49 18 ch’io
885 1476 45 18 colli

685 1502 36 18 Per
730 1502 88 18 truvacci
825 1501 109 19 inl’AIbità.

686 1559 21 18 Si
713 1559 64 19 l’Orsu
784 1559 51 18 fussi
847 1559 98 22 oecupalu,

686 1585 36 18 Per
730 1590 27 13 un
765 1585 19 18 fé
791 1585 60 22 longu
858 1584 87 22 viagbiu,

686 1610 108 18 Sinamente
802 1615 12 13 a
819 1610 37 18 San
863 1608 107 23 Gbiorghiu

686 1635 23 18 Di
714 1635 37 18 falé
759 1640 25 14 ne
790 1634 140 23 eircheraghiu,

686 1661 16 17 E
709 1661 17 18 si
735 1662 18 17 la
761 1661 45 23 pipa
814 1660 11 18 è
832 1661 19 16 di
861 1664 11 14 e
882 1659 51 18 belle

686 1686 128 23 Eurzeragbiu
822 1686 49 18 sin’a
878 1685 60 18 Yalle.

687 1743 15 18 E
709 1743 24 23 pè
740 1743 19 18 la
767 1742 124 21 eumissione,

687 1769 41 22 Yoi,
737 1773 11 13 o
756 1773 45 13 caru
809 1768 98 20 Direttore,

686 1795 97 17 Accettate
790 1794 19 18 le
817 1793 38 18 miô
863 1796 55 14 scuse

669 1836 4 3 .
687 1820 65 17 Inc’un
761 1819 64 18 salutu
830 1818 22 18 di
859 1822 50 14 core.

666 1844 70 19 Cb’ella
743 1844 62 23 campi
813 1848 11 14 e
831 1843 67 19 ch'ella
904 1842 55 22 regni

686 1871 18 17 A
708 1870 67 18 Muvra
779 1869 42 19 ch’è
826 1874 13 13 u
844 1866 123 20 nostr’onore!

753 1909 21 19 U
781 1907 165 20 Piubbitacciu.

690 2038 18 24 R
719 2038 104 24 Culomba
834 2037 21 24 di
867 2035 81 25 Vivariu

686 2119 81 21 Dunque
777 2118 15 17 ti
801 2121 24 14 ne
833 2116 94 18 sieullata

686 2144 64 18 L’ottu
757 2142 104 19 settembre
868 2142 22 17 in
897 2140 56 18 Niolu
960 2139 11 19 ?

687 2170 23 17 Ti
717 2168 51 19 serei
775 2169 53 17 forse
835 2166 110 23 aceuppiata

687 2194 27 18 Cu
720 2194 73 23 quaich’
800 2193 58 18 acella
865 2192 21 18 di
893 2191 52 19 volu.

686 2220 37 18 Per
730 2219 61 19 teneti
797 2217 111 24 cumpagnia

687 2245 16 18 E
710 2245 20 18 fà
736 2245 34 22 più
778 2242 126 20 cortalavia?

687 2302 16 18 U
712 2302 72 18 to’volu
791 2301 46 18 l’bai
845 2300 85 23 spiccatu

687 2327 60 19 Da’ssi
756 2327 61 22 spinzi
823 2325 102 19 venacbesi
931 2334 7 4 ■■

688 2352 16 18 E
711 2357 34 18 per
752 2352 84 18 trasciuà
843 2350 84 21 Farnesï,

689 2378 58 22 Quale
755 2378 47 18 fera
808 2375 147 24 aecumpagnatu
963 2374 10 18 %

688 2403 70 18 Dimmi
766 2403 83 18 s’ell'era
857 2402 20 18 di
883 2401 68 18 femme

690 2429 14 18 O
712 2428 57 19 s’eliu
776 2428 29 18 c’è
813 2427 65 18 nunda
886 2431 11 13 a
905 2427 57 17 terne.

689 2486 26 18 Da
724 2485 80 19 Yivariu
812 2489 11 13 a
831 2483 113 21 Calacuccia,

690 2510 80 23 Quant’è
777 2511 59 22 longu
844 2510 20 18 lu
873 2509 89 18 stradone
968 2507 5 18 !

691 2537 28 18 Ma
727 2538 26 20 tu,
763 2537 19 17 la
788 2536 39 18 miô
833 2533 141 21 Culumbuccia,

690 2562 29 18 Un
727 2562 18 18 ci
752 2561 38 19 îaei
794 2560 112 20 attenzione,

690 2588 15 18 E
712 2592 34 18 per
752 2591 80 14 sueeore
839 2585 94 19 un’amica

690 2613 28 19 Un
726 2612 68 24 guardi
801 2612 51 22 spesi
859 2615 11 14 o
878 2610 63 18 fatica.

691 2670 36 18 Cbi
735 2674 28 14 se
771 2670 77 22 passatu
856 2668 20 18 di
884 2665 82 20 stranu?

692 2695 131 19 Dammin’una
831 2692 125 25 spiegazione.

691 2721 38 18 Per
737 2720 47 18 andà
792 2720 42 18 cusi
842 2719 82 18 lunlanu

694 2746 21 18 Ci
721 2746 45 18 vole
774 2746 19 18 la
801 2744 101 19 divuzione
908 2743 5 18 !

693 2767 17 25 È.
715 2772 45 17 bera
768 2766 57 22 éb’un
832 2770 17 18 ti
857 2773 24 14 ne
889 2771 66 15 manea

692 2798 17 17 A
717 2798 26 20 le,
751 2800 35 19 per
793 2795 65 18 dittiia
865 2794 72 18 franca.

693 2854 20 18 Si
721 2855 22 17 tu
749 2854 17 17 ti
773 2852 49 19 îussl
829 2851 98 19 scuntrala

694 2879 26 19 Cu
728 2880 19 17 le
754 2881 105 19 cumpagne
866 2875 77 24 quassù,

694 2904 69 19 Dimmi
771 2904 17 18 si
792 2904 21 17 la
819 2902 83 18 nidicata

693 2930 60 23 Piglia
766 2933 75 18 sempre
848 2932 12 13 a
871 2931 48 18 capu
927 2925 51 18 insù.

694 2955 20 19 Si
721 2956 19 18 la
747 2955 67 18 nostra
821 2953 83 18 zitellina

694 2982 59 17 Yersu
761 2980 33 18 noi
802 2978 108 19 s’abbicina.

694 3039 17 17 A
719 3036 94 20 to’ultima
820 3038 87 17 canzona,

696 3064 16 18 A
719 3063 38 18 miô
767 3066 56 14 carne
830 3062 26 17 ba
868 3058 110 20 insisebitu.

693 3087 113 20 Meriteristi
814 3090 70 14 curona
893 3101 3 3 .

695 3114 22 18 Di
726 3114 59 22 legnu
791 3112 44 18 loru
845 3110 76 19 fiuritu.

697 3139 64 21 Canta,
770 3138 21 17 lu
800 3137 38 18 miô
848 3136 53 18 dolce
905 3133 72 24 pegnu!

696 3164 16 18 U
719 3164 91 22 suggettu
817 3162 46 18 l’bai
867 3162 70 20 degnu.

698 3221 58 19 Canta
764 3225 12 13 e
783 3220 20 17 fà
810 3218 32 19 cbi
849 3218 43 18 lato
900 3221 45 13 voce

697 3246 73 19 Introni
778 3245 52 23 piaui
838 3248 12 13 e
857 3243 83 19 cullette,

698 3271 68 19 Disîidi
775 3270 39 18 toni
822 3273 10 14 e
840 3269 61 17 saette

698 3297 13 19 E
718 3296 69 19 cb’ella
794 3294 74 18 franchi
873 3293 20 17 la
897 3293 47 20 foce,

696 3323 26 17 Da
728 3321 30 19 chi
767 3320 74 18 l’infide
849 3317 111 19 andaceiane

698 3345 127 24 Crepinu’ndu
832 3344 19 18 le
859 3343 71 18 so’lane
939 3341 5 18 !

714 3386 132 22 Ghiuvanni
855 3383 101 20 Olivier!.

1040 187 39 35 Le
1096 187 108 37 Procès
1224 187 39 37 du
1285 186 128 46 Complot

991 241 196 38 Âuloaomisfe
1195 243 268 35 AlsariesJLôrrain

1179 294 97 27 (Suite)

1018 374 46 14 tue
1071 374 36 15 est
1113 374 91 16 ensuite
1212 377 57 18 pour
1273 374 8 15 1
1290 375 69 13 union
1365 374 40 14 des
1411 374 53 19 peu-

993 395 55 24 ples,
1058 397 58 20 mais
1130 398 44 19 elle
1191 398 59 20 tient
1258 398 12 18 à
1285 397 76 19 servir
1368 403 29 13 en
1414 402 51 18 pre-

993 423 57 20 mier
1056 424 46 19 lieu
1112 425 21 19 la
1142 426 132 24 population
1287 424 100 20 d’Alsace
1401 428 22 15 et
1436 423 28 19 de

995 450 106 21 Lorraine
1107 457 23 15 et
1138 453 44 19 elle
1190 454 58 19 tient
1262 459 29 13 au
1309 452 112 19 maintien
1436 451 29 19 de

994 478 21 19 la
1024 479 58 24 paix.
1092 480 37 19 On
1139 481 64 24 parle
1212 481 91 19 ensuite
1312 479 66 20 d’une
1395 478 71 20 réfor-

995 512 35 13 me
1038 507 185 21 administrative
1232 510 103 23 urgente,
1350 508 67 19 d’une
1432 511 34 14 re-

995 534 155 23 présentation
1158 536 54 20 élue
1225 542 41 19 par
1283 535 21 20 le
1321 535 89 24 peuple,
1426 533 39 24 qui

993 562 74 19 aurait
1074 563 24 19 le
1106 563 62 20 droit
1181 563 29 20 de
1227 567 66 16 voter
1309 562 23 20 le
1345 562 87 24 budget
1443 563 23 17 et

993 588 41 20 des
1039 589 43 20 lois
1090 589 84 21 locales
1180 588 285 27 pourl’Alsace-Lorraine.

1018 615 167 26 Cependant,le
1194 619 59 24 parti
1262 617 77 21 refuse
1347 620 49 16 tout
1402 616 65 23 sépa-

993 643 94 21 ratisme
1100 648 25 16 et
1132 645 112 21 demande
1255 644 146 21 l’autonomie
1409 643 57 19 dans

993 670 21 20 le
1023 672 69 20 cadre
1100 673 29 19 de
1137 673 22 20 la
1168 673 95 20 France.
1273 673 20 19 Il
1299 672 63 24 exige
1368 671 30 20 du
1407 670 59 20 Gou-

993 704 135 16 vernement
1134 701 29 20 de
1169 704 117 22 respecter
1292 706 42 14 nos
1338 699 127 21 traditions,

993 726 227 26 bilinguisme,école,
1228 727 236 22 administration,etc.

993 753 18 21 Il
1018 755 113 21 demande
1139 763 45 18 que
1193 756 34 20 les
1233 756 103 20 victimes
1344 755 28 19 de
1379 754 23 20 la
1407 759 57 14 com-

992 782 94 20 mission
1096 784 29 20 de
1131 784 73 25 triage
1211 784 57 20 ainsi
1274 789 46 18 que
1324 783 34 19 les
1366 780 100 21 internés

992 810 102 23 pendant
1099 812 23 19 la
1129 818 84 18 guerre
1217 812 75 20 soient
1299 808 166 25 dédommagés.

993 837 41 21 Les
1043 839 104 21 chemins
1160 840 29 20 de
1197 839 43 22 fer,
1254 845 29 14 au
1291 839 45 19 lieu
1350 837 28 20 de
1390 841 77 15 verser

992 866 61 20 leurs
1063 867 113 21 bénéfices
1183 868 57 19 dans
1248 873 46 13 une
1300 866 71 20 caisse
1380 867 86 17 centra-

992 893 22 21 le
1029 895 13 19 à
1055 895 72 24 Paris,
1141 896 94 19 doivent
1243 898 73 16 rester
1323 893 22 21 là
1353 891 113 27 propriété

992 921 114 26 intégrale
1131 923 29 20 de
1179 921 223 22 l’AIsace-Lorraine.
1428 918 37 21 On

992 949 114 21 demande
1120 957 46 13 une
1181 950 93 26 banque
1290 948 104 26 spéciale,
1421 952 45 14 une

992 977 184 21 administration
1185 979 42 19 des
1238 981 87 21 postes,
1334 980 42 16 etc.
1385 979 44 16 etc.

1017 1006 73 24 Après
1107 1006 89 20 lecture
1217 1006 30 20 de
1262 1011 27 14 ce
1305 1005 129 21 document,
1442 1002 24 20 le

993 1034 119 24 président
1120 1033 105 25 suspend
1233 1034 22 19 la
1262 1034 90 18 séance.

1018 1062 18 19 A
1054 1062 22 20 la
1095 1062 99 25 reprise,
1211 1061 22 20 le
1250 1060 117 26 président
1383 1058 83 24 charge

992 1089 96 21 l’ancien
1097 1096 112 14 receveur
1217 1089 43 20 des
1267 1088 110 21 finances,
1386 1086 31 19 M.
1424 1085 43 20 Ge-

992 1117 34 20 las
1033 1117 28 20 de
1076 1118 117 20 contrôler
1210 1116 103 25 l’origine
1326 1115 29 20 de
1369 1114 97 24 l’argent

993 1145 39 20 des
1042 1149 104 20 comptes
1155 1144 83 21 Pinck.

1017 1173 34 20 M.
1059 1173 81 20 Bauer
1152 1173 109 20 continue
1279 1177 43 14 son
1339 1169 90 25 exposé.
1447 1167 18 21 Il

994 1201 63 24 parle
1066 1201 54 19 d’un
1126 1206 104 15 nouveau
1239 1203 143 22 programme
1398 1196 29 19 de
1443 1195 22 20 la

995 1228 146 20 «Zukunft^.
1151 1228 101 20 Celui-ci
1258 1226 70 21 serait
1341 1227 125 18 nettement

994 1256 142 25 séparatiste.
1146 1256 66 20 Deux
1219 1255 60 21 mois
1287 1254 67 24 après
1361 1253 21 19 la
1395 1251 71 26 publi-

994 1284 75 20 cation
1087 1285 30 19 de
1133 1290 27 14 ce
1175 1288 155 20 programme,
1337 1281 22 19 le
1374 1284 93 15 mouve-

994 1315 63 16 ment
1073 1311 138 25 séparatiste
1227 1316 25 14 se
1265 1308 100 21 confond
1379 1312 57 14 avec
1443 1306 22 19 le

995 1339 58 24 parti
1068 1338 155 25 régionaliste.
1242 1337 37 20 On
1297 1335 108 21 demande
1421 1339 45 14 une

994 1366 201 20 Alsace-Lorraine
1219 1369 124 16 autonome
1364 1368 55 14 avec
1435 1367 30 14 un

995 1394 119 25 président
1122 1395 14 19 à
1143 1394 23 20 la
1174 1395 54 19 tête.

1020 1423 33 20 En
1057 1423 94 25 janvier
1160 1422 59 25 1928,
1228 1422 34 20 les
1268 1420 102 21 nommés
1382 1417 84 23 SchaJl,

996 1451 79 25 Pinck,
1086 1451 95 21 Hiritzel
1191 1449 100 22 etZernb
1308 1454 25 14 se
1349 1446 118 21 rendirent

995 1480 14 20 à
1017 1479 103 21 Colmar.
1130 1479 40 24 Là,
1176 1479 22 20 le
1207 1479 33 20 Dr
1248 1476 89 22 Ricklin
1352 1476 33 19 les
1402 1472 66 26 rejoi-

995 1508 93 26 gnaitet
1095 1508 29 20 ils
1133 1514 25 14 se
1166 1506 121 21 rendirent
1294 1505 13 19 à
1316 1503 81 21 l’Ecole
1415 1502 53 19 Pré-

996 1536 116 25 paratoire
1120 1536 28 20 de
1162 1535 101 22 Colmar,
1282 1533 55 20 c’est
1344 1532 14 20 à
1373 1530 49 20 dire
1438 1535 29 13 au

996 1564 108 20 domicile
1112 1564 29 20 de
1149 1563 30 21 M.
1189 1562 73 21 Rossé
1276 1562 29 20 où
1322 1563 38 17 eut
1375 1559 54 21 lieu,
1439 1557 29 19 de

995 1597 13 15 2
1016 1593 14 19 à
1038 1592 12 21 6
1056 1592 24 20 h.
1088 1593 31 19 du
1131 1592 56 23 soir,
1197 1597 47 14 une
1260 1588 98 22 réunion
1371 1586 95 21 secrète.

997 1620 57 26 Cinq
1061 1620 67 25 jours
1136 1620 52 25 plus
1196 1619 60 23 tard,
1264 1614 150 24 l’association
1427 1613 42 20 des

996 1648 190 24 fonctionnaires,
1205 1647 56 20 dont
1277 1645 29 21 M.
1325 1642 72 22 Rossé
1413 1641 56 20 était

997 1676 127 26 président,
1134 1676 50 20 liait
1192 1681 42 15 son
1241 1674 77 21 action
1326 1673 14 19 à
1354 1670 56 22 celle
1427 1669 42 20 des

996 1704 128 21 cheminots
1131 1711 58 19 pour
1198 1702 111 22 défendre
1315 1707 28 14 en
1349 1699 64 20 front
1420 1697 51 21 uni-

997 1739 46 18 que
1059 1733 35 20 les
1111 1733 98 20 intérêts
1230 1732 41 19 des
1288 1726 181 24 fonctionnaires

996 1761 124 21 alsaciens.
1130 1761 50 21 Une
1188 1760 72 26 grève
1273 1757 108 27 générale
1394 1754 76 21 devait

998 1789 86 21 éclater
1100 1796 41 14 sur
1162 1790 21 19 la
1203 1788 55 20 base
1275 1787 42 20 des
1333 1782 138 23 «minorités

997 1817 153 21 nationales».

1006 1862 3 3 .
1021 1845 146 21 Continuant
1175 1847 12 19 à
1197 1845 77 25 parler
1280 1843 29 21 de
1318 1843 29 20 M.
1357 1840 79 23 Rossé,
1448 1838 23 20 le

996 1874 88 20 témoin
1093 1874 32 20 lui
1134 1873 112 26 reproche
1254 1873 29 20 de
1293 1870 88 22 n’avoir
1388 1867 84 27 jamais

997 1902 63 20 cessé
1066 1902 110 20 d’exciter
1184 1902 34 20 les
1222 1899 191 23 fonctionnaires.
1423 1896 43 20 Par

996 1930 48 20 lant
1052 1930 30 20 du
1092 1929 162 25 Heimatbund,
1263 1929 32 21 M.
1310 1929 74 20 Bauer
1401 1923 69 23 souli-

996 1964 45 19 gne
1057 1965 47 18 que
1116 1958 40 21 des
1173 1958 153 21 associations
1347 1954 125 24 analogues

996 1986 100 21 existent
1112 1988 14 19 à
1143 1984 210 28 Eupen-Maîmedy,
1373 1983 58 20 dans
1447 1980 22 20 la

997 2014 174 24 Haute-Silésie,
1185 2018 45 16 etc.

1023 2042 30 21 Le
1075 2043 89 20 témoin
1190 2048 95 19 repasse
1304 2040 89 21 ensuite
1406 2040 66 18 toute

997 2070 171 21 I’ixistoiredela
1178 2075 10 11 «
1196 2069 161 22 Volksstimme
1363 2075 18 16 »,
1390 2066 82 21 fondée

999 2099 21 20 le
1032 2104 26 15 10
1072 2099 59 20 avril
1149 2098 59 26 1926,
1227 2101 23 17 et
1270 2098 29 20 de
1317 2094 155 27 l’imprimerie

1000 2131 11 11 «
1017 2126 98 21 Erwinia
1122 2134 11 11 »
1148 2128 14 19 à
1179 2127 22 20 la
1218 2127 45 20 tête
1281 2126 28 20 de
1326 2123 97 27 laquelle
1445 2128 26 14 se

997 2156 132 20 trouvaient
1137 2156 35 20 les
1181 2154 100 24 Ricklin,
1287 2153 122 21 Fashauer.

1021 2184 34 20 Mc
1061 2183 104 21 Berthon
1171 2190 8 14 :
1187 2183 31 21 M.
1227 2183 23 20 le
1258 2182 126 25 président,
1393 2178 78 25 quand

999 2216 195 21 permettez^-vous
1202 2217 44 15 aux
1254 2210 93 21 accusés
1356 2209 27 20 de
1391 2208 80 25 répon-

999 2240 55 20 dre?

1024 2269 124 20 Président
1153 2275 9 13 :
1170 2268 18 20 A
1195 2268 22 20 la
1225 2266 31 22 fin
1266 2267 30 20 de
1304 2267 22 20 la
1339 2264 130 26 déposition

999 2297 30 20 du
1037 2297 98 21 témoin.

1023 2325 34 21 Me
1074 2325 117 21 Berthon:
1208 2324 36 20 On
1268 2324 37 24 n’y
1323 2321 146 26 comprendra

1000 2354 50 25 plus
1059 2354 61 20 rien.

1025 2382 30 20 Le
1063 2382 88 20 témoin
1168 2387 27 15 se
1213 2380 55 25 perd
1284 2378 90 21 ensuite
1391 2384 28 14 en
1438 2383 32 14 un

999 2412 56 24 long
1062 2410 86 25 exposé
1157 2416 40 14 sur
1205 2409 34 20 les
1256 2407 132 21 différentes
1401 2406 70 24 hypo-

1001 2440 97 24 thèques
1104 2438 39 25 qui
1151 2437 100 21 existent
1258 2442 40 14 sur
1305 2442 10 10 «
1323 2434 97 21 Erwinia
1424 2438 12 12 »
1448 2436 23 17 et

1001 2471 51 22 part
1067 2473 29 14 en
1117 2471 84 21 guerre
1222 2468 80 17 contre
1324 2463 32 20 les
1377 2462 94 20 accusés

1001 2495 124 23 Fashauer,
1135 2493 100 23 Ricklin,
1246 2492 81 21 Rossé.

1025 2524 34 21 Me
1066 2522 116 22 Palmieri
1187 2529 9 13 :
1204 2521 75 21 Est-ce
1288 2526 31 14 un
1335 2519 85 21 témoin
1441 2524 29 14 ou

1001 2553 21 20 le
1035 2553 131 20 Procureur
1172 2549 99 22 Général
1280 2548 41 25 qui
1329 2548 62 25 parie
1398 2547 12 20 ?

1026 2580 33 21 M.
1072 2579 92 22 Ricklin
1182 2581 55 17 veut
1257 2575 100 22 rectifier
1370 2575 101 24 quelque

1002 2609 77 20 chose.

1027 2637 31 20 Le
1065 2636 119 26 président
1193 2640 29 14 ne
1230 2633 32 21 lui
1280 2633 105 20 donnant
1397 2637 42 18 pas
1450 2631 21 19 la

1003 2665 89 24 parole,
1099 2663 31 21 Me
1137 2662 103 21 Berthon
1254 2661 30 19 de
1300 2660 103 20 s’écrier:
1417 2658 55 21 MM,

1002 2694 22 20 le
1033 2693 67 24 jurés
1117 2693 161 19 constateront
1292 2688 53 25 qu’il
1359 2694 14 14 n
1381 2691 36 16 est
1432 2692 41 19 pas

1003 2721 102 26 possible
1113 2720 29 20 de
1149 2725 26 14 se
1180 2717 119 22 défendre.

1027 2749 31 21 Le
1063 2748 121 26 président
1192 2747 51 19 lève
1250 2746 22 19 la
1287 2745 88 20 séance.

1004 2796 95 22 Séance
1110 2795 32 22 de
1156 2793 84 23 mardi
1249 2792 81 22 matin

1028 2836 33 21 M.
1077 2835 75 22 Rossé
1174 2833 77 21 désire
1271 2833 29 20 de
1317 2832 95 24 déposer
1432 2830 41 20 des

1004 2863 156 21 conclusions.

1028 2892 32 21 Le
1064 2892 25 20 P
1087 2891 102 21 résident
1192 2889 80 21 hésite.

1028 2920 34 21 Mc
1075 2919 101 21 Berthon
1183 2925 9 13 :
1207 2918 29 19 Je
1251 2923 59 15 vous
1318 2921 85 17 assure,
1412 2914 31 20 M.
1451 2913 23 21 le

1004 2948 127 26 président,
1149 2952 45 20 que
1208 2951 38 15 ces
1261 2943 146 23 conclusions
1422 2945 53 17 sont

1004 2977 46 20 très
1057 2976 159 24 importantes.

1028 3004 31 20 M.
1068 3003 75 22 Rossé
1149 3002 73 25 prend
1234 3001 168 21 connaissance
1416 2999 58 20 dans

1005 3038 38 15 ses
1062 3030 150 22 conclusions
1228 3030 70 19 d’une
1314 3029 66 21 lettre
1396 3027 28 20 de
1439 3026 34 21 M.

1005 3061 102 24 Jacques
1123 3058 110 21 Bardoux
1252 3058 31 19 du
1302 3056 115 25 «Temps»
1434 3054 41 25 qui

1005 3089 106 20 s’excuse
1119 3087 29 20 de
1154 3092 30 14 ne
1202 3086 98 24 pouvoir
1311 3085 96 26 paraître
1422 3084 14 19 à
1451 3082 24 20 la

1005 3117 64 20 barre
1083 3116 41 20 des
1142 3114 101 21 témoins
1258 3114 65 19 étant
1337 3112 139 25 légèrement

1005 3144 98 20 malade.
1113 3142 30 21 M.
1152 3141 120 21 Rosséfait
1281 3146 131 19 remarquer
1419 3139 56 25 qu’il

1005 3175 101 22 regrette
1114 3170 159 21 énormément
1286 3173 59 17 cette
1360 3168 117 20 malchan-

1005 3206 33 14 ce.
1047 3199 31 21 M.
1087 3199 100 24 Jacques
1193 3197 105 20 Bardoux
1305 3204 14 13 a
1325 3196 77 26 publié
1417 3196 59 20 dans

1005 3229 21 19 le
1039 3236 11 11 «
1056 3227 110 25 Temps»,
1175 3232 30 14 en
1214 3227 52 18 date
1281 3225 30 20 du
1327 3225 13 20 3
1356 3224 120 20 décembre

1006 3255 57 25 1926,
1072 3262 33 13 un
1120 3254 81 21 article
1210 3252 156 21 sensationnel
1383 3258 40 14 sur
1435 3252 41 20 des

1006 3284 111 20 i-éunions
1139 3282 99 20 secrètes
1259 3281 189 20 d’autonomistes
1462 3281 14 19 à

1006 3311 144 24 Strasbourg.
1169 3310 19 20 Il
1205 3308 89 20 affirme
1318 3309 68 24 qu’un
1408 3311 69 22 agent

1005 3338 115 21 allemand
1127 3345 14 13 a
1149 3337 83 21 assisté
1240 3338 13 18 à
1261 3342 40 14 ces
1309 3337 117 20 réunions.

1030 3366 30 21 M.
1074 3366 74 20 Rossé
1166 3365 30 20 lit
1217 3365 92 19 ensuite
1332 3364 96 21 l’article
1445 3370 31 13 en

1006 3395 82 20 entier.
1098 3394 19 20 Il
1121 3400 15 18 y
1144 3396 37 17 est
1188 3393 64 25 parlé
1259 3392 31 20 de
1306 3392 59 21 deux
1380 3391 98 21 mitrail-

1006 3423 78 19 leuses
1096 3421 151 21 allemandes,
1256 3420 29 20 de
1298 3420 103 24 pistolets
1412 3423 66 16 auto-

1006 3450 122 25 matiques,
1154 3448 96 21 dernier
1271 3447 98 24 modèle,
1379 3446 57 24 bref,
1448 3447 30 19 de

1006 3481 50 17 tout
1063 3484 27 14 ce
1099 3477 41 25 qui
1148 3482 61 15 nous
1214 3482 14 13 a
1240 3475 66 26 porté
1314 3475 13 19 à
1335 3476 91 25 appeler
1445 3474 31 20 M.

1006 3505 107 20 Bardoux
1124 3505 107 20 l’homme
1246 3509 46 14 aux
1308 3503 170 21 mitrailleuses.

1006 3533 31 20 La
1049 3533 88 20 lecture
1147 3532 29 20 de
1184 3534 37 18 cet
1237 3530 83 21 article
1332 3531 84 20 suscite
1431 3536 47 14 une

1005 3561 86 25 grande
1099 3560 91 21 hilarité
1198 3565 29 13 au
1237 3559 59 20 banc
1304 3557 40 20 des
1352 3558 101 21 accusés.

1031 3589 30 20 M.
1071 3589 73 20 Rossé
1166 3587 114 21 demande
1303 3586 68 25 qu’on
1396 3586 82 21 insiste

1006 3618 84 24 auprès
1098 3616 29 20 de
1134 3615 32 21 M.
1180 3615 103 24 Jacques
1299 3614 105 21 Bardoux
1419 3619 59 20 pour

1006 3645 129 25 apprendre
1141 3644 23 19 le
1172 3650 54 13 nom
1233 3643 30 20 de
1269 3643 87 24 l’agent
1362 3641 116 23 allemand

1006 3673 56 20 dont
1069 3672 18 20 il
1096 3675 36 17 est
1139 3671 74 24 parlé,
1219 3671 22 20 le
1249 3677 55 13 nom
1309 3670 29 20 de
1342 3670 98 21 l’auteur
1446 3670 32 19 du

1006 3698 178 27 procès-verbal,
1200 3698 109 20 l’endroit
1328 3698 30 19 où
1373 3702 54 16 sont
1442 3704 36 13 ca-

1007 3728 67 20 chées
1080 3727 36 20 les
1129 3726 164 20 mitrailleuses
1300 3728 24 17 et
1330 3725 34 20 les
1371 3725 107 25 pistolets

1489 182 138 21 allemands.

1514 211 30 19 M.
1553 211 74 19 Rossé
1634 209 82 21 insiste
1724 215 60 18 pour
1798 207 69 25 qu’on
1882 205 80 21 donne

1489 238 166 20 connaissance
1672 244 44 13 aux
1735 236 65 25 jurés
1817 235 28 20 de
1862 238 51 16 tous
1928 233 34 20 les

1489 266 80 20 détails
1578 273 45 18 que
1629 266 78 19 réunit
1715 265 31 20 M.
1760 263 107 21 Bardoux
1881 268 40 14 sur
1940 261 23 19 le

1489 295 99 24 complot
1594 293 156 21 autonomiste
1756 297 22 15 et
1783 298 44 18 que
1833 297 38 14 ces
1880 288 83 21 détails

1489 322 75 19 soient
1576 322 109 19 discutés.

1514 349 111 20 L'avocat
1632 349 73 20 Klein
1720 348 93 25 produit
1829 352 47 14 une
1894 345 68 19 lettre

1489 376 30 20 de
1532 377 73 20 l’abbé
1620 377 85 24 Haegv,
1724 375 121 21 conseiller
1861 372 100 26 général,

1489 404 134 20 démentant
1630 405 22 19 la
1661 404 128 25 déposition
1801 403 29 19 de
1838 402 31 20 M.
1879 401 82 20 Bauer,

1490 431 76 25 lequel
1584 432 129 25 prétendait
1735 437 48 18 que
1796 430 74 20 l’abbé
1885 428 78 23 Haegy

1490 460 63 19 avait
1559 460 92 24 présidé
1659 460 22 19 le
1690 459 13 20 8
1715 459 56 20 août
1780 462 50 20 1919
1843 463 29 13 au
1887 455 76 21 cercle

1491 486 34 20 St.
1542 487 84 20 Martin
1643 487 29 19 de
1689 486 92 20 Colmar
1798 491 47 14 une
1866 483 96 21 réunion

1491 514 79 24 privée
1576 515 58 19 dans
1640 514 101 25 laquelle
1755 520 13 13 a
1775 514 37 19 été
1825 512 93 20 élaboré
1932 516 31 14 un

1491 548 146 18 programme
1644 541 140 21 fédéraliste.
1794 540 84 21 L’abbé
1887 539 77 23 Haegy

1491 570 36 19 n’a
1531 569 84 24 jamais
1622 576 29 13 eu
1656 569 168 20 connaissance
1831 568 29 19 de
1868 566 97 20 sembla-

1492 596 37 20 ble
1537 597 103 20 réunion.
1648 597 119 19 Monsieur
1784 596 75 19 Bauer
1875 594 88 25 préten-

1491 624 48 20 dait
1547 624 92 20 ensuite
1648 630 46 19 que
1699 624 72 20 l’abbé
1781 623 80 24 Haegy
1870 621 55 20 était
1934 627 28 13 en

1491 652 97 20 relation
1597 658 57 14 avec
1661 658 47 14 une
1715 650 138 21 association
1859 649 105 21 nommée

1492 685 11 11 «
1511 679 210 25 Elsaesser-Bunq»
1731 686 7 17 ;
1746 679 74 20 l’abbé
1834 678 78 24 Haegy
1926 677 39 19 dé-

1491 708 62 19 clare
1559 715 46 18 que
1613 708 59 20 dans
1680 711 60 17 cette
1753 706 137 20 affirmation
1896 705 16 20 il
1927 705 37 24 n’y

1491 736 63 20 avait
1562 742 40 18 pas
1611 742 47 14 une
1665 735 87 25 syllabe
1760 734 29 20 de
1797 734 59 20 vrai.

1517 763 31 21 Le
1556 764 159 20 commissaire
1723 763 28 19 de
1760 762 76 25 police
1843 761 100 25 reparaît
1949 760 14 19 à

1491 791 23 20 la
1523 791 74 20 barre.
1606 792 19 19 Il
1634 794 93 18 raconte
1735 791 22 19 la
1765 790 68 25 peine
1841 789 55 26 qu’il
1910 788 54 21 s’est

1492 819 89 20 donnée
1589 825 59 19 pour
1656 819 116 20 discerner
1779 818 34 20 les
1821 820 107 22 rapports
1935 816 29 19 de

1492 846 31 20 M.
1532 846 116 21 Fashauer
1664 852 56 14 avec
1733 846 98 19 l’avocat
1844 844 77 25 Wildy
1934 843 29 20 de

1491 874 118 25 Zoffingen
1622 875 40 24 qui
1677 873 45 25 prit
1735 879 40 14 sur
1788 873 115 20 l’Erwinia
1916 877 47 14 une

1492 903 147 24 hypothèque
1647 902 29 20 de
1684 905 85 16 100.000
1778 900 32 21 frs
1818 900 95 21 suisses.
1931 899 31 20 M.

1492 931 75 19 Bauer
1574 930 81 20 voulut
1667 929 77 20 savoir
1751 929 40 25 qui
1805 928 64 20 avait
1875 928 44 20 mis
1932 926 31 21 M.

1492 958 116 20 Fashauer
1625 964 28 14 en
1675 961 93 20 rapport
1793 962 56 14 avec
1868 956 96 19 l’avocat

1491 986 83 20 suisse.
1588 986 18 19 Il
1623 992 14 13 a
1651 983 98 22 cherché
1757 984 132 24 longtemps
1905 983 59 20 mais

1491 1020 29 13 en
1528 1014 63 20 vain.

1517 1041 30 20 M.
1557 1041 73 20 Rossé
1638 1047 13 13 a
1660 1040 41 20 fait
1709 1046 31 14 un
1747 1039 54 25 jour
1809 1046 32 14 un
1855 1045 88 19 voyage
1950 1039 14 19 à

1492 1068 120 25 Fribourg.
1627 1068 40 20 lia
1681 1067 42 20 fait
1730 1068 64 20 aussi
1808 1074 32 14 un
1856 1072 109 20 voyagea

1491 1096 102 20 Munich.
1600 1096 19 20 II
1628 1103 13 13 a
1649 1096 37 19 été
1694 1095 81 24 frappé
1784 1095 30 20 du
1824 1094 42 21 fait
1873 1100 46 19 que
1926 1100 39 14 ces

1492 1130 99 18 voyages
1599 1123 154 21 coïncidaient
1760 1129 57 14 avec
1822 1123 21 20 la
1850 1126 116 16 construc-

1490 1151 50 20 tion
1549 1152 40 19 des
1598 1151 124 20 bâtiments
1731 1150 28 20 de
1762 1151 16 19 T
1785 1156 11 12 «
1803 1150 99 21 Erwinia
1908 1156 20 13 ».
1934 1149 30 20 M.

1492 1179 76 20 Bauer
1582 1179 45 20 sait
1634 1179 88 20 d’autre
1734 1182 51 21 part
1793 1184 45 19 que
1852 1178 31 20 M.
1893 1178 72 20 Rossé

1491 1210 25 17 et
1532 1207 30 20 M.
1581 1206 115 21 Fashauer
1712 1205 69 21 firent
1797 1206 119 20 ensemble
1933 1212 31 13 un

1492 1235 114 25 voyage'à
1622 1234 120 25 Zoffingen
1756 1240 60 18 pour
1831 1236 135 18 rencontrer

1491 1262 31 20 M.
1540 1262 84 25 Wildy.
1644 1262 18 20 Il
1679 1268 100 19 suppose
1796 1268 45 18 que
1862 1261 105 20 Madame

1492 1290 116 20 Fashauer
1616 1290 34 20 les
1658 1290 182 24 accompagnait.
1852 1288 33 21 Ce
1898 1294 69 19 voya-

1491 1323 30 19 ge
1528 1323 13 13 a
1550 1323 29 14 eu
1588 1317 46 20 lieu
1643 1317 22 20 le
1673 1317 26 20 26
1707 1317 93 20 octobre
1816 1317 57 24 1926,
1887 1317 79 24 ajoute

1492 1344 31 20 M.
1539 1345 76 20 Bauer
1632 1345 40 25 qui
1687 1345 97 24 possède
1797 1348 46 16 unè
1857 1344 109 20 mémoire

1492 1372 113 21 effarante
1613 1373 41 20 des
1662 1373 73 19 dates.

1518 1401 31 20 M.
1559 1401 75 20 Bauer
1641 1401 140 19 abandonne
1795 1406 27 14 ce
1834 1400 85 20 terrain
1933 1400 34 20 in-

1492 1433 52 22 grat
1552 1435 57 19 pour
1618 1434 145 14 commencer
1771 1434 46 14 une
1830 1428 137 20 conférence

1492 1464 41 14 sur
1546 1457 22 20 le
1582 1462 146 20 programme
1742 1456 28 20 de
1785 1456 20 20 la
1816 1456 151 20 «Volksstim-

1493 1491 63 14 me».
1565 1484 58 21 Mais
1631 1485 17 19 il
1657 1490 14 14 a
1679 1484 23 20 le
1715 1484 105 20 malheur
1828 1485 29 19 de
1869 1484 58 20 citer
1935 1484 31 20 M.

1492 1513 101 25 Jacques
1607 1512 115 24 Bardoux,
1736 1512 23 20 le
1776 1512 148 20 malheureux
1936 1513 32 19 té-

1493 1541 62 20 moin
1564 1540 41 25 qui
1614 1546 30 14 ne
1652 1544 54 16 veut
1711 1541 13 19 à
1730 1546 75 14 aucun
1813 1540 50 25 prix
1868 1541 99 24 paraître

1492 1570 15 19 à
1516 1569 21 20 la
1553 1569 74 20 barre.
1641 1568 31 20 M.
1687 1568 108 20 Bardoux
1808 1574 14 14 a
1836 1568 97 25 désigné
1945 1568 23 20 la

1494 1601 12 11 «
1513 1596 163 21 Volksstimme
1683 1601 12 11 »
1713 1602 90 14 comme
1824 1602 33 14 un
1874 1596 94 25 journal

1493 1625 137 25 séparatiste
1646 1628 23 17 et
1685 1625 93 20 ennemi
1795 1624 28 21 de
1836 1624 23 20 la
1873 1624 93 21 France.

1494 1661 12 12 «
1514 1653 27 20 Et
1548 1652 28 22 M.
1584 1653 100 25 Jacques
1692 1652 105 21 Bardoux
1802 1652 62 21 avait
1869 1653 98 23 raison»,

1494 1681 77 26 ajoute
1578 1681 23 21 le
1608 1681 166 21 commissaire.

1522 1710 34 20 Un
1565 1710 58 25 petit
1631 1709 103 21 incident
1742 1709 112 21 survient.
1864 1709 31 20 Le
1908 1716 61 14 com-

1495 1738 106 21 missaire
1609 1738 29 20 de
1646 1738 76 25 police
1729 1744 14 14 a
1756 1738 22 20 la
1791 1738 77 20 manie
1878 1738 91 25 d’appe-

1495 1767 35 20 ler
1538 1767 32 20 les
1578 1767 94 20 accusés
1680 1766 93 21 suivant
1780 1772 43 15 son
1833 1766 82 26 jargon
1929 1773 40 19 po-

1495 1795 78 21 licier:
1584 1802 10 10 «
1602 1795 31 21 La
1642 1795 123 24 Fashauer,
1774 1795 23 20 le
1805 1795 81 21 Rossé.
1894 1802 10 10 »

1521 1825 39 19 Me
1567 1824 114 20 Palmieri
1686 1831 9 13 :
1702 1823 29 21 Je
1744 1824 84 25 prierai
1836 1824 31 20 M.
1882 1824 23 20 le
1918 1824 51 24 pré-

1496 1852 77 20 sident
1580 1852 29 20 de
1623 1852 58 20 faire
1695 1859 133 18 remarquer
1839 1859 30 14 au
1882 1853 87 19 témoin

1496 1881 58 24 qu’il
1562 1884 34 16 est
1609 1881 94 25 d’usage
1716 1881 30 20 de
1760 1881 76 25 parler
1849 1881 51 25 plus
1911 1880 59 25 poli-

1497 1912 71 17 ment.
1578 1908 19 21 Il
1605 1909 59 20 n’est
1671 1909 24 21 ni
1704 1913 90 21 avocat,
1802 1909 25 21 ni
1832 1909 65 26 juge,
1910 1909 59 21 mais

1498 1937 82 25 simple
1589 1937 97 21 témoin.

1522 1965 38 20 Me
1567 1965 105 21 Berthon
1678 1973 9 13 :
1707 1966 62 21 Nous
1787 1972 29 16 ne
1832 1967 80 21 disons
1928 1971 41 20 pas

1498 1994 74 20 Bauer
1581 1998 51 17 tout
1640 1998 73 17 court.

1523 2022 28 20 Et
1566 2023 34 20 M.
1609 2022 79 22 Bauer
1703 2023 78 21 donne
1801 2024 29 20 de
1850 2024 120 20 nouvelles

1497 2057 98 18 preuves
1603 2051 29 20 de
1639 2057 25 14 sa
1678 2052 160 21 merveilleuse
1851 2052 118 24 mémoire,

1497 2086 29 13 en
1540 2080 71 20 citant
1625 2079 42 20 des
1678 2086 111 20 passages
1803 2081 85 21 entiers
1902 2087 68 20 parus

1497 2107 60 21 dans
1564 2107 23 21 la
1596 2112 11 12 «
1613 2107 163 22 Volksstimme
1782 2113 18 17 ».

1522 2136 39 20 Me
1568 2136 129 21 Palmieri:
1706 2137 42 21 Les
1761 2141 74 17 textes
1849 2138 122 26 originaux

1501 2165 92 20 sont-ils
1600 2165 29 20 ici
1637 2165 12 20 ?

1521 2192 39 21 Me
1567 2193 71 21 Klein
1644 2201 9 13 :
1661 2194 74 21 Ou’on
1745 2201 60 15 nous
1819 2195 42 21 lise
1868 2195 34 21 les
1916 2195 55 21 arti-

1496 2221 47 20 cles
1552 2227 28 14 en
1589 2222 80 24 entier,
1677 2226 23 17 et
1708 2230 46 14 non
1763 2229 42 20 pas
1813 2224 41 20 des
1862 2229 108 20 passages

1497 2249 87 21 choisis
1592 2256 29 14 au
1630 2250 45 20 bon
1684 2251 80 24 plaisir
1772 2252 31 20 du
1812 2252 95 21 témoin.

1521 2277 38 20 Me
1564 2277 104 21 Berthon
1676 2279 30 21 de
1714 2286 25 14 se
1748 2280 71 20 lever.

1521 2305 32 20 Le
1568 2307 125 21 Président
1706 2308 107 22 s’énerve
1828 2313 22 17 et
1867 2309 102 21 déclare:

1495 2333 51 21 J’en
1555 2335 20 19 ai
1585 2340 65 16 assez
1657 2336 6 20 !

1521 2362 38 20 Me
1564 2363 103 21 Berthon
1674 2368 54 16 veut
1735 2365 77 25 parler
1820 2366 87 25 malgré
1911 2369 58 17 tout.

1522 2390 32 20 Le
1562 2391 124 21 Président
1689 2400 9 12 :
1706 2393 105 25 Déposez
1824 2394 41 20 des
1880 2394 91 21 conclu-

1496 2418 66 20 sions
1569 2419 21 19 si
1599 2425 59 15 vous
1666 2421 82 20 voulez
1756 2422 85 24 parler.

1522 2446 38 20 Me
1567 2446 103 22 Berthon
1676 2455 9 13 :
1693 2448 208 26 Immédiatement,
1911 2450 60 21 M.le

1497 2474 131 22 Président.

1522 2502 28 20 Et
1557 2503 13 19 à
1578 2503 103 22 l’instant
1689 2505 17 20 il
1714 2505 56 21 écrit
1779 2512 37 14 ses
1824 2507 146 21 conclusions

1497 2531 58 19 dans
1569 2531 34 20 les
1611 2531 86 22 formes
1710 2533 29 20 de
1747 2534 21 20 la
1783 2535 135 25 procédure.
1933 2535 37 21 On

1497 2565 15 18 y
1519 2558 27 20 lit
1551 2563 25 17 :«
1584 2559 103 26 Lorsque
1701 2562 21 19 la
1736 2562 95 21 défense
1845 2567 55 17 veut
1912 2563 58 21 faire

1497 2593 46 14 une
1551 2588 148 22 observation
1709 2596 40 14 sur
1756 2591 34 20 les
1798 2592 112 23 débats,le
1919 2591 52 21 Pré-

1497 2615 77 20 sident
1583 2617 87 24 répond
1677 2625 6 12 :
1692 2617 50 21 J’en
1752 2619 20 19 ai
1782 2625 65 15 assez
1854 2620 6 20 !
1867 2626 12 12 »

1524 2643 42 20 Les
1580 2645 147 21 conclusions
1741 2650 53 16 sont
1807 2647 111 25 déposées
1932 2648 39 20 de-

1497 2675 57 16 vant
1560 2671 22 20 la
1591 2671 70 21 Cour.
1671 2673 33 20 Le
1710 2674 123 20 Président
1840 2681 30 14 ne
1877 2681 26 14 se
1915 2681 55 15 con-

1497 2702 64 17 tente
1574 2706 50 19 pas,
1642 2705 60 16 cette
1717 2701 53 25 fois,
1785 2703 29 19 de
1831 2709 26 14 se
1867 2703 104 21 déclarer

1496 2727 171 26 incompétent;
1681 2730 69 24 après
1758 2736 46 14 une
1818 2731 152 21 consultation

1497 2756 30 19 de
1534 2755 60 21 deux
1602 2756 109 25 minutes,
1717 2758 22 20 la
1749 2757 62 21 Cour
1819 2759 89 20 revient
1915 2765 57 14 avec

1498 2789 47 14 une
1557 2784 100 24 réponse
1669 2784 134 22 affirmative
1820 2793 45 14 aux
1880 2787 90 21 conclu-

1498 2811 66 20 sions
1571 2812 29 19 de
1614 2812 37 20 Ale
1660 2812 109 24 Berthon,
1784 2814 13 20 à
1811 2815 78 20 savoir
1902 2815 68 25 qu’en

1498 2839 73 20 vérité
1578 2839 23 21 le
1609 2841 121 24 président
1738 2842 62 20 avait
1808 2842 46 20 dit:
1870 2843 65 21 «J’en
1949 2843 22 21 ai

1498 2872 67 15 assez
1571 2867 6 20 !
1586 2875 11 12 »

1523 2895 39 20 Me
1573 2895 119 22 Berthon:
1708 2897 29 21 Je
1753 2898 49 20 suis
1823 2898 99 21 satisfait
1943 2899 29 20 de

1499 2926 60 17 cette
1567 2925 166 21 constatation.

1735 2964 25 29 (à
1771 2966 95 28 suivre)

2069 174 307 34 DISTÏNZIONE

2015 237 161 28 Monsignore
2184 234 127 27 d’Ajacciu
2322 241 64 16 vene
2398 237 62 22 d’in-

1989 271 65 22 nalzà
2067 277 15 14 u
2099 268 85 23 nostfu
2204 268 80 21 amicu
2297 274 13 15 e
2328 270 134 22 cullabura-

1987 307 54 20 tore
2052 304 24 21 di
2085 310 14 15 a
2107 302 124 29 prim’ora,
2242 301 86 22 Mattéi
2338 302 84 28 Torre,
2435 305 25 21 di

1988 345 14 14 a
2022 337 137 28 Volpajola,
2177 335 116 22 Nutarvie
2312 337 149 27 cunsigliere

1989 372 24 21 di
2034 369 162 25 circundariu,
2218 373 13 15 a
2244 373 13 15 a
2269 367 146 24 distinzions
2434 371 26 21 di

1990 404 77 22 Croce
2075 403 78 22 d’Oru
2162 402 24 21 di
2194 408 16 14 u
2216 400 91 22 Meritu
2314 401 146 24 Diocesanu.

2017 437 28 22 Ci
2061 443 31 15 ne
2109 436 156 27 rallegremu,
2285 434 177 24 felicitendune

1988 471 48 21 ’SSÜ
2045 473 84 19 nostru
2140 469 96 22 fratellu
2244 467 24 22 di
2275 467 56 22 fede
2340 475 14 15 e
2363 471 99 26 applau-

1989 505 81 20 dendu
2081 504 27 21 in
2119 503 98 21 listessu
2225 503 86 25 tempu
2322 508 13 15 a
2344 504 39 20 stu
2391 505 71 25 gestu

1989 538 25 21 di
2026 537 162 28 Monsignore
2199 534 40 22 chi
2254 534 32 22 ha
2302 536 115 27 sappiutu
2431 536 31 21 ri-

1989 576 139 16 cunoscene
2139 576 15 15 u
2163 569 99 21 meritu.

2101 661 237 32 GIURNALI

1989 731 23 22 A
2024 732 17 12 «
2048 731 72 22 Dada
2128 731 15 11 ”

2011 767 76 19 Chacun
2096 772 11 13 a
2116 772 26 17 pu
2151 767 90 18 observer
2251 771 37 17 que
2296 766 48 19 c’est
2357 772 24 14 en
2398 768 63 22 Corse,

1988 797 47 18 pays
2042 792 33 23 qui
2083 797 12 13 a
2103 792 31 18 été
2142 793 23 17 de
2180 793 42 17 tous
2229 793 63 21 temps
2304 792 68 22 brimé,
2388 793 74 23 ignoré,

1988 817 111 18 abandonné
2110 817 189 23 systématiquement
2306 821 35 18 par
2349 818 20 18 le
2384 822 81 18 gouver-

1988 843 77 18 nement
2073 842 87 22 français,
2170 846 37 19 que
2214 843 39 17 l’on
2260 843 102 18 rencontre
2377 843 28 19 les
2420 844 45 21 plus

1988 868 72 18 chauds
2071 868 119 22 patriotards.
2205 868 35 18 Les
2255 867 93 19 éléments
2363 868 101 19 insulaires

1989 897 37 18 que
2033 897 49 14 nous
2090 893 66 18 visons
2165 893 26 18 ici
2204 894 44 17 sont
2264 893 138 19 certainement
2420 894 45 22 plus

1989 918 93 18 chauvins
2095 922 38 18 que
2146 918 152 22 d’authentiques
2310 918 88 22 Français
2402 924 6 17 ;
2415 920 20 17 et
2443 924 21 13 ce

1989 943 49 18 n’est
2046 948 34 17 pas
2091 948 37 18 peu
2136 943 42 18 dire
2184 943 5 17 !

2010 968 133 23 Incorrigibles
2151 969 20 17 et
2182 968 155 22 indécrottables,
2352 973 32 14 ces
2391 974 73 18 compa-

1989 994 68 18 triotes
2064 994 35 22 qui
2106 998 23 14 ne
2138 993 41 19 font
2183 999 34 17 pas
2225 999 27 12 un
2260 998 34 18 pas
2302 995 64 21 quand
2375 994 14 18 il
2406 995 58 22 s’agit

1990 1019 25 17 du
2023 1019 95 18 véritable
2130 1019 51 18 salut
2193 1020 24 17 de
2224 1019 47 21 l’Ue,
2278 1024 22 13 se
2308 1019 83 19 feraient
2397 1021 70 17 mettre

1990 1048 24 14 en
2021 1044 62 22 pièces
2091 1048 49 18 pour
2148 1045 110 21 apercevoir
2265 1045 20 18 le
2292 1045 49 17 bout
2348 1045 45 17 d’un
2402 1045 46 22 képi
2454 1046 11 17 à

1989 1069 80 22 rangées
2076 1070 25 17 de
2108 1069 77 18 feuilles
2192 1070 25 18 de
2224 1069 67 19 chêne.
2300 1070 27 17 Ils
2338 1071 45 17 sont
2390 1071 25 17 de
2422 1071 44 17 tou-

1990 1095 30 17 tes
2026 1094 30 18 les
2060 1094 49 18 fêtes
2116 1094 107 23 militaires,
2232 1096 25 17 de
2263 1096 66 18 toutes
2342 1096 29 18 les
2379 1096 87 18 embras-

1990 1120 54 17 sades
2053 1119 122 19 cocardières.

2012 1144 83 23 S’agit-il
2111 1145 82 18 d’élever
2200 1150 28 13 un
2244 1147 121 21 monument,
2382 1146 84 18 d’ouvrir

1990 1173 38 14 une
2034 1170 135 22 souscription,
2178 1170 82 23 d’ériger
2274 1176 39 13 une
2329 1172 75 21 plaque,
2417 1175 49 19 pour

1991 1194 45 18 telle
2039 1194 75 18 célèbre
2117 1195 51 17 culot
2170 1196 18 17 te
2195 1195 25 18 de
2226 1200 48 18 peau
2279 1196 130 18 continentale
2415 1195 10 19 ?
2430 1196 36 18 Les

1990 1219 102 22 premières
2101 1220 63 18 oboles
2173 1221 43 17 sont
2223 1221 30 18 les
2260 1221 60 18 leurs.
2330 1221 50 19 Pour
2386 1222 20 17 la
2413 1221 53 18 croix

1991 1244 153 22 dePonte-Novo,
2152 1250 48 17 pour
2210 1246 18 17 la
2236 1247 63 21 palme
2306 1247 25 17 de
2346 1246 119 23 Morosaglia,

1991 1273 48 18 pour
2047 1269 20 18 le
2074 1269 57 19 buste
2139 1270 23 17 de
2178 1270 92 23 Pasquale
2278 1271 61 22 Paoli,
2356 1276 31 14 ces
2395 1271 71 18 mêmes

1991 1294 95 22 généreux
2094 1295 103 18 donateurs
2214 1296 53 18 n’ont
2275 1300 34 18 pas
2316 1296 58 18 versé
2385 1301 27 13 un
2420 1300 48 14 cen-

1992 1319 53 18 time.

2011 1344 26 18 Ils
2045 1344 117 19 constituent
2170 1350 24 13 en
2203 1346 67 18 réalité
2284 1351 49 17 pour
2349 1347 55 18 notre
2419 1350 46 19 pays

1992 1374 26 12 un
2029 1369 92 19 véritable
2129 1370 51 18 fléau
2191 1372 21 17 et
2224 1372 30 17 lui
2261 1371 43 19 font
2310 1372 20 18 le
2346 1372 44 22 plus
2406 1372 60 22 grand

1992 1395 44 17 tort.
2044 1395 29 17 En
2081 1395 53 22 effet,
2143 1396 72 23 malgré
2224 1397 20 17 la
2252 1401 81 14 carence
2341 1397 91 22 complète
2441 1397 25 18 du

1992 1422 156 21 gouvernement,
2156 1422 26 18 ils
2189 1426 25 14 ne
2222 1422 81 22 perdent
2309 1422 71 23 jamais
2387 1427 38 14 une
2436 1427 31 14 oc-

1992 1446 64 18 casion
2070 1446 105 19 d’affirmer
2188 1447 43 18 leur
2248 1448 123 18 indéfectible
2385 1448 83 18 attache-

1992 1472 53 17 ment
2052 1471 12 18 à
2071 1471 19 18 la
2101 1473 70 21 grande
2179 1473 105 22 «patchie»
2299 1474 19 17 et
2332 1478 22 14 se
2371 1474 95 18 déclarent

1992 1495 51 22 prêts
2049 1496 12 18 à
2071 1497 50 18 cirer
2127 1498 62 18 toutes
2196 1498 29 18 les
2232 1498 64 18 bottes
2304 1503 46 14 sous
2364 1499 102 23 lesquelles

1992 1525 48 14 nous
2048 1522 113 22 gémissons.

2015 1545 28 19 On
2055 1551 21 14 se
2084 1548 65 18 soucie
2156 1548 40 18 fort
2203 1553 36 18 peu
2249 1553 24 14 en
2278 1549 49 18 haut
2332 1550 41 18 lieu
2388 1550 24 18 de
2430 1554 36 14 nos

1992 1573 152 18 revendications
2151 1578 33 14 car
2190 1578 26 14 on
2224 1578 21 14 se
2252 1574 37 18 fait
2295 1574 50 19 forts
2353 1575 25 18 de
2386 1579 22 14 ce
2414 1577 54 16 trou-

1993 1601 47 18 peau
2048 1598 24 18 de
2080 1603 81 15 zouaves
2169 1600 32 22 qui
2206 1600 41 18 s’en
2255 1605 25 13 va
2288 1600 79 18 hurlant
2375 1605 34 14 son
2417 1600 50 19 éter-

1992 1623 32 17 nel
2032 1624 141 19 contentement
2181 1626 19 16 et
2205 1629 35 14 son
2249 1626 115 18 admiration
2371 1630 48 18 ponr
2432 1626 34 18 des

1992 1651 129 20 gouvernants
2128 1650 114 22 incapables.

2015 1673 35 19 Ces
2055 1674 114 19 rallumeurs
2177 1675 24 18 de
2206 1676 19 17 la
2232 1675 78 19 flamme
2317 1676 114 23 patriotique
2442 1681 25 13 en

1993 1698 57 20 Corse
2058 1704 24 14 ne
2090 1704 22 14 se
2118 1701 73 18 lassent
2197 1701 75 22 jamais.
2278 1702 17 18 Il
2306 1702 58 18 suffit
2371 1702 96 18 d’ailleui-s

1993 1725 24 18 de
2023 1725 29 18 les
2060 1725 48 19 faire
2115 1726 73 23 figurer
2193 1727 163 23 périodiquement
2365 1728 11 18 à
2381 1727 85 23 VO/ficiel

1993 1755 48 17 pour
2049 1751 75 19 obtenir
2134 1756 26 14 un
2168 1752 95 23 allumage
2269 1753 80 18 normal.

2015 1780 87 24 (Coréica,
2110 1782 89 24 Ajacciu.)

1994 1834 156 23 Astensione

2016 1871 43 18 Aux
2077 1871 98 20 dernières
2190 1872 91 18 élections
2305 1873 115 22 cantonales,
2439 1873 29 18 les

1994 1896 166 19 abstentionnistes
2169 1902 23 13 en
2206 1897 57 19 Corse
2270 1899 35 17 ont
2318 1898 31 18 été
2357 1898 39 18 très
2412 1902 57 14 nom-

1994 1922 61 18 breux
2068 1923 19 17 et
2095 1923 47 18 dans
2152 1923 97 22 plusieurs
2259 1924 79 18 cantons
2350 1923 26 19 ils
2391 1925 34 16 out
2438 1924 31 17 été

1994 1948 61 18 même
2059 1948 19 18 la
2085 1949 71 21 grande
2160 1948 94 23 majorité,
2262 1953 23 14 ce
2292 1949 35 23 qui
2335 1950 31 17 est
2374 1950 94 17 vraiment

1994 1978 27 13 un
2029 1974 54 22 signe
2089 1974 24 18 de
2126 1974 170 18 mécontentement
2309 1976 20 17 et
2341 1979 39 14 une
2396 1979 72 18 preuve

1995 1999 128 19 indiscutable
2130 2000 30 21 de.
2164 2000 20 17 la
2191 2000 111 18 conscience
2314 2000 81 18 éclairée
2400 2001 20 17 et
2427 2000 43 18 mê-

1995 2029 31 13 me
2032 2024 118 18 raisonnable
2157 2024 25 18 de
2194 2026 44 17 tous
2247 2029 48 14 ceux
2311 2025 34 22 qui
2353 2026 33 17 ont
2401 2025 46 23 jugé
2457 2025 12 17 à

1995 2054 67 19 propos
2070 2050 23 18 de
2102 2050 98 18 demeurer
2203 2050 122 18 indifférents
2329 2051 12 17 à
2348 2051 50 17 cette
2406 2050 64 18 électi-

1995 2080 31 14 on.

2016 2100 28 19 En
2052 2100 54 23 effet,
2120 2101 93 22 pourquoi
2226 2105 22 14 se
2264 2101 94 23 déranger
2374 2102 44 17 d’un
2434 2105 34 19 pas

1995 2131 48 18 pour
2049 2128 57 17 voter
2112 2131 48 18 pour
2166 2127 34 18 des
2208 2127 99 18 candidats
2315 2127 34 22 qui
2357 2132 24 13 ne
2385 2126 42 19 font
2434 2127 33 17 ab-

1996 2153 94 18 solument
2096 2152 42 18 rien
2145 2157 48 18 pour
2200 2152 101 18 améliorer
2308 2153 20 17 le
2336 2152 56 19 triste
2398 2153 40 17 état
2445 2152 23 18 de

1995 2179 54 17 notre
2054 2178 34 18 Ile.

2017 2203 35 19 Les
2066 2203 74 21 Corses,
2156 2203 111 19 réellement
2283 2203 144 23 indépendants,
2440 2207 30 14 re-

1995 2229 122 18 connaissent
2124 2230 42 21 trop
2175 2229 111 18 clairement
2293 2228 88 19 combien
2396 2229 20 17 la
2425 2228 45 18 Cor-

1996 2258 21 14 se
2024 2255 31 17 est
2063 2254 61 23 dupée
2130 2255 19 17 et
2153 2254 121 18 abandonnée
2282 2254 25 18 de
2312 2255 45 17 tous
2368 2258 30 14 ses
2406 2254 63 22 repré-

1996 2281 90 17 sentants.

2016 2307 30 17 Au
2057 2305 74 19 Conseil
2138 2305 75 23 général
2221 2309 73 15 comme
2301 2306 77 21 partout
2390 2305 79 18 ailleurs

1995 2332 25 18 où
2028 2331 29 18 les
2065 2330 80 19 intérêts
2152 2331 25 18 de
2183 2331 19 17 la
2213 2330 57 18 Corse
2284 2331 45 17 sont
2345 2335 25 13 en
2381 2330 39 23 jeu,
2437 2335 32 13 ces

1995 2357 79 18 intérêts
2079 2357 44 18 sont
2126 2356 145 23 complètement
2276 2356 143 23 négligés.nous
2423 2360 48 14 vou-

1995 2383 42 17 lons
2044 2383 64 22 parler
2115 2382 44 18 bien
2168 2382 84 18 entendu
2259 2382 25 17 de
2290 2381 85 19 l’intérêt
2382 2382 83 22 général,

1995 2412 33 14 car
2037 2408 19 18 la
2063 2408 50 18 lutte
2120 2407 100 19 électorale
2227 2412 25 13 en
2264 2406 58 19 Corse
2330 2408 47 17 met'
2385 2407 85 23 toujours

1995 2434 28 18 les
2033 2432 80 19 intérêts
2129 2433 110 22 personnels
2252 2434 19 17 et
2279 2432 122 23 particuliers
2414 2433 57 18 avant

1996 2463 46 14 ceux
2050 2459 24 17 de
2084 2458 19 18 la
2111 2458 120 18 collectivité.

2018 2484 28 18 On
2060 2488 49 14 nous
2127 2483 42 18 dira
2180 2488 37 17 que
2232 2484 21 17 le
2268 2484 61 22 grand
2342 2483 77 19 nombre
2434 2483 34 18 des

1995 2509 167 19 abstentionnistes
2168 2509 30 18 est
2206 2509 50 18 celui
2264 2509 24 18 de
2296 2513 49 14 ceux
2353 2509 33 22 qui
2393 2509 45 17 sont
2445 2513 25 13 au

1995 2534 102 19 Continent
2110 2534 82 22 quoique
2208 2534 101 18 demeurés
2329 2534 79 18 inscrits
2423 2534 47 18 dans

1995 2561 52 17 leurs
2058 2564 108 14 communes
2174 2560 80 22 natales,
2263 2564 22 13 or
2293 2560 51 17 cette
2352 2559 118 18 affirmation

1995 2587 31 17 est
2033 2585 72 22 fausse,
2111 2586 43 17 tout
2161 2585 77 18 d’abord
2252 2589 57 18 parce
2317 2589 38 18 que
2368 2584 18 18 la
2399 2584 27 18 loi
2444 2588 24 14 ne

1995 2611 74 22 permet
2073 2614 35 19 pas
2114 2610 60 18 d’être
2181 2611 12 17 à
2196 2611 21 16 la
2221 2610 38 18 fois
2269 2610 88 18 électeur
2373 2614 23 13 en
2413 2609 57 18 Corse

1995 2637 20 17 et
2022 2640 25 14 au
2056 2635 107 21 Continent,
2170 2634 66 22 Quand
2244 2636 12 17 à
2263 2639 50 14 ceux
2321 2635 35 22 qui
2364 2639 24 13 ne
2396 2639 22 13 se
2426 2635 45 17 sont

1994 2666 34 17 pas
2035 2660 37 18 fait
2078 2660 83 18 inscrire
2168 2664 25 13 au
2200 2659 104 19 Continent
2311 2661 21 17 et
2345 2660 34 21 qui
2394 2660 76 17 demeu-

1995 2687 43 17 rent
2043 2685 113 23 légalement
2164 2684 94 19 électeurs
2266 2685 48 17 dans
2328 2685 53 17 leurs
2388 2688 83 14 commu-

1994 2715 35 14 nes
2036 2710 100 23 d’origine,
2147 2711 11 17 à
2166 2710 103 18 l’occasion
2273 2710 26 18 de
2313 2710 95 18 certaines
2421 2709 49 19 élec-

1995 2737 51 17 tions
2050 2740 72 14 comme
2126 2736 48 18 celle
2182 2736 26 17 du
2215 2735 22 18 14
2246 2735 83 22 octobre,
2339 2739 81 19 presque
2425 2736 44 17 tous

1995 2762 29 18 les
2034 2761 97 18 candidats
2139 2760 101 19 n’hésitent
2250 2765 34 18 pas
2291 2761 12 17 à
2310 2760 49 18 faire
2364 2760 23 18 de
2394 2764 76 19 grosses

1996 2786 91 23 dépenses
2094 2787 20 17 et
2121 2786 34 18 des
2161 2786 108 18 démarches
2277 2787 93 21 urgentes
2381 2790 48 17 pour
2436 2785 35 18 fai-

1996 2816 22 14 re
2025 2812 76 18 revenir
2108 2812 52 18 leurs
2168 2811 48 19 amis
2223 2811 25 18 de
2256 2812 44 17 tous
2307 2811 30 18 les
2345 2811 63 23 points
2418 2810 24 18 de
2451 2811 18 16 la

1997 2837 102 23 métropole
2107 2841 47 18 pour
2161 2837 56 18 voter
2232 2841 25 14 eu
2266 2836 45 18 leur
2318 2836 97 18 faveur....

2019 2867 77 23 (L’Echo
2104 2868 22 18 de
2134 2865 23 28 la_
2161 2867 60 22 Corse,
2230 2866 82 24 Parigi.)

1998 2932 102 22 Aiacciu
2108 2944 29 4 —
2148 2931 135 29 Stamparia
2295 2930 25 22 di
2334 2931 23 21 A
2368 2931 97 21 Muvra

1998 2973 16 14 u
2025 2964 232 24 Diretlore-Gerente
2265 2971 6 16 :
2285 2964 72 22 Petru
2367 2963 102 23 ROCCA

1848 3053 42 30 In
1913 3053 206 30 Fermessû
