2712 3948
164 165 41 51 U
228 164 71 51 Rè
324 165 50 50 di
398 165 203 54 Corsica

317 237 131 29 (Seguitu)

193 306 18 24 È
220 310 61 24 bera,
291 311 28 23 si,
329 311 59 21 ch’in
398 312 54 25 ogni
462 313 69 21 dove,

156 343 18 19 A
184 348 14 13 u
209 341 25 20 tà
243 341 25 20 tà
277 342 26 19 tà
312 342 23 20 di
345 342 7 20 i
362 343 46 19 miò
418 342 94 24 vagoni.

154 372 125 24 Trasportu
288 379 13 13 e
310 373 56 19 code
375 380 13 12 e
396 373 117 24 capizzoni

156 401 109 22 Nemiche
274 402 23 20 di
307 410 12 12 e
328 403 84 25 palude
419 410 13 12 e
440 403 23 19 di
473 403 21 20 le
504 403 75 25 piove,

156 434 25 20 In
192 432 75 26 quelle
276 433 147 24 leggendarie
432 433 168 21 Cummissioni

154 464 44 20 Ghi
208 470 98 13 cercanu
316 464 126 24 sott’acqua
451 471 12 13 e
474 467 79 17 vostre
561 470 65 15 cove.

158 491 18 24 È
185 495 63 23 bera,
257 494 29 24 si,
302 494 44 20 mai
356 494 31 20 mi
396 494 71 20 fiaccu

158 526 28 20 Di
196 525 99 20 trascinà
304 524 88 25 signori
403 524 22 20 in
435 524 80 25 fiaccu,

159 556 81 25 D’apre
248 556 22 20 la
280 559 65 21 porta
355 562 13 13 e
376 555 23 20 lu
409 555 100 25 purtellu

158 588 19 19 A
186 586 37 21 chi
232 589 115 22 prumette
357 592 59 18 pane
424 593 13 13 e
445 586 103 22 cultellu,

160 618 19 20 A
187 619 71 19 santu
266 617 79 20 Arena
355 616 128 24 Manuellu,

161 649 19 19 A
191 648 94 21 Carnot,
298 647 103 22 Combes,
411 647 148 23 Millerancu,

198 679 19 19 A
225 678 91 23 Rancu,

198 709 19 20 A
225 708 53 21 tutti
288 708 15 20 li
314 708 138 25 puliticanti.

160 741 9 20 I
179 743 68 22 portu
256 746 12 13 a
278 739 59 20 bede
346 739 24 19 in
380 739 62 20 mille
451 739 90 20 canti...

160 771 45 22 Ma,
215 777 12 14 a
237 770 23 20 lu
269 770 100 22 ritornu,
379 770 61 20 bellu
450 769 71 23 bellu,

161 802 25 20 Li
195 807 56 14 cavu
260 800 54 25 ogni
323 807 52 13 cosa
385 800 23 20 di
417 807 14 13 u
441 800 140 20 cerbellu....

162 832 17 21 E
187 832 20 20 si
217 838 29 14 ne
254 831 95 20 voltanu
364 831 23 20 in
397 831 76 25 Parigi

200 862 81 21 Scordi
290 862 23 20 di
322 862 7 20 i
339 862 72 20 nostri
420 861 66 25 arigi,

161 894 76 20 Panze
245 899 12 14 e
266 892 93 21 stacche
367 892 82 20 trimbe
458 892 23 20 di
490 892 99 20 salcicci.

199 924 96 25 Figliole
304 930 60 16 care,

160 957 19 19 A
190 956 22 20 vi
221 955 61 23 dieu,
293 961 30 13 un
332 954 44 20 site
384 961 58 13 ancu
452 954 77 20 tombe
535 953 6 20 !

162 986 113 22 Pizzicate
283 989 89 21 quantu
381 985 22 20 vi
413 985 65 25 pare!

161 1016 174 22 Canterinendu
345 1022 67 19 sopra
421 1016 21 19 le
451 1015 105 20 tombe...

162 1049 35 20 Un
207 1048 107 25 ghiornu,
325 1047 67 23 forse,
402 1047 22 20 le
437 1046 107 20 vostr’ale

200 1078 139 21 Diccennule
353 1077 164 23 s’allibreranu,

161 1109 108 26 Quandu,
279 1110 29 24 pè
317 1109 21 20 la
347 1109 68 20 Costa
425 1107 131 23 Orientale,

161 1140 91 21 L’acule
260 1140 23 19 di
292 1146 13 13 a
314 1139 90 25 Pasqua
413 1145 66 14 corsa
487 1141 136 17 canteranu.

161 1172 46 20 Per
215 1170 92 26 oghiedì
316 1177 13 13 e
340 1170 60 25 dopu
409 1169 100 21 dumane

200 1202 66 20 Nimu
276 1201 23 20 vi
307 1201 94 25 taglierà
410 1200 23 20 lu
443 1206 68 19 pane,

200 1232 123 21 Succhiate
329 1238 69 14 carne
407 1231 110 20 cirneane
525 1229 5 19 !

376 1297 30 21 IX

162 1336 85 21 Scorsu
256 1335 16 21 li
282 1334 69 27 primi
359 1333 62 26 jorni
428 1340 14 13 e
449 1333 8 20 i
466 1332 69 26 primi
544 1331 95 23 incanti,

202 1367 17 20 U
230 1366 91 21 frombu
336 1366 22 19 di
371 1365 16 20 li
396 1364 70 24 canti,

161 1397 81 26 Spenti
251 1398 7 19 i
266 1396 109 21 turribuli
384 1395 115 22 odoranti,

200 1430 19 19 A
227 1429 54 20 luna
290 1428 24 20 di
324 1428 59 19 mele

161 1460 90 20 Sfasciò
259 1458 113 21 murendu
382 1465 13 13 e
402 1457 55 21 finte
466 1456 61 21 vele.

200 1491 19 20 U
228 1491 33 19 Rè
269 1489 97 21 nuvëllu

160 1522 102 25 Apparse
269 1521 37 20 ciò
315 1519 121 21 ch’ell’era:
445 1525 31 14 un
486 1519 25 19 rè
520 1517 100 25 jflagellu.

200 1553 42 20 Era
255 1551 111 26 superbu,

198 1583 69 20 Tuttu
281 1582 83 21 nerbu,

199 1614 28 20 Di
241 1619 63 15 razza
318 1615 97 20 estrosa,

199 1645 116 22 Viulente,

200 1676 43 20 Per
250 1682 31 13 un
291 1674 87 23 niente,

160 1707 63 20 Dava
232 1713 44 13 una
285 1705 72 20 frusta
366 1711 13 13 a
387 1704 22 20 la
418 1710 26 13 so
452 1709 78 18 sposa.

200 1738 19 19 A
228 1736 95 21 Corsica
333 1735 94 25 Regina,

161 1768 47 21 Tra
216 1775 13 13 e
238 1768 72 24 prime
319 1773 53 13 rose
380 1766 86 19 d’amor
474 1764 69 20 truvô
552 1763 21 20 la
582 1762 74 26 spina.

162 1799 51 21 Ellu
222 1799 73 24 partia
304 1798 20 19 a’
333 1797 75 20 caccia
416 1796 54 25 ogni
480 1794 112 21 matina...

159 1828 173 22 Tocchi-tocchi
341 1834 12 13 e
362 1828 70 24 pianu
442 1827 80 25 pianu,

161 1860 166 23 Girandulava,
337 1866 14 13 u
358 1858 70 25 jornu
438 1863 67 17 sanu,

201 1892 33 19 Da
243 1894 78 17 monte
330 1896 13 14 a
352 1890 69 24 pianu

160 1923 18 20 E
187 1922 114 20 rientrava
310 1928 14 13 a
333 1924 66 17 notte
405 1919 129 26 jagherina,

199 1953 121 20 Cantendu
329 1952 22 20 le
359 1958 26 13 so
394 1957 70 19 prove
470 1958 7 12 :

148 1985 54 20 Pan
207 1984 11 20 !
225 1984 52 20 Pan
283 1983 12 21 !
308 1984 20 20 A
334 1982 82 26 jallina
424 1981 51 21 face
487 1981 69 20 Love.

197 2015 25 20 In
231 2021 53 19 gara
293 2014 121 22 d’Aiacciu,

197 2046 94 24 M'ungu
299 2045 23 20 lu
332 2044 133 23 mustacciu;

200 2077 25 20 In
238 2077 87 23 Campu
335 2076 22 20 di
367 2076 58 22 loru,

196 2107 70 21 Pan!
274 2114 32 13 un
316 2106 62 21 bellu
388 2110 63 19 toru;

198 2139 26 20 In
233 2138 91 25 piaghia
334 2137 109 23 Piraccia,

201 2170 49 19 Una
258 2168 142 21 sumeraccia
408 2174 6 17 ;

200 2201 18 19 A
227 2207 15 13 u
251 2200 73 20 Ponte
337 2198 124 22 d’Ucciani,

202 2231 34 20 Un
245 2237 42 18 par
295 2230 23 20 di
328 2229 97 25 fasgiani
431 2236 8 16 ;

199 2262 26 20 In
234 2267 53 20 gara
296 2267 13 14 a
318 2261 88 19 Tavera

200 2293 48 20 Una
257 2292 124 25 capi-nera.

199 2323 25 20 In
235 2323 152 24 Bucugnanu,

200 2354 34 20 Un
244 2353 97 20 mulettu
349 2358 86 19 spanu;

199 2385 110 20 Davant’a
318 2384 106 22 Tattone,

197 2415 44 21 Tre
249 2421 82 14 muvre
339 2421 13 13 e
360 2420 31 14 un
400 2418 114 16 muvrone
523 2420 6 16 ;

197 2446 63 21 Sottu
269 2452 13 14 e
291 2444 146 23 Muracciole,

199 2477 34 20 Un
242 2483 65 14 carru
317 2483 13 13 e
339 2479 35 17 tre
382 2475 70 23 mule;

197 2509 19 19 A
223 2508 24 20 lu
257 2506 191 22 Ponte-Vecchiu,

199 2538 34 21 Un
242 2538 127 25 ghiagheru
378 2536 101 23 tecchiu;

198 2570 19 19 A
225 2569 53 25 quel
288 2569 22 20 di
320 2576 14 12 u
344 2567 135 25 Serraghiu,

198 2601 35 20 Un
242 2600 74 20 merlu
325 2598 136 25 biancaghiu
471 2605 7 16 ;

198 2631 66 20 Sottu
274 2630 137 22 Riventosa,

199 2662 49 20 Una
257 2667 72 19 cagna
338 2664 50 16 tosa
395 2667 6 17 ;

198 2693 25 20 In
230 2698 63 19 gara
301 2692 24 20 di
334 2690 72 23 Corti,

197 2723 45 20 Tre
249 2722 80 26 ghialli
338 2721 100 21 disciolti
445 2728 6 16 ;

198 2754 99 21 Davanti
306 2752 105 23 Suveria,

198 2785 44 20 Tre
250 2784 102 21 culombi
359 2783 24 20 in
393 2783 60 23 eria;

197 2815 45 21 Tra
250 2815 97 20 Omessa
356 2821 14 13 e
378 2813 139 23 Francardu,

199 2847 35 20 Un
243 2846 93 25 picchiu
345 2845 117 20 bastardu.

199 2877 106 25 Ghiungu
315 2877 23 19 in
350 2875 164 22 Ponte-lecciu,

199 2908 99 21 Scontru
308 2914 31 14 un
349 2906 138 21 batterecciu

200 2939 27 20 Di
237 2944 69 15 corne
315 2943 101 20 caprune
426 2943 5 17 ;

199 2970 32 20 Ne
240 2969 73 21 facciu
324 2976 13 13 u
352 2968 152 24 franghiume,

201 3000 16 20 E
226 3000 30 20 mi
266 2999 181 26 pontuinnanzu

200 3031 47 20 Fin’
254 3037 12 14 a
276 3031 147 21 Casamozza,

200 3061 57 21 Culà
265 3061 101 24 chiappu
375 3066 31 14 un
414 3066 94 16 manzu,

200 3093 19 20 U
227 3098 88 18 sangue
324 3091 116 24 s’appozza
450 3097 6 17 ;

199 3123 72 20 Passu
278 3122 26 20 in
313 3122 138 22 Bescuvatu,

198 3153 30 20 Mi
235 3156 78 17 storzu
323 3152 23 20 in
356 3154 108 20 castratu;

200 3184 19 20 A
227 3190 15 14 u
255 3186 71 22 ponte
339 3182 88 23 Fulelli,

199 3214 85 20 Trenta
292 3213 35 20 sei
335 3212 97 25 agnelli;

200 3244 26 21 In
234 3250 55 19 gara
298 3250 14 13 a
322 3244 99 20 Prunete

199 3275 31 20 Mi
238 3274 78 21 cacciu
325 3274 22 20 la
355 3277 49 17 sete
412 3280 7 17 ;

199 3306 18 19 A
226 3305 53 24 quel
288 3304 24 20 di
320 3304 97 20 Tallone

200 3335 30 20 Mi
239 3335 90 20 sciaccu
339 3340 31 14 un
379 3333 111 25 frisgione
497 3339 6 17 ;

201 3365 51 20 Ver’
260 3365 23 20 di
292 3364 153 24 Casabianda,

201 3395 126 26 Cignaletli
336 3395 23 20 in
367 3395 84 20 banda.

203 3427 58 22 Una,
269 3426 57 20 duie
334 3432 13 13 e
355 3428 59 18 tre...

202 3457 31 21 Sò
241 3457 37 20 eiu
286 3456 25 21 lu
319 3456 69 22 Rè!...

159 3542 27 4 —
192 3531 43 21 Chi
244 3531 116 25 bergogna
367 3532 6 20 !
382 3531 96 25 gridava
487 3530 125 21 Cirneella.

160 3563 35 20 Or
202 3562 68 20 lavati
277 3568 7 17 ;
294 3567 20 14 si
324 3561 79 21 bruttu
412 3567 66 14 cume
488 3568 32 13 un
529 3566 99 19 porcu...

200 3592 119 21 Fidxatemi
328 3592 45 20 ’ssa
382 3591 109 21 vunnella
498 3598 7 13 :

159 3623 92 25 Sangue
258 3628 13 13 e
279 3621 69 25 fanga
355 3622 6 19 !
377 3622 51 20 Pari
437 3628 30 13 un
478 3627 65 14 orcu.

354 3654 114 21 Martinu
480 3651 185 28 Appinzapalu.

352 3686 141 27 (Cuntinua)

804 178 125 27 Sunata

735 227 60 19 Puela
803 230 19 18 di
830 231 18 17 la
854 236 109 18 campagna,

735 252 60 19 Puela
802 255 123 22 d’occasione,

736 276 35 19 Esi
781 279 19 17 la
807 279 54 19 Musa
870 280 17 18 si
895 281 57 21 lagna

735 301 15 17 E
759 303 54 18 c’una
820 304 52 22 jusla
880 305 96 22 raggione.

737 326 71 20 Perché
816 334 33 16 per
858 335 42 13 esse
909 331 56 21 puela

736 351 64 22 Aghiu
809 358 45 17 poca
862 354 111 18 islruzione.

737 389 29 18 Ma
774 391 25 17 mi
809 392 52 22 piace
870 393 19 17 di
906 393 45 18 ludii

737 414 23 17 Di
768 415 69 19 Chiara
845 418 19 17 la
872 418 27 17 so’
905 418 83 18 bellezza
994 422 6 17 ;

738 438 138 25 Cercheraglnu
884 447 11 13 a
904 443 19 17 là
931 442 49 18 rima

738 463 32 18 Sla
777 465 81 19 belJezza
866 471 37 13 cun
911 472 75 13 carezza

738 487 16 18 E
761 489 20 17 di
787 494 5 12 :
801 495 11 12 a
821 490 68 19 Chiara
898 492 87 21 graziosa

738 513 26 17 La
771 515 90 18 vurrebbi
869 517 65 21 preslu
939 521 63 17 sposa.

739 551 26 17 La
772 552 55 18 Irovu
835 555 42 17 cusi
885 555 79 21 gentile,

739 575 55 19 Parla
802 581 73 19 sempre
880 579 122 22 dolcemeute,

740 599 16 18 U
764 601 28 17 so’
797 606 63 14 amore
869 603 98 22 giuvenile

740 624 15 18 E
760 630 49 17 puru
817 631 63 14 amore
887 628 103 18 innucente
996 634 6 16 ;

741 649 15 17 E
763 652 81 20 pussede
852 652 20 18 lu
881 653 100 22 splendore

741 674 22 17 Di
769 679 12 13 a
789 675 59 23 virlù,
859 682 11 13 e
878 678 21 17 lu
907 678 37 18 bon
952 683 51 13 core.

740 713 121 22 Ghjrulmina
868 717 19 17 la
895 721 104 18 eumpagna

740 738 43 18 Nun
792 741 89 18 mancadi
888 742 114 22 gentilezza;

741 763 56 19 Corne
805 765 77 19 l’aranci
890 767 21 17 di
918 767 74 22 Spagna

741 786 15 20 È
763 789 53 19 dolce
824 791 18 17 la
850 791 28 18 so’
883 796 75 13 carezza
963 796 5 13 :

741 813 52 19 Veru
800 816 74 23 neltar.e
882 816 94 22 preziosu,

741 838 49 19 D’un
797 844 63 14 amore
868 841 97 18 deliziosu.

741 877 40 22 Poi,
790 879 71 18 Nunzia
868 880 18 18 la
894 880 99 20 biundina,

741 902 74 22 Quantu
830 905 51 17 assai
896 904 127 23 intelligente!

741 928 27 17 Ha
780 933 38 13 una
829 934 46 13 voce
883 930 99 22 argentine

741 952 15 18 E
763 953 207 23 pietosaugualmente.

741 980 68 22 Appar’
815 981 19 18 di
843 982 31 17 ste
881 982 106 21 damicelle,

740 1005 30 18 Un
780 1006 18 17 si
805 1011 26 13 ne
840 1007 55 17 trova
904 1006 33 23 più
948 1007 56 17 belle.

741 1044 17 18 U
766 1045 36 17 me’
807 1046 84 21 sguardu
899 1045 12 18 è
918 1045 86 23 precisu:

741 1069 36 18 Per
786 1074 29 13 me
823 1075 70 17 parenu
901 1070 83 22 listesse,

741 1094 56 18 Hanu
805 1096 50 17 lutte
863 1095 54 18 bellu
924 1095 44 18 visu

741 1119 58 18 Corne
805 1124 46 14 vere
859 1120 128 22 principesse,

742 1144 65 18 Sicchè
812 1145 14 17 li
834 1145 36 18 me’
878 1144 131 23 cumplimenti

740 1169 37 18 Per
785 1170 37 18 elle
829 1170 27 17 so’
861 1170 105 18 eccellenti.

832 1197 23 18 F.
862 1197 28 18 A.
898 1197 105 18 Franchi.

722 1269 82 25 Esse
817 1277 19 16 o
848 1271 166 23 unn’esse.

776 1325 15 17 A
800 1330 26 12 un
828 1326 55 21 puela
892 1323 135 19 incunusciulu.

743 1358 31 18 C’è
783 1358 115 23 musighime
905 1363 12 13 a
924 1358 74 21 sulana,

742 1383 21 18 Si
771 1383 133 23 musigheghia
912 1384 23 17 ad
944 1383 82 21 umbria,

742 1409 30 17 Ma
780 1408 82 23 perché?
872 1409 40 17 Una
918 1408 47 18 rima
974 1413 45 13 sana

743 1429 15 22 È
765 1435 78 20 pertuta
850 1434 22 17 in
880 1434 74 22 puesia.

742 1459 81 18 L’affare
828 1464 45 17 pare
881 1459 120 19 abbastanza.

741 1484 38 18 Per
783 1484 117 22 odiammi,in
903 1484 123 18 circustanza.

741 1524 125 22 M’incolpanu
871 1523 54 18 d’avè
933 1523 49 18 fattu

742 1549 116 18 Testamenti
866 1549 20 18 in
891 1548 67 23 puesia
964 1553 6 13 :

720 1574 22 17 Di
750 1575 67 21 questa
825 1575 56 17 unn’è
888 1573 116 19 suddisfattu

741 1599 88 18 L’autore
836 1604 69 13 mancu
913 1599 46 21 cria,

741 1625 43 21 Chi,
793 1629 34 18 per
834 1625 36 17 avè
882 1624 34 23 più
928 1628 98 17 successu,

741 1649 17 19 U
765 1650 42 18 fece
815 1651 25 17 da
850 1650 40 18 ellu
899 1651 71 17 stessu.

741 1689 40 22 Poi,
788 1689 77 22 n’aghiu
871 1690 60 17 avutu
938 1689 66 21 ventu,

740 1714 121 19 Parlendumi
870 1714 55 23 guasi
934 1714 21 18 in
963 1718 63 17 corsu,

740 1740 46 18 Dice
792 1745 14 12 :<t
814 1740 24 18 Sò
843 1740 78 22 propriu
926 1740 100 20 cuntenlu,

741 1764 143 23 Credimipuru,
894 1765 37 18 car’
937 1764 56 21 Orsu,

741 1790 23 18 Di
771 1790 66 18 fammi
846 1795 27 12 un
878 1790 75 18 talentu
961 1794 44 13 raru

740 1815 17 18 E
765 1820 94 18 passanne
875 1815 40 18 alu
928 1815 99 22 to’paru.»

719 1864 23 4 —
747 1855 62 18 Bravu
816 1854 6 18 !
828 1855 61 17 Bravu
897 1854 5 18 !
909 1854 14 18 li
928 1853 98 23 rispondu;

740 1880 56 17 Rima
803 1880 103 22 quant’ella
914 1880 14 17 ti
937 1883 44 18 pare
988 1884 5 16 ;

741 1905 74 22 Quessu
824 1909 43 14 sera
874 1905 21 17 lu
904 1904 80 21 t’affare,

740 1930 99 18 Rim’aneu
844 1935 34 17 per
883 1929 142 18 l’altrumondu!

740 1956 60 18 Fruza
807 1955 105 18 ’nchiostru
917 1959 12 13 a
935 1954 92 18 tunellate

740 1981 16 17 E
761 1980 153 23 ’mbraganeghia
925 1980 19 18 le
950 1979 39 18 fate
995 1978 5 18 !

739 2020 31 18 Ma
778 2020 21 18 in
807 2020 56 20 rima,
872 2020 19 17 la
899 2020 25 17 to’
930 2019 97 22 parlanza,

739 2046 17 17 A
762 2050 28 13 un
795 2049 78 14 eccessu
879 2043 28 19 s’ë
911 2044 70 18 decisa.

739 2070 68 23 Piglia,
819 2070 58 22 piglia
884 2070 94 21 pacienza,

740 2096 26 17 Mi
775 2096 37 17 faci
821 2095 64 18 sbuttà
892 2095 20 17 la
920 2094 45 17 risa.

740 2121 22 17 A’
767 2120 89 22 passione
864 2119 11 18 è
883 2124 13 12 u
906 2119 23 17 to’
938 2118 75 22 parlatu
1019 2122 5 16 ;

739 2145 23 17 Di
768 2150 6 12 :
782 2145 74 21 Quantu
868 2144 64 18 l’hanu
941 2143 69 22 pagatu
1015 2141 10 18 ?

740 2184 32 18 Sai
780 2184 50 18 cos’è
836 2183 129 22 un’opinione,

740 2209 16 18 E
766 2210 43 17 ’nde
818 2209 58 18 l’omu
884 2209 73 21 quantu
965 2207 44 18 vale
1016 2205 10 19 ?

741 2234 82 18 Cunosci
827 2235 18 17 le
853 2234 39 18 miò
903 2237 82 14 canzone

740 2260 60 18 Senza
804 2264 71 18 peveru
881 2259 25 18 nè
911 2259 47 20 sale,

740 2285 31 18 Ma
778 2285 53 18 forsè
845 2285 43 17 c’un
896 2284 30 22 po’
932 2283 21 18 di
959 2283 67 18 eritica

740 2311 27 18 Pè
774 2311 20 17 la
801 2311 27 17 to’
833 2314 43 14 cara
883 2308 87 23 pulitica.

719 2350 29 18 Un
756 2349 60 23 pezz’è
827 2349 49 18 eh’io
884 2353 25 13 ne
916 2348 22 18 sò
945 2348 68 17 stuccu
1018 2351 6 16 ;

741 2374 70 24 Pigliai
818 2375 19 17 la
844 2374 65 18 strada
914 2373 33 22 più
952 2373 52 17 corta

741 2400 37 22 (Un
786 2400 61 17 facciu
856 2399 52 18 falcu
917 2398 25 18 nè
949 2397 66 22 cuccu)

740 2425 23 18 In
771 2425 60 18 faccia
837 2425 14 17 li
857 2424 62 18 chiosi
926 2428 12 13 a
942 2424 61 21 porta.

741 2451 16 17 E
763 2456 12 12 u
786 2450 36 18 miò
836 2449 63 21 useiu,
908 2448 51 18 credi
967 2452 57 18 puru,

741 2476 29 18 Ad
779 2475 66 22 aprelu
850 2479 43 13 sera
901 2475 57 16 duru.

741 2516 37 17 Per
783 2515 37 18 ben
826 2514 19 18 fà
850 2519 22 13 so
878 2517 73 18 sempre
956 2512 70 22 prontu

740 2541 48 17 Eun
795 2540 78 18 rinculu
881 2542 68 14 mancu
957 2538 46 17 cria.

741 2566 134 18 Michiamasle
883 2564 68 20 mattu,
960 2563 64 20 tonlu;

741 2591 44 18 Dite
790 2591 42 18 ch’è
838 2588 95 19 un’eresia

740 2617 16 17 E
763 2616 33 18 chi
802 2615 63 18 facciu
872 2613 153 23 tropp’affrontu,

741 2641 95 18 Parlendu
847 2639 134 19 d’autonomia.

740 2680 28 17 Eh
774 2679 5 18 !
789 2679 56 18 ’ndeh
850 2678 32 18 eiu
889 2682 28 13 un
922 2682 22 13 so
951 2677 53 22 parlé

740 2705 24 18 Di
769 2705 59 17 mette
832 2704 15 17 li
852 2703 54 22 loghi
909 2707 11 13 a
924 2706 57 14 saccu
986 2701 5 18 !

740 2730 10 18 I
757 2729 52 23 paesi
817 2728 87 23 spazzulà

740 2755 37 18 Per
786 2755 46 17 andà
840 2754 73 22 a,batte
920 2757 13 12 u
941 2753 61 19 taccu,

741 2780 15 18 0
764 2784 12 14 a
780 2780 47 17 curà
831 2778 53 23 ponti
889 2782 12 13 e
905 2777 98 22 lampioni,

740 2804 119 19 Desertendu
867 2803 26 18 sti
901 2801 90 24 rughioni
998 2800 5 19 !

740 2844 83 18 Pulitica
831 2842 30 19 chi
869 2841 112 20 rimbomba,

742 2869 36 18 Chi
786 2869 86 20 çunduce
879 2872 11 12 a
897 2867 21 17 la
924 2866 76 18 ruvina.

720 2894 33 19 Ciò
757 2894 88 18 ch’ell’un
850 2895 100 17 massacra,
956 2890 70 21 tomba,-

740 2920 49 17 Face
796 2918 53 18 biutà
860 2917 41 23 ’gni
908 2916 84 18 cunfina.

740 2944 16 18 E
763 2945 28 17 lot
793 2945 18 16 ta
817 2942 71 19 azzizza
894 2946 12 13 o
911 2941 70 18 accetta

741 2969 31 18 Pe’
777 2968 70 22 spiritu
852 2967 20 17 di
876 2967 92 17 vindetta.

793 2995 83 19 L’Orsti
887 2993 115 18 d’Orezza.

720 3062 130 25 Pedone
872 3060 152 24 Muvrinu

741 3112 136 20 GHIASEPPU.
882 3121 24 4 —
910 3111 116 18 L’artieulel-

720 3140 20 17 lu
749 3139 11 17 è
771 3139 96 21 stampatu
881 3137 34 22 qui
922 3140 63 18 sopra.
998 3136 26 21 lé,

720 3168 27 13 un
754 3164 85 17 mancate
846 3162 18 18 a’
877 3160 147 22 *‘Merendella”,

720 3189 18 18 ci
757 3189 89 17 cuntemu
869 3186 155 18 assulutamente.

720 3213 73 18 Strinta
800 3213 20 17 di
826 3217 57 13 manu
890 3211 91 18 fraterna.

741 3245 109 19 FRANCHI.
859 3254 23 5 —
893 3245 9 17 I
913 3244 113 22 cullegianti

720 3272 49 17 hanu
776 3270 97 23 sbagliatu
878 3274 5 17 ;
892 3273 99 14 acanzona
998 3273 27 13 un

720 3298 51 17 sorte
780 3296 35 18 che
823 3295 63 22 oghie.

740 3328 120 19 ANGHIULU
865 3327 125 18 PADOVANL
1001 3335 25 4 —

720 3354 45 17 Sara
771 3353 24 22 pè
802 3358 14 12 u
824 3356 82 14 numéro
911 3352 21 17 di
941 3356 12 12 u
959 3351 10 17 7
976 3351 50 21 apri-

719 3379 19 18 le
743 3384 7 17 ;
759 3378 63 23 grazie
830 3377 59 18 mille.

740 3410 139 19 PULVERINU.
886 3419 22 4 —
912 3409 113 18 Almanaccu

720 3437 76 22 speditu
800 3440 5 17 ;
813 3436 69 17 lettera
889 3434 102 23 publicata.
997 3432 28 18 Cu

720 3461 93 23 rispettie
821 3460 65 18 saluti.

740 3493 140 19 MARTINU.—
889 3492 31 18 Un
931 3491 28 18 c’è
972 3491 54 17 statu

720 3524 65 13 mezzu
793 3519 20 17 di
820 3518 82 23 prufitta
909 3517 20 17 di
936 3521 15 12 u
958 3516 67 17 nostru

720 3544 107 22 suggiornu
832 3548 5 17 ;
846 3543 44 17 sarà
897 3546 34 18 per
936 3546 28 12 un
971 3540 21 18 di
999 3540 26 17 sti

719 3569 57 22 jorni.
785 3567 138 19 Toceamanata.

741 3601 116 18 MINICALE.
866 3610 19 4 —
888 3599 27 19 Pè
923 3604 13 13 u
944 3602 81 14 numeru

720 3627 20 17 di
749 3626 29 18 u7
787 3626 66 22 aprile.
862 3624 97 19 Amicizie.

741 3659 26 18 M.
776 3659 22 17 T.
802 3668 25 4 —
832 3658 73 21 Quandi
910 3657 33 19 voi
951 3656 18 18 ci
976 3660 49 18 pen-

721 3685 62 18 sarete
791 3688 13 13 u
812 3688 66 13 menu.

1046 183 104 23 Cullana
1159 185 101 22 Storica
1271 185 28 21 di
1309 184 24 22 A
1341 184 91 23 Muvra

1101 237 25 36 A
1144 239 157 45 Cunquista
1318 239 145 37 Francese

1182 295 31 35 di
1230 307 18 23 a
1267 295 120 35 Corsica

1097 341 46 28 (Da
1153 349 32 15 un
1202 344 122 22 Giurnale
1336 344 25 20 di
1374 343 103 29 l’Epuca)

1215 402 11 26 (
1227 402 107 28 Seguitu
1335 402 11 27 )

1077 465 44 21 Les
1147 466 159 24 Volontaires
1334 470 118 21 soutenus
1479 474 42 21 par

1049 495 118 27 quelques
1191 497 166 28 Compagnies
1380 499 30 21 de
1429 499 93 22 Grena-

1050 524 67 21 diers
1127 525 23 21 &
1161 527 31 20 de
1211 527 137 22 Chasseurs
1368 529 65 22 leurs
1452 529 70 22 firent

1050 555 104 25 prendre
1164 557 24 20 la
1199 557 71 27 fuite,
1282 558 23 21 &
1315 559 36 20 les
1364 558 122 23 forcèrent
1493 558 29 21 de

1050 589 111 21 repasser
1171 586 24 21 le
1209 586 66 23 Golo
1287 594 61 16 avec
1358 590 53 21 tant
1422 590 30 21 de
1471 587 52 28 pré-

1051 613 138 29 cipitation,
1210 617 60 26 qu’il
1279 625 19 21 y
1309 625 30 15 en
1360 621 42 19 eut
1415 616 108 30 quantité

1051 644 31 21 de
1102 646 83 28 noyés,
1205 651 99 19 ensorte
1326 655 48 22 que
1393 650 53 21 leur
1456 650 67 27 perte

1051 675 44 21 dut
1114 677 67 26 aller,
1194 685 18 21 y
1223 680 107 27 compris
1341 681 38 21 les
1398 679 100 27 blessés,
1509 678 14 22 à

1051 705 56 27 près
1119 707 30 21 de
1160 707 45 22 600
1215 709 129 27 {hommes.
1365 710 31 22 Le
1417 711 62 21 Pont
1498 715 25 15 se

1051 739 88 22 trouva
1150 742 129 21 tellement
1296 743 90 27 jonché
1401 744 30 21 de
1448 746 75 19 morts

1051 769 99 28 lorsque
1164 771 34 21 M.
1208 773 24 20 le
1245 772 88 22 Comte
1345 774 30 21 de
1387 774 73 21 Vaux
1466 780 58 15 vou-

1051 799 37 21 lut
1099 801 96 21 ensuite
1205 808 19 21 y
1234 809 92 20 passer,
1340 804 58 27 qu’il
1411 805 70 21 fallut
1494 811 29 15 en

1049 829 76 26 jetter
1135 831 113 26 quantité
1260 833 59 22 dans
1327 834 23 21 la
1361 834 92 22 rivière
1464 840 60 22 pour

1052 860 24 20 le
1095 859 125 30 déblayer.
1242 862 72 23 Cette
1332 864 103 27 journée
1455 866 69 20 coûta

1051 889 110 28 très-peu
1174 891 30 21 de
1216 893 99 26 monde,
1328 894 23 21 &
1363 894 35 21 M.
1412 895 30 21 de
1454 895 70 22 Vaux

1052 920 28 21 fit
1089 920 71 22 diner
1179 927 62 17 avec
1259 924 35 21 lui
1306 930 33 15 un
1359 925 104 27 Caporal
1482 926 42 21 des

1053 950 152 24 Grenadiers
1217 953 31 21 de
1268 953 166 30 Champagne,
1448 957 41 26 qui
1501 957 22 20 le

1052 984 108 26 premier
1177 986 71 21 avoit
1265 986 70 23 foncé
1351 994 42 15 sur
1406 988 117 23 l’Ennemi

1052 1014 23 21 la
1086 1014 131 28 bayonette
1227 1016 60 22 dans
1299 1018 36 21 les
1347 1018 76 22 reins.
1437 1019 30 21 Le
1477 1026 13 21 9
1501 1021 23 20 le

1052 1044 134 28 Régiment
1201 1047 31 21 de
1253 1047 160 29 Champagne
1429 1050 95 22 marcha

1053 1080 61 15 avec
1124 1075 144 24 l’Artillerie
1280 1084 41 16 sur
1332 1079 163 26 Pietra-Alba,
1503 1081 22 21 &

1052 1104 49 22 l’on
1114 1105 62 23 étoit
1187 1107 101 28 disposé
1299 1108 13 22 à
1324 1109 83 22 brûler
1415 1116 27 15 ce
1450 1110 76 22 Villa-

1052 1141 31 21 ge
1095 1135 39 22 s’il
1142 1136 83 23 faisoit
1235 1137 143 28 résistance,
1387 1145 94 17 comme
1490 1141 33 21 M.

1053 1166 30 21 de
1096 1166 124 23 Marboeuf
1228 1168 28 22 fit
1267 1170 24 21 le
1303 1171 52 21 soir
1366 1171 63 20 celui
1442 1172 30 20 de
1483 1171 43 22 Vi-

1052 1198 84 26 gnalo.
1147 1197 21 22 Il
1178 1204 18 22 y
1204 1199 71 22 avoit
1286 1206 59 16 2000
1355 1200 91 22 Corses
1458 1201 13 22 à
1483 1202 42 21 Pe-

1052 1228 119 26 tra-Alba,
1183 1229 63 21 mais
1259 1230 31 21 ils
1301 1230 173 23 n’attendirent
1483 1238 42 21 pas

1053 1258 73 26 qu’on
1144 1259 37 21 les
1198 1260 116 27 attaquât,
1327 1261 32 21 ils
1370 1261 156 22 abandonnè-

1052 1289 57 20 rent
1127 1289 24 20 le
1170 1289 101 28 Village
1292 1291 41 21 dès
1352 1291 72 27 qu’ils
1444 1293 82 21 virent

1053 1320 73 27 qu’on
1138 1322 89 22 venoit
1237 1322 14 22 à
1264 1330 54 16 eux.
1332 1324 62 22 MM.
1408 1326 30 21 de
1455 1325 71 22 Vaux

1052 1351 23 21 &
1087 1351 31 22 de
1130 1352 126 23 Marboeuf
1265 1354 186 24 s’abouchèrent
1460 1357 24 21 le
1500 1363 25 15 10

1053 1387 64 22 pour
1126 1383 58 22 voir
1194 1384 111 22 d’ouvrir
1315 1391 31 16 en
1366 1387 79 21 même
1463 1389 61 20 tems

1051 1413 24 21 la
1087 1414 208 23 communication
1307 1418 69 19 entre
1386 1418 65 21 leurs
1462 1418 63 21 deux

1054 1443 79 28 Corps
1144 1444 117 23 d’Armée
1270 1453 6 19 ;
1286 1446 23 21 &
1320 1449 72 20 outre
1403 1448 122 22 Petra-Al-

1053 1475 38 25 ba,
1113 1475 106 27 Lamma,
1240 1477 93 28 Ortaga
1345 1477 23 22 &
1379 1478 102 23 Novella
1499 1485 26 15 se

1052 1506 128 21 rendirent
1191 1508 24 20 le
1226 1508 80 21 même
1315 1508 59 27 jour
1393 1515 57 16 sans
1466 1509 59 22 faire

1052 1537 24 20 la
1087 1537 114 21 moindre
1213 1537 100 23 défense
1323 1544 6 20 ;
1343 1545 32 15 on
1383 1539 71 23 h’eut
1463 1539 13 22 à
1488 1546 38 16 es-

1053 1572 74 23 suyer
1138 1573 47 22 que
1196 1568 24 22 le
1232 1569 42 21 feu
1287 1569 43 22 des
1342 1569 124 23 Redoutes
1484 1571 40 27 qui

1053 1603 31 15 ne
1096 1597 27 22 fit
1134 1604 43 21 pas
1188 1599 79 27 grand
1274 1600 56 21 mal.
1342 1600 84 22 Cassia
1437 1608 26 15 se
1473 1608 52 15 ren-

1053 1628 37 21 dit
1100 1629 23 20 le
1133 1629 141 22 lendemain
1284 1636 6 20 ;
1303 1630 22 21 &
1336 1631 24 21 la
1379 1632 146 22 soumission

1053 1659 31 21 de
1096 1665 40 15 ces
1148 1659 111 29 Villages
1271 1661 59 22 dans
1342 1662 107 27 lesquels
1469 1669 31 16 on
1511 1669 13 15 a

1053 1689 88 22 trouvé
1150 1691 32 21 du
1193 1691 71 27 grain
1272 1691 23 22 &
1303 1692 43 21 des
1355 1694 171 26 approvision-

1053 1723 112 19 nements
1179 1722 30 21 de
1221 1722 84 26 balles,
1319 1728 78 17 ouvre
1416 1725 23 21 la
1459 1725 67 22 Bala-

1052 1757 57 21 gna,
1129 1751 149 23 Petra-Alba
1299 1759 31 15 en
1350 1753 68 23 étant
1427 1756 24 21 la
1463 1755 60 22 Clef.

1053 1781 35 21 M.
1102 1782 155 23 d’Arcambal
1267 1789 18 22 y
1296 1786 39 19 est
1346 1790 61 16 avec
1419 1791 25 16 sa
1457 1786 69 21 Divi-

1053 1813 55 21 sion
1120 1813 22 21 &
1154 1814 34 20 du
1208 1813 87 23 Canon
1307 1815 31 20 de
1348 1814 22 22 8.
1392 1816 133 29 L’échange

1053 1843 43 21 des
1111 1844 155 26 prisonniers
1277 1848 75 25 ayant
1369 1845 38 23 été
1423 1846 51 27 fait,
1489 1848 36 21 les

1053 1873 113 29 François
1178 1875 130 22 revinrent
1317 1876 24 21 le
1355 1882 26 16 12
1392 1878 31 20 de
1443 1877 81 27 Corte,

1052 1907 23 22 &
1086 1908 172 27 rapportèrent
1269 1915 48 21 que
1328 1910 37 21 les
1376 1910 112 23 babitans
1496 1912 29 21 de

1053 1940 63 20 cette
1126 1938 67 22 Ville
1204 1940 196 27 transportoient
1409 1942 65 21 leurs
1493 1942 34 21 ef-

1052 1968 47 22 fets
1111 1969 59 22 dans
1182 1970 24 21 la
1226 1970 142 28 Montagne,
1383 1973 107 26 quoique
1503 1974 22 21 la

1051 2001 56 26 plus
1118 2000 96 27 grande
1233 2001 80 27 partie
1325 2001 36 22 fût
1380 2002 114 28 disposée
1512 2003 14 22 à

1051 2037 27 15 se
1084 2031 97 26 rendre,
1191 2037 28 16 ce
1228 2037 13 18 q
1246 2031 56 23 u’ils
1310 2032 124 23 n’osoient
1441 2041 84 21 cepen-

1051 2062 60 21 dant
1121 2068 43 21 pas
1176 2062 62 22 faire
1249 2062 14 22 à
1275 2069 73 15 cause
1359 2064 44 21 des
1418 2064 108 29 Troupes

1052 2093 30 20 de
1103 2092 77 22 Paoli.
1203 2093 41 21 On
1263 2099 13 15 a
1292 2099 43 22 sçu
1355 2094 61 26 qu’il
1435 2095 91 22 n’avoit

1051 2122 105 28 manqué
1162 2123 77 21 d’être
1248 2124 52 26 pris
1307 2124 60 21 dans
1377 2124 96 23 Murato
1480 2132 46 21 que

1051 2154 72 21 d’une
1143 2154 104 25 minute,
1267 2153 23 22 &
1301 2153 60 28 qu’il
1381 2161 27 15 se
1420 2161 75 17 sauva
1505 2160 20 21 si

1050 2183 219 28 précipitamment
1291 2184 60 27 qu’il
1376 2186 83 27 perdit
1480 2192 45 17 son

1051 2215 117 27 chapeau,
1189 2220 46 16 son
1254 2214 88 22 cheval
1352 2215 24 22 &
1387 2222 43 16 son
1446 2220 81 24 porte-

1051 2246 91 21 feuille.
1164 2245 41 22 On
1227 2251 142 23 commença
1389 2248 138 22 avant-hier

1052 2277 30 20 de
1093 2275 61 22 faire
1166 2276 43 20 des
1222 2275 133 27 chevalets,
1372 2283 66 21 pour
1452 2278 75 28 jetter

1051 2310 44 21 des
1108 2309 75 21 Ponts
1204 2315 42 15 sur
1265 2310 25 20 le
1311 2308 75 28 Golo,
1399 2311 23 21 &
1432 2311 55 22 hier
1503 2313 22 21 la

1052 2339 89 29 Légion
1149 2340 30 21 de
1188 2339 112 22 Lorraine
1309 2346 70 21 passa
1388 2347 47 16 aux
1443 2343 83 21 ordres

1051 2372 31 21 de
1095 2370 34 22 M.
1143 2371 31 21 de
1186 2371 132 25 Marboeuf,
1332 2372 62 21 dont
1404 2373 23 20 la
1439 2372 87 23 Réser-

1051 2408 31 16 ve
1093 2402 70 21 avoit
1174 2401 56 28 déjà
1238 2401 41 23 été
1288 2402 144 29 augmentée
1441 2405 31 20 du
1479 2404 47 22 Ré-

1050 2434 94 27 giment
1164 2432 127 28 Dauphin,
1312 2439 29 16 ce
1353 2435 41 26 qui
1414 2435 35 21 lui
1468 2436 58 21 don-

1051 2464 55 21 noit
1119 2469 13 22 9
1144 2463 143 22 Bataillons.
1302 2463 40 22 On
1353 2465 35 21 lui
1399 2471 14 15 a
1431 2465 95 29 envoyé

1051 2500 90 16 encore
1151 2495 24 20 le
1187 2494 132 28 Régiment
1330 2495 30 20 de
1373 2495 151 28 Languedoc;

1050 2525 24 22 &
1084 2531 32 15 au
1126 2530 91 23 moyen
1229 2525 32 21 dé
1281 2531 27 15 ce
1319 2525 97 22 renfort
1435 2526 19 22 il
1472 2533 53 15 sera

1051 2562 31 15 en
1094 2555 50 22 état
1163 2555 31 21 de
1205 2557 136 20 soumettre
1358 2557 70 20 toute
1439 2558 23 20 la
1482 2557 43 22 Ca-

1051 2587 77 25 sinca,
1141 2586 110 27 pendant
1262 2586 97 27 que.M.
1374 2587 152 23 d’Arcambal

1051 2619 124 25 attaquera
1186 2618 23 20 la
1221 2617 107 28 Balagna
1340 2617 33 21 du
1381 2617 53 22 côté
1443 2619 30 21 de
1484 2619 42 21 Pe-

1050 2648 120 24 tra-Alba,
1193 2646 23 21 &
1235 2653 47 21 que
1302 2647 35 21 M.
1350 2648 31 21 de
1394 2648 132 22 Narbonne

1050 2684 61 16 avec
1120 2678 23 21 la
1155 2678 87 21 sienne
1253 2678 105 22 viendra
1367 2679 32 21 du
1409 2679 53 22 côté
1470 2680 56 22 d’A-

1048 2708 87 28 jaccio.
1149 2707 73 23 Cette
1242 2708 124 22 Province
1387 2715 53 16 sera
1458 2711 68 21 telle-

1050 2741 69 20 ment
1129 2737 110 23 reserrée
1251 2738 77 27 par-là
1338 2745 47 22 que
1392 2740 36 21 les
1437 2740 89 22 Corses

1050 2775 32 16 ne
1094 2771 120 26 pourront
1225 2768 87 29 guères
1322 2775 19 23 y
1351 2770 72 22 tenir.
1431 2770 32 21 Le
1470 2777 56 21 pro-

1049 2800 37 27 jet
1106 2800 30 21 de
1156 2799 34 22 M.
1212 2800 30 20 de
1263 2799 81 27 Vaux,
1365 2801 43 26 qui
1427 2802 99 21 connoit

1050 2830 173 27 parfaitement
1233 2830 25 21 le
1270 2830 63 26 Païs,
1344 2833 38 19 est
1392 2830 133 23 d’attendre

1050 2860 14 22 à
1078 2859 162 23 Ponte-Novo
1256 2865 48 22 que
1315 2860 35 22 M.
1363 2861 34 21 de
1407 2860 122 24 Marboeuf

1051 2892 74 27 ayant
1135 2890 164 22 entièrement
1310 2891 93 22 soumis
1411 2892 23 20 la
1443 2891 82 23 Casin-

1051 2928 28 15 ca
1098 2920 22 22 &
1139 2921 115 26 Rostinô,
1275 2921 92 22 vienne
1387 2921 31 22 IA
1427 2922 98 27 joindre

1051 2958 65 21 pour
1133 2951 114 22 marcher
1261 2952 96 22 ensuite
1379 2953 122 22 ensemble
1512 2953 13 22 à

1052 2982 83 25 Corte,
1148 2981 58 22 d’où
1216 2981 52 22 l’on
1279 2982 65 22 n'est
1361 2982 99 27 éloigné
1479 2989 46 22 que

1051 3013 30 21 de
1093 3019 13 21 7
1118 3012 14 21 à
1141 3011 14 22 8
1165 3013 88 20 lieues.
1265 3012 43 22 Les
1318 3012 93 23 Corses
1422 3015 55 20 sont
1485 3013 39 22 vé-

1050 3043 156 21 ritablement
1228 3043 21 20 si
1272 3043 115 21 interdits
1410 3043 29 21 de
1459 3045 66 21 toute

1051 3075 64 20 cette
1125 3078 153 20 manoeuvre,
1299 3073 59 27 qu’il
1369 3079 18 22 y
1397 3079 15 15 a
1423 3073 43 22 des
1484 3080 41 22 ga-

1050 3109 89 22 geures
1158 3103 74 27 qu’on
1253 3109 54 16 sera
1327 3104 14 21 à
1364 3103 77 22 Corte
1465 3105 59 21 dans

1050 3135 82 21 moins
1152 3134 30 21 de
1201 3133 58 22 huit
1275 3134 71 27 jours
1356 3140 6 19 ;
1376 3134 22 21 &
1421 3135 104 28 quoique

1051 3164 69 22 Paoli
1132 3170 27 15 se
1178 3164 86 21 tienne
1282 3165 113 26 toujours
1414 3164 30 21 de
1463 3166 60 25 loin,

1051 3201 32 16 on
1095 3195 109 26 pourroit
1214 3194 59 21 bien
1284 3194 148 22 l’atteindre.
1442 3194 39 22 On
1491 3196 35 21 dit

1051 3225 137 27 cependant
1207 3224 61 27 qu’il
1287 3224 134 22 rassemble
1439 3227 87 20 actuel-

1049 3256 94 21 lement
1161 3256 55 20 tout
1236 3260 45 16 son
1302 3255 91 21 monde
1404 3253 23 22 &
1444 3255 57 27 qu’il
1511 3262 14 15 a

1051 3284 110 23 ordonné
1180 3290 49 16 une
1249 3285 98 21 marche
1364 3283 123 29 générale,
1499 3292 26 15 se

1051 3317 134 26 proposant
1196 3315 31 21 de
1238 3316 90 26 garder
1339 3320 48 16 une
1398 3320 76 23 gorge
1486 3316 38 27 qu’

1050 3346 20 20 il
1080 3345 52 21 faut
1146 3350 87 22 passer
1243 3347 75 20 avant
1328 3351 48 21 que
1387 3344 118 23 d’arriver
1511 3346 14 21 à

1052 3374 75 23 Corté
1138 3381 6 20 ;
1165 3375 63 21 mais
1248 3376 22 20 si
1291 3381 48 16 une
1350 3374 49 22 fois
1418 3375 107 23 l’Armée

1051 3411 86 21 campe
1149 3405 13 21 à
1174 3404 115 27 Omessa,
1303 3411 32 16 on
1345 3404 36 22 lui
1392 3411 31 16 en
1439 3407 87 21 rendra

1050 3436 51 21 bon
1112 3437 106 25 compte.
1229 3436 35 20 En
1272 3435 126 22 attendant
1406 3442 30 15 on
1446 3436 79 22 désar-

1050 3471 41 16 me
1102 3467 56 20 tous
1169 3466 36 20 les
1222 3466 111 21 endroits
1353 3464 73 27 qu’on
1444 3472 15 15 a
1474 3467 51 26 pris

1051 3502 32 15 ou
1096 3497 40 26 qui
1149 3501 27 16 se
1187 3498 58 19 sont
1257 3496 93 21 soumis
1359 3501 6 19 ;
1380 3494 22 22 &
1422 3502 32 15 on
1471 3497 55 21 voit

1050 3527 101 20 revenir
1161 3531 64 16 ceux
1235 3526 43 27 qui
1291 3526 52 21 s’en
1362 3524 98 24 étoient
1474 3532 51 16 sau-

1050 3555 54 22 vés.

1079 3589 37 21 Ce
1126 3588 37 21 fut
1174 3589 24 20 le
1206 3595 13 21 9
1229 3588 75 28 qu’on
1314 3587 70 23 brûla
1392 3595 48 16 une
1449 3590 76 26 partie

1049 3620 34 21 du
1102 3619 97 26 Village
1218 3619 31 21 de
1261 3618 117 28 Vignalo,
1399 3620 42 26 qui
1462 3621 62 20 esta

1048 3648 103 22 l’entrée
1162 3649 31 20 de
1203 3649 26 21 la
1240 3649 113 24 Casinca,
1369 3653 73 21 parce
1453 3649 71 27 qu’on

1047 3685 19 22 y
1077 3679 68 21 avoit
1156 3678 44 22 fait
1210 3678 42 22 feu
1264 3684 43 16 sur
1315 3679 25 20 le
1348 3677 177 24 Détachement

1542 190 48 22 que
1603 184 33 22 M.
1650 184 31 21 de
1694 182 129 26 Marboeuf,
1836 187 18 22 y
1865 182 70 21 avoit
1946 187 76 16 envo-

1541 214 32 28 yé
1585 220 63 21 pour
1659 214 23 21 le
1703 218 111 17 sommer
1826 212 30 21 de
1876 217 26 15 se
1915 212 89 21 rendre
2014 218 5 18 ;

1543 245 23 20 le
1580 251 25 15 10
1616 245 23 21 le
1653 244 114 21 Couvent
1779 243 30 21 de
1818 242 201 26 Santa-Mariana,

1543 277 70 19 entre
1624 275 81 27 Borgo
1715 273 22 22 &
1748 273 103 21 Luciana
1862 272 41 21 eût
1910 273 23 21 le
1942 274 79 21 même

1544 306 60 24 sort,
1617 304 13 22 à
1643 311 72 15 cause
1727 304 31 21 de
1769 304 23 20 la
1812 302 115 22 conduite
1948 303 72 27 qu’on

1544 341 17 21 y
1572 335 69 21 avoit
1653 336 59 20 tenu
1727 340 31 15 en
1770 335 69 19 toute
1852 333 124 22 occasion.

1575 364 21 22 Il
1606 371 18 21 y
1634 371 14 15 a
1660 365 61 21 dans
1733 365 82 21 toutes
1833 369 40 15 ces
1893 365 129 20 nouvelles

1546 395 57 21 bien
1616 395 44 21 des
1672 392 178 29 particularités
1863 393 73 27 qu’on
1955 395 68 22 avoit

1547 424 54 27 déjà
1619 424 139 22 annoncées
1769 430 5 20 ;
1797 424 61 22 mais
1877 431 32 15 on
1929 426 94 21 n’avoit

1546 455 73 27 point
1629 460 89 16 encore
1731 461 32 15 un
1782 454 74 22 détail
1878 456 20 20 si
1919 456 103 22 circons-

1547 483 89 27 tancié,
1649 485 63 21 ainsi
1726 491 32 15 on
1771 491 31 15 ne
1814 485 52 21 doit
1878 492 42 20 pas
1939 486 84 22 savoir

1548 515 111 21 mauvais
1678 514 43 28 gré
1742 515 31 21 de
1793 516 118 27 quelques
1933 516 89 28 répéti-

1548 545 74 21 tions.

1636 599 82 18 Numéro
1726 601 26 17 du
1760 600 59 18 Mardi
1828 600 23 19 30
1859 601 37 18 Mai
1904 601 52 19 1769.

1748 634 27 17 De
1784 634 61 19 Gènes
1853 635 20 18 le
1881 635 23 18 20
1911 635 44 19 Mai.

1578 665 78 23 Toute
1676 666 137 23 l’attention
1832 669 33 21 du
1886 670 81 26 public
1986 672 38 20 est

1550 697 151 22 maintenant
1710 697 65 22 fixée
1786 704 41 16 sur
1839 705 27 16 ce
1879 701 41 26 qui
1932 707 27 15 se
1971 707 53 21 pas-

1550 733 27 15 se
1586 733 31 15 en
1629 727 77 22 Corse
1716 734 6 20 ;
1732 729 36 20 les
1780 729 126 23 dernières
1918 731 106 22 Nouvel-

1549 758 37 21 les
1607 757 73 28 qu’on
1692 765 31 15 en
1735 766 13 15 a
1766 766 29 15 eu
1815 763 102 25 portent
1935 768 47 22 que
2001 764 22 20 le

1551 787 89 22 Comte
1652 789 31 21 de
1695 789 126 23 Marboeuf
1832 795 74 25 ayant
1917 792 71 28 passé
2001 794 23 20 le

1551 818 65 21 Pont
1624 819 33 21 du
1667 819 66 23 Golo
1742 827 61 16 avec
1811 828 27 16 sa
1847 823 108 22 Réserve
1964 823 61 23 étoit

1550 848 46 21 allé
1606 849 98 27 joindre
1713 852 23 20 le
1746 851 88 24 Comte
1843 854 31 21 de
1884 854 71 23 Vaux
1966 855 58 22 dans

1550 879 24 20 le
1585 880 129 28 voisinage
1726 882 31 21 de
1770 882 84 27 Lento,
1870 885 23 21 &
1905 885 72 28 qu’on
1999 892 26 15 se

1550 909 123 27 disposoit
1686 910 13 22 à
1710 914 111 26 attaquer
1831 915 36 21 les
1881 915 90 23 Corses
1983 916 41 28 qui

1550 944 12 15 s
1572 938 93 23 étoient
1676 941 104 23 fortifiés
1798 944 109 23 derrière
1928 947 43 21 des
1989 953 37 16 re-

1550 969 172 24 tranchemens
1733 973 71 26 qu’ils
1815 976 102 22 avoient
1927 977 64 27 faits,
2004 977 22 22 &

1551 999 33 21 où
1595 1000 30 21 ils
1631 1030 5 8 ^
1644 1003 56 20 sont
1720 1009 30 15 en
1769 1006 78 25 grand
1866 1008 111 26 nombre,
1999 1014 26 15 ce

1551 1030 42 26 qui
1614 1037 14 14 n
1638 1030 115 25 étonnoit
1772 1035 33 21 du
1824 1038 55 21 tout
1898 1039 70 26 point
1990 1040 36 21 les

1552 1059 122 29 François.
1686 1062 19 21 C
1714 1066 38 19 est
1763 1065 23 21 le
1798 1065 72 23 Frère
1880 1068 31 22 du
1921 1069 105 23 Général

1551 1090 77 27 Paoli,
1641 1094 99 21 nommé
1756 1095 122 29 Clément,
1891 1099 23 22 &
1933 1106 49 16 non
2003 1102 23 21 le

1552 1121 109 40 Génér^
1680 1124 127 24 Iui"même
1828 1129 41 26 qui
1891 1136 20 19 a,
1933 1132 90 25 dit-on,

1551 1152 62 21 failli
1625 1153 15 20 d
1649 1154 51 21 être
1712 1156 53 25 pris
1776 1157 61 22 dans
1852 1159 98 24 Murato
1963 1162 33 21 où
2009 1163 17 21 il

1551 1187 14 15 a
1577 1183 77 26 perdu
1665 1185 57 21 tout
1732 1191 46 16 son
1791 1187 106 30 Bagage.
1911 1191 78 22 Outre
2002 1194 23 20 le

1551 1211 135 28 Régiment
1698 1215 114 28 Dauphin
1823 1219 31 21 de
1866 1225 15 21 4
1891 1221 134 24 Bataillons

1551 1242 81 21 arrivé
1644 1249 30 16 en
1686 1245 99 23 dernier
1795 1248 50 21 lieu
1857 1249 13 21 à
1880 1251 22 20 la
1914 1251 81 23 Bastia
2004 1254 22 21 &

1551 1272 42 26 qui
1605 1274 53 21 tout
1668 1275 31 20 de
1711 1276 64 22 suite
1786 1278 46 21 alla
1845 1279 99 27 joindre
1963 1283 62 22 l’Ar-

1551 1302 64 26 mée,
1627 1309 31 16 on
1671 1307 89 20 mande
1772 1308 31 21 de
1814 1312 66 19 cette
1892 1311 74 28 Ville,
1987 1314 38 27 qu’

1552 1339 32 14 en
1595 1339 39 16 cas
1647 1334 31 21 de
1689 1335 96 28 besoin,
1799 1338 17 22 il
1827 1345 18 22 y
1856 1347 13 14 a
1882 1347 42 17 sur
1933 1343 37 22 les
1980 1344 46 22 Cô-

1551 1365 38 19 tes
1601 1364 29 21 de
1646 1364 136 30 Provence,
1804 1371 122 25 plusieurs
1945 1377 81 20 autres

1552 1393 134 29 Régimens
1707 1398 67 26 prêts
1797 1400 30 21 de
1852 1401 172 31 s’embarquer.

1552 1424 41 22 On
1604 1427 84 21 attend
1708 1434 61 16 avec
1781 1430 24 21 la
1819 1431 112 24 dernière
1950 1436 76 28 impa-

1550 1455 81 22 tience
1642 1457 44 21 des
1695 1461 128 21 nouvelles
1832 1462 142 25 ultérieures
1984 1467 42 22 des

1551 1485 150 28 opérations,
1725 1489 24 21 &
1770 1490 49 23 l’on
1844 1497 94 24 compte
1962 1496 65 29 d’ap-

1551 1517 106 26 prendre
1677 1524 31 16 au
1727 1522 109 25 premier
1852 1524 60 27 jour
1932 1532 47 22 que
1990 1529 36 21 les

1551 1547 113 28 François
1688 1553 57 19 sont
1767 1552 91 23 devant
1879 1555 75 23 Corte
1975 1559 41 27 qui

1551 1579 118 26 quelques
1689 1580 174 26 fortifications
1882 1586 75 27 qu’ait
1968 1595 32 21 pu
2010 1596 17 22 y

1551 1608 61 22 faire
1622 1609 97 27 ajouter
1730 1611 77 28 Paoli,
1825 1621 31 15 ne
1873 1616 96 24 tiendra
1984 1626 43 21 pas

1550 1638 137 29 long-tems
1698 1644 85 20 contre
1794 1643 144 26 l’Artillerie
1954 1650 73 27 qu’on

1552 1671 150 28 employera.
1724 1672 42 23 On
1789 1677 84 21 attend
1896 1681 65 20 aussi
1985 1681 42 22 des

1551 1702 130 21 nouvelles
1693 1703 32 21 du
1737 1707 52 19 sort
1806 1706 30 21 de
1852 1707 176 26 l’Isle-Rousse

1551 1731 62 22 dont
1622 1732 25 21 la
1655 1735 142 24 possession
1806 1740 37 19 est
1851 1738 22 21 si
1883 1739 145 25 intéressan-

1551 1763 25 19 te
1587 1768 64 21 pour
1660 1761 36 24 lès
1710 1764 98 28 Corses,
1818 1767 23 22 &
1849 1768 51 23 l’on
1909 1776 31 16 ne
1953 1772 74 23 doute

1551 1793 72 26 point
1633 1799 48 22 que
1693 1801 43 21 par
1746 1796 37 22 les
1795 1804 109 18 mesures
1912 1802 54 27 qu’a
1975 1804 52 26 pris

1551 1823 25 21 le
1588 1822 106 24 Général
1704 1825 116 30 François
1840 1835 27 16 ce
1889 1831 74 23 Poste
1982 1834 46 22 im-

1551 1856 99 24 portant
1660 1861 32 15 ne
1705 1858 85 21 tombe
1799 1859 30 21 de
1836 1860 126 24 lui-même
1971 1870 56 16 sans

1552 1883 60 28 qu’il
1633 1886 50 21 soit
1705 1887 87 22 besoin
1815 1890 31 21 de
1872 1891 83 24 brûler
1979 1901 48 15 une

1552 1920 107 17 amorce.

1620 1971 84 20 Numéro
1712 1974 25 17 du
1746 1974 61 19 Mardi
1815 1975 23 19 30
1846 1977 38 18 Mai
1892 1978 51 19 1769.

1708 2007 26 18 De
1745 2008 21 17 la
1772 2009 63 19 Bastia
1842 2011 19 17 le
1869 2011 24 18 20
1900 2012 43 18 Mai.

1581 2039 94 28 Depuis
1685 2046 46 21 que
1739 2041 36 22 M.
1783 2043 24 20 le
1816 2042 89 24 Comte
1915 2047 30 21 de
1955 2047 72 23 Vaux

1551 2075 15 15 a
1577 2070 72 27 passé
1658 2071 25 21 le
1693 2070 64 23 Golo
1765 2071 13 22 à
1788 2073 162 25 Ponte-Novo
1959 2077 23 21 &
1991 2078 34 22 M.

1551 2100 26 21 le
1588 2099 88 23 Comte
1688 2102 30 20 de
1730 2101 125 24 Marboeuf
1863 2111 59 16 sous
1937 2107 88 28 Borgo,

1551 2131 37 21 les
1604 2130 89 22 Corses
1705 2137 32 16 ou
1756 2135 46 19 ont
1812 2135 52 26 pris
1875 2136 23 21 la
1911 2124 116 40 fuite,&ou

1552 2167 27 15 se
1590 2163 58 20 sont
1657 2163 105 21 soumis.
1775 2163 33 22 La
1817 2164 113 29 Casinca,
1944 2168 84 23 Rosti-

1552 2198 31 15 no
1593 2191 23 22 &
1626 2194 81 20 toutes
1719 2193 37 21 les
1766 2194 88 23 Pièves
1863 2198 110 22 voisines
1984 2202 44 20 ont

1552 2223 47 21 mis
1612 2223 41 21 bas
1663 2224 37 21 les
1712 2230 79 16 armes
1800 2225 22 22 &
1830 2224 135 27 donné'dés
1977 2230 51 22 ôta-

1551 2259 53 21 ges.
1618 2253 68 22 Paoli
1698 2260 14 15 a
1724 2254 40 22 été
1775 2256 67 22 suivi
1854 2258 94 28 jusqu’à
1965 2260 62 23 Ros-

1551 2284 64 26 tino,
1635 2285 51 20 lieu
1706 2285 31 21 de
1749 2291 26 16 sa
1795 2286 141 30 Naissance,
1958 2291 34 22 où
2009 2292 18 21 il

1552 2315 69 21 avoit
1631 2315 24 21 le
1665 2316 56 26 plus
1732 2316 32 21 de
1778 2316 125 25 Partisans
1913 2326 6 20 ;
1940 2321 18 21 il
1977 2328 19 22 y
2013 2329 13 15 a

1552 2344 39 22 été
1602 2345 144 22 abandonné
1758 2347 42 21 des
1812 2348 76 27 siens,
1901 2352 42 25 qui
1958 2352 69 22 n’ont

1552 2381 43 22 pas
1614 2375 44 22 fait
1677 2377 55 26 plus
1743 2377 32 21 de
1795 2378 133 24 résistance
1944 2382 83 27 qu’ail-

1551 2407 81 25 leurs;
1654 2412 32 15 on
1706 2412 31 16 ne
1758 2409 47 20 sait
1824 2410 73 26 point
1916 2414 111 21 actuelle-

1551 2439 70 19 ment
1631 2436 31 22 où
1675 2437 19 21 il
1705 2439 46 20 est.
1762 2437 43 23 S’il
1815 2439 105 24 cherche
1931 2442 14 22 à
1956 2445 73 21 sortir

1552 2468 31 21 de
1593 2467 73 26 l’Isle,
1680 2468 18 21 il
1709 2470 112 25 pourroit
1836 2470 58 23 bien
1906 2473 51 21 être
1966 2475 60 26 pris;

1551 2504 46 16 nos
1609 2498 124 22 Bâtimens
1744 2499 80 22 armés
1844 2504 57 20 sont
1920 2506 109 24 par-tout

1551 2535 32 15 en
1594 2528 125 27 croisière,
1727 2531 112 21 attentifs
1850 2538 14 15 a
1873 2538 114 18 ramener
1995 2536 32 21 ici

1551 2561 56 20 tout
1614 2565 27 15 ce
1649 2560 41 26 qui
1699 2561 96 21 voudra
1805 2561 175 29 échapper.On
1989 2565 39 22 dé-

1552 2596 78 15 sarme
1641 2591 36 20 les
1690 2590 89 22 Pièves
1791 2591 13 21 à
1818 2598 99 17 mesure
1928 2595 100 26 qu’elles

1551 2621 120 20 viennent
1690 2620 60 22 faire
1768 2622 53 21 leur
1837 2625 153 22 soumission
2005 2626 23 22 &

1551 2656 64 15 nous
1634 2656 78 16 avons
1724 2651 55 27 déjà
1797 2652 32 21 ici
1841 2654 55 26 plus
1914 2656 39 22 de.
1964 2662 64 16 2000

1551 2681 71 21 fusils
1632 2686 50 21 que
1694 2680 63 23 MM.
1767 2682 31 21 de
1808 2682 73 24 Vaux
1891 2684 22 21 &
1925 2686 30 21 de
1964 2686 64 23 Mar-

1551 2711 71 22 boeuf
1630 2713 45 20 ont
1686 2712 106 28 envoyé.
1802 2713 73 22 LeM.
1885 2715 143 24 d’Archam-

1552 2742 39 21 bal
1602 2748 14 15 a
1626 2748 57 21 reçu
1695 2743 74 21 ordre
1782 2744 160 27 -aujourd’hui
1962 2747 67 22 d’en-

1550 2774 51 20 trer
1610 2772 58 22 dans
1678 2773 23 21 la
1709 2772 114 29 Balagna,
1833 2775 73 27 qu’on
1912 2777 48 22 sait
1968 2778 60 23 n’at-

1550 2803 85 21 tendre
1656 2808 48 22 que
1715 2804 24 21 le
1754 2807 111 20 moment
1877 2807 30 21 de
1927 2813 26 16 se
1972 2814 56 17 sou-

1550 2835 98 19 mettre.
1654 2833 67 22 Tous
1729 2835 37 21 les
1773 2835 151 26 prisonniers
1933 2838 95 23 Génois

1551 2864 42 27 qui
1615 2863 93 22 étoient
1727 2870 30 15 au
1779 2864 109 24 Château
1900 2868 31 21 de
1952 2869 76 22 Corté

1551 2896 58 20 sont
1629 2893 94 23 arrivés
1746 2895 35 21 ici
1801 2897 163 26 aujourd’hui.
1987 2899 40 23 On

1550 2926 55 20 leur
1616 2930 11 15 a
1641 2927 88 19 ouvert
1738 2926 37 22 les
1787 2927 108 27 prisons,
1905 2934 56 17 sans
1970 2931 58 20 dou-

1550 2957 26 20 te
1587 2961 74 21 parce
1673 2952 148 31 que'l’ordre
1833 2958 31 21 de
1875 2960 54 21 leur
1936 2961 93 22 subsis-

1551 2987 71 20 tance
1633 2985 59 23 s’est
1703 2986 95 22 trouvé'
1810 2988 160 29 interrompu.
1992 2991 35 22 M.

1550 3017 25 20 le
1587 3015 88 23 Comte
1690 3017 30 20 de
1731 3016 21 22 V
1758 3023 48 16 aux
1824 3022 99 25 compte
1943 3021 85 22 d’arri-

1551 3052 47 16 ver
1609 3046 96 22 demain
1724 3046 14 21 à
1754 3046 84 24 Corté.
1860 3049 109 24 Cafforio
1986 3052 41 27 qui

1551 3077 146 21 commande
1717 3077 60 22 dans
1798 3079 22 21 le
1841 3079 101 23 château
1959 3082 35 21 lui
2015 3088 13 15 a

1551 3107 45 21 fait
1605 3107 52 21 dire
1668 3106 61 28 qu’il
1739 3108 36 21 lui
1788 3114 30 15 en
1830 3112 153 25 apporteroit
1992 3113 36 20 les

1551 3137 61 21 clefs
1625 3137 14 21 à
1652 3143 43 15 son
1707 3139 133 26 approche.
1854 3140 41 22 On
1907 3147 31 15 ne
1948 3142 39 21 vit
1992 3143 36 27 ja-

1551 3168 63 21 mais
1625 3168 44 20 des
1681 3168 102 27 progrès
1796 3170 20 20 si
1828 3171 107 26 rapides,
1949 3172 21 21 si
1989 3178 40 16 so-

1550 3198 65 21 lides
1625 3197 24 22 &
1658 3199 22 20 si
1692 3198 103 22 brillans
1808 3205 46 21 que
1877 3206 62 17 ceux
1960 3203 30 20 de
2001 3208 27 16 ce

1552 3227 114 26 Général,
1680 3228 41 27 qui
1733 3234 96 17 comme
1842 3229 77 23 César
1928 3235 58 24 peut
1994 3233 35 21 di-

1551 3264 29 15 re
1589 3264 67 20 venz,
1678 3259 63 25 vidi,
1767 3260 59 21 vici.
1847 3260 33 21 Le
1900 3261 130 23 Directeur

1551 3288 44 21 des
1609 3288 126 27 Hôpitaux
1753 3288 23 22 &
1792 3291 23 19 le
1835 3290 193 24 Munitionnaire

1551 3317 108 22 Général
1669 3324 28 15 se
1708 3319 131 26 disposent
1849 3320 55 27 déjà
1921 3327 64 20 pour
1995 3324 34 20 al-

1550 3349 38 20 ler
1597 3348 62 21 faire
1670 3348 44 21 des
1723 3348 187 24 établissemens
1920 3350 13 22 à
1942 3351 83 23 Corté.

1552 3378 35 21 M.
1609 3377 116 23 Chardon
1743 3379 133 23 Intendant
1893 3387 18 22 y
1931 3387 96 23 envoyé

1551 3408 99 21 demain
1661 3414 40 16 ses
1711 3408 143 29 Equipages,
1864 3410 24 21 &
1896 3411 36 28 s'y
1940 3413 88 21 rendra

1550 3439 129 21 lui-même
1692 3438 130 23 Mercredi.

1607 3493 82 18 Numéro
1697 3494 26 17 du
1731 3494 96 18 Vendredi
1835 3495 12 18 2
1854 3495 46 18 Juin
1908 3496 52 19 1769.

1735 3527 28 18 De
1771 3527 78 19 Monaco
1857 3529 20 18 le
1885 3529 11 18 1
1904 3529 53 19 Juin.

1580 3559 43 21 Les
1635 3560 141 22 dernièrees
1788 3563 131 21 nouvelles
1931 3563 74 27 qu’on
2013 3570 13 15 a

1550 3594 59 22 reçu
1619 3589 31 21 de
1662 3589 79 22 Corse
1753 3597 32 14 ne
1797 3593 56 20 sont
1861 3592 88 27 guères
1958 3599 69 21 capa-

1551 3619 54 20 bles
1625 3619 32 21 de
1680 3620 131 22 confirmer
1829 3621 74 22 l’idée
1923 3628 47 21 que
1990 3624 36 20 les

1550 3648 125 22 Partisans
1687 3650 30 21 de
1732 3650 65 22 Paoli
1816 3652 131 22 vouloient
1965 3653 62 22 don-

1549 3685 46 16 ner
1605 3679 98 28 l’hyver
1714 3681 100 22 dernier
1824 3682 31 21 de
1867 3688 29 16 ce
1906 3682 117 23 Général.

2048 177 32 21 La
2092 177 115 21 conduite
2217 177 56 28 qu’il
2284 183 13 15 a
2310 178 57 20 tenu
2380 177 90 27 depuis
2479 182 48 21 que

2048 208 35 21 les
2096 207 151 28 Opérations
2261 209 44 20 ont
2321 207 153 26 commencé,
2496 213 30 15 ne

2048 244 95 21 prouve
2155 245 43 20 pas
2210 238 59 28 qu’il
2282 238 48 22 soit
2342 239 23 20 le
2386 238 78 22 César
2481 238 43 21 des

2049 268 97 26 Corses,
2165 274 96 16 comme
2282 269 31 21 ils
2331 268 62 21 l'ont
2416 267 107 29 qualifié.

2049 298 39 22 On
2101 299 31 20 lui
2147 299 104 21 donnoit
2262 305 61 21 3000
2332 298 122 26 hommes,
2465 299 61 21 dont

2049 335 11 21 7
2068 334 43 16 000
2130 328 59 28 qu’il
2210 328 133 29 soudoyoit
2355 328 12 22 à
2381 335 28 15 20
2421 330 49 20 sols
2482 335 44 21 par

2046 359 58 27 jour
2114 366 5 16 ;
2131 359 22 22 &
2166 359 82 21 tandis
2263 359 72 27 qu’on
2349 360 122 26 attaquoit
2482 360 43 20 des

2049 389 85 21 Postes
2146 389 33 22 où
2192 389 17 22 il
2220 390 106 26 pouvoit
2334 395 27 15 se
2370 389 126 26 défendre,
2507 390 18 21 il

2049 419 38 22 n’a
2101 426 42 20 pas
2158 425 58 22 paru
2228 426 5 20 ;
2247 420 18 21 il
2277 426 31 15 en
2322 426 13 15 a
2355 421 81 21 même
2453 421 71 21 aban-

2049 450 82 22 donné
2142 450 41 27 qui
2196 452 114 20 auroient
2321 457 33 21 pu
2365 452 95 21 arrêter
2474 452 52 21 lon-

2048 483 63 20 tems
2122 482 35 20 les
2169 480 124 29 François,
2304 481 95 22 n’eût-il
2409 488 29 15 eu
2451 482 13 21 à
2473 483 54 21 leur

2049 517 108 22 opposer
2167 517 48 21 que
2226 512 36 21 les
2274 517 57 22 7000
2342 512 115 23 hommes
2472 520 55 16 sou-

2049 542 77 29 doyés
2136 542 23 21 &
2172 547 27 16 ce
2207 547 47 21 que
2266 544 139 25 pouvoient
2413 544 35 22 lui
2461 545 66 22 four-

2049 575 41 21 nir
2100 574 35 21 les
2156 572 27 29 65
2197 572 117 22 Couvens
2328 573 124 28 répandus
2467 576 59 21 dans

2049 604 75 25 l'Isle,
2136 604 62 20 dont
2208 603 35 21 les
2256 603 80 27 Sujets
2351 604 121 23 n’étoient
2483 613 44 20 pas

2049 636 38 20 les
2097 634 82 21 moins
2193 633 111 27 capables
2324 635 30 20 de
2367 641 28 15 se
2410 635 57 22 bien
2486 636 39 22 dé-

2052 665 97 25 fendre;
2163 664 18 21 il
2194 663 37 22 n’a
2243 670 33 21 pu
2288 665 67 21 tenir
2363 665 106 28 jugeant
2480 673 46 21 que

2050 697 23 20 la
2085 694 77 28 partie
2174 693 85 22 n’étoit
2269 701 43 20 pas
2324 694 79 29 égale,
2422 697 23 20 &
2466 697 61 27 qu’i-

2050 726 147 22 nutilement
2206 725 19 21 il
2234 724 170 24 s’obstineroit
2418 726 14 22 à
2443 727 84 22 défen-

2051 759 44 20 dre
2107 758 63 21 cette
2181 756 96 22 Liberté
2289 757 41 27 qui
2343 757 34 21 lui
2398 758 70 22 avoit
2478 759 48 22 mis

2050 790 37 21 les
2098 794 79 16 armes
2189 787 13 22 à
2213 788 22 21 la
2246 788 76 26 main,
2334 788 23 21 &
2368 788 14 22 à
2399 789 24 21 la
2442 788 85 24 faveur

2051 821 31 21 de
2092 819 106 27 laquelle
2210 818 19 21 il
2240 818 70 22 avoit
2321 824 43 22 sçu
2380 821 148 22 rassembler

2051 849 92 31 jusqu’à
2154 849 74 22 18000
2237 849 167 23 Volontaires.
2410 850 40 22 On
2461 857 66 17 com-

2051 882 67 28 ptoit
2126 881 60 22 dans
2205 881 36 21 les
2254 880 88 22 Pièves
2363 881 31 21 de
2412 881 112 29 Casinca,

2052 912 127 25 Casaconi,
2200 912 157 27 Ampugnani
2369 911 23 22 &
2410 912 115 28 Rostino,

2052 945 61 21 dont
2130 948 32 16 on
2184 942 58 22 s’est
2260 942 99 27 emparé
2379 943 50 21 fort
2443 943 84 22 facile-

2052 976 67 21 ment
2136 973 71 28 après
2227 973 72 21 avoir
2318 972 72 28 passé
2407 974 24 22 le
2451 974 73 27 Golo,

2052 1007 54 27 plus
2119 1005 30 21 de
2161 1004 61 21 2600
2233 1003 122 27 hommes,
2368 1003 24 22 &
2404 1004 21 22 si
2437 1005 24 21 le
2471 1005 55 22 Vil-

2051 1038 56 26 lage
2118 1036 29 21 de
2161 1034 86 22 Lorete
2258 1041 14 14 a
2284 1034 45 22 fait
2338 1035 105 27 quelque
2453 1035 74 23 résis-

2051 1071 79 21 tance,
2143 1066 48 22 elle
2202 1071 13 16 a
2227 1064 59 22 duré
2298 1071 57 21 peu.
2367 1065 66 22 Tout
2442 1067 25 21 le
2478 1073 49 15 res-

2052 1101 25 20 te
2098 1098 30 21 de
2150 1098 24 20 la
2197 1096 121 22 Province
2340 1095 102 23 d’Accia
2469 1097 58 22 s’est

2052 1128 102 25 soumis,
2176 1133 57 16 sans
2245 1126 73 28 qu’on
2336 1127 35 21 ait
2390 1127 70 22 brûlé
2479 1134 47 15 une

2052 1165 97 16 amorce
2160 1165 6 19 ;
2188 1157 23 22 &
2221 1157 35 22 M.
2269 1157 31 21 de
2312 1157 125 22 Marboeuf
2454 1160 73 26 ayant

2052 1189 98 23 marché
2169 1195 44 21 par
2234 1188 150 27 Campoloro
2399 1189 23 20 &
2442 1189 85 21 Aleria

2052 1226 63 23 pour
2133 1226 27 15 se
2180 1219 91 27 replier
2282 1224 41 16 sur
2344 1218 85 26 Corté,
2442 1225 17 22 y
2474 1220 53 21 doit

2052 1252 52 21 être
2121 1249 83 23 arrivé
2223 1255 106 22 presque
2347 1250 118 21 aussi-tôt
2478 1256 47 21 que

2053 1282 35 21 M.
2102 1282 31 20 de
2145 1280 126 22 Marboeuf
2281 1285 45 22 par
2340 1279 114 22 Omessa.

2251 1326 12 27 (
2265 1326 148 27 Cuntinua)

2087 1415 155 46 Ântologia
2267 1416 31 36 di
2315 1418 10 34 i
2344 1416 135 37 ScriUori

2238 1471 83 36 Corsi

2075 1536 83 18 L’aulore
2174 1535 22 19 di
2200 1537 24 17 -si
2224 1537 5 8 1
2230 1536 165 23 impurlantissimu
2411 1537 69 21 lavoru,
2494 1543 32 12 an-

2052 1561 67 17 nuncia
2127 1560 19 18 in
2160 1561 26 17 sli
2199 1560 74 19 termini
2280 1566 11 13 a
2297 1561 92 23 prossima
2399 1562 126 23 publicazione

2053 1586 22 18 di
2082 1585 79 24 uprimu
2168 1585 70 19 volume
2243 1592 7 12 :

2161 1619 96 19 Monsieur
2265 1620 21 17 et
2293 1620 45 18 cher
2346 1620 135 23 Compatriote,

2074 1653 35 18 J’ai
2117 1653 18 18 le
2142 1653 68 22 plaisir
2217 1653 24 18 de
2248 1657 49 14 vous
2305 1658 97 14 annoncer
2408 1655 21 17 la
2444 1655 83 21 publica-

2053 1679 41 17 tion
2098 1679 112 17 imminente
2224 1679 23 16 de
2263 1678 14 18 P
2277 1677 187 20 ANTHOLOGIE
2471 1679 54 18 DES

2053 1698 154 23 ÉCRIVAINS
2217 1702 113 19 CORSES.
2337 1703 34 19 Cet
2379 1709 91 18 ouvrage,
2485 1705 42 22 pré-

2053 1729 42 17 facé
2102 1733 33 17 par
2141 1728 27 18 Mr
2176 1728 47 18 Paul
2234 1727 93 22 Graziani,
2334 1727 80 20 l’érùdit
2422 1729 103 19 archiviste

2053 1754 25 17 de
2084 1754 19 17 la
2110 1753 64 21 Corse,
2180 1754 30 17 est
2217 1753 19 18 le
2240 1753 49 18 fruit
2302 1754 24 17 de
2342 1754 97 22 plusieurs
2455 1755 69 17 années

2053 1780 25 17 de
2093 1779 112 18 recherches
2222 1779 19 17 et
2257 1783 93 17 groupera
2365 1779 162 22 impartialement

2053 1806 41 16 tous
2110 1803 26 19 les
2152 1803 95 18 Ecrivains
2264 1803 88 23 d'origine
2366 1803 55 19 Corse
2437 1805 35 21 (du
2485 1805 40 17 XVe

2053 1829 57 19 siècle
2118 1829 11 17 à
2136 1833 36 13 nos
2179 1828 67 23 jours),
2253 1833 45 13 sans
2304 1828 110 19 distinction
2423 1830 23 17 de
2451 1834 74 18 genres,

2054 1855 58 22 ayant
2117 1854 48 18 écrit
2173 1854 46 17 dans
2226 1855 58 16 toutes
2292 1853 27 19 les
2332 1854 75 22 langues
2424 1855 49 17 ainsi
2489 1859 37 18 que

2053 1880 47 17 dans
2108 1879 29 17 les
2145 1878 86 18 dialectes
2238 1883 64 13 corses.
2308 1879 15 17 Il
2338 1880 126 21 comprendra
2477 1880 49 17 deux

2052 1905 88 17 vulumes
2148 1903 48 21 in-8,
2205 1904 24 17 de
2236 1903 73 18 chacun
2317 1903 34 18 400
2363 1909 58 17 pages
2438 1904 85 22 environ,

2053 1930 46 17 dont
2106 1929 19 18 le
2132 1928 83 23 premier
2224 1928 101 23 (écrivains
2333 1929 26 17 du
2376 1929 41 18 XVe
2425 1934 24 13 au
2463 1929 63 18 XVIIIe

2053 1954 65 22 siècle)
2134 1954 31 18 est
2181 1958 24 13 en
2219 1958 55 13 cours
2291 1954 24 18 de
2330 1954 126 22 composition
2478 1960 48 17 pour

2052 1980 81 22 paraître
2143 1983 46 13 sous
2197 1983 43 18 peu.

2075 2007 27 18 On
2110 2008 89 17 trouvera
2206 2007 46 17 dans
2260 2008 50 17 cette
2318 2008 110 22 anthologie
2435 2008 91 18 insulaire

2052 2033 35 17 des
2095 2032 87 21 extraits,
2190 2032 81 17 souvent
2276 2032 76 21 inédits,
2361 2032 115 18 d’écrivains
2489 2033 37 18 tels

2053 2062 37 18 que
2094 2062 6 12 :
2105 2056 83 18 Petrus
2194 2055 114 23 Cyrnaeus,
2312 2056 101 19 Jacobus
2419 2057 106 22 Bracellî,

2052 2082 30 18 A.
2089 2081 24 18 F.
2119 2080 71 19 Cirni.
2196 2081 97 17 Rinaldo
2303 2081 79 23 Corso,
2390 2081 25 18 G.
2421 2082 25 18 B.
2450 2082 76 23 Agne-

2053 2107 27 21 si,
2088 2105 387 23 FabiamisGiustinlanijAntonius
2483 2107 43 19 Ar-

2052 2131 69 24 righi.
2129 2130 27 19 V.
2162 2127 109 27 Giubêga,
2282 2130 26 19 G.
2316 2131 27 18 V.
2361 2131 120 23 Grimaldi,
2499 2133 26 18 G.

2052 2155 137 23 Multedo,F.
2196 2155 24 18 O.
2229 2156 106 22 Renucci,
2343 2156 22 19 S.
2374 2157 74 21 Viale,
2455 2157 72 23 Napo-

2052 2181 54 19 léon
2111 2181 42 21 1er,
2162 2180 26 18 F.
2200 2180 82 22 Ortoli,
2291 2180 40 19 Ch.
2340 2181 26 18 T.
2384 2182 140 23 Pasqualini,

2052 2207 26 18 L.
2086 2206 66 21 Vero,
2159 2207 38 17 etc.
2203 2207 43 20 etc.,
2256 2211 45 13 sans
2310 2207 75 18 oublier
2392 2208 30 17 les
2427 2208 99 18 meilleurs

2052 2233 26 17 de
2084 2236 35 14 nos
2126 2231 95 18 écrivains
2229 2232 156 21 contemporains.

2073 2260 36 18 Des
2117 2259 42 18 bois
2166 2259 107 22 originaux,
2281 2259 24 18 de
2313 2260 107 18 nombreux
2437 2261 90 18 fac-simi-

2052 2285 31 18 lés
2090 2285 24 18 de
2127 2288 92 19 gravures
2235 2284 108 22 anciennes,
2361 2286 25 17 de
2402 2286 89 22 portraits
2508 2287 19 17 et

2052 2309 147 22 d’autographes
2205 2309 142 18 contribueront
2352 2310 11 18 à
2368 2311 75 17 donner
2447 2316 39 13 aux
2492 2311 34 18 800

2053 2339 57 18 pages
2118 2334 80 18 environ
2206 2335 26 16 du
2239 2335 53 17 texte
2299 2339 38 13 une
2351 2335 68 18 valeur
2427 2336 101 23 exception-

2052 2360 55 17 nelle.
2124 2358 86 23 Quoique
2217 2359 147 18 luxueusement
2371 2360 53 18 édité
2432 2365 35 13 sur
2474 2361 52 18 vélin

2052 2384 94 21 bouffant,
2155 2384 98 22 l’ouvrage
2261 2388 43 14 sera
2312 2384 11 18 à
2330 2384 20 18 la
2357 2385 67 21 portée
2432 2386 24 17 de
2464 2387 62 17 toutes

2053 2410 30 18 les
2091 2410 86 17 bourses.
2191 2408 24 18 Et
2222 2409 40 17 cela
2270 2409 70 22 aidera,
2355 2410 20 21 je
2383 2411 87 21 l’espère,
2481 2411 12 17 à
2507 2415 20 14 sa

2054 2434 100 21 diffusion,
2163 2438 45 13 mon
2216 2434 35 17 but
2258 2434 54 18 étant
2319 2435 24 17 de
2349 2434 52 23 faire
2409 2437 93 17 connaître
2509 2437 18 17 et

2053 2459 59 18 aimer
2116 2460 50 17 notre
2172 2458 27 18 Ile
2204 2458 45 18 dans
2254 2460 59 17 toutes
2318 2459 26 18 les
2347 2460 73 22 parties
2425 2460 26 18 du
2456 2460 70 19 monde.

2075 2487 50 18 Tous
2132 2487 30 17 les
2175 2487 49 17 bons
2241 2486 68 18 Corses
2321 2492 26 13 ne
2360 2488 113 18 doivent-ils
2491 2493 34 18 pas

2053 2512 41 18 être
2101 2512 29 18 les
2134 2512 94 22 premiers
2233 2512 150 22 propagandistes
2390 2513 24 18 de
2422 2515 31 16 cet
2460 2518 67 14 ouvra-

2053 2542 26 17 ge
2085 2537 46 17 dont
2137 2536 136 23 l’opportunité
2280 2541 26 14 ne
2314 2538 45 21 peut
2365 2538 44 17 leur
2418 2538 93 23 échapper
2516 2538 10 18 ?

2075 2562 83 22 J’espère
2165 2566 38 17 que
2210 2566 48 13 vous
2263 2562 83 18 voudrez
2354 2562 46 18 bien
2417 2564 108 17 m’honorer

2053 2588 25 17 de
2081 2588 53 16 votre
2142 2586 127 23 souscription
2274 2588 20 16 et
2302 2587 80 18 m’aider
2389 2588 24 18 de
2421 2589 55 17 votre
2483 2593 44 13 con-

2053 2616 56 14 cours
2128 2616 24 13 en
2168 2612 154 17 recommandant
2346 2613 70 17 autour
2439 2614 24 17 de
2479 2618 48 13 vous

2053 2635 202 19 l’ANTHOLOGIE
2284 2636 55 19 DES
2369 2632 156 25 ÉCRIVAINS

2054 2660 114 19 CORSES.

2075 2686 27 18 En
2109 2690 50 14 vous
2167 2686 114 18 remerciant
2287 2686 114 19 infiniment
2407 2688 13 17 à
2436 2689 90 21 l’avance,

2053 2711 20 22 je
2080 2715 47 14 vous
2134 2711 42 22 prie
2184 2711 91 21 d’agréer,
2283 2711 97 19 Monsieur
2388 2714 20 16 et
2416 2713 50 18 Cher
2474 2713 53 18 Com-

2053 2736 86 23 patriote,
2148 2736 123 22 l’expression
2280 2737 24 17 de
2311 2741 41 14 mes
2367 2738 115 18 sentiments
2498 2739 28 17 les

2053 2762 44 21 plus
2105 2761 113 22 distingués.

2327 2784 28 18 H.
2363 2784 142 19 Yvia-Croce

2076 2820 14 18 2
2094 2819 69 18 volmni
2167 2819 21 18 di
2194 2819 47 19 circa
2246 2820 41 18 400
2290 2821 182 22 p.ognunu,in-8.20
2476 2822 51 22 fran-

2053 2844 32 18 chi
2091 2849 13 13 u
2112 2844 77 18 volume.
2201 2844 23 19 Si
2228 2845 86 23 piglianu
2322 2851 9 12 e
2339 2846 91 18 cumande
2437 2847 17 17 a'
2466 2847 61 17 Libre-

2053 2869 31 18 ria
2092 2869 20 18 di
2119 2869 19 18 A
2144 2869 90 22 Muvra,
2241 2870 27 18 38
2274 2869 54 19 Corsu
2337 2870 99 22 Grandval,
2443 2871 82 23 Ajacciu.

2054 2952 355 31 L’ALMANACCU
2427 2960 28 21 di

2088 2997 31 25 A
2129 2997 200 25 BARETTA
2345 2998 146 25 MISGIA

2217 3043 61 22 per
2289 3037 76 25 1929

2084 3092 112 22 Cuntene
2202 3099 5 15 :
2214 3093 152 22 Calendariu
2374 3094 82 29 (mesi,
2463 3096 58 21 lune

2054 3125 106 29 feste)—
2168 3126 129 28 Pruverbj.

2082 3157 27 23 26
2121 3158 149 27 Stabatoghj
2283 3159 25 21 di
2321 3159 94 22 Matteo
2426 3160 101 23 Cirnen-

2054 3191 48 25 si,u
2114 3190 190 28 Sampetracciu,
2319 3191 81 23 Ceccu
2415 3193 110 27 Saveriu,

2053 3223 130 22 Nunziolu.

2084 3262 25 22 13
2117 3256 113 22 Canzone
2238 3263 14 15 e
2259 3258 93 21 Puesie
2359 3259 26 20 di
2394 3259 24 22 U
2427 3259 99 28 Sampe-

2054 3289 99 25 tracciu,
2164 3289 125 26 Minicale,
2300 3290 75 22 Petru
2394 3292 25 21 di
2443 3292 82 27 Niolu,

2055 3320 147 23 Codaccioni
2212 3321 40 29 (G.
2264 3322 46 28 P.).
2319 3323 26 21 F.
2354 3324 172 23 Franceschet-

2053 3354 28 26 ti,
2094 3353 24 22 U
2129 3353 147 28 Pappagallu
2286 3356 26 20 di
2323 3355 66 27 Péri,
2400 3356 32 22 G.
2442 3357 82 27 Rossi,

2052 3386 121 23 Natalellu
2185 3388 24 20 di
2224 3387 87 27 Rusiu,
2324 3389 129 23 Caiborru.

2081 3425 13 16 2
2105 3420 108 21 Raconti
2220 3420 24 22 di
2254 3421 109 22 Martinu
2372 3423 154 28 Appinzapa-

2053 3452 35 26 lu,
2100 3452 24 22 U
2135 3452 192 27 Sampetracciu.

2082 3490 13 21 4
2105 3484 108 26 Disegni
2220 3486 25 21 di
2251 3485 69 29 Kyrn
2329 3493 14 15 e
2353 3487 32 22 G.
2393 3489 32 21 A.
2439 3489 86 23 Canasi

2082 3517 40 22 Un
2129 3517 109 23 Librettu
2247 3519 25 20 di
2279 3525 28 21 32
2313 3520 89 27 pagine
2411 3524 67 20 sottu
2486 3530 40 15 cu-

2053 3550 96 27 partina
2161 3551 118 22 illustrata
2288 3557 6 15 :
2308 3552 33 21 20
2353 3553 76 22 soldi.

2086 3587 142 16 Amministrazione
2232 3592 4 10 :
2241 3588 18 15 38
2264 3589 49 15 Corsn
2319 3590 79 16 Grandval
2403 3599 19 4 —
2427 3593 67 17 Ajaccin.

2051 3650 99 22 Aiaeeiu
2159 3663 30 4 —
2199 3651 135 29 Stamparia
2347 3654 24 21 di
2385 3656 23 21 A
2420 3656 104 28 Muvra,

2052 3690 16 14 u
2080 3683 242 25 Diretlore-Gerente:
2330 3686 74 24 Petru
2413 3688 112 25 ROCCA.
