2610 3834
58 125 184 39 înzuffata

22 206 33 20 Ete
62 200 58 20 vistu,
128 194 61 20 l'aHra
198 198 43 13 sera

23 232 55 18 Cucnc
86 223 17 18 ci
111 223 51 17 lianu
171 218 100 19 ncevuluV

24 253 37 22 C„i
69 244 98 24 ouJuniali,
176 249 11 13 a
195 248 77 18 guerra,

25 282 7 17 l
40 274 52 22 civil»
100 272 52 18 hanu
159 269 90 20 vulsutu,

25 304 27 20 Mu
60 301 56 17 eranu
126 295 36 17 mal
170 293 69 19 cascali

27 322 68 26 percbè
103 322 76 17 s’eranu
188 317 97 25 sbagliati.

29 376 32 22 Chi
69 373 30 19 no’
107 372 115 17 unn’avemu
232 371 64 21 peura,

31 403 19 20 gi
58 404 23 14 ne
88 397 21 18 sô
118 395 43 19 subi
164 396 20 17 tu
195 392 80 20 accorsi.

32 426 108 22 pcnsavanu
147 426 5 12 :
163 426 9 10 «
180 419 34 18 Chi
224 419 63 20 figura

38 456 7 9 »
49 452 51 18 veina
109 447 24 17 da
142 446 19 17 fà
169 450 22 12 eu
201 440 87 21 ’ss’orsi?

35 472 62 22 nuessi
103 472 53 17 banu
165 475 11 12 a
184 469 48 18 lesla
241 467 62 16 dura.,

65 497 64 20 videte
136 494 31 19 chi
175 494 21 18 sò
204 490 82 20 CorsiV.-
294 495 8 10 »

34 553 54 19 porse
97 552 21 14 ca
127 546 17 18 si
150 545 21 18 !..
178 544 16 18 E
201 543 21 17 lu
230 543 56 17 corsu

32 577 28 19 Un
67 572 74 21 rincula
149 576 10 13 a
168 570 18 17 la
194 565 98 23 baltaglia.

32 602 43 19 Unu
83 604 11 13 a
102 597 64 19 l’altru
175 595 23 17 dà
206 593 98 18 succorsu,

33 628 15 18 E
56 627 29 17 tra
93 624 33 18 noi
134 622 53 18 nimu
199 616 63 24 caglia

34 652 16 19 U
58 651 81 22 pinzulu
148 645 57 20 unn’ô
213 644 19 17 di
241 644 65 16 moi'su

35 677 35 19 Chi
76 674 45 25 ghiè
126 673 21 18 di
155 671 46 19 razz’
207 675 11 12 a
227 665 90 24 cacaglia.

35 730 69 17 Invece
112 725 32 19 chi
153 723 32 19 noi
194 720 55 21 tutti,

38 754 23 19 Di
68 754 20 17 la
96 755 34 15 nos
132 751 29 17 tra
169 751 52 15 razza
229 743 52 21 fîeri,

38 776 113 24 Curaggiosi
159 779 12 13 e
178 769 94 27 palriolli,

38 803 98 24 Malgradu
142 801 21 17 in
168 796 52 25 loghi
225 795 96 19 stramen,

40 830 59 19 Femu
106 826 50 19 vede
164 829 11 12 a
183 823 31 17 cln
222 825 17 13 ci
248 821 53 15 cerca

40 848 189 26 Ch’unsileccaduve
233 843 89 19 sistcrca-

42 907 70 15 ■Frnnu.
121 903 7 17 i
136 895 98 23 culuniali,

40 933 72 20 Cinque
116 920 146 25 Gorsinentr’un
268 915 55 20 ballu;

44 957 80 18 Bolsenu
132 950 8 17 i
147 943 125 24 cunlinentali

45 982 58 18 porse
113 975 79 19 saltacci
199 975 11 14 a
219 969 85 18 cavallu,

45 1006 31 19 Ma
83 1007 24 14 eu
114 1006 11 13 a
133 998 67 20 nostra
208 993 98 20 decisionc

46 1027 104 21 Cambionu
158 1020 116 25 d’opinione.

46 1075 15 23 È
69 1078 46 18 natu
123 1077 21 17 lu
153 1078 45 19 para
207 1076 10 13 e
226 1069 48 21 teni,

47 1104 15 19 E
71 1104 18 17 la
95 1102 48 18 lotta
151 1100 21 18 fù
182 1101 66 15 severa
256 1099 5 16 ;

47 1130 16 19 E
71 1130 62 17 donne
140 1130 24 14 eu
172 1121 66 23 l’oechj
245 1118 54 24 pieni

47 1154 23 19 Di
78 1152 79 20 lacrime
165 1149 21 19 in
194 1147 63 23 quella
265 1148 42 15 sera

48 1179 89 20 Dicianu:
145 1181 9 11 «
160 1173 49 20 pitié
211 1175 50 21 pour
264 1169 54 19 nous!
322 1173 9 10 »

49 1205 29 18 Cu
85 1205 20 17 la
111 1201 35 24 più
154 1200 54 18 dolce
215 1198 84 17 manera.

51 1249 37 19 Per
96 1247 85 18 furtuna,
190 1244 20 17 in
218 1243 20 16 la
245 1239 63 19 serata

50 1274 32 18 Un
89 1272 17 18 ci
116 1272 20 17 fù
145 1270 67 18 nissun
222 1265 67 21 feritu,

53 1299 14 18 E
75 1299 19 17 la
102 1297 40 18 sala
150 1295 21 18 fù
179 1293 74 18 biutata

53 1322 79 24 Quanûe
139 1326 14 12 u
161 1321 65 17 drama
233 1317 21 18 îù
264 1314 59 19 îinifu
328 1317 6 16 ;

54 1349 30 17 Ma
91 1353 24 12 cu
123 1348 20 17 la
151 1341 142 24 sanlavugliala

55 1373 49 24 Ogni
112 1371 58 20 civile
178 1369 11 18 è
196 1367 85 23 fughjtu.

53 1426 18 18 A
72 1430 24 12 va
104 1423 75 19 dicenu,
189 1421 15 17 li
213 1417 50 21 tinti,

56 1450 85 18 Ch’hanu
149 1448 25 17 da
181 1444 58 24 piglià
245 1441 93 19 vindella-

56 1475 43 20 Noi,
108 1474 20 17 di
135 1471 71 19 vineeli
212 1466 95 21 cunvinti,

57 1500 16 18 E
80 1496 114 25 curaggiosi,
204 1493 90 23 s’aspetia

59 1525 39 19 Che
106 1524 17 18 si
130 1523 54 19 fianu
189 1523 75 19 sempre
269 1516 71 20 avanti,

58 1549 125 23 L’aspittemu
191 1545 45 19 tutti
244 1541 67 25 quanti
319 1541 5 17 !

39 1602 23 19 Se
70 1599 92 24 curaggiu
168 1599 50 17 hanu
223 1594 119 20 abhastanza,

62 1625 70 19 Ch’elli
140 1629 26 13 ne
172 1625 90 19 venganu
271 1622 49 19 puru
327 1621 5 16 ;

62 1652 23 17 Li
92 1651 18 18 si
118 1650 41 18 fera
165 1646 134 23 l’accuglianza

63 1676 84 23 (Onesla,
156 1679 12 13 a
175 1673 54 22 colpu
238 1668 81 22 sicuru.)

63 1702 16 18 E
86 1701 18 19 si
111 1698 121 25 qualchid’un
239 1693 90 21 scusciea.

65 1727 71 18 L’hanu
144 1725 25 18 da
176 1722 58 19 falalli
243 1726 12 13 a
262 1721 57 17 duru.

43 1779 85 18 Credenu
137 1776 76 18 ch’omu
221 1773 47 17 n’un
284 1768 64 24 sappia

67 1803 66 19 Ch’elli
143 1802 69 17 facenu
220 1798 7 18 i
235 1795 95 21 cunsolti;

66 1828 16 18 E
91 1829 51 18 lutta
150 1824 72 20 ciocchi
229 1820 111 21 l’arrabbia,

46 1854 35 19 Chi
90 1858 40 14 nun
138 1852 21 17 sô
172 1849 113 20 abhastanza
299 1843 50 19 forti.

69 1879 15 17 E
91 1878 32 19 chi
131 1876 39 21 noi,
180 1874 45 19 tutti
234 1870 100 26 gagliardi,

69 1904 44 18 Nun
121 1903 18 18 ci
145 1902 85 18 lascemu
236 1899 21 17 fà
263 1895 55 20 torti-

70 1950 124 25 Curaggiosi!
204 1947 93 20 Paolacci,

71 1978 29 18 Cu
107 1975 108 24 l’appoghiu
222 1974 21 16 di
249 1971 96 20 Bruüimr

71 2003 15 17 E
95 2004 28 19 tu,
132 2006 45 13 caru
186 1997 83 20 Galeazzi

72 2028 28 18 Cu
107 2027 21 18 lu
137 2027 67 17 nostru
213 2021 102 21 Albertini.

72 2051 89 20 Paceioni
167 2056 15 12 u
189 2048 100 19 Culuniale

74 2078 21 18 Si
103 2076 77 19 truverà
188 2075 21 17 in
216 2073 34 18 ’ssi
258 2070 75 20 cunfini
339 2069 4 17 1

75 2128 17 18 U
101 2126 71 23 megliu
180 2125 30 18 ch’
214 2124 31 18 ell’
251 2123 52 18 hanu
309 2126 12 12 a
328 2119 18 19 fà

75 2149 15 22 È
98 2152 75 23 quel’di
182 2147 87 21 lasciacei
277 2150 61 17 corre,

77 2178 59 18 Sìnnò
143 2176 16 18 li
167 2176 18 18 si
192 2175 40 18 fera
239 2173 50 18 vede

77 2203 36 18 Chi
121 2206 57 15 senza
185 2200 57 18 nisun
253 2198 72 18 timoré,

78 2229 17 18 U
104 2227 60 18 Corsu
172 2225 38 19 mai
218 2228 40 14 nun
266 2221 77 19 rincula

79 2254 69 17 Mancu
156 2255 35 19 per
198 2254 45 18 sape
251 2248 20 18 di
280 2251 60 14 more.

80 2299 17 18 U
105 2298 52 18 ballu
165 2296 21 18 di
195 2301 12 12 u
217 2294 56 18 «Lion
279 2293 50 17 d’or»

80 2325 37 17 Per
122 2326 70 20 quessa
199 2325 40 14 nuu
243 2320 21 17 lu
269 2319 82 17 lascemu
357 2321 6 16 ;

82 2349 44 18 Dili
134 2346 79 23 maligni
222 2345 18 17 di
249 2344 41 23 qui,

82 2374 42 21 Noi,
134 2376 58 20 peura
200 2376 27 13 un
235 2374 24 14 ne
267 2372 76 15 avemu.

61 2401 35 18 Per
104 2399 20 18 fà
131 2399 63 17 froute
202 2401 11 13 a
221 2395 33 18 ’ssi
263 2391 87 22 biccazzi,

82 2425 78 22 Sempre
165 2421 112 20 abhastanza
284 2421 74 16 saremu

84 2475 43 19 Avà
133 2475 22 17 lu
162 2475 67 19 tempu
234 2471 27 18 mi
270 2473 72 16 manea,

62 2501 78 22 Dunque
145 2496 115 25 m’arregliiu
266 2500 11 13 e
282 2494 22 19 vi
310 2494 58 18 chilu-

85 2524 140 20 Marehiaremu
233 2521 46 19 tutti
288 2519 59 20 uniti,

87 2551 15 18 E
110 2551 109 22 ch’ognunu
229 2547 28 18 sia
265 2546 50 20 fidu,

86 2577 24 17 Di
119 2578 77 16 manera
202 2578 11 13 a
221 2572 42 19 falli
270 2570 49 19 vede

68 2601 35 19 Chi
109 2602 23 17 lu
140 2603 71 19 sangue
219 2601 57 16 corsu
283 2600 29 13 un
320 2594 50 18 eede.

193 2631 19 19 U
221 2628 129 21 Culuniale.

395 123 35 28 A
452 122 140 32 Jallina
615 124 279 37 “Incroccula”

351 190 200 21 Incrocculu.sciaiicne
557 191 74 22 malnta,

352 216 27 17 Ne
386 217 56 21 porta
449 214 17 18 lu
474 217 44 16 coda
527 216 47 17 lorla
581 220 5 16 ;

353 241 16 17 A
377 240 28 18 so’
414 240 81 22 padrona
503 240 42 22 ogni
554 244 56 14 manc

353 265 79 18 Amélie
437 262 79 19 sott’unu
521 266 64 20 sport»
591 269 6 16 ;

354 289 48 22 Soga
412 289 49 16 terne
470 286 41 18 d’un
520 289 78 18 triivalla

354 314 21 17 ]n
380 311 77 24 qualcbi
461 311 76 23 calagnu
542 314 66 18 morta.

355 352 41 18 Ella
404 350 15 17 li
428 354 58 14 serve
494 349 17 19 di
518 349 43 22 jalju

356 377 30 17 Pc’
395 373 98 23 sveglialla
500 375 16 18 la
524 376 73 21 mutihn,

356 400 64 19 Fendu
426 403 25 13 cu
460 398 58 19 l’alire
523 398 63 22 jalline

358 425 21 18 In
387 423 83 20 carciara
478 427 11 13 a
495 424 103 22 mataccjna,

358 450 14 18 E
381 449 69 23 pizzicu
456 454 11 12 o
475 446 132 27 so’cumpîgne,

360 474 77 22 Quande
441 472 63 18 I’abba
508 472 98 34 s’avvyna,

360 513 16 18 A
384 513 89 22 padrona,
482 511 16 16 a’
506 509 97 23 Funtanjila

361 534 168 21 Hadettudavanti
537 539 10 14 a
554 536 76 23 gb,ente:

352 568 9 12 «
368 563 22 17 Di
398 567 12 12 a
417 560 37 19 me’
463 565 42 13 caru
512 560 119 21 Iacrucculella

363 585 119 23 Tenevogliu
492 585 18 17 la
518 583 79 25 siniieritt,

341 610 131 22 Perch’eUa,di
476 610 155 25 jornunghiorttn,

366 639 19 18 Si
394 642 24 14 ne
427 639 55 16 torna
490 635 29 23 più
523 635 78 20 valenle.

366 679 16 18 A
390 678 15 18 li
411 677 37 18 me’
456 674 92 20 amiciîari

368 703 35 19 Chi
411 704 57 16 stanu
477 705 11 12 a
495 699 107 26 lapasanova

369 728 20 18 Li
396 726 74 23 vogliu,
476 724 19 17 di
500 724 22 18 ’st
530 724 71 24 jallina,

369 751 89 23 Rigalalli
467 754 11 14 a
486 749 114 24 tuttun’ova,

369 774 111 26 Eppo’dalli
490 774 50 18 ancii
548 776 84 22 piulellu,

371 803 54 17 Fallu
433 799 89 19 ch’ell’ha
529 798 8 36 ^
545 802 27 17 so’
580 806 52 14 cova.

371 841 80 22 Quandu
459 840 88 18 Incrocca
555 842 58 17 avarà

371 868 96 21 Appressu
476 864 19 17 la
503 860 107 28 so’êcciala,

372 893 22 17 lu
406 895 57 18 paese
471 889 63 24 girar'a

373 918 17 17 A
397 916 82 23 cap’allu
485 920 11 13 e
501 916 66 20 spauta

374 943 22 17 Di
402 942 13 17 li
422 940 59 20 falchi
486 939 38 21 chi,
534 939 56 25 dojsù,

375 968 21 18 Li
404 968 73 17 ûaranu
487 964 145 24 qualchccbiata.

375 1009 99 19 Bindendu
482 1006 91 24 pullastra
580 1009 32 18 ovi

377 1032 169 24 Guadagnaraghiu
553 1032 12 16 d
572 1035 16 17 rj
594 1039 6 17 ;

378 1058 151 25 Cumpraraghiu
538 1061 95 17 unajniera

379 1087 40 18 Cnn
427 1085 97 18 umbastu,
535 1082 96 25 funéfarri,

379 1112 26 18 Cu
415 1110 100 19 cavizzone
521 1112 10 13 e
537 1111 63 19 grup-a

380 1137 56 19 Scelti
442 1140 11 13 a
460 1134 68 19 mezz’a
535 1132 15 18 li
557 1131 54 22 piiri.

380 1180 17 18 A
405 1182 77 14 sumera
491 1175 70 19 faràuu
568 1178 31 18 poj

381 1204 53 18 Bellu
440 1207 11 13 e
457 1202 50 18 forte
515 1200 20 18 di
543 1200 52 22 pettn

382 1230 20 18 Ci
410 1228 59 19 averà
474 1228 21 17 in
500 1227 19 17 le
527 1226 27 17 so’
559 1228 43 14 ven<

368 1255 67 22 Sangue
440 1256 56 14 corsu
501 1255 49 18 puru
556 1253 11 14 e
573 1248 57 24 schu;

382 1280 15 18 U
403 1279 28 17 mi
436 1275 129 23 vinûaraghiu
570 1274 22 17 in
596 1273 7 17 f
604 1273 5 18 i

368 1305 29 18 'er
400 1308 63 17 cumpi
467 1300 162 21 ammineuncaru.

384 1346 32 19 Poi
422 1347 83 20 dopu,cu
510 1345 40 16 ’ssu
555 1346 53 14 carre

385 1372 19 19 Si
412 1372 21 17 lu
444 1369 116 19 cummerciu
569 1371 58 19 prua,

385 1394 171 25 Traspurtaraghiu
562 1394 19 17 le
587 1397 30 13 me

386 1423 26 18 Da
421 1423 18 17 la
448 1420 72 19 matina
528 1424 12 13 a
548 1420 18 17 la
575 1422 43 14 sera

387 1445 128 23 Pudaraghiu,
521 1445 19 17 di
548 1439 72 34 biglietj

388 1472 65 23 Ernpie
460 1472 20 17 la
484 1471 58 18 borsa
550 1475 10 12 a
568 1469 53 20 cripe

468 1513 40 19 Una
516 1512 58 18 donna

390 1552 22 5 —
420 1542 14 18 0
443 1546 46 14 cara
496 1541 20 18 la
523 1541 35 17 me’
566 1543 56 14 cuma

390 1569 28 18 Un
427 1568 40 18 fate
472 1567 85 18 discorsu
563 1565 21 17 in
592 1568 36 14 van

372 1595 83 20 Dunque,
462 1593 18 17 si
488 1590 108 19 ’Ncroccula
601 1594 30 13 crc

392 1618 96 20 Punitela,
494 1616 39 21 chi,
538 1616 29 22 pe’
572 1620 14 13 u
592 1619 40 18 grai

393 1643 90 19 Vinarete
491 1642 21 17 in
520 1645 42 14 casa
570 1644 42 14 mea

394 1670 16 18 A
418 1668 89 24 pigliallu
513 1672 11 13 a
529 1666 104 22 pienaman

395 1711 67 19 Es’eiu
469 1708 87 20 mettulu
561 1712 61 18 granu

396 1738 36 17 Per
439 1737 20 17 fà
468 1734 68 23 magnà
543 1734 20 18 la
578 1733 54 17 ciucc

397 1762 60 19 Credu
466 1760 32 19 chi
508 1760 29 17 ho’
545 1763 41 14 nun
595 1762 39 14 sarc

396 1788 80 18 Inversu
484 1790 31 14 me
523 1784 41 18 cusì
572 1784 62 21 'ngrat

398 1814 26 17 Da
432 1812 20 18 ni
453 1816 43 18 gain
498 1811 26 17 mi
532 1810 19 17 la
556 1808 56 19 metai

398 1837 21 19 Di
425 1839 30 16 sta
463 1837 58 17 borsa
526 1837 105 19 scuecagna

475 1878 15 19 A
500 1877 83 24 padrona

400 1917 23 5 —
430 1908 17 18 A
455 1906 58 21 metà,
520 1905 45 21 dite,
573 1909 11 13 o
591 1903 55 19 cumà
651 1901 8 18 ?

401 1933 50 22 Soga
459 1932 28 18 mi
494 1930 70 19 cridite
571 1926 79 21 scema?

402 1958 21 18 Bï
431 1955 119 25 pagaraghiu
558 1956 20 16 lu
587 1957 61 19 granu

402 1983 14 19 B
421 1984 51 17 lutta
478 1983 18 16 la
501 1981 117 19 vostrapena
623 1983 6 16 ;

402 2008 29 18 Ma
439 2012 28 13 un.
483 2006 74 23 parlate
565 2003 61 18 d’allr’
631 2002 36 18 affa

403 2033 36 18 Chi
444 2031 108 23 perderiste
558 2029 73 18 l’alena.

491 2072 15 17 A
521 2072 58 17 donna

405 2112 22 5 —
435 2101 21 19 Si
464 2101 30 18 bo’
501 2105 28 13 un
537 2099 27 17 mi
571 2098 44 17 date
621 2102 12 12 a
642 2097 36 17 met

405 2128 22 18 Di
436 2129 30 16 sta
474 2125 87 19 tamanta
568 2124 85 18 furtuna,
677 2124 9 18 i!

407 2153 58 18 Passu
476 2152 20 18 in
504 2151 19 17 la
535 2149 84 19 carciara
626 2147 59 18 vostn

408 2177 77 19 Stasera
492 2181 11 12 a
512 2176 21 17 lu
541 2173 59 19 chiar’
609 2173 20 17 di
639 2173 45 17 luna

408 2203 15 18 E
430 2203 21 17 di
459 2202 19 18 le
485 2202 67 17 vostre
559 2199 67 23 jalline

409 2228 29 17 Un
450 2227 17 18 ci
477 2231 24 13 ne
510 2225 61 19 lasciu
588 2223 98 18 manc’una

489 2274 14 12 ,-î
507 2274 84 17 paurunu

392 2308 21 4 —
421 2297 43 19 Sele
471 2301 40 14 una
522 2292 167 25 linguacci-brutta

412 2323 41 18 Una
460 2321 76 23 gattiva
542 2319 99 23 sugbietta
646 2316 6 18 1

414 2348 23 18 Se
445 2348 30 18 bo’
484 2345 89 20 vinilein
580 2342 83 21 canlina,

414 2373 29 18 Un
452 2371 101 20 malarellu
558 2369 94 22 v’aspetla
659 2371 5 17 ;

416 2398 69 24 Bogliu
492 2397 33 17 chi
534 2396 19 17 lu
566 2395 68 17 vostru
642 2392 57 22 spinu

415 2424 27 18 Ne
449 2422 60 19 ricevi
515 2422 19 17 la
542 2420 28 18 so’
578 2420 53 17 fetta.

469 2464 29 19 Un
506 2460 120 22 vicchiarellu

418 2506 22 5 —
448 2496 29 19 Un
486 2495 21 19 bi
514 2494 76 22 litigate
598 2491 65 20 micca,

420 2522 35 19 Chi
463 2526 26 13 ne
497 2520 42 18 ride
547 2519 21 17 lu
577 2520 55 20 paese
639 2521 6 17 ;

419 2548 14 17 E
441 2545 72 25 digliià,
522 2550 11 13 a
541 2544 15 18 li
565 2542 78 24 purtelli

420 2572 118 19 S’affaccanu
546 2566 123 24 leCughiese.

420 2598 46 18 Paie
474 2595 91 19 alabella
570 2592 79 23 megliu,

420 2623 14 18 E
442 2624 74 17 stasera
525 2619 48 19 siale
581 2618 68 17 intese.

759 198 101 23 Apadrona

679 232 24 4 —
710 224 34 17 Slò
749 230 11 12 a
764 227 55 17 sente
827 231 11 12 a
843 226 23 18 zi'
872 227 88 23 Jaseppu,

679 248 14 17 E
701 248 65 23 vogliu
770 251 59 17 cnlmù
835 251 91 22 sl’affare,

678 272 141 25 Prumitlendu,
828 276 18 17 di
855 281 11 12 a
874 276 85 23 furtuna,

677 298 16 16 A
703 298 75 18 méditai
787 305 11 12 a
806 304 83 18 cumarc,

678 321 77 22 Perché,
765 328 26 13 un
798 325 18 17 la
822 329 57 17 possu
885 325 51 23 nigà,

678 345 21 18 Ci
709 347 71 19 lincmu
787 353 74 18 sempre
866 355 49 13 carc.

745 392 17 17 E
765 393 43 18 duie
815 394 57 18 donne

687 416 76 21 tenauci
771 422 76 20 qualcbi
863 423 96 22 prigliera,

678 441 138 22 Ringraziendu
823 446 19 17 lu
848 447 79 22 Signore

679 465 56 19 D’avé
742 468 66 19 francu
814 471 24 16 da
843 472 17 17 la
867 474 60 16 morte

679 490 33 18 Sla
720 491 65 22 jallina
792 495 21 17 di
821 496 65 18 valore

679 514 35 18 Chi
721 516 17 17 ci
747 517 24 18 ha
779 518 25 17 da
810 520 61 21 empie
877 525 11 12 e
894 521 65 18 stache

680 539 58 19 Senza
746 541 18 18 fà
772 546 54 14 corre
834 545 75 18 sudore.

754 585 111 25 Cumpicnda

679 612 29 18 Ma
715 614 91 23 stamane,
814 616 19 18 la
841 617 81 22 padrona

679 637 50 19 Ebbe
737 643 36 14 una
783 641 54 18 trista
845 646 97 19 surpresa,

680 663 81 19 Bidendu
770 667 53 18 sottu
833 667 19 18 la
860 669 64 21 sporla

680 687 47 19 Aso’
732 689 67 22 jallina
802 692 124 23 anchi-stesa;

680 713 105 20 Incroccula
793 716 108 23 colli-torla,

679 738 15 17 A
704 738 76 20 furtuna
788 741 43 18 avia
839 742 51 18 tolla.

779 776 25 19 G.
815 777 121 24 diCoçhia.

730 869 154 27 Serinaîu

678 929 50 19 Sonu
736 932 29 16 tre
773 936 33 13 ore
814 931 47 19 ch’e’
868 934 56 17 cantu

678 954 34 22 Qui
721 956 51 17 sottu
780 957 20 16 lu
809 957 26 18 to’
841 957 84 22 balcone,

678 980 15 17 A
699 981 20 16 lu
728 980 67 18 chiaru
801 982 20 17 di
828 981 19 18 la
856 983 45 17 luna

678 1005 24 18 Le
710 1006 36 17 me’
755 1006 32 21 più
798 1006 54 19 dolce
864 1011 82 15 canzone
952 1012 5 17 ;

679 1029 26 19 Ma
713 1030 70 19 invanu
790 1031 56 18 lutt’è
854 1033 59 20 statu,

680 1054 75 23 Sempre
763 1056 73 19 rimane
842 1059 81 17 sarratu.

680 1099 21 19 Or
708 1101 75 22 perché,
795 1106 12 13 o
820 1103 136 21 culumbuccia,

678 1124 39 20 Nun
725 1126 84 23 rispondi
815 1132 11 13 a
831 1128 18 17 la
855 1129 36 17 me’
897 1133 46 14 voce
947 1128 11 18 ?

679 1149 22 19 Ot
708 1152 70 22 perché
781 1153 43 17 cusi
832 1153 27 17 mi
866 1153 47 19 lasoi

678 1175 55 19 Purtà
738 1177 30 17 sta
773 1177 75 22 pisanle
854 1183 54 13 croce
913 1178 10 18 V

680 1199 24 19 Or
709 1201 68 23 perché
785 1206 44 14 esse
836 1203 77 18 crudele

677 1224 48 20 Sin’a
729 1226 71 18 dammi
807 1228 55 17 tanlu
867 1227 38 19 fele
912 1228 11 17 ?

678 1268 104 24 Sesapesti,
791 1275 12 13 o
811 1272 137 23 culumbuccia,

677 1294 25 18 La
706 1295 49 19 forza
761 1296 20 18 di
789 1296 22 18 lu
816 1298 36 17 me’
857 1302 64 14 amore
928 1303 5 17 ;

677 1319 24 19 Se
708 1322 69 21 sapesti
785 1322 19 18 la
813 1323 88 21 passione

676 1344 35 19 Chi
718 1347 27 17 mi
752 1347 76 23 ruzziga
837 1348 21 18 lu
867 1353 43 14 core
915 1354 7 16 ;

675 1369 59 20 Senza
741 1372 32 22 più
782 1373 53 18 tarda
843 1378 77 18 appena,

674 1395 109 21 Calmariste
791 1398 19 17 la
818 1399 37 17 me’
862 1403 55 18 pena.

673 1440 20 19 Si
703 1443 20 16 tu
731 1442 25 18 mi
765 1443 74 21 pudissi
848 1444 48 18 vede

672 1466 26 18 La
704 1471 42 14 sera
750 1467 45 19 inde
800 1468 19 18 la
827 1470 36 16 me’
868 1470 64 17 stanza

649 1490 78 22 Quandu
734 1497 40 14 mm
783 1497 56 14 cessu
850 1494 18 17 di
878 1495 74 21 piegne,

671 1516 28 19 Lu
707 1521 43 15 core
767 1518 19 18 in
798 1518 154 24 l’addisperanza,

670 1541 94 20 Diceriste
770 1548 15 12 :«
793 1543 102 19 Puvarellu
903 1545 5 18 !

670 1566 33 22 Tè,
711 1568 65 18 merili
781 1573 26 13 un
812 1569 115 22 basgiarellu
934 1570 18 18 !»

669 1612 21 18 Sx
698 1613 52 18 sottu
758 1612 6 18 i
775 1614 24 17 to’
809 1614 47 18 belü
863 1615 43 18 seni

670 1637 20 18 Ci
697 1638 65 18 tenisti
769 1643 43 14 core
817 1643 78 18 umanu,

669 1662 44 18 Nun
721 1663 198 20 milasciarislisoffre

668 1688 122 23 itt’eghiornu
793 1693 75 18 sempre
870 1689 82 23 invanu;

670 1713 13 18 0
692 1714 36 18 dea
736 1714 19 17 di
760 1714 74 19 labeltà

668 1738 23 18 Di
700 1743 30 13 me
741 1739 72 19 avresti
819 1740 50 22 pietà
875 1739 6 18 î

668 1783 15 18 E
690 1785 79 21 quandu
779 1785 14 17 fci
798 1786 77 17 sconlru
881 1786 47 21 fora,

669 1808 13 18 0
691 1809 22 17 lu
720 1810 36 17 me’
762 1814 47 13 caru
817 1814 66 18 paonc,

669 1833 14 18 E
693 1834 35 18 che
737 1835 77 22 ticopru
823 1835 19 18 di
851 1836 78 22 sguardi

668 1859 60 18 Tanta
734 1860 51 21 pien’
792 1860 159 23 d’ammirazione,

668 1884 24 18 Le
698 1885 60 22 spalle
763 1885 150 19 nunn’alzarisle

669 1910 37 17 Per
714 1909 70 18 dammi
790 1910 58 19 l’Idee
856 1910 61 19 triste.

683 1959 33 13 cm
723 1957 70 20 ghiova
798 1957 55 16 canta
861 1960 75 18 sempre
942 1957 10 17 ?

674 1979 36 18 3Lia
718 1981 53 16 muta
778 1980 20 18 la
805 1980 37 19 me’
850 1985 61 17 musa,

674 2005 54 17 Postu
736 2005 32 17 chi
776 2005 19 17 la
801 2006 27 17 to’
834 2005 80 19 fineslra

674 2030 66 17 ?erme
745 2031 129 21 restasempre
877 2031 74 22 chiusa,

674 2056 55 17 Postu
738 2054 38 22 chi,
786 2060 11 13 o
804 2055 62 18 divin’
872 2055 56 22 fiore,

675 2080 59 18 lecidi
742 2081 20 17 di
771 2080 66 18 fammi
845 2081 61 18 more!

697 2126 23 17 lu
729 2126 26 17 mi
760 2126 39 17 voli
808 2125 21 18 fà
837 2130 58 17 more,

692 2151 58 17 :eettu
755 2152 29 17 sla
793 2151 66 18 slrisla
867 2152 51 17 sorte
924 2156 5 16 ;

692 2176 71 17 irendu
771 2176 72 17 d’amor
851 2180 34 18 per
893 2177 25 20 te,

693 2200 22 18 rà
720 2201 54 18 doleo
779 2201 19 17 la
806 2202 35 17 me'
851 2202 67 20 morte,

692 2226 42 18 e’un
743 2226 56 18 beatu
807 2226 77 18 surrisu

697 2251 95 22 lleraghiu
800 2250 21 19 in
831 2251 99 18 Paradisu.

692 2304 2 7 ■
706 2296 75 22 quandu
791 2296 26 18 mi
828 2295 74 19 viderai

706 2322 20 17 te
734 2322 29 21 pe’
770 2321 22 18 lu
801 2323 130 20 campusaniu,

720 2347 102 21 mpagnatu
831 2347 24 17 da
864 2347 45 17 tutti

719 2372 53 18 irenti
781 2372 21 18 in
810 2376 61 19 negru
879 2373 74 20 mantu,

725 2396 54 22 bene,
789 2402 12 13 a
807 2401 32 14 me
849 2397 70 21 carina,

720 2422 22 17 ;ei
751 2423 18 17 la
776 2422 37 18 me’
821 2422 104 18 assassina.

725 2467 24 18 bè
758 2467 31 18 chi
797 2467 36 18 Diu
841 2467 66 22 padre,

730 2493 19 17 lu
758 2493 18 17 la
784 2492 26 18 lo’
818 2496 34 14 ora
857 2496 56 17 vene,

733 2518 26 17 •rà
767 2517 17 18 fà
794 2518 59 17 rende
862 2519 58 17 contu

736 2543 98 18 ntum’hai
842 2543 45 17 datu
896 2546 55 18 pene,

739 2570 34 16 >rte
777 2567 91 23 pagberai

744 2594 19 17 te
771 2592 31 18 chi
810 2593 22 17 tu
841 2592 26 18 mi
876 2592 36 17 dai.

749 2628 55 15 aadri
810 2628 19 14 di
834 2628 99 15 Chid&zzu.

988 129 103 23 Cullana
1100 132 100 22 Storica
1211 133 27 21 di
1250 133 23 21 A
1282 132 90 23 Muvra

1040 188 25 36 Â
1083 190 156 47 Cunquisfa
1257 192 142 38 Francese

1120 245 32 36 di
1169 259 18 23 a
1205 247 120 36 Corsica

1035 295 47 29 (Da
1092 303 31 16 un
1141 299 121 23 Giurnale
1273 300 25 21 di
1309 299 103 31 l’Epuca)

1152 357 131 29 (Seguitu)

1014 414 68 23 Nous
1094 416 121 28 ignorons
1227 418 32 23 où
1270 425 13 15 a
1296 419 70 26 passé
1378 421 75 26 Paoli,

986 444 42 26 qui
1038 444 39 22 s’il
1088 449 60 19 veut
1159 449 76 21 sortir
1246 449 31 21 de
1288 448 64 22 l’Isle
1365 451 37 22 n’a
1412 459 43 20 pas

986 475 31 20 cle
1028 476 61 20 tems
1101 482 13 14 a
1127 478 95 25 perdre.
1235 479 31 21 M.
1275 478 30 22 de
1317 478 138 31 Campenne

986 502 13 22 à
1006 504 23 21 la
1039 504 48 22 tête
1096 506 30 20 de
1139 512 25 20 14
1178 507 164 29 Compagnies
1353 511 30 22 de
1395 511 61 23 Gre-

987 533 97 22 nadiers
1095 535 23 21 <3r
1131 535 136 26 Chasseurs
1282 542 37 18 est
1333 539 12 22 à
1367 542 89 23 Gliiso-

986 564 31 20 he
1028 569 6 19 ;
1049 563 32 22 M.
1088 565 31 21 de
1129 565 128 25 Viomenil
1266 575 60 17 avec
1334 571 22 22 la
1366 571 88 28 Légion

985 592 30 22 de
1034 593 117 24 Lorraine
1171 598 101 22 marche
1289 598 13 22 à
1322 599 134 25 Porto-Ve-

986 623 65 28 chio,
1058 625 23 22 &
1086 626 258 27 vraisemblablement
1349 632 105 24 l’Armée

985 655 124 23 marchera
1121 657 97 23 demain
1239 666 42 15 sur
1296 661 156 29 Bogognano,

985 685 22 21 si
1026 686 23 20 le
1062 686 88 23 Comte
1169 688 30 21 de
1218 689 132 24 Narbonne
1368 694 87 21 trouve

984 717 106 27 quelque
1109 718 120 23 difficulté
1252 721 31 21 de
1298 722 36 28 s’y
1357 726 82 24 porter
1447 730 6 15 :

984 746 63 22 ainsi
1060 749 54 20 tout
1125 748 47 22 tire
1183 749 14 22 à
1206 755 26 16 sa
1240 750 42 22 fin.
1289 751 41 23 Ou
1338 755 117 21 construit

984 776 36 22 les
1041 777 112 23 chemins
1174 778 13 22 à
1207 786 96 17 mesure
1325 788 46 22 que
1393 790 61 16 nous

984 812 125 23 avançons
1118 816 7 19 ;
1133 811 69 20 toute
1213 810 108 23 l’Armée
1331 819 19 22 y
1359 815 95 22 travail-

984 837 32 25 le,
1023 837 22 21 &
1056 837 49 23 l’on
1118 838 116 23 n’entend
1245 847 48 21 que
1304 843 23 21 le
1340 844 64 22 bruit
1412 845 41 22 des

984 868 103 26 pioches
1099 869 22 21 &
1133 870 43 22 des
1189 870 107 28 pétards.
1310 874 20 21 Il
1344 880 17 22 y
1372 880 14 15 a
1402 877 53 20 tou-

984 899 171 26 te'apparence
1176 901 72 27 qu’on
1269 903 102 23 laissera
1389 905 65 22 assés

984 928 30 21 de
1027 928 110 29 Troupes
1155 936 63 22 pour
1236 933 88 28 garder
1338 935 23 21 le
1383 935 70 23 Poste

985 958 30 21 de
1027 958 105 24 Vivario
1145 961 42 27 qui
1197 964 37 20 est
1245 963 43 22 des
1300 965 54 26 plus
1365 965 90 29 impor-

983 990 64 37 tons,
1060 996 29 15 au
1100 996 91 23 moyen
1205 992 29 22 de
1246 994 58 26 quoi
1316 996 24 20 le
1351 1001 57 21 gros
1424 997 29 21 de

983 1019 108 23 l’Armée
1103 1027 27 16 se
1141 1024 117 21 trouvera
1269 1030 91 17 encore
1379 1026 31 22 de
1429 1032 25 17 12

984 1049 142 28 Bataillons,
1137 1053 23 21 le
1178 1055 65 20 reste
1261 1054 67 23 étant
1346 1056 107 27 dispersé

984 1081 60 21 dans
1055 1081 36 22 les
1103 1082 117 24 différens
1234 1085 83 27 points
1328 1086 31 21 de
1375 1086 76 27 l’Isle;

982 1112 56 21 tout
1047 1118 28 15 ce
1086 1113 42 27 qui
1140 1117 38 19 est
1187 1120 30 16 en
1225 1115 94 22 arrière
1328 1118 38 20 est
1373 1116 81 23 désar-

982 1141 49 26 mé,
1043 1143 20 21 il
1073 1149 31 15 ne
1116 1144 74 22 laisse
1202 1147 135 25 cependant
1348 1152 43 21 pas
1407 1153 46 22 que

983 1172 42 28 d’y
1035 1174 72 21 avoir
1118 1175 30 20 de
1160 1177 63 20 tems
1236 1181 30 16 en
1279 1179 63 19 tems
1362 1177 43 22 des
1417 1184 36 16 as-

983 1203 130 22 sassinats:
1126 1205 62 21 mais
1200 1211 32 15 on
1243 1211 18 22 y
1269 1207 141 25 pourvoira.

1038 1252 81 19 Numéro
1127 1254 26 17 du
1162 1254 92 18 vendredi
1261 1254 24 19 30
1292 1255 45 19 Juin
1345 1255 53 20 1769.

1193 1288 26 17 De
1227 1287 55 20 Paris
1289 1289 19 18 Je
1317 1289 22 18 17
1345 1290 52 18 Juin.

1011 1322 31 21 Le
1060 1322 68 23 bruit
1146 1326 72 20 court
1229 1330 48 22 que
1288 1326 23 21 le
1324 1324 46 24 Roi
1383 1333 68 20 pren-

983 1352 41 22 dra
1036 1352 14 22 à
1061 1358 26 16 sa
1099 1354 68 21 solde
1179 1360 63 21 4000
1255 1354 90 23 Corses
1358 1358 40 26 qui
1415 1364 36 16 se-

980 1385 58 20 ront
1049 1384 122 27 dispersés
1183 1385 61 22 dans
1255 1386 37 21 les
1307 1386 83 23 divers
1406 1388 45 22 Ré-

980 1414 97 27 gimens
1088 1415 31 21 de
1134 1414 100 27 France,
1255 1422 64 21 pour
1338 1417 114 25 s’assurer

981 1444 30 22 de
1022 1445 24 21 la
1056 1444 92 23 fidélité
1160 1446 32 21 du
1204 1449 64 19 reste
1279 1448 43 20 des
1334 1447 118 25 Habitans

980 1475 31 22 de
1029 1475 74 27 l’Isle,
1116 1476 24 21 &
1151 1482 47 22 que
1211 1476 75 24 S.M.
1299 1477 43 30 n’y
1351 1480 99 22 laissera

980 1511 31 16 en
1031 1505 121 23 Garnison
1179 1513 48 21 que
1246 1514 61 21 4000
1331 1508 118 30 hommes,

978 1538 99 26 lorsque
1088 1540 55 19 tout
1153 1544 58 16 aura
1224 1538 39 23 été
1273 1539 49 22 mis
1333 1546 30 16 en
1374 1541 75 28 règle.

1032 1587 83 19 Numéro
1124 1589 25 17 du
1158 1589 97 18 Vendredi
1263 1588 24 18 30
1294 1589 46 19 Juin
1347 1590 52 20 1769.

1164 1622 27 18 De
1198 1622 77 19 Monaco
1283 1623 19 19 le
1309 1622 25 19 28
1340 1624 53 19 Juin.

1007 1654 44 22 Les
1062 1657 73 20 vents
1147 1657 135 21 contraires
1292 1659 44 20 ont
1346 1657 39 23 été
1397 1664 54 16 cau-

978 1690 26 16 se
1017 1691 48 22 que
1075 1686 24 21 le
1111 1686 77 22 détail
1199 1687 44 21 des
1254 1687 143 27 opérations
1409 1690 42 21 des

977 1715 111 28 Troupes
1100 1715 143 30 Françoises
1259 1724 30 15 en
1311 1718 77 23 Corse
1408 1720 43 22 de-

978 1747 55 26 puis
1044 1747 24 21 le
1080 1753 13 21 7
1108 1747 38 22 n’a
1158 1754 32 20 pu
1203 1748 118 27 parvenir
1333 1749 32 22 ici
1384 1750 66 22 assés

977 1776 38 22 tôt
1026 1782 60 22 pour
1103 1778 24 21 le
1145 1778 97 22 donner
1261 1779 59 21 dans
1331 1781 22 20 la
1368 1781 82 22 feuille

978 1809 30 20 de
1020 1807 80 22 Mardi
1110 1809 107 26 dernier,
1231 1809 23 22 &
1265 1809 75 27 qu’on
1350 1817 19 22 y
1379 1817 13 15 a
1401 1813 50 20 mê-

977 1844 41 16 me
1037 1839 82 21 donne
1140 1840 21 21 si
1182 1840 56 22 tard
1255 1840 109 23 l’extrait
1379 1842 30 21 de
1426 1844 24 20 la

978 1869 82 22 Lettre
1071 1870 32 21 du
1116 1870 78 28 Camp
1210 1872 31 21 de
1258 1871 104 23 Vivario
1380 1872 69 23 datée

978 1901 32 20 du
1023 1906 21 22 7.
1059 1899 36 23 Ce
1114 1900 77 23 détail
1211 1902 41 27 qui
1273 1903 108 26 paroîtra
1400 1903 49 23 très

978 1931 148 22 intéressant
1135 1934 70 25 porte
1218 1938 28 16 ce
1257 1933 41 26 qui
1307 1933 58 22 suit.

1006 1961 32 22 Le
1063 1961 133 29 Régiment
1214 1963 30 21 de
1264 1963 145 23 Tournaisis
1427 1965 23 21 &

1481 140 33 16 un
1526 134 122 22 Bataillon
1661 134 31 21 de
1701 133 23 22 la
1733 132 96 23 Marine
1836 132 120 22 restèrent

1480 165 24 20 le
1515 164 14 22 8
1549 171 30 15 au
1602 164 77 26 Camp
1700 163 29 22 de
1754 162 115 25 Vivario,
1893 167 63 23 pour

1480 195 87 26 garder
1578 201 32 16 un
1627 195 73 21 Poste
1721 194 19 21 si
1763 193 126 25 essentiel,
1910 198 45 22 par

1481 230 25 16 sa
1518 225 127 26 situation,
1657 224 108 28 pendant
1780 229 47 21 que
1847 222 107 22 l’Armée

1480 255 122 22 marchoit
1619 261 42 16 sur
1679 255 161 27 Bogognano.
1860 253 31 22 Le
1908 252 47 22 Ré-

1481 285 95 27 giment
1600 285 158 28 d’Aquitaine
1779 283 103 23 formoit
1904 283 51 22 l’A-

1480 315 162 26 vant-Garde,
1664 322 46 21 que
1722 315 125 22 suivoient
1859 314 34 22 M.
1907 314 47 21 De-

1480 345 57 22 lisle
1557 345 135 28 Régisseur
1712 346 43 21 des
1778 345 174 24 subsistances,

1482 378 35 22 M.
1531 379 98 22 Palteau
1640 380 30 21 de
1684 379 185 27 Veimeranges,
1882 378 23 21 &
1918 378 34 21 M.

1480 409 24 21 le
1515 409 104 22 Noir-de
1631 410 61 22 Pied
1704 410 30 21 de
1746 409 67 27 Loup
1825 408 46 25 fils,
1882 408 72 22 Com-

1480 440 127 21 missaires
1618 441 44 21 des
1673 440 109 22 Guerres
1793 445 60 15 avec
1869 439 23 20 le
1912 438 42 21 Di-

1481 472 95 19 recteur
1586 470 43 22 des
1640 470 85 22 Postes
1734 470 22 22 &
1766 469 102 22 nombre
1877 468 77 22 d’Em-

1482 500 86 28 ployés
1583 500 61 22 dans
1662 502 24 20 la
1707 500 87 28 Régie.
1809 500 93 26 Quinze
1922 504 31 16 ou

1483 530 108 22 dix-huit
1617 531 88 21 Corses
1724 530 115 22 s’étoient
1857 530 97 21 embus-

1482 559 60 27 qués
1560 560 109 22 derrière
1689 561 43 21 des
1749 560 101 22 rochers
1861 559 14 22 à
1887 559 67 22 envi-

1481 595 46 16 ron
1539 596 31 15 un
1583 593 72 25 quart
1666 591 30 21 de
1709 591 65 22 lieue
1786 597 31 15 en
1829 592 75 20 avant
1921 589 32 21 du

1483 620 77 28 Camp
1570 627 6 19 ;
1599 620 50 22 l’un
1670 621 72 22 d’eux
1762 622 47 21 tira
1821 627 42 16 sur
1876 620 33 21 M.
1923 621 30 20 de

1482 650 61 22 Pied
1554 651 31 21 de
1597 651 76 28 Loup,
1688 652 22 21 &
1720 652 33 22 lui
1769 654 42 20 tua
1831 657 46 16 son
1898 649 56 23 che-

1480 682 43 21 val
1533 687 5 19 ;
1551 688 33 15 un
1596 682 44 22 des
1652 681 128 29 Employés
1799 680 98 24 nommé
1917 680 34 22 M.

1481 710 138 23 Savournin
1632 715 116 19 accourut
1765 718 42 16 sur
1824 713 24 21 le
1866 711 86 27 champ

1481 747 63 20 pour
1553 742 34 21 lui
1601 742 96 22 donner
1717 748 110 20 secours,
1848 743 23 21 le
1888 743 64 20 reste

1480 771 24 21 le
1516 772 75 21 suivit
1600 779 7 19 ;
1620 772 22 22 &
1653 773 98 27 lorsque
1763 773 36 21 les
1816 772 89 22 Corses
1916 772 36 20 les

1481 803 87 20 eurent
1579 808 46 15 vus
1637 802 147 23 rassemblés
1796 809 29 15 au
1846 804 56 20 tour
1921 802 31 20 du

1480 831 185 27 Commissaire,
1674 833 31 21 ils
1714 832 72 22 firent
1794 839 49 15 une
1853 832 100 22 déchar-

1480 867 32 22 ge
1523 862 112 27 générale
1647 863 22 21 &
1680 863 97 27 prirent
1787 864 24 21 la
1822 862 60 22 fuite
1892 867 61 16 avec

1480 892 182 29 précipitation.
1676 893 35 22 M.
1727 893 140 22 Savournin
1885 895 67 25 reçut

1481 929 49 16 une
1541 924 62 21 balle
1615 924 42 27 qui
1668 924 34 21 lui
1716 926 107 20 traversa
1834 924 23 21 la
1865 923 87 28 poitri-

1481 960 40 20 ne,
1529 953 22 22 &
1558 959 27 16 sa
1591 955 111 21 blessure
1712 956 37 20 est
1757 954 194 27 très-dangereu-

1480 990 36 20 se,
1537 984 34 22 M.
1590 984 32 22 de
1643 984 60 22 Pied
1724 985 30 21 de
1776 985 65 27 Loup
1859 990 31 16 en
1911 984 41 21 eût

1479 1015 124 27 plusieurs
1616 1015 60 22 dans
1694 1021 40 16 ses
1752 1015 90 25 habits,
1854 1014 22 22 &
1889 1014 60 22 MM.

1479 1045 32 21 de
1522 1044 165 30 Veimerange
1699 1046 23 21 &
1734 1046 95 21 Delisle
1846 1045 105 22 d’autres

1480 1076 42 26 qui
1528 1082 31 15 ne
1566 1075 74 23 firent
1648 1082 47 21 que
1704 1077 36 20 les
1749 1076 122 22 effleurer.
1882 1075 68 21 L’Ar-

1478 1105 56 22 mée
1546 1111 84 22 campa
1641 1107 24 20 le
1683 1108 81 20 même
1781 1106 54 27 jour
1845 1105 14 22 à
1873 1106 78 27 Bogo-

1479 1141 92 23 gnano,
1584 1137 23 21 le
1621 1142 13 21 9
1647 1136 33 21 M.
1695 1138 23 20 le
1730 1136 89 22 Comte
1831 1136 31 22 de
1878 1135 73 22 V-aux

1475 1167 93 27 joignit
1580 1166 33 22 M.
1627 1168 22 20 le
1663 1166 88 23 Comte
1763 1167 30 21 de
1811 1166 138 26 Narbonne,

1478 1199 24 23 Sc
1510 1200 60 22 trois
1579 1200 134 22 Bataillons
1724 1200 87 21 laissés
1823 1200 13 21 à
1848 1199 72 22 Corte
1928 1199 23 21 &

1477 1230 106 22 d’autres
1602 1230 61 21 dans
1681 1230 36 22 les
1729 1230 222 22 communications

1478 1261 137 22 assuroient
1625 1261 37 21 les
1675 1260 119 22 Convois.
1813 1260 68 22 Dans
1898 1260 53 22 l’in-

1475 1292 104 22 tervalle
1601 1291 62 22 MM.
1680 1292 32 21 de
1729 1291 132 23 Viomenil
1879 1291 22 21 &
1920 1291 30 21 de

1477 1322 141 28 Campenne
1628 1328 61 16 avec
1702 1327 25 21 14
1737 1321 166 28 Compagnies
1920 1323 30 21 de

1478 1352 151 24 Grenadiers
1640 1352 23 22 &
1674 1354 23 21 la
1709 1351 91 30 Légion
1814 1354 30 21 de
1856 1353 95 22 Lorrai-

1477 1390 32 16 ne
1521 1383 157 28 pénétrèrent
1688 1389 46 21 par
1744 1384 23 21 là
1779 1388 78 23 gorge
1868 1383 83 22 d’Ale-

1475 1414 40 22 xia
1526 1413 14 22 à
1552 1413 141 23 Ghisone&
1705 1413 167 23 Zicavo.Paoli
1880 1414 70 27 après

1475 1446 24 21 le
1519 1450 101 23 passage
1642 1444 30 21 de
1693 1445 24 21 la
1737 1443 104 23 Rivière
1859 1445 41 26 qui
1912 1447 39 19 est

1475 1476 58 27 près
1545 1476 29 21 de
1587 1474 106 22 Vivario
1714 1474 84 22 s’étoit
1815 1474 76 22 retiré
1908 1481 43 16 sur

1477 1508 122 26 Ghisone,
1612 1508 33 21 où
1665 1509 17 21 il
1698 1508 121 28 comptoit
1837 1508 113 22 s’arrêter

1476 1545 62 17 avec
1548 1545 40 23 500
1596 1539 115 21 hommes
1719 1544 6 20 ;
1738 1539 62 21 mais
1809 1544 32 16 on
1850 1545 31 15 ne
1890 1545 60 17 vou-

1475 1572 38 20 lut
1523 1576 44 21 pas
1578 1569 34 28 l’y
1620 1570 122 25 recevoir,
1751 1569 22 22 &
1782 1570 18 21 il
1809 1575 27 16 se
1843 1570 38 22 vit
1889 1570 60 22 obli-

1476 1600 30 29 gé
1519 1600 30 22 de
1569 1606 105 20 pousser
1692 1601 57 26 plus
1759 1600 62 22 loin.
1843 1600 41 22 On
1896 1603 54 20 crut

1476 1631 60 28 qu’il
1559 1630 128 23 cherchoit
1713 1630 13 22 à
1752 1630 140 28 s’aprocher
1916 1631 32 22 du

1477 1661 75 23 Golfe
1572 1662 30 21 de
1623 1661 104 22 Valinco
1750 1666 63 23 pour
1834 1661 116 23 s’embar-

1476 1698 68 23 quer,
1560 1692 22 22 8c
1601 1691 51 23 Ton
1673 1692 81 27 apprit
1772 1692 99 23 bientôt
1890 1692 59 28 qu’il

1475 1724 70 21 avoit
1555 1722 81 29 gagné
1647 1722 128 26 Bastelica,
1785 1722 32 22 où
1826 1723 19 22 il
1855 1723 95 27 paroîs-

1475 1754 51 22 soit
1535 1759 89 16 encore
1637 1753 96 22 vouloir
1743 1754 65 21 tenir
1819 1754 50 21 bon
1888 1760 61 15 avec

1477 1793 42 22 150
1529 1786 113 23 hommes
1654 1786 41 28 qui
1704 1786 35 22 lui
1749 1787 122 22 restoient
1879 1787 22 21 &
1909 1787 38 28 qu*

1476 1818 17 22 il
1504 1818 87 28 payoit
1602 1817 51 22 fort
1670 1817 65 22 cher.
1758 1817 63 22 Mais
1840 1818 37 21 les
1894 1817 55 23 Piè-

1474 1854 46 16 ves
1531 1848 30 21 de
1574 1847 82 23 Siraco
1669 1847 23 22 &
1702 1848 31 21 de
1743 1847 107 23 Tabarro
1862 1847 31 28 (1)
1903 1848 46 22 s’é-

1474 1880 54 21 tant
1534 1878 135 26 rendues,il
1676 1877 116 30 décampa
1800 1877 22 23 &
1829 1878 119 23 Bastelica

1474 1916 27 15 se
1511 1909 92 23 soumit
1612 1909 75 22 aussi.
1701 1908 22 23 Il
1733 1908 87 23 n’étoit
1829 1914 44 22 pas
1883 1910 65 22 alors

1494 1971 27 22 (1)
1530 1979 23 5 —
1560 1971 68 18 Zicavo
1637 1975 11 14 e
1655 1971 80 18 Tavaeo.

1982 129 57 22 bien
2060 128 100 29 éloigné
2181 129 29 22 de
2232 128 34 22 M.
2279 129 24 20 le
2324 126 89 23 Comte
2426 125 30 21 de

1982 160 79 25 Vaux,
2075 161 41 27 qui
2128 163 73 25 ayant
2213 159 43 22 fait
2267 158 114 22 marcher
2391 156 67 22 deux

1980 191 135 22 Bataillons
2126 191 60 22 dans
2198 192 36 21 les
2244 190 74 22 fonds
2328 189 30 21 de
2372 188 85 21 Valin-

1981 227 28 16 co
2021 228 26 15 se
2060 221 126 27 portèrent
2197 221 12 22 à
2223 221 100 22 Sartena
2336 220 22 20 &
2370 218 14 22 à
2398 218 57 22 San-

1981 253 24 19 ta
2017 251 76 22 Maria
2106 252 127 25 Dornano,
2254 250 32 22 où
2305 250 18 21 il
2345 250 46 21 alla
2410 249 47 20 lui-

1979 283 79 20 même
2079 288 97 21 camper
2196 283 24 20 le
2242 286 26 21 14
2288 286 31 15 au
2342 279 61 22 soir.
2423 279 32 21 Le

1980 315 128 28 voisinage
2128 315 33 21 du
2179 314 105 23 Général
2305 312 88 23 n’étoit
2410 318 45 21 pas

1980 345 31 21 du
2022 345 61 27 goût
2094 346 30 21 de
2137 345 77 26 Paoli,
2229 345 17 21 il
2258 350 80 23 gagna
2358 349 98 22 promp-

1980 377 92 20 tement
2085 375 99 27 Quenza
2195 375 115 28 espérant
2322 374 31 22 de
2366 380 26 15 se
2403 379 54 17 ren-

1982 406 42 21 dre
2035 405 13 22 à
2060 405 246 26 Porto-Vecchio,s’il
2318 404 139 27 n?étoitpas

1980 437 111 28 prévenu
2111 445 43 21 par
2174 439 35 22 M.
2222 439 30 21 de
2265 438 129 22 Viomenil
2414 437 40 28 qui

1981 469 121 23 marchoit
2131 475 41 17 sur
2198 471 63 20 cette
2286 469 82 28 partie
2392 473 63 23 pour

1980 499 134 28 s’emparer
2125 500 33 21 du
2170 499 118 27 Château,
2302 499 23 21 &
2342 498 115 23 éclaircir

1980 530 24 21 le
2014 530 90 22 terrein
2114 530 96 28 jusqu’à
2222 530 137 24 Bonifacio,
2374 535 27 15 ce
2413 528 41 28 qui

1980 563 110 22 mettroit
2109 563 33 22 fin
2163 569 48 16 aux
2230 563 150 28 opérations,
2399 562 13 22 à
2432 563 23 20 la

1980 593 99 22 réserve
2090 594 31 21 de
2132 600 27 16 se
2177 595 72 21 saisir
2269 595 30 21 de
2317 594 78 25 Paoli,
2417 593 39 21 s’il

1980 623 61 23 étoit
2052 626 112 26 possible
2174 631 6 21 ;
2201 626 22 21 &
2244 625 18 22 il
2282 631 18 22 y
2320 624 73 22 avoit
2412 624 43 21 des

1980 654 65 27 paris
2056 660 63 23 pour
2132 657 23 20 la
2169 655 104 22 réussite
2292 654 127 29 lorsqu’on
2441 660 13 15 a

1980 688 63 22 enfin
2055 689 84 27 appris
2151 688 59 28 qu’il
2222 688 84 22 s’étoit
2324 686 130 29 embarqué

1979 719 24 20 le
2016 724 23 22 15
2052 725 31 15 au
2094 719 52 22 soir
2157 719 13 22 à
2183 719 206 25 Porto-Vecchio,
2397 718 58 22 l'en-

1979 748 66 22 droit
2055 749 54 21 seul
2121 756 43 21 par
2183 750 31 21 où
2235 750 18 21 il
2273 749 107 28 pouvoit
2401 749 53 27 plus

1979 777 120 24 aisément
2105 779 24 22 &
2136 781 54 26 plus
2200 779 128 22 sûrement
2333 779 119 22 s’évader.

1979 811 21 21 Il
2009 817 18 22 y
2037 812 71 22 avoit
2120 813 65 22 deux
2203 813 125 22 Batimens
2346 813 107 27 Anglois

1979 842 65 26 prêts
2055 842 13 21 à
2079 843 25 21 le
2116 844 113 21 recevoir
2239 850 6 20 ;
2261 844 24 21 le
2296 843 109 27 premier
2415 849 39 15 ar-

1979 871 39 22 mé
2029 872 30 22 de
2071 878 14 20 4
2097 873 82 27 pièces
2200 874 30 21 de
2252 873 87 22 Canon
2355 880 18 22 y
2392 873 61 22 étoit

1979 905 81 22 arrivé
2070 906 24 21 le
2109 905 28 22 28
2148 907 30 20 de
2198 907 59 21 Mai.
2279 906 20 23 Il
2319 908 67 20 salua
2407 906 46 22 d’a-

1979 936 59 21 bord
2049 936 30 21 de
2090 943 14 21 3
2116 942 75 22 coups
2198 937 32 21 de
2239 937 88 22 Canon
2342 937 23 21 le
2380 936 74 23 Sche-

1979 966 214 28 beckleRuséopie
2200 968 146 21 commande
2353 969 25 20 le
2391 968 62 21 Che-

1979 997 78 21 valier
2067 998 31 20 de
2110 997 98 28 Damas,
2226 998 23 21 8c
2268 999 41 27 qui
2330 999 124 22 mouilloit

1979 1029 59 22 dans
2049 1031 22 21 la
2084 1031 69 22 Rade
2163 1038 6 19 ;
2182 1031 23 21 &
2226 1032 24 21 le
2270 1033 96 21 second
2387 1033 67 21 armé

1979 1060 30 21 de
2022 1060 25 22 16
2067 1062 83 26 pièces
2172 1062 62 21 étoit
2254 1062 71 22 entré
2343 1063 61 21 dans
2426 1069 27 15 ce

1979 1090 57 22 Port
2047 1092 23 21 le
2082 1098 21 20 4,
2117 1092 62 22 mais
2190 1098 58 16 sans
2259 1094 91 21 saluer.
2366 1092 42 23 On
2420 1099 32 16 ne

1979 1124 46 21 sait
2034 1124 71 27 point
2116 1126 180 26 positivement
2310 1132 42 15 sur
2372 1127 82 27 lequel

1979 1155 29 21 de
2021 1161 39 16 ces
2072 1156 66 21 deux
2149 1156 125 22 Bâtimens
2288 1157 69 22 Paoli
2370 1163 27 16 se
2415 1163 38 16 se-

1979 1190 24 16 ra
2015 1186 138 28 embarqué,
2166 1186 107 22 d’autant
2285 1188 56 26 plus
2353 1187 73 27 qu’on
2439 1195 12 14 a

1979 1218 79 28 ajouté
2069 1224 48 21 que
2127 1220 24 21 le
2163 1220 67 21 sieur
2246 1220 101 22 Achille
2369 1220 84 23 Gallo-

1979 1254 38 20 ne,
2029 1248 23 22 &
2062 1250 25 21 le
2098 1248 180 24 Commandant
2290 1251 31 21 de
2331 1252 23 21 la
2375 1252 78 22 demi-

1979 1278 87 23 Galère
2078 1279 88 27 Corse,
2183 1281 41 26 qui
2235 1280 119 23 s’étoient
2364 1283 89 22 retirés

1976 1319 13 15 a
2002 1318 121 17 .Livourne
2135 1320 30 15 en
2178 1318 93 18 etoient
2283 1321 107 16 revenus
2409 1322 43 16 ex-

1977 1344 55 26 près
2043 1349 64 21 pour
2116 1345 24 20 le
2152 1344 120 24 chercher
2281 1351 6 20 ;
2301 1350 33 17 on
2345 1346 107 27 ajoutoit

1977 1379 89 17 encore
2078 1373 59 29 qu’il
2148 1374 83 23 s’étoit
2242 1376 131 28 embarqué
2390 1383 62 16 avec

1976 1412 45 17 son
2033 1406 64 23 frère
2108 1407 119 28 Clément,
2233 1408 22 22 &
2264 1410 107 21 environ
2382 1409 29 23 80
2419 1412 31 21 de

1976 1443 39 17 ses
2035 1443 60 22 gens
2115 1439 38 22 les
2172 1440 56 27 plus
2247 1439 162 24 déterminés.
2429 1442 23 22 Il

1975 1470 135 26 paroissoit
2120 1471 140 26 cependant
2271 1471 67 22 assés
2350 1472 101 22 difficile

1976 1499 60 28 qu’il
2047 1500 42 27 pût
2100 1499 132 30 s’échaper,
2245 1502 24 21 le
2291 1501 118 24 Chebeck
2425 1504 25 21 le

1974 1533 68 22 Rusé
2052 1533 144 23 continuant
2207 1535 30 21 de
2257 1536 118 21 mouiller
2389 1537 60 22 dans

1974 1565 24 20 la
2009 1563 77 26 Rade,
2097 1570 62 16 avec
2170 1565 65 22 deux
2247 1565 110 23 Bâteaux
2377 1567 31 22 de
2428 1569 23 21 la

1975 1595 211 27 correspondance
2197 1596 80 22 armés
2295 1603 30 16 en
2345 1603 87 17 course
2443 1606 6 19 ;

1974 1628 23 22 &
2006 1629 25 21 le
2043 1627 133 29 Régiment
2187 1629 30 21 de
2239 1630 126 23 Provence
2386 1631 64 23 étoit

1975 1659 131 28 embarqué
2117 1665 43 16 sur
2170 1660 123 27 plusieurs
2306 1665 82 19 autres
2404 1663 48 22 Bâ-

1974 1692 73 20 teaux
2058 1695 64 22 pour
2132 1690 91 22 border
2239 1692 25 21 la
2283 1692 64 22 côte.
2371 1693 20 22 Il
2412 1696 38 20 est

1973 1722 57 21 vrai
2048 1720 73 28 qu’on
2143 1722 81 21 auroit
2243 1729 32 20 pu
2300 1724 91 21 visiter
2412 1726 37 20 les

1974 1754 124 22 Bâtimens
2122 1755 107 27 Anglois
2254 1757 127 27 lorsqu’ils
2407 1761 43 19 ont

1973 1791 61 21 paru
2044 1791 7 19 ;
2064 1786 61 21 mais
2138 1788 69 19 outre
2219 1786 72 27 qu’ils
2309 1794 32 15 ne
2359 1790 91 21 voulu-

1974 1818 55 20 rent
2039 1821 42 21 pas
2093 1816 24 21 le
2128 1819 141 25 permettre,
2283 1823 33 17 on
2336 1819 45 26 dit,
2401 1826 47 22 que

1974 1849 35 22 M.
2023 1850 30 21 de
2075 1848 73 23 Vaux
2167 1851 70 21 avoit
2256 1851 99 29 envoyé
2375 1854 74 22 ordre

1974 1885 48 17 aux
2032 1880 144 22 Armateurs
2187 1881 30 21 de
2228 1881 37 22 les
2276 1883 88 22 laisser
2376 1884 73 22 libre-

1973 1913 70 20 ment
2062 1916 94 22 passer.
2176 1911 37 23 Ce
2234 1912 107 24 Général
2362 1915 87 22 devoit

1972 1942 94 21 arriver
2085 1942 24 21 le
2132 1948 24 22 17
2176 1942 15 22 à
2210 1942 102 24 Sartena
2329 1945 23 21 &
2372 1946 76 27 partir

1973 1972 97 22 ensuite
2082 1972 65 22 de-là
2159 1978 62 21 pour
2233 1974 101 22 revenir
2345 1974 13 23 à
2372 1976 76 22 Corte

1972 2006 31 21 du
2015 2011 29 16 20
2054 2011 31 16 au
2096 2011 37 23 25,
2143 2012 61 21 pour
2212 2012 20 23 y
2242 2007 62 22 faire
2312 2010 135 22 assembler

1971 2036 36 21 les
2019 2035 75 22 Chefs
2106 2036 31 22 de
2149 2038 22 20 la
2183 2038 94 25 nation,
2290 2038 89 23 établir
2390 2040 56 22 défi-

1970 2066 150 22 nitivement
2130 2069 110 24 par-tout
2257 2075 33 15 un
2312 2070 73 22 ordre
2404 2071 43 27 gé-

1971 2096 67 22 néral
2049 2096 22 22 &
2083 2096 61 22 faire
2157 2098 124 28 pratiquer
2291 2099 23 22 &
2330 2103 117 27 nettoyer

1970 2128 37 21 les
2028 2128 89 27 grands
2138 2128 112 22 chemins
2274 2135 42 17 sur
2334 2132 111 27 lesquels

1970 2161 43 21 des
2024 2161 103 22 Bandits
2134 2163 143 25 profitoient
2284 2164 44 21 des
2337 2165 111 23 circons-

1970 2193 84 20 tances
2065 2196 63 22 pour
2139 2193 70 21 voler
2217 2193 23 22 &
2248 2196 145 22 assassiner.
2404 2196 41 22 On

1970 2227 71 16 verra
2051 2222 154 22 maintenant
2215 2224 24 21 la
2258 2227 118 21 tournure
2397 2233 48 21 que

1970 2255 136 27 prendront
2117 2256 37 22 les
2171 2256 105 28 affaires,
2295 2259 24 21 la
2340 2261 106 22 soumis-

1970 2286 53 21 sion
2036 2285 30 23 de
2077 2288 69 20 toute
2157 2286 65 23 l’Isle
2234 2288 100 29 n’ayant
2344 2296 45 22 pas
2397 2292 48 21 mis

1970 2315 31 22 fin
2014 2322 47 16 aux
2074 2318 55 20 vols
2140 2317 23 22 &
2174 2324 48 16 aux
2233 2320 157 23 assassinats.
2412 2322 31 21 Le

1970 2349 53 27 jour
2035 2355 47 22 que
2093 2350 108 23 l’Armée
2221 2353 76 26 partit
2316 2359 65 21 pour
2398 2354 47 23 Vi-

1970 2380 69 22 vario
2058 2387 31 15 on
2109 2382 59 21 vola
2187 2382 14 22 à
2222 2382 34 22 M.
2270 2383 117 24 Chardon
2409 2392 32 16 un

1970 2411 86 22 cheval
2065 2412 31 21 de
2107 2411 29 22 60
2148 2412 82 26 Louis,
2244 2413 21 22 8c
2278 2417 85 24 quatre
2380 2416 65 22 Dra-

1970 2447 59 22 gons
2042 2442 29 21 de
2084 2448 46 16 son
2142 2446 95 20 escorte
2248 2450 61 17 avec
2318 2447 125 26 plusieurs

1970 2471 145 24 Vivandiers
2126 2473 82 23 furent
2213 2474 61 23 tués.
2283 2475 34 22 M.
2329 2477 31 21 de
2369 2477 75 23 Mon-

1970 2504 70 27 toury
2060 2503 129 28 Capitaine
2210 2511 29 16 au
2258 2506 133 29 Régiment
2412 2510 32 20 de

1970 2533 58 21 roui
2040 2533 55 28 Roy
2096 2535 56 21 al-A
2156 2536 86 23 rtilleri
2246 2542 21 20 e,
2281 2537 22 21 &
2315 2537 83 28 Major
2412 2540 31 21 de

1970 2566 141 23 "Artillerie
2133 2574 31 16 en
2185 2569 87 25 Corse,
2294 2571 24 21 le
2339 2571 37 23 fut
2396 2573 14 21 à
2427 2579 14 22 3

1970 2596 75 23 Lieues
2062 2598 30 21 de
2113 2598 75 23 Corte
2207 2606 31 15 en
2258 2605 94 19 venant
2371 2603 31 22 de
2418 2604 25 22 la

1970 2626 88 23 Bastia.

1362 2042 181 27 PULITICA
1555 2044 6 24 !

1203 2587 53 23 Una
1268 2588 154 23 discussione
1434 2589 26 21 in
1471 2595 31 15 un
1515 2589 60 22 caffè
1589 2590 127 28 d’Ajacciu

1305 2624 61 23 (Vista
1372 2625 25 17 da
1404 2629 26 13 un
1439 2624 74 19 cabista
1520 2626 90 23 cursista)

70 2740 102 23 Fuglitlinu
181 2739 20 18 di
208 2739 22 17 A
232 2732 161 23 Muvra-u-124
402 2740 19 4 -
428 2726 112 21 diul9-3-29

96 2799 244 56 MSÛMIE
372 2792 146 52 PAOLI

276 2875 66 21 OSSIA

121 2922 36 37 La
174 2923 77 36 Mh
269 2922 31 36 di
315 2919 175 36 Ponknuovô

80 2983 272 26 RACONTOCORSO
357 2974 188 29 DELSECOLO

266 3021 86 25 XVIII

300 3066 25 18 Di

171 3106 35 23 F.
219 3106 37 23 B.
273 3101 175 27 Guerrazsi

105 3176 29 22 In
143 3178 85 25 questa
234 3173 95 28 guisasi
335 3171 104 28 ragiona
445 3169 25 20 in
477 3166 75 22 Fran-

79 3210 47 21 cia.
139 3208 107 24 Adesso,
264 3206 46 22 che
331 3205 26 21 vi
369 3204 33 22 ho
414 3202 102 27 esposto
526 3199 26 21 lo

78 3245 63 19 stato
151 3241 65 23 delle
225 3245 65 19 cose,
297 3240 43 21 nel
351 3237 55 28 quai
413 3235 42 22 noi
464 3234 22 21 ci
497 3237 56 16 ver-

79 3274 224 26 siamo,delibeiate
310 3271 42 21 voi
360 3267 193 24 liberamentese

81 3310 23 20 vi
112 3306 93 31 piaccià
212 3305 131 22 accordare
350 3308 15 15 o
373 3300 121 28 piuttosto
501 3303 54 16 res-

81 3343 102 26 pingere
195 3340 24 21 la
229 3339 64 22 forza
306 3341 46 17 con
363 3335 24 21 la
400 3333 63 21 forza
474 3336 6 16 :
491 3336 27 16 se
526 3328 27 22 vi

83 3375 69 28 garbi
174 3375 23 20 la
210 3378 69 22 pace,
291 3371 27 21 io
329 3366 102 25 tornerò
443 3365 25 22 in
481 3363 75 23 esiho

84 3408 149 27 dispiacente
245 3405 25 22 di
281 3409 52 17 non
345 3406 58 18 aver
411 3401 61 21 fatto
480 3402 46 24 per
532 3397 25 21 la

83 3443 50 21 mia
144 3439 83 23 Patria
237 3440 91 25 quanto
340 3437 100 27 poteva,
459 3439 14 15 e
485 3435 72 18 senza

86 3475 92 22 dubbio
199 3471 43 27 poi
265 3472 93 26 quanto
375 3468 101 23 voleva,
495 3468 63 23 pure

86 3513 96 22 sempre
189 3503 152 24 obbediente
347 3502 23 21 ai
379 3499 78 23 voleri
466 3498 40 22 del
513 3501 46 22 po-

87 3541 58 26 polo
158 3540 37 21 sia
206 3536 118 23 restando
337 3534 36 22 sia
384 3531 119 29 partendo
512 3536 6 19 ;
531 3534 28 16 se

88 3573 143 28 all’opposte
251 3568 147 27 sceglierele
416 3566 25 21 la
461 3568 97 23 guerra,

89 3606 154 22 considerate
252 3608 26 16 se
285 3599 92 23 l’abbia
385 3598 32 22 ad
432 3595 128 23 amminis-

88 3641 64 20 trare
164 3640 26 21 io
202 3638 32 22 od
253 3634 54 23 altri
318 3639 8 19 i
344 3637 27 16 se
389 3628 171 29 giudicherete

568 2723 63 25 altri,
645 2720 54 24 dirô
711 2724 110 27 cûmgdre
833 2729 25 22 di
870 2729 80 22 Brasj_

568 2758 29 22 da
609 2756 87 22 diceva
707 2752 87 32 delfi).
808 2763 87 25 esujto,
905 2763 44 22 che

568 2793 23 20 la
603 2789 76 29 patria
691 2785 72 23 ahbia
775 2796 18 6 —
803 2796 108 29 mjg]jorj

569 2830 39 17 me
616 2829 6 20 ;
632 2829 28 15 se
667 2821 33 24 io,
707 2818 56 23 sarô
817 2830 65 21 nelle
892 2835 57 16 vos_

570 2861 36 19 tre
612 2855 72 26 mani,
690 2855 23 20 la
718 2852 114 33 quakerà
840 2869 105 21 sempre3

571 2889 79 24 finchè
661 2894 14 16 0
686 2892 51 17 non
748 2885 144 38 ^^GoEQpa,

600 2923 60 22 Così
671 2920 96 23 avendo
778 2923 22 22 p-
811 2930 136 27 djSp0neva

573 2963 13 17 a
604 2955 101 30 partire,
726 2956 105 30 quancc0
843 2963 103 22 Aurelio

574 2990 75 23 Rossi
662 2989 96 21 oratore
772 2984 95 35 dej_ulta
885 2995 60 23 gajtd

575 3031 27 17 su
615 3030 13 16 a
640 3022 61 24 dire,
714 3025 51 16 non
778 3017 107 35 do^erun
895 3030 51 27 pa^_

575 3062 26 19 to
614 3056 156 30 permettere,
781 3051 105 34 cLl:en(ja
894 3065 53 19 tan-

575 3095 26 19 te
614 3095 75 24 grave
695 3088 19 21 il
719 3083 226 38 generalntanasse;

577 3126 142 22 rimanesse,
733 3126 14 14 e
766 3122 69 32 quas^
854 3129 92 22 delpas_

578 3158 107 23 semblea
698 3159 47 16 con
758 3159 7 15 1
779 3148 68 37 suo^.
861 3162 84 28 îaispj.

579 3200 74 24 j-asse.

606 3225 89 23 -Che
708 3219 234 41 piacenteriquestej

580 3259 114 23 oratore?
706 3258 124 25 proruppe
875 3267 18 20 ü
902 3272 42 20 pa_

580 3294 43 21 dre
635 3288 152 25 Bernardinû
798 3285 67 34 Cas^
873 3299 71 26 quaJe

581 3327 82 26 giusto
675 3322 91 22 sedeva
776 3318 63 21 nella
852 3319 9 16 i
874 3336 69 17 come

580 3357 157 28 procuratore
744 3352 40 22 del
791 3350 74 23 Comr

582 3394 34 22 ni.
626 3403 28 5 —
662 3390 53 21 Non
723 3387 27 22 vi
760 3371 183 49 vergogn5^

583 3427 23 22 la
617 3427 72 25 legge
697 3420 80 29 primo
789 3419 22 20 la
824 3415 118 38 obbfuQri

584 3460 18 21 il
611 3455 126 32 generale.

611 3491 18 22 E
641 3489 47 26 ciò,
701 3486 135 28 soggiunse
847 3481 92 42 pa^o^

584 3526 70 21 tanto
662 3521 43 29 più
712 3519 107 26 importa
828 3516 44 21 che
879 3519 12 16 s
898 3512 41 40 ^

586 3558 44 22 che
640 3553 116 25 restando
775 3555 51 17 non
847 3553 93 32 mai^

586 3592 25 20 di
622 3588 100 23 bociare
733 3590 29 16 su
772 3583 40 28 pei
827 3581 111 37 cantûon

586 3623 71 28 rigiri
669 3618 142 24 strascinata
829 3615 22 20 la
870 3611 78 40 Cò^-

977 2730 50 22 mie
1038 2731 93 28 voglie.
1145 2731 22 22 Il
1185 2733 162 25 procuratore
1364 2731 26 22 di
1400 2731 46 22 Ca-

976 2763 136 23 sacconiha
1123 2764 105 28 ragione
1238 2770 7 18 ;
1258 2765 135 21 concedete
1401 2764 43 22 che

976 2797 25 22 io
1012 2797 26 21 vi
1049 2797 59 22 lasci
1119 2797 72 22 liberi
1204 2803 13 16 a
1227 2797 123 23 discutere
1362 2798 16 21 il
1392 2802 53 22 par-

974 2830 53 26 tito,
1048 2830 164 22 desiderando
1233 2836 13 15 e
1258 2831 123 27 sperando
1401 2830 44 22 che

964 2864 87 25 ,riesca
1063 2865 70 27 quale
1144 2865 24 21 la
1179 2864 96 28 dignità
1285 2864 63 23 délia
1365 2864 78 22 Patria

974 2899 94 26 aspetta
1080 2897 29 21 da
1121 2897 53 22 voi.

1001 2930 89 23 Uscito
1101 2930 26 22 di
1139 2930 84 22 chiesa
1234 2936 46 16 con
1300 2931 95 27 piccola
1405 2936 39 16 ac-

973 2966 189 26 compagnatura
1173 2964 132 22 intendeva
1321 2966 123 20 tornarse-

973 3003 31 16 ne
1016 3003 12 15 a
1041 3002 54 17 casa
1107 2999 171 25 peraspettare
1286 2997 66 22 costà
1365 2997 78 27 ilpar-

972 3031 46 21 tito
1033 3030 62 22 délia
1104 3029 126 27 Consulta,
1244 3036 39 16 ma
1295 3031 18 21 il
1327 3035 59 22 capo
1406 3029 35 28 gli

972 3063 93 23 bolliva
1075 3063 60 26 cosi,
1148 3063 46 22 che
1205 3064 36 27 gli
1253 3069 75 21 parve
1337 3064 63 21 bene
1408 3063 34 21 ri-

972 3097 105 22 manersi
1088 3097 71 21 alcun
1170 3102 64 21 poco
1246 3095 92 24 alfaria
1348 3097 91 27 aperta.

972 3130 98 22 ïntanto
1099 3130 45 22 che
1170 3129 94 23 andava
1294 3130 146 27 pensieroso

972 3162 170 24 s’imbattècol
1158 3164 139 21 colonnèllo
1315 3162 127 23 Valcrois-

971 3199 63 24 sant,
1043 3197 20 22 il
1072 3198 70 27 quale
1155 3197 26 21 in
1192 3196 149 28 compagnia
1351 3196 26 22 di
1388 3200 52 17 cer-

971 3233 26 20 to
1009 3236 44 17 suo
1070 3230 107 22 ufficiale
1188 3230 25 21 di
1227 3231 139 23 ordinanza,
1383 3235 14 15 e
1414 3229 24 21 di

970 3264 125 22 Altobello
1113 3263 96 22 Alando
1229 3264 89 27 datogli
1340 3263 24 21 in
1382 3262 56 27 quel

969 3297 90 27 giorno
1077 3296 26 21 di
1120 3296 110 27 guardia,
1253 3300 146 23 percorreva
1415 3295 23 20 le

969 3330 81 21 strade
1061 3329 107 22 notando
1180 3328 259 28 diligentissimamen-

967 3364 27 20 te
1010 3362 8 21 i
1031 3362 48 22 casi
1093 3361 45 22 che
1149 3361 20 22 si
1190 3362 178 21 succedevano.
1386 3362 50 26 Ap-

967 3401 63 23 pena
1050 3395 19 21 il
1079 3396 142 21 colonnèllo
1243 3395 63 21 ebbe
1317 3395 82 21 scorto
1418 3395 19 20 il

968 3429 112 28 generale
1088 3428 35 28 gli
1134 3429 20 20 si
1166 3427 31 22 fe’
1210 3428 122 25 incontro,
1345 3432 13 15 e
1371 3427 64 26 dopo

966 3462 112 22 alternati
1088 3461 8 21 i
1109 3461 82 25 saluti,
1199 3461 35 27 gli
1242 3459 122 24 domandò
1373 3465 6 14 :

994 3506 27 5 —
1034 3494 37 22 Or
1082 3500 70 16 come
1163 3493 113 27 avviene,
1299 3494 85 26 signor
1392 3498 42 23 ge-

966 3528 93 24 nerale,
1073 3527 44 22 che
1129 3532 50 16 non
1198 3527 26 21 vi
1240 3527 107 22 troviate
1357 3530 15 16 a
1380 3532 54 20 pre-

966 3561 98 22 siedere
1073 3562 25 20 la
1110 3560 118 22 Consulta
1237 3561 13 20 ?

994 3605 26 6 —
1033 3595 22 20 A
1064 3600 40 15 me
1112 3598 48 17 non
1172 3594 79 20 tocca.

992 3638 28 5 —
1032 3627 41 22 Sia
1083 3632 63 23 pure
1157 3626 51 21 cosi
1220 3632 6 15 :
1238 3631 40 17 ma
1286 3627 96 20 almeno
1391 3624 41 22 do-

1472 2733 84 20 vreste
1568 2734 64 20 stare
1642 2736 116 24 présente
1767 2735 46 21 aile
1822 2735 122 24 delibera-

1472 2764 75 27 zioni,
1570 2766 115 22 massime
1711 2768 96 27 quando
1830 2771 113 21 scottano

1471 2797 117 24 davvero.

1496 2842 28 4 —
1537 2830 31 22 La
1588 2832 73 28 legge
1680 2833 35 22 mi
1739 2834 99 22 esclude
1859 2836 82 27 giusto

1470 2864 88 26 perché
1570 2865 18 21 il
1599 2867 103 26 negozio
1711 2866 12 22 è
1730 2868 67 21 série
1807 2874 7 15 :
1827 2868 33 22 mi
1871 2875 71 21 pare-

1469 2902 29 16 va
1511 2899 118 22 avervelo
1641 2904 17 23 g
1660 2898 21 23 là
1694 2900 167 28 avvertito...,

1495 2941 28 5 —
1535 2930 96 27 Sicuro,
1652 2938 40 16 ma
1713 2933 25 22 io
1759 2934 114 26 credeva,
1895 2935 45 22 che

1467 2964 84 21 voi....

1493 3008 29 5 —
1534 2999 91 20 Avessi
1637 2999 97 22 dato-ad
1744 3000 140 23 intendervi
1891 3007 48 16 una

1467 3029 72 29 bugia
1550 3036 6 20 ;
1569 3036 59 17 ecco
1640 3037 13 15 a
1666 3031 45 22 che
1722 3033 64 22 siete
1797 3034 87 22 ridotti
1894 3035 43 22 voi

1467 3063 54 22 altri
1533 3063 115 23 Francesi
1660 3071 6 19 ;
1680 3065 123 28 chiunque
1814 3068 76 21 vuole
1900 3067 39 22 in-

1465 3098 119 26 gannarvi
1596 3097 67 22 d’ora
1686 3099 27 21 in
1731 3099 42 27 poi
1793 3106 49 16 non
1854 3100 58 22 avrà
1923 3107 14 16 a

1465 3128 37 23 far
1507 3130 64 22 altro
1579 3130 44 22 che
1630 3131 65 21 dirvi
1703 3132 23 21 la
1735 3132 88 22 verità.

1492 3173 27 6 —
1527 3163 89 22 Vorrei
1625 3164 163 23 domandarvi
1801 3171 32 17 un
1841 3166 93 27 favore,

1465 3196 85 27 signor
1559 3198 125 26 generale.

1491 3240 32 5 —
1530 3228 104 23 Parlate.

1490 3273 29 5 —
1529 3262 123 22 Desidero
1664 3263 45 21 che
1724 3264 35 21 mi
1779 3266 156 25 permettiate

1463 3294 103 22 visitare
1573 3295 19 21 il
1601 3296 108 21 castello.

1490 3339 28 5 —
1529 3327 92 23 Venite
1632 3334 69 16 meco
1709 3336 8 18 ;
1729 3330 27 21 io
1771 3335 50 17 non
1836 3331 20 21 ci
1870 3331 63 22 vedo

1462 3361 70 22 alcun
1543 3363 73 24 male,
1625 3361 93 28 perché
1727 3363 97 27 quando
1833 3364 22 20 la
1861 3369 73 22 guer-

1461 3400 28 16 ra
1499 3394 20 21 si
1531 3394 95 22 ridurrà
1637 3397 98 19 attorno
1747 3397 23 19 al
1790 3397 109 26 castello,
1911 3397 21 21 e’

1461 3427 52 22 sarà
1524 3432 72 16 come
1606 3428 24 21 la
1640 3428 61 25 vita,
1716 3428 44 22 che
1772 3428 20 21 si
1805 3429 94 27 stringe
1910 3432 22 20 al

1461 3465 81 20 cuore,
1555 3465 45 21 per
1611 3465 107 17 cessare.

1487 3492 96 22 Innanzi
1590 3493 24 21 di
1626 3498 74 23 porre
1711 3494 75 25 piede
1797 3495 22 20 al
1831 3496 99 21 castello

1460 3531 79 16 venne
1550 3525 63 22 fatto
1624 3526 23 21 al
1659 3526 141 22 colonnèllo
1812 3527 26 20 di
1850 3533 82 17 osser-

1459 3564 56 16 vare
1526 3564 47 16 una
1586 3564 54 16 casa
1648 3560 62 20 tutta
1722 3559 73 26 piena
1804 3560 23 21 di
1835 3560 96 22 cicatri-

1460 3593 21 25 c,i
1492 3591 88 22 fattevi
1592 3591 64 22 dalle
1667 3591 65 28 pâlie
1746 3592 26 21 di
1793 3593 112 21 carabina
1916 3599 13 16 e

1460 3625 25 21 di
1496 3624 131 28 spingarda
1638 3630 7 19 ;
1666 3624 82 26 quelle
1772 3625 25 21 di
1817 3631 112 17 cannone

1970 2744 76 17 erano
2058 2742 61 20 State
2131 2744 95 20 murate
2236 2749 6 20 ;
2255 2749 61 21 pure
2324 2750 27 16 se
2360 2751 31 16 ne
2404 2751 36 16 os-

1970 2778 137 17 servavano
2128 2775 102 22 tüttavia
2251 2777 23 20 le
2287 2779 84 25 toppe.
2385 2779 55 21 Per*

1967 2807 69 21 tanto
2048 2806 18 22 il
2084 2808 167 27 colonnuello,
2271 2816 73 22 preso
2357 2812 30 21 da
2400 2818 40 16 va-

1967 2839 87 27 ghezza
2064 2840 120 28 disapere
2194 2842 45 22 che
2246 2842 76 28 fosse,
2336 2844 104 23 interor-

1967 2871 48 28 gô:

1993 2916 29 5 —
2034 2907 49 25 Qui
2097 2907 19 21 si
2131 2907 53 22 fece
2201 2909 117 27 battaglia
2332 2917 13 14 a
2356 2913 84 25 quello

1966 2938 46 22 che
2019 2945 59 21 pare
2086 2940 13 22 ?

1994 2971 18 22 E
2022 2974 118 25 terribile,
2162 2974 97 28 rispose
2278 2977 19 21 il
2314 2979 124 26 generale.

1966 3003 95 27 Questa
2073 3006 85 23 fucasa
2166 3008 23 21 di
2199 3007 145 30 Giampiero
2354 3010 86 24 Gaffo-

1964 3038 21 21 ri
1995 3045 6 14 :
2013 3039 106 23 allorchè
2131 3040 19 22 il
2162 3042 171 23 commîssario
2346 3043 94 23 Giusti-

1963 3071 74 23 niano
2048 3073 35 27 gli
2094 3073 54 23 fece
2159 3075 82 26 rapire
2254 3076 17 21 il
2281 3075 121 29 figliuolo,
2416 3079 24 21 la

1962 3106 94 27 moglie
2074 3112 43 16 sua
2135 3107 54 22 ch’è
2205 3108 81 23 donna
2307 3110 84 22 feroce
2402 3112 36 26 gli

1962 3137 65 22 andô
2039 3140 115 22 incontro
2163 3140 141 24 forsennata
2314 3144 108 22 urîando
2432 3151 6 15 :

1963 3169 152 30 Giampiero,
2137 3174 105 22 rendimi
2255 3175 18 21 il
2284 3175 70 29 figJio
2362 3177 6 21 !
2379 3188 29 5 —
2420 3177 18 22 E

1964 3202 151 30 Giampiero,
2134 3207 116 22 condotte
2270 3212 69 19 notte
2350 3212 86 25 tempo

1962 3237 129 22 bertesche
2112 3245 13 15 e
2146 3239 99 23 feritoie
2268 3242 101 22 intorno
2382 3248 55 16 casa

1962 3275 52 20 sua,
2027 3271 123 22 cominciô
2159 3278 30 15 su
2197 3273 71 22 l’alba
2279 3280 13 15 a
2304 3274 132 23 fulminare

1961 3304 83 26 quanti
2057 3303 131 24 Genovesi
2199 3306 22 21 si
2234 3306 167 24 affacciavano
2414 3309 23 21 ai

1960 3335 110 23 baluardi
2081 3343 6 15 :
2100 3338 18 21 il
2126 3339 172 23 commîssario
2307 3341 87 21 ordina
2400 3342 36 27 gli

1960 3369 21 21 si
1994 3369 72 22 sfasci
2078 3371 22 20 la
2112 3376 55 16 casa
2180 3378 47 16 con
2237 3374 24 20 le
2278 3374 139 26 artiglierie
2427 3382 7 18 ;

1959 3407 39 16 ma
2008 3402 81 27 provò
2101 3404 46 21 che
2163 3407 86 25 questo
2270 3411 40 17 era
2322 3407 43 27 più
2377 3413 59 21 age-

1959 3435 58 21 vole
2027 3441 14 15 a
2053 3436 61 22 dirsi
2127 3437 45 22 che
2184 3444 14 15 a
2209 3437 68 27 farsi,
2287 3439 149 27 impercioc-

1959 3467 45 22 chè
2016 3470 83 24 quanti
2109 3470 117 28 arliglieri
2234 3472 176 26 comparivano
2420 3480 14 15 a

1957 3502 158 27 maneggiare
2130 3503 19 21 il
2166 3509 70 21 pezzo
2253 3505 61 21 tanti
2335 3506 59 21 eolti
2407 3507 26 20 di

1956 3536 76 24 punto
2046 3535 25 21 in
2083 3535 89 23 bianco
2184 3537 128 22 andavano
2321 3544 12 15 a
2343 3540 91 26 gambe

1956 3566 100 22 all’aria.

2114 3630 11 25 (
2128 3628 147 29 Cuntinua)
