2644 3956
113 221 55 20 vede
177 226 16 14 a
201 221 81 18 nostra
284 220 88 22 povcra
378 214 62 24 jente
445 211 25 20 in
476 209 107 21 Vabbun-

113 252 87 20 danza.
210 249 20 19 A
238 250 22 16 te
268 248 65 18 tocca
342 240 102 26 dipruvà
453 237 66 21 s’el/n
526 242 21 14 si
549 238 33 22 po

113 279 69 20 ricsce
190 274 60 25 difà
258 272 109 21 l’unione,
376 274 15 14 a
400 264 148 23 metucchera
556 262 26 19 dt

113 307 31 19 dû
161 301 100 25 cunsigli
276 296 167 27 d'esperienza.
461 292 31 20 So
497 291 84 42 Jnudt

113 327 178 26 cinauant’anni
298 325 58 21 ch’iò
363 321 77 22 studiu
448 326 8 13 i
474 322 75 16 mezzi
556 319 26 15 di

113 359 78 21 caccià
209 363 15 13 a
239 357 80 18 nostra
331 352 62 24 jente
406 347 27 21 di
441 348 39 18 sta
489 348 93 16 misena

113 384 125 28 prufonda,
252 378 136 23 inchiudata
398 373 86 22 ch'ell’è
497 371 61 23 dopu
567 375 15 14 u

113 414 62 23 fattu
183 411 28 20 di
218 410 74 20 Ponte
299 406 73 21 Novu.

137 443 20 20 A
167 434 185 32 Vopéra,o-nipòl
357 432 58 25 Apri
422 437 15 14 u
446 430 137 20 hbruescri-

113 469 87 22 vimiin
208 465 86 25 capite-,
304 462 97 24 aspettu.

137 511 28 5 —
172 499 20 20 A
203 495 67 23 MW
267 494 52 22 RA,
331 499 14 13 o
353 491 29 22 zi,
392 489 72 20 boleu
481 486 30 19 be
526 486 25 17 di
565 488 16 14 a

116 527 92 21 Corsica
214 531 13 13 e
233 523 53 25 {ace
293 520 92 20 c/dama
394 523 14 13 a
417 516 10 20 i
434 520 49 15 vert
493 512 90 20 Corst-

116 554 95 22 Gattiva
219 548 97 22 vuluntà
330 552 31 14 un
369 551 20 13 ci
398 550 14 13 n
421 549 13 13 e
449 550 28 5 -

114 582 101 20 dulenza
228 574 150 26 impediscera
385 570 61 25 forse
454 565 95 27 qualchi
556 566 27 17 ti-

114 615 50 15 mor
163 610 42 17 atu
217 604 27 21 ch
247 603 98 23 ’cispetta
358 598 36 20 chi
404 603 13 13 e
424 596 99 22 lasagne
529 590 55 25 fali-

114 642 32 14 nu
155 635 32 20 da
194 639 16 14 a
217 633 60 19 'rata
286 628 38 21 nu’
329 624 147 28 piattu,lutte
483 619 103 34 fundlte\

114 662 126 22 bideremu.
254 657 39 20 Da
302 654 74 24 oghie,
391 658 13 13 o
420 656 33 16 zt,
467 653 61 15 stmu'
543 645 41 20 dut

114 688 76 23 scritti
194 687 32 24 pè
235 691 14 13 u
258 681 133 23 sindacatu.
402 675 77 27 Quelli
488 673 98 20 bulinte-

115 716 47 21 rosi
169 714 23 20 si
204 710 145 27 spiccieranu
356 706 26 20 di
389 702 111 23 mandau

116 750 35 13 me
159 747 45 14 cun
218 736 110 22 adesione
335 740 11 16 ;
354 739 14 14 u
374 738 26 14 so
415 731 69 23 ajutu
498 728 10 18 l
515 728 51 21 aspi

116 751 61 41 7emu
190 773 44 14 cun
254 762 107 27 fid“cciu.
381 760 19 20 V
410 758 63 20 libru
484 762 13 12 e
506 755 82 23 afiertu

116 799 34 20 da
158 794 76 26 oghie,
243 790 55 21 subi
297 792 26 17 tu
331 795 21 13 si
360 793 28 14 ne
393 785 52 25 fera
455 782 107 25 depositu
570 785 17 14 a

115 820 122 26 l’autorità
242 814 152 30 prefetturale
399 816 43 22 per
446 816 51 15 esse
510 814 24 14 in
542 807 47 24 leg-

120 858 38 18 ge.
440 869 5 5 ,
572 864 6 7 ,

141 877 118 26 Abbedeci
266 883 16 13 a
292 873 101 22 st’etima
406 869 39 21 chi
451 869 73 21 entre,
534 872 14 13 o
556 870 32 16 zt.

117 911 68 20 State
193 907 25 20 in
227 904 78 22 salute
315 908 13 13 e
336 899 147 25 aspettatemi
492 895 25 19 di
530 898 60 15 sien-

122 944 82 44 rUAvà,
214 962 50 22 cari
271 958 86 24 lettori,
366 958 79 23 sapete
462 954 36 20 ciò
512 951 39 21 chi
565 950 27 21 bi

118 997 62 20 resta
194 999 16 13 a
217 991 36 25 fà.
262 987 113 22 Mandate
383 991 15 14 u
403 985 79 19 vos/ru
487 986 67 15 nome
562 984 29 14 eu

118 1021 128 23 L’adesione
262 1023 15 13 a
291 1022 16 13 u
322 1013 122 22 sindacatu
462 1009 25 21 di
505 1008 85 20 Vamici

117 1050 49 21 veri
177 1049 27 20 di
211 1054 16 13 a
238 1043 93 23 Corsica
340 1040 37 22 chi
391 1046 20 14 si
420 1043 63 16 more
491 1037 25 19 di
525 1040 66 15 mise-

366 1093 197 26 SimonbrancLu.

168 1232 135 46 Ëisposta
325 1240 18 24 a
363 1237 39 25 un
416 1222 127 39 Fratellu

349 1306 48 18 Caru
404 1304 119 22 Cumpagnu,

139 1350 130 22 Sicaramenle
278 1348 31 18 chi
318 1352 11 13 a
342 1346 108 18 fralellanza
458 1343 12 18 è
477 1347 11 13 a
502 1341 32 23 più
543 1340 49 17 bella

119 1382 20 18 di
146 1386 12 13 e
165 1384 44 14 cose
217 1377 74 23 quande
298 1379 39 14 una
345 1374 72 18 manata
424 1372 20 17 di
453 1371 63 22 spiriti
521 1368 73 18 mfran-

120 1410 17 18 ti
144 1409 18 18 si
170 1407 83 19 tendenu
261 1404 79 18 vers’un
348 1405 82 15 cumunu
439 1397 86 20 ideale.E
533 1400 60 18 quan-

119 1439 23 17 ta
150 1435 80 19 serehbe
238 1432 93 19 facilitata
338 1431 68 21 l’opéra
413 1432 12 13 a
432 1427 17 18 A
457 1426 67 18 Muvra
531 1424 18 18 si
554 1424 38 18 tut-

118 1466 17 18 ti
142 1465 9 18 i
161 1464 27 18 so’
193 1461 71 25 figlioli
272 1459 53 23 pueti
339 1460 107 21 peusavanu
455 1454 42 18 cusi
506 1453 23 18 ed
543 1456 50 18 agia-

119 1498 28 14 nu
154 1493 21 18 in
184 1492 132 19 cunsequenza
323 1487 4 17 !
440 1501 5 4 -

140 1521 30 18 Ma
177 1519 75 19 l’affare
264 1516 19 23 je
291 1515 33 19 chi
332 1515 19 17 ci
361 1514 21 17 sô
390 1513 20 17 di
417 1510 61 24 quelli
486 1510 39 21 chi,
540 1509 52 17 tultu

119 1544 171 28 prugantulendusi
298 1541 127 21 fralelli.mele
433 1543 85 15 emanna
526 1542 68 20 cman:

119 1582 25 13 na
153 1581 11 13 e
171 1580 51 16 core,
236 1578 26 13 un
271 1575 82 15 cercanu
360 1568 75 24 propriu
450 1567 35 18 che
494 1571 12 13 a
513 1566 61 18 tarula
582 1570 11 12 a

119 1604 117 19 fralellanza,
251 1606 11 13 e
274 1601 53 17 tutlu
340 1602 33 19 per
386 1596 87 23 orgogliu
485 1594 107 23 persunale.

119 1631 98 20 L’articuli
224 1630 21 17 di
260 1630 17 16 A
284 1628 68 17 Muvra
368 1625 20 18 di
396 1624 47 18 mesi
459 1624 20 17 fà
490 1623 53 17 hanu
555 1622 39 17 ben

119 1658 131 21 differenziatu
257 1657 9 17 i
272 1655 71 19 mutivi
350 1654 121 21 ch’arreganu
476 1652 24 17 ad
505 1651 36 18 ella
548 1650 8 18 i
561 1654 33 14 va-

119 1689 25 18 rii
149 1689 37 17 bon
191 1678 403 31 sughietti:Pulitica,vanità,interessu,bas-

120 1721 21 14 sa
149 1716 74 22 pulizza
231 1719 32 13 e...
272 1711 87 20 scimità:
368 1710 18 18 ci
393 1709 29 18 n’è
431 1708 49 18 tanti
486 1707 6 18 !

142 1744 15 18 E
165 1743 56 19 s’ellu
229 1742 18 18 ci
254 1740 32 19 n’è
293 1741 51 17 beau
347 1740 20 16 lu
374 1738 20 17 di
399 1736 64 23 quelli.
467 1735 127 18 ch’unn’avxa-

120 1775 27 13 nu
161 1769 19 17 in
190 1769 20 17 la
222 1764 127 23 ventricaglia
361 1763 34 18 che
407 1761 70 19 invidia
484 1765 13 13 e
504 1759 90 24 gkielusia

120 1795 63 21 (postu
192 1793 32 18 chi
232 1791 97 19 menluate
334 1788 26 19 sli
367 1788 33 17 dui
407 1785 105 23 difettacci)
520 1785 17 17 ci
545 1785 49 17 simu

120 1819 73 18 abbisti
200 1827 23 4 —
232 1822 26 12 un
266 1820 50 18 pocu
327 1813 56 21 lardi,
392 1812 10 18 è
409 1813 46 17 bera
462 1820 20 4 -
494 1810 32 18 chi
533 1813 61 14 unos-

123 1846 32 16 tru
164 1841 101 24 Cuccagkiu
272 1845 25 13 ne
305 1840 42 22 jera
354 1843 12 13 u
374 1838 41 17 Loto.

143 1872 94 22 Scupartu
244 1875 14 12 u
273 1869 36 18 fele
320 1867 20 18 di
353 1867 75 17 l’essere
441 1869 11 13 e
463 1864 88 22 palisatu,
567 1867 27 12 un

120 1898 54 18 basto
189 1897 33 21 più
230 1893 88 20 l’invidia
325 1897 11 13 e
344 1897 12 12 a
362 1890 80 23 jelusia:
460 1889 19 18 ci
486 1889 55 17 volse
548 1892 12 13 a
575 1887 19 17 fà

121 1927 59 18 corpu
189 1926 12 13 e
215 1920 65 18 curala
287 1923 25 13 eu
326 1922 11 13 a
345 1917 31 22 più
390 1915 108 21 bituperata
511 1912 66 18 maffia
585 1916 9 13 e

120 1946 49 20 fassi
176 1947 53 17 lecca
243 1943 62 22 scarpi
319 1942 20 17 di
351 1941 28 19 cio
387 1940 30 18 chi
432 1940 49 17 s’era
494 1937 100 19 biasimalu

120 1972 72 19 avanti.
202 1970 22 18 Ci
229 1970 54 17 volse
290 1973 12 13 a
311 1967 50 18 cincà
366 1970 33 18 per
407 1964 47 18 tutti
462 1964 8 17 i
478 1967 60 14 mezzi
543 1963 51 17 d’im-

120 1997 65 18 bruttà
199 1994 59 24 quelli
272 1993 33 18 chi
319 1991 82 19 i’avianu
408 1994 28 14 un
449 1992 50 19 pocu
507 1988 64 17 lavatu
586 1991 8 13 e

119 2022 86 18 l’avianu
212 2020 82 18 arrizatu
303 2022 27 13 un
339 2015 103 19 sembianle
450 2014 22 17 di
479 2012 106 23 pedestallu
590 2016 4 12 :

121 2048 18 18 ci
148 2047 54 18 volse
210 2051 11 12 a
229 2045 44 22 nigà
281 2044 7 17 i
296 2042 50 19 delti
354 2046 10 13 e
371 2041 7 17 i
386 2039 68 19 scritti.
459 2039 60 17 Tuttu
526 2042 36 17 que
570 2041 24 13 UE

122 2072 57 23 pudia
188 2068 130 20 francamehte
329 2067 20 17 fà
356 2066 99 18 intervene
466 2063 36 18 che
510 2068 12 12 u
536 2062 58 17 calciv

122 2103 11 12 a
141 2096 71 19 caninu
225 2093 116 20 necessariu,
350 2090 58 19 calciu
418 2089 32 18 chi
458 2089 8 17 i
476 2088 42 18 veri
527 2087 67 17 fratell:

121 2120 148 24 cunsigliavanu
277 2118 56 22 dapoi
341 2117 57 21 longu
405 2116 66 20 tempu
479 2118 11 13 e
504 2112 90 19 ch’unn’a-

125 2152 57 13 vemu
191 2146 81 18 vulsutu
280 2144 24 17 dà
313 2147 21 13 ca
343 2147 11 12 a
361 2140 68 19 bacinu
436 2139 72 18 colmu.

142 2175 28 18 Ed
181 2174 11 18 è
201 2173 43 18 cusi
252 2172 43 18 cusi
304 2170 31 18 chi
345 2175 13 13 u
366 2173 54 13 cuccu
427 2167 67 18 finisci
507 2166 20 17 di
535 2165 59 18 canlà.

123 2208 34 18 per
166 2202 47 18 fassi
224 2199 73 20 ciocciu.
309 2198 80 19 L’affare
397 2196 17 18 si
427 2196 31 18 stà
465 2195 57 18 ch’un
536 2194 21 17 sà
564 2193 30 23 pii

124 2229 116 20 manch’ellu
247 2228 33 18 chi
287 2227 66 23 plume
360 2224 119 19 d’acellacciu
487 2221 83 19 metlesi.
584 2221 10 18 I

122 2259 47 18 tutti
177 2257 60 23 quelli
244 2256 75 18 ch’emu
328 2254 71 18 circalu
403 2261 23 5 —
433 2256 24 13 eu
463 2250 29 19 zò!
499 2255 12 13 e
516 2249 28 18 zà!
551 2258 21 4 —
578 2250 16 17 d.

123 2287 58 18 fanne
191 2290 26 13 un
226 2285 60 20 acula,
298 2282 48 19 tutti
353 2282 7 17 i
370 2280 51 24 pueti
432 2279 71 19 ch’ellu
517 2279 77 16 Iraltavî

124 2315 21 18 in
150 2315 57 17 .sottu
218 2314 52 16 sottu
279 2312 19 17 di
305 2309 88 25 pidocchj,
402 2306 85 20 rasadori
495 2310 38 17 ecc,
542 2310 26 13 un
576 2310 18 13 sc

124 2342 34 23 più
166 2346 35 18 per
209 2341 45 20 ellu,
264 2339 64 22 oghie,
343 2342 21 13 ca
371 2336 77 23 ghienle
458 2335 89 19 venduta,
560 2334 31 17 tra

124 2370 52 18 ditor
187 2369 20 18 di
215 2367 68 23 patria,
297 2372 10 11 «
314 2365 83 19 lucchesi
404 2370 16 11 ».
436 2363 43 18 Ellu
487 2362 42 18 solu
538 2361 56 18 fermj

125 2398 78 18 Corsu...
209 2397 37 17 dia
253 2395 106 23 prefettura
367 2397 11 14 e
385 2392 36 18 dia
428 2391 74 23 pulizza
508 2389 83 19 ruffiana

124 2423 45 22 perô
176 2422 6 18 !

146 2452 18 17 A
175 2450 60 22 volpa
242 2449 56 22 perde
312 2452 14 13 u
334 2447 65 23 pelu...
413 2445 24 18 ed
452 2444 41 18 ellu
505 2447 27 13 un
543 2446 51 18 perst

126 2479 104 18 manc’unu
241 2474 61 20 d’i'so
317 2473 94 20 numerosi
425 2472 54 18 vizii.
494 2470 21 19 Ci
522 2470 55 18 volse
587 2474 7 13 £

124 2506 90 24 palisallu
223 2505 23 23 pè
252 2505 8 17 i
268 2505 27 17 so’
302 2502 64 19 meriti
373 2506 11 13 e
393 2500 79 19 rendelu
480 2504 11 13 a
500 2503 13 13 u
518 2499 76 17 so’veri

127 2535 59 18 statu.

146 2562 16 18 E
169 2566 38 18 que
212 2561 30 18 sia
246 2565 13 12 u
265 2560 26 17 so’
297 2559 24 18 de
326 2557 43 24 prof
370 2556 107 21 undis,caru
482 2553 112 19 fratellu.C’i

127 2588 24 17 da
162 2585 125 21 suddisfabbi,
301 2588 68 18 pensu,
377 2581 69 23 perché
459 2581 72 17 duvete
544 2578 36 18 avè
588 2583 6 12 £

127 2611 156 23 cumpreensione
291 2609 63 18 facile.

160 2639 30 18 Un
198 2637 127 20 scurdenduci
333 2636 20 17 di
359 2632 153 24 ringraziamenti
521 2636 11 13 e
539 2632 55 17 tocca

126 2665 83 18 manate.

452 2691 42 18 Mu
494 2695 27 14 vr
521 2689 54 18 ellu.

608 203 103 25 Raconti
720 203 25 21 di
755 203 24 21 A
788 203 96 21 Muvra.

880 248 13 25 I
912 247 93 25 Centu
1025 243 87 33 Colpi
1130 242 29 26 di
1177 240 131 27 Ziricone

796 302 251 56 Quessu
1078 302 36 42 è
1142 311 43 33 u
1214 296 173 46 tneo!

640 429 166 29 Quell'essere
827 429 32 21 da
874 427 93 29 galera
990 424 43 22 chi
1054 430 23 15 si

608 465 135 21 chiamava
754 462 130 23 Ziricone,
897 464 84 17 morse
1000 464 16 14 a
1033 463 46 15 110-

607 497 79 22 vanta
694 495 128 24 nov’anni,
834 495 48 26 per
893 491 45 22 avè
945 491 106 27 passatu
1064 495 16 14 a

607 536 29 15 so
648 528 111 22 vitaccia
766 534 16 14 a
790 527 65 21 ride.
871 525 40 22 U11
917 524 26 21 si
950 523 130 27 fmisceria

608 561 47 29 più
665 561 27 21 di
702 559 77 23 cuntà
789 560 65 20 lutte
865 564 12 14 e
885 563 28 16 so
925 554 117 28 sconciaf
1043 555 38 20 at-

610 597 32 22 te,
669 593 92 28 perche
789 589 120 29 n'injun'o
938 594 44 16 ver
982 588 99 21 ameute

610 629 61 26 trop
670 626 54 28 pu!

638 659 55 21 Era
700 657 168 21 cunnisciutu
876 660 72 15 cume
960 652 81 22 Carlu
1053 652 28 20 in

611 692 20 21 E
632 691 77 22 ranci
709 696 23 18 a,
746 695 13 16 0
773 694 72 16 cume
856 687 107 22 Minutu
974 686 27 20 in
1019 685 64 20 Cor-

612 725 64 20 sica.
690 723 23 21 A
715 723 75 26 jente
802 726 18 16 u
831 719 78 23 temïa
921 724 71 16 cume
1001 724 16 14 a
1025 719 58 25 pes-

614 758 27 20 ta
650 762 41 15 ma
700 761 18 16 u
730 754 70 22 ténia
809 754 28 20 in
848 753 93 27 pianta
956 751 28 21 di
994 755 88 16 manu.

617 789 74 22 Certi
711 787 110 22 n'eranu
839 787 96 26 troppu
955 782 130 23 scuntenti

615 829 13 14 e
647 821 113 22 Vavïanu
772 819 160 22 mindcciatu
949 817 41 22 d'a
1004 815 81 28 justi-

614 856 42 27 fia
661 861 11 20 ;
681 860 42 15 ma
738 853 54 21 ellu
808 852 90 28 alfava
909 858 13 14 e
940 849 91 29 spalle,
1048 849 37 21 di-

616 888 82 22 cendu
706 893 8 15 :

644 921 41 22 «U
698 921 81 22 iornu
791 918 64 22 ch'ib
866 916 173 30 passeraghiu
1058 915 27 21 in

617 954 89 23 tribun
709 953 47 26 ale,
770 954 26 20 ci
808 951 61 23 sarà
881 952 70 21 tutta
963 956 16 15 a
987 951 17 26 p
1007 950 53 20 ieve
1072 954 15 14 a

616 986 122 24 sentemi!
761 986 22 22 E
797 984 88 30 quellu
908 984 43 21 chi
973 989 31 15 ne
1026 980 61 23 sarà

618 1026 86 20 causa,
726 1026 17 15 u
766 1018 149 29 piglieranu
932 1023 15 14 a
967 1015 87 28 palaie
1073 1020 16 15 a

619 1054 117 22 Vesciuta
742 1053 9 20 !
758 1060 13 13 »

646 1086 128 28 Impauriti,
787 1085 13 21 i
813 1089 38 23 fer
864 1089 26 22 go
903 1083 26 21 si
942 1083 26 21 si
978 1083 111 20 stavanu

617 1121 72 28 fitti;
697 1119 123 21 Ziricone
824 1117 122 28 fermava
957 1115 133 28 campione

620 1154 28 21 di
659 1159 14 15 e
682 1153 109 27 firicate
803 1157 13 14 e
828 1156 36 16 un
875 1156 32 15 ne
919 1148 70 30 jinia
999 1149 55 21 mai
1063 1148 28 21 di

618 1186 111 29 firicà...

650 1219 139 25 Cunnosci,
815 1223 63 16 caru
900 1216 100 25 lettore,
1027 1216 64 21 tutti

620 1253 61 22 l’usi
692 1252 36 22 d'i
739 1250 190 29 nostri.paesiì
945 1249 95 22 Allora
1050 1249 42 21 sai

619 1287 51 25 chi,
680 1284 194 30 spessu,accade
883 1283 101 22 ch'omu
996 1282 96 26 lasci,a

621 1326 65 19 sera,
696 1320 83 20 nantu
791 1319 11 20 i
812 1317 112 28 purtelli
935 1317 37 21 d'e
983 1322 107 19 camere,

619 1359 37 16 un
665 1354 73 20 certu
745 1351 128 28 stuvigliu
881 1350 44 22 chi
932 1349 98 29 megliu
1043 1351 48 20 ste-

618 1386 74 22 rebbi
700 1387 29 20 in
737 1385 26 22 la
770 1384 89 22 tavula
867 1385 30 21 di
903 1385 70 21 notte
980 1384 38 20 !—
1027 1382 64 23 Unn'

619 1420 154 25 arrussite,o
781 1418 90 25 donne,
873 1417 44 22 chi
919 1416 60 29 ghiè
990 1422 46 16 ver
1036 1416 57 21 al—

622 1453 51 22 Chi
695 1452 144 28 vergogna!
855 1451 21 21 A
890 1450 16 22 V
908 1450 184 24 attracchiata,

619 1485 98 23 ecculil
736 1485 101 22 Escenu
854 1486 115 25 attempu
978 1490 16 14 a
1006 1484 11 20 i
1025 1481 68 29 topi-

617 1520 137 29 pinnuti...
768 1518 119 25 Bianchi,
899 1518 78 24 rossi,
989 1515 105 23 zémail-

621 1554 57 26 lés»,
689 1553 69 22 bassi
770 1558 14 15 o
797 1558 16 15 a
820 1550 136 26 decalitru,
964 1550 130 27 s'affacca-

621 1593 35 16 nu
668 1593 15 15 a
696 1586 106 22 Varia...
815 1585 22 21 E
846 1584 76 22 tutt'a
931 1585 70 20 notte
1008 1583 86 21 truni-

619 1620 127 29 feghianu
760 1620 84 20 nantu
857 1624 15 15 a
893 1617 100 28 teghia;
1007 1622 17 15 a
1035 1615 58 22 Val-

621 1654 41 26 ba,
674 1659 52 16 una
737 1657 81 17 manu
828 1651 118 28 s’ajjacca
960 1656 12 14 e
983 1650 11 20 i
1014 1651 79 19 torna

621 1694 16 14 a
647 1687 29 21 la
696 1686 79 26 lesta;
786 1691 12 15 e
810 1691 16 15 a
836 1690 67 20 sera,
917 1690 16 14 a
941 1688 77 16 scena
1028 1682 65 27 ripi-

616 1721 68 28 glia.

648 1753 122 22 Ziricone
793 1751 44 22 chi
858 1751 24 21 si
896 1748 197 29 scandaliffava

621 1787 63 22 d’un
701 1786 45 22 tal'
752 1785 77 28 fattu
850 1784 82 21 decise
952 1783 28 21 di
988 1782 34 22 dà
1039 1788 54 15 una

622 1820 96 28 lefione
727 1826 16 14 a
751 1820 12 20 i
770 1818 115 28 paisani.
908 1816 58 23 Una
976 1820 66 20 sera,
1065 1816 28 20 in

622 1853 157 28 cumpagnia
787 1852 29 21 di
823 1851 46 21 dui
878 1856 14 16 o
899 1852 40 20 tre
946 1849 145 29 firbinotti,

622 1886 70 23 volse
699 1888 53 25 pur
749 1891 21 22 g
770 1885 16 21 à
792 1891 19 15 u
820 1887 76 25 paese
905 1884 29 21 di
941 1884 71 21 tuttu
1024 1881 70 28 quel-

624 1920 28 22 lu
671 1918 167 29 stuvigliame
858 1916 54 22 mal
932 1917 112 27 espostu.
1065 1914 29 22 Si

624 1953 77 22 busc'o
709 1958 37 16 un
752 1954 19 26 p
773 1951 46 22 alu
829 1951 14 21 b
844 1950 53 21 ellu
906 1949 89 28 longu,
1002 1949 26 21 ci
1031 1954 63 15 mes-

622 1993 27 15 se
661 1987 28 21 in
698 1987 86 27 punta
798 1990 36 16 un
843 1986 78 26 p&ffU
931 1983 28 21 di
970 1982 125 22 catinetta

624 2019 169 25 intorchiata,
815 2024 20 19 e,
848 2024 15 14 a
875 2016 111 22 lucenda
1005 2015 29 21 di
1055 2015 39 21 lu-

623 2059 35 15 11a
667 2059 9 15 :
688 2052 50 25 ai'o,
747 2057 15 16 o
769 2050 127 30 fitelli!...

652 2087 22 20 A
689 2087 77 26 pesca
778 2090 47 16 era
836 2083 95 23 bona...
953 2082 66 26 Unu,
1039 2081 54 26 dui,

625 2119 46 26 trè,
694 2119 85 20 dece...
804 2117 17 21 I
834 2115 113 30 purtelli
965 2114 130 30 sfiurianu

622 2155 69 25 pocu
704 2158 15 15 a
723 2154 100 25 pocu....

652 2197 27 5 —
689 2185 128 22 Tamantu
826 2184 9 21 !

652 2231 29 4 —
687 2219 94 25 Pianu,
793 2217 56 28 fate
864 2217 87 27 pianu
971 2222 16 15 a
1004 2216 11 20 i
1030 2214 66 28 fris-

621 2252 101 30 giulati
730 2253 9 20 !

653 2286 21 22 E
685 2283 329 28 cusi,ciarlendu,fecenuu
1022 2282 73 27 giru,

625 2326 61 15 casa
696 2322 48 25 per
752 2324 77 21 casa;
834 2317 84 28 fubbe
936 2316 113 28 divifia!
1060 2314 37 23 Ne

625 2352 131 23 ricolsenu
779 2352 98 27 quantu
897 2350 55 21 mai
959 2349 138 28 piscadore

623 2385 84 29 pigliò
725 2386 70 21 trute
816 2390 13 15 0
845 2383 150 22 cacciadore
1013 2382 85 21 levre!

625 2420 54 25 Poi,
693 2420 12 20 i
711 2420 122 27 purtonu
855 2418 28 20 in
901 2422 55 16 una
972 2416 92 28 piaffa
1082 2421 17 14 a

625 2458 85 23 meffu
718 2454 78 25 paese
815 2457 12 15 e
844 2451 11 20 i
865 2455 116 16 messenu
992 2449 30 21 in
1041 2450 57 20 ton-

626 2487 43 25 du,
683 2484 202 26 dilicatamente,
899 2489 18 16 u
928 2482 48 28 più
986 2481 71 28 majò
1069 2482 29 21 in

626 2519 29 21 lu
667 2519 119 20 centru...

654 2552 22 20 A
688 2557 73 15 mane
771 2557 9 14 :
800 2547 152 29 cumbugliu
964 2554 12 14 e
986 2547 113 22 subissi!

625 2584 69 21 Eccu
706 2584 76 20 centu
791 2583 84 21 donne
886 2581 129 25 rabbiose,
1031 2581 68 26 spet-

626 2617 90 25 iinate,
731 2616 136 25 scatinate,
887 2615 28 21 in
927 2620 73 15 cerca
1012 2613 42 21 d'a
1069 2618 29 16 so

626 2650 73 22 roba.
711 2649 22 22 E
745 2649 122 21 Ziricone
880 2647 68 22 c'era
963 2646 60 22 dinb
1036 2646 61 26 ellu,

626 2682 135 29 epurghïa
773 2687 50 17 cun
835 2682 60 21 aria
903 2681 137 21 innocente
1047 2686 10 15 :

1132 435 28 4 —
1175 422 59 25 Alb,
1255 428 110 23 ugnuna
1382 426 17 16 u
1410 420 60 21 soiu
1480 419 9 21 !
1509 417 40 26 Tè,
1564 423 13 15 0

1110 455 92 25 Catali;
1211 454 48 25 tè,o
1268 449 308 28 Maria-Dumè...Imbeh,

1110 488 40 21 zhi
1158 488 81 27 affare
1247 487 9 21 !

1134 521 22 21 E
1173 520 86 21 donne
1269 521 26 21 si
1309 526 32 16 ne
1353 518 146 25 andavanu,
1510 516 69 21 mute

1110 555 74 24 mute,
1196 559 43 15 ma
1250 559 50 16 cun
1309 553 68 21 certi
1384 551 70 28 colpi
1463 549 117 23 d'occhiu

1110 591 73 17 versa
1194 585 124 22 Ziricone
1326 585 44 21 chi
1377 583 115 29 parianu
1497 583 84 27 pistu-

1110 619 93 21 littate.

1136 651 162 22 Finalmente
1309 656 19 16 u
1336 650 134 21 chierchiu
1478 650 102 26 spart...

1111 684 77 22 Unne
1198 684 119 26 fermava
1327 683 48 28 più
1384 683 116 24 cheunu,
1511 680 71 29 quel-

1110 717 28 21 lu
1146 717 29 21 di
1183 723 112 22 meffu...
1305 716 118 22 Un'urna
1432 715 150 28 inponente,

1110 756 81 19 rossa,
1199 749 89 29 gialla
1299 755 14 14 e
1324 748 155 29 scoppulata
1489 759 30 5 —
1529 753 55 16 vec-

1111 783 44 27 chj
1166 784 81 26 tempi
1253 783 10 20 !
1274 794 29 4 —
1312 782 92 28 frusta
1420 782 34 21 da
1466 782 11 21 i
1490 781 71 22 servi
1561 781 24 28 fi

1110 816 54 22 resi
1176 822 15 14 a
1203 815 147 22 Vantichi...

1139 861 30 4 —
1175 848 22 22 E
1217 855 48 21 que
1281 848 28 22 di
1328 848 83 28 qual'e
1418 848 12 22 Ì
1454 847 129 22 dumand'o

1112 888 36 16 un
1161 881 157 29 fitellacciu.
1340 882 67 22 Sarà
1424 887 17 16 u
1454 882 100 25 vostru,
1571 887 13 15 0

1111 917 41 27 fia
1160 915 76 22 Filicì
1243 915 12 22 Ì
1266 915 67 21 disse
1340 922 17 14 a
1365 921 51 16 una
1425 915 161 21 vecchiuccia

1113 954 92 23 magra
1215 954 73 16 cume
1300 954 55 16 una
1366 948 149 22 stacchetta.

1140 982 104 26 Allora,
1252 981 131 27 Ziricone,
1391 981 197 22 avvicinendusi

1115 1015 67 22 lestu
1189 1022 8 15 :

1142 1060 30 5 —
1180 1049 42 21 Ah
1241 1048 52 22 no!
1320 1048 117 22 Lasciaie
1458 1054 14 15 0
1499 1047 90 28 jente!

1119 1082 101 28 Quessu
1231 1081 14 22 è
1257 1088 18 16 u
1284 1088 56 15 meo
1347 1082 10 20 !

1143 1115 23 22 E
1172 1116 142 28 pigliatusi
1323 1115 116 28 l'orfanu
1445 1116 50 26 per
1500 1113 89 29 quellu

1116 1150 142 26 manicone,
1273 1148 98 22 s’avvib
1385 1154 76 16 versu
1477 1154 16 15 a
1506 1153 29 16 so
1549 1153 42 15 ca-

1116 1190 69 16 sa....

1349 1215 30 22 G.
1392 1215 28 22 di
1427 1215 26 21 la
1462 1215 100 21 Grotta.

1185 1323 95 47 Fiîm
1298 1322 53 47 du
1371 1321 152 57 Maquis

1146 1413 85 25 Paris,
1246 1418 27 15 ce
1283 1411 88 29 grand
1377 1411 78 21 Paris
1463 1408 60 23 d'où
1531 1410 62 26 par-

1119 1448 55 21 tent
1193 1447 59 20 tant
1270 1444 172 22 d’initiatives
1456 1443 138 21 douteuses

1118 1481 70 21 vient
1199 1479 30 22 de
1244 1478 125 29 gratifier
1380 1477 23 21 le
1421 1476 94 22 monde
1533 1475 61 22 d’un

1118 1518 119 17 nouveau
1247 1516 128 17 concours
1386 1510 29 21 de
1425 1509 99 22 beauté.

1149 1547 39 22 Un
1195 1548 66 26 jury
1276 1545 130 22 d'artistes
1415 1550 16 15 a
1443 1543 86 22 choisi
1533 1545 62 25 par-

1118 1582 39 20 mi
1166 1586 28 21 17
1205 1580 87 21 reines
1301 1579 32 21 de
1348 1577 89 23 beauté
1454 1576 142 28 européen-

1119 1620 53 20 nes,
1191 1614 46 27 qui
1248 1612 90 28 logent
1347 1609 199 30 probablement
1564 1615 31 15 en

1117 1654 19 22 g
1136 1646 85 27 ami,à
1228 1643 215 26 Montmartre,la
1450 1643 62 28 plus
1520 1642 74 22 belle.

1146 1681 43 21 Au
1190 1679 90 29 grand
1287 1678 132 28 désespoir
1424 1677 43 21 des
1471 1676 125 22 chauvins

1119 1713 129 28 français,
1260 1712 29 21 la
1299 1711 194 28 représentante
1509 1709 88 21 natio-

1118 1747 61 22 nale
1189 1746 44 22 n'a
1244 1744 252 22 malheureusement
1500 1744 52 26 pas
1559 1741 38 23 été

1119 1780 65 26 élue,
1196 1785 54 16 non
1264 1778 65 29 plus
1347 1777 136 22 d'ailleurs
1495 1782 48 22 que
1561 1775 36 21 les

1118 1813 208 28 représentantes
1339 1811 140 29 polonaise
1496 1811 26 20 et
1530 1814 68 22 you-

1118 1846 127 29 goslave.

1150 1880 41 22 On
1210 1880 56 21 sait
1277 1885 49 21 que
1339 1878 24 22 le
1380 1877 91 22 mérite
1484 1877 29 21 de
1535 1876 64 21 Vor-

1116 1913 152 28 ganisation
1282 1912 31 21 de
1325 1913 64 20 cette
1399 1910 199 28 manifestation

1115 1947 74 21 .d'art
1200 1945 133 29 plastique
1341 1945 100 21 revient
1449 1945 59 20 tout
1517 1943 83 21 entier

1121 1980 16 21 à
1145 1980 139 22 Monsieur
1297 1978 120 21 Maurice
1431 1977 31 21 de
1483 1975 106 28 Waleffe
1591 1996 6 10 t

1121 2014 35 21 du
1162 2012 203 28 Journal,expert
1369 2016 31 16 en
1406 2010 194 22 mensurations

1121 2047 30 21 de
1157 2047 97 21 cuisses
1263 2045 31 21 de
1301 2045 125 25 reines,et
1434 2043 99 22 célèbre
1540 2048 61 16 sur-

1121 2081 59 21 tout
1196 2082 54 25 par
1268 2085 32 15 sa
1316 2078 118 27 fameuse
1459 2078 141 26 campagne

1118 2116 72 26 pour
1202 2113 27 21 la
1238 2111 96 22 culotte
1349 2110 156 22 masculine.

1149 2146 86 28 Après
1256 2146 77 21 avoir
1354 2145 65 21 donc
1438 2143 103 22 montré
1565 2148 35 16 au

1124 2180 65 23 Tout
1203 2180 81 22 Paris
1302 2179 131 22 Mondain
1450 2177 151 22 l’anatomie

1122 2213 128 29 complète
1262 2213 31 21 de
1310 2218 41 16 ces
1362 2217 28 22 27
1398 2217 114 20 recrues,
1525 2210 76 22 Mon-

1122 2249 74 20 sieur
1203 2247 30 21 de
1248 2245 107 28 Waleffe
1361 2246 69 21 vient
1439 2245 30 21 de
1484 2244 37 21 les
1530 2243 71 22 exhi-

1124 2281 46 22 ber
1182 2280 16 21 à
1210 2279 64 23 Nice
1287 2278 16 22 à
1315 2279 27 21 la
1351 2277 119 23 clientèle
1483 2278 29 21 de
1524 2278 78 21 vieux

1122 2314 155 22 marcheurs
1296 2312 125 22 endurcis
1442 2311 30 22 de
1491 2311 110 21 l'ancien

1123 2349 25 20 et
1161 2348 34 21 du
1210 2351 124 17 nouveau
1346 2346 141 21 continent.

1151 2380 74 22 Selon
1247 2379 71 22 leurs
1330 2378 131 28 aptitudes
1478 2378 120 28 particu-

1124 2413 84 26 lières,
1211 2413 37 21 les
1253 2415 18 25 p
1274 2412 43 22 lus
1324 2412 13 26 j
1338 2418 14 15 o
1356 2411 46 22 lies
1407 2413 111 26 femmes
1527 2409 75 22 d’Eu-

1123 2448 64 26 rope
1207 2446 126 22 11'auront
1349 2444 64 28 plus
1423 2444 102 21 ensuite
1542 2442 59 29 qu'à

1123 2481 102 21 monter
1236 2485 50 16 sur
1297 2478 37 22 les
1353 2477 124 29 planches
1494 2482 34 16 ou
1547 2477 55 21 des-

1125 2513 92 22 cendre
1225 2513 68 21 dans
1304 2511 28 22 la
1339 2517 58 16 rue.

1151 2547 89 27 Ayant
1252 2546 72 21 ainsi
1338 2543 90 23 assuré
1441 2543 22 22 le
1483 2543 118 22 bonheur

1126 2581 29 20 de
1171 2586 29 15 sa
1209 2580 82 27 petite
1302 2580 103 26 troupe,
1424 2576 138 23 Monsieur
1572 2576 31 21 de

1128 2612 105 28 Waleffe
1248 2614 106 26 pourra
1373 2611 107 21 rentrer
1490 2609 15 22 à
1524 2609 78 22 Paris

1125 2652 60 16 avec
1205 2645 26 22 la
1244 2646 135 21 consience
1397 2644 35 22 du
1451 2644 91 21 devoir
1561 2649 42 15 ac-

1128 2679 104 28 compli.

1606 187 37 21 La
1658 185 124 24 Question
1797 184 76 22 Corse

1763 251 99 67 Un
1901 265 125 67 peu
2071 239 351 73 d’Histoire

1627 417 114 18 Certainsde
1747 421 35 13 nos
1789 417 82 17 lecteurs
1879 420 47 13 nous
1934 416 35 17 ont
1985 414 34 18 fait
2035 414 42 22 part

1604 442 24 18 de
1636 442 43 17 leur
1686 441 52 18 désir
1745 442 24 16 de
1778 445 48 13 nous
1834 440 42 18 voir
1883 441 88 21 apporter
1987 440 90 22 quelques

1605 466 106 22 précisions
1716 471 35 12 sur
1759 465 96 18 l’hisloire
1863 465 22 18 de
1893 465 42 18 leur
1939 470 47 17 pays
1994 465 19 17 et
2021 464 57 22 parti-

1605 490 125 18 culièrement
1738 495 34 13 sur
1780 490 86 22 l’époque
1873 490 31 22 qui
1914 490 78 22 précéda
2007 489 72 18 l’anne-

1605 515 45 18 xion
1659 516 24 17 de
1690 516 50 17 cette
1748 515 26 18 île
1782 520 34 17 par
1823 515 19 17 la
1850 515 76 17 France.
1937 515 51 17 Nous
1996 519 83 17 compre-

1605 545 49 13 nons
1662 545 36 17 que
1711 541 97 21 beaucoup
1819 540 24 18 de
1852 540 66 18 Corses
1937 539 87 22 puissent
2042 539 38 17 11’a-

1606 565 43 17 voir
1654 569 35 14 sur
1694 570 22 13 ce
1720 565 55 22 point
1791 569 37 18 que
1844 566 24 17 de
1883 569 73 18 vagues
1970 564 74 18 notions
2061 564 20 17 et

1606 589 62 19 même
1676 590 39 18 très
1731 591 82 17 souvent
1829 590 101 18 erronnées
1936 594 5 17 ;
1951 594 25 13 on
1989 594 24 13 ne
2029 589 52 22 parle

1606 615 143 22 généralement
1756 620 40 17 pas,
1806 619 25 14 en
1839 615 53 21 effet,
1905 615 23 17 de
1939 615 19 17 la
1967 614 57 18 Corse
2034 615 47 17 dans

1607 640 29 17 les
1643 639 61 18 écoles
1713 639 110 21 françaises,
1841 639 139 18 continentales
1994 644 24 12 ou
2026 639 57 17 insu-

1607 664 67 21 laires,
1677 665 19 17 et
1704 664 18 17 si
1730 664 71 22 parfois
1809 664 39 18 l’on
1856 669 24 13 en
1888 664 28 18 dit
1924 664 93 22 quelques
2025 664 56 21 mots,

1608 688 19 18 la
1634 688 68 22 vérité,
1712 693 55 17 parce
1775 693 37 18 que
1819 693 36 18 peu
1864 689 89 17 flatteuse
1958 693 47 17 pour
2012 689 19 17 le
2039 693 45 18 gou-

1609 714 112 17 vernement
1729 714 25 17 de
1762 713 57 19 Louis
1830 714 40 20 XV,
1876 718 12 18 y
1896 714 31 17 est
1940 714 19 17 la
1966 714 74 21 plupart
2057 713 25 17 du

1609 739 62 22 temps
1687 738 197 19 intentionnellement
1895 739 109 17 dénaturée.
2019 738 65 20 Aussi,

1609 768 49 14 nous
1666 764 135 18 faisons-nous
1809 769 28 12 un
1848 764 67 22 plaisir
1923 765 24 16 de
1954 764 44 17 leur
2010 763 75 18 fournir

1609 788 121 22 aujourd’hui
1735 789 83 18 certains
1827 789 169 22 renseignements.

1633 816 49 19 Sous
1690 817 44 22 quel
1743 817 72 22 régime
1828 817 87 18 vivaient
1927 817 29 17 les
1971 816 74 21 Corses,
2062 820 23 14 en

1610 841 54 23 1709,
1673 843 44 17 date
1733 842 25 18 de
1771 842 108 18 l’annexion
1887 841 10 18 ?
1906 842 99 18 Comment
2018 841 70 18 devin-

1611 867 77 18 rent-ils
1702 866 97 22 français?
1814 867 53 17 Voilà
1875 867 49 17 deux
1941 866 97 23 questions
2054 865 32 23 qui

1611 897 26 12 ne
1644 893 44 17 sont
1696 896 33 18 pas
1738 896 46 14 sans
1792 891 77 22 intérêt,
1887 896 24 13 au
1920 892 84 17 moment
2020 891 23 18 où
2062 895 26 13 un

1612 918 124 17 mouvement
1750 917 128 17 autonomiste
1895 917 20 17 et
1930 916 123 18 nationaliste
2068 920 21 13 se

1612 942 77 18 dessine
1697 942 104 18 fortement
1809 946 24 13 en
1842 941 64 22 Corse,
1915 946 39 17 car,
1962 941 17 18 si
1989 941 18 18 la
2015 941 76 17 situati-

1612 971 26 13 on
1646 967 123 22 économique
1778 967 23 17 de
1810 971 22 13 ce
1839 971 47 18 pays
1894 967 89 21 explique
1997 970 33 14 son
2038 965 52 18 désir

1613 992 166 22 d’émancipation,
1788 991 94 18 l’histoire
1892 991 19 18 le
1918 991 76 22 justifie
2002 992 20 16 et
2031 991 19 17 le
2061 995 30 13 ca-

1614 1016 99 19 ractérise.

1636 1042 29 17 En
1676 1041 50 22 1768,
1736 1042 20 17 la
1767 1041 57 19 Corse
1832 1041 113 18 constituait
1954 1046 27 12 un
1989 1037 42 21 État
2038 1040 50 18 libre

1614 1068 22 17 et
1645 1066 126 23 indépendant
1779 1066 33 23 qui
1820 1066 53 18 avait
1883 1070 34 14 son
1925 1066 105 20 Président,
2039 1065 52 22 (Pas-

1614 1092 30 17 cal
1652 1092 67 22 Paoli,)
1727 1096 33 13 son
1770 1091 107 18 Parlement
1884 1091 112 22 (Consulta),
2011 1095 34 13 son
2062 1095 29 13 ar_

1614 1117 50 21 mée,
1676 1121 31 13 ses
1715 1116 105 18 tribunaux
1828 1116 34 22 qui
1869 1116 101 18 rendaient
1984 1116 19 17 la
2013 1115 77 22 justice.

1615 1142 51 18 Dans
1679 1146 81 18 presque
1772 1142 44 17 tous
1829 1141 30 18 les
1874 1141 89 22 villages,
1983 1141 34 17 des
2030 1140 61 18 écoles

1615 1166 78 19 avaient
1699 1166 31 18 été
1737 1167 97 19 ouvertes,
1845 1166 20 18 et
1872 1166 157 22 l’enseignement
2036 1165 56 22 supé-

1616 1192 54 18 rieur
1680 1191 46 19 était
1740 1191 62 18 donné
1810 1192 47 17 dans
1869 1196 38 13 une
1920 1191 114 22 Université,
2051 1190 41 18 fon-

1616 1217 35 18 dée
1659 1221 12 13 a
1680 1216 55 18 Corté
1742 1221 35 17 par
1784 1216 60 18 Paoli.
1856 1215 34 19 Cet
1898 1211 44 23 État
1955 1216 69 18 battait
2040 1220 53 13 mon-

1616 1242 51 21 naie,
1682 1241 51 18 avait
1744 1246 27 13 un
1788 1241 84 22 pavillon
1884 1241 77 22 spécial,
1975 1241 20 18 le
2010 1242 81 21 drapeau

1616 1267 57 17 blanc
1683 1267 11 16 à
1701 1267 19 17 la
1728 1266 39 18 tête
1775 1266 24 18 de
1806 1266 52 18 More
1864 1270 5 17 ;
1878 1266 16 18 il
1908 1266 46 18 était
1962 1270 83 14 reconnu
2058 1270 35 17 par

1617 1293 20 17 le
1650 1291 87 23 St-Siège
1744 1292 20 17 et
1771 1293 24 16 de
1803 1291 105 18 nombreux
1921 1291 50 18 états
1981 1290 111 23 européens.

1641 1317 26 18 La
1674 1316 118 22 République
1799 1316 24 18 de
1831 1315 61 19 Gênes
1900 1317 95 21 pourtant,
2004 1316 43 18 bien
2056 1320 38 17 que

1618 1343 78 21 n’ayant
1703 1342 44 22 plus
1755 1346 61 13 aucun
1825 1341 63 22 espoir
1896 1342 24 17 de
1935 1341 122 22 reconquérir
2074 1341 20 17 la

1619 1367 64 20 Corse,
1691 1366 100 23 persistait
1798 1366 11 17 à
1816 1366 76 18 vouloir
1897 1366 110 18 considérer
2013 1366 29 18 les
2049 1366 45 18 Cor-

1619 1397 32 13 ses
1662 1396 73 14 comme
1753 1391 60 22 sujets
1825 1391 86 18 rebelles.
1930 1391 48 18 Mais
1995 1391 65 18 c’était
2075 1391 19 18 là

1619 1418 59 17 chose
1682 1417 24 17 de
1713 1421 38 18 peu
1759 1416 142 22 d’importance,
1910 1421 32 13 car
1949 1417 29 17 les
1995 1416 66 18 Corses
2073 1420 22 13 se

1619 1442 96 19 sentaient
1724 1442 55 20 forts,
1794 1442 85 17 d’autant
1886 1442 43 21 plus
1940 1446 37 18 que
1993 1441 19 18 la
2025 1441 70 18 France

1619 1468 34 22 qui
1659 1467 52 18 avait
1719 1467 18 18 si
1744 1467 82 17 souvent
1833 1466 44 18 aidé
1884 1467 20 17 la
1911 1466 119 22 République
2047 1467 48 17 dans

1620 1497 32 14 ses
1657 1492 104 18 tentatives
1769 1491 24 18 de
1801 1491 114 18 soumission
1923 1491 24 18 de
1952 1491 46 21 File,
2007 1491 89 18 semblait

1620 1518 71 22 prende
1699 1518 106 17 nettement
1813 1516 50 23 parti
1868 1521 48 17 pour
1923 1517 30 18 les
1964 1516 67 19 Corses
2040 1517 20 17 et
2067 1521 30 13 as-

1620 1543 63 18 surait
1689 1547 32 13 ces
1729 1542 86 18 derniers
1823 1542 24 17 de
1856 1543 52 17 toute
1916 1546 21 14 sa
1945 1542 115 18 sollicitude.
2066 1541 31 18 El-

1620 1569 20 17 le
1647 1568 48 18 était
1701 1567 67 21 même,
1777 1572 34 17 par
1819 1571 35 13 son
1862 1567 88 18 ministre
1956 1567 95 21 Choiseul,
2061 1571 36 13 en-

1621 1593 41 18 trée
1668 1597 23 14 en
1699 1592 81 19 relation
1788 1592 71 18 directe
1869 1596 47 14 avec
1928 1592 53 17 Paoli
1992 1593 19 17 et
2024 1591 71 22 offrait,

1620 1623 47 13 vers
1673 1619 29 17 fin
1709 1617 53 22 1767,
1770 1618 24 17 de
1800 1617 117 18 reconnaître
1925 1617 146 18 officiellement
2077 1617 20 17 le

1621 1643 154 19 Gouvernement
1782 1642 93 18 insulaire
1882 1643 20 17 et
1911 1643 24 17 de
1943 1643 97 22 s’engager
2045 1642 12 17 à
2065 1646 31 18 ga-

1621 1668 63 19 rantir
1695 1668 154 22 l’indépendance
1857 1668 24 17 de
1893 1668 19 17 la
1920 1667 65 18 Corse.
1998 1667 47 18 Mais
2060 1667 37 18 elle

1620 1694 131 21 voulait,pour
1758 1693 43 22 prix
1809 1693 24 17 de
1841 1693 18 17 la
1861 1693 87 22 garantie
1953 1692 68 23 qu’elle
2024 1692 71 22 offrait,

1622 1720 58 21 qu’on
1692 1718 29 18 lui
1733 1718 56 18 cédât
1803 1718 29 18 le-
1838 1717 38 23 Cap
1896 1717 57 19 Corse
1969 1718 20 17 et
2005 1718 92 21 quelques

1621 1744 65 23 points
1693 1743 135 22 stratégiques,
1837 1743 106 18 conditions
1958 1747 37 18 que
2002 1743 53 17 Paoli
2068 1747 29 13 re-

1622 1773 70 19 poussa
1696 1768 188 23 dédaigneusement.

1645 1794 26 18 Le
1678 1794 151 23 gouvernement
1836 1797 53 14 corse
1900 1793 67 18 n’était
1974 1797 34 18 pas
2016 1798 27 13 un
2051 1797 46 18 gou-

1622 1820 113 17 vernement
1742 1818 136 22 monarchique
1885 1818 48 18 mais
1939 1818 46 18 bien
1992 1823 38 13 une
2042 1818 55 22 répu-

1651 1901 38 22 Ils
1699 1902 61 21 sont
1767 1906 38 16 un
1810 1901 101 21 certain
1916 1906 17 16 11
1936 1900 88 22 ombre
2031 1906 66 16 com-

1624 1942 40 15 me
1684 1935 54 21 cela
1752 1934 15 22 à
1783 1935 80 21 Paris
1883 1935 46 26 qui
1944 1940 27 16 se
1994 1933 104 22 taillent

1625 1975 51 15 une
1683 1968 145 22 renommée
1842 1967 81 26 facile
1940 1973 32 16 en
1987 1968 110 21 mettant

1624 2008 50 16 sur
1679 2002 61 28 pied
1749 2001 43 22 des
1801 2001 181 28 compétitions
1995 2000 103 22 fémini-

1625 2042 54 15 nes.
1689 2035 74 22 Dans
1774 2036 39 20 cet
1824 2035 78 21 ordre
1914 2034 100 26 d'idées,
2022 2033 37 22 M.
2068 2034 30 23 de,

1629 2068 105 28 Waleffe
1743 2070 63 25 peut
1817 2068 100 21 donner
1927 2067 28 22 la
1966 2068 133 27 main,par

1627 2102 123 28 exemplet
1767 2108 54 15 aux
1840 2102 199 27 organisateurs
2062 2101 35 21 d-u.

1625 2135 308 28 raidhippiqueféminin
1941 2134 158 22 Paris-Can-

1626 2176 54 15 nes.

1658 2203 34 22 Ce
1703 2204 58 20 sont
1776 2203 129 21 vraiment
1913 2208 41 16 ces
1961 2202 138 21 messieurs

1627 2236 77 28 qu'on
1719 2236 126 27 pourrait
1857 2235 106 28 appeler
1974 2235 43 21 des
2028 2234 71 22 hom-

1627 2276 53 15 mes
1689 2270 29 21 de
1729 2269 64 26 rope
1798 2269 10 21 !

1655 2304 38 21 De
1707 2302 50 23 tels
1768 2303 113 21 hommes
1891 2303 61 21 sont
1963 2301 136 22 d’ailleurs

1625 2336 128 29 précieux
1768 2338 71 26 pour
1857 2335 23 22 le
1887 2337 210 27 gouvernement,

1628 2377 54 19 car,
1689 2376 32 15 en
1729 2371 125 20 amusant
1860 2369 22 21 le
1888 2369 90 28 public
1988 2375 59 15 avec
2056 2369 44 21 des

1628 2409 128 17 concours
1765 2403 31 21 de
1807 2403 143 25 beauté,des
1961 2403 73 21 raids
2042 2402 59 28 hip-

1626 2438 93 27 piques
1723 2436 127 27 féminins
1861 2437 24 21 et
1897 2436 43 21 des
1948 2438 152 26 campagnes

1626 2473 71 25 pour
1715 2470 27 21 la
1764 2469 104 26 culotte,
1889 2469 34 22 ils
1944 2470 156 21 détournent

1628 2510 49 16 son
1698 2504 126 21 attention
1840 2502 182 22 d'évènements
2038 2502 62 28 plus

1629 2538 160 27 importants
1803 2542 95 16 comme
1918 2536 36 22 les
1965 2536 136 22 scandales

1629 2577 30 15 en
1668 2576 62 16 cour
1729 2570 53 26 s,la
1790 2570 112 22 réunion
1912 2570 43 21 des
1964 2572 103 26 experts
2076 2571 26 21 et

1630 2603 26 22 la
1665 2604 146 21 discussion
1815 2603 168 28 prochaine,à
1993 2603 107 27 Genève,

1630 2638 30 21 de
1669 2637 26 22 la
1708 2638 118 27 question
1839 2637 42 21 des
1895 2637 148 22 minorités.

1916 2673 156 21 Romanetti.

2104 410 64 23 blique
2176 409 56 18 basée
2237 412 34 14 sur
2277 407 18 18 la
2300 405 77 19 volonté
2385 406 24 17 du
2422 407 75 21 peuple.
2504 406 26 20 Ce
2535 409 33 18 der

2104 436 41 18 nier
2156 434 47 18 était
2210 432 99 20 souverain
2318 432 20 17 et
2345 431 96 22 déléguait
2449 437 20 12 sa
2477 435 101 18 souverai.

2104 460 43 19 neté
2155 460 11 17 à
2174 461 33 16 des
2216 457 139 25 représentants
2372 456 49 18 élus.
2430 457 25 17 La
2468 458 111 20 constituti-

2104 492 24 12 on
2137 485 47 18 était
2192 483 134 19 extrêmement
2334 482 86 18 libérale.
2429 482 36 18 Les
2473 483 49 19 trois
2531 489 48 17 pou-

2105 511 60 20 voirs,
2174 508 95 24 législatif,
2279 507 84 19 exécutif
2372 508 20 16 et
2397 506 107 23 judiciaire,
2509 509 70 19 étaient

2106 535 81 23 séparés.
2201 535 35 17 Pas
2253 532 135 19 d’aristocratie
2405 532 111 23 privilégiée
2522 539 5 16 ;
2538 535 41 19 tous

2106 562 28 17 les
2143 561 67 17 Corses
2218 558 69 19 étaient
2295 557 55 19 libres
2359 558 18 17 cl
2392 557 59 23 égaux
2458 563 23 12 en
2489 558 55 19 droit.
2554 560 25 19 De

2107 587 56 17 telles
2172 584 117 19 institutions
2298 582 91 19 faisaient
2405 583 127 18 l'admiration
2547 585 33 19 des

2107 610 121 24 philosophes
2233 609 84 18 libéraux
2329 608 23 17 de
2360 607 86 23 l’époque
2455 608 19 17 et
2482 608 39 18 l’on
2529 614 52 14 com-

2108 636 58 22 prend
2175 635 19 17 le
2201 635 39 17 mot
2247 634 24 17 de
2278 633 17 18 J.
2304 633 17 17 J.
2330 633 98 17 Rousseau
2436 637 5 12 :

2132 667 8 10 «
2150 660 26 18 Ce
2184 659 48 23 petit
2239 658 67 22 peuple
2314 658 91 17 étonnera
2416 657 18 18 le
2440 658 68 18 monde
2518 664 18 12 ».

2131 688 53 18 Fiers
2189 687 24 17 de
2220 687 42 17 leur
2269 685 68 18 liberté
2345 686 20 17 et
2373 688 24 14 de
2405 685 43 17 leur
2455 685 127 23 indépendan-

2110 718 28 16 ce,
2147 713 28 17 les
2184 711 65 18 Corses
2257 710 89 23 voyaient
2357 710 80 17 l’avenir
2445 715 46 13 avec
2499 712 84 19 confian-

2110 743 28 14 ce.
2147 738 26 17 Ils
2182 741 23 14 en
2214 736 74 18 avaient
2299 735 44 18 bien
2352 735 19 17 le
2381 735 57 21 droit,
2448 736 19 18 et
2475 738 63 20 quand
2554 738 28 19 les

2112 763 69 23 grands
2194 765 89 19 penseurs
2299 759 153 23 contemporains
2464 761 43 18 leur
2524 763 60 21 prédi-

2111 788 62 18 saient
2186 791 37 13 une
2235 786 84 18 destinée
2336 784 137 22 merveilleuse,
2484 791 22 13 ce
2519 787 65 20 n'était

2112 818 34 18 pas
2153 813 18 17 là
2180 812 55 17 vaine
2243 810 90 22 flatterie,
2343 810 48 17 mais
2399 810 45 18 bien
2458 815 27 13 un
2501 811 84 20 homma-

2113 843 23 18 ge
2145 838 58 17 rendu
2215 841 22 13 au
2246 840 80 18 courage
2334 836 19 17 et
2361 840 12 13 a
2386 836 19 17 la
2413 835 106 22 générosité
2533 838 23 18 de
2563 843 21 14 ce

2112 863 48 23 petit
2167 862 73 22 peuple.

2137 888 15 17 Il
2160 887 46 18 était
2214 886 52 21 écrit,
2276 886 60 21 hélas,
2342 890 37 18 que
2384 885 29 18 les
2422 885 67 19 Corses
2497 891 26 14 ne
2531 892 54 18 pour-

2115 913 63 18 raient
2185 916 33 18 pas
2226 911 54 18 vivre
2288 911 59 18 libres
2352 915 26 13 au
2386 910 67 19 milieu
2461 912 58 18 d’une
2526 912 60 20 Euro-

2115 943 24 18 pe
2147 938 81 17 esclave.

2138 963 24 17 La
2171 962 69 18 France
2248 960 32 24 qui
2287 960 50 19 avait
2345 960 81 24 toujours
2431 962 80 22 protesté
2516 962 23 19 de
2554 968 31 14 son

2115 987 113 19 dévouement
2235 987 11 17 à
2261 986 18 18 la
2287 991 53 13 cause
2347 985 31 19 des
2386 985 102 23 insulaires,
2504 987 83 24 changea

2115 1013 43 18 tout
2165 1012 12 18 à
2185 1016 47 18 coup
2245 1012 23 17 de
2276 1011 91 18 conduite
2375 1011 54 22 après
2437 1016 36 18 que
2486 1012 53 18 Paoli
2556 1015 32 18 eut

2115 1037 65 19 refusé
2188 1038 24 17 do
2219 1036 54 18 céder
2282 1036 29 18 les
2320 1036 105 18 territoires
2441 1037 56 21 qu’on
2511 1038 30 18 lui
2556 1039 32 18 ré-

2116 1062 82 19 clamait.
2207 1061 39 18 Elle
2256 1061 69 22 feignit
2337 1061 51 18 alors
2401 1061 24 18 de
2441 1062 61 18 croire
2518 1068 37 17 que
2571 1064 18 19 le

2117 1087 149 19 Gouvernement
2278 1091 54 13 corse
2348 1086 99 18 n’existait
2462 1087 44 22 plus
2520 1089 20 17 et
2553 1094 36 17 que

2116 1113 54 18 seule
2179 1111 60 19 Gênes
2247 1111 96 22 comptait.
2352 1111 54 18 Celle
2414 1111 92 23 dernière,
2518 1118 35 18 par
2571 1115 18 18 le

2117 1137 56 19 traité
2181 1137 24 18 de
2213 1136 100 18 Versailles
2322 1137 26 17 du
2355 1136 24 18 lü
2393 1136 36 18 mai
2438 1136 53 23 1768,
2511 1139 46 18 céda
2571 1140 18 18 la

2118 1163 64 20 Corse,
2194 1167 34 13 sur
2237 1162 80 21 laquelle
2326 1161 37 18 elle
2379 1161 72 19 n’avait
2465 1163 44 21 plus
2529 1169 60 14 aucun

2118 1188 57 20 droit,
2184 1188 11 17 à
2203 1187 18 18 la
2229 1187 69 18 France
2305 1186 34 24 qui
2345 1191 24 13 ne
2383 1186 91 23 l’ignorait
2476 1193 43 18 pas.

2139 1214 25 17 La
2172 1212 89 18 nouvelle
2268 1212 25 17 du
2305 1212 64 21 traité,
2378 1212 93 19 véritable
2479 1214 77 19 marché
2566 1216 23 18 de

2117 1239 66 20 filous,
2192 1238 77 18 souleva
2276 1241 25 13 en
2309 1237 57 17 Corse
2375 1242 37 13 une
2425 1238 121 23 indignation
2561 1241 30 22 gé-

2117 1263 71 19 nérale.
2197 1262 28 18 On
2232 1262 70 18 n’avait
2310 1267 34 17 pas
2357 1267 33 13 cru
2399 1267 37 18 que
2453 1263 18 18 le
2488 1269 104 18 gouverne-

2118 1289 52 17 ment
2178 1287 81 21 français
2267 1287 30 17 fut
2303 1287 76 22 capable
2387 1288 56 18 d’une
2451 1289 46 18 telle
2504 1290 88 22 perfidie.

2118 1314 36 18 Les
2162 1313 67 18 Corses
2239 1312 109 18 décidèrent
2356 1313 25 17 de
2389 1317 100 18 repousser
2501 1319 36 17 par
2549 1316 42 18 tous

2118 1339 30 18 les
2155 1342 78 18 moyens
2240 1337 139 18 l’envahisseur
2386 1338 33 22 qui
2426 1338 30 18 les
2468 1339 54 18 avait
2535 1340 18 18 si
2564 1341 28 18 in-

2119 1363 111 23 dignement
2238 1362 89 22 trompés.
2341 1362 68 18 C’était
2424 1363 18 17 la
2459 1368 77 18 guerre.
2553 1365 39 20 Elle

2119 1389 32 17 fut
2157 1389 71 21 longue
2234 1388 20 17 et
2261 1387 106 22 sanglante.
2376 1387 26 18 La
2410 1388 80 18 victoire
2499 1389 35 18 des
2550 1390 43 19 Cor-

2120 1418 31 14 ses
2158 1414 11 17 à
2179 1413 58 22 Borgo
2246 1412 114 22 (septembre
2367 1412 162 24 1768)obligeales
2537 1415 56 19 Fran-

2120 1439 39 21 çais
2167 1439 12 17 à
2187 1443 21 13 se
2216 1437 83 23 réfugier
2306 1438 47 17 dans
2367 1438 29 17 les
2413 1439 52 21 ports
2478 1439 24 18 de
2518 1440 39 18 File
2574 1441 19 18 et

2121 1464 81 18 termina
2215 1464 18 17 la
2240 1462 91 23 première
2339 1467 108 18 campagne.
2458 1464 47 18 Mais
2521 1465 34 19 des
2565 1471 29 13 ar-

2122 1490 94 18 mements
2224 1488 119 18 formidables
2351 1492 22 14 se
2381 1488 120 22 préparaient
2508 1494 24 13 en
2538 1491 56 19 Fran-

2121 1519 29 14 ce.
2158 1514 36 18 Les
2202 1513 94 18 hostilités
2303 1513 95 22 reprirent
2406 1518 24 13 au
2435 1518 159 17 commencement

2121 1541 25 16 de
2150 1539 73 18 l’année
2231 1537 50 19 1769.
2287 1538 25 18 La
2317 1543 69 18 guerre
2395 1543 22 13 se
2424 1540 110 21 poursuivit
2542 1542 52 18 atro-

2121 1570 22 13 ce
2159 1565 21 17 et
2192 1564 77 18 cruelle.
2282 1564 92 22 Frappées
2390 1564 25 18 de
2430 1565 133 23 stupéfaction,
2572 1567 22 18 de

2121 1590 78 21 crainte,
2208 1589 28 18 les
2243 1589 75 18 nations
2330 1589 92 22 d’Europe
2429 1590 113 19 assistèrent
2555 1592 39 18 im-

2121 1616 109 22 puissantes
2236 1615 11 17 à
2255 1615 50 17 cette
2312 1615 48 17 lutte
2369 1614 73 23 inégale
2451 1616 53 18 entre
2517 1617 19 17 la
2551 1617 42 22 plus

2121 1640 69 24 grande
2194 1639 94 24 puissance
2295 1639 89 18 militaire
2400 1640 26 17 du
2434 1641 69 18 monde
2520 1643 21 17 et
2556 1647 37 14 une

2122 1665 79 23 poignée
2207 1666 24 17 de
2238 1665 141 22 montagnards.
2387 1665 60 22 Après
2456 1666 34 18 des
2506 1668 87 22 prodiges

2122 1692 25 17 de
2153 1691 68 18 valeur
2225 1691 19 17 et
2252 1695 37 13 une
2294 1690 104 18 résistance
2403 1691 100 22 acharnée,
2511 1693 29 18 les
2548 1693 46 18 Cor-

2122 1721 32 13 ses
2161 1716 66 18 furent
2233 1715 73 19 écrasés
2313 1716 12 17 à
2333 1716 18 17 la
2356 1716 77 18 bataille
2441 1717 23 18 de
2472 1717 121 20 Pontenuovo

2123 1741 19 23 (9
2149 1741 38 18 mai
2195 1740 59 23 1769).
2262 1741 26 17 La
2296 1740 118 23 République
2425 1746 54 14 corse
2487 1743 53 18 avait
2555 1748 39 14 ces-

2122 1767 22 18 sé
2151 1766 97 18 d’exister.
2256 1766 54 18 Voilà
2323 1767 96 17 comment
2431 1767 20 18 la
2464 1766 57 20 Corse
2530 1769 64 18 devint

2122 1791 100 22 française.
2230 1791 36 18 Par
2272 1791 19 18 la
2299 1791 57 22 suite,
2366 1792 37 17 elle
2416 1796 67 19 essaya
2499 1793 94 22 plusieurs

2122 1817 37 18 fois
2173 1817 24 18 de
2205 1816 118 23 reconquérir
2339 1821 21 13 sa
2369 1817 67 18 liberté
2452 1819 78 21 perdue,
2547 1820 46 18 mais

2123 1847 25 14 en
2155 1842 52 18 vain.

2145 1867 27 19 On
2180 1873 11 12 a
2199 1868 94 21 beaucoup
2302 1867 75 19 discuté
2387 1873 35 13 sur
2437 1869 29 18 les
2483 1869 110 19 sentiments

2122 1893 73 18 actuels
2203 1893 33 17 des
2252 1892 66 18 Corses
2326 1893 12 17 à
2353 1893 72 23 l’égard
2442 1894 23 18 de
2481 1894 20 19 la
2517 1895 76 19 France.

2122 1918 96 22 Quoiqu’il
2226 1922 23 14 en
2257 1918 43 21 soit,
2310 1918 15 17 il
2333 1923 24 13 ne
2371 1918 43 18 faut
2421 1924 33 17 pas
2467 1920 77 18 oublier
2559 1925 35 18 que

2122 1944 29 18 les
2159 1943 67 18 Corses
2233 1948 25 13 ne
2265 1948 21 13 se
2294 1944 44 17 sont
2346 1943 86 24 résignés
2440 1949 12 13 a
2460 1945 55 18 subir
2529 1945 18 18 la
2563 1946 31 18 do-

2122 1968 93 18 mination
2223 1968 90 21 française
2321 1973 36 18 que
2369 1974 56 17 parce
2438 1974 36 18 que
2490 1970 19 18 la
2525 1970 69 19 France

2122 1994 44 18 leur
2174 1993 51 18 avait
2232 1994 72 22 promis
2312 1993 142 20 formellement
2461 1996 71 21 qu’elle
2540 1996 55 18 serait

2123 2024 48 17 pour
2179 2023 38 14 eux
2225 2019 18 17 la
2250 2019 43 22 plus
2302 2019 66 18 tendre
2376 2020 34 18 des
2418 2020 61 18 mères
2489 2021 19 18 et
2525 2022 68 21 qu’elle

2122 2044 72 18 n’avait
2197 2045 58 21 qu’un
2262 2044 36 18 but
2306 2049 5 13 :
2320 2044 27 18 les
2354 2044 53 19 aider
2414 2050 24 13 au
2452 2045 106 20 relèvement
2573 2046 30 19 de-

2123 2069 40 19 leur
2168 2074 54 18 pags.

2145 2095 25 18 La
2178 2095 68 18 France
2255 2095 72 18 a-t-elle
2335 2096 46 18 tenu
2390 2100 22 14 sa
2420 2101 96 18 promesse
2525 2096 10 19 ?
2539 2097 41 19 Non
2586 2097 8 18 !

2123 2119 61 22 Qu’on
2191 2125 25 13 ne
2226 2120 83 18 s’étonne
2317 2121 49 17 donc
2375 2126 33 18 pas
2417 2122 23 17 de
2448 2122 44 18 voir
2499 2127 22 13 ce
2529 2123 64 22 peuple

2122 2146 65 21 parler
2196 2146 124 18 d’autonomie
2337 2147 19 17 et
2373 2145 22 19 dè
2412 2147 138 22 nationalisme,
2568 2153 27 13 re-

2123 2171 66 22 porter
2196 2175 21 13 sa
2225 2171 66 22 pensée
2295 2175 24 14 au
2327 2172 59 18 vieux
2392 2173 62 21 temps
2462 2174 24 17 de
2494 2173 101 23 l’indépen-

2123 2197 66 20 dance,
2195 2200 37 13 aux
2239 2196 68 18 années
2316 2197 24 17 de
2346 2196 39 23 joie
2392 2197 25 18 où
2425 2197 19 18 le
2452 2198 83 22 drapeau
2543 2199 51 18 blanc

2123 2222 12 17 à
2146 2222 18 17 la
2172 2221 39 18 tête
2219 2222 22 17 de
2248 2221 51 18 More
2309 2221 73 19 flottait
2396 2222 102 19 librement
2514 2224 27 17 du
2559 2224 35 23 Cap

2124 2251 54 13 corse
2185 2246 12 18 à
2204 2246 94 18 Bonifacïo
2307 2252 5 16 ;
2322 2247 58 22 qu'on
2387 2252 26 14 ne
2421 2248 83 19 s’étonne
2511 2254 35 17 pas
2557 2254 38 14 non

2124 2272 43 22 plus
2175 2272 24 18 de
2206 2272 19 17 le
2230 2272 41 18 voir
2285 2273 70 17 tresser
2368 2272 127 23 aujourd’hui,
2512 2275 83 18 honteux

2124 2297 24 18 de
2155 2297 19 18 le
2187 2297 46 18 faire
2240 2297 18 18 si
2274 2298 49 21 tard,
2341 2298 24 18 de
2381 2298 76 22 pieuses
2471 2304 106 14 couronnes
2584 2300 11 17 à

2124 2326 49 14 ceux
2181 2322 33 22 qui
2222 2323 110 18 moururent
2335 2323 15 17 ù
2357 2323 122 19 Pontenuovo
2488 2329 46 14 sons
2541 2325 19 18 le
2568 2325 27 18 fer

2124 2348 33 17 des
2165 2347 123 19 mercenaires
2297 2348 26 18 du
2332 2348 34 18 Roi
2374 2349 23 18 de
2406 2349 69 19 France
2485 2349 6 19 !

2146 2373 50 17 Tous
2203 2373 28 18 les
2239 2372 66 19 Corses
2313 2375 53 17 n'ont
2379 2379 34 17 pas
2421 2375 64 18 oublié
2501 2380 23 14 ce
2540 2375 55 23 qu’ils

2124 2398 72 20 furent,
2207 2399 20 17 et
2232 2398 96 23 beaucoup
2336 2399 23 18 de
2368 2404 49 14 ceux
2424 2400 34 22 qui
2465 2400 91 19 l’avaient
2564 2406 32 13 ou-

2125 2423 38 18 blié
2171 2424 41 17 s’en
2220 2424 104 22 rappellent
2332 2425 125 19 maintenant.
2464 2426 15 18 Il
2495 2427 44 17 leur
2555 2431 42 13 sou-

2124 2448 56 18 vient
2187 2453 37 18 que
2231 2449 16 18 si
2255 2449 19 18 la
2279 2449 58 19 Corse
2345 2451 31 17 est
2383 2451 77 22 appelée
2466 2451 41 19 File
2512 2452 25 17 de
2543 2450 53 20 Misè-

2124 2478 29 17 re,
2162 2473 16 18 il
2185 2474 41 18 n’en
2232 2475 31 23 fut
2267 2479 35 19 pas
2318 2475 82 23 toujours
2413 2476 53 18 ainsi.
2475 2476 30 18 Un
2522 2477 74 22 journal

2124 2499 94 18 insulaire
2225 2500 57 18 disait
2290 2500 140 20 dernièrement
2440 2506 37 18 que
2485 2502 19 18 si
2517 2504 40 16 tous
2573 2502 24 18 les

2126 2523 63 19 Corses
2195 2524 87 19 voulaient
2291 2525 41 18 bien
2344 2526 50 23 faire
2402 2531 21 14 ce
2436 2526 49 24 petit
2502 2527 59 23 effort
2575 2526 21 19 de

2124 2549 91 22 mémoire,
2230 2550 19 18 la
2258 2549 51 19 Corse
2325 2551 58 18 serait
2389 2552 71 18 sauvée.
2477 2552 41 22 Que
2534 2551 63 20 faut-il

2126 2579 25 14 en
2158 2575 62 18 croire
2227 2574 9 19 ?

2147 2600 84 22 J’avoue,
2239 2602 58 21 quant
2304 2601 11 18 à
2323 2602 45 22 moi,
2378 2607 37 18 que
2422 2603 47 18 c’est
2482 2603 55 18 anssi
2554 2607 43 14 mon

2126 2625 50 19 avis.

2380 2652 74 19 Paulu
2468 2653 108 20 Serranu.

2150 2678 87 23 (Corsica)

128 2802 108 23 Fuglittinu
238 2801 20 17 di
261 2801 23 17 A
285 2799 104 19 Muvra—
395 2796 79 19 n.llB—
481 2796 22 18 di
508 2801 11 12 u
523 2794 73 19 24-2-29

155 2857 245 53 mmm
429 2851 147 51 PAOLI

334 2923 65 19 OSSIA

173 2963 39 35 La
230 2961 80 36 Rofta
328 2960 30 35 di
371 2958 176 36 Pùntenuovo

130 3008 468 33 RACONTOCORSODELSECOLO

322 3046 83 23 XVIII

227 3128 41 24 F):
274 3128 38 24 EK
328 3126 174 25 Guerraaezi

306 3204 124 30 (Seguito)

161 3264 21 21 Il
193 3268 59 16 cane
263 3262 26 20 in
296 3266 80 17 mezzo
386 3257 218 29 aloro,aggomito-

141 3299 40 19 ato
195 3302 13 15 a
225 3295 72 21 modo
313 3295 24 21 di
357 3294 144 24 chiocciola,
515 3296 89 23 pareva

139 3329 38 21 ;he
189 3328 131 25 dormisse;
333 3326 58 28 però
401 3327 24 20 di
435 3328 69 19 tanto
516 3325 25 21 in
551 3326 54 19 tan-

139 3368 19 15 :o
171 3361 142 27 squittendo
326 3360 60 21 dava
398 3358 169 22 ad.intenderê
578 3356 26 21 sè

139 3400 76 15 ìssere
225 3395 90 25 pronto
322 3393 31 21 ad
361 3391 140 22 avventarsi
511 3391 63 20 dove
582 3390 23 21 la

139 3427 103 21 sadrona
253 3426 136 21 ordinasse.

163 3459 73 25 Lella,
248 3459 95 26 riposte
356 3459 23 20 le
390 3457 76 21 molle
475 3462 29 15 su
512 3455 35 28 gli
558 3455 49 21 ala-

139 3493 25 24 ri,
187 3492 21 21 si
228 3491 66 26 levò,
307 3491 4 3 ’
318 3497 13 15 e
352 3490 60 21 dalla
429 3491 99 19 cantera
544 3488 63 21 délia

139 3525 76 21 iavola
233 3524 23 21 in
270 3529 81 16 mezzo
371 3523 44 21 alla
434 3525 79 19 stanza
529 3523 78 19 trasse

139 3558 61 21 ;uori
209 3563 33 14 un
253 3556 153 21 trinciante:.
415 3555 131 21 avendone
555 3555 54 19 ten-

139 3591 46 20 :ato
201 3590 18 20 il
232 3589 77 27 taglio
319 3589 38 22 col
366 3588 49 21 dito
424 3588 24 20 le
460 3592 76 22 parve
548 3588 62 19 ottu-

139 3628 25 15 ÎO
171 3628 6 19 ;
186 3627 72 22 prese
264 3622 77 21 allora
347 3622 22 20 la
374 3622 63 23 cote,
444 3626 15 15 e
464 3618 146 29 premendo-

139 3655 24 21 vi
171 3654 101 27 soprala
280 3653 144 21 làmaconle
431 3652 51 21 dita
490 3650 119 22 incomin-

139 3687 36 22 ciò
189 3693 14 15 a
226 3686 164 22 strisciarvela
412 3685 200 27 obliquamenter

625 2796 42 27 poi
678 2796 26 21 lo
714 2794 71 22 tentò
803 2794 31 21 da
845 2794 72 27 dapo,
936 2799 13 14 e
972 2792 125 22 trovatolo

625 2828 89 22 affilato
728 2829 26 20 lo
769 2827 101 22 avvolse
888 2826 87 21 dentro
991 2831 47 15 una
1051 2825 48 21 sal-

625 2862 86 24 vietta,
720 2867 14 15 e
742 2862 25 21 lo
776 2861 83 27 ripose
871 2860 106 21 intasca.
986 2858 32 22 La
1027 2864 72 16 serva

625 2894 171 28 l’agguardava
828 2898 70 16 senza
926 2892 36 22 far
980 2893 87 24 motto,
1085 2896 14 16 e

626 2927 96 27 quando
736 2927 65 21 Lella
809 2927 23 20 le
845 2926 80 21 disse:
932 2936 28 5 —
968 2925 113 21 andiamo
1093 2923 5 21 !

616 2972 39 5 —
663 2960 20 21 si
693 2959 57 22 levô
762 2966 29 15 su
802 2960 62 20 tutta
874 2959 25 21 di
911 2964 33 15 un
956 2963 72 22 pezzo
1041 2958 61 21 met-

626 2993 127 22 tendosele
761 2992 90 26 dietro,
858 2997 50 16 non
926 2990 175 28 interrogando

627 3027 65 21 dove
703 3025 218 25 s’incamminasse,
934 3024 31 21 nè
976 3029 45 24 per
1030 3024 72 27 quale

628 3065 81 18 causa,
720 3059 32 21 nè
762 3056 67 24 nulla
839 3064 7 15 :
859 3058 18 21 il
886 3063 59 16 cane
958 3062 90 16 sorsea
1059 3062 43 16 sua

628 3094 79 25 posta,
720 3098 14 15 e
746 3091 119 22 scotendo
880 3091 19 21 il
917 3091 57 26 pelo
994 3095 76 22 parve
1081 3089 21 21 si

629 3125 141 27 accingesse
782 3130 13 16 a
818 3124 141 27 seguitarle,
979 3121 125 23 senonchè

628 3160 24 20 la
663 3158 115 22 fanciulla
788 3157 97 27 fattogli
899 3162 79 16 cenno
991 3156 40 21 col
1051 3155 52 21 dito

630 3192 35 28 gli
677 3191 128 21 ordinava:
823 3201 28 5 —
861 3191 26 20 tu
899 3189 114 22 rimarrai
1021 3200 29 4 —
1062 3194 13 15 e
1086 3187 19 22 il

631 3230 59 15 cane
699 3224 119 21 mandato
824 3228 32 16 un
864 3223 83 27 guaito
953 3220 73 23 tornò
1033 3226 73 16 acuc-

631 3256 81 23 ciarsi.

659 3290 31 21 Le
703 3290 82 21 donne
796 3289 118 21 uscirono
928 3294 13 16 e
953 3288 21 21 si
991 3287 116 21 avviaro-

631 3328 34 17 no
673 3322 93 22 difilâte
773 3322 48 21 alla
829 3327 57 16 casa
893 3321 25 21 di
928 3320 94 24 Matteo.
1033 3319 74 22 Bran-

632 3356 41 21 do.
683 3355 32 21 La
727 3354 65 22 Lella
803 3355 67 21 batte
880 3360 34 15 un
926 3349 72 31 coipo
1016 3353 54 21 solo
1078 3363 29 5 —

632 3394 40 16 ma
683 3388 64 21 forte
758 3394 14 15 e
784 3387 103 22 risoluto
900 3387 51 21 cosi
974 3386 29 21 da
1012 3384 97 28 signifi-

633 3426 54 17 care
695 3427 6 15 :
719 3420 116 27 apritemi
857 3417 98 29 presto:
979 3418 129 21 tuttavolta

633 3453 95 28 aspettò
741 3459 13 15 e
767 3453 66 27 dopo
843 3452 172 21 convenevole
1026 3451 82 26 spazio

634 3487 26 21 di
668 3489 85 24 tempo
763 3492 33 15 ne
816 3487 117 25 pèreossé
951 3489 33 16 un
996 3484 62 20 altro
1067 3490 6 19 ;
1080 3494 29 4 —

634 3520 44 27 poi
683 3525 34 14 un
722 3521 75 22 terzo,
807 3524 33 15 un
848 3519 86 25 quarto
940 3516 73 27 :.quei
1018 3516 24 21 di
1050 3516 60 21 den-

634 3555 39 18 tro
688 3557 92 21 pareva
790 3556 51 16 non
861 3551 142 23 sentissero,
1025 3554 15 16 o
1059 3554 51 16 non

635 3585 129 21 volessero
790 3583 93 22 sentire
891 3590 7 18 ;
919 3582 142 22 finalmente
1082 3581 26 22 fu

636 3617 166 21 vistoillume
814 3618 96 19 mutare
924 3616 84 26 luogo,
1021 3621 14 14 e
1045 3619 64 22 poco

636 3655 117 22 appresso
765 3655 51 15 una
827 3654 64 15 voce
903 3647 120 22 domandò
1033 3653 6 16 :
1054 3647 57 27 quai

637 3683 64 21 siete
711 3682 44 22 voi
761 3683 14 20 ?

1151 2801 29 5 —
1185 2790 100 27 Aprite.
1291 2800 30 5 —
1329 2788 105 23 Schiuso
1441 2787 89 22 Luscio
1537 2787 65 21 Lella

1124 2823 79 26 entrò,
1217 2829 13 15 e
1244 2822 145 22 alla-donna
1411 2821 45 22 che
1469 2820 134 22 tenendole

1125 2857 80 21 dietro
1215 2862 46 16 con
1269 2856 131 21 lalucerna
1411 2855 111 27 ripeteva
1531 2860 6 15 :
1547 2854 56 27 quai

1125 2890 62 21 siete
1199 2890 41 21 voi
1249 2890 13 21 ?
1274 2894 52 17 non
1334 2889 97 26 rispose
1442 2888 93 26 niente,
1544 2887 60 22 ben-

1126 2922 22 22 si
1159 2923 97 21 andava
1275 2922 114 22 tuttavia.
1410 2921 116 22 Afrivata
1538 2921 66 21 nella

1127 2962 94 16 caméra
1242 2961 107 22 soprana
1367 2955 25 21 la
1409 2954 124 28 perlustrô
1557 2958 46 17 con

1127 2990 34 27 gli
1175 2989 81 26 occhi,
1269 2995 16 15 e
1294 2989 62 21 vide
1368 2989 25 20 in
1412 2994 34 15 un
1459 2990 73 20 canto
1541 2987 64 22 Mat-

1127 3024 42 20 teo
1185 3022 99 22 Brando
1303 3021 141 28 genuflesso
1464 3020 101 22 davanti
1581 3020 23 21 la

1119 3074 3 3 .
1129 3056 133 27 immagine
1275 3055 64 21 délia
1348 3054 123 22 Madonna
1488 3054 41 21 dei
1541 3055 63 20 sette

1129 3089 81 21 dolori
1218 3095 6 19 ;
1232 3088 99 22 lemani
1338 3089 90 20 teneva
1436 3088 88 27 giunte
1532 3092 73 22 sopra

1129 3128 48 15 una
1189 3122 75 26 sedia,
1278 3126 14 15 e
1303 3126 30 16 su
1342 3121 25 21 le
1377 3120 67 22 mani
1455 3121 121 21 declinato
1588 3120 18 21 il

1131 3157 59 22 capo
1203 3152 127 21 doloroso.
1342 3150 65 23 Lella
1417 3152 26 21 lo
1454 3153 72 20 tocca
1540 3151 66 21 lieve

1130 3185 66 21 lieve
1202 3191 28 15 su
1243 3185 23 21 la
1273 3184 94 27 espalla
1378 3190 14 15 e
1398 3185 17 21 il
1423 3184 105 24 yecchio
1534 3184 73 22 solle-

1131 3224 32 16 va
1177 3219 23 21 la
1210 3218 80 22 faccia
1298 3218 173 21 domandando
1482 3223 6 15 :
1509 3217 40 22 chi
1561 3217 47 21 sie-

1131 3253 25 20 te
1161 3252 14 20 ?
1183 3251 45 22 che
1238 3253 98 20 cercate
1344 3251 15 21 ?

1159 3296 29 4 —
1197 3284 103 26 Matteo,
1306 3284 45 21 voi
1360 3285 72 20 avete
1439 3289 32 16 un
1478 3283 130 28 figliuolo?

1161 3329 27 4 —
1198 3318 33 21 Lo
1241 3322 47 16 ave
1290 3322 40 16 va.

1161 3362 27 4 —
1196 3350 412 25 Stabenermaorarestadilevare

1135 3383 16 21 il
1163 3388 45 16 suo
1215 3388 77 22 corpo
1301 3384 26 21 di
1337 3383 74 22 força.

1162 3427 27 5 —
1195 3415 47 22 Chi
1249 3416 23 21 di
1280 3417 100 21 coltello
1388 3416 222 21 ammazzaconvie-

1136 3454 31 16 ne
1176 3449 44 21 che
1235 3450 83 27 muoja
1329 3455 5 19 ;
1351 3454 26 16 se
1389 3448 30 22 l’è
1432 3449 123 22 meritato.

1163 3494 28 4 —
1200 3482 31 22 Se
1245 3481 31 22 l!è
1288 3482 117 22 meritato
1413 3482 13 21 ?

1163 3527 27 4 —
1200 3515 76 22 Certo
1287 3522 6 20 ;
1325 3521 42 16 era
1385 3521 71 16 corsa
1482 3515 128 22 inimicizia

1135 3549 38 20 tra
1184 3549 8 20 i
1204 3548 98 22 Brando
1315 3554 15 15 e
1338 3548 36 27 gli
1381 3548 124 22 Albertini
1510 3554 41 16 ma
1560 3553 49 16 non

1137 3581 116 28 ingiuria,
1264 3588 52 15 non
1328 3581 76 22 offesa
1414 3582 91 21 acadde
1516 3581 50 22 mai
1573 3582 39 20 tra

1137 3614 119 28 noiuegli
1266 3614 33 22 ha
1311 3620 88 21 sparso
1415 3620 94 21 sangue
1520 3619 91 16 umano

1138 3652 71 16 senza
1221 3648 129 25 vendetta,
1363 3647 31 21 nè
1403 3647 69 22 odio.

1164 3691 29 5 —
1202 3679 40 22 Ha
1253 3680 61 22 fatto
1326 3680 93 28 meglio
1427 3686 7 20 ;
1446 3681 26 20 lo
1483 3680 32 21 ha
1527 3685 84 22 sparso

1630 2792 46 21 per
1686 2792 91 16 amore.
1792 2785 74 26 Orsù,
1883 2786 84 25 yolete
1985 2786 86 21 venire
2088 2791 16 15 a

1630 2820 57 21 dare
1710 2820 23 20 al
1753 2821 84 20 vostro
1851 2818 112 29 figliuolo
1980 2820 124 26 sepoltuia

1630 2852 134 22 cristiana?

1655 2897 30 5 —
1696 2885 32 22 Lo
1742 2885 170 22 lascerebbero
1926 2885 67 23 forse
2003 2887 101 26 esposto

1630 2920 105 21 alvento
1748 2919 31 21 ed
1788 2919 46 21 alla
1846 2919 98 27 pioggia
1953 2919 13 21 ?

1656 2964 30 4 —
1694 2952 36 21 Ne
1739 2958 60 16 sono
1809 2952 82 28 capaci
1902 2959 6 15 :
1917 2959 13 14 e
1940 2953 22 21 ai
1972 2952 76 26 corvi,
2060 2952 45 22 che

1630 2986 35 28 gli
1681 2985 173 22 beccheranno
1871 2986 33 27 gli
1925 2986 81 26 occhi,
2026 2991 13 15 e
2055 2985 50 28 agli

1630 3019 102 26 avoltoi,
1739 3018 46 22 che
1793 3025 32 15 ne
1832 3019 190 22 strazierannole
2029 3019 75 21 carni.

1658 3064 30 4 —
1696 3051 74 23 Oimè
1781 3052 6 21 !
1799 3053 26 20 lo
1836 3052 32 22 ha
1877 3052 122 22 meritato.

1658 3097 30 4 —
1696 3085 161 22 Elesueossa
1866 3086 125 21 andranno
2001 3085 105 22 inbocca

1633 3118 22 22 ai
1680 3119 63 25 cani,
1760 3118 33 22 nè
1810 3123 106 17 saranno'
1932 3119 94 27 riposte
2042 3119 66 21 nella

1634 3152 81 22 tomba
1722 3152 40 21 dei
1775 3153 56 20 suoi
1844 3152 115 22 antenati.
1975 3160 8 5 -

1660 3196 29 5 —
1701 3185 31 21 La
1741 3185 84 22 tomba
1834 3185 41 21 dei
1886 3185 97 22 Brando
1993 3191 49 16 non
2055 3187 42 20 rac
2097 3187 12 15 1

1634 3217 109 29 coglierà
1755 3218 48 22 mai
1812 3219 24 21 le
1848 3224 55 16 ossa
1912 3219 25 21 di
1947 3225 33 15 un
1992 3219 117 27 impicca-

1634 3253 63 20 to....

1662 3296 29 4 —
1698 3284 33 22 Di
1742 3285 86 21 certo?

1664 3329 29 4 —
1705 3317 32 22 Di
1748 3318 149 22 certissimo.

1662 3363 29 4 —
1700 3351 98 22 Ebbene
1807 3352 76 21 allora
1889 3353 23 20 le
1920 3353 190 27 accoglieranno

1636 3385 23 21 le
1671 3384 85 21 tombe
1766 3384 39 21 dei
1827 3384 163 27 Campana....
2002 3385 21 22 Il
2035 3387 75 26 padre

1637 3418 21 21 si
1678 3417 13 21 è
1712 3419 154 26 vergognato
1878 3417 39 22 dei
1934 3424 46 16 suo
1987 3418 123 28 figliuolo^

1637 3456 40 16 ma
1685 3451 24 21 la
1720 3456 44 15 sua
1778 3456 128 21 promessa
1917 3452 36 27 gli
1964 3451 103 23 rimarrà
2077 3453 35 21 fe-

1638 3484 54 21 dele
1703 3483 79 22 anche
1793 3484 48 21 alla
1856 3483 75 23 força.
1944 3485 93 26 Addio,
2053 3491 60 16 vec-

1639 3517 66 21 chio.
1715 3516 28 21 Io
1752 3516 27 21 vi
1788 3517 75 21 venni
1871 3523 14 15 a
1903 3523 97 17 cercare
2008 3523 50 17 non
2067 3519 46 21 mi-

1638 3555 29 15 ca
1676 3554 44 22 per
1731 3549 106 28 bisogno
1850 3549 24 22 di
1897 3551 50 26 voi,
1965 3557 39 16 ma
2018 3557 69 16 corne
2100 3558 13 15 a

1638 3582 76 27 padre
1724 3582 41 21 dei
1772 3583 51 21 mio
1833 3588 73 21 sposo
1913 3584 62 22 volli
1984 3584 130 27 adoperar-

1638 3616 27 20 vi
1680 3617 86 25 questo
1780 3617 50 20 atto
1850 3616 24 22 di
1894 3617 113 28 rispetto.
2019 3618 93 23 Addio.

1667 3660 28 4 —
1704 3647 76 23 Senza
1797 3649 44 26 ira,
1860 3655 70 16 corne
1950 3656 70 16 senza
2042 3651 72 22 fretta

1639 3681 53 22 usci
1703 3682 23 21 al
1737 3682 76 21 modo
1826 3684 80 21 stesso
1925 3685 41 21 col
1987 3685 71 27 quale
2074 3690 40 16 era

2128 2787 101 25 entrata,
2235 2793 13 15 e
2253 2785 93 30 seguita
2355 2788 63 22 dalla
2426 2794 72 16 serva
2507 2789 92 27 riprese

2130 2819 19 21 il
2154 2821 119 20 cammino
2279 2821 68 27 perla
2353 2822 80 27 piazza
2438 2821 159 23 delleforche.

2128 2852 57 22 Non
2192 2858 75 16 aveva
2272 2856 92 21 mutato
2373 2861 88 17 ancora
2468 2858 73 20 cento
2550 2860 49 23 pas-

2131 2886 29 26 si,
2171 2886 45 22 che
2223 2887 57 21 vide
2287 2888 93 22 venirsi
2400 2890 113 21 incontro
2521 2895 32 16 un
2560 2893 41 16 uo-

2130 2925 41 16 mo
2182 2927 6 19 ;
2197 2921 24 20 la
2228 2921 54 21 luna
2291 2922 20 21 si
2321 2928 42 16 era
2374 2923 89 26 levata,
2471 2930 15 15 e
2495 2922 105 23 sebbene

2131 2958 52 16 non
2201 2953 64 22 fosse
2287 2961 61 16 anco
2372 2957 85 27 giunta
2472 2957 24 21 al
2506 2959 93 19 sommo

2131 2986 41 21 dei
2184 2987 71 27 cielo,
2266 2994 61 21 pure
2339 2990 126 27 spandeva
2472 2992 69 20 tanta
2551 2990 51 21 luce

2132 3020 30 21 da
2171 3021 168 28 lasciarepoca
2348 3029 115 21 speranza
2474 3030 15 15 a
2501 3023 67 22 Lella
2579 3020 23 22 di

2132 3054 94 26 potersi
2242 3057 150 21 nascondere
2414 3057 36 22 fra
2467 3058 25 21 le
2521 3055 82 24 ombre

2133 3086 62 22 délia
2202 3088 40 21 via
2250 3091 112 25 angusta:
2372 3089 230 30 deliberôguardare

2133 3121 25 21 in
2167 3120 75 23 faccia
2249 3122 132 27 lafortuna,
2392 3124 124 28 eprocedè
2525 3125 75 22 oltre;

2133 3156 97 26 quando
2240 3156 23 22 le
2271 3162 81 17 venne
2363 3159 86 21 vicino
2461 3159 18 21 il
2490 3159 114 22 notturno

2134 3189 180 27 camminatore,
2321 3191 25 22 lo
2355 3192 136 22 riconobbe
2498 3192 42 27 pel
2545 3213 2 2 .
2553 3190 52 29 gio-

2133 3227 64 17 vane
2210 3223 89 22 Matteo
2310 3223 113 27 Massesi,
2446 3226 17 21 il
2475 3226 73 27 quale
2560 3227 44 18 con

2133 3255 138 22 lacetarain
2280 3262 73 17 mano
2361 3264 92 21 pareva
2462 3258 20 22 si
2492 3258 113 22 affrèttas-

2135 3294 26 15 se
2173 3294 15 16 a
2196 3289 101 27 qualche
2315 3293 73 24 posta
2398 3298 6 14 :
2426 3297 71 16 senza
2509 3297 46 22 per
2570 3288 35 23 cio

2128 3322 129 22 'sìnarrirsi
2269 3324 25 21 di
2304 3324 81 22 animo
2395 3325 24 21 la
2438 3325 116 21 fanciulla
2573 3321 32 29 gB

2136 3361 98 16 accorse
2244 3357 153 23 salutandolo
2409 3364 6 16 :

2163 3397 30 4 —
2203 3386 81 21 Buona
2296 3389 78 25 notte,
2395 3388 102 27 Matteo,
2519 3394 14 16 e
2545 3387 62 22 dove

2137 3419 87 21 andate
2230 3425 13 15 a
2255 3422 84 25 questa
2347 3427 50 21 ora,
2408 3422 25 22 in
2442 3424 66 20 tanta
2515 3419 92 30 prescia

2138 3454 47 16 con
2195 3450 22 21 la
2229 3452 79 20 cetera
2319 3451 27 22 in
2356 3458 75 17 mano
2440 3454 13 21 ?

2165 3491 29 5 —
2202 3480 59 24 Voi.
2271 3487 50 16 non
2345 3489 40 16 me
2398 3485 26 20 lo
2433 3485 101 21 avreste
2543 3489 13 15 a
2567 3481 40 22 do-

2138 3513 124 25 mandare,
2275 3513 66 24 Lella
2349 3523 7 19 ;
2372 3517 89 22 adesso
2472 3522 76 23 posso
2560 3517 48 19 tor-

2139 3552 122 16 narmene.

2165 3577 151 27 —ïnverità,
2323 3586 52 16 non
2380 3580 157 23 nVindovinô
2543 3582 64 19 men-

2139 3611 33 20 te.

2166 3652 30 5 —
2203 3641 40 22 Ah
2251 3642 5 21 !
2266 3642 29 23 Io
2302 3645 91 22 veniva
2404 3647 66 20 sotto
2493 3645 24 21 le
2529 3642 80 23 vostre

2140 3672 106 26 fmestre.

2280 3723 6 26 (
2293 3722 136 24 Cuntinua
2434 3723 9 29 )
