2565 3926
2395 98 43 15 2^L

149 118 76 56 La
256 118 255 56 Nouvelle
554 123 255 69 Question

211 196 49 57 cf
262 196 480 67 Alsace-Lorraine

432 309 10 28 (
447 305 92 32 Suite)

36 396 7 12 r
77 380 196 28 administrateurs
289 381 107 19 rrançais,
407 383 65 14 cons-

96 412 29 20 du
150 407 215 21 rnécontenten/ent,
396 405 29 19 de
450 406 21 19 la

18 429 104 33 tQlfQce
130 436 80 20 même,
220 431 55 21 chez
288 431 62 21 leurs
365 432 108 20 àdrninis-

18 456 99 33 r--"-jnt
133 461 84 28 parfois
234 459 95 21 commis
346 466 45 14 une
407 464 66 16 autre

70 504 19 7 ...
102 494 16 21 jj
126 499 13 13 a
148 497 28 19 pu
188 489 51 20 leur
250 487 88 21 arriver
351 488 28 20 de
393 488 80 20 traiter

18 518 24 13 e*'
61 536 3 3 .
72 520 143 25 aCîniîn2sires
230 521 88 14 comme
326 518 34 17 jes

17 535 48 36 ieirf
71 547 152 27 récaic:tranrs
232 543 28 21 de
271 543 98 25 quelque
383 544 90 19 colonie

18 572 111 34 L“îôtque
137 578 89 17 comme
234 571 40 21 des
283 571 114 24 Français.
408 571 65 21 D’au-

19 595 80 34 P,uLrr,
107 606 32 20 les
145 599 234 24 Alsaciens-Lorrains
387 606 26 14 se
420 603 53 17 sont

17 620 68 41 ir{f*is
94 622 51 36 ’que
161 630 64 19 leurs
245 633 96 19 propres
361 627 112 20 fonction-

17 650 60 39 nas
88 662 87 21 fassent
183 655 75 21 moins
272 655 51 21 bien
341 655 79 21 traités
427 661 46 19 que

18 681 43 30 °f.L
69 694 69 19 venus
146 686 27 20 -le
182 685 26 19 i’«
215 683 110 21 intérieur
332 689 18 13 ».

18 708 44 26 c‘Vi
71 718 104 27 préâsnce
181 711 211 25 desparticul?.iii/s
399 712 74 20 etmii-

34 738 27 34 Ls
68 751 21 18 et
95 740 170 28 linguistiques,
275 739 30 20 du
320 744 47 20 par»
373 740 100 20 icuians-

17 764 10 18 ^
34 766 120 36 eA-oiitiquo
162 772 23 17 et
193 772 29 16 de
231 768 61 20 i’éiat
303 767 95 25 d’esprit
406 769 67 24 géné-

17 791 76 35 ^Ldes
109 795 239 26 Alsaciens-Lorrains,
374 795 98 21 certains

18 841 31 18 F>a
50 841 13 14 JÎ
64 838 22 19 çs
88 830 6 20 i
96 836 11 14 s
110 828 12 20 ô
125 833 13 14 e
143 826 22 20 l’i
168 832 14 13 n
185 829 7 15 t
194 825 12 19 é
208 831 11 13 r
219 831 7 13 x
228 830 27 14 eu
259 830 10 13 r
272 829 10 14 s
284 830 13 14 e
300 829 10 14 s
312 829 13 15 o
327 830 15 13 n
344 827 8 16 t
356 830 14 14 c
372 830 13 13 u
387 823 14 21 b
403 823 6 21 I
412 824 7 20 i
422 825 11 19 é
434 831 38 13 s—

88 854 67 24 fatale
159 852 124 26 —jusqu’à
300 852 33 20 les
350 852 79 20 traiter
445 852 28 20 de

18 888 89 27 «Boches
116 890 9 12 »

229 925 10 7 *■

35 982 28 21 Pe
70 979 56 18 cette
142 972 82 25 espèce
240 970 149 22 d'antinomie
406 975 66 17 entre

17 1012 45 21 <jéU>'
69 1002 80 27 esprits
156 1000 126 22 différents,
291 1000 181 25 correspondant

16 1043 9 11 ^
38 1037 34 20 ,j.es
96 1030 133 22 différences
251 1027 128 26 ethniques,
392 1034 13 14 a
423 1029 47 25 pris

16 1065 103 24 niissance
129 1064 26 14 en
164 1056 201 21 Alsace-Lorraine
377 1063 32 13 un
418 1063 51 14 cou-

15 1086 158 32 rs-aîd’opinion
183 1084 41 26 qui
238 1084 54 20 tend
301 1085 13 19 à
331 1085 139 25 s’opposera

15 1125 12 20 U
38 1118 69 24 fusion
116 1115 28 20 de
151 1119 26 15 ce
185 1118 57 20 pays
247 1118 55 14 avec
315 1112 23 20 la
354 1112 94 24 France,
457 1114 12 19 à

15 1137 33 36 s‘.jn
55 1142 143 26 assimilation
208 1140 110 26 politique
327 1144 22 16 et
364 1141 106 20 culturel-

15 1181 22 20 le.
44 1176 120 20 Conserver
172 1170 14 19 à
199 1168 216 21 l’Alsace-Lorraine
428 1175 41 15 son

14 1199 150 30 individualité,
175 1201 141 16 notamment
337 1203 25 14 sa
377 1197 91 25 langue,

14 1239 42 17 s;:ns
64 1235 55 20 pour
127 1226 47 21 cela
181 1226 21 19 ia
212 1226 92 24 séparer
309 1225 29 20 de
344 1225 22 20 la
373 1225 94 23 France,

14 1261 24 23 tel
46 1261 32 19 est
92 1257 22 20 le
131 1256 39 20 bat
186 1253 127 25 poursuivi.
332 1253 79 25 Quant
425 1260 44 14 aux

14 1299 11 13 n
32 1292 62 18 ovens
102 1283 119 24 envisagés
239 1288 58 18 pour
313 1282 114 20 atteindre
443 1288 26 14 ce

14 1320 37 22 but,
59 1315 26 21 ils
92 1312 93 22 varient.

32 1346 27 20 Le
66 1342 49 27 plus
123 1339 91 21 atténué
225 1338 144 20 consisterait
382 1338 58 20 dans
448 1337 21 21 le

13 1369 153 30 régionalisme,
184 1367 63 25 large
271 1366 197 21 décentralisation

13 1396 167 28 administrative
201 1394 120 26 appliquée
339 1395 12 19 à
368 1398 63 17 toute
448 1394 21 20 la

14 1431 78 21 France,
102 1429 21 17 et
132 1430 44 14 non
187 1429 42 19 pas
237 1422 126 21 seulement
371 1423 13 19 à
392 1422 78 21 l’Àlsa-

14 1454 135 26 ce-Lorraine.

32 1485 29 21 Un
68 1486 69 18 autre,
147 1480 51 26 plus
216 1479 93 24 radical,
326 1479 144 20 consistei-ait

13 1515 45 20 dans
69 1508 185 24 l'autonomisme.
267 1507 18 21 11
294 1507 100 26 s’agirait
411 1507 59 20 d’ac-

14 1541 65 22 corder
86 1540 13 19 à
109 1536 221 22 l’Alsace-Lon-aine.
340 1539 50 17 tout
406 1542 29 14 en
448 1535 20 20 la

13 1571 79 21 laissant
101 1574 9 10 «
117 1566 56 21 dans
182 1565 22 21 le
212 1564 68 21 cadre
288 1564 28 20 de
324 1564 22 20 la
354 1564 113 22 France»,

14 1604 34 16 une
62 1594 129 22 autonomie
217 1593 112 25 complète
345 1592 40 26 qui
402 1592 67 20 ferait

14 1626 52 21 d’elle
74 1629 86 15 comme
173 1628 30 14 un
214 1622 45 19 état
276 1620 58 21 dans
349 1620 77 21 l’Etat.
445 1619 23 21 Si

14 1656 31 20 l’on
53 1650 120 26 comprend
191 1650 54 20 bien
262 1650 34 20 les
311 1649 114 26 partisans
441 1649 28 20 de

14 1690 17 13 ce
40 1681 99 25 système.
149 1677 215 22 l’Alsace-Lorraine
377 1677 92 20 devien-

14 1711 44 20 drait
64 1708 95 26 quelque
166 1706 71 20 chose
244 1712 89 14 comme
341 1712 26 14 ce
375 1705 94 25 qu’était

13 1739 16 21 la
48 1736 97 25 Pologne
169 1738 70 17 avant
264 1734 57 20 i83û,
347 1734 91 25 époque
455 1734 13 20 à

13 1765 79 26 laquelle
101 1764 42 20 elle
152 1762 74 26 perdit
234 1763 146 20 l'autonomie
386 1763 83 25 qu’elle

13 1793 55 22 tenait
74 1793 29 20 du
112 1792 67 20 traité
185 1791 30 21 de
218 1791 96 23 Vienne,
321 1797 29 14 ou
355 1791 23 20 le
385 1791 83 25 grand-

14 1822 58 21 duché
88 1820 28 20 de
133 1819 124 23 Finlande,-
269 1819 40 25 qui
334 1819 70 25 garda
424 1826 43 13 son

14 1849 112 22 autonomie
144 1848 104 26 pendant
264 1847 50 25 plûs
330 1847 137 26 longtemps,

13 1886 20 13 ou
39 1884 76 14 encore
120 1883 89 14 comme
214 1882 26 14 ce
248 1875 73 26 qu’est
324 1876 143 24 aujourd’hui

13 1906 52 22 l’Etat
78 1905 57 21 libre
150 1904 121 21 d’Irlande.
296 1903 61 21 Pour
373 1904 95 21 réaliser

13 1938 45 17 cette
73 1933 107 24 solution,
197 1933 17 20 il
232 1932 55 21 s’est
304 1932 115 20 constitué
434 1939 32 13 un

12 1966 132 22 groupement
158 1961 112 26 politique
295 1960 133 25 important,
445 1961 22 20 le

13 1990 151 21 «Heimaîbund
172 1996 20 16 »,
219 1988 39 26 qui
283 1995 13 13 a
321 1988 78 24 publié
424 1994 42 14 son

13 2018 101 22 manifeste
130 2017 21 21 le
167 2022 13 20 j
188 2017 56 20 Juin
261 2016 57 25 1926.
338 2016 77 20 Parmi
432 2016 34 20 les

12 2047 115 25 signataires
135 2046 28 20 de
171 2052 27 14 ce
207 2044 121 21 manifeste
344 2044 123 26 figuraient

13 2075 54 21 douze
81 2076 85 24 prêtres
179 2073 142 25 catholiques
337 2077 22 17 et
372 2072 36 22 six
417 2079 50 19 pas-

12 2107 46 17 teurs
66 2106 141 23 protestants:
219 2113 27 5 —
255 2101 101 26 symbole
365 2101 30 21 du
406 2100 61 22 front

13 2132 67 25 unique
91 2136 65 16 entre
169 2131 33 20 les
212 2131 59 20 deux
278 2129 151 23 confessions,
442 2140 21 3 —

12 2160 43 20 ainsi
60 2161 67 24 qu’un
132 2159 85 21 certain
224 2158 94 21 nombre
321 2158 29 20 de
354 2157 113 21 fonction-

12 2188 65 20 naires.
92 2188 42 20 Les
143 2188 135 25 principaux
292 2192 96 19 organes
401 2186 29 21 de
440 2193 27 13 ce

12 2220 132 21 groupement
164 2220 54 16 sont
227 2221 6 13 :
265 2216 21 19 ia
305 2214 112 26 Zuhunft,
445 2215 20 20 la

15 2244 135 22 Volkssiimme
159 2248 23 17 el
190 2244 22 21 la
225 2243 126 22 Wakrkeit.

30 2273 52 20 Pour
98 2273 150 25 comprendre
265 2272 21 20 ie
304 2272 116 21 caractère
437 2271 30 21 du

14 2307 8 16 g
26 2296 136 27 fîcirnathuno
174 2309 11 11 »
202 2305 25 18 et
234 2307 42 15 son
285 2306 153 20 programme,
450 2299 17 20 il

14 2327 34 22 faut
54 2336 23 14 se
84 2330 105 25 rappeler
197 2336 46 19 que
252 2329 21 21 le
289 2332 48 17 mot
352 2327 114 21 allemand

13 2356 76 22 Heirnat
104 2357 89 26 signifie
218 2358 22 20 la
251 2358 70 24 petite
339 2356 72 26 patrie
427 2362 41 19 par

14 2386 112 23 opposition
136 2393 13 13 a
168 2386 23 20 ia
209 2386 94 25 grande,
321 2390 90 15 comme
427 2384 39 25 qui

14 2411 52 23 dirait
73 2414 21 22 ie
104 2421 9 10 «
123 2420 55 20 pays
186 2418 11 14 »
207 2420 42 19 par
265 2413 132 27 opposition
416 2413 12 20 à
446 2412 22 21 la

14 2441 63 23 P-trie.

29 2471 25 18 Le
62 2470 182 22 «Heinvaibund»
255 2472 57 20 n’est
321 2476 41 20 pas
372 2477 30 14 un
416 2477 51 18 par-

13 2498 19 22 ti;
39 2497 14 20 il
59 2500 127 24 comprend,
193 2506 30 14 en
230 2499 58 25 effet,
298 2499 40 20 des
345 2498 124 21 adhérents

13 2530 84 18 pouvant
105 2528 140 25 appartenir,
256 2534 41 18 par
304 2527 62 21 îe-ars
373 2526 96 21 tendan-

12 2557 27 16 ces
51 2554 167 25 individuelles,
234 2557 12 19 à
265 2560 40 16 des
323 2555 70 25 partis
402 2554 68 21 diffé-

13 2585 56 17 rents.
78 2583 16 21 11
103 2584 95 21 s’ensuit
206 2584 58 26 qu’il
272 2587 56 22 peut
344 2590 25 14 se
385 2583 80 20 consti-

13 2610 37 19 tuer
56 2611 12 19 à
76 2613 49 19 côté
138 2613 27 20 Je
180 2613 31 20 lu:
230 2618 40 15 ces
287 2611 71 26 partis
375 2617 95 19 prpnre-

17 2642 49 16 ment
72 2639 44 22 dits
124 2646 67 20 ayant
199 2641 41 20 des
258 2645 154 21 programmes
428 2638 35 22 dif
465 2650 5 5 ¬

15 2663 76 28 férents,
101 2671 55 19 niais
164 2673 88 17 vdmme
258 2669 54 21 base
320 2674 122 15 commune
449 2668 21 20 le

16 2696 84 25 Principe
117 2697 28 21 d«5
160 2698 155 21 l’autonomie.
334 2696 59 22 C'est
410 2695 60 22 ainsi

16 2719 45 24 bViî
78 2725 60 21 vient
157 2726 29 20 de
201 2732 26 15 se
243 2725 85 21 fermer
345 2731 31 15 u»
394 2731 11 11 «
413 2727 57 23 part;

497 381 153 22 aulonomi.ste
657 391 19 15 »,
687 385 155 25 Indépendant
850 388 31 20 du
901 389 69 20 «Hei-

499 407 108 22 matbîrr.-d
614 418 19 14 »,
652 412 56 20 mais
725 416 125 22 apparenté
858 416 14 19 à
890 416 40 23 lui,
948 423 22 13 et

498 440 55 14 août
567 436 21 20 le
605 441 40 17 oui
658 441 87 20 semble
762 443 48 19 être
826 443 29 19 de
871 450 99 18 grouper

498 469 54 14 sous
560 464 22 19 R
589 471 100 19 urapeau
698 468 28 20 de
739 469 181 22 i'autoiiorrdsme
930 471 40 21 des

498 490 109 22 éléments
624 496 106 19 avancés.

523 519 74 24 .enfin,
608 527 45 14 une
669 524 117 20 troisième
802 526 100 20 solution
919 533 52 13 ccn-

498 546 108 24 sisreraiti
614 555 57 14 oans
687 550 21 20 le
726 553 149 23 séparatisme
891 560 43 18 pur
949 559 23 16 et

498 574 89 25 simple,
598 582 25 14 ce
632 577 40 24 qui
682 580 162 23 comporterait
856 587 46 18 que
919 581 52 20 i’ÂI-

499 603 172 22 sace-Lorrainc
680 605 83 21 formât
771 614 31 13 un
812 607 51 21 Etat
874 609 98 25 complè-

498 635 87 17 tement
592 632 165 26 indépendant,
767 642 89 14 comme
863 636 22 20 la
898 636 73 25 Belgi-

499 665 51 18 que,
563 660 22 20 le
600 662 156 24 grand-duché
773 663 29 20 de
811 663 160 27 Luxembourg

498 694 28 13 ou
536 688 22 20 la
567 688 87 22 Suisse.

523 716 18 19 H
550 719 35 17 est
593 717 12 17 è
612 724 132 20 remarquer
760 720 117 25 qu’aucun
894 722 29 19 de
932 727 38 14 ces

498 744 108 22 éléments
615 748 171 22 protestataires
795 756 28 13 ne
831 749 110 21 demande
949 750 21 19 le

499 776 78 17 retour
590 773 29 21 de
636 774 219 23 l’Alsace-Lorraine
871 779 14 18 à
898 777 73 20 l'Alle-

499 806 88 20 magne,
597 808 27 14 ce
632 803 40 24 qui.
682 804 131 25 m'empêche
822 812 31 18 qu
862 811 28 15 en
902 805 69 20 Fran-

499 835 25 14 ce
533 835 29 14 on
572 836 29 14 ue
617 830 104 22 dénonce
737 832 192 24 l’antouomisrne,
948 833 22 20 le

498 857 158 25 séparatisme,
665 863 24 16 et
697 860 74 20 mèrn^
779 864 22 16 ;e
809 861 82 25 simple
899 861 72 25 régio-

498 885 104 24 nalisme,
620 893 89 15 comme
724 888 64 20 étant
808 888 160 26 d’inspiration

498 913 135 25 allemande,
663 919 24 16 et
711 916 68 24 qu’on
807 917 37 21 n’y
860 918 51 19 voie
928 917 42 20 des

497 948 94 21 moyens
599 942 124 22 détournés
731 943 100 22 destinés
840 945 14 19 à
861 946 109 24 préparer

497 980 26 14 ce
531 974 83 20 retour.

520 1062 63 20 C’est
590 1062 59 20 dans
658 1068 26 14 ce
691 1062 70 20 cadre
769 1068 46 20 que
823 1063 56 19 s'est
888 1062 81 20 dérou-

496 1090 28 23 lé,
534 1091 13 19 à
553 1090 99 24 Colmar,
662 1090 23 20 le
692 1091 81 25 procès
782 1097 29 14 en
829 1090 139 20 diffamation

496 1119 88 19 intenté
601 1125 41 19 par
655 1118 74 21 l'abbé
746 1118 86 26 Haegy,
850 1118 75 26 prêtre
946 1121 23 17 et

496 1146 120 26 publiciste
642 1146 109 23 alsacien,
772 1147 13 19 à
808 1146 31 20 M.
863 1145 105 21 Edouard

496 1174 89 26 Kelsey,
593 1175 118 19 rédacteur
717 1181 27 13 au
750 1174 106 23 Journal,
860 1174 30 20 de
894 1173 73 21 Paris.

521 1203 34 20 En
573 1203 105 25 publiant
701 1202 59 20 clans
774 1203 23 19 ie
810 1202 101 20 Journal
922 1207 46 14 une

496 1232 58 19 série
571 1230 116 21 d’articles
712 1236 40 14 sur
773 1230 23 20 la
812 1230 109 20 situation
937 1235 30 13 en

495 1258 206 22 Alsace-Lorraine,
714 1257 30 21 Ivl,
764 1257 81 25 Kelsey
862 1257 61 20 avait
938 1262 29 14 eu

495 1287 127 21 l’intention
632 1286 28 20 de
669 1291 96 19 pousser
773 1291 31 14 un
814 1286 32 19 cri
861 1284 107 21 d’alarme

496 1321 39 15 sur
543 1321 27 14 ce
575 1314 53 26 qu’il
635 1313 138 21 considérait
777 1318 88 15 comme
873 1318 31 14 un
910 1311 58 26 péril

495 1342 100 22 national
609 1341 54 26 qu’il
679 1341 121 21 convenait
815 1341 30 20 de
861 1339 107 26 conjurer

495 1379 29 13 au
533 1371 51 25 plus
592 1373 41 17 tôt.
644 1369 57 21 Mais
710 1369 15 20 il
743 1375 29 14 ne
787 1368 119 26 paraissait
926 1374 41 18 pas

495 1400 111 20 admeti.10
613 1399 21 19 ìa
644 1398 146 25 spontanéité
803 1401 22 16 et
830 1397 22 21 la
861 1396 107 24 sincérité

495 1429 30 20 du
535 1427 138 21 «malaise».
684 1425 94 21 Comme
789 1425 98 21 d’auiros
896 1424 72 25 publi-

495 1457 70 20 cistes
573 1454 106 24 français,
692 1454 15 20 il
725 1460 15 18 y
754 1453 76 25 voyait
847 1453 73 28 plutôt
934 1459 32 13 un

495 1484 79 21 article
582 1482 170 25 d’importation
762 1481 121 21 allemand,
894 1485 73 16 autre-

495 1516 63 18 ment
565 1512 32 20 dit
606 1510 68 21 l’effet
682 1510 67 20 d’une
758 1515 132 15 manoeuvre
898 1508 69 21 desti-

496 1542 42 19 née
550 1541 13 19 à
572 1539 102 25 éloigner
682 1538 213 20 l’Aisace-Lorraine
909 1537 28 20 de
945 1536 21 20 la

496 1569 84 20 France
588 1571 23 16 et
618 1568 13 19 à
640 1567 21 19 la
671 1566 139 26 rapprocher
818 1566 150 20 moralement

495 1597 27 21 de
527 1595 156 25 l’Allemagne.
693 1594 92 21 D’autre
791 1598 57 21 part,
858 1594 109 25 l’prenait

495 1626 112 20 vivemenx
617 1624 13 19 à
640 1622 72 26 partie
717 1622 22 21 ie
748 1623 76 25 clergé
837 1622 129 24 catholique

495 1651 228 23 d’Alsace-Lorraine,
743 1650 56 26 qu’il
823 1650 100 21 accusait
937 1649 29 21 de

495 1681 113 21 fomenter
615 1686 22 14 ré
651 1679 95 20 malaise
761 1679 57 20 dano
836 1685 30 14 un
884 1678 83 20 intérêt

494 1708 168 22 confessionnel
670 1711 23 16 et
700 1713 42 19 par
751 1707 128 25 opposition
888 1709 78 18 contre

495 1738 20 20 la
524 1737 86 21 France
618 1736 84 24 laïque.
713 1735 32 21 Ce
763 1736 30 20 cl,-
818 1742 22 18 ,e
856 1735 110 21 alsacîen-

494 1765 85 22 lorrain
589 1765 64 20 étant
662 1770 98 19 presque
768 1764 131 25 représenté
906 1769 60 15 com-

495 1801 37 14 me
548 1792 174 27 sympathisant,
748 1799 28 13 ce
793 1793 74 19 même
884 1798 44 19 que
944 1791 22 20 le

494 1821 156 22 catholicisme
663 1826 28 14 en
706 1820 94 25 général
817 1824 22 16 et
855 1820 22 20 le
893 1819 72 21 Saint-

494 1851 73 25 Siège,
576 1855 55 15 avec
639 1849 22 20 le
670 1848 208 25 pangermanisme.

519 1878 30 21 M.
559 1877 83 25 Kelsey
651 1876 48 21 s’en
708 1876 91 25 prenait
812 1877 155 19 nommément

494 1909 13 19 à
515 1906 73 21 l’abbé
597 1905 86 25 Haegy,
692 1904 81 21 ancien
784 1904 83 26 député
899 1904 68 21 ‘Alsa-

493 1933 143 24 ce-Lorraine
658 1940 29 12 au
704 1932 129 25 Reichstag,
851 1939 22 18 p2
892 1933 75 21 sidént

493 1964 28 20 de
546 1963 22 19 ia
593 1961 91 21 Société
708 1960 108 21 d'édition
835 1961 130 24 «Alsatia»,

493 1990 99 26 laquelle
600 1989 79 25 publie
691 1995 29 14 en
737 1988 165 21 Haute-Alsace
919 1996 49 17 plu-

493 2020 73 21 sieurs
572 2018 113 26 journaux
694 2016 55 21 dent
758 2017 21 19 le
784 2016 52 27 plus
843 2017 124 26 important

493 2052 34 16 est
543 2046 121 21 YElsâsser
680 2046 92 21 Kurier.
791 2046 44 21 Ces
852 2048 114 21 iournaux

493 2082 29 15 ne
529 2078 53 18 sont
590 2080 39 19 pas
639 2073 82 21 affiliés
728 2080 30 15 au
767 2078 11 12 «
786 2074 152 22 Keimaibund
944 2081 21 19 »,

493 2102 122 28 quoiqu’ils
629 2102 35 21 lui
681 2102 76 21 soient
780 2102 140 26 fa/orables;
938 2105 29 20 Us

493 2132 106 25 représen
604 2130 95 21 reraient
724 2130 74 25 plutôt
822 2132 21 20 la
879 2139 88 15 nuance

493 2159 146 27 régionaliste
658 2165 45 19 que
728 2160 22 20 ia
782 2166 90 15 nuance
903 2166 64 16 auto-

493 2189 104 21 nomiste.
633 2187 84 21 L'abbé
739 2187 78 27 Haegy
850 2189 117 21 lui-même

493 2221 34 17 est
535 2216 101 21 membre
645 2215 28 21 de
687 2215 92 22 FUnioii
797 2216 119 26 populaire
933 2218 34 20 ré-

494 2245 106 21 subiaine
625 2244 124 24 nationale,
785 2245 59 24 parti
877 2249 91 18 surtout

493 2273 129 25 catholique
630 2276 24 16 et
662 2275 56 17 dont
725 2273 22 20 le
756 2275 144 23 programmé
907 2280 61 15 com-

493 2305 66 21 porte
567 2301 21 20 le
597 2300 110 21 mainrien
717 2300 56 21 d’un
782 2302 87 25 régime
882 2303 86 24 spécial

495 2336 26 15 en
530 2328 210 22 Alsace-Lo-raine.

517 2358 52 25 Que
577 2357 72 21 valait
656 2357 117 26 ;'enquête
782 2358 29 20 de
825 2358 29 21 M.
865 2358 34 21 Ils.
899 2358 48 26 Isey
956 2358 12 21 ?

494 2386 36 24 QG
548 2392 29 15 en
594 2392 15 14 a
631 2386 104 22 contesté
761 2395 5 7 ‘
774 2387 148 24 opportunité
946 2391 23 17 et

494 2414 145 21 l’exactitude
648 2418 56 16 dans
714 2414 40 20 des
763 2413 95 23 milieux
875 2415 94 20 catholi-

494 2449 56 19 ques
575 2441 109 25 français,
710 2442 29 20 où
758 2442 46 20 l’on
821 2449 14 13 a
855 2443 113 23 prétendu

495 2471 83 26 qu’elle
586 2470 94 26 pouvait
689 2470 56 20 faire
760 2470 52 24 plus
829 2471 29 20 de
870 2471 45 20 mal
923 2477 46 19 que

494 2500 28 20 de
531 2499 61 20 bien.
603 2498 35 22 Un
648 2498 105 24 Français
759 2499 29 19 de
795 2498 126 21 l'intérieur
928 2499 40 25 qui

495 2527 66 21 viten
570 2527 82 20 Alsace
665 2526 82 25 depuis
764 2526 22 20 le
804 2532 78 15 retour
897 2527 29 20 de
942 2533 27 14 ce

495 2561 55 20 pays
559 2556 13 19 à
581 2555 21 20 la
611 2554 94 23 France,
716 2554 29 21 M.
756 2554 72 21 Oscar
842 2554 29 21 de
887 2554 82 22 Féren-

495 2590 34 19 zy,
539 2583 120 21 rédacteur
667 2589 29 14 en
705 2582 55 21 chef
766 2583 30 20 de
804 2583 20 20 la
838 2583 55 21 Voix
904 2583 66 22 d’Al-

494 2618 61 15 sace.
573 2617 11 11 «
603 2611 80 25 publié
703 2612 15 19 à
742 2610 147 26 Strasbourg,
916 2612 13 19 à
947 2612 21 19 la

496 2640 89 21 Société
594 2639 108 24 c’édixiçn
716 2639 29 20 de
762 2638 21 20 la
800 2639 168 21 Basse-AIcace.

496 2674 46 14 une
551 2666 113 22 brochure
673 2667 106 20 intitulée
787 2674 6 13 :
803 2667 42 21 2V,<
854 2673 89 15 erreurs
948 2670 23 18 et

497 2696 34 20 les
537 2696 96 20 lacunes
641 2695 70 21 d’une
723 2702 29 13 en
753 2701 17 19 g
778 2697 43 18 -.ère
828 2701 42 14 sur
883 2695 24 21 la
915 2696 56 20 situ-

497 2724 65 20 ation
571 2730 28 14 en
607 2723 86 21 Alsace
698 2724 7 22 (
708 2724 20 21 A
735 2726 88 22 propos
828 2724 42 20 des
878 2723 93 21 articles

989 131 93 23 publiés
1086 135 49 21 par
1141 133 33 20 M.
1184 133 114 21 Edouard
1304 134 84 27 Helsey
1403 137 62 21 dans

991 158 32 19 Le
1029 159 117 26 Journal),
1158 161 18 20 il
1183 161 96 25 prétend
1288 167 44 19 que
1341 163 30 21 M.
1382 165 83 24 Helsey

993 192 11 11 «
1010 185 85 22 froisse
1103 188 178 24 profondément
1288 189 22 20 le
1319 191 74 26 clergé
1399 196 23 16 et
1430 193 34 20 les

993 219 24 13 ca
1020 213 113 26 tholiques
1142 217 103 20 d’Alsace
1250 223 41 18 par
1295 223 37 15 ses
1337 220 128 24 suspicions

980 252 3 13 :
994 240 134 26 2njurieuses
1182 245 16 19 II
1228 247 99 22 proteste
1349 251 77 17 contre
1441 248 25 20 la

980 266 4 23 i
994 269 117 24 suspicion
1137 272 128 20 consistant
1281 272 12 20 à
1311 275 109 21 attribuer
1443 277 22 19 le

980 292 4 38 |
995 296 210 24 mécontentement
1225 300 28 20 de
1276 300 96 23 l’Alsace
1393 304 14 20 à
1423 304 43 20 l’or

980 327 5 20 j
994 322 121 22 allemand.
1124 326 18 20 Il
1153 327 34 20 dit
1195 334 46 18 que
1250 327 54 20 c’est
1318 333 10 11 «
1335 336 45 15 une
1388 337 79 14 erreur

980 354 5 24 \
994 348 136 25 formidable
1148 354 137 21 d’identifier
1303 355 20 21 la
1343 358 124 21 résistance

980 376 5 36 |
995 382 40 16 ûes
1043 379 143 27 catholiques
1194 389 56 14 avec
1263 383 203 24 l’autonomisme»,

980 416 5 28 j
996 406 18 18 A
1023 406 72 23 Faris,
1114 408 155 26 l’importante
1290 417 69 16 revue
1376 414 93 20 catholi-

980 431 6 33 \
996 439 44 18 que
1053 435 33 19 Le
1101 436 188 26 Correspondant
1296 444 13 14 a
1318 442 83 22 publié,
1410 443 58 20 dans

980 464 6 26 \
996 466 41 14 son
1044 464 95 20 numéro
1148 465 31 19 du
1192 471 24 15 10
1233 466 53 22 mai,
1301 473 31 14 un
1345 470 78 20 article
1438 471 31 20 de

981 494 6 23 \
997 490 21 37 f1
1020 502 6 5 ’
1037 489 78 22 ^î£rre
1122 492 30 20 de
1161 493 118 23 Ouirieîle,
1287 500 13 14 a
1306 502 42 17 peu
1354 498 51 24 près
1410 498 59 20 dans

997 515 20 19 le
1025 518 74 19 même
1107 525 56 14 sens
1169 527 44 18 que
1222 522 22 20 la
1265 522 112 23 brochure
1392 525 28 20 de
1436 526 30 20 M.

997 542 28 20 de
1042 545 107 27 rérenzy.
1170 548 33 19 En
1217 555 27 14 ec
1262 550 40 24 qui
1319 557 113 16 concerne
1445 554 23 19 le

997 571 207 24 mécontentement
1216 582 29 14 en
1263 577 204 26 Alsace-Lorraine,

997 597 28 20 M.
1035 599 29 19 de
1073 599 111 25 Quirielle
1193 603 45 21 dit:
1248 605 89 21 «ilfaut
1349 614 25 14 se
1386 609 82 24 garder

998 640 12 5 -
1017 632 29 14 en
1054 629 56 19 faire
1119 636 46 14 une
1172 631 294 25 imbrication.allemande».

1021 654 60 22 Quo:
1090 657 53 24 qu’il
1153 665 28 16 çp
1191 660 44 20 soit
1243 661 29 20 de
1277 661 159 26 l’opportunité
1445 668 24 15 et

996 687 28 14 ce
1044 686 5 16 !
1058 685 129 22 exactitude
1208 688 29 20 de
1262 689 114 25 l’enquête
1392 692 27 20 de
1436 692 30 20 M*

997 709 90 28 Hefsoy,
1110 713 75 22 l’abbé
1209 715 79 27 Haegy
1313 718 54 20 s’est
1387 719 82 20 estimé

996 737 98 27 diffamé,
1100 748 69 18 parce
1177 750 44 18 que
1233 750 37 16 ses
1284 745 92 22 articles
1392 750 77 18 conte-

997 767 77 21 naient
1082 769 13 21 à
1104 776 41 14 son
1156 772 69 24 égard
1235 778 11 12 «
1252 773 22 19 ie
1283 774 109 26 reproche
1400 775 68 21 d’être

997 800 32 14 un
1034 797 92 20 ennemi
1135 798 31 20 de
1182 799 21 20 la
1218 800 94 26 France,
1330 808 31 13 un
1378 803 90 21 homme

996 822 130 26 dangereux
1132 832 60 18 peur
1200 828 21 19 la
1227 828 54 24 paix
1298 836 23 14 et
1334 830 22 20 la
1369 830 100 20 sécurité

996 851 138 21 nationale».
1144 854 61 21 D’où
1213 856 23 19 le
1244 857 81 23 procès
1331 863 28 14 en
1368 857 101 21 diffama-

996 877 46 21 tion
1051 886 31 18 qu
1089 880 17 20 il
1114 887 12 13 a
1140 882 88 20 intenté
1236 887 79 17 contre
1319 884 22 20 le
1350 885 118 21 rédacteur

995 905 29 20 du
1033 907 104 21 Journal.

1019 933 33 21 Ce
1059 936 81 24 procès
1148 941 56 17 s'est
1211 940 98 20 terminé
1313 940 154 22 d’unemaniè-

995 967 23 14 re
1027 962 142 26 inattendue,
1176 972 46 19 que
1234 966 109 22 d’aucuns
1351 972 41 16 ont
1397 970 69 19 voulu

995 991 130 21 considérer
1130 998 89 16 comme
1226 1001 31 14 un
1267 996 133 20 événement
1407 997 60 20 émo-

995 1021 105 19 tionnant
1108 1025 22 15 et
1139 1021 70 21 d’une
1224 1023 87 24 grande
1326 1023 141 25 importance

995 1045 118 27 politique,
1130 1049 77 20 tandis
1223 1056 46 18 que
1282 1051 98 19 d’autres
1402 1052 65 20 n’ont

995 1075 111 23 prétendu
1123 1083 15 18 y
1157 1077 50 19 voir
1222 1077 85 25 qu’une
1324 1080 141 20 «comédie».

995 1101 72 21 Grâce
1083 1103 13 20 à
1111 1110 47 14 une
1172 1105 77 21 action
1266 1105 84 24 habile,
1367 1107 57 20 mais
1437 1108 30 19 de

994 1131 115 19 caractère
1117 1131 52 24 plus
1174 1132 111 25 politique
1291 1140 45 18 que
1338 1133 127 25 judiciaire,

995 1157 29 21 du
1030 1164 126 19 procureur
1164 1160 102 25 général,
1274 1161 34 21 les
1313 1161 59 20 deux
1388 1162 79 21 adver-

995 1186 72 20 saires
1080 1190 40 17 ont
1136 1186 40 21 fin:
1195 1194 41 19 par
1251 1194 27 14 se
1298 1189 132 21 réconcilier
1443 1192 24 18 et

994 1213 147 21 s’embrasser
1179 1216 180 24 publiquement,
1392 1217 74 21 l’abbé

995 1240 76 26 Haegy
1079 1245 68 21 ayant
1156 1243 68 20 retiré
1229 1249 24 14 sa
1260 1243 84 24 plainte
1349 1248 77 17 contre
1434 1245 30 21 M.

995 1268 88 25 Helsey,

1018 1296 55 20 L’un
1098 1300 34 17 les
1159 1298 136 25 principaux
1317 1300 96 20 témoins
1435 1307 29 14 au

994 1325 80 23 procès
1083 1333 12 12 a
1105 1326 36 20 été
1150 1326 22 20 ie
1179 1327 94 25 général
1289 1327 28 20 de
1334 1327 130 26 Castelnau,

993 1351 115 26 président
1121 1353 69 21 d’une
1206 1354 138 25 importante
1361 1356 59 25 figue
1436 1357 30 20 de

993 1380 140 26 catholiques
1136 1381 106 26 français,
1249 1382 56 20 dont
1311 1383 22 20 la
1339 1383 126 25 déposition

994 1414 12 14 a
1014 1410 35 18 été
1059 1409 90 25 publiée
1158 1410 173 26 intégralement
1340 1418 40 18 par
1387 1412 79 22 VEcho

993 1436 29 20 de
1030 1436 70 22 Paris
1107 1438 30 20 du
1147 1442 13 22 9
1168 1438 67 20 avril.
1259 1438 92 22 D’autre
1368 1445 56 20 part,
1442 1441 24 20 le

980 1466 3 26 |
994 1465 27 20 Dr
1035 1465 99 25 Ricklin,
1153 1467 81 20 ancien
1252 1466 83 25 député
1355 1468 111 21 d’Alsace-

995 1493 107 21 Lorraine
1110 1500 29 14 au
1149 1494 122 25 Reichstag
1278 1499 23 16 et
1309 1496 115 24 président
1433 1497 31 20 du

994 1521 171 21 «Keimaibund
1174 1531 20 16 »,
1203 1523 77 20 devait
1292 1524 62 20 aussi
1367 1525 98 24 paraître

993 1556 88 14 comme
1095 1551 95 24 témoin,
1205 1551 67 23 mais,
1281 1557 29 14 au
1319 1551 36 21 dei
1360 1552 50 20 nier
1417 1559 47 14 mo-

994 1582 69 18 ment,
1073 1584 30 14 en
1120 1585 13 13 a
1152 1580 99 19 renoncé
1260 1579 13 18 à
1288 1579 133 25 l’entendre,
1438 1587 26 14 sa

992 1606 129 25 déposition
1147 1610 69 22 ayant
1250 1614 56 18 paru
1339 1608 125 22 désormais

992 1633 121 26 superflue.
1123 1634 33 21 Ce
1168 1635 53 25 qu’il
1231 1636 108 26 comptait
1347 1636 55 25 dire,
1410 1637 17 20 il
1435 1637 29 21 l’a

992 1662 78 24 publié
1077 1662 56 20 dans
1142 1669 32 14 un
1183 1664 147 25 supplément
1344 1665 83 24 spécial
1435 1666 30 20 de

992 1691 20 20 la
1020 1690 105 25 ZuUunft
1136 1691 31 21 du
1174 1692 26 20 23
1208 1692 68 21 avril.
1286 1692 65 21 Cette
1365 1694 100 24 publica-

992 1719 47 21 tion.
1048 1725 14 14 a
1071 1719 60 21 donc
1138 1722 50 18 tout
1195 1720 99 21 l’intérêt
1302 1722 66 22 d’une
1376 1722 89 26 déposi-

992 1747 47 21 tion
1048 1753 29 14 en
1085 1747 90 25 justice.
1184 1748 56 21 Rien
1250 1756 31 14 ne
1295 1750 85 21 saurait
1387 1751 77 21 mieux

993 1776 148 20 caractériser
1149 1776 22 20 la
1186 1777 108 21 situation
1305 1778 12 20 à
1325 1778 98 26 laquelle
1438 1786 26 14 se

992 1804 128 25 rapportait
1139 1804 23 20 le
1176 1806 81 24 procès
1272 1806 27 20 de
1312 1806 91 22 Colmar
1418 1814 46 19 que

991 1832 111 25 quelques
1111 1833 94 21 extraits
1213 1833 29 21 de
1250 1840 39 17 ces.
1303 1835 58 21 deux
1377 1836 88 25 déposi-

992 1860 67 24 tions,
1067 1860 57 20 celle
1136 1861 32 20 du
1180 1862 92 24 général
1288 1862 29 21 de
1324 1878 3 3 .
1333 1862 130 26 Castelnau,

992 1887 138 26 catholique,
1148 1889 59 23 mais
1221 1889 106 26 Français
1350 1892 28 20 de
1393 1892 72 21 Pinté-

992 1916 69 24 rieur,
1071 1920 23 16 et
1102 1917 59 21 celle
1174 1918 31 20 du
1227 1918 33 20 Dr
1278 1918 97 26 Ricklin,
1392 1921 73 25 égale-

992 1948 62 16 ment
1063 1945 139 25 catholique,
1208 1946 59 21 mais
1280 1947 103 21 Alsacien
1400 1952 64 20 auto-

992 1972 108 21 nomiste.

1239 2010 89 22 Alcide
1340 2010 91 27 Efcray.

1009 2035 53 16 ’Scew.c
1071 2037 18 15 de
1096 2038 75 18 Hongrie,
1179 2039 19 15 lo
1204 2040 68 14 Jaillet—
1273 2041 17 14 io
1297 2041 40 14 Août
1343 2040 39 15 4927.

1183 2062 19 22 (à
1209 2062 67 25 suivre)

1020 2138 29 23 Ci
1060 2140 163 24 sltristemua’
1232 2143 89 22 nutizia
1329 2144 25 21 di
1364 2150 14 16 a
1385 2147 79 20 morte

993 2175 146 25 piematura,
1148 2176 30 22 .in
1198 2175 102 28 Milanu,
1320 2177 25 21 di
1354 2184 14 15 u
1378 2181 84 19 nostru

994 2210 54 20 çapu
1061 2208 80 21 amicu
1153 2214 14 16 e
1179 2210 178 22 cullaburatore

1092 2246 82 23 Padre
1190 2248 102 23 Jacintu
1303 2249 65 23 Leca

1133 2280 29 23 di
1176 2282 139 23 Calenzana

1022 2318 109 24 Maestru
1143 2321 26 21 in
1181 2322 117 28 teoiogia,
1317 2322 147 24 Cunsultore

995 2352 23 22 di
1027 2359 13 14 a
1048 2352 204 30 Cungregazione
1261 2355 31 22 d’i
1306 2356 59 27 Riti,
1375 2358 89 21 Anzia-

995 2392 32 15 r.u
1033 2387 142 23 Assistante
1183 2388 25 22 di
1228 2394 16 16 u
1261 2388 27 22 P.
1307 2389 119 24 Generale
1437 2392 25 21 di

994 2418 113 24 l’Ordine
1119 2421 24 21 di
1155 2420 46 23 San
1212 2421 145 24 Dumenicu.

1022 2458 44 22 Era
1076 2466 33 15 un
1122 2461 112 27 sapiente
1252 2468 15 15 e
1289 2468 33 16 un
1335 2464 127 26 sanfomu,

996 2492 118 23 un’onore
1123 2494 32 28 pè
1167 2500 13 16 a
1191 2493 109 23 Corsica.
1315 2495 66 30 Ogni
1393 2503 71 17 corsu

995 2526 61 21 deve
1064 2526 153 24 addulurassi
1227 2528 24 22 di
1261 2534 47 18 aso
1318 2530 147 27 disparuzio-

980 2554 5 42 |
995 2565 29 16 ne
1037 2560 23 21 di
1069 2562 38 22 stu
1115 2562 101 25 mondu,
1228 2561 129 24 duv’ell’ha
1363 2565 103 21 lasciatu

980 2598 5 24 [
995 2598 13 16 a
1018 2594 189 22 testimunianza
1220 2595 57 21 d’un
1285 2595 42 28 pìu
1337 2602 14 16 e
1372 2598 93 27 impur-

980 2630 5 17 i
995 2628 67 20 tante
1072 2627 96 26 lavoru,
1181 2628 91 28 perché
1278 2630 122 22 truvavasi
1410 2636 55 16 esse

996 2659 39 22 un:
1037 2660 7 21 i
1047 2659 60 23 nfati
1109 2660 46 22 che
1155 2666 33 16 vu
1190 2662 22 21 le
1233 2663 165 27 raccoglidore
1415 2665 24 21 di
1451 2670 15 16 e

997 2696 83 20 nostre
1091 2696 119 21 memorie
1222 2697 104 22 antiché.

1554 144 83 46 Dopu
1654 158 18 24 a
1693 149 211 43 perquisizione

1529 231 24 25 Ü
1557 239 19 17 n
1578 240 17 16 a.
1607 235 157 25 manatella
1782 236 34 25 di
1829 237 104 25 letiare

1601 271 41 26 d'i
1655 275 96 24 nostri
1767 283 17 17 a
1786 276 43 25 mi
1829 276 29 25 ci

1717 349 45 23 Sgiò
1770 350 97 22 Direttorz,

1514 383 29 18 Un
1554 384 22 18 vi
1585 385 66 22 vogliu
1668 388 33 21 più
1719 389 60 21 piattà
1795 390 32 17 chi
1843 395 21 13 se
1876 391 28 17 mi
1918 395 49 18 sogu

1493 408 96 18 abbunatu
1596 414 10 13 a
1613 415 14 13 u
1631 413 69 16 vostru
1704 412 80 23 jurnali,
1791 415 175 18 unn’èsta'sanienti

1494 436 21 14 ca
1521 438 35 17 par
1561 434 64 22 leghia
1630 436 75 21 quaiebi
1715 440 134 17 cauzunettain
1858 445 55 13 corsu
1921 441 45 17 d’un

1493 461 31 14 me
1531 458 85 23 paisanu,
1623 464 17 18 e,
1649 463 136 21 parcuriusità,
1794 464 21 17 in
1820 464 90 22 seguitua
1915 466 51 16 tuttu

1494 482 29 17 ciò
1534 483 35 18 cbe
1583 484 60 18 sintia
1656 488 89 17 raecuntà
1762 488 78 18 intornu
1851 494 12 13 a
1875 490 33 18 voi
1920 495 47 13 eau

1494 508 66 17 vostru
1569 510 127 18 muvimentu.

1515 532 59 19 Micca
1580 534 35 18 cbe
1620 534 50 19 fussi
1681 541 28 13 un
1716 538 91 21 patriotta
1815 539 50 18 ultra
1878 540 87 22 francesi,

1493 556 68 19 luntan
1566 559 24 16 da
1595 559 63 21 quista
1665 560 6 18 !
1687 561 51 22 Sogu
1746 563 53 17 statu
1809 563 113 19 abbastanza
1929 570 38 12 una

1494 582 57 20 volta,
1559 587 12 12 e
1578 588 19 12 m
1604 583 11 18 è
1622 586 75 17 custata
1705 588 38 16 ùna
1749 588 69 21 gamba
1824 590 141 21 aggrunchiata;

1494 610 11 13 e
1515 611 11 12 a
1534 607 31 17 chi
1576 607 39 19 fine
1620 608 10 18 ?
1638 611 74 17 Uramai
1723 616 12 13 a
1744 616 79 18 sapemu
1829 614 47 17 tulti
1881 613 5 18 !

1515 631 51 30 Ayìu
1581 635 77 20 speralu
1679 640 52 14 corne
1741 637 54 17 tutt’i
1816 639 97 18 cursarelli
1935 640 31 17 chi

1494 657 48 17 seoei
1556 658 63 18 andali
1633 663 12 13 a
1655 660 48 18 facci
1714 662 118 22 matravirsù,
1855 664 31 17 chi
1894 664 52 18 forsa
1952 669 14 13 u

1495 681 96 19 sacrifizin
1596 687 29 14 un
1630 684 51 18 sarla
1689 686 52 18 statu
1749 686 22 18 in
1781 691 58 18 vaDu,
1850 693 11 13 e
1869 689 32 17 ebi
1914 690 49 21 dopn

1493 705 108 24 l’accalraia,
1613 713 28 13 un
1648 710 71 22 unghia
1728 711 21 17 di
1763 712 136 19 ricunuscenza
1914 716 51 16 saria

1494 731 51 18 tocca
1549 732 128 20 a’nostr’isula
1682 735 136 19 abbandunata.

1515 756 117 23 Takeramu,
1640 759 34 17 tali
1696 760 64 18 semul
1779 762 49 21 anzi,
1849 763 18 17 di
1882 764 46 17 maii
1944 764 21 17 in

1493 781 77 21 pegbiu,
1583 785 140 17 eccuunostru
1737 785 96 19 binifiziu.

1515 805 27 17 Ed
1554 810 45 14 eccu
1612 807 36 18 che
1662 812 51 18 vegu
1730 809 32 18 chi
1776 815 15 13 u
1807 812 42 17 soin
1862 812 102 22 jurnaïellu

1493 830 121 23 curagbiosu,
1620 833 16 17 A
1644 832 73 22 Muvra,
1726 834 32 17 chi
1765 837 72 17 mostra
1847 837 117 19 tatt’imaca-

1493 855 33 21 gni
1540 859 11 13 e
1565 857 62 21 scopri
1644 857 53 18 tull’i
1712 859 89 22 purcarii,
1812 861 37 17 faci
1865 863 73 17 scatinà
1953 868 11 13 a

1493 879 68 18 coliara
1566 882 102 18 sutfarrata
1673 882 20 18 di
1700 883 55 21 quilli
1763 884 99 24 (patriotti)
1869 887 31 17 chi
1914 888 51 18 s’im-

1492 903 82 19 botranu
1588 906 125 23 a’rastigliera
1727 908 51 19 duva
1789 914 14 13 u
1816 911 45 17 ienu
1875 911 11 18 è
1897 914 66 17 nostru

1493 929 67 18 sudore
1569 935 11 13 e
1587 935 12 13 a
1604 932 98 21 pruvenda
1709 933 67 18 nostru
1784 935 68 23 sangui
1857 935 6 17 !
1871 936 36 18 Era
1914 939 50 17 lutta

1493 954 50 21 quici
1553 959 12 13 a
1570 955 48 18 bona
1624 960 47 14 cura
1678 956 21 18 di
1706 961 11 13 a
1722 961 82 15 mamma
1809 960 81 22 pintita?

1514 978 48 19 Caru
1571 980 42 22 sgiò
1617 980 97 22 Diretfcori,
1723 982 21 18 vi
1750 988 61 18 pregu
1817 984 19 18 di
1846 985 66 19 fammi
1918 987 45 22 sapé

1492 1007 56 15 cornu
1555 1004 28 18 s’è
1590 1006 79 21 passatu
1673 1007 53 17 tuttu
1732 1007 86 19 st’affari.
1824 1009 22 18 In
1850 1011 53 17 tuttu
1911 1016 53 17 casu;

1492 1032 21 14 se
1518 1032 48 19 sogu
1574 1030 52 18 statu
1630 1035 28 13 un
1666 1031 65 22 tepidu
1736 1034 68 17 vostru
1820 1034 70 22 lettori,
1899 1038 65 16 cunte-

1494 1052 40 18 limi
1545 1058 11 13 a
1564 1055 72 21 parcasi
1641 1056 24 17 da
1670 1055 57 23 oghie
1734 1061 53 14 corne
1792 1059 96 19 muvristu
1892 1062 70 17 accani-

1491 1079 28 16 tu.
1525 1077 17 18 U
1550 1083 31 13 me
1586 1078 24 18 20
1613 1084 35 17 par
1656 1081 56 17 centu
1716 1085 27 14 un
1749 1081 53 19 basta
1809 1088 33 17 par
1859 1085 100 22 tappammi

1492 1107 11 13 a
1507 1102 63 19 bocca.

1512 1127 27 18 Mi
1546 1130 95 20 pennettu
1649 1129 21 18 di
1678 1130 113 23 stringhiavi
1799 1137 38 14 una
1844 1138 63 14 manu.

1709 1166 70 19 Petru
1787 1168 153 21 Ramatislmu,

1760 1238 50 19 Cher
1817 1240 45 21 ami,

1512 1272 36 18 J’ai
1555 1273 63 21 appris
1627 1278 24 13 en
1662 1278 54 15 cours
1729 1276 24 18 de
1769 1278 55 18 route
1839 1279 20 17 la
1874 1281 87 18 nouvelle

1491 1299 94 22 répandue
1592 1305 46 14 avec
1654 1306 148 18 empressement
1809 1310 34 18 par
1850 1307 29 17 les
1883 1309 78 20 «grands

1490 1327 104 22 journaux»
1611 1328 150 21 d’informations
1767 1336 6 17 ;
1782 1336 72 15 comme
1869 1334 53 19 lever
1938 1336 23 18 de

1491 1355 71 22 rideau,
1576 1360 48 18 pour
1630 1357 29 17 les
1672 1358 157 21 représentations
1842 1361 24 18 de
1879 1362 19 18 la
1913 1363 48 18 foire

1491 1382 104 23 électorale,
1604 1388 22 14 ce
1633 1384 50 18 n’est
1690 1390 33 17 pas
1735 1387 45 21 mal,
1789 1388 53 21 mais,
1852 1390 53 18 entre
1912 1395 49 16 nous

1490 1411 19 17 le
1517 1412 42 17 truc
1575 1413 29 16 est
1616 1412 42 22 déjà
1666 1413 64 22 vieux,
1739 1415 20 16 et
1769 1415 50 18 cette
1829 1417 61 22 police
1897 1417 64 24 politi-

1490 1443 42 17 que,
1540 1439 64 21 avilie,
1614 1440 121 23 déshonorée,
1741 1446 26 15 ne
1774 1442 35 18 fait
1816 1447 33 18 pas
1858 1450 72 17 preuve
1938 1450 23 17 de

1490 1467 95 22 beaucoup
1601 1467 149 23 d’imagination.

1510 1494 16 18 Il
1534 1495 30 17 est
1572 1495 42 17 vrai
1621 1499 38 18 que
1667 1496 19 18 le
1692 1496 66 23 champ
1768 1498 99 23 d’exploits
1875 1507 24 14 en
1915 1503 44 18 Cor-

1490 1525 21 14 se
1521 1522 30 18 est
1564 1526 53 14 assez
1630 1524 90 18 restreint
1728 1526 19 17 et
1763 1530 25 15 ne
1800 1531 73 19 permet
1880 1535 33 17 pas
1930 1536 31 14 ces

1490 1549 102 19 offensives
1599 1550 25 19 de
1632 1552 59 22 grand
1699 1553 49 23 style
1765 1555 24 17 où
1806 1556 19 18 le
1838 1558 123 20 malheureux

1489 1577 85 23 Philippe
1579 1578 78 23 Daudet,
1666 1580 83 23 Plateau,
1756 1582 70 24 Berger
1831 1586 20 16 et
1858 1585 45 19 bien
1910 1587 51 19 d’au-

1489 1606 39 18 tres
1535 1606 101 19 laissèrent
1644 1607 18 18 lu
1670 1612 54 18 peau.
1733 1610 16 17 Il
1757 1610 42 20 faut
1805 1613 47 19 donc
1860 1618 21 14 se
1889 1615 72 19 limiter

1489 1634 12 18 à
1507 1634 34 18 des
1548 1634 108 22 opérations
1667 1641 72 15 comme
1748 1639 48 19 celle
1810 1641 46 18 dont
1868 1642 22 18 tu
1900 1641 61 21 ‘viens

1489 1662 57 19 d’être
1553 1663 86 23 victime,
1648 1666 88 21 question
1743 1667 25 18 de
1782 1672 21 14 se
1811 1668 47 20 faire
1873 1670 19 18 la
1903 1672 56 18 main.

1510 1690 25 20 La
1542 1692 88 22 question
1635 1693 107 19 alsacienne
1753 1699 12 14 a
1773 1695 81 23 laquelle
1870 1699 22 17 tu
1908 1700 53 18 avais

1488 1718 20 19 le
1514 1719 67 19 devoir
1588 1720 24 18 de
1616 1720 118 20 t’interesser
1742 1723 43 19 leur
1792 1729 12 14 a
1811 1725 68 19 fourni'
1886 1732 26 13 un
1920 1728 41 22 pré.

1489 1747 50 19 texte
1548 1748 55 22 qu’ils
1618 1750 33 17 ont
1666 1750 109 20 vainement
1787 1752 80 21 cherché
1879 1756 82 23 pendant

1489 1776 33 18 des
1529 1777 99 18 années....

1509 1804 51 18 Nous
1568 1805 94 20 haussons
1674 1808 28 18 les
1710 1808 77 24 épaules
1795 1814 46 15 avec
1849 1812 28 18 toi
1884 1813 20 17 et
1919 1817 42 18 per-

1489 1832 99 20 sérvérons
1596 1834 47 20 dans
1649 1835 20 19 la
1681 1836 84 20 croisade
1773 1842 37 18 que
1825 1839 22 18 tu
1861 1844 21 14 as
1899 1842 62 18 entre-

1489 1861 52 25 prise
1547 1866 48 18 pour
1602 1863 20 18 la
1629 1863 62 19 sainte
1697 1869 63 15 cause.

1511 1888 72 20 Strinca
1589 1890 21 19 di
1618 1895 58 15 manu
1683 1892 90 20 fratema.

1692 1927 112 24 Pasquale
1811 1929 114 21 Manîredi

1669 1992 48 20 Caru
1725 1993 46 24 Sgiò
1777 1994 95 19 Direttore

1521 2024 95 24 Accampu
1623 2026 20 18 di
1651 2031 12 13 a
1670 2027 18 17 A
1694 2027 66 19 Muvra
1768 2027 6 19 !
1782 2027 5 19 !

1523 2052 71 19 L’ccchi
1602 2054 94 22 s’aprenu,
1705 2055 17 18 si
1731 2056 143 22 spalancanu....
1883 2058 76 18 chià?...

1490 2085 13 13 u
1521 2081 119 19 muvimentu
1661 2084 82 18 cursistu
1752 2085 125 19 autonomista
1895 2087 66 18 unn’e-

1489 2108 54 19 sistia
1551 2109 36 18 che
1600 2110 22 18 iu
1628 2110 23 18 lu
1661 2111 82 19 eerbellu
1749 2112 22 18 di
1781 2113 76 22 qualchi
1864 2118 72 18 scemu,
1950 2120 11 14 a

1490 2136 74 19 Corsica
1573 2142 31 14 era
1612 2138 119 20 infrancisila
1738 2141 49 17 tutla
1795 2141 21 18 di
1822 2146 50 18 core,
1881 2142 80 19 d’anima

1490 2169 12 14 e
1509 2165 20 17 di
1537 2170 72 18 sangue
1617 2168 82 18 cum’eiii
1707 2168 148 22 pruclamavanu
1859 2170 53 18 tutt’i
1916 2176 46 14 ven-

1489 2193 17 17 ti
1513 2193 21 18 di
1539 2198 12 13 u
1558 2194 133 24 giurnalismu,
1700 2197 47 22 eppò
1752 2197 37 18 avà
1794 2198 19 18 si
1817 2198 71 18 cambia
1893 2199 69 23 dipen-

1490 2225 46 15 seru
1541 2220 10 20 ?

1510 2249 21 18 Si
1538 2250 91 23 principia
1637 2257 12 13 a
1657 2252 56 19 crede
1725 2253 31 18 chi
1765 2259 13 13 u
1786 2254 74 23 riggiru
1868 2255 26 18 d’i
1902 2256 59 18 senti-

1489 2278 60 18 menti
1554 2279 50 18 corsi
1609 2280 92 18 continua
1708 2286 11 13 a
1725 2285 21 14 so
1754 2282 71 22 strada,
1831 2282 31 19 chi
1867 2288 14 13 u
1888 2284 41 18 sole
1933 2284 28 18 iu-

1489 2309 27 18 ce,
1526 2306 31 18 chi
1564 2311 13 13 a
1584 2307 115 19 Muvrarella
1704 2308 11 19 è
1723 2314 34 17 per
1765 2310 86 22 quaìeosa
1859 2311 22 19 in
1889 2312 31 18 stu
1928 2316 34 14 no-

1488 2338 28 13 vu
1523 2335 53 17 statu
1584 2335 18 17 di
1612 2340 11 13 e
1631 2336 80 18 cose?...

1510 2362 36 18 Via
1557 2363 84 23 dnnque,
1660 2365 23 17 ed
1693 2365 68 19 evviva
1775 2367 113 23 sl’aecampu
1895 2368 20 18 di
1923 2373 14 12 u
1950 2367 12 19 3

1489 2389 103 24 Ferraghiu
1598 2390 6 19 !

1510 2418 46 19 Ell’è
1561 2423 13 14 a
1580 2424 59 18 prova
1644 2420 71 23 sicnra,
1722 2422 144 20 evidentissima
1874 2424 31 18 chi
1913 2430 14 13 u
1935 2425 28 18 la-

1488 2450 50 14 voru
1544 2448 91 18 muvrinu
1643 2449 12 17 è
1662 2448 58 20 bonu.

1510 2474 98 23 Inquant’a
1615 2476 103 23 Marianna,
1724 2482 27 14 un
1759 2478 25 22 pè
1792 2479 57 22 perde
1858 2480 35 18 che
1899 2486 13 12 u
1923 2485 39 14 res-

1489 2503 23 18 tu
1518 2502 20 19 di
1546 2503 82 19 fiduccia
1633 2504 74 19 eh’omu
1715 2506 125 20 l’accurdava.
1847 2508 116 23 Lampendu-

1490 2530 18 18 si
1514 2535 37 14 cun
1559 2535 43 15 core
1610 2532 80 24 leggeru
1697 2535 60 17 nantu
1771 2539 11 13 a
1789 2535 39 18 tela
1835 2537 73 17 tessuta
1919 2537 21 17 di
1950 2542 13 13 a

1490 2557 75 20 Liherxà
1573 2564 34 18 per
1614 2561 53 18 ténlà
1675 2561 21 18 di
1704 2563 105 18 sôraccialîa
1817 2568 24 14 eu
1849 2568 11 14 e
1870 2568 22 14 so
1901 2565 62 22 sgrin-

1489 2586 28 18 fie
1523 2587 21 17 di
1554 2592 62 18 maga,
1625 2589 42 18 face
1674 2590 51 18 vede
1731 2590 113 19 cioech’ell’è
1850 2596 5 13 :
1864 2596 39 14 una
1915 2597 47 13 vera

1490 2614 101 23 matrigna,
1599 2616 71 18 nimica
1678 2617 20 17 di
1709 2622 11 13 a
1728 2617 63 19 Patrïa
1799 2618 63 19 Corsa.
1871 2619 29 18 Un
1907 2620 19 18 ci
1937 2624 25 14 ne

1479 2645 2 8 ;
1491 2643 122 18 scurdoremu
1620 2644 44 18 mai.

1513 2670 25 18 Vi
1551 2671 69 18 rinovu
1639 2672 132 20 l’assicurezza
1792 2675 27 17 d’i
1841 2675 38 19 miô
1893 2676 70 18 sineeri

1479 2705 2 4 1
1492 2699 49 17 séné
1542 2700 60 18 menti
1607 2700 34 18 evi
1647 2701 97 23 stringhiu
1748 2702 150 20 curdialmectee
1903 2704 58 19 mani.

1479 2724 2 31 !
1699 2735 113 19 Rustiucu
1820 2736 24 19 di
1849 2737 91 18 Loreto.

2030 148 164 31 Peura'o
2211 147 216 37 Ipocrisia?

2017 233 114 20 L’Unione
2164 232 111 25 populare
2318 236 148 24 republicana

1991 263 111 21 d’AIsazia
2119 263 30 20 ha
2171 263 119 25 publicatu
2310 266 160 22 ultimamecc-v

1991 301 45 13 una
2049 294 168 20 ciichiarazione
2228 294 112 26 inspirata
2353 297 29 20 da
2391 304 14 14 u
2414 297 52 25 Sgi?.

1992 324 100 26 Pfléger,
2101 325 110 24 deputatu
2220 325 23 19 di
2257 325 70 21 î’Aliu
2337 327 89 24 Renu,e
2433 328 36 20 chi

1991 355 141 25 disapprova
2157 361 16 14 u
2200 355 87 24 partitu
2314 358 141 21 autonomisî
2464 367 7 11 •:

1991 385 116 21 alsazianu
2124 385 127 21 bench’ella
2269 387 61 24 copii
2349 395 13 12 u
2380 395 25 13 so
2420 395 51 18 pre-

1991 422 64 18 grain
2059 423 44 13 ma.

2013 449 95 17 «L’Union
2117 449 99 22 (U.P.R.N.
2217 448 32 24 A.)
2254 448 72 20 insiste
2330 455 34 13 sur
2368 451 18 19 le
2393 451 74 23 failqvo

1991 478 11 13 e
2012 474 151 22 gouvernement
2167 479 12 12 a
2186 478 39 14 non
2241 474 108 19 seulement
2365 477 19 17 le
2401 477 66 17 devoir

1991 499 25 17 de
2024 499 81 22 prendre
2113 499 33 17 des
2154 503 88 14 mesures
2247 499 24 18 de
2280 500 124 22 représailles,
2419 502 49 18 mais

1991 524 47 21 qu’il
2056 524 41 17 doit
2115 524 97 22 pratiquer
2225 525 77 17 surtout
2322 530 39 14 une
2376 526 92 23 politique

1991 549 131 17 constructive
2136 554 23 12 en
2168 548 73 23 faisant
2251 549 113 23 disparailre
2374 551 26 18 les
2407 556 61 14 cause?

1992 573 25 17 du
2022 573 77 18 inalaise
2111 573 81 18 existant
2203 574 34 22 qui
2248 575 30 17 est
2288 575 83 21 exploité
2384 576 48 18 dans
2439 581 26 13 u.i

1991 602 45 14 sens
2041 598 132 18 antinational.
2181 597 28 19 On
2212 598 61 23 guérit
2277 604 36 13 une
2318 599 80 19 maladie
2403 600 17 18 le
2424 601 42 22 plus

1991 622 114 24 rapidement
2113 623 60 23 quand
2180 628 24 13 on
2212 624 59 18 écarte
2277 623 27 19 les
2308 629 67 15 causes.

2013 648 124 18 «Laréforme
2145 649 26 17 du
2177 649 115 18 mécanisme
2297 650 138 19 administratif

1990 673 20 17 ia
2014 672 72 19 France
2094 674 46 18 dans
2147 674 20 18 le
2173 678 45 14 sens
2226 675 58 17 d’une
2297 675 51 23 large
2361 676 106 18 décentrali-

1990 697 60 19 sation
2063 698 96 23 régionale,
2173 699 101 18 l’abolition
2296 700 23 18 de
2333 699 20 19 la
2364 700 102 24 Législation

1990 722 142 24 antireligieuse,
2141 724 20 18 et
2168 728 39 14 une
2214 724 92 23 politique
2323 724 118 25 linguistique
2448 731 19 13 es

1990 747 77 18 scolaire
2074 748 92 18 conforme
2173 753 40 13 aux
2217 748 59 19 désirs
2284 749 23 18 de
2315 749 19 18 la
2347 750 85 23 majorité
2443 751 22 17 de.

1989 773 52 17 notre
2044 773 114 22 population,
2167 774 84 17 seraient
2264 775 25 16 de
2296 776 69 17 nature
2372 776 11 17 à
2391 776 74 22 apaise*’

1989 797 29 18 les
2023 798 71 22 esprits
2102 799 20 16 et
2129 798 11 17 à
2148 798 63 18 servir
2216 799 19 17 le
2244 799 65 18 mieux
2318 800 29 18 les
2353 800 80 19 intérêts
2441 803 23 16 de

1990 822 18 17 la
2016 821 77 19 France.
2100 828 9 11 »

2016 848 172 22 L’auicnomisti
2210 850 126 24 Alsaziani,
2355 851 110 24 Brettoir,

1990 878 74 24 Corsi,
2073 885 32 14 un
2114 880 147 20 dumandanu
2270 881 61 20 altru
2340 882 42 20 che
2403 883 23 19 di
2441 882 23 21 fâ

1990 909 61 24 spari
2057 909 47 21 «les
2109 916 81 14 causes
2196 910 33 20 du
2235 912 100 20 malaise
2338 913 115 20 existant*
2455 928 6 5 -

1989 945 13 14 e
2011 946 31 13 un
2052 940 53 20 rida
2108 947 35 14 ma
2146 948 31 13 nu
2186 942 60 19 altru
2261 942 43 20 che
2315 943 41 20 «la
2367 944 96 24 réforme

1989 970 32 20 du
2037 972 140 20 mécanisme
2197 973 176 25 administratif
2392 975 30 20 de
2438 975 25 21 la

1989 1001 91 20 France
2094 1002 61 20 dans
2180 1003 23 20 le
2220 1009 55 15 sens
2300 1004 71 21 d’une
2395 1006 67 25 large,

1989 1031 204 22 décentralisation
2207 1034 135 24 régionale»

2013 1062 87 24 Allora,
2110 1064 83 23 perché
2210 1063 162 23 I’U.G.R.N.A.
2385 1067 8 19 i
2402 1073 62 15 cunx-

1989 1092 62 20 batte
2059 1099 13 13 e
2089 1099 100 19 approva
2202 1101 14 13 u
2233 1101 107 18 guvernu
2358 1103 107 18 persecu-

1989 1125 47 17 tore
2044 1122 13 20 ?

2013 1148 16 24 È
2043 1160 41 17 per
2096 1161 70 17 peura
2174 1161 13 14 o
2196 1162 41 19 per
2251 1156 109 25 ipocrisia
2366 1159 12 20 ?

2374 1188 58 21 SC.

1987 1285 183 51 mmiE
2196 1290 53 47 m
2279 1291 179 48 CÛRBICA

2009 1388 98 23 Ajacciu
2112 1400 23 4 —
2139 1391 61 19 Morte
2207 1393 20 17 di
2235 1398 13 13 u
2257 1392 46 24 Sgiô
2312 1394 105 24 Ghiaseppn
2424 1396 39 18 Ma-

1986 1414 29 18 ria
2023 1415 120 23 Gambarelli,
2151 1416 22 18 81
2183 1422 58 14 ancu.

2009 1447 117 20 Antisanti
2129 1459 23 3 —
2156 1450 60 19 Morte
2224 1452 21 17 di
2252 1456 14 14 u
2275 1452 45 23 Sgiô
2328 1453 59 19 Santa
2396 1455 33 18 Pie
2430 1456 23 17 tri

2008 1481 80 19 Bastia
2092 1492 23 4 —
2121 1483 122 20 Matrimoniu
2250 1486 21 17 dl
2279 1486 129 20 Madamicella
2414 1488 48 18 Ade-

1986 1506 39 18 lina
2031 1507 79 18 Armani
2118 1512 23 14 eu
2148 1513 15 13 u
2171 1508 44 24 Sgiô
2223 1509 110 25 Gbiaseppu
2340 1513 94 18 Fantozzi.

2008 1540 22 4 —
2035 1532 61 18 Morte
2107 1534 116 19 accidentale
2231 1535 21 18 di
2264 1536 129 20 Madamicella
2406 1538 56 18 Fr»r,-

1986 1557 87 18 cescbina
2081 1557 129 25 Vineiguerra,
2216 1562 73 17 easeata
2294 1562 25 18 da
2326 1567 14 13 u
2346 1564 52 16 lerzu
2404 1564 55 22 pian-

1986 1582 20 17 di
2013 1587 12 13 a
2032 1587 44 13 casa
2084 1583 81 19 duv’ella
2173 1586 60 18 stava.

2007 1616 23 4 —
2038 1607 65 23 Morte,
2113 1609 20 17 iu
2143 1609 69 23 Borgu.
2218 1610 21 18 di
2247 1610 128 20 Madamicella
2386 1614 16 17 A
2403 1618 39 18 gnu
2442 1614 19 18 F

1986 1632 83 23 Arrlghi,
2079 1633 101 19 stitutrice.

2007 1667 24 4 —
2038 1657 59 19 Morte
2105 1659 20 17 di
2133 1664 13 13 u
2154 1659 45 23 Sgiô
2206 1660 198 25 AntoneScampucci.

2007 1692 23 4 —
2038 1683 60 19 Morte
2105 1684 21 18 di
2132 1684 84 19 Madama
2224 1685 63 23 GesLa,
2297 1692 11 13 a
2316 1688 44 22 Aix,

2008 1716 120 19 Bonifaziu
2137 1727 24 4 —
2174 1718 60 20 Morte
2248 1720 20 18 di
2279 1720 81 19 FiJicina
2372 1721 64 23 Sorba,
2449 1733 12 8 -,

1986 1742 50 18 anni.

2007 1775 153 24 Bslgodere—
2172 1777 65 23 Morte,
2256 1779 21 18 in
2294 1780 53 21 TQÌÒ,
2361 1781 19 18 d?
2391 1786 15 13 u
2416 1781 45 23 Sg5->

1986 1801 104 19 Francescn
2097 1802 57 18 Maria
2162 1802 128 24 Simonpietri,
2300 1805 24 18 oS
2332 1806 51 18 anni.

2009 1834 100 24 Campîle
2123 1845 23 4 —
2159 1836 122 20 Matrimoniu
2297 1839 21 17 di
2334 1840 128 20 Madamicella

1986 1860 58 18 Maria
2051 1860 67 19 Divota
2126 1861 92 23 Giorgetti
2226 1867 25 14 eu
2258 1868 14 13 u
2281 1863 45 24 Sgiô
2333 1865 73 19 Matteu
2416 1866 46 19 Gr,.-

1986 1886 56 18 ziani.

2008 1919 132 20 Fozzauu—
2147 1921 67 23 Morle,
2222 1923 23 18 in
2252 1924 106 23 Arbellara,
2367 1926 21 18 di
2396 1931 13 13 u
2417 1926 25 19 Sa
2454 1931 7 14 >

1986 1945 59 19 Pauiu
2053 1946 57 18 Marie
2119 1946 80 23 Nicclai,
2208 1948 21 17 76
2239 1950 52 16 anni.

2007 1978 66 19 Letia
2082 1978 45 20 Saoi
2132 1980 77 18 Rccou
2214 1982 87 18 —Morte
2306 1983 21 17 di
2332 1988 13 13 u
2354 1983 44 23 Sgiô
2403 1984 59 19 Fabia

1986 2004 75 24 Pagani.

2009 2038 91 20 Oüvesè
2105 2049 22 3 —
2132 2039 66 23 Morte,
2205 2041 21 17 in
2234 2041 70 23 Parigi,
2314 2042 20 18 di
2341 2047 15 13 u
2364 2042 44 24 Sgiô
2416 2043 46 19 Sai.-

1986 2065 22 18 tu
2017 2064 47 18 Poli.
2074 2078 4 4 .

2008 2099 22 4 —
2038 2090 66 22 Morte,
2114 2091 21 18 in
2148 2091 70 23 Parigi,
2227 2092 21 18 di
2261 2092 128 20 Madamicella
2401 2095 62 17 Ant;;-

1986 2116 60 18 nietta
2055 2115 90 23 Cipriani.

2009 2149 117 19 Oîmeta—
2138 2150 60 18 Morte
2215 2151 20 17 di
2252 2152 130 18 madamicella
2393 2153 68 19 Felicia

1986 2174 93 22 Paldacci,
2088 2174 23 18 22
2122 2176 51 17 anni.

2008 2209 22 4 —
2038 2199 61 19 Morte
2106 2200 20 18 di
2135 2205 12 13 u
2162 2200 45 23 Sgiô
2221 2201 107 19 Gbiacumu
2335 2202 92 24 Paldacci,
2439 2204 23 18 à'2

1986 2225 51 18 anni.

2008 2258 158 19 Pietraserena
2170 2269 23 4 —
2201 2260 16 18 U
2231 2261 84 23 giovanu
2327 2262 69 24 Luiggi
2407 2262 55 19 Gim.-

1986 2284 69 21 nesini,
2064 2289 12 12 a
2084 2285 60 17 eaeeia
2152 2290 11 12 a
2171 2290 13 13 u
2197 2286 80 22 cignale,
2292 2287 28 18 s’è
2337 2288 67 18 ioubu
2414 2293 27 13 ac:
2453 2298 9 4 -

1986 2309 127 19 dentalmente
2121 2314 23 14 eu
2152 2315 15 13 u
2175 2315 21 13 so
2204 2314 78 20 propriu
2291 2312 64 19 facile.

2007 2344 24 4 —
2038 2334 61 19 Morte
2103 2335 21 18 di
2134 2341 13 12 u
2155 2335 45 23 Sgiô
2208 2336 110 24 Ghiaseppu
2326 2338 62 18 Anton
2389 2344 11 13 e
2408 2338 53 20 Casa-

1986 2364 56 17 nova,
2050 2360 55 18 dettn
2112 2360 90 19 Pantoce.

2009 2392 47 19 San
2062 2392 96 20 Vlicolao
2167 2403 22 4 —
2198 2395 60 19 Morte
2265 2396 21 18 di
2298 2396 85 19 Madama
2394 2397 68 19 LUIIrs

1986 2418 93 18 Velattini
2086 2420 44 17 nata
2137 2419 97 19 Marchini.

2009 2451 237 21 Soccia—Matrimoniu
2254 2455 20 17 di
2280 2455 129 20 madamicella
2424 2457 38 18 Àx.-

1986 2480 82 18 tanietta
2074 2479 91 20 Gttavioli
2172 2486 24 14 eu
2204 2487 13 13 u
2225 2482 45 24 Sgiô
2279 2484 23 17 A.
2312 2483 20 18 F.
2337 2484 89 19 Colonna.

2008 2518 108 20 Talasauj.
2121 2519 207 21 Tox—Matrimoniu
2339 2523 22 18 di
2373 2524 89 18 madau-i-

1986 2547 47 18 cella
2042 2546 90 19 Giannini
2138 2552 25 14 eu
2172 2553 15 12 u
2200 2548 45 23 Sgiô
2253 2549 92 20 Vincente
2357 2551 82 19 Caleadii
2454 2565 6 5 .

2008 2585 234 25 Talîone-Juccaghiu
2247 2598 24 4 —
2275 2589 62 19 Morte
2349 2590 21 18 di
2376 2591 86 18 madame

1986 2613 87 18 Juvanna
2081 2614 94 22 Angelini,
2184 2616 44 17 nata
2234 2615 109 23 Giudiceili,
2352 2618 86 19 21annu.

1987 2694 99 23 Aiaeciu
2094 2707 29 5 —
2134 2696 134 30 Stamparia
2282 2698 24 23 di
2315 2700 23 22 A
2349 2700 106 25 Muvra,

1988 2732 21 23 U
2018 2733 242 28 Diretlore-Gerente:
2270 2739 73 24 Petru
2353 2740 82 23 BOCP
2440 2744 12 14 A

15 2829 83 33 Fjgjittina
106 2838 19 18 à;
128 2838 21 19 A
153 2839 80 18 Muvra
238 2849 17 3 -
267 2844 19 13 n.
293 2838 65 18 83-ài
363 2842 14 14 u
385 2835 76 20 10-2-28

31 2871 229 81 PASWâft
293 2889 145 51 PAOU

195 2960 67 19 GS3IA

18 3035 10 8 „
35 2997 3 3 ’
46 2992 33 37 k
94 2995 77 37 Rsîis
189 2997 31 36 di
234 2996 177 37 Pûakâ’MW
427 3010 4 2 -

18 3034 185 36 UCONTOCO
209 3047 61 23 RSO
276 3043 187 27 DELSECGLO

185 3081 83 23 XVIII

219 3115 22 18 DI

91 3141 31 25 iT.
136 3144 35 24 'il.
353 3144 10 24 i

167 3257 127 30 (Seguilo)'

36 3308 77 24 "Non
131 3314 20 21 ci
164 3320 39 16 era
217 3315 29 22 da
258 3313 169 29 appuntellare
445 3312 22 20 la

18 3338 40 22 Casa
68 3349 40 20 P^r
117 3348 87 22 timoré
216 3350 24 20 cü
253 3348 78 22 ruina.

37 3370 99 31 ■^iariano
151 3381 118 29 lingendo
280 3387 52 16 non
346 3385 74 17 avéré
431 3379 37 20 in-

25 3409 32 17 vS°
66 3413 110 25 continué
184 3422 6 14 :
199 3422 40 16 ma
251 3416 60 21 siete
318 3414 94 22 vennto
422 3416 46 17 con

17 3436 23 39 ?
48 3438 81 30 brarîCo
141 3448 24 21 di
183 3449 80 22 bestie
280 3454 13 16 e
306 3448 24 22 di
348 3444 119 26 cristiuni,

18 3469 36 44 ^‘Zl
62 3479 42 19 CGî1-
115 3485 32 16 un
157 3483 90 22 eretico
254 3489 6 14 :
273 3488 13 15 e
297 3486 69 17 corne
379 3485 27 16 se
418 3481 51 19 ios-

18 3512 19 8 "
44 3510 54 22 POco
108 3514 32 20 mi
152 3515 21 21 ci
182 3519 72 19 avete
260 3517 74 21 tiatto
340 3514 82 27 legato
428 3516 39 16 ati-

19 3538 21 46 ^
49 3537 116 32 Giovanni
178 3549 104 23 Brando.
294 3548 22 22 C
329 3544 140 31 qaesta^che

20 3571 65 42 n°V1^
104 3578 13 21 è
125 3582 59 21 stata
191 3583 13 21 ?
216 3583 72 22 Dove
300 3587 50 16 non
371 3580 20 21 si
411 3582 59 24 gua-

20 3605 67 45 ca^Da,
99 3611 92 26 fratello
203 3618 61 24 mio,
275 3617 24 21 la
310 3614 94 29 perdita
417 3614 13 18 è
439 3616 31 15 si-

20 3637 49 46 ^*ira‘
84 3642 30 23 Se
122 3650 77 20 costui
217 3650 118 22 commise
351 3644 118 25 malefîzio

82 3681 106 22 pensarci
201 3684 23 20 al
240 3683 109 28 bsrgello
355 3687 7 16 :
382 3680 88 21 adesso

20 3705 25 31 _1
54 3709 64 22 avete
128 3718 82 20 messo
223 3722 28 16 su
259 3717 23 21 le
290 3715 97 23 braccia
394 3711 59 23 tutti
462 3716 8 15 i

32 3736 64 26 arenti
103 3744 24 22 di
140 3746 80 24 Giovà
228 3756 7 13 :
246 3755 49 17 non
304 3749 106 22 rinnano
419 3744 52 22 dire

491 2836 44 22 che
546 2841 43 17 ora
605 2836 20 21 si
638 2836 24 21 fa
680 2835 84 22 buona
778 2834 125 28 giustizia;
924 2839 42 15 me

490 2876 31 15 ne
530 2870 186 26 rallegrotanto,
729 2874 39 16 ma
775 2873 27 16 se
813 2868 34 21 mi
857 2866 108 28 tagliane

490 2903 35 28 gli
534 2903 69 25 olivi.
615 2906 152 18 ammazzano
775 2902 24 21 le
810 2900 87 25 bestie,
911 2900 56 21 bru-

491 2937 71 21 ciano
571 2938 23 20 le
604 2936 81 25 biade^
694 2933 165 23 accintolcmo
869 2934 8 21 i
890 2935 78 19 casta-

491 2970 50 28 gni,
555 2969 38 23 chi
607 2969 33 22 mi
648 2968 45 23 rifà
700 2969 5 21 i
708 2969 10 21 l
724 2968 99 22 danne?
832 2966 18 22 E
859 2972 26 16 se
897 2972 22 16 m
922 2972 43 16 en-

492 3009 37 17 tre
538 3003 63 21 vaclo
611 3004 96 21 attorno
716 3007 45 23 per
766 3000 88 23 lefiere
863 3000 30 22 da
900 3000 66 27 qual-

493 3037 45 22 che
555 3035 109 24 macchia
677 3036 33 21 mi
723 3035 75 21 viene
816 3032 150 24 u,t'archibu-

488 3071 70 29 giata
568 3070 65 22 nelia
645 3071 61 20 testa
714 3068 41 22 chi
766 3068 36 22 mi
814 3074 29 15 ce
854 3068 24 21 ia
890 3067 77 21 cava.?

494 3104 30 22 La
532 3103 113 29 giustizia
656 3102 44 22 eh!
715 3100 176 24 Continuandc
900 3106 13 15 a
929 3100 39 21 vi-

493 3143 59 17 vere
564 3137 102 21 insieme
676 3135 166 27 voicapirete.
855 3133 112 22 Altobel-

493 3173 33 25 lo,
539 3171 44 22 che
589 3170 44 22 voi
642 3170 35 22 mi
689 3169 101 21 niettote
802 3174 13 15 a
823 3169 83 21 brutto
914 3172 53 22 par-

492 3206 55 24 tito,
561 3204 63 22 onde
631 3203 97 22 conildo
737 3202 66 21 nella
813 3203 83 21 vostra
903 3206 64 16 com-

493 3239 116 28 pitezza...

519 3283 28 5 —
556 3270 30 23 Se
594 3271 125 21 temevate
727 3269 120 24 davvero,
858 3267 45 22 che
917 3266 50 22 daî-

500 3311 14 16 o
526 3304 74 23 starci
614 3305 67 19 setto
692 3303 18 21 il
722 3301 135 22 medesimo
867 3302 100 19 ietiove

494 3345 30 16 ne
536 3340 97 26 potesse
647 3336 113 22 derivare
771 3334 90 25 danno,
869 3332 99 28 ilripie-

494 3378 32 23 go
535 3372 21 21 ci
566 3376 41 16 era
614 3369 170 28 prontissimo.

525 3417 28 4 —
563 3403 98 26 Quale?

521 3450 28 5 —
558 3437 164 22 Andatevene
733 3435 25 21 di
772 3440 62 16 casa.

521 3484 28 4 —
558 3470 77 22 Corne
643 3470 6 20 !
662 3470 80 21 ascire
751 3469 25 21 di
790 3473 55 17 casa
856 3466 50 22 mia
913 3466 12 21 ?

521 3516 29 5 —
559 3504 18 21 E
584 3502 92 29 perché
693 3502 63 22 sarei
768 3501 80 22 uscito
861 3499 46 22 lo?
922 3504 45 22 per

496 3539 62 22 farvi
566 3535 212 30 piacere?Questa
787 3540 53 16 casa
848 3532 119 28 -;ppartie-

496 3579 50 15 nea
554 3577 39 16 me
678 3569 79 21 avoir
764 3568 10 22 ï
785 3566 88 27 c.-mpi,
882 3566 8 20 i
900 3560 81 27 chio-j

496 3606 29 25 si,
535 3606 24 21 le
570 3604 67 22 seive
646 3607 50 17 non
706 3606 62 17 sono
780 3600 49 22 mis
836 3604 67 16 corne
910 3603 57 16 vos-
976 3608 5 6 *

495 3639 56 22 tre?
560 3636 105 29 Quando
677 3635 113 21 abbiamo
803 3632 82 22 diviso
892 3631 13 21 ?

522 3670 125 23 —rDiviso
657 3668 60 23 maL,
729 3668 33 20 nè
773 3665 162 23 divideremo.

561 3704 104 25 Dunque
680 3700 135 27 sesoprala
827 3702 85 17 mensa
925 3701 42 16 co-

496 3745 74 17 mune
581 3735 43 23 voi
635 3736 84 20 aveste
730 3731 136 24 imbandito
874 3730 19 21 il
905 3728 61 22 frut-

992 2837 24 18 to
1026 2839 63 16 eena
1100 2837 66 18 terra
1172 2839 104 17 comune
1284 2841 49 17 non
1340 2842 32 15 mi
1379 2841 81 17 avres-

992 2867 87 22 tedato
1091 2868 67 21 nulle,
1167 2868 40 21 dei
1218 2871 96 20 vostro.

1018 2912 29 4 —
1055 2900 119 24 Nulla.del
1182 2902 51 21 mio
1240 2902 13 21 ?
1266 2902 40 22 Ma
1314 2903 44 22 che
1366 2904 94 27 svagel-

992 2934 55 26 late,
1061 2935 126 21 Altobello
1194 2936 12 20 ?
1218 2934 23 23 O
1251 2942 51 16 non
1310 2937 25 22 vi
1343 2942 117 18 rammen-

992 2969 39 20 ate
1042 2968 12 21 ?

1018 3012 29 4 —
1057 3000 33 22 Di
1102 3001 44 22 che
1156 3001 33 22 ho
1198 3008 13 15 a
1219 3004 156 22 ramentarmi
1388 3004 39 21 io?

1018 3046 29 4 —
1052 3034 50 22 Dei
1110 3037 149 21 contralto...

1018 3079 29 5 —
1054 3068 65 26 Quai
1128 3071 122 21 contralto
1257 3071 14 21 ?

1018 3113 30 17 y—
1054 3101 91 27 Quelle
1156 3103 38 21 -ol
1203 3104 71 26 quale
1280 3104 35 22 mi
1323 3105 70 21 avete
1402 3110 58 15 ven-

993 3135 58 23 duto
1061 3136 8 21 i
1082 3135 78 22 vostri
1173 3135 57 22 béni
1244 3137 52 21 cosi
1305 3137 93 26 mobili,
1416 3137 44 22 che

993 3169 129 26 immobili,
1138 3170 149 26 sem.oventi,
1297 3171 47 21 usi.
1359 3170 100 27 servitù,

993 3208 70 16 como
1072 3202 27 23 ’L
1111 3202 87 25 diritti,
1222 3203 96 27 crediti,
1343 3204 117 22 insomma

1041 3241 24 20 o,
1086 3236 23 21 ai
1112 3241 56 16 ente
1179 3240 26 16 es
1207 3235 51 22 dus
1261 3241 15 17 o
1290 3239 133 20 eccettuato
1435 3237 25 22 di

994 3269 80 27 quello
1086 3268 44 22 che
1137 3268 28 22 vi
1177 3270 111 26 spettava
1298 3276 72 21 sopra
1378 3271 21 21 la
1406 3276 54 17 ere-

994 3296 50 22 dità
1051 3298 109 26 paterna.

1019 3341 29 5 —
1060 3329 28 23 ïo
1100 3330 26 21 vi
1137 3330 34 22 ho
1179 3330 109 21 venduto
1299 3332 103 25 questo?

1019 3375 29 4 —
1054 3362 56 27 Già^
1122 3364 55 20 vale
1189 3368 14 16 a
1214 3363 55 21 dire
1280 3363 18 20 il
1311 3367 82 19 vostro
1404 3370 56 21 pro-

994 3399 112 20 curatore
1119 3398 71 26 prete
1202 3395 115 26 Stallone,
1333 3402 32 16 un
1382 3398 78 27 degno

993 3430 126 22 sacerdote
1128 3430 27 22 in
1165 3429 86 25 verità,
1267 3429 17 21 il
1295 3431 69 25 quale
1373 3432 87 21 riscos-

994 3470 25 15 se
1032 3464 15 21 il
1056 3464 91 21 danaro
1157 3466 45 25 pér
1211 3463 48 25 voi,
1273 3469 13 14 e
1295 3462 20 21 si
1323 3468 70 21 prese
1400 3464 60 22 lafa-

993 3497 47 21 tica
1049 3497 25 21 di
1086 3497 140 27 portarvelo
1235 3495 50 22 fino
1297 3501 14 15 a
1322 3495 113 24 Venezia.

1019 3541 29 4 —
1055 3530 62 22 Fino
1128 3536 14 15 a
1155 3528 125 23 Venezia?
1288 3527 29 23 In
1324 3530 76 21 verità
1410 3536 50 16 non

992 3568 40 16 me
1046 3562 64 22 n’era
1122 3565 99 19 accorto
1229 3568 6 19 ;
1252 3567 14 15 e
1277 3561 33 21 mi
1328 3561 132 30 immagino

994 3596 45 21 che
1051 3601 32 15 ne
1095 3597 86 19 avrete
1190 3596 23 20 le
1220 3600 87 22 prove.

1020 3640 29 12 —.
1057 3628 96 21 Etome
1161 3629 6 19 !
1183 3628 200 25 Çrimieramente
1394 3629 33 22 ho
1441 3629 19 21 il

992 3662 51 21 mio
1051 3661 65 22 libro
1130 3659 268 28 di’amministrazione,
1415 3662 45 21 che

992 3696 88 21 attesta
1097 3699 81 18 avéré.
1189 3694 33 29 io_
1230 3694 112 21 sborsato
1361 3697 61 19 tutta
1437 3695 23 21 la

992 3733 93 17 somma
1097 3727 25 22 di
1137 3733 35 15 un
1182 3729 85 24 tratto,
1279 3727 19 20 il
1309 3727 70 27 quale
1389 3733 71 22 paga-

1487 2840 84 20 mento
1584 2844 13 15 a
1608 2844 103 23 cagione
1725 2840 64 22 délia
1803 2842 100 22 scarsità
1920 2844 40 21 dei

1487 2872 117 26 quattrini
1616 2873 35 21 mi
1658 2873 32 21 ha
1702 2879 81 17 messo
1795 2875 25 22 in
1833 2876 73 27 piana
1914 2878 47 21 ter-

1486 2910 35 19 ra;
1532 2905 71 21 nonè
1614 2911 71 20 vero,
1694 2906 90 23 Lucia?

1513 2949 29 5 —
1549 2938 75 22 Piana
1634 2942 66 19 terra
1707 2941 6 20 !
1727 2940 76 23 Piana
1814 2943 64 21 terra
1886 2943 6 21 !

1513 2982 29 5 —
1550 2971 33 22 Lo
1590 2973 100 26 sentite,
1698 2974 25 21 lo
1729 2974 57 22 dice
1794 2976 77 22 anche
1879 2977 80 26 Lucia,

1487 3004 44 22 cbe
1538 3010 50 16 non
1599 3005 24 21 fa
1630 3006 63 22 altro
1702 3007 45 22 che
1757 3010 167 26 contradirmi,
1932 3022 30 4 —

1487 3043 14 16 e
1510 3039 42 26 poi
1564 3038 33 22 ho
1608 3039 25 21 la
1644 3040 118 22 ricevuta.

1513 3083 30 4 —
1548 3071 120 23 Ricevuta
1682 3074 25 21 di
1716 3074 59 22 chi?
1787 3074 51 23 Mia
1849 3076 49 22 fors
1900 3082 13 13 s
1920 3077 13 21 ?

1513 3116 29 4 —
1551 3104 49 23 Ella
1618 3106 13 21 è
1651 3112 70 16 corne
1738 3113 28 16 se
1783 3108 66 22 fosse
1866 3112 92 24 vostra,

1487 3138 90 27 perché
1587 3139 25 20 fu
1622 3141 338 29 sottoscriftadalpreteStal-

1486 3171 57 22 lone
1554 3174 86 20 vostro
1652 3176 167 26 procuratore,
1832 3182 34 16 un
1879 3176 81 29 degno

1487 3205 155 22 sarcedote...

1514 3249 28 5 —
1549 3238 41 22 Sta
1600 3239 63 22 bene
1669 3246 6 20 ;
1688 3246 46 21 per
1744 3246 14 19 q
1763 3244 67 20 uesta
1838 3243 68 22 volta
1917 3244 43 21 ab-

1487 3271 82 23 biamo
1590 3272 113 23 discorso
1714 3275 73 25 assai,
1806 3281 41 16 ora
1863 3278 97 20 tomate

1487 3304 14 16 a
1519 3299 108 22 dormire
1649 3301 46 21 che
1705 3302 104 22 dovrete
1831 3309 60 16 aver
1903 3309 57 17 son-

1487 3337 41 16 no.

1515 3364 111 23 Mariano
1639 3371 51 17 non
1705 3372 27 17 so
1746 3367 85 22 lofece
1848 3368 54 22 dire
1913 3369 47 21 due

1488 3398 67 22 volte
1561 3404 46 21 per
1612 3400 92 21 evitare
1711 3400 25 22 di
1742 3402 100 21 sentirsi
1847 3402 114 22 chiedere

1486 3433 134 21 materasso
1631 3438 15 16 o
1659 3434 89 27 paglia,
1760 3434 64 22 dove
1835 3435 8 21 i
1856 3437 54 21 suoi
1919 3442 43 21 pa-

1487 3466 63 20 rent!
1558 3467 129 25 potessero
1694 3467 114 27 adagiare
1813 3469 24 21 le
1843 3469 117 25 membra;

1486 3497 116 28 fingendo
1610 3504 51 16 non
1672 3500 132 22 ricordarsi
1812 3501 45 21 che
1868 3507 93 16 unaso-

1486 3531 24 21 la
1529 3534 82 18 stanza
1622 3537 124 22 occupava
1757 3534 24 20 la
1792 3534 92 26 madré,
1897 3534 31 22 ed
1939 3534 22 21 i-

1487 3568 106 23 gnorare
1601 3564 80 22 ch’era
1690 3567 61 20 stata
1757 3567 87 21 ceduta
1855 3567 107 27 aiFospi-

1486 3599 33 23 te,
1531 3597 166 22 sbatacchiato
1704 3598 88 22 l’uscio
1801 3599 47 23 tiré
1855 3600 107 28 precipi-

1487 3631 138 20 tosamente
1631 3631 100 22 luno.'su
1737 3625 84 29 Êaltro
1833 3639 11 15 r
1850 3632 111 23 chi’àvac-

1488 3663 23 20 ci
1518 3664 30 14 —:
1555 3663 116 22 Pértanto
1680 3669 51 17 non
1742 3670 59 17 reco
1807 3666 95 26 piccola
1909 3672 50 16 ma-

1486 3696 105 27 raviglia
1597 3697 27 22 .al
1632 3703 45 16 suo
1690 3697 104 26 fratello,
1807 3699 97 26 quando
1916 3700 44 22 do-

1487 3734 32 21 po
1534 3727 87 23 alcuho
1633 3730 82 23 spazio
1727 3730 25 22 di
1763 3732 84 25 tempo
1859 3732 22 21 si
1895 3732 65 23 senti

1987 2846 122 24 ehiamare
2115 2851 110 21 traveiso
2231 2852 19 21 il
2257 2852 65 22 buco
2326 2853 64 22 délia
2399 2855 63 21 chia-

1987 2885 39 16 ve.

2012 2924 29 5 —
2050 2914 131 28 Altobello,
2190 2917 136 23 Altobello.

2014 2958 29 4 —
2051 2946 52 23 Che
2115 2949 80 21 volete
2207 2950 30 21 da
2248 2956 42 16 me
2296 2952 14 21 ?

2009 2986 33 14 .—
2048 2974 31 22 Se
2091 2975 97 24 domani
2196 2979 106 22 uscirete
2312 2980 25 21 di
2350 2988 55 16 casa
2413 2984 49 26 pri-

1987 3013 37 16 ma
2037 3008 46 22 che
2094 3009 77 23 faccia
2182 3011 89 27 giorno
2281 3014 51 22 alto
2339 3026 30 5 —
2377 3016 26 21 di
2416 3016 46 22 che

1986 3041 26 21 vi
2031 3042 132 28 pregheréi
2175 3054 29 5 —
2214 3044 26 22 in
2260 3049 88 20 questo
2361 3054 54 16 caso
2436 3055 23 15 v>

1986 3076 158 21 raccomando
2150 3076 111 24 l’osteria
2269 3079 44 22 dei
2325 3080 103 24 Violino
2434 3094 29 5 —

1986 3109 77 24 puiïta
2074 3111 84 24 sapete
2166 3110 6 21 !
2189 3116 14 15 e
2212 3111 23 21 ci
2247 3112 21 21 si
2281 3115 94 25 spende
2388 3120 71 22 pocc;

1987 3140 67 22 costà
2065 3142 24 21 la
2106 3144 74 25 gente
2191 3144 21 21 si
2223 3145 58 22 leva
2300 3146 31 22 da
2338 3148 62 22 letto
2411 3149 52 27 pri-

1986 3179 38 16 ma
2035 3174 123 28 dell’alba;
2166 3188 30 4 —
2205 3179 42 21 voi
2258 3182 111 24 potreste
2379 3183 83 26 aprire

1972 3203 4 35 |
1987 3206 7 21 i
2006 3207 64 22 bauli
2084 3214 13 15 e
2108 3215 105 17 cavarne
2221 3211 9 21 i
2238 3214 88 26 regali.
2336 3214 45 22 che
2393 3216 67 22 lozio

1972 3248 4 16 ;
1986 3239 30 22 ha
2027 3242 115 22 mandato
2154 3248 14 16 a
2179 3249 40 16 me
2239 3251 13 15 e
2275 3247 48 21 alla
2344 3248 49 22 mia
2415 3249 46 22 Lu-

1987 3273 84 25 cia;—
2076 3277 101 24 pensate
2185 3277 46 21 che
2237 3279 71 21 nonè
2320 3281 140 23 robbavos-

1986 3307 64 20 tra.e
2061 3307 45 21 che
2119 3309 17 20 il
2147 3311 86 20 vostro
2242 3310 94 23 dovere
2345 3314 26 20 vi
2380 3314 80 22 obbli-

1987 3344 30 21 ga
2027 3342 209 27 consegnarmeli;
2250 3349 27 15 se
2288 3350 41 15 me
2339 3346 20 21 li
2370 3347 92 22 ritene-

1987 3373 25 19 te
2019 3378 34 15 un
2063 3373 97 23 minuto
2172 3375 43 26 più
2225 3376 40 22 dei
2277 3380 140 22 necessario
2424 3387 38 16 sa-

1987 3405 115 22 rebbeun
2113 3408 141 26 rubanneli,
2261 3411 110 26 capite...
2381 3420 79 17 unru-

1987 3437 102 23 barmeli
2098 3446 7 20 ;
2121 3440 83 22 sicchè
2218 3442 50 22 fate
2285 3443 64 24 ch’io
2364 3446 17 22 li
2393 3450 67 22 trovi

1987 3470 65 27 dopo
2063 3471 46 22 che
2121 3475 77 20 sarete
2210 3476 89 22 andato
2312 3478 49 22 via.

2013 3515 30 4 —
2058 3503 57 23 Non
2132 3506 118 28 dubitate,
2272 3511 55 22 sarà
2343 3515 118 26 pensiero

1986 3536 60 22 mio.

2012 3575 30 5 —
2046 3564 17 21 E
2079 3567 73 25 quelli
2163 3567 64 23 dello
2245 3570 129 29 inghilese.
2396 3577 62 22 salte

1986 3602 29 15 su
2024 3603 14 15 a
2046 3598 103 23 strillare
2161 3601 23 20 la
2196 3607 81 20 scema
2285 3611 6 19 ;
2303 3608 78 21 aach'e
2394 3615 67 22 que--

1978 3629 25 23 ;îi
2019 3630 189 30 deîlhnghilese,
2216 3636 26 22 io
2253 3640 116 26 voglio...
2381 3642 21 22 ii
2414 3648 49 17 vo-

1985 3663 80 26 gho...
2086 3670 13 15 e
2111 3665 44 22 che
2171 3670 101 24 puzzino
2291 3672 26 21 di
2326 3674 63 22 zolfo
2409 3682 52 16 non

1986 3701 39 15 me
2032 3702 33 15 ne
2076 3697 106 28 importa
2190 3702 113 24 niente...
2313 3706 19 22 ü
2343 3709 96 27 voglio.
2452 3727 9 5 .

1985 3728 18 22 H
2013 3731 115 27 voglio...

2207 3776 163 34 (Cuntinua)
