2572 3864
80 139 123 21 laboureur
211 135 40 25 qui
262 140 28 13 ne
298 133 44 20 soit
350 139 53 13 meu
414 131 27 20 de
450 130 34 20 vif
491 130 62 20 désir

79 164 175 22 d’abandonner
268 160 149 24 occupations
433 158 119 23 champes-

80 197 47 15 tres
137 196 58 19 pour
202 189 58 20 aller
269 194 39 18 soy
316 187 89 19 ébattre
414 190 23 16 et
450 186 101 24 rigouler

79 226 29 13 en
118 219 35 19 les
161 217 78 19 divers
248 215 60 20 lieux
316 214 29 19 où
359 214 84 24 peuple
457 213 94 19 s’entas-

80 253 26 12 se
115 245 32 20 tel
157 247 108 17 moutons
279 242 28 19 de
320 241 114 23 Panurge.
451 240 27 19 Et
493 239 57 19 n’est

80 272 80 26 poinct
173 271 68 24 ainsy
258 268 140 24 horrificque
415 267 68 19 chose
499 266 51 19 voir

81 299 105 21 combien
205 298 84 19 navrée
311 299 22 16 et
355 293 141 21 maltraictée
514 296 35 16 est

80 327 89 20 morale
183 332 42 18 par
245 327 51 17 tant
310 323 27 18 de
351 322 72 19 livres
437 320 113 19 obscènes

77 354 61 24 jetés
147 354 12 18 à
168 352 75 20 foison
253 356 41 14 sur
299 355 41 14 nos
349 351 85 19 costes,
444 353 30 13 ou
482 352 67 14 enco-

80 387 25 13 re
114 386 42 18 par
163 377 126 26 spectacles
295 376 27 19 de
330 373 218 24 cinématographie,

80 407 29 19 de
121 407 72 18 téatre
207 411 29 12 ou
247 402 102 21 aultres?
361 401 85 20 Corses
459 400 90 20 d’antan

80 432 131 21 n’abvoient
225 430 77 25 poinct
313 428 138 21 semblables
465 427 83 20 frivoli-

79 461 36 19 tés
123 462 23 16 et
154 458 117 22 fariboles,
278 460 22 17 et
308 456 130 24 cependant
447 454 103 20 vivoient

79 487 101 20 heureux
190 485 57 20 dans
257 485 21 19 le
287 487 89 22 respect
384 483 29 19 de
426 483 21 19 la
463 481 87 20 famille

80 517 25 17 et
112 514 157 19 l’observance
277 512 39 19 des
330 511 58 20 bons
401 509 100 25 usaiges.

105 541 103 20 Joinctes
222 547 13 13 a
250 539 69 20 moult
333 538 97 22 aultres,
445 536 55 25 qu’il
513 539 37 17 est

81 568 82 20 inutile
172 568 128 19 rémérorer
312 566 42 24 icy,
370 571 38 14 ces
423 564 127 19 considéra-

80 596 63 18 tions
151 599 39 15 ont
199 600 52 14 meu
262 594 43 19 bon
315 592 97 20 nombre
426 591 28 19 de
463 591 88 19 Corses

80 623 13 18 à
107 621 116 24 légitimés
237 619 161 25 protestations
413 621 22 16 et
450 622 100 14 remons-

79 653 102 15 trances.
192 647 76 20 Seroit
274 646 83 24 justice
367 651 46 18 que
423 644 84 20 France
515 643 35 19 les

79 678 132 17 escoustast
220 677 23 16 et
251 673 119 20 accordast
385 678 44 13 aux
443 670 107 20 habitans

80 703 29 19 de
126 702 111 23 l’antique
257 700 87 25 Cyrnos
357 700 14 19 Y
372 702 134 16 autonomie
519 703 29 13 ou

78 731 186 23 gouvernement
283 727 28 20 de
329 733 42 18 soy
391 731 86 15 mesme
484 731 7 17 ;
509 730 40 13 car

79 757 147 21 aultrement,
236 755 39 20 nul
284 761 29 13 ne
327 754 59 24 sçait
400 759 26 14 ce
443 752 55 25 qu’il
512 751 39 20 ad-

81 784 115 20 viendroit
204 789 28 14 en
242 785 62 17 ceste
310 782 102 20 contrée.

216 823 119 22 Estienne
347 822 32 22 de
390 823 26 20 la
427 821 94 22 Bastie.

223 949 188 57 Paragoni

313 1044 19 20 A
343 1050 15 14 u
367 1043 47 20 miô
423 1042 102 21 Sumere.

105 1090 24 19 In
137 1086 120 22 Corsicaci
265 1092 78 14 avemu
352 1085 24 20 di
385 1091 13 13 e
406 1084 122 25 capocchie

103 1119 34 20 Cu
147 1117 100 21 cerbellu
257 1116 22 20 di
288 1122 65 19 pesu;
363 1115 32 21 ié!
403 1114 148 25 l’abbongu!..

104 1149 36 20 Ma
149 1149 15 20 li
173 1149 26 19 sô
208 1147 129 20 smerullate
346 1146 22 19 le
374 1145 127 25 jinocchie;

156 1179 16 20 E
181 1183 33 18 tu,
225 1185 13 13 u
248 1177 43 20 me’
298 1176 178 25 orecchj-longu,

104 1209 118 25 Malgradu
232 1208 24 20 lu
265 1208 30 20 to’
302 1207 52 20 cibu
362 1207 24 20 di
396 1206 100 24 musinu,

104 1237 117 27 Maîgradu
232 1239 6 19 i
248 1237 107 21 nudiconi
364 1237 25 20 di
399 1244 14 13 u
423 1237 31 20 to’
462 1237 78 24 spinu,

105 1270 36 20 Un
150 1271 21 18 le
181 1268 76 25 pieghi
267 1274 13 13 o
288 1274 28 13 ne
324 1268 77 19 tocchi
413 1268 23 19 lu
445 1271 95 16 terrenu

158 1300 45 20 Per
211 1299 92 20 lu/erna
314 1298 28 19 nè
350 1297 64 21 fenu.

105 1364 65 20 Hanu
176 1370 12 13 a
195 1362 86 25 parola,
286 1362 13 20 è
305 1361 59 20 detta
369 1362 7 20 !
383 1361 61 20 hanu
450 1367 12 13 a
468 1367 82 19 penna,

79 1395 45 20 Per
131 1393 116 23 dì.scrive,
252 1392 38 25 più
299 1398 13 13 o
321 1398 69 14 menu
399 1391 51 20 idée
457 1394 93 21 quente;

79 1425 36 20 Ma
124 1432 14 12 u
147 1423 152 23 to’roncu,chi
308 1422 108 25 risponde
422 1422 20 19 a’
447 1422 103 19 tintenna

156 1454 28 20 Di
193 1453 91 25 qualchi
293 1453 29 19 to’
331 1456 103 21 parente,

102 1484 148 21 M’addilletta
260 1483 73 25 dipiù:
341 1483 27 19 sò
377 1482 89 20 ch’ell’è
473 1487 77 18 corsu;

105 1511 17 24 È
130 1515 54 20 d’un
194 1520 88 14 sumere
291 1513 64 20 ch’un
366 1513 54 19 vole
429 1512 22 20 fà
459 1512 80 23 l’orsu,

103 1547 19 19 A
131 1545 111 22 scimmia,
250 1543 112 21 l’elefante
371 1544 30 19 nè
410 1550 14 13 u
433 1543 93 20 leone...

155 1571 16 24 È
182 1578 106 20 nostru,u
297 1574 45 20 miò
351 1573 123 21 Muvrone!

104 1641 33 19 Or
146 1640 52 20 bedi
205 1640 45 19 ’ssa
259 1638 121 21 cudinzula
389 1638 82 24 spilata

103 1670 43 21 Chi
156 1670 15 20 ti
181 1670 74 20 caccia
265 1669 20 20 le
293 1669 92 20 mosche
394 1667 132 21 d’istatina?

101 1701 20 19 À
129 1700 70 20 stimu
208 1700 39 24 più
257 1699 41 20 che
306 1706 12 12 a
327 1699 57 20 coda
393 1699 145 24 innrgentata

154 1730 28 20 Di
191 1736 13 14 a
213 1730 39 24 più
262 1730 66 23 longa
337 1729 112 20 flacchina

101 1761 44 20 Chi
154 1767 12 13 a
175 1760 20 20 si
204 1760 103 24 trinnega
316 1766 39 18 per
362 1760 40 20 ’ssi
410 1765 57 19 gran
475 1758 74 21 saloni

102 1791 73 22 Duve,
185 1797 25 13 se
220 1790 19 20 si
248 1790 150 20 scurnocchia
406 1789 98 23 milioni,

101 1822 20 19 A
129 1824 76 17 menta
215 1821 14 19 è
237 1820 128 22 mintrastu,
376 1827 14 13 o
399 1821 14 19 è
420 1820 118 25 puleghiu,

154 1851 19 20 O
183 1851 154 20 altr’arbaccia
346 1851 95 25 peghiu.

101 1915 68 21 Croci
178 1922 14 14 e
200 1914 114 21 crucette?
322 1915 56 20 Vale
386 1915 39 24 più
434 1921 12 13 a
456 1915 56 23 toia,

101 1945 52 24 Chi,
163 1946 64 19 nimu
236 1951 93 14 omancu
339 1951 60 14 vene
407 1951 14 14 a
429 1945 107 20 ziricalla.

102 1975 98 21 Bottecü
209 1975 186 23 sproni?...Ch’io
403 1976 87 19 diventi
499 1976 50 20 boia

151 2016 26 4 —
183 2006 43 23 No,
233 2006 49 20 tè...
292 2006 51 20 boie
351 2006 29 20 da
389 2006 68 20 stalla
463 2007 5 19 !
474 2015 28 5 —

100 2037 24 20 Si
133 2037 38 19 eiu
181 2043 32 13 un
223 2037 68 19 stimu
300 2036 37 25 più
345 2037 22 19 le
375 2037 33 19 to’
416 2036 110 25 unghiole

100 2067 44 20 Chi
150 2074 57 13 sanu
214 2068 64 23 erpià
283 2067 94 24 quandu
384 2067 81 20 ch’ellu
472 2067 20 20 ci
499 2067 51 20 vole

102 2097 25 23 E,
138 2098 91 24 vergini
237 2098 23 19 di
270 2098 111 20 chiavellu
391 2104 13 13 e
411 2098 24 19 di
444 2097 104 26 chiappa,

154 2128 35 20 Un
198 2128 115 25 sguillanu
322 2129 24 20 in
355 2128 22 21 la
386 2129 100 24 sciappa.

99 2192 39 24 Mi,
148 2198 13 13 o
170 2192 89 24 Muvrô,
269 2192 18 20 si
296 2196 23 17 tu
329 2193 62 24 porti
400 2193 130 23 l’ambastu,

99 2218 19 24 È
126 2223 72 19 robba
207 2227 79 16 nostra
295 2223 34 20 ciò
338 2223 38 20 chi
385 2227 25 17 tu
420 2223 105 24 trascini;

99 2253 369 24 Paglia,castagna,granu:ètuttu
474 2257 75 22 pastu,

152 2283 71 20 Micca
233 2284 35 24 pe’
276 2284 6 19 i
293 2284 79 20 bocchi
381 2284 49 24 fini,

99 2313 36 20 Ma
144 2314 36 24 pe’
186 2318 38 16 sta
232 2315 75 24 trippa
315 2314 109 21 nostra.E
433 2320 25 15 se
466 2315 20 19 ci
496 2321 54 18 pare

98 2355 27 5 —
130 2344 22 20 O
160 2345 85 24 megliu
253 2351 14 13 o
274 2345 80 25 peghiu
364 2346 43 19 che
416 2346 32 19 sia
457 2345 93 23 l’afl'are,

99 2374 40 20 Ch’
142 2375 156 25 unn’importa
310 2381 24 15 se
342 2376 61 20 simu
418 2376 99 20 criticati
524 2385 28 5 —

150 2405 9 19 I
168 2405 63 20 femu
239 2412 84 14 ancu...
334 2407 116 24 quadrati.

285 2444 22 21 U
321 2444 199 27 Sampetracciu.

113 2543 13 26 I
154 2545 90 24 nostri
271 2545 57 25 veri
349 2546 86 25 amici
457 2554 43 17 un
516 2548 33 23 sô

79 2588 89 25 micca
189 2589 91 33 quelli
308 2589 45 26 chi
373 2590 27 26 ci
424 2593 124 23 contanu

75 2632 181 26 chiacchiare
279 2642 46 17 ma
350 2635 94 33 quelli
459 2635 49 25 chi
523 2636 25 24 ci

73 2677 148 26 mandanu
233 2686 20 17 u
266 2679 40 24 so"
316 2678 230 26 ahbunamentu.

696 127 192 49 Encore
924 117 265 67 Cristophe
1225 112 205 55 Colomb

602 245 29 19 La
641 243 137 20 conférence
790 240 56 20 faite
860 239 13 19 à
882 237 119 21 Marseille
1009 242 41 18 par

577 273 30 20 M.
617 272 20 19 le
646 270 115 20 chanoine
769 266 112 24 Castaing
892 271 41 14 sur
951 272 10 10 «
968 263 82 20 l’Amé-

577 301 65 23 rique
650 301 23 16 et
682 298 20 18 la
713 296 30 20 fin
753 296 53 19 d’un
821 298 124 18 mensonge
959 289 92 21 histori-

576 331 60 20 que»
643 332 12 12 a
663 325 36 19 été
709 322 91 26 publiée
809 323 50 18 tout
868 320 141 19 récemment
1017 316 35 20 in-

576 357 96 17 extenso
681 357 44 18 par
734 356 29 13 un
770 347 95 26 journal
874 346 29 20 de
912 344 127 21 Marseille.

602 380 119 19 L’orateur
729 382 60 14 nous
797 372 141 27 apportait-il
953 372 22 19 la
990 371 62 19 solu-

576 408 47 20 tion
632 406 28 19 de
669 412 27 13 ce
705 403 154 26 passionnant
874 399 121 25 problème
1011 398 40 19 des

576 434 101 25 origines
686 433 29 18 de
720 429 124 24 Cristophe
851 427 95 20 Colomb
953 426 11 19 ?
974 426 76 19 Helas.

577 463 17 20 Il
605 469 29 13 ne
643 467 37 14 me
689 459 74 25 paraît
778 463 42 18 pas
835 462 46 18 que
890 454 118 20 l’éminent
1016 458 36 14 ec-

577 488 156 23 clésiastique,
747 484 87 24 malgré
846 488 38 14 ses
893 481 116 26 patientes
1017 485 35 14 re-

577 515 121 23 cherches,
714 512 87 25 malgré
820 516 42 14 son
882 507 169 22 incontestable

577 547 79 19 bonne
665 542 102 22 volonté,
776 539 33 20 ait
820 538 127 20 découvert
962 541 31 14 un
1009 534 41 20 fait

578 576 106 16 nouveau
694 568 40 25 qui
743 567 80 24 puisse
830 565 64 24 jeter
911 563 100 24 quelque
1018 561 34 19 lu-

578 600 70 19 mière
656 602 41 14 sur
705 595 22 19 la
736 592 118 25 question.
864 591 92 21 Certes,
966 595 23 13 sa
999 594 54 13 con-

577 626 91 20 férence
678 629 31 13 ne
718 625 100 18 manque
833 618 23 20 ni
866 618 28 19 de
903 616 148 20 véhémence,

577 653 23 20 ni
610 652 28 19 de
648 649 102 21 chaleur.
760 647 48 19 Son
817 644 139 21 admiration
967 641 85 26 peur-le

576 678 72 28 grand
662 677 144 19 découvreur
820 673 73 19 éclate
901 672 13 19 à
929 670 90 23 chaque
1027 668 26 20 li-

577 713 54 17 o-ne,
640 709 23 16 et
671 704 36 20 s’il
717 700 122 27 parvenait
846 701 12 18 à
867 700 134 19 démontrer
1009 702 44 20 que

577 741 42 14 son
628 734 69 19 héros
706 733 35 17 est
750 730 29 19 né
787 729 12 19 à
810 727 73 23 Calvi,
893 725 78 26 quelle
980 724 72 25 gloire

577 768 58 19 pour
644 763 67 17 notre
720 757 71 20 Corse
799 755 5 20 !
814 755 58 20 Mais
880 760 42 14 son
931 757 123 20 argumen-

577 789 71 21 tation
657 790 35 17 est
698 784 115 21 vraiment
819 783 70 19 d’une
895 781 108 20 faiblesse
1008 784 45 19 que

575 817 23 25 je
607 816 48 20 suis
663 812 80 25 obligé
752 812 161 19 deconstater.
923 808 63 20 C’est
995 805 57 21 ainsi

578 843 55 26 qu’il
643 847 59 15 nous
712 839 103 25 apprend
825 837 55 26 qu’il
891 842 11 14 a
912 836 58 20 écrit
979 835 13 19 à
1002 834 50 20 l’ar-

578 871 118 23 chevêque
704 868 29 20 de
739 867 76 20 Gênes
821 871 59 19 pour
888 864 32 20 lui
928 861 125 22 demander

579 900 33 19 les
621 902 98 21 preuves
729 895 28 20 de
765 895 21 19 la
793 893 123 20 naissance
922 891 28 19 de
956 888 97 22 Colomb

578 927 55 20 dans
642 925 22 20 la
673 924 47 20 cité
728 921 140 26 ligurienne,
873 923 23 16 et
904 924 27 14 ce
937 917 82 25 prince
1025 916 28 19 de

578 953 93 24 l’Eglise
680 951 35 20 lui
729 956 12 14 a
760 948 110 21 conseillé
883 947 29 19 de
929 945 125 20 s’adresser

578 989 28 13 au
616 977 176 24 bibliothécaire
807 982 28 13 en
846 974 53 20 chef
912 974 29 19 de
958 973 21 19 la
989 972 64 20 ville.

579 1009 32 21 Ce
618 1007 102 22 dernier,
735 1003 100 21 sollicité
844 1002 28 20 de
886 1000 89 21 fournir
983 1000 21 19 la
1017 999 36 20 dé-

579 1033 156 24 monstration
750 1030 140 21 nécessaire,
908 1027 37 21 n’a
962 1033 43 19 pas
1020 1027 34 20 ré-

579 1063 77 26 pondu
666 1063 13 19 à
689 1061 31 20 M.
735 1060 21 19 le
771 1058 115 21 chanoine
901 1055 118 25 Castaing.
1036 1054 17 20 Il

580 1098 29 14 ne
617 1090 48 21 faut
674 1088 67 26 point
749 1093 60 13 nous
817 1092 29 13 en
860 1086 106 19 étonner.
980 1083 74 20 Outre

579 1120 55 25 qu’il
643 1125 14 19 y
665 1124 13 13 a
689 1116 77 21 Gênes
774 1121 29 14 au
810 1114 76 21 moins
895 1116 51 21 sept
954 1110 100 26 grandes

579 1145 183 24 bibliothèques,
779 1143 35 20 les
830 1144 162 18 conservateiu
998 1145 11 13 s
1025 1138 29 20 de

579 1182 41 15 ces
634 1174 82 25 dépôts
732 1170 109 22 auraient
857 1176 30 18 pu
904 1168 23 20 le
939 1173 115 20 renvoyer

579 1209 44 15 aux
631 1202 154 24 importantes
799 1196 137 22 collections
944 1195 29 20 de
987 1195 68 20 docu-

579 1234 77 18 ments
663 1228 54 26 déjà
727 1227 92 25 publiés
827 1232 41 13 sur
876 1230 26 15 ce
911 1227 65 17 vaste
984 1222 70 26 sujet.

579 1257 112 24 Raccolta
702 1253 166 22 colombiania,
892 1251 119 21 Coleccion
1025 1251 29 18 de

579 1286 136 20 Navarrete,
734 1287 54 15 sans
805 1284 103 19 compter
924 1279 22 19 le
955 1278 100 25 premier

579 1318 61 17 tome
648 1312 42 19 des
694 1309 89 22 Etudes
787 1308 110 24 critiques
901 1306 29 20 de
938 1305 114 25 Vignaud,

578 1342 35 20 les
621 1344 116 19 ouvrages
746 1337 28 20 de
783 1336 109 20 Harrisse
906 1338 23 16 et
938 1334 29 20 de
979 1333 75 20 l’abbé

578 1368 153 21 Casablanca.
746 1365 30 20 Le
792 1364 88 20 silence
888 1363 31 19 du
933 1361 121 21 bibliothé-

578 1397 62 21 caire
656 1395 53 25 qu’a
726 1392 142 26 questionné
885 1390 31 21 M.
942 1390 112 24 Gastaing

579 1425 62 20 n’est
656 1428 42 19 pas
715 1420 107 21 suffisant
839 1425 58 19 pour
914 1417 104 21 infirmer
1032 1418 20 19 la

578 1452 67 21 thèse
653 1450 106 26 génoise.

604 1480 43 20 Par
660 1480 91 20 contre,
766 1476 21 19 la
802 1474 101 25 critique
917 1479 45 19 que
975 1472 42 21 fait
1030 1473 23 21 le

577 1506 121 24 distingué
713 1503 114 21 chanoine
844 1502 41 20 des
908 1501 144 25 prétentions

577 1534 145 27 galiciennes
731 1535 36 17 est
783 1531 46 20 fort
841 1529 141 26 judicieuse;
993 1529 58 20 mais

577 1570 25 13 sa
611 1560 132 22 discussion
752 1559 29 20 de
788 1559 24 19 la
821 1557 65 21 thèse
903 1557 106 20 catalane
1017 1560 34 17 est

577 1590 76 21 moins
661 1587 178 22 convaincante.
856 1586 112 19 Arrivons
976 1585 77 20 main-

577 1621 82 18 tenant
666 1617 14 19 à
689 1622 43 14 son
742 1614 88 25 exposé
837 1613 42 20 des
887 1619 99 18 preuves
996 1613 57 19 «cal-

577 1646 91 21 vaises»
675 1644 41 25 qui
726 1647 132 16 commence
869 1642 13 19 à
892 1641 20 20 la
921 1640 130 26 cinquième

577 1674 99 20 colonne
690 1672 29 20 de
735 1671 22 20 la
774 1669 115 27 première
906 1675 58 19 page
980 1669 30 19 de
1025 1675 25 14 sa

577 1700 146 21 conférence.

602 1729 17 20 Il
628 1728 86 20 débute
719 1733 41 18 par
768 1731 47 15 une
824 1725 140 25 regrettable
971 1731 81 14 erreur

577 1756 129 24 historique
713 1762 6 12 :
744 1754 76 20 L’acte
843 1754 28 19 de
895 1753 106 25 baptême
1022 1753 29 20 de

577 1783 140 25 Christophe
739 1781 105 22 Colomb,
870 1780 142 24 affirme-t-il,
1038 1787 11 14 a

577 1814 93 24 disparu
680 1812 49 19 lors
738 1810 31 20 du
778 1810 64 24 siège
851 1816 45 18 que
913 1809 68 21 Calvi
991 1814 38 16 eut
1037 1810 13 19 à

576 1840 107 21 soutenir
692 1842 81 17 contre
786 1837 85 21 Gênes.
888 1837 120 20 L’histoiie
1021 1844 30 14 ne

577 1868 138 21 mentionne
729 1872 77 14 aucun
816 1866 62 24 siège
892 1866 29 20 de
935 1865 67 21 Calvi
1010 1872 41 19 par

577 1897 34 20 les
619 1896 75 20 forces
702 1894 118 26 génoises.
836 1893 67 20 Calvi
917 1894 41 24 qui
967 1894 84 20 s’enor-

576 1923 142 26 gueillissait
733 1922 73 20 d’être
824 1928 45 13 une
883 1921 55 20 ville
954 1921 67 21 fidèle
1037 1922 13 20 à

577 1952 83 21 Gênes,
669 1951 37 20 n’a
712 1950 83 25 jamais
804 1956 28 13 eu
840 1950 13 19 à
862 1949 70 20 lutter
940 1953 81 17 contre
1028 1949 22 21 la

576 1979 142 25 métropole;
728 1978 45 20 elle
781 1978 41 20 dut
831 1978 105 19 soutenir
943 1984 28 14 au
980 1983 70 15 cours

577 2009 42 20 des
626 2009 54 23 âges
688 2011 81 20 quatre
777 2006 86 25 grands
871 2006 76 25 sièges
953 2010 7 16 :
968 2006 22 20 le
999 2012 51 19 pre-

1076 234 65 23 mier,
1157 237 80 16 contre
1246 233 94 21 Giudice
1353 230 62 20 délia
1426 230 82 21 Rocca,
1518 233 29 14 au

1075 261 61 20 XIII'
1142 260 71 20 siècle
1220 268 6 16 ;
1237 261 22 20 le
1268 258 94 23 second,
1371 260 78 17 contre
1455 256 96 20 Alfonso

1077 288 34 20 roi
1121 288 124 23 d’Aragon,
1254 295 30 13 en
1294 290 58 20 1420,
1358 285 21 19 le
1389 283 125 23 troisième,
1521 288 29 14 en

1077 315 58 23 i555,
1148 318 82 16 contre
1239 315 33 20 les
1281 314 74 20 flottes
1364 311 82 21 alliées
1455 309 97 24 françai-

1077 348 38 14 ses
1125 345 22 16 et
1156 345 107 21 turques,
1276 345 22 16 et
1307 340 20 19 le
1335 338 102 23 dernier,
1452 344 30 13 en
1492 340 58 21 1749»

1077 372 81 16 contre
1167 368 36 20 les
1211 368 98 26 Anglais
1316 374 6 16 ;
1332 366 63 25 prise
1404 371 42 18 par
1455 365 34 19 les
1497 365 55 18 Ara-

1076 395 98 25 gonnais
1188 399 24 16 et
1221 396 35 20 les
1264 393 105 25 Anglais,
1384 392 45 20 elle
1442 398 30 13 ne
1480 391 33 19 fut
1517 390 35 24 ja-

1077 422 57 20 mais
1143 422 70 25 pillée
1222 429 42 18 par
1273 423 33 19 les
1321 419 88 21 Génois
1418 422 22 16 et
1450 418 15 20 il
1474 422 35 16 est
1519 417 34 20 in-

1076 449 181 21 vraisemblable
1262 455 44 19 que
1311 446 86 22 ceux-ci
1402 446 62 20 aient
1467 444 85 26 jamais

1076 477 86 20 détruit
1170 476 23 20 ni
1203 477 100 20 cherché
1312 476 12 19 à
1332 473 105 21 détruire
1443 473 34 20 les
1482 472 71 25 regis-

1077 508 48 16 très
1135 504 30 20 de
1174 504 120 25 baptêmes
1303 502 27 20 de
1339 501 46 21 San
1395 500 115 21 Giovanni
1523 500 29 20 de

1077 531 75 21 Calvi.
1162 531 35 20 Du
1207 535 71 20 reste,
1288 530 16 20 il
1312 533 36 17 est
1363 529 111 26 probable
1483 528 68 25 qu’au

1078 559 47 20 XVe
1133 559 75 19 siècle
1216 559 35 19 les
1260 561 62 16 actes
1338 557 29 19 de
1382 557 118 23 baptêmes
1508 556 46 19 n’é-

1078 586 74 19 taient
1161 591 41 18 pas
1215 590 93 16 encore,
1318 584 58 19 dans
1388 584 34 19 les
1437 583 116 24 paroisses

1078 612 28 19 de
1115 615 69 17 notre
1193 612 39 23 île,
1242 611 124 24 consignés
1375 617 41 13 sur
1432 610 40 19 des
1481 609 72 25 regis-

1078 642 47 16 tres
1132 646 5 12 :
1151 639 34 20 les
1201 638 113 25 premiers
1331 638 138 20 documents
1482 637 28 19 de
1526 642 27 14 ce

1078 672 69 19 genre
1153 666 180 25 n’apparaissent
1339 672 45 18 que
1391 671 51 13 vers
1447 665 23 19 le
1475 664 77 20 milieu

1078 694 30 19 du
1118 693 58 21 XVI°
1192 694 80 22 siècle,
1289 694 70 23 après
1379 693 28 19 de
1421 692 90 20 concile
1525 692 28 19 de

1078 720 96 24 Trente,
1189 722 68 22 donc,
1274 720 52 21 bien
1341 721 67 24 après
1418 720 23 20 la
1453 723 60 17 mort
1524 719 29 20 de

1078 748 105 21 Colomb.

1103 777 30 20 M.
1148 777 22 20 le
1185 776 122 21 Chanoine
1320 776 114 24 Castaing
1448 781 60 15 nous
1514 781 40 19 ap-

1079 805 74 24 prend
1163 811 47 19 que
1219 805 22 20 le
1250 804 71 25 jeune
1333 803 142 25 Christophe
1483 803 25 20 fit
1516 809 38 14 ses

1079 833 81 19 études
1175 839 30 14 au
1217 835 103 17 couvent
1334 832 41 20 des
1384 831 169 21 Observantins

1079 860 28 20 de
1117 860 77 21 Calvi.
1210 860 33 21 Ce
1256 859 43 20 fait
1307 859 72 21 serait
1393 860 68 20 d’une
1471 860 84 24 impor-

1078 891 68 18 tance
1155 888 100 25 capitale
1263 887 34 22 s’il
1305 887 56 22 était
1369 891 76 16 exact:
1453 887 102 20 malheu-

1080 920 134 16 reusement
1223 915 17 20 il
1255 915 60 21 n’est
1332 915 72 20 relaté
1413 915 59 22 dans
1478 920 75 16 aucun

1079 943 126 21 document
1210 943 100 23 sérieux,
1317 942 24 20 ni
1347 949 40 18 par
1393 949 73 14 aucun
1473 946 82 18 auteur

1079 970 186 26 contemporain.

1103 999 19 19 A
1131 1005 29 13 en
1170 998 80 21 croire
1264 998 90 20 l’érudit
1369 998 67 22 abbé,
1445 998 56 20 c’est
1509 998 47 20 mê-

1080 1033 37 13 me
1125 1027 12 19 à
1146 1026 7 20 I
1162 1027 43 24 âge
1213 1026 30 19 de
1252 1030 24 15 10
1282 1031 42 14 ans
1332 1031 46 18 que
1387 1025 21 20 le
1417 1025 64 20 futur
1490 1025 66 20 navi-

1079 1057 82 22 gateur
1170 1054 67 20 avait
1245 1053 76 24 quitté
1335 1053 76 20 Calvi.
1425 1053 28 20 Je
1464 1060 30 13 ne
1508 1053 48 20 sais

1080 1088 39 14 sur
1127 1081 53 25 quel
1191 1081 127 20 document
1326 1080 15 20 il
1351 1086 26 14 se
1385 1080 70 20 fonde
1464 1087 58 18 pour
1530 1080 26 21 fi-

1080 1116 42 14 xer
1129 1116 46 14 une
1190 1110 55 19 date
1261 1108 64 20 aussi
1339 1108 124 25 précisera
1479 1109 76 19 moins

1081 1137 55 25 qu’il
1145 1137 128 24 n’invoque
1281 1136 21 20 Je
1308 1136 144 24 témoignage
1458 1136 30 19 du
1495 1142 61 14 com-

1081 1164 110 21 mandant
1206 1164 94 21 Simeon
1316 1163 28 21 de
1359 1163 146 25 Buochberg.
1522 1163 33 21 Ce

1081 1192 164 22 commandant
1253 1191 41 25 qui
1304 1191 72 20 vivait
1385 1197 28 14 en
1425 1191 130 25 iy93aurait

1080 1221 68 21 laissé
1157 1227 31 14 un
1198 1219 129 23 manuscrit
1335 1219 59 22 dans
1403 1219 78 25 lequel
1490 1220 16 20 il
1520 1226 36 14 ra-

1080 1252 69 17 conte
1163 1248 63 20 tenir
1239 1249 29 19 de
1281 1253 41 15 son
1338 1248 123 26 beau-père
1470 1247 31 20 M.
1510 1248 45 20 Ma-

1080 1276 62 20 thieu
1151 1275 101 25 Arrighi,
1262 1275 69 25 qu’un
1341 1275 176 25 contemporain
1526 1275 29 21 de

1081 1303 72 23 Paoli,
1161 1303 22 19 le
1193 1303 26 19 P.
1235 1302 107 25 Dionigio
1358 1301 119 21 d’Omessa
1491 1302 64 21 avait

1080 1330 106 21 recueilli
1195 1331 42 19 des
1246 1330 126 21 matériaux
1386 1336 60 18 pour
1458 1336 97 18 pousser

1079 1359 107 24 l’origine
1195 1359 102 20 calvaise
1306 1358 28 19 de
1344 1357 105 21 Colomb.

1103 1387 64 20 Nous
1175 1392 74 14 avons
1259 1386 29 20 ici
1300 1385 81 21 affaire
1395 1387 12 19 à
1426 1390 81 21 quatre
1522 1388 33 19 té-

1079 1415 134 24 moignages
1228 1413 125 21 successifs
1365 1417 22 16 et
1401 1414 57 20 dont
1476 1420 76 15 aucun

1080 1443 58 20 n’est
1145 1442 30 20 de
1183 1442 23 20 la
1216 1443 74 19 même
1299 1442 92 24 époque
1397 1451 24 4 —
1430 1443 74 19 même
1514 1449 40 19 ap-

1079 1470 255 27 proximativement—
1351 1476 45 18 que
1412 1470 111 21 l’amiral:
1533 1477 20 15 1.

1078 1506 30 14 un
1119 1498 86 21 reeeuil
1214 1499 29 19 de
1258 1502 71 16 textes
1338 1498 83 22 inédits
1430 1502 24 16 et
1467 1500 88 20 actuel-

1078 1527 85 20 lement
1169 1526 156 23 introuvable,
1334 1526 59 21 donc
1400 1526 153 26 invérifiable,

1078 1555 53 20 d’un
1140 1554 114 25 religieux
1262 1554 29 20 du
1301 1553 79 21 XVIIIe
1388 1554 84 24 siècle;
1481 1556 72 21 2,Une

1077 1583 139 21 affirmation
1232 1583 53 20 d’un
1304 1582 92 20 homme
1404 1583 29 20 de
1441 1583 41 24 loi,
1492 1585 63 20 Arri-

1077 1612 39 25 ghi
1124 1615 83 21 parent
1215 1615 24 16 et
1247 1611 176 24 contemporain
1439 1611 30 20 du
1479 1614 75 19 même

1077 1639 112 25 religieux
1196 1646 7 17 ;
1212 1639 22 20 3.
1243 1639 34 20 Un
1286 1638 56 21 récit
1351 1638 30 20 du
1390 1641 164 21 commandant

1077 1668 29 19 de
1119 1667 138 24 Buochberg
1271 1667 90 24 d’après
1378 1667 34 20 les
1430 1669 124 20 souvenirs

1077 1696 30 20 du
1117 1695 86 21 témoin
1213 1695 138 24 précédent;
1360 1700 21 20 4.
1393 1695 50 20 Une
1451 1696 103 22 déclara-

1076 1724 48 20 tion
1134 1723 28 20 de
1176 1723 77 20 l’abbé
1261 1723 29 20 de
1305 1722 87 21 Peretti
1407 1724 39 23 qui
1464 1730 29 14 en
1503 1725 50 21 1888

1077 1751 130 26 prétendait
1214 1751 68 21 ayoir
1289 1757 28 14 eu
1327 1752 12 19 à
1349 1757 24 14 sa
1383 1751 138 25 disposition
1529 1758 24 16 et

1077 1781 22 20 lu
1115 1781 21 20 le
1152 1780 130 22 manuscrit
1295 1780 29 20 de
1339 1779 95 22 Simeon
1449 1781 30 19 de
1494 1781 59 23 Buo-

1077 1809 86 24 chberg
1179 1808 31 20 où
1224 1815 27 13 ce
1269 1808 93 20 dernier
1374 1810 126 24 rapportait
1516 1811 37 20 les

1077 1836 124 21 souvenirs
1213 1836 30 20 de
1257 1836 31 21 M.
1302 1835 96 25 Arrighi
1412 1836 90 27 d’après
1515 1839 36 20 les

1077 1865 69 21 écrits
1153 1865 30 20 de
1193 1864 145 25 P.Dionigio.
1350 1864 50 21 Une
1407 1865 99 25 critique
1517 1868 35 19 sé-

1077 1894 77 20 rieuse
1162 1899 31 14 ne
1201 1893 89 20 saurait
1298 1893 50 19 rien
1355 1893 66 20 avoir
1427 1894 123 24 àglanerlà

1076 1922 100 20 dedans:
1195 1922 58 19 c’est
1267 1927 46 14 une
1329 1920 62 21 série
1405 1921 29 21 de
1450 1922 102 21 déclara-

1076 1949 158 24 tionsd’après
1242 1949 41 20 des
1291 1955 97 15 sources
1396 1949 28 20 de
1432 1950 119 21 troisième

1076 1978 56 20 etde
1138 1977 130 26 quatrième
1275 1977 61 20 main
1343 1978 47 20 très
1395 1978 155 24 postérieures

1076 2007 13 19 à
1095 2006 108 25 l’époque
1212 2006 30 19 où
1257 2005 71 20 vivait
1336 2005 23 20 le
1372 2005 74 25 grand
1455 2006 95 25 naviga-

1576 113 49 16 teur
1642 109 23 17 et
1690 105 144 21 absolument
1858 100 190 23 incontrôlables,

1577 135 98 25 puisque
1687 132 178 24 complètement
1880 129 109 21 inédites.
2003 128 46 20 J’a-

1573 163 64 24 joute
1648 161 31 19 du
1695 163 96 17 reste—
1804 157 58 21 mais
1874 157 24 24 je
1913 156 43 20 n’ai
1970 162 41 18 pas
2027 155 21 19 le

1575 189 66 20 loisir
1650 188 23 19 ni
1684 188 19 19 la
1713 186 65 26 place
1787 185 83 20 voulus
1883 190 58 18 pour
1949 183 100 24 m’appe-

1575 216 75 20 santir
1659 221 41 13 sur
1709 220 25 14 ce
1748 212 95 25 sujet—
1852 217 45 19 que
1914 211 22 19 le
1954 210 58 20 récit
2020 209 29 20 de

1579 242 142 24 Buochberg,
1745 240 30 20 tel
1793 239 57 25 qu’il
1868 242 35 16 est
1920 238 72 20 relaté
2009 243 40 19 par

1578 269 72 21 l’abbé
1668 269 28 19 de
1709 267 85 21 Peretti
1811 265 116 21 fourmille
1942 264 108 21 d’invrai-

1578 297 144 20 semblances
1729 300 6 14 :
1745 295 15 19 il
1770 293 106 25 prétend,
1886 299 41 18 par
1936 292 112 25 exemple,

1579 330 44 19 que
1631 324 20 19 le
1661 323 71 20 Sénat
1741 322 29 19 de
1777 321 76 20 Gênes
1860 320 75 20 aurait
1950 320 70 24 rejeté
2028 319 21 20 le

1579 351 52 25 plan
1646 350 28 20 de
1688 349 105 22 Colomb,
1812 354 58 19 pour
1884 348 21 19 le
1922 347 67 20 motif
2004 353 45 19 que

1578 379 96 19 l’auteur
1682 378 28 19 de
1718 383 26 14 ce
1753 377 55 24 plan
1819 376 56 20 était
1883 382 73 14 corse.
1966 375 83 20 Inutile

1578 406 28 20 de
1613 406 51 20 dire
1673 412 45 18 que
1727 404 19 20 si
1755 411 30 13 un
1796 404 71 25 pareil
1877 403 41 21 fait
1927 403 54 21 était
1991 403 57 23 vrai,

1578 440 29 13 on
1617 439 28 14 en
1663 432 129 20 trouverait
1806 438 47 13 une
1867 435 61 16 trace
1941 431 107 24 quelcon-

1578 467 45 19 que
1631 460 58 20 dans
1698 460 35 20 les
1741 459 107 21 archives
1855 459 30 19 du
1894 459 70 20 Sénat
1973 458 28 20 de
2007 459 42 20 Gê-

1578 495 52 17 nes;
1639 488 31 20 du
1680 486 154 26 reste,jamais
1842 487 22 19 le
1872 486 71 20 Sénat
1950 486 99 20 n’aurait

1580 516 99 26 méprisé
1694 522 29 14 un
1738 516 93 25 citoyen
1847 515 93 20 Calvais
1954 515 97 25 unique-

1579 548 62 17 ment
1658 550 65 17 parce
1733 550 45 18 que
1793 543 100 23 Calvais,
1903 543 96 24 puisque
2015 544 34 20 les

1579 572 102 23 Calvais,
1699 571 60 20 aussi
1780 571 51 19 bien
1845 577 46 18 que
1903 571 34 19 les
1957 571 93 20 Bonifa-

1579 599 71 21 ciens,
1657 598 87 20 étaient
1752 597 131 21 considérés
1888 598 13 19 à
1907 597 76 21 Gênes
1990 604 60 14 com-

1579 633 35 14 me
1623 627 36 19 les
1668 626 94 20 Génois.

1604 654 94 21 Comme
1714 660 29 14 on
1753 653 22 20 le
1792 652 56 24 voit,
1863 653 29 20 M.
1903 653 20 20 le
1939 653 120 21 chanoine.

1579 682 110 25 Castaing
1703 688 28 14 en
1749 681 90 20 revient
1854 681 132 20 finalement
2002 682 12 20 à
2028 682 21 19 la

1580 711 73 19 même
1669 708 187 26 argumentation
1868 715 45 18 que
1929 709 35 20 les
1980 710 71 20 abbés

1580 738 118 20 Casanova
1707 737 56 20 etde
1773 736 86 20 Peretti
1866 743 6 17 ;
1877 736 62 21 leurs
1946 743 104 19 sources,

1580 766 46 19 très
1639 764 150 24 discutables,
1806 767 53 17 sont
1872 764 35 20 les
1919 764 104 24 siennes,
2034 766 15 20 il

1581 794 36 24 n’y
1625 793 78 24 ajoute
1712 792 47 21 rien
1770 792 27 21 de
1807 798 106 14 nouveau
1927 792 19 20 si
1956 799 26 14 ce
1991 794 59 19 n’est

1580 821 115 24 quelques
1714 823 79 17 autres
1811 826 92 14 erreurs
1921 820 66 20 telles
2007 827 44 18 que

1580 849 58 19 celle
1648 848 21 20 ci
1683 847 133 25 Bonfadius
1827 846 39 25 fut
1879 847 68 21 brûlé
1959 848 37 24 vif
2004 852 49 21 par

1580 877 33 19 les
1623 876 84 21 Génois
1712 878 61 22 pour
1785 875 67 20 avoir
1859 875 75 20 établi
1944 876 108 25 l’origine

1580 903 102 21 calvaise
1689 903 30 20 de
1729 902 99 22 Colomb.
1841 902 66 22 Cette
1914 903 137 22 affirmation

1581 935 35 19 est
1624 938 46 15 une
1679 930 120 23 énormité,
1809 937 40 13 sur
1858 931 100 24 laquelle
1974 932 15 20 il
1997 937 56 16 vaut

1581 960 75 20 mieux
1666 965 29 14 ne
1704 965 41 18 pas
1760 958 104 22 insister.

1605 987 76 20 Est-ce
1690 987 13 19 à
1712 986 50 20 dire
1779 993 46 19 que
1838 987 21 19 la
1874 987 65 20 thèse
1953 988 100 21 calvaise

1581 1019 35 17 est
1630 1014 95 22 fausse?
1734 1014 56 21 Loin
1800 1014 28 20 de
1836 1014 46 21 moi
1892 1019 59 17 cette
1960 1018 93 22 pensée.

1582 1043 30 20 La
1621 1043 65 20 thèse
1695 1042 100 20 calvaise
1803 1048 13 14 a
1827 1048 59 18 pour
1895 1043 44 20 elle
1956 1050 46 14 une
2010 1048 44 17 tra-

1581 1070 72 21 dition
1660 1075 7 18 ;
1677 1076 41 19 pas
1726 1071 47 19 très
1782 1070 100 24 reculée,
1890 1070 124 26 puisqu’on
2024 1079 29 14 ne

1581 1099 22 20 la
1611 1098 66 20 saisit
1686 1104 41 18 pas
1736 1101 71 16 avant
1816 1098 20 20 la
1846 1098 119 22 deuxième
1973 1100 81 21 moitié

1581 1127 29 20 du
1620 1126 80 20 XVIIIe
1709 1125 82 24 siècle;
1800 1129 23 16 et
1832 1126 40 24 qui
1885 1127 107 24 s’appuie
2000 1129 55 20 elle-

1582 1155 73 20 même
1663 1160 42 14 sur
1710 1153 21 20 le
1739 1152 42 21 fait
1789 1153 56 24 qu’il
1854 1156 93 22 yaeuà
1956 1155 76 25 Calvi,
2040 1158 13 19 à

1581 1183 21 19 la
1611 1182 31 20 fin
1652 1182 30 19 du
1692 1181 58 20 XVIe
1764 1181 80 23 siècle,
1854 1188 46 14 une
1914 1182 87 22 famille
2011 1184 43 21 Co-

1581 1210 77 21 lombo
1672 1209 104 21 habitant
1787 1209 22 21 le
1824 1210 102 25 quartier
1941 1212 47 20 Del
1994 1212 59 22 Filo.

1581 1239 60 20 C’est
1648 1238 101 25 quelque
1757 1237 78 25 chose,
1845 1238 60 20 mais
1913 1245 26 14 ce
1947 1240 58 20 n’est
2013 1247 40 18 pas

1580 1266 106 23 suffisant
1699 1271 58 18 pour
1765 1265 113 23 admettre
1891 1273 44 18 que
1950 1267 104 22 Christo-

1581 1295 43 24 phe
1633 1293 96 20 Colomb
1744 1299 11 13 a
1765 1299 29 15 vu
1808 1293 21 20 le
1839 1293 54 27 jour
1906 1295 56 20 dans
1976 1296 20 20 la
2007 1296 47 21 cité

1581 1328 72 15 corse.
1664 1321 17 20 II
1697 1321 47 20 faut
1753 1321 112 21 chercher
1878 1322 101 22 d’autres
1988 1331 66 18 preu-

1581 1357 49 14 ves.
1639 1349 59 21 Mais
1706 1355 28 14 en
1743 1350 132 23 attendant,
1884 1351 41 20 des
1934 1352 82 20 études
2024 1359 29 14 cu

1580 1379 40 20 des
1626 1377 151 21 conférences
1785 1384 93 15 comme
1887 1379 59 20 celle
1955 1381 28 19 de
1992 1381 31 20 M.
2031 1382 23 19 le

1581 1406 112 21 chanoine
1711 1405 117 26 Castaing,
1855 1413 46 14 non
1923 1408 131 21 seulement

1581 1436 147 23 n’apportent
1753 1440 76 14 aucun
1856 1435 67 20 éclaw
1928 1436 125 21 cissen.ent

1580 1470 40 14 sur
1627 1463 21 20 la
1656 1461 175 27 question,mais
1839 1469 30 14 ne
1877 1463 50 21 font
1934 1471 46 18 que
1989 1465 65 21 réité-

1579 1492 62 20 térer
1649 1491 40 20 des
1705 1491 168 20 inexactitudes
1892 1495 21 16 et
1922 1493 39 19 des
1971 1493 83 21 invrai-

1581 1519 141 21 semblances
1729 1518 205 26 déplorables,plus
1939 1521 114 21 nuisibles

1580 1547 108 28 qu’utiles
1697 1547 13 23 à
1718 1547 21 20 la
1749 1547 63 23 thèse
1821 1548 70 27 qu’on
1901 1552 54 19 veut
1962 1549 91 24 établir,

1848 1590 31 22 P.
1892 1590 130 23 Graziani.

1602 1713 8 10 «
1617 1706 62 22 Quant
1688 1706 11 18 à
1712 1707 18 17 la
1744 1707 98 22 grandeur
1856 1707 24 17 de
1895 1708 18 16 la
1931 1706 72 18 France
2018 1707 34 22 qui

1579 1732 90 18 semblait
1676 1732 69 17 devoir
1752 1732 16 17 si
1778 1732 44 18 bien
1831 1736 21 13 se
1860 1736 67 18 passer
1935 1733 23 17 de
1966 1732 85 22 l’Eglise,

1579 1758 18 18 le
1604 1757 87 18 chrétien
1701 1757 38 18 sait
1747 1761 22 14 ce
1778 1758 69 21 qu’elle
1856 1759 28 16 est
1894 1758 94 18 devenue.
1997 1758 15 17 11
2022 1758 29 18 nà

1578 1783 43 22 qu’à
1630 1787 21 14 se
1660 1784 69 16 mettre
1737 1783 11 17 à
1756 1783 19 17 la
1784 1782 74 18 fenêtre
1866 1787 49 18 pour
1929 1783 42 18 voir
1985 1787 67 18 passer

1578 1808 19 18 le
1603 1808 67 18 fleuve
1678 1808 24 18 de
1710 1808 48 18 boue
1767 1808 31 22 qui
1808 1808 56 18 coule
1872 1812 45 14 sans
1928 1808 67 22 jamais
2004 1809 47 17 s’ar-

1578 1833 56 21 rêter,
1651 1833 99 18 charriant
1774 1832 97 19 l’histoire
1890 1834 158 21 contemporaine,

1578 1863 71 14 comme
1658 1863 26 13 un
1699 1858 56 23 égout
1768 1858 76 18 charrie
1858 1859 34 17 des
1906 1860 80 21 paquets
2000 1859 49 18 d’or-

1577 1884 58 18 dures
1640 1885 20 17 et
1668 1884 34 17 des
1711 1883 66 18 chiens
1785 1883 75 21 crevés,
1868 1884 89 21 traînant,
1963 1884 47 18 dans
2019 1888 30 14 ses

1577 1914 48 13 eaux
1636 1909 140 23 mépbytiques,
1791 1909 34 17 des
1839 1909 131 21 escroqueries
1983 1910 18 16 et
2014 1910 34 17 des

1576 1934 124 18 concussions
1715 1935 24 17 de
1756 1934 106 21 ministres,
1878 1935 34 16 des
1928 1934 118 22 pots-de-vin

1576 1959 24 18 de
1607 1959 87 24 députés,
1704 1959 33 17 des
1750 1960 70 16 ventes
1833 1959 25 17 de
1870 1958 129 22 décorations,
2014 1959 33 17 des

1576 1984 115 23 ignominies
1700 1986 18 16 et
1727 1985 33 17 des
1768 1984 51 21 vols,
1828 1984 35 18 des
1870 1984 99 18 scandales
1980 1985 19 17 et
2013 1984 34 17 des

1576 2010 103 17 trahisons.
1686 2015 9 11 »

1596 2047 32 22 (La
1637 2046 86 18 Dernière
1730 2046 89 22 Bataille)

1785 2084 106 18 Edouard
1905 2085 118 18 Drumont.

1669 2207 92 30 Inde
1780 2216 25 21 u
1829 2206 115 30 Cieru

1728 2272 158 21 Distinzione

1585 2320 3 3 '
1598 2316 30 23 Ci
1644 2322 71 16 semii
1735 2316 124 28 rallegrati
1871 2316 23 22 a’
1904 2317 63 21 bona
1979 2316 64 22 nuti-

1568 2351 37 21 zia
1620 2351 24 21 di
1666 2356 13 15 a
1696 2350 150 22 distinzione
1860 2350 130 21 accurdata
2002 2355 14 16 a
2027 2356 14 15 u

1569 2386 86 20 nostra
1666 2384 80 21 amicu
1759 2383 73 21 Prete
1844 2382 127 27 Ghirardi,
1983 2389 15 15 u
2008 2385 34 19 ta-

1568 2418 98 21 lentosu
1686 2423 15 15 e
1719 2417 140 27 appreziatu
1875 2418 100 20 cantore
1991 2416 26 22 di
2029 2422 13 15 a

1570 2451 150 22 Cattedrale.

1597 2484 150 27 Monsignor
1764 2483 79 23 Rodié
1869 2489 65 16 vene
1959 2483 80 22 infatti

1569 2517 154 22 d’accurdalli
1733 2523 14 15 a
1758 2516 124 22 Nutarizia
1895 2517 24 21 di
1937 2523 13 15 a
1966 2516 75 22 Curia

1569 2557 13 15 e
1596 2550 151 23 l’Officialità
1757 2550 143 23 diocesana.

1596 2584 166 28 Applaudimu
1775 2590 13 16 a
1800 2586 37 20 sta
1849 2584 128 22 decisione
1988 2584 25 21 di
2026 2590 14 15 u

1569 2617 82 22 Vescu
1673 2617 133 28 d’Ajacciu,
1828 2624 13 15 e
1860 2617 135 22 felicitemu
2016 2617 23 21 di

1568 2652 64 20 tuttu
1644 2656 59 17 core
1713 2657 14 15 a
1739 2650 71 22 Prete
1824 2650 118 22 Ghirardi
1963 2656 45 22 per
2027 2656 13 15 a

1569 2684 36 22 so’
1617 2684 149 22 distinzione
1778 2685 123 21 meritata.

1023 2088 91 18 Dedicatu
1126 2092 10 14 a
1147 2092 13 14 u
1172 2088 43 22 sgiò
1227 2087 78 19 Marlier
1316 2091 10 14 e
1336 2091 110 18 eumpagni.

974 2686 24 20 A
1014 2684 47 22 DO
1064 2685 55 22 CCI
1122 2686 21 20 A

2170 98 274 59 Giurnali

2075 202 165 21 Ribellione

2099 253 20 5 ...
2129 241 24 17 La
2161 240 77 18 Tunisie
2247 242 19 17 et
2274 242 19 17 Je
2301 243 62 20 Maroc
2377 251 44 17 sont
2436 257 61 15 neilnl/
2533 253 4 5 •

2076 265 74 21 Corses,
2160 266 18 17 et
2186 266 112 22 cependant,
2305 272 32 14 ces
2345 275 46 19 pays
2400 275 23 18 de
2465 283 5 13 ,
2489 264 18 16 68

2076 291 44 17 sont
2132 290 60 18 moins
2207 291 95 18 favorisés
2316 298 34 16 par
2363 288 18 25 l*a
2396 301 45 17 natn
2453 285 84 26 °0c’Orût

2076 315 63 22 Corse,
2148 315 47 18 mais
2204 315 25 18 ils
2238 317 44 17 sont
2291 318 108 22 autrement
2406 308 53 38 prolé
2465 312 42 30 JUe
2519 316 16 19 ,û

2077 340 68 18 fendus
2153 341 20 16 et
2179 340 52 18 aidés
2240 345 36 18 par
2284 342 27 18 les
2320 343 93 23 Pouvoirs
2421 335 51 37 pul*]-

2076 365 102 18 n’hésitent
2186 370 33 17 pas
2227 366 11 17 à
2247 366 49 19 faire
2302 368 23 18 de
2330 361 169 35 grossacrifie*!?-’
2508 367 29 18 qüi

2077 390 50 17 ciers
2135 395 46 17 pour
2185 390 42 18 leur
2232 395 78 15 assurer
2314 393 130 27 l’outilbige<5c
2465 387 9 12 b
2498 392 39 23 .ûn*

2076 414 107 19 nécessaire
2194 419 48 18 pour
2257 421 12 17 y
2283 417 115 25 développer
2410 410 127 34 (i>Ur'0lnîque

2077 440 84 22 progrès,
2170 440 91 19 l’aisance
2269 442 20 17 et
2297 442 18 18 la
2324 446 104 21 prospérité
2441 457 34 13 ano
2520 439 16 19 le

2076 469 73 17 pauvre
2163 465 54 18 Corse
2231 470 26 13 11e
2276 468 98 19 connaîtra
2393 472 67 23 jamais
2487 463 49 19 n°tre

2076 489 69 22 qu’elle
2153 490 29 18 est
2189 490 133 23 abandonnée;
2332 497 28 17 or,
2370 495 41 20 rien
2419 503 24 15 ne
2452 486 83 34 nM1?arce

2076 514 81 22 pliquer,
2167 515 19 17 ni
2198 514 88 23 justifier
2299 518 29 16 cet
2342 519 85 22 abandon
2442 526 54 17 ini.,-.
2506 515 29 15 ®*'

2076 540 59 18 cruel.
2460 536 48 15 Juste
2519 540 17 16 et

2099 564 49 18 Nous
2161 569 80 14 sommes
2257 566 74 23 obligés
2346 569 23 18 de
2380 575 49 16 nous
2443 576 49 19 demn
2510 585 6 10 ,

2076 590 94 17 comment
2177 590 27 17 les
2212 590 145 22 représentants
2365 595 23 17 de
2401 600 55 18 notre
2463 603 13 16 11
2506 587 30 18 der

2076 614 46 17 vent
2129 614 90 18 admettre
2228 619 38 14 une
2275 616 45 18 telle
2328 617 91 22 situation
2437 609 98 35 unt!i?eU‘

2077 639 72 17 tement
2157 643 45 18 pour
2215 640 19 17 le
2249 645 47 17 pays
2310 642 56 22 qu’ils
2381 634 125 36 représent!!,*

2072 663 61 22 -qu’ils
2141 665 32 16 ont
2181 664 18 18 le
2207 665 69 18 devoir
2284 666 23 18 de
2315 667 91 21 défendre
2414 677 35 18 par
2457 677 29 18 |01,
2510 684 6 11 ,

2076 693 78 18 moyens
2163 694 22 13 en
2193 689 42 19 leur
2244 692 87 20 pouvoir.
2477 685 19 13 us
2510 685 26 20 ,es

2099 713 40 22 Que
2151 715 130 23 comptent-ils
2295 716 48 20 foire
2357 724 48 17 pour
2418 723 72 23 réparer

2078 739 44 18 telle
2130 739 86 23 iniquité,
2226 741 101 22 empêcher
2335 748 25 13 un
2371 746 26 18 tel
2406 751 83 19 scandai*
2501 737 33 18 Ulle

2078 764 44 18 telle
2129 764 76 22 insulte,
2215 770 26 13 un
2250 766 16 18 si
2276 769 59 20 grand
2349 770 98 23 préjudice
2459 762 76 34 mo’??

2077 789 87 18 matériel
2172 790 10 17 à
2190 790 92 20 l’adresse
2290 793 23 17 de
2321 793 18 18 la
2347 794 65 20 Corse.
2487 785 17 15 ra
2519 788 16 18 et

2099 813 96 20 Comment
2204 816 69 18 tolérer
2282 818 20 17 61
2310 821 89 22 accepter
2406 827 46 15 avec
2460 828 56 18 rési*„

2079 839 40 17 bon
2132 839 155 23 l’augmentation
2301 845 124 21 scandaleuse
2440 851 32 18 des
2485 855 12 16 t>

2078 865 53 21 ports
2144 865 105 20 maritimes
2263 869 54 18 entre
2330 870 18 18 la
2357 871 58 20 Corse
2423 876 21 16 et
2452 876 17 19 le
2482 879 46 18 (w

2078 890 45 17 lient
2130 889 7 18 i
2145 890 92 23 Pourquoi
2246 897 24 13 ne
2280 898 32 17 pas
2319 894 127 24 interpeller?
2452 899 63 22 P0UF„I
2529 912 5 9 ,

2078 919 24 13 ne
2110 919 33 17 pas
2156 915 47 19 faire
2211 918 98 19 connaître
2323 924 23 14 au
2355 921 109 23 Parlement
2477 913 48 33 *lTi

2078 939 72 19 France
2164 942 41 17 tout
2212 942 74 19 entière
2299 944 19 18 le
2326 947 41 16 sort
2379 948 119 24 malheureux
2510 963 10 9 „
2526 941 9 13 *

2079 966 29 16 est
2121 965 35 18 fait
2169 971 22 12 au
2200 967 132 23 département
2344 971 24 18 de
2378 972 19 17 la
2411 973 71 21 Corse*
2492 980 19 16 Ft
2531 986 4 5 •

2078 994 74 14 aucune
2170 991 83 19 solution
2275 994 51 18 n’est
2346 997 104 25 envisagée
2469 1000 31 22 bar
2513 989 23 33 if*

2079 1015 91 19 Pouvoirs
2180 1017 75 21 publics
2271 1023 49 18 pour
2331 1020 47 20 faire
2393 1028 64 15 cesser
2469 1031 27 17 cet
2505 1014 32 34 ét!!

2079 1041 24 17 de
2109 1041 58 19 chose
2175 1042 33 22 qui
2215 1043 57 19 ruine
2281 1049 21 14 ce
2310 1050 53 19 pays,
2372 1048 29 18 les
2410 1052 130 26 représentants

2079 1066 24 18 de
2110 1066 19 18 la
2138 1065 61 24 Corse,
2212 1073 50 17 pour
2275 1070 75 19 obtenir
2364 1077 37 18 que
2412 1077 53 18 notre
2473 1079 22 18 île
2531 1065 9 31 !

2079 1091 68 19 traitée
2157 1097 33 13 sur
2196 1093 19 18 le
2223 1093 62 20 même
2296 1095 43 23 pied
2350 1102 37 17 que
2395 1100 44 18 tous
2449 1102 28 19 les
2484 1105 50 20 dénar

2080 1117 79 18 temcnls
2172 1117 89 25 français,
2279 1121 86 20 auraient
2377 1124 12 17 à
2404 1125 47 20 faire
2463 1129 18 18 le

2079 1142 83 19 extrême
2175 1144 31 22 qui
2216 1145 84 20 consiste
2310 1147 12 17 à
2332 1152 63 15 cesser
2406 1151 52 20 toute
2468 1140 73 34 relatif

2079 1173 47 13 avec
2137 1169 28 17 les
2178 1169 92 20 Pouvoirs
2282 1172 75 22 publics
2371 1176 20 16 et
2401 1176 12 17 à
2426 1180 96 20 conseiller
2530 1165 12 35 5

2080 1194 43 17 tous
2130 1194 28 18 les
2166 1198 53 19 corps
2227 1195 43 19 élus
2279 1198 23 17 de
2309 1198 19 17 la
2335 1198 58 20 Corse
2404 1202 24 18 de
2436 1207 62 16 cesser
2504 1191 39 35 leu!

2079 1219 132 19 collaboration
2221 1226 47 14 avec
2279 1223 172 23 l’Administration
2463 1230 25 19 du
2497 1232 35 19 Pou

2079 1244 43 18 voir
2129 1245 77 19 central.

2101 1270 29 18 Un
2140 1270 23 18 tel
2172 1272 51 21 geste
2230 1273 24 17 de
2260 1273 18 18 la
2286 1275 41 21 part
2335 1275 33 19 des
2377 1278 139 22 représentants
2522 1285 21 16 de

2079 1295 18 17 la
2105 1294 57 19 Corse
2169 1296 58 19 serait
2238 1302 26 13 un
2272 1299 41 18 acte
2325 1301 81 18 sublime
2417 1303 24 18 de
2449 1304 69 24 dignité
2527 1312 17 16 et

2079 1320 111 22 d’honneur,
2201 1326 26 13 un
2235 1327 49 18 gage
2292 1324 23 17 de
2322 1325 75 20 fidélité
2408 1329 19 17 et
2435 1329 23 18 de
2465 1331 69 21 dévoue

2079 1346 54 17 ment
2139 1350 11 13 a
2158 1346 18 17 la
2183 1345 61 20 Cause
2251 1347 62 20 Corse.
2319 1350 49 19 Tous
2376 1352 29 18 les
2413 1358 46 18 pays
2465 1356 79 22 civilisés

2078 1371 150 21 applaudiraient
2245 1373 96 20 vivement
2358 1376 11 18 à
2382 1379 30 16 cet
2426 1382 82 20 exemple
2522 1385 21 17 de

2079 1400 80 18 courage
2167 1398 19 17 et
2192 1398 24 17 de
2223 1399 85 22 progrès.

2101 1430 76 22 (L'Echo
2187 1431 21 18 de
2218 1431 19 19 la
2250 1432 66 24 Corse).

2096 1862 22 3 —
2127 1853 24 17 Or
2159 1853 51 21 vedi,
2222 1855 67 20 prestu
2297 1858 90 14 avaremu
2398 1860 13 12 u
2419 1857 67 17 nostru
2493 1857 43 18 lele-

2074 1877 46 18 fonu
2128 1883 11 12 a
2147 1883 13 12 u
2168 1879 62 17 slazzu
2238 1878 5 18 î
2253 1878 52 22 Cusi,
2314 1880 69 17 andarà
2390 1882 66 20 prestu
2462 1881 73 19 I’affare.

2096 1914 22 4 —
2126 1906 28 17 Ma
2166 1911 32 17 per
2209 1906 134 23 ghiunghieci,
2356 1908 18 17 ci
2384 1908 62 18 vurrà
2454 1913 82 18 semprea

2073 1930 100 22 Fasgianu,
2180 1935 23 14 cu
2211 1932 40 17 ’ssu
2260 1932 49 18 bella
2317 1934 69 16 stretta
2393 1933 31 18 chi
2433 1934 101 18 no’avemu!

2099 2028 105 22 Sabbatu
2224 2035 96 21 scorsu,
2340 2036 28 16 22
2385 2037 89 21 marzu,
2493 2038 43 15 una

2070 2062 93 27 grande
2176 2062 57 22 folia
2251 2063 25 22 di
2294 2064 94 27 parenti
2409 2071 13 15 e
2436 2064 99 27 d’amici,

2070 2101 231 23 accumpagnavanu
2323 2104 13 15 a
2356 2098 56 22 locu
2432 2098 104 22 d’eternu

2070 2129 84 28 riposu
2163 2136 13 15 a
2184 2131 75 20 salma
2268 2130 24 22 di
2301 2137 13 15 u
2323 2133 68 20 tantu
2401 2132 137 27 cumpienlu

2168 2172 158 23 Alessandru
2337 2173 107 23 Calciati

2070 2213 94 28 figliolu
2174 2214 23 22 di
2206 2221 14 14 u
2228 2217 75 20 conte
2312 2214 117 23 Galeazzu
2438 2215 100 22 Calciati

2070 2252 13 16 e
2095 2248 105 27 signora,
2210 2250 57 20 nata
2279 2248 126 28 Donzella,
2419 2249 119 22 chiamatu

2069 2287 13 15 a
2095 2281 48 22 Diu
2154 2288 14 15 a
2180 2289 13 15 u
2206 2282 47 22 fior
2263 2282 26 22 di
2301 2283 83 22 l’anni.

2097 2314 97 23 Cataste
2206 2316 24 21 di
2244 2316 131 28 ghirlande
2389 2322 14 16 e
2415 2322 88 16 curone
2514 2316 22 22 di

2069 2347 55 23 fiori
2138 2350 101 21 naturali
2255 2352 156 20 attestavanu
2425 2350 27 22 di
2465 2350 74 21 l’ami-

2068 2382 60 21 cizie
2140 2388 12 15 e
2164 2382 113 27 simpatie
2290 2383 39 22 chi
2340 2390 16 15 u
2366 2384 64 22 tintu
2440 2383 98 29 giovine

2068 2420 14 16 e
2102 2421 13 15 a
2134 2415 35 22 so’
2187 2415 113 29 famiglia
2319 2416 89 23 avianu
2428 2417 110 28 sappiutu

2068 2449 88 21 creassi
2172 2449 24 21 in
2211 2449 35 21 so’
2258 2450 127 22 circondu.

2096 2482 151 28 Appartemu
2264 2489 13 15 a
2294 2483 139 23 l’immensu
2453 2484 82 22 dulore

2067 2516 26 20 di
2109 2515 46 22 ’ssu
2169 2516 77 21 babbu
2261 2522 13 16 e
2288 2516 46 22 ’ssa
2348 2523 108 16 mamma
2470 2518 65 21 tantu

2066 2549 130 28 sciagurati
2215 2549 108 23 d’avessi
2342 2551 68 22 vistu
2430 2550 65 29 spari
2509 2549 28 21 da

2067 2581 87 29 l’occhj
2172 2588 12 16 a
2198 2582 36 22 so’
2255 2584 72 21 unica
2344 2590 125 21 speranza,
2491 2589 12 15 e
2519 2582 16 21 li

2067 2615 152 23 indirizzemu
2228 2622 15 16 e
2252 2619 84 20 nostre
2347 2618 43 27 più
2403 2621 133 19 cummosse

2067 2649 186 27 cunduglianze.

73 2791 105 22 Fuglittinn
186 2793 19 17 di
212 2792 188 20 AAluvra—n.lv>9
406 2803 16 4 -
429 2794 19 17 di
454 2798 12 13 u
470 2793 73 19 30-3-30

97 2855 243 53 PAS4UALE
375 2855 143 49 PAOU

277 2929 62 18 OSSIA

116 2972 38 35 La
170 2972 82 36 Rotta
269 2972 30 36 di
312 2972 176 35 Pontemovo

72 3032 469 23 RACONTOCORSODELSECOLO

265 3070 81 22 XVIII

297 3111 22 18 DI

167 3154 34 23 F.
216 3154 36 23 D.
269 3153 173 26 Guerrazzi

99 3233 30 5 —
138 3221 166 27 Quantunque
312 3222 34 22 mi
357 3223 56 26 pesi
424 3223 91 23 vedere
526 3224 18 21 il

71 3257 88 19 nostro
180 3255 64 21 cielo
257 3255 127 22 vedovato
404 3256 24 21 di
441 3257 103 24 uno.dei

72 3287 54 21 suoi
139 3288 60 20 astri
208 3287 44 26 più
261 3288 66 24 belli,
335 3289 108 21 tuttavia
450 3289 32 21 mi
489 3295 56 20 pro-

71 3319 69 21 fessa
158 3321 92 25 troppo
270 3320 64 21 buon
354 3321 120 21 cristîano
500 3327 46 21 per

72 3352 142 21 contradire
229 3353 22 20 al
263 3355 109 25 precelto
383 3360 6 14 :
405 3354 81 26 quello
500 3354 45 22 che

73 3384 49 22 Dio
135 3384 42 21 uni
189 3384 92 22 l’uomo
293 3390 51 16 non
354 3386 93 27 separi.

98 3428 30 4 —
137 3416 45 21 Fin
195 3418 43 26 qui
250 3423 51 16 non
313 3419 22 20 ci
348 3419 33 21 ha
393 3419 73 21 unito
476 3418 52 23 Dio
538 3426 5 19 ;

70 3450 45 21 voi
126 3450 27 21 lo
163 3453 96 24 sapete.
273 3450 37 22 ciò
321 3451 54 21 sarà
388 3452 44 26 più
451 3452 72 25 tardi,
531 3459 14 15 e

71 3488 47 16 con
129 3482 111 28 migliori
253 3484 99 26 auspicî,
363 3489 74 22 spero
447 3491 7 18 ;
466 3484 79 21 intan-

70 3517 26 19 to
110 3516 179 26 provvedeteci
301 3516 24 20 di
338 3516 49 21 due
396 3517 149 26 passaporti.

99 3548 107 25 Avutili,
228 3549 92 20 tolsero
350 3548 135 22 com’miato
506 3549 40 21 dal

71 3582 82 22 conte,
165 3580 45 21 che
223 3582 177 20 rasserenatosi
410 3581 33 27 gli
454 3586 92 17 accom-

70 3612 84 27 pagné
165 3613 58 21 sino
236 3613 46 20 alla
293 3615 79 24 porta,
393 3612 152 23 colmandoli

71 3645 25 20 di
118 3650 94 15 carezze
233 3651 13 14 e
267 3645 23 20 di
310 3650 138 21 promesse,
471 3648 40 19 tra
521 3647 25 20 le

74 3677 67 26 quali
160 3682 178 21 mesceva.per
351 3678 43 21 via
405 3679 25 20 di
442 3679 105 26 giocon-

570 2795 52 22 dità
639 2796 23 21 la
675 2795 131 28 preghiera
825 2796 25 21 di
868 2801 84 16 essere
965 2797 79 20 scelto

569 2829 135 21 testimone
716 2829 136 25 allenozze,
860 2834 13 15 e
881 2833 116 22 compare
1006 2829 38 21 del

570 2862 79 26 primo
656 2860 123 28 fìgliuolo.
788 2861 68 21 Bene
864 2860 74 23 tornô
946 2862 22 21 ai
975 2863 70 26 viag-

569 2894 91 27 giatori
671 2894 24 21 la
707 2894 169 26 provvidenza
886 2894 104 27 diLella,
1000 2895 45 21 im-

568 2926 122 27 perocchè
702 2926 31 22 ad
740 2927 57 26 ogni
805 2927 42 27 piè
856 2927 114 27 sospinto
978 2927 67 22 s’im-

570 2959 137 22 battessero
718 2960 26 20 in
753 2960 122 28 pattuglie
885 2960 45 22 che
937 2961 109 27 gl’inter-

568 2997 127 21 rogavano
707 2992 140 23 dâll’essere
856 2994 65 24 loro,
933 2999 12 15 e
956 2993 88 22 deldo-

569 3030 31 15 ve
613 3025 145 26 andassero,
771 3031 13 15 e
808 3026 91 27 perché
912 3026 20 22 si
944 3032 101 16 moves-

569 3061 56 17 sero
635 3063 6 19 ;
655 3058 47 21 aile
715 3058 67 27 quali
791 3061 64 20 tutte
863 3059 123 22 domande
995 3064 49 17 non

570 3091 96 21 avendo
678 3090 67 22 Lella
765 3094 77 24 punto
859 3092 86 28 voglia
963 3093 25 21 di
1000 3092 47 22 ris-

570 3123 120 27 pondere,
702 3124 21 21 si
733 3125 110 27 toglieva
852 3124 148 28 d’impaccio
1007 3131 38 16 ca-

570 3156 80 22 vando
660 3156 26 22 di
707 3158 67 20 tasca
785 3158 19 20 il
825 3160 155 25 passaporto.
993 3159 53 20 An-

571 3188 46 22 che
637 3188 95 24 Matteo
749 3190 64 21 ebbe
831 3196 14 15 a
860 3191 81 27 patire
964 3191 82 21 simile

571 3222 93 21 minuta
673 3222 167 27 inquisizione
850 3229 13 15 e
871 3229 12 15 a
895 3223 151 22 liberarsene

571 3255 35 26 gli
618 3255 70 21 valse
699 3254 132 29 l’èsempio
843 3256 25 22 di
877 3256 75 22 Lella.
965 3256 80 22 Usciti

572 3288 46 20 alla
637 3288 50 21 fine
707 3288 65 22 fuori
789 3289 66 21 delle
874 3291 70 25 porte
961 3290 24 21 di
999 3289 46 22 San

572 3319 128 28 Giuseppe
712 3326 121 21 preseroa
843 3321 204 22 trottaredifilato

572 3359 73 16 verso
658 3354 18 20 il
689 3352 65 22 Golo
763 3359 45 21 per
819 3355 23 20 la
853 3353 114 22 Casinca.
976 3354 71 22 Arri-

574 3386 48 21 vât!
634 3385 45 22 che
689 3386 90 21 furono
786 3388 67 20 sotto
862 3386 109 26 Furiani,
980 3387 67 21 Lella

572 3418 76 27 pregô
656 3418 94 22 Matteo
757 3418 45 22 che
811 3419 103 21 andasse
920 3420 61 20 oltre
988 3420 58 26 pian

572 3452 74 26 piano
666 3452 97 20 intanto
785 3451 95 22 ch'essa
891 3452 21 21 si
934 3458 89 15 recava
1034 3458 12 15 a

572 3484 106 21 salutare
690 3485 67 20 certa
768 3489 44 16 sua
822 3489 161 21 conoscenza,
992 3485 54 27 egli

572 3518 88 20 teneva
681 3517 90 20 dietro.
790 3516 136 22 Tornando
946 3524 13 14 a
970 3517 76 22 Corte

573 3549 46 20 ella
629 3554 46 16 ave
677 3555 32 15 va
720 3548 66 22 fatto'
793 3550 105 26 disegno
905 3550 25 21 di
937 3551 111 21 avvisar-

573 3586 30 16 ne
616 3580 121 26 Mariano,
750 3586 58 17 caso
815 3583 48 20 mai
873 3583 175 22 volessecom-

572 3614 114 21 metterle
706 3614 107 27 qualche
836 3615 159 22 incuinbenza
1006 3622 6 19 ;
1024 3617 22 20 al

573 3646 102 26 volgere
688 3646 25 22 di
726 3652 47 15 una
785 3647 70 27 siepe
868 3648 47 20 ella
937 3654 110 21 pensava

575 3684 115 21 scorgere
701 3679 20 21 il
738 3680 63 21 tetto
820 3680 25 21 di
864 3685 55 16 casa
931 3686 43 16 sua
985 3687 6 15 :
1003 3686 45 21 per

1071 2799 85 25 questa
1168 2799 67 20 volta
1243 2803 50 16 non
1302 2798 58 22 vide
1368 2798 86 22 niente
1464 2804 5 20 ;
1481 2798 66 22 onde

1072 2830 47 21 ella
1136 2830 103 27 incolpô
1258 2831 25 21 la
1300 2831 103 27 propria
1427 2831 121 21 memoria

1072 2863 56 26 che,
1139 2863 115 21 distratta
1264 2864 29 20 da
1305 2866 68 20 tante
1386 2863 126 26 faccende,
1523 2864 25 21 le

1071 2896 101 22 serviva
1183 2895 54 22 così
1249 2896 178 22 infedelmente
1444 2897 31 21 da
1484 2896 64 22 farle

1071 2929 124 28 sbagliare
1206 2930 24 20 la
1243 2930 81 21 strada
1334 2936 6 19 ;
1355 2930 96 22 affretta
1464 2930 17 21 il
1493 2936 55 21 pas-

1072 2967 36 20 so,
1122 2962 83 22 arriva
1226 2962 25 21 in
1264 2963 60 21 altra
1339 2965 70 25 parte
1421 2964 63 21 dove
1504 2969 45 21 per

1072 2994 82 22 sicuro
1166 2995 22 21 si
1209 2996 115 26 scopriva
1345 2996 22 21 la
1380 3002 64 20 casa,
1458 3002 38 16 ma
1507 3002 41 15 an-

1073 3027 45 22 che
1128 3028 90 21 adesso
1227 3033 52 16 non
1289 3028 64 22 mira
1361 3030 66 21 nulla
1434 3036 6 15 :
1449 3029 98 22 curiosa

1072 3066 14 16 a
1095 3066 34 15 un
1140 3062 79 25 punto
1229 3066 15 16 e
1252 3066 140 17 commossa
1403 3062 120 27 précipita
1530 3062 18 21 il

1073 3099 80 20 corso,
1163 3099 14 16 e
1188 3093 200 28 all’.improvviso
1398 3095 24 21 le
1433 3097 115 25 percuote

1072 3127 23 21 la
1105 3126 65 22 vista
1182 3132 33 16 un
1229 3127 113 22 mucchio
1350 3128 25 20 di
1382 3128 62 21 sassi
1452 3127 97 24 affumi-

1074 3159 56 21 cati.
1142 3158 110 22 Ristette
1265 3165 70 16 corne
1347 3160 147 27 impietrita,
1505 3166 43 22 po-

1073 3197 28 17 co
1113 3192 67 28 dopo
1193 3192 72 27 quasi
1284 3193 100 22 volesse
1403 3193 146 28 sgombrare

1072 3225 23 21 la
1104 3227 86 19 mente
1202 3225 25 21 di
1239 3225 108 27 pensieri
1357 3226 100 22 molesti
1468 3227 19 20 si
1499 3226 50 22 fre-

1072 3257 31 28 gô
1115 3258 21 21 la
1149 3257 80 22 faccia
1242 3264 13 15 a
1275 3258 43 28 più
1334 3259 111 27 riprese;
1458 3265 91 22 propo-

1072 3290 107 22 nendosi
1197 3290 29 24 dû
1248 3291 136 22 chiederne
1412 3292 92 23 notizie
1524 3294 25 20 al

1073 3323 81 26 primo
1163 3322 46 22 che
1220 3324 24 21 le
1256 3324 120 26 capitasse
1384 3325 112 25 davanti,
1506 3326 43 27 già

1071 3356 102 20 voltava
1187 3356 90 28 briglia
1290 3356 130 27 quandodi
1434 3358 81 21 dietro
1524 3359 24 21 le

1072 3388 108 21 macerie
1192 3389 60 22 vide
1263 3389 104 22 sbucare
1376 3396 31 15 un
1415 3395 76 17 uomo
1502 3391 46 21 che

1072 3422 103 25 portava
1183 3427 48 16 una
1243 3428 72 16 croce
1326 3422 64 22 tinta
1401 3423 25 21 di
1434 3429 62 16 nero
1504 3424 45 22 do-

1072 3459 32 15 ve
1117 3454 119 26 appariva
1247 3455 87 21 scritta
1347 3456 124 22 inbianco
1481 3459 68 25 qual-

1074 3486 45 22 che
1129 3487 131 26 leggenda.
1272 3488 62 22 Lella
1343 3490 123 20 trattenne
1478 3490 18 21 il
1506 3490 43 22 fia-

1073 3521 26 20 to
1111 3524 47 21 per
1169 3521 116 21 nondare
1296 3526 14 15 a
1321 3523 138 24 sospettare
1470 3521 78 23 la'sua

1073 3557 129 21 presenza,
1214 3558 14 15 e
1242 3553 24 22 di
1279 3553 81 21 dietro
1371 3554 24 21 la
1406 3555 72 27 siepe
1488 3556 61 21 vide

1073 3586 96 20 cotesto
1183 3590 86 22 uomo,
1286 3585 45 22 che
1349 3586 76 22 scavô
1436 3594 34 14 un
1483 3588 65 22 buco

1074 3616 35 22 fra
1122 3617 8 20 i
1139 3619 112 24 rottami,
1265 3624 14 15 e
1290 3619 136 26 piantatavi
1441 3621 24 20 la
1476 3626 73 16 croce

1073 3650 22 20 la
1105 3649 60 22 fìssò
1177 3650 76 22 dritta
1265 3650 83 22 mercè
1360 3651 24 21 di
1398 3652 62 21 sassi
1472 3654 77 21 collo-

1074 3683 49 20 cati
1132 3682 26 21 in
1166 3684 76 21 torno
1251 3690 13 15 a
1275 3685 123 20 contrasto
1405 3690 6 20 ;
1422 3685 74 21 allora
1505 3691 44 21 po-

1574 2796 24 21 tè
1608 2795 103 28 leggerè
1722 2796 25 21 lo
1759 2795 86 22 scritto
1858 2795 45 21 che
1912 2795 25 21 in
1946 2796 101 20 caratté-

1575 2829 21 21 ri
1614 2828 45 27 più
1671 2828 80 28 grossi
1774 2828 88 22 diceva
1872 2834 6 16 :
1887 2840 28 4 —
1938 2827 67 22 Casa
2020 2828 27 21 di

1575 2862 129 21 traditore
1711 2867 69 21 ;—e
1795 2861 26 21 in
1841 2861 43 27 più
1905 2861 89 22 minuti
2007 2867 39 22 ag-

1574 2895 125 27 giungeva
1708 2900 5 16 :
1731 2896 107 20 —sotto
1860 2896 85 25 questa
1956 2894 91 22 rovina

1574 2928 131 27 giacciono
1714 2928 7 21 i
1734 2927 68 27 corpi
1811 2928 25 21 di
1846 2927 120 26 Mariano,
1979 2927 68 22 inde-

1573 2966 48 22 gna
1633 2961 78 26 stirpe
1722 2961 26 21 di
1766 2961 107 25 Alando,
1898 2966 14 16 e
1923 2961 67 21 délia
2003 2966 43 16 sua

1574 2994 93 27 moglie
1679 2993 70 22 Lucia
1760 3000 7 15 :
1784 2995 22 20 le
1823 2994 82 21 anime
1920 2994 126 22 andarono

1575 3027 106 21 dannate
1693 3026 171 23 nellTnferno.

1601 3059 105 23 Cotesto
1716 3066 74 16 uomo
1799 3066 42 16 era
1851 3061 125 26 ilpastore
1988 3060 58 22 Bas-

1574 3093 76 26 tiano,
1660 3093 45 22 che
1716 3099 79 15 aveva
1803 3095 146 20 mantenuto
1960 3094 23 20 la
1991 3099 56 21 pro-

1574 3132 91 20 messa,
1674 3126 124 22 senonchè
1807 3127 34 27 gli
1851 3132 40 16 era
1900 3131 72 23 parso
1983 3127 63 21 bene

1574 3159 164 22 d’introdurci
1751 3159 104 27 qualche
1869 3160 129 26 variante;
2012 3160 34 21 in-

1574 3198 61 16 vece
1645 3192 160 27 d’impiccare
1817 3198 80 16 aveva
1918 3192 128 28 appiccato

1574 3224 73 23 fuoco
1658 3226 46 20 alla
1716 3230 65 21 casa,
1791 3231 13 16 e
1814 3226 121 21 invecedi
1947 3226 98 22 manda-

1574 3264 27 16 re
1618 3257 113 23 Mariano
1750 3260 53 21 solo
1823 3259 140 23 all’inferno
1983 3266 28 16 ce
2022 3261 25 22 lo

1574 3297 60 16 avea
1657 3292 84 27 spinto
1762 3292 25 22 in
1808 3293 154 28 compagnia.
1983 3293 64 23 Lella

1575 3324 92 28 scappò
1679 3331 12 15 a
1703 3325 130 28 precipizio
1852 3332 14 15 e
1884 3327 162 27 allorquando

1575 3358 62 20 ebbe
1659 3358 133 26 raggiunto
1805 3358 104 27 Matteo,
1919 3371 3 2 ■
1928 3362 121 24 quantun-

1575 3396 47 22 que
1634 3396 42 16 usa
1688 3391 159 22 dissimulare
1859 3392 59 28 ogni
1931 3392 44 27 più
1985 3392 61 22 fiero

1574 3424 167 25 turbamento,
1753 3426 70 20 tanto
1834 3430 50 16 non
1905 3425 58 27 potè
1975 3431 72 22 sopra

1575 3456 26 21 sè
1611 3457 147 25 medesima,
1771 3456 44 22 elle
1827 3463 50 16 non
1895 3458 152 27 comparisse

1575 3489 119 21 stravolta
1705 3496 6 15 ;
1732 3490 83 27 quegli
1827 3491 25 21 lo
1865 3490 60 22 notò
1946 3497 13 14 e
1969 3491 77 27 glielo

1575 3522 75 26 disse,
1662 3528 41 15 ma
1715 3522 65 22 Lella
1791 3525 88 24 pronta
1899 3524 95 26 rispose
2002 3531 7 13 :
2019 3535 29 5 —

1575 3560 41 16 era
1626 3555 90 21 andata
1727 3561 14 15 a
1752 3556 106 21 salutare
1869 3562 34 15 un
1914 3557 92 26 eugino
2018 3558 29 21 da

1575 3589 69 26 parte
1656 3588 24 21 di
1694 3589 84 20 madré
1790 3589 31 20 ed
1839 3588 34 21 ho
1883 3591 109 24 trovato,
2003 3596 44 21 po-

1574 3621 92 21 verino
1677 3621 5 20 !
1700 3620 46 22 che
1764 3621 35 26 gli
1826 3621 221 24 amministravano

1574 3653 123 21 l’estrema
1708 3653 115 21 unzione.
1830 3665 30 4 —
1868 3653 44 22 Poi
1924 3656 98 26 tacque,
2032 3662 15 15 e

1574 3685 97 21 Matteo
1682 3686 155 27 rispettando
1848 3687 19 21 il
1882 3692 86 18 nuovo
1979 3688 68 23 dolo-

2073 2800 27 16 re
2108 2800 50 16 non
2169 2794 20 22 si
2202 2795 95 23 attenté
2304 2796 113 22 moverle
2428 2796 63 22 altre
2500 2793 39 22 do-

2073 2828 98 21 mande.
2179 2839 28 5 —

2101 2862 22 20 A
2135 2862 75 22 molta
2221 2862 109 22 distanza
2342 2862 30 22 da
2389 2862 77 22 Corte
2480 2860 58 22 Lella

2073 2894 22 21 si
2105 2894 81 22 divise
2198 2896 30 21 da
2241 2895 105 27 Matteo,
2357 2902 91 16 escesa
2459 2894 80 23 lanot-

2072 2929 34 24 te,
2118 2928 108 22 andando
2237 2935 47 21 per
2294 2929 126 28 giravoile
2432 2935 14 15 a
2457 2928 32 22 lei
2499 2931 36 17 co-

2072 2961 111 22 nosciute
2191 2962 20 21 si
2218 2962 98 22 ridusse
2325 2963 46 21 alla
2379 2968 55 16 casa
2444 2963 92 26 paterna

2072 2999 73 17 senza
2155 2995 45 21 che
2208 3001 104 21 persona
2322 3002 90 16 avesse
2420 2993 116 25 avvertito

2072 3026 24 23 là
2106 3033 42 16 sua
2157 3030 124 26 partenza,
2294 3034 14 17 0
2321 3035 31 16 ne
2364 3031 101 20 notasse
2476 3028 17 21 il
2507 3024 31 23 ri-

2072 3062 80 25 torno,
2161 3062 161 22 costumando
2331 3063 111 21 lasciarsi
2454 3060 84 23 vedere

2073 3093 24 22 di
2108 3094 58 22 rado
2178 3100 43 22 per
2230 3094 77 23 Corte
2319 3102 14 15 e
2345 3096 107 22 facendo
2463 3096 75 20 corre-

2072 3132 27 16 re
2109 3132 70 21 voce,
2192 3128 45 22 che
2250 3129 112 27 giacesse
2385 3129 104 22 inferma
2500 3123 39 24 nel

2072 3160 70 22 letto.

2100 3193 91 23 Matteo
2204 3195 100 22 smontò
2313 3196 23 21 al
2345 3196 98 27 palazzo
2450 3193 38 23 del
2498 3195 40 24 go-

2072 3232 78 16 verno
2171 3233 13 15 e
2201 3228 152 23 intromesso
2375 3229 82 21 subito
2477 3224 61 23 nella

2074 3265 94 17 caméra
2178 3260 39 22 del
2229 3261 132 27 Generale,
2368 3264 87 20 contro
2465 3261 22 20 la
2497 3261 41 18 sua

2073 3294 146 27 aspettativa
2228 3295 27 22 lo
2267 3296 123 21 rinvenne
2403 3296 60 21 ilare
2474 3299 6 19 ;
2488 3288 49 25 anzi

2073 3327 50 27 egli
2131 3327 76 26 prima
2219 3328 154 22 incomincié
2380 3335 6 15 :

2100 3371 29 5 —
2138 3360 45 22 Già
2192 3366 39 16 me
2240 3363 26 20 lo
2276 3363 146 28 immagino,
2431 3363 26 19 tu
2466 3355 71 26 mi'ri"

2072 3393 68 21 torni
2159 3398 46 17 con
2216 3395 26 20 lo
2254 3396 59 26 pive
2325 3396 42 22 nel
2383 3399 72 18 sacco
2465 3398 7 16 :

2073 3425 37 21 sei
2133 3426 100 23 riuscito
2257 3429 48 21 neh
2314 3429 13 21 ?
2339 3427 47 23 Già
2399 3428 8 21 i
2428 3419 107 28 Francesi

2073 3459 115 27 sogliono
2196 3460 63 27 dire,
2272 3462 45 21 che
2323 3461 39 23 cié
2372 3460 53 23 ch’è
2437 3458 99 22 büonoa

2073 3491 111 28 pigliare,
2193 3493 14 21 è
2218 3494 80 22 anche
2309 3494 94 28 meglio
2415 3499 13 15 a
2449 3491 86 22 tenere,

2073 3530 14 16 e
2099 3524 95 24 co’fatti
2206 3527 24 20 lo
2240 3527 154 22 dimostrano
2406 3532 6 20 ;
2420 3522 115 25 sentiamo

2073 3564 33 15 un
2117 3558 41 27 po’
2175 3559 44 22 che
2239 3566 58 16 cose
2315 3560 112 22 dichiara
2448 3553 87 25 cotesto

2072 3591 89 27 foglio,
2179 3592 45 22 che
2241 3594 19 21 ti
2275 3594 81 21 ninoli
2368 3595 38 19 tra
2422 3592 25 20 le
2457 3584 78 27 manD

2073 3624 80 27 rompi
2165 3625 18 21 il
2193 3626 87 27 sigillo
2292 3632 13 16 e
2316 3626 67 27 leggi
2395 3631 6 16 :

2100 3656 91 24 Matteo
2204 3664 88 22 aperse
2300 3660 18 21 il
2328 3660 66 27 plico
2408 3657 128 21 elesse:-"

2074 3689 112 30 Signore.
2199 3692 48 24 Voi
2265 3694 63 21 siete
2347 3693 94 23 astuto,
2453 3692 38 18 ma
2499 3683 38 21 ha-
