2484 3775
22 86 86 24 Vers
124 85 31 23 le
168 82 125 31 gouffre

329 158 303 51 GACHIS.

46 304 34 19 De
97 302 65 25 petits
171 301 73 20 carrés
257 299 28 20 de
294 298 78 25 papier
385 303 58 17 rose,
454 303 36 13 ac-

21 333 60 20 colés
101 338 44 14 aux
162 330 99 26 pilastres
269 329 28 20 de
316 328 22 20 la
353 327 134 22 Préfecture,

21 366 128 17 annoncent
165 362 21 19 la
204 363 63 17 vente
279 358 108 25 publique
403 357 31 19 du
442 362 48 14 mo-

20 394 66 20 bilier
103 390 119 22 sommaire
230 390 27 19 de
273 388 108 25 quelques
394 392 95 19 pauvres

20 429 56 19 gens
90 422 38 25 qui
146 422 63 19 n'ont
224 425 38 18 pas
271 417 94 21 satisfait
379 423 28 14 en
416 420 73 21 temps

19 453 68 19 voulu
104 458 43 13 aux
165 449 113 24 exigences
296 448 38 19 du.
344 447 47 20 fisc.
407 447 34 20 En
455 453 34 13 re-

19 481 87 21 vanche
137 483 57 16 cette
216 479 54 19 dure
291 477 132 20 alternative
448 477 40 25 qui

20 511 97 21 consiste
141 511 14 18 à
171 515 68 19 payer
254 514 52 14 sans
326 507 97 20 discuter
436 513 29 14 ou
474 507 14 19 à

19 549 25 13 se
61 541 78 20 laisser
149 539 89 23 vendre,
248 542 33 16 est
290 538 111 25 épargnée
418 538 14 19 à
439 540 49 17 tou-

19 575 23 17 te
58 577 45 14 une
120 569 110 25 catégorie
254 569 27 19 de
289 574 57 19 gens
363 568 39 24 qui
428 574 60 13 com-

18 604 82 22 posent
120 600 21 20 le
159 598 47 21 rôle
222 598 38 20 des
274 601 61 17 cotes
352 597 136 20 irrécouvra-

18 632 56 20 bles.

44 661 40 21 S'il
106 666 57 14 vous
180 659 52 19 était
251 657 82 26 permis
350 656 137 21 d’entrebail-

17 692 36 19 ler
63 691 22 20 la
101 693 64 22 porte
177 688 29 20 de
222 695 25 13 ce
262 687 171 25 compartiment
454 687 33 19 ré-

18 722 71 22 servé,
100 726 56 14 vous
169 718 73 21 auriez
249 718 21 20 la
278 717 100 25 surprise
390 717 29 20 de
430 723 56 14 vous

18 756 91 16 trouver
127 757 28 13 en
177 749 43 20 fort
240 748 74 20 bonne
339 747 131 25 compagnie
479 753 7 14 :

22 781 53 21 voiis
83 788 15 18 y
112 778 139 27 apercevriez
262 778 39 20 des
316 784 56 19 gens
386 778 56 20 dont
453 777 34 21 les

18 816 127 16 ressources
154 811 130 24 apparentes
289 815 31 14 ou
329 808 105 24 occultes,
447 811 40 17 ont

18 848 45 14 une
84 844 62 18 toute
163 843 62 17 autre
239 839 138 20 consistance
390 845 45 18 que
453 838 33 20 les

18 872 108 25 quelques
143 870 116 21 meublesà
267 876 69 18 usage
350 869 136 20 strictement

17 902 147 24 domestique,
186 900 63 20 saisis
261 906 40 19 par
317 900 22 19 le
356 903 130 22 percepteur

18 939 39 13 sur
73 932 22 20 la
113 932 46 20 tête
171 930 28 21 de
223 930 163 20 contribuables
411 930 74 20 moins

17 962 133 25 privilégiés.
169 960 39 21 S’il
224 960 46 21 faut
277 960 87 25 ajouter
375 960 33 21 foi
420 961 13 20 à
440 967 45 14 cer-

16 993 72 20 taines
113 990 154 22 indiscrétions
286 991 28 20 de
326 991 22 20 la
361 998 76 18 presse
447 997 39 19 pa-

16 1024 98 20 risienne
131 1028 57 15 vous
208 1021 82 21 verriez
313 1022 73 19 même
402 1021 83 26 figurer

16 1054 39 20 des
76 1052 180 26 parlementaires
278 1052 56 20 dans
353 1055 57 17 cette
434 1052 50 20 liste

16 1085 28 19 de
53 1084 98 24 citoyens
169 1082 39 26 qui
221 1082 119 25 possèdent
357 1082 127 21 l’inestima-

16 1115 37 20 ble
70 1114 107 25 privilège
199 1113 28 20 de
247 1113 68 21 n’être
333 1113 24 20 ni
374 1113 109 22 taillables

16 1145 24 20 ni
49 1144 128 21 corvéables
185 1144 13 19 à
207 1144 76 24 mèrçi;
292 1146 23 17 et
324 1150 55 14 vous
387 1150 30 14 ne
425 1145 61 18 trou-

16 1181 65 15 verez
102 1181 40 19 pas
172 1174 56 21 dans
250 1178 55 17 cette
328 1174 155 23 constatation,

13 1206 24 24 je
45 1206 99 24 l’espère,
168 1211 30 14 un
216 1209 115 21 argument
352 1204 80 21 décisif
454 1210 29 14 en

15 1236 78 20 faveur
110 1236 28 20 de
164 1235 178 25 l’augmentation
367 1235 28 20 de
410 1235 74 20 traite-

15 1270 63 17 ment
95 1269 45 22 què
152 1266 106 21 viennent
273 1266 29 20 de
316 1265 108 20 réclamer
441 1271 42 15 nos

15 1298 115 19 sénateurs
143 1300 23 17 et
180 1295 98 25 députés.
305 1309 8 3 -
400 1309 15 13 r
485 1299 5 3 '

39 1327 34 20 Ne
87 1326 123 21 cherchons
222 1333 39 18 pas
276 1327 14 19 à
307 1327 103 24 pénétrer
426 1326 56 20 dans

14 1357 32 21 les
68 1364 91 15 arcanes
182 1357 29 19 de
228 1360 55 17 cette
304 1356 83 25 justice
410 1357 73 21 distri-

13 1388 76 20 butive
106 1388 39 24 qui
160 1387 95 21 consiste
266 1388 13 19 à
288 1388 88 19 écraser
389 1387 34 21 les
439 1395 43 13 uns

14 1425 28 13 en
56 1419 122 20 exonérant
193 1418 33 20 les
233 1421 80 17 autres.
328 1417 155 26 Enregistrons

13 1449 22 20 le
53 1448 40 21 fait
113 1449 38 25 qui
165 1452 35 17 est
218 1455 43 14 une
273 1448 165 22 manifestation
454 1450 29 20 de

13 1479 158 26 l'impartialité
195 1479 30 20 du
243 1479 46 21 fisc.
306 1488 12 17 7

38 1510 65 20 Voici
111 1510 138 21 maintenant
256 1510 45 25 pris
309 1511 15 20 à
340 1513 50 18 tout
401 1510 82 22 hasard

14 1541 108 25 quelques
135 1540 112 25 exemples
269 1547 45 14 non
329 1541 51 24 plus
396 1542 29 19 de
436 1542 47 25 jus-

12 1572 51 25 tice,
81 1572 57 20 mais
156 1572 29 20 de
205 1571 83 25 probité
300 1571 84 21 fiscale.

38 1602 81 24 Quand
137 1608 56 15 vous
217 1609 53 13 vous
300 1604 116 23 présentez
438 1610 45 14 aux

12 1633 101 25 guichets
121 1633 66 20 d’une
196 1633 134 25 perception,
340 1640 57 19 pour
410 1641 15 18 y
434 1637 49 18 tou-

12 1663 54 20 cher
97 1663 32 21 les
154 1664 112 24 arrérages
293 1664 67 20 d’une
386 1665 94 24 pension

13 1694 65 20 civile
111 1701 29 13 ou
169 1693 108 25 militaire,
307 1694 17 20 il
355 1696 58 20 n’est
441 1702 39 18 pas

13 1731 55 14 rare,
76 1731 44 18 que
137 1730 56 15 vous
211 1730 63 20 soyez
301 1725 73 25 réglés
392 1727 89 24 partiel-

11 1755 85 20 lement
104 1761 29 14 en
142 1755 56 20 bons
207 1755 28 20 de
242 1755 21 20 la
277 1755 93 22 défense
381 1757 100 20 nationa-

10 1787 22 19 le
40 1787 14 19 à
62 1787 110 20 échéance
180 1787 49 26 plus
237 1793 28 15 ou
273 1788 75 21 moins
356 1788 106 22 lointaine
470 1796 8 18 ;

11 1817 56 20 mais
85 1818 18 20 si
112 1824 57 14 vous
178 1818 162 25 réapparaissez
347 1819 15 20 à
370 1820 108 25 quelques

9 1847 82 21 heures
106 1848 147 21 d’intervalles
272 1849 14 20 à
302 1855 28 14 ce
341 1850 74 21 même
431 1851 48 25 gui-

9 1878 58 24 chet,
77 1885 53 14 sous
138 1878 72 26 figure
218 1879 27 20 de
261 1880 118 21 redevable
396 1885 82 17 venant

11 1909 110 25 acquitter
141 1916 45 13 une
217 1912 48 18 taxe
288 1910 148 26 quelconque,
456 1912 22 20 le

9 1940 74 20 même
102 1940 103 25 employé
221 1943 103 18 trouvera
338 1942 140 21 exhorbitant

11 1973 24 17 et
52 1977 110 19 saugrenu
184 1977 44 18 que
249 1977 54 15 vous
330 1972 115 22 cherchiez
464 1975 13 19 à

9 2001 22 19 le
46 2007 68 19 payer
131 2008 28 13 en
174 2001 70 25 partie
263 2008 53 15 avec
334 2009 38 14 ces
393 2005 84 20 mêmes

9 2032 58 21 bons
80 2032 54 25 qu’il
146 2038 56 15 vous
219 2035 12 17 à
240 2032 70 21 refilés
326 2033 101 22 l’instant
434 2035 43 21 d’a-

9 2067 60 17 vant.
92 2063 32 21 Ne
137 2063 97 21 discutez
260 2070 40 18 pas
316 2064 161 23 l’incohérence

7 2094 31 20 du
53 2095 101 24 procédé,
168 2095 16 20 il
195 2101 50 14 sera
259 2096 69 25 coupé
346 2100 64 17 court
418 2098 13 19 à
439 2103 39 14 vo-

7 2128 35 16 tre
56 2126 58 19 essai
121 2126 197 25 d’argumentation
330 2127 97 25 logique,
437 2134 40 18 par

6 2155 137 21 l’exhibition
162 2156 67 20 d’une
250 2156 114 21 circulaire
379 2158 98 21 ministe-

6 2185 70 21 rielle.

32 2217 90 20 D’autre
147 2220 57 22 part,
223 2217 37 25 j’ai
282 2224 54 15 sous
356 2219 33 21 les
410 2226 65 19 yeux,

8 2247 40 20 des
66 2248 179 20 avertissements
258 2248 94 21 délivrés
369 2250 13 20 à
399 2250 77 21 l’occa-

7 2277 52 21 sion
72 2277 39 21 des
128 2278 82 25 impôts
224 2278 147 23 additionnels
390 2281 14 20 à
419 2287 56 14 ceux

7 2308 29 20 de
46 2308 50 25 1926
104 2310 178 21 communément
285 2310 104 25 désignés
396 2318 54 14 sous
455 2312 21 20 le

6 2339 94 20 vocable
108 2343 11 11 «
127 2339 104 26 d’impôts
237 2339 115 22 Loucheur
359 2349 11 11 »
384 2342 92 25 étiquet-

5 2372 24 16 te
41 2369 39 25 qui
102 2376 57 14 nous
182 2370 114 26 renseigne
315 2371 161 22 suffisamment

5 2405 40 14 sur
69 2400 49 20 leur
135 2400 89 25 légalité
245 2402 163 25 rétrospective.
432 2403 43 21 Ces

5 2430 334 23 avertissementsmentionnent
345 2434 82 26 qu’une
431 2440 45 14 ma-

2 2460 99 24 joration
118 2461 28 20 de
163 2461 52 25 iûo/°
227 2461 47 21 leur
289 2469 50 14 sera
358 2464 117 25 appliquée

4 2491 23 19 le
35 2493 30 18 1er
72 2498 59 14 mars
140 2493 51 24 1925
199 2499 28 13 en
236 2499 36 14 cas
284 2493 28 20 de
330 2494 72 21 retard
413 2495 62 20 ^ans

13 2522 22 20 le
42 2526 127 21 payement.

32 2552 44 20 Oui
83 2554 6 19 !
108 2560 26 13 ce
147 2557 51 18 sont
213 2554 50 20 bien
272 2561 28 13 en
317 2554 54 21 effet
383 2556 33 20 les
432 2559 43 18 ter-

4 2589 48 14 mes
73 2584 28 20 de
117 2584 21 20 la
159 2585 31 20 loi
211 2584 121 22 Loucheur.
355 2586 56 21 Mais
431 2594 44 13 une

3 2613 31 21 loi
43 2614 31 20 du
81 2620 9 14 1
94 2618 6 6 *
106 2614 193 26 Janvier,proroge
309 2618 167 23 exprèssement

3 2650 29 14 au
45 2648 20 16 1*
78 2645 44 20 mai
136 2645 22 20 le
169 2646 58 20 délai
253 2647 64 23 après
329 2647 74 25 lequel
421 2648 55 25 s’ap-

4 2675 101 25 pliquera
113 2676 20 20 la
146 2676 138 25 majoration;
293 2683 39 14 sur
340 2678 34 20 les
381 2678 94 24 feuilles,

4 2704 23 21 la
40 2706 51 20 date
113 2707 109 20 ancienne
241 2714 13 13 a
266 2708 112 21 -subsisté.

31 2736 33 20 En
76 2736 109 21 rectifiant
196 2737 22 20 la
227 2737 55 25 date,
292 2737 103 27 "l’argent
409 2740 67 20 serait

5 2769 75 18 rentré
88 2768 75 20 moins
169 2769 79 21 vite.ee
256 2769 38 25 qui
303 2773 39 17 eut
346 2771 36 19 été
387 2777 31 14 un
430 2772 45 19 mal

4 2804 58 18 pour
74 2798 21 20 la
105 2797 127 22 Trésorerie
240 2799 55 21 mais
312 2801 63 20 aussi
384 2808 30 13 un
424 2801 51 21 bien

3 2834 59 18 pour
78 2828 21 20 la
112 2829 91 22 France,
219 2835 36 14 car
263 2836 25 14 ce
296 2837 55 18 pays
365 2838 13 13 a
395 2832 80 20 intérêt

7 2861 49 17 tant
73 2865 44 19 que
134 2860 57 21 dure
210 2856 22 24 ie
245 2860 75 24 gâchis
334 2862 73 20 actuel
420 2863 14 19 à
449 2869 26 14 ce

5 2895 45 18 que
65 2889 32 21 les
112 2890 92 25 requins
222 2891 37 24 qui
275 2891 21 20 la
323 2893 99 24 mènent,
437 2893 37 21 dé-

4 2923 80 17 vorent
100 2920 21 20 le
139 2921 73 20 moins
240 2921 28 20 de
284 2928 127 15 ressources
424 2930 50 19 pos-

3 2949 76 21 sibles.

28 2974 55 21 Mais
96 2976 111 25 pourquoi
224 2980 96 21 tromper
336 2978 32 19 les
381 2978 92 25 assujet-

1 3004 30 20 tis
43 3009 23 16 et
81 3011 79 15 encoui
164 3012 54 19 ager
226 3006 31 21 les
267 3010 77 21 agents
357 3008 31 20 du
396 3008 41 21 fisc
459 3010 13 19 à

2 3036 163 24 ces—procédés
181 3037 132 20 d’extorsion
321 3037 14 20 ?

28 3065 115 20 D’ailleurs
164 3070 57 17 cette
240 3066 64 24 façon
317 3067 31 20 de
363 3068 57 20 faire
434 3069 38 20 n’a

3 3094 48 20 rien
70 3096 90 20 d’inédit
167 3103 8 17 ;
191 3096 43 20 elle
245 3100 33 16 est
288 3097 115 20 conforme
417 3099 14 19 à
450 3099 22 20 la

4 3125 106 20 tradition
129 3126 95 21 actuelle
232 3133 7 17 ;
259 3127 75 24 quand
363 3134 57 14 vous
438 3135 34 14 re-

2 3161 67 14 cevez
88 3162 41 14 vos
148 3156 85 21 feuilles
262 3156 156 25 d’imposition,
440 3166 31 13 on

2 3191 57 14 vous
76 3185 91 25 indique
180 3186 53 21 bien
241 3193 28 13 au
282 3193 66 14 verso
357 3194 44 19 que
414 3195 57 15 vous

1 3220 55 14 avez
64 3216 55 19 trois
131 3216 57 20 mois
208 3222 61 18 pour
284 3217 108 21 réclamer
397 3225 7 17 ;
414 3225 57 14 vous

2 3250 56 14 vous
71 3245 109 24 imaginez
189 3246 28 20 de
227 3246 72 20 bonne
310 3246 31 21 foi
359 3254 44 19 que
414 3251 56 18 cette

2 3276 50 20 date
69 3277 107 25 fatidique
197 3284 26 14 se
233 3278 94 21 confond
349 3286 54 14 avec
417 3282 54 20 celle

1 3306 29 19 de
41 3307 81 19 l’envoi
134 3307 29 20 de
171 3311 64 17 votre
248 3308 73 21 feuille
335 3316 41 18 par
384 3310 21 20 la
421 3318 51 17 pos-

1 3339 30 18 te,
46 3342 30 14 ou
87 3337 46 19 s’en
149 3338 122 25 rapproche
285 3340 184 22 sensiblement...

1 3365 199 25 Détrompez-vous
208 3374 8 16 ;
237 3367 15 20 il
276 3375 13 17 y
306 3375 13 13 a
350 3370 50 25 déjà
420 3371 50 24 plus

1 3395 52 19 d’un
74 3396 58 19 mois
147 3403 45 17 que
204 3397 23 19 le
244 3398 45 20 rôle
309 3403 34 16 est
356 3401 76 24 publié
440 3408 30 14 ou

2 3429 10 10 «
21 3426 68 18 censé
96 3430 12 10 »
125 3426 65 20 avoir
205 3427 35 19 été
251 3428 74 23 publié
333 3436 29 14 au
370 3435 101 17 moment

1 3454 29 19 où
45 3460 57 14 vous
120 3461 91 15 recevez
231 3456 21 20 la
266 3461 51 16 note
327 3459 16 20 à
355 3466 76 19 payer,
440 3465 29 19 et,

2 3484 92 19 résultat
111 3484 38 24 qui
166 3486 35 19 n’â
215 3486 47 20 rien
279 3487 28 20 de
323 3490 146 24 négligeable,

2 3516 63 16 votre
91 3513 59 20 délai
167 3519 35 16 est
227 3516 48 24 déjà
291 3518 78 21 écoulé
394 3521 76 23 quand

1 3548 56 13 vous
75 3549 83 18 songez
170 3545 14 19 à
197 3545 112 21 réclamer.

26 3571 33 20 Eh
70 3573 7 19 I
91 3573 58 19 bien,
158 3575 55 20 celà-
230 3576 93 23 procède
344 3578 29 19 du
396 3579 73 20 même

2 3601 70 19 calcul
102 3603 174 25 psychologique
296 3612 46 18 que
362 3608 24 19 le
405 3608 37 20 vol
454 3610 14 18 à

1 3629 26 19 1’«
33 3636 101 15 annonce
143 3640 12 11 »
161 3640 7 16 ;
176 3634 17 19 il
202 3637 35 16 est
246 3635 88 23 spéculé
342 3642 41 14 sur
389 3637 21 19 la
418 3641 50 16 ten-

515 296 70 20 dance
601 295 31 19 du
649 295 75 24 public
746 296 13 19 à
780 298 103 21 accepter
898 300 84 15 comme

515 324 75 26 parole
617 324 127 25 d’Evangile
760 328 49 17 tout
825 331 25 14 ce
870 325 40 24 qui
927 324 55 20 s’im-

515 355 71 25 prime
599 358 23 16 et
634 355 13 19 à
662 355 51 24 plus
731 354 57 21 forte
805 355 74 20 raison
899 357 50 18 tout
959 360 23 13 ce

515 386 39 24 qui
571 388 83 17 ressort
676 391 29 13 en
724 391 52 19 gros
791 386 122 19 caractères
929 384 53 20 dans

515 422 37 13 ces
576 414 87 20 feuilles
677 415 14 19 à
705 415 70 20 allure
783 414 101 21 officielle
898 421 45 19 que
951 420 31 14 re-

514 447 129 23 présentent
658 445 33 19 les
705 445 178 20 avertissements
896 451 29 14 en
939 450 43 14 ma-

514 476 55 20 tière
581 475 111 24 d’impôts.

540 505 31 21 Ce
594 511 30 14 ne
645 508 52 18 sont
719 505 125 25 cependant
861 511 46 19 que
920 510 62 15 ruses

514 539 22 17 et
552 535 103 24 artifices,
674 535 19 20 si
711 542 29 14 on
758 542 104 18 compare
878 542 38 14 ces
933 540 49 20 pro-

514 566 64 20 cédés
589 571 45 14 aux
641 565 144 21 instructions
793 569 122 17 contenues
927 565 55 21 dans

513 596 21 19 la
549 598 88 18 recente
645 594 116 21 circulaire
775 595 31 20 du
820 595 116 20 Directeur
946 595 36 25 gé-

513 624 61 22 néral
596 625 40 20 des
658 625 161 21 contributions
831 625 94 22 directes
938 630 44 20 que

512 654 77 22 l’Eveil
605 655 95 25 publiait
713 655 56 21 dans
783 662 32 14 un
834 656 29 20 de
878 662 38 15 ses
933 655 49 21 der-

513 686 59 20 niers
592 686 114 20 numéros.
721 686 34 20 Ne
772 692 110 19 manquez
896 692 41 19 pas
953 685 29 21 de

512 717 22 20 la
546 716 65 21 relire
622 719 23 17 et
652 716 50 20 d.’en
719 716 144 25 approfondir
874 717 22 20 le
916 722 52 14 sens
973 722 7 17 ;

513 748 54 20 c'est
586 753 31 13 un
637 746 120 21 document
778 747 40 24 qui
832 753 29 14 en
877 747 35 20 dit
929 747 53 24 long

513 784 39 14 sur
563 777 22 21 la
604 777 101 20 moralité
721 776 177 22 administrative
906 778 28 20 de
946 777 36 21 l’é-

512 814 82 19 poque.

537 841 59 21 Tout
611 840 85 26 l’esprit
708 841 30 21 du
754 841 84 25 régime
851 845 34 17 est
907 842 22 20 là
946 842 36 20 de-

512 871 63 22 dans.

537 903 41 20 Les
592 908 127 16 ressources
735 902 54 21 d’un
802 902 88 26 citoyen
905 909 30 15 ne
946 903 36 21 dé-

511 935 91 23 passent
624 939 41 18 pas
686 933 22 20 la
732 932 71 21 limite
821 934 83 21 voulue
925 939 57 20 pour

511 964 66 24 qu’on
586 963 78 24 puisse
671 963 127 25 l’assujettir
803 964 14 20 à
825 964 85 25 l’impôt
914 971 39 14 sur
960 963 22 21 le

511 1000 90 14 revenu.
616 993 58 21 Usez
687 994 30 20 de
729 997 51 18 tous
788 995 34 20 les
830 1001 94 19 moyens
938 1001 44 19 que

510 1024 101 20 l’arsenal
620 1024 40 20 des
668 1024 43 20 lois
724 1024 87 21 fiscales
829 1029 45 17 met
890 1027 15 19 à
920 1029 62 17 votre

507 1054 199 26 disposition,ayez
715 1061 89 15 recours
813 1056 14 19 à
840 1060 64 17 votre
917 1056 65 25 expér

510 1085 74 20 rience
589 1084 184 25 professionnelle
786 1092 58 19 pour
858 1093 46 19 que
918 1087 22 20 la
956 1085 26 21 li-

509 1115 55 21 mite
583 1115 46 21 soit
643 1115 114 26 franchie;
783 1116 22 21 le
830 1116 152 22 contribuable

510 1146 39 24 qui
563 1152 13 14 a
588 1145 53 26 déjà
658 1146 29 21 de
700 1146 22 21 la
730 1147 67 25 peine
809 1148 15 20 à
831 1154 25 14 se
867 1151 115 18 retourner

510 1175 56 22 dans
580 1176 21 20 le
607 1177 88 25 maquis
711 1177 39 21 des
763 1178 134 25 règlements
911 1182 24 17 et
943 1178 39 20 des

509 1210 77 21 textes,
597 1207 37 25 n’y
648 1207 126 22 discernera
790 1212 83 22 goutte.
893 1209 78 21 Allons
975 1209 7 20 l

509 1244 31 13 un
554 1237 80 25 simple
651 1244 58 19 coup
718 1239 28 21 de
760 1245 73 19 pouce
846 1244 23 16 et
882 1246 58 14 vous
950 1237 32 23 lui

509 1274 66 15 aurez
577 1268 41 20 fait
635 1269 125 25 gentiment
772 1270 23 20 le
806 1276 57 19 coup
885 1270 31 21 du
929 1271 53 24 père

509 1298 113 26 François.

534 1329 45 21 Des
587 1329 159 26 prescriptions
759 1330 29 21 de
796 1333 57 18 cette
862 1334 118 20 nature,un

508 1359 53 21 chef
573 1359 161 27 hiérarchique,
749 1361 50 21 n’en
817 1362 72 21 aurait
907 1362 73 21 même

510 1397 40 18 pas
560 1396 70 18 conçu
639 1391 71 25 l’idée,
720 1393 13 19 à
745 1392 105 26 l'époque
857 1393 30 20 où
894 1391 86 27 régnait

510 1421 56 21 dans
574 1421 33 20 les
612 1422 190 22 administrations
810 1423 128 25 françaises,
947 1429 31 15 un

508 1453 69 24 esprit
584 1452 29 21 de
621 1459 65 19 corps
704 1454 38 24 qui
752 1454 33 21 les
797 1454 74 21 faisait
886 1454 75 26 réagir
964 1454 14 19 à

507 1483 23 20 la
538 1483 102 21 moindre
651 1485 92 20 atteinte
757 1486 76 24 portée
845 1492 46 14 non
908 1486 70 20 seule-

508 1518 64 17 ment
575 1514 14 20 à
597 1514 61 21 leurs
667 1515 127 26 privilèges,
802 1515 57 21 mais
867 1516 14 21 à
888 1515 50 22 leur
946 1516 33 20 ré-

508 1548 110 22 putation.

534 1574 60 22 Nous
599 1575 95 21 voulons
703 1576 51 21 bien
761 1577 73 20 croire
841 1584 45 18 que
893 1576 85 26 malgré

507 1605 50 21 leur
564 1610 39 16 ton
612 1606 114 25 impératif
736 1613 38 15 ces
787 1608 77 20 ordres
878 1608 40 25 qui
929 1614 49 14 sen-

507 1637 77 20 tenfie
588 1636 96 26 langage
690 1637 52 21 d’un
751 1641 88 22 satrape
844 1639 13 20 à
867 1645 36 14 ses
909 1638 69 26 janis-

506 1667 78 23 saires,
594 1670 110 18 resteront
710 1675 52 14 sans
766 1668 55 21 écho
830 1669 55 20 dans
899 1669 22 20 la
930 1674 47 16 cor-

506 1698 102 24 poration
615 1697 40 21 des
664 1699 138 21 contrôleurs
807 1706 11 18 ;
830 1700 67 25 qu’ils
905 1699 72 21 consi-

505 1727 105 22 déreront
618 1732 45 21 que
671 1735 58 19 pour
734 1730 47 20 être
786 1731 91 20 enserré
881 1730 57 21 dans
943 1730 33 20 les

505 1759 77 21 cadres
596 1758 67 22 d’une
680 1759 177 22 administration
871 1761 105 25 quelcon-

505 1795 52 19 que,
565 1796 30 14 un
608 1789 91 21 homme
707 1791 120 25 n’abdique
840 1798 40 19 pas
892 1798 26 14 sa
927 1798 49 19 per-

504 1819 124 25 sonnalité;
642 1820 54 26 qu’il
704 1827 16 19 y
736 1828 13 14 a
758 1821 40 21 des
811 1822 163 21 circonstances

504 1851 30 19 où
551 1851 16 20 il
581 1854 55 21 peut
651 1854 24 17 et
679 1851 48 21 doit
742 1858 26 14 se
776 1852 157 21 désolidariser
947 1853 28 20 de

504 1880 63 21 l’être
573 1880 63 25 fictif,
646 1882 82 25 auquel
736 1889 29 14 ne
768 1883 22 20 le
802 1883 31 20 lie
844 1884 66 25 après
918 1887 54 19 tout,

504 1912 70 24 qu’un
582 1912 81 24 simple
668 1915 87 18 coutrat
763 1913 28 20 de
799 1913 80 26 louage
893 1914 30 21 de
930 1920 45 15 ser-

504 1941 68 21 vices.

529 1972 55 20 Mais
597 1972 20 21 si
625 1973 109 25 quelques
748 1981 51 16 uns,
808 1981 41 18 par
856 1973 118 27 "pusillani-

504 2003 61 24 mité,
574 2004 66 19 excès
648 2004 28 20 de
683 2004 55 25 zèle,
747 2009 29 16 ou
793 2005 54 21 faux
854 2006 120 21 sentiment

504 2033 28 21 de
543 2037 86 22 respect
647 2034 165 27 hiérarchique,
828 2036 91 22 allaient
927 2037 46 20 être

504 2066 70 19 tentés
581 2064 30 21 de
623 2071 26 14 se
663 2065 56 21 faire
727 2065 32 22 les
772 2067 119 25 complices
905 2068 68 20 d'une

504 2095 112 21 mauvaise
628 2095 82 25 action,
726 2103 56 14 nous
791 2104 29 14 ne
834 2098 139 21 résisterions

504 2131 39 19 pas
551 2127 13 19 à
573 2125 83 21 l’envie
664 2126 29 21 de
700 2127 50 21 leur
756 2128 73 21 dire:..
835 2128 85 21 Prenez
925 2135 48 19 gar-

504 2156 52 21 de...
566 2156 61 21 Nous
635 2163 98 15 sommes
740 2159 14 20 à
761 2165 32 14 un
800 2162 106 19 tournant
920 2160 53 21 dan-

504 2193 89 19 gereux.
600 2187 20 20 A
628 2187 103 27 l’époque
739 2190 28 19 de
775 2190 37 20 vie
820 2190 65 21 facile
890 2190 40 26 qui
938 2197 35 15 ca-

504 2217 121 21 ractérisait
641 2218 22 20 la
680 2219 92 25 période
788 2220 183 27 d’avant-guèrre,

504 2248 14 20 il
527 2249 54 20 était
585 2248 29 21 de
623 2249 45 20 bon
678 2253 39 17 ton
728 2251 28 21 de
765 2251 80 25 rejeter
852 2252 21 20 la
882 2259 91 19 respon-

504 2279 84 21 sabilité
595 2279 40 21 des
652 2285 122 16 errements
788 2285 24 17 et
819 2282 41 21 des
869 2283 57 21 abus
933 2289 39 14 sur

504 2309 196 22 l’Administration
709 2317 55 16 avec
779 2319 32 14 un
825 2313 71 25 grand
909 2314 20 20 A
943 2320 29 14 ou

504 2340 20 20 la
532 2340 153 22 bureaucratie
696 2348 55 15 avec
759 2349 31 14 un
802 2344 71 24 grand
882 2344 25 21 B.

528 2371 37 20 On
573 2370 96 22 affectait
676 2372 61 21 alors
744 2373 29 21 de
781 2380 30 14 ne
819 2380 41 19 pas
871 2374 50 21 voir
928 2381 45 19 que

504 2401 95 21 derrière
612 2408 38 14 ces
664 2403 81 21 entités
756 2403 169 26 insaisissables,
934 2405 16 21 il
957 2411 15 20 y

504 2432 58 20 avait
577 2432 41 21 des
635 2432 103 22 hommes
759 2441 54 14 avec
826 2435 61 21 leurs
904 2436 66 23 vices,

504 2463 59 21 leurs
580 2463 112 25 passions,
712 2464 61 21 leurs
786 2465 115 22 faiblesses
907 2474 8 17 ;
927 2474 46 18 que

504 2494 69 20 c’était
581 2500 41 19 par
630 2501 31 13 un
667 2495 85 21 artifice
758 2496 28 21 de
794 2496 101 26 langage,
901 2499 71 24 qu’on

504 2525 142 25 transportait
651 2525 170 22 bénévolement
828 2527 60 21 leurs
900 2528 73 21 fautes

504 2554 151 26 personnelles
663 2556 14 20 à
685 2555 63 21 l'être
756 2563 112 20 anonyme
876 2562 23 17 et
906 2559 67 21 irres-

504 2585 105 25 ponsable
626 2592 44 18 que
687 2587 127 21 constituait
830 2588 142 26 l’organisme

504 2616 161 20 administratif.
693 2631 6 6 .
727 2632 6 6 .
760 2632 7 6 .
794 2632 7 7 .
895 2634 6 7 .
929 2635 7 6 .
964 2635 6 6 .

528 2646 55 21 Mais
594 2646 141 25 aujourd’hui
745 2654 53 15 sous
806 2649 34 20 les
852 2650 68 21 dures
934 2652 38 19 né-

504 2672 87 20 cessités
600 2671 29 20 de
637 2672 134 25 l’existence,
779 2674 35 21 les
821 2674 103 22 hommes
932 2680 41 16 ont

504 2697 74 24 appris
584 2697 14 19 à
603 2697 51 20 voir
659 2701 95 17 concret.
765 2698 38 21 On
814 2706 14 13 a
836 2700 45 21 soif
887 2701 29 20 de
928 2707 45 15 res-

504 2722 143 24 ponsabilités
656 2726 23 16 et
686 2723 21 20 le
716 2724 85 24 régime
808 2725 127 22 malfaisant
942 2733 31 15 ne

504 2753 24 14 se
539 2747 118 20 maintient
670 2749 69 23 qu'en
752 2749 123 22 favorisant
891 2751 80 21 l'irres-

504 2772 130 24 ponsabilité
647 2772 40 21 des
696 2773 79 21 fautes.

527 2797 62 20 Ceux
596 2797 40 25 qui
642 2801 41 17 ont
690 2799 115 21 accumulé
809 2800 34 20 les
846 2800 77 25 gaffes,
932 2801 40 21 fait

504 2825 123 22 votei^pour
630 2823 110 21 remédier
744 2825 109 24 augâchis
858 2825 39 21 des
902 2826 68 24 leurs,

504 2847 37 20 des
548 2847 83 26 impôts
646 2848 67 20 d’une
727 2849 105 25 illégalité
839 2850 94 26 criarde,
942 2858 30 14 ne

504 2875 49 17 sont
563 2872 50 25 déjà
621 2872 51 24 plus
680 2873 22 21 là
710 2880 58 18 pour
779 2874 57 21 faire
850 2875 48 21 face
905 2877 15 20 à
933 2877 39 20 l’e-

504 2897 135 25 ïaspération
649 2898 30 20 du
688 2899 160 24 contribuable,
855 2901 55 20 mais
922 2902 50 20 leur

504 2928 75 14 oeuvre
594 2923 109 21 malsaine
719 2924 108 25 subsiste;
849 2926 53 20 c’est
927 2933 43 15 aux

504 2950 73 21 igents
585 2947 139 21 d’exécution
735 2950 140 24 qu’incombe
887 2951 22 20 la
918 2952 53 20 mis-

504 2972 45 20 sion
559 2972 119 24 périlleuse
686 2973 28 20 de
722 2973 22 21 la
752 2975 93 20 réaliser
854 2975 56 21 dans
919 2980 51 17 tous

504 3002 32 14 ses
544 2996 87 20 détails.
637 2997 63 21 C’est
707 3004 40 14 sur
752 3005 44 14 eux
803 3006 46 19 que
862 3007 28 14 va
898 3001 73 25 rejail-

506 3021 20 19 ir
534 3021 22 19 la
565 3027 105 15 rancoeur
677 3026 24 17 et
712 3023 23 19 la
742 3024 74 21 colère
824 3025 31 20 du
860 3025 82 24 public.

522 3046 61 20 Avec
590 3046 22 20 le
620 3047 167 22 raisonnement
795 3050 73 20 brutal
879 3054 23 17 et
915 3051 54 21 sim-

504 3070 68 23 pliste,
590 3070 40 20 des
648 3078 56 18 gens
714 3074 89 20 acculés
817 3075 15 20 à
840 3074 21 21 la
869 3076 72 22 ruine,
948 3076 22 20 le

504 3096 148 20 contribuable
665 3097 88 24 excédé,
768 3105 25 14 se
807 3099 49 20 dira
866 3100 53 25 qu’il
933 3101 36 24 n’y

504 3126 6 13 1
520 3126 41 18 pas
570 3121 134 21 démesures
717 3122 29 20 de
763 3124 117 25 spoliation
898 3127 72 22 possi-

504 3144 37 24 >le,
556 3145 33 20 s’il
611 3151 30 14 ne
650 3152 25 14 se
690 3149 80 19 trouve
789 3155 41 18 pas
846 3149 123 22 d’hommes

504 3175 50 14 jour
566 3170 32 20 les
607 3171 141 25 appliquer...

513 3218 6 5 _
523 3194 41 20 Les
574 3194 174 23 fonctionnaires
760 3197 108 22 viennent
879 3198 28 21 de
923 3206 44 14 ma-

504 3218 85 20 îifester
599 3219 67 21 Place
681 3221 29 19 de
722 3221 21 21 la
758 3222 116 22 Concorde
891 3228 77 17 contre

504 3250 24 12 m
542 3246 176 22 gouvernement
736 3248 39 23 qui
795 3247 42 22 fait
857 3252 50 18 trop
922 3249 45 20 bon

504 3268 83 20 narché
595 3268 29 20 de
636 3269 62 21 leurs
711 3271 93 21 intérêts
809 3274 118 19 matériels.

522 3292 63 21 Nous
592 3299 31 14 ne
632 3294 50 20 leur
691 3295 139 22 demandons
837 3304 40 17 pas
885 3298 22 19 la
922 3298 46 20 mè-

504 3323 30 14 ne
548 3319 145 22 protestation
710 3320 109 25 publique
841 3325 77 17 contre
933 3322 34 20 les

504 3343 107 23 jratiques
616 3342 128 22 immorales
751 3351 45 18 que
803 3352 26 13 ce
834 3347 73 19 même
911 3353 57 18 gou-

504 3371 130 19 vernement,
648 3367 83 21 faisant
746 3368 16 20 fi
775 3370 29 20 de
819 3370 50 20 leur
882 3371 85 25 dignité

504 3391 133 20 jersonnelle
645 3392 50 20 leur
702 3392 111 25 impose,..

521 3415 57 20 Mais
586 3415 67 24 qu’ils
664 3417 125 22 retiennent
804 3419 52 20 bien
868 3420 47 20 ceci
925 3427 7 13 :

521 3439 100 20 Réaliser
641 3441 110 21 certaines
776 3444 145 24 conceptions
940 3450 29 15 ce'

504 3463 50 20 l’est
560 3464 51 24 plus
622 3465 50 23 agir
679 3471 29 14 en
722 3470 50 17 tant
781 3468 105 25 qu’agent
895 3469 74 21 d’exé-

504 3488 68 20 cution
580 3495 6 16 ;
604 3494 13 14 c
625 3492 35 16 est
676 3496 101 15 assumer
793 3499 29 14 en
833 3497 62 17 toute
903 3500 65 14 cons-

504 3512 68 20 cience
575 3513 23 19 lé
603 3513 49 19 rôle
659 3514 29 20 de
701 3516 132 23 complice...
849 3521 22 17 et
882 3524 27 15 ce
916 3525 52 14 sera

504 3543 21 13 in
536 3537 48 19 rôle
587 3538 154 22 terriblement
748 3541 55 20 ardu
811 3543 14 18 à
836 3542 65 23 tenir,
910 3544 57 20 lors-

504 3561 58 23 ju’au
569 3566 99 17 moment
676 3563 31 20 du
719 3565 123 24 règlement
855 3567 29 20 de
891 3574 76 19 comp-

504 3591 24 13 es
541 3585 60 23 final,
610 3586 33 20 les
653 3588 131 24 principaux
793 3594 91 18 auteurs
896 3599 25 13 se
933 3600 35 14 se-

504 3613 42 16 ont
554 3610 157 24 prudemment
719 3613 84 22 défilés.

639 3640 195 26 Anton’Simone
848 3645 118 25 Franchi.

1046 76 39 36 Le
1101 76 51 36 bal
1169 76 39 36 du
1225 75 167 37 monument
1408 72 39 37 du

1165 126 163 35 centenaire

1036 219 176 25 L’organisation
1228 219 30 20 du
1273 218 36 21 bal
1319 216 39 26 qui
1366 222 54 14 aura
1436 216 46 20 lieu

1010 249 22 20 le
1038 250 27 19 3o
1073 249 96 20 Janvier
1173 249 108 25 prochain
1290 248 56 19 dans
1360 246 33 20 les
1406 246 76 20 salons

1010 279 28 20 de
1046 279 81 20 l’Hôtel
1135 279 29 20 de
1170 279 56 20 Ville
1235 286 28 13 au
1272 277 66 26 profit
1346 276 29 20 de
1382 276 23 20 la
1410 275 72 21 caisse

1010 309 30 20 du
1046 309 89 20 Comité
1143 308 120 22 d’érection
1271 308 31 20 du
1307 309 135 20 .monument
1452 306 29 20 de

1010 339 147 25 l’Empereur,
1167 346 28 13 va
1203 339 46 20 bon
1258 338 90 23 train,et
1352 337 45 20 l’on
1403 342 29 15 en
1444 342 38 14 au-

1010 376 55 19 gure
1072 375 33 14 un
1113 370 79 19 succès
1201 376 53 14 sans
1257 367 128 27 précédent.

1035 399 62 20 Ceux
1110 400 40 24 qui
1165 403 41 17 ont
1214 399 45 25 pris
1273 397 123 22 l’initiative
1414 397 28 20 de
1454 403 27 14 ce

1010 430 36 21 bal
1063 430 135 20 voudraient
1214 431 50 20 bien
1277 435 45 20 que
1336 428 22 20 le
1372 428 75 24 public
1455 431 26 16 se

1009 461 92 24 pénètre
1109 460 30 20 de
1147 464 57 17 cette
1210 461 48 21 idée
1263 460 54 26 qu’il
1323 465 29 15 ne
1360 458 64 25 s’agit
1432 457 49 21 nul-

1009 491 91 23 lement,
1118 491 38 23 ici,
1170 491 98 21 d’oeuvre
1284 490 29 20 de
1322 488 56 27 parti
1386 488 51 25 plus
1450 494 30 14 ou

1009 522 72 20 moins
1092 521 114 25 déguisée.

1035 552 41 20 Les
1082 552 152 25 républicains
1239 550 119 26 d’Ajaccio,
1363 549 55 21 dont
1421 555 58 14 nous

1008 588 109 14 recevons
1128 589 31 13 en
1174 581 70 26 grand
1258 580 134 21 nombredés
1401 586 79 18 appro-

1008 612 87 21 bations
1105 618 29 14 en
1144 615 58 17 cette
1208 612 158 21 circonstance,
1376 612 58 20 sont,
1441 615 39 14 au-

1007 645 49 18 tant
1063 649 46 18 que
1116 642 35 20 les
1160 642 170 26 bonapartistes,
1336 640 107 22 soucieux
1451 639 28 20 de

1007 673 49 20 voir
1073 673 95 20 s’élever
1185 673 56 20 dans
1250 675 64 18 notre
1326 670 53 22 ville
1391 670 22 21 le
1421 670 57 20 beau

1007 707 133 17 monument
1147 704 29 20 de
1182 703 89 21 Seurre.

1033 734 18 21 Il
1068 734 37 25 n’y
1113 741 55 13 aura
1174 734 81 25 jamais
1268 740 71 17 assez,
1352 732 57 20 dans
1416 731 64 26 Ajac-

1008 764 42 25 cio,
1060 765 29 20 de
1101 765 81 20 choses
1190 765 39 25 qui
1239 764 141 25 rappeleront
1392 769 44 14 aux
1448 761 32 21 vi-

1007 795 81 21 siteurs
1097 795 22 21 le
1127 795 107 21 souvenir
1250 795 30 20 du
1289 793 76 23 Grand
1375 793 103 20 Homme.

1008 826 59 21 C’est
1083 833 47 14 une
1144 825 71 26 gloire
1238 825 38 26 qui
1293 823 127 28 appartient
1435 829 45 14 aux

1007 856 119 25 ajacciens,
1149 863 29 14 en
1194 862 88 19 propre.
1300 856 43 20 Les
1363 854 117 25 Ajacciens

1007 887 65 26 quels
1084 894 46 18 que
1147 887 45 21 soit
1207 887 49 20 leur
1268 886 59 26 parti
1341 884 103 22 électoral
1456 887 24 17 et

1004 918 63 21 leurs
1075 918 107 26 opinions
1195 917 118 26 politiques
1328 915 152 22 communient

1007 955 29 14 en
1050 955 31 14 un
1098 949 75 21 même
1189 947 84 26 orgueil
1280 952 6 14 :
1303 947 57 21 celui
1369 946 70 21 d’être
1446 945 34 21 les

1008 979 144 25 concitoyens
1163 979 29 21 de
1200 978 114 25 Napoléon
1320 978 33 21 K

1034 1010 32 21 En
1075 1010 85 25 qualité
1178 1009 28 21 de
1221 1008 116 21 Président
1344 1007 31 23 du
1391 1006 88 21 Comité

1008 1040 152 26 bonapartiste
1174 1039 112 26 d’Ajaccio
1295 1041 23 18 èt
1329 1040 67 25 ayant
1404 1037 75 21 donné

1007 1078 55 13 avec
1068 1085 6 4 -
1082 1070 168 21 enthousiasme
1269 1076 54 14 mon
1341 1068 107 22 adhésion
1465 1069 14 19 à

1008 1108 26 15 ce
1043 1101 80 26 projet,
1130 1101 25 25 je
1163 1108 38 14 me
1209 1103 96 24 permets
1313 1100 30 21 de
1350 1099 56 21 faire
1414 1099 65 25 appel

1009 1133 14 19 à
1031 1136 51 17 tous
1090 1132 34 20 les
1136 1132 112 25 ajacciens
1255 1131 58 20 ainsi
1328 1131 81 25 qu’aux
1417 1136 64 19 orga-

1009 1163 108 21 nisations
1133 1162 162 26 républicaines
1307 1162 30 20 de
1351 1164 64 17 notre
1428 1160 52 21 ville

1008 1193 44 21 afin
1063 1200 45 18 que
1114 1193 50 21 leur
1172 1199 109 15 concours
1290 1199 29 14 ne
1327 1192 59 21 fasse
1394 1198 40 18 pas
1443 1191 37 20 dé-

1008 1224 48 21 faut
1063 1228 22 16 et
1093 1230 47 19 que
1148 1230 26 17 c.e
1182 1224 38 22 bal
1228 1221 104 28 produise
1340 1229 45 14 une
1393 1228 87 14 somme

1007 1254 137 26 susceptible
1152 1255 29 20 de
1193 1253 64 22 hâter
1263 1253 114 21 l’érection
1385 1252 30 21 du
1432 1258 48 14 mo-

1008 1288 93 18 nument
1109 1291 47 19 que
1165 1291 58 15 nous
1239 1284 101 21 désirons
1348 1286 50 18 tous
1413 1282 66 21 d’une

1006 1316 73 21 même
1091 1315 100 21 volonté.

1208 1352 70 22 Marc
1291 1349 86 24 Salini.

1160 1389 122 21 Président
1286 1388 33 21 du
1327 1387 89 22 Comité
1466 1402 19 11 ^

1141 1420 161 26 bonapartiste
1309 1417 123 26 d’Ajaccio.

1031 1479 30 21 Le
1070 1480 89 20 Bureau
1168 1480 31 20 du
1207 1479 88 21 Comité
1303 1478 30 21 du
1343 1476 132 23 Centènaire

1004 1516 13 14 a
1028 1510 121 20 l’honneur
1163 1510 130 20 d’informer
1302 1509 53 21 MM.
1363 1508 33 21 les
1408 1508 68 20 Mem-

1004 1540 52 21 bres
1061 1541 30 19 du
1101 1540 89 21 Comité
1199 1547 45 19 que
1257 1539 143 22 l’Assemblée
1410 1539 66 24 géné-

1004 1571 46 20 rale
1059 1577 55 14 aura
1123 1571 46 21 lieu
1176 1571 23 21 le
1206 1569 119 23 dimanche
1331 1569 24 22 3l
1363 1569 90 25 janvier
1461 1569 14 20 à

1003 1601 58 21 deux
1073 1602 83 20 heures
1173 1602 36 20 de.
1219 1600 145 27 l’après-midi
1381 1600 58 21 dans
1453 1599 21 21 la

1003 1632 54 21 salle
1061 1633 39 20 des
1109 1632 57 21 fêtes
1170 1633 30 20 de
1206 1632 79 21 l’Hôtel
1300 1632 28 21 de
1336 1631 59 22 ville.

1112 1674 106 21 ORDRE
1229 1674 39 21 DU
1276 1674 90 22 JOUR:

1028 1716 203 22 Renouvellement
1235 1717 31 20 du
1275 1716 101 21 Bureau:
1399 1736 4 3 .

1027 1746 99 22 Mesures
1134 1748 16 19 à
1155 1747 97 25 prendre
1256 1754 59 19 pour
1322 1746 115 23 l’érection
1445 1746 29 21 de

1000 1777 23 21 la
1032 1777 113 21 Statuede
1152 1778 116 25 Napoléon
1277 1778 29 21 de
1314 1778 90 21 Seurre.

1027 1807 52 22 MM.
1084 1808 33 21 les
1125 1808 113 22 Membres
1246 1809 38 25 qui
1294 1816 29 13 ne
1337 1808 136 22 recevraient

1001 1845 40 18 pas
1049 1839 28 20 de
1085 1840 149 20 convocation
1247 1844 51 16 sont
1308 1840 60 25 priés
1381 1839 27 20 de
1421 1845 52 15 con-

1000 1869 84 22 sidérer
1098 1870 21 20 le
1137 1871 92 25 présent
1243 1871 48 20 avis
1303 1876 88 16 comme
1399 1876 28 15 en
1441 1874 32 17 te-

1001 1904 54 17 nant
1062 1900 54 21 lieu.

1056 1974 162 47 L’Enquête
1234 1975 36 37 de
1286 1975 126 37 l’Eclair.

1025 2060 32 20 En
1070 2060 98 23 octobre,
1183 2061 30 20 M.
1224 2061 72 26 Roger
1313 2061 79 24 Giron,
1415 2061 57 20 dans

998 2090 100 25 l’Eclair,
1104 2097 14 14 a
1127 2091 72 25 dirigé
1205 2098 45 14 une
1263 2093 96 24 enquête
1376 2099 27 13 au
1413 2091 58 26 sujet

998 2121 29 20 de
1038 2121 183 25 l'enseignement
1234 2123 30 20 du
1276 2122 96 26 français
1382 2128 40 20 par
1437 2123 34 20 les

998 2152 79 25 patois.
1086 2151 93 22 Elle'n’a
1191 2153 102 23 fourbi,à
1303 2153 121 26 -vrai;dire,
1432 2160 39 14 au-

998 2189 57 14 cune
1063 2184 97 24 réponse
1167 2184 98 21 décisive
1270 2185 14 20 à
1291 2184 23 21 la
1319 2184 104 26 question
1431 2191 37 18 po-

997 2214 47 21 sée.
1053 2214 57 20 Mais
1118 2214 44 21 elle
1174 2221 14 13 a
1197 2215 82 25 permis
1296 2222 45 14 aux
1355 2214 115 22 différents

997 2244 75 25 points
1092 2245 29 21 de
1134 2252 59 18 vue,,
1201 2246 30 21 de
1252 2252 30 15 se.
1293 2246 86 23 révéler
1395 2249 23 21 et
1441 2246 29 21 de

997 2275 114 21 s’affirmer
1121 2282 32 14 en
1169 2277 139 20 s’affrontant
1314 2278 15 19 à
1343 2280 36 18 cet
1394 2277 75 25 égard,

998 2306 43 20 elle
1047 2306 54 21 offre
1110 2313 32 14 un
1149 2313 53 19 gros
1210 2307 81 22 intérêt
1296 2306 173 23 documentaire.

1024 2337 19 20 Il
1051 2340 15 23 ÿ
1075 2343 20 18 a,
1109 2344 30 14 en
1161 2339 96 23 résumé,
1267 2339 58 20 deux
1342 2337 69 28 parfis
1440 2341 29 18 én

998 2367 84 22 France
1088 2367 9 26 (
1104 2368 110 26 Belgique
1226 2369 111 26 comprise
1342 2369 10 26 )
1358 2369 40 25 qui
1415 2370 56 25 s’op-

998 2402 80 21 posent
1085 2405 42 19 par
1134 2399 52 21 leur
1203 2400 94 21 attitude
1313 2400 101 26 visrà-vis
1430 2400 40 21 dés

997 2429 92 25 langues
1093 2429 112 22 locales.il
1209 2435 35 16 est
1248 2431 92 20 curieux
1348 2431 28 21 de
1385 2435 86 16 consta-

997 2463 35 17 ter
1041 2466 43 19 que
1089 2461 23 20 le
1120 2461 59 24 parti
1189 2460 81 23 hostile
1278 2462 76 21 réunit
1369 2465 52 17 tous
1436 2461 33 21 les

997 2489 126 26 fanatiques
1144 2491 29 21 de
1196 2490 21 22 la
1230 2492 70 26 patrie
1316 2493 104 25 casquée,
1441 2491 29 22 dé

997 2520 136 27 l’expansion
1152 2522 109 22 coloniale
1268 2522 121 27 «jusqu’au
1397 2523 55 20 bout
1458 2531 11 12 »

997 2552 73 21 tandis
1086 2559 46 19 que
1145 2553 57 21 dans
1208 2553 25 21 Te
1247 2553 57 28 parti
1308 2551 127 24 ^favorable
1444 2560 26 15 se

997 2585 143 19 rencontrent
1148 2589 29 14 en
1186 2583 98 26 majeure
1293 2585 71 24 partie
1380 2585 33 20 les
1432 2591 38 19 pa-

997 2612 76 22 triotes
1081 2613 146 25 modérés,les
1233 2611 147 28 fédéralistes,
1389 2615 34 21 les
1436 2616 36 20 in-

996 2644 165 24 tellectuels,les
1168 2645 95 21 artistes.
1265 2646 37 21 On
1310 2646 22 20 le
1340 2646 128 25 comprend.

997 2674 25 21 Si
1027 2674 47 21 l’on
1086 2675 65 25 place
1167 2682 30 14 au
1210 2676 98 25 premier
1324 2677 52 26 plan
1389 2676 29 21 de
1434 2683 37 14 ses

997 2705 186 25 préoccupations
1202 2706 22 20 la
1243 2707 118 25 puissance
1373 2707 97 20 d’actibn

997 2736 123 20 extérieure
1132 2744 4 4 ■
1141 2736 30 21 de
1193 2737 22 20 la
1233 2737 90 26 France,
1348 2741 81 18 toutes-
1436 2738 34 20 les

997 2766 115 25 qiièstions
1119 2766 134 23 intérieures
1266 2768 92 23 doivent
1372 2769 48 20 être
1436 2770 34 19 ré-

997 2796 74 21 solues
1079 2804 29 14 au
1117 2797 68 25 profit
1198 2798 29 21 de
1242 2799 182 26 l’augmentation
1440 2799 30 20 de

996 2830 58 17 cette
1074 2828 121 24 puissance
1212 2829 65 21 D’où:
1294 2830 174 23 centralisation,

997 2857 136 25 unification,
1168 2860 216 26 enrégiméhtement
1429 2861 40 20 des

996 2894 72 19 corps,
1110 2889 42 21 des
1187 2890 71 25 biens,
1301 2892 41 21 des
1380 2892 88 25 esprits,

1003 2918 41 21 des
1064 2920 88 23 âmes..,
1175 2920 137 23 destruction
1338 2923 40 21 des
1401 2923 69 26 partie

995 2949 131 21 cularismes
1152 2951 81 21 locaux
1258 2951 73 26 (donc
1360 2953 40 21 des
1424 2953 45 22 diar

995 2981 67 22 lectes
1070 2979 11 28 )
1088 2981 57 21 dont
1159 2980 22 22 le
1189 2982 186 27 développement
1392 2990 29 14 ne
1437 2983 32 21 fa-

995 3012 73 21 vorise
1076 3019 41 19 pas
1125 3012 147 22 directement
1284 3014 139 26 l’expansion
1432 3021 36 14 ex-

994 3042 97 22 térieure
1106 3047 24 17 et
1144 3047 55 21 peut
1206 3051 15 17 y
1235 3044 63 21 nuire
1311 3044 121 26 (exemple
1445 3045 23 20 la

995 3072 101 25 Bavière,
1112 3080 29 14 en
1155 3074 138 25 Allemagne;
1311 3075 109 24 l’Irlande,
1438 3082 29 14 en

995 3103 137 25 Angleterre;
1142 3108 5 6 :
1154 3104 22 20 la
1194 3103 126 27 Catalogne,
1349 3112 28 15 en
1401 3105 67 26 Espa-

994 3140 53 18 gne,
1054 3137 60 17 etc...
1124 3134 7 22 )

1019 3164 61 20 Pour
1091 3164 157 25 l’intellectuel,
1256 3165 103 25 i’artisté,
1373 3166 24 21 le
1407 3166 62 21 fédé-

994 3194 82 24 raliste,
1089 3200 30 14 au
1136 3195 117 23 contraire,
1270 3195 104 22 l’homme
1391 3200 22 17 et
1430 3203 37 14 ses

994 3224 69 20 droits
1071 3224 101 21 naturels
1179 3225 15 20 à
1203 3231 45 14 une
1253 3222 134 26 civilisation
1395 3234 73 14 mora-

994 3260 31 17 re,
1043 3254 159 24 artistique-et
1214 3255 107 21 littéraire
1335 3257 110 25 adéquate
1452 3259 17 19 à

994 3289 41 14 son
1040 3284 76 20 milieu
1124 3284 144 26 social,passe
1275 3286 100 21 d’abord.
1442 3295 6 9 >
1466 3298 5 5 -

1018 3313 114 21 Périssent
1139 3319 13 11 «
1167 3314 34 21 les
1214 3316 87 25 patois»
1317 3323 88 18 pourvu
1421 3324 46 18 que

994 3349 10 12 «
1013 3343 84 22 France
1102 3344 68 21 vive»
1179 3346 134 21 c’est-à-dire
1321 3355 11 11 «
1344 3347 51 21 Etat
1407 3347 60 21 fran-

994 3374 45 23 çais
1048 3374 50 21 vive
1105 3379 12 11 »
1125 3375 76 21 disent
1205 3376 34 21 les
1245 3383 49 14 uns.

1017 3408 12 11 «
1033 3404 89 21 P*érisse
1137 3401 68 25 l’État
1214 3406 97 24 français
1316 3414 87 18 pourvu
1409 3415 5 3 -
1418 3414 48 19 que

994 3433 31 20 les
1031 3440 57 19 gens
1092 3435 33 20 de
1134 3435 88 21 France
1229 3437 143 21 connaissent
1379 3437 24 21 le
1410 3438 56 20 bon-

994 3463 56 21 heur
1055 3464 28 21 de
1089 3465 72 23 vivre,
1167 3470 12 11 »
1188 3466 51 21 leur
1252 3467 126 24 répondent
1386 3468 33 20 les
1428 3474 39 14 au-

994 3497 51 20 tres,
1055 3501 30 14 ou
1092 3498 50 17 tout
1156 3495 30 20 du
1196 3497 75 20 moins
1279 3497 32 20 les
1326 3498 49 24 plus
1390 3498 76 20 hardis

994 3524 82 20 d’entre
1085 3531 50 14 eux.

1018 3553 28 20 Et
1055 3561 55 14 nous
1116 3561 100 15 sommes
1224 3557 28 20 de
1265 3557 50 20 leur
1323 3558 53 20 avis.

1017 3583 62 21 Nous
1086 3591 73 14 avons
1167 3591 29 14 en
1206 3586 89 23 France,
1306 3587 41 20 des
1352 3587 57 21 amis
1425 3587 41 24 qui

994 3613 127 24 s’ignorent.

1020 3648 73 22 Breiz
1099 3649 68 22 Atao
1175 3651 115 22 —Révisé
1299 3651 138 22 -Bretonne.

1506 79 185 49 NÜTIZ1E
1718 77 52 65 Dl
1800 72 177 51 CÛRSICA

1533 161 90 21 Aîacciu
1629 173 26 4 —
1660 161 72 20 Hanu
1745 157 125 21 abbuttatu
1888 162 17 14 a
1921 161 57 14 casa

1507 192 28 21 di
1549 192 112 20 madama
1680 190 91 21 veduva
1778 185 167 26 Martinenghi.
1965 184 14 20 1

1507 222 57 21 latri
1578 222 24 20 si
1622 222 27 20 sò
1659 219 97 26 chiappi
1765 218 67 21 5.200
1842 216 96 27 franchi
1952 215 28 21 di

1507 253 104 24 biglietti.

1532 297 75 21 Bastia
1613 306 26 4 —
1647 296 73 20 Morte
1727 293 27 22 di
1760 292 112 22 madama
1886 290 91 21 veduva

1507 327 210 24 Mattei-Marguez.

1531 368 26 4 —
1565 358 21 20 U
1597 357 50 25 sgiò
1660 354 118 22 Venturini
1789 353 98 22 Antone,
1900 351 77 21 ch’era

1506 391 64 19 statu
1577 388 66 25 firitu
1653 386 163 22 ultimamente,
1826 384 14 19 è
1847 384 81 19 mortu.

1532 420 120 26 Carghiese
1659 418 148 22 —Prossimu
1830 414 146 23 motrimoniu

1505 453 28 20 di
1539 459 16 14 u
1562 450 156 26 soit'officiale
1728 447 125 26 Ghiorghiu
1868 447 72 20 Casta
1949 451 28 14 eu

1505 482 163 23 madamicella
1680 479 117 23 Jacubina
1808 479 30 20 de
1846 476 100 21 Benêtti.

1530 524 26 4 —
1560 514 75 20 Morte
1644 512 27 21 di
1674 512 111 21 madama
1797 508 94 23 Versini,
1912 506 66 21 d’an-

1504 545 68 25 ni74-

1530 577 118 21 Câlinzana
1654 588 26 4 —
1687 572 150 24 Matrimoniu
1852 571 27 22 di
1900 577 16 14 u
1927 576 50 19 sgio

1507 607 87 22 Oraziu
1599 606 103 25 Migozzi
1709 611 29 14 eu
1744 601 163 23 madamicella
1912 601 65 20 Lena

1504 638 96 21 Marini.

1531 670 99 22 Castifau
1640 681 25 3 —
1670 670 75 21 Morte
1763 668 27 20 di
1800 666 114 22 madama
1925 664 52 21 Jru-

1503 704 65 21 mina
1579 701 114 22 Grimaldi
1699 699 108 22 d’Esdra.

1531 741 91 22 Centuri
1630 751 27 4 —
1661 741 74 20 Morte
1760 738 29 20 di
1814 733 162 25 madamicella

1504 780 65 21 A.M.
1579 776 119 23 Saladini.

1530 811 63 22 Corti
1600 823 28 5 —
1636 811 74 21 Morte
1721 808 28 22 di
1757 813 16 15 u
1780 806 51 26 sgiò
1837 802 137 27 Guiglielmi,

1504 847 126 26 ingignere,
1637 843 83 23 d’anni
1726 842 35 21 80.

1531 880 72 21 Cuzzà
1611 890 26 5 —
1642 875 149 25 Matrimoniu
1797 874 26 20 di
1828 872 69 25 usgiò
1907 870 69 22 Ghiu-

1504 912 34 21 liu
1546 909 102 24 Renucci
1659 915 29 15 eu
1701 903 163 26 madamicella
1883 900 92 26 Angeli-

1504 949 33 14 na
1545 940 107 24 Renucci.

1530 973 148 24 Ghisunaccia
1690 982 26 5 —
1724 971 74 22 Morte
1819 969 28 20 di
1862 966 114 22 madamr

1504 1006 59 21 cella
1575 1004 86 22 Lillina
1670 999 169 25 Franceschini.

1530 1037 132 26 Morosaglia
1671 1047 25 4 —
1705 1036 89 21 Interru
1802 1033 27 21 di
1842 1031 133 21 l’awucatu

1504 1069 103 26 Pompei.

1531 1113 77 20 Nonza
1616 1121 26 4 —
1650 1110 72 21 Morte
1728 1107 26 22 di
1762 1113 14 15 u
1789 1106 49 26 sgiò
1848 1105 127 21 Francescu

1505 1143 93 25 Angeli,
1615 1141 84 21 d'anni
1708 1139 35 22 83.

1532 1176 93 26 Pruprià
1634 1175 103 21 —Morte
1745 1172 27 20 di
1778 1171 72 25 usgiò
1860 1168 116 22 Ghiuvan-

1504 1208 29 21 ni
1545 1206 135 24 Santarelli,
1697 1202 84 24 d’anni
1787 1202 36 25 43.

1510 1242 7 4 '
1530 1242 67 21 Serra
1606 1240 23 20 di
1637 1237 108 28 Scôpamè
1753 1248 27 5 —
1787 1235 75 21 Morte
1866 1233 28 22 di
1900 1236 17 17 U
1925 1231 52 25 sgio

1504 1273 53 20 Don
1567 1271 128 21 Ghiacumu
1706 1265 139 25 Vincentelli,
1851 1263 84 22 d’anni
1939 1262 36 20 65.

2147 61 47 36 P.
2218 60 49 37 T.
2289 61 50 37 T.

1537 1341 56 38 Les
1609 1336 167 41 Etats-Unis
1795 1334 153 44 d’Europe.

1527 1412 32 20 M.
1571 1410 96 22 Charles
1680 1409 109 21 Mourras
1803 1402 95 24 écrivait
1915 1401 62 21 dans

1501 1442 102 21 VAction
1611 1439 126 26 Française
1741 1437 34 21 du
1780 1435 30 22 25
1814 1434 90 22 octobre
1914 1430 63 28 192$:

1528 1480 41 13 «...
1577 1472 24 21 Il
1608 1478 29 14 en
1646 1473 35 19 est
1688 1470 41 21 des
1737 1465 138 27 ,Etats-Unis
1881 1463 96 22 d'Euro-

1499 1507 32 22 pe
1539 1509 86 15 comme
1633 1502 29 21 de
1667 1502 25 20 la
1698 1500 59 26 paix
1765 1498 30 20 de
1803 1496 112 24 VEurope.
1927 1494 49 23 Cet?

1501 1538 23 17 te
1538 1534 60 25 paix
1615 1535 36 19 est
1663 1529 109 29 possible,
1789 1534 38 15 ces
1842 1524 135 24 Etats-Unis

1500 1567 54 19 sont
1567 1563 121 27 possibles,
1704 1562 17 20 à
1729 1566 45 16 une
1785 1557 116 25 condition
1907 1563 10 14 :
1923 1562 13 14 c
1941 1557 36 18 est

1501 1595 61 26 gu’il
1564 1602 17 18 y
1588 1595 38 20 ait
1632 1601 41 14 sur
1680 1593 23 21 le
1715 1590 117 23 continent
1847 1594 32 15 un
1887 1586 88 21 certain

1501 1626 112 26 éguilibre
1617 1625 30 21 de
1650 1624 75 26 forces
1729 1623 63 20 entre
1795 1620 34 21 les
1829 1618 144 26 puissances,

1500 1658 170 20 contractantes
1688 1661 29 14 ou
1731 1658 46 16 non
1797 1650 176 22 contractantes.

1500 1689 37 20 La
1543 1686 139 22 destruction
1696 1685 35 20 de.
1739 1682 82 23 l’unité
1832 1679 139 22 allemande,

1500 1719 22 21 le
1535 1721 80 21 retour^
1625 1723 48 15 aux
1689 1715 149 23 Allemagnes
1856 1710 59 21 était
1928 1716 46 14 une

1500 1749 117 21 condition
1628 1748 30 21 de
1667 1747 25 21 la
1697 1746 68 26 paix.
1775 1743 50 21 Elle
1833 1745 36 18 est
1875 1740 66 22 aussi
1947 1740 25 21 la

1500 1779 118 22 condition
1626 1779 31 20 de
1665 1779 50 19 tout
1727 1775 71 22 union
1805 1774 88 21 sincère
1899 1774 31 18 et
1930 1771 43 21 du-

1499 1810 66 22 rable
1573 1813 64 17 entre
1645 1809 33 21 les
1686 1808 75 21 Etats.
1772 1805 28 22 Si
1806 1805 32 21 les
1845 1804 66 21 Etats
1919 1802 53 21 unis

1498 1844 52 19 sont
1558 1841 41 21 des
1608 1840 67 22 Etats
1682 1836 216 27 disproportionnés,
1906 1833 66 22 sil’i-

1498 1872 103 26 nêgalitê
1607 1871 91 21 initiale
1707 1872 35 18 est
1750 1870 51 22 trop
1813 1864 97 28 grande,
1920 1867 51 22 trop

1496 1904 119 25 flagrante
1620 1905 65 17 entre
1689 1907 52 17 eux,
1746 1898 20 21 il
1769 1900 35 18 est
1809 1898 47 20 très
1863 1895 59 22 clair
1927 1901 45 20 gue

1499 1934 71 21 l’Etat
1578 1933 22 21 le
1605 1933 55 25 plus
1674 1931 84 21 étendu
1765 1931 24 18 et
1796 1928 23 21 le
1826 1927 56 26 plus
1893 1926 77 23 dense,

1498 1965 22 20 le
1526 1965 54 25 plus
1586 1963 86 26 peuplé
1678 1965 24 19 et
1710 1962 22 21 le
1743 1959 55 27 plus
1806 1958 64 28 actif,
1880 1963 28 15 en
1916 1957 55 20 atti-

1497 2002 52 14 rera
1557 1998 24 18 et
1587 2001 30 14 en
1629 1996 114 24 groupera
1750 1990 108 21 d*autres,
1866 1994 37 15 ses
1914 1988 57 20 inté-

1497 2028 47 19 rêts
1557 2025 108 21 tendront
1678 2025 16 20 à
1700 2024 63 25 faire
1770 2021 24 21 la
1805 2021 40 23 loi,
1854 2022 23 18 et
1889 2018 82 25 Vhégé-

1497 2057 75 21 monie
1579 2056 33 20 du
1620 2055 71 23 Reich
1699 2061 33 14 au
1739 2053 49 22 sein
1801 2052 69 22 (Fune
1883 2056 86 15 assemm

1497 2088 50 21 blée
1551 2087 31 21 de
1591 2087 89 21 Genève
1686 2092 60 15 aura
1751 2084 23 21 le
1781 2084 73 20 même
1861 2081 56 26 effet
1924 2087 46 20 gue

1497 2118 148 26 l’hégémonie
1652 2117 31 21 du
1689 2118 72 20 même
1766 2113 71 24 Reich
1845 2113 61 21 dans
1910 2112 59 21 l’an-

1496 2150 80 20 cienne
1586 2148 97 26 Europe.
1698 2147 93 21 Devant
1802 2147 59 19 cette
1871 2144 98 25 prépon-

1496 2180 98 21 dérance
1613 2181 126 20 constante,
1758 2182 90 17 accrue,
1866 2174 103 24 toujours

1496 2211 126 21 croissante
1634 2210 34 20 du
1675 2212 66 18 vaste
1752 2213 75 19 noyau
1839 2204 128 23 allemand,

1496 2242 19 20 il
1519 2241 89 26 faudra
1617 2241 53 21 bien
1678 2246 46 20 gue
1731 2239 35 21 les
1772 2240 80 19 autres
1859 2236 68 21 Etats
1935 2241 33 14 es-

1495 2272 76 22 saient
1579 2272 30 20 de
1617 2278 26 14 se
1651 2273 80 19 mettre
1738 2275 29 15 en
1775 2268 93 24 défense
1873 2268 30 21 et,
1906 2269 63 22 pour

1495 2310 26 14 se
1529 2303 118 25 défendre,
1656 2308 25 14 se
1690 2301 105 26 fédèrent
1802 2301 24 18 et
1832 2304 26 15 se
1865 2296 104 25 cànfédè-

1496 2337 51 18 rent
1557 2334 34 20 les
1604 2339 45 15 uns
1661 2339 57 14 avec
1730 2331 33 20 les
1776 2332 91 18 autres:
1879 2330 90 18 exacte-

1496 2367 62 18 ment
1571 2370 88 14 comme
1671 2369 29 15 en
1716 2365 61 22 19*4>
1791 2367 31 14 on
1831 2366 29 14 ne
1873 2358 95 21 tardera

1493 2399 47 22 pas
1549 2395 16 21 à
1573 2396 49 19 être
1629 2394 81 20 acculé
1717 2398 48 15 aux
1773 2392 84 20 mêmes
1864 2389 104 22 extrémi-

1496 2427 41 22 tés,
1546 2429 60 22 pour
1613 2425 34 20 les
1655 2425 84 21 mêmes
1743 2423 91 21 raisons
1841 2421 43 26 gui
1891 2422 78 19 seront

1494 2456 126 21 seulement
1624 2461 39 18 .uu
1670 2458 48 22 peu
1723 2453 56 26 plus
1785 2451 112 23 sensibles
1904 2454 24 18 et
1936 2457 31 14 un

1492 2490 49 22 peu
1548 2486 77 22 mieux
1631 2486 92 20 senties.
1904 2493 10 6 -
1921 2488 3 9 ;
1932 2487 4 4 ’
1962 2488 5 11 ;

1519 2517 57 22 lien
1586 2518 41 20 eût
1637 2518 38 20 été
1684 2517 130 20 autrement
1826 2514 23 22 si
1849 2514 25 22 le
1887 2513 81 22 Parle-

1495 2551 63 18 ment
1564 2548 43 20 des
1606 2548 100 22 jiations
1711 2548 40 20 eût
1754 2547 97 23 compté,
1852 2551 90 15 comme
1948 2544 22 21 il

1495 2579 58 20 était
1558 2578 69 25 juste,
1635 2580 85 19 autant
1724 2577 93 21 d’Etats
1826 2576 141 25 représentés

1495 2616 17 19 g
1512 2610 22 20 il
1533 2609 20 21 il
1551 2616 17 18 y
1571 2615 16 14 a
1593 2613 30 16 en
1628 2609 20 21 A
1651 2609 113 24 llemagne
1769 2606 131 27 dégroupés
1907 2606 60 21 réels

1495 2641 159 24 représentant
1666 2640 30 20 de
1705 2637 124 22 véritables
1841 2637 125 24 catégories

1498 2677 118 20 d'intérêts
1620 2683 9 13 :
1635 2682 44 14 une
1684 2674 106 22 Bavière,
1797 2680 33 14 un
1838 2673 73 24 Bade,
1921 2679 46 14 une

1497 2708 70 21 Saxe,
1577 2713 31 13 un
1615 2706 117 22 Hanovre,
1739 2711 46 15 une
1788 2704 128 23 Rhénanie,
1921 2710 46 14 une

1495 2738 91 22 Prusse,
1599 2743 32 14 un
1655 2735 155 25 Wurtemberg
1818 2735 108 21 auraient
1938 2741 28 14 eu

1495 2768 42 21 des
1549 2768 114 20 réactions
1679 2766 133 26 différentes
1825 2768 24 18 et
1861 2765 33 21 les
1906 2765 61 20 solu-

1495 2799 61 20 tions
1559 2798 34 20 les
1594 2798 56 25 plus
1655 2798 90 21 variées
1747 2797 110 21 auraient
1858 2799 35 22 pu
1898 2796 69 21 sortir

1494 2830 31 20 de
1529 2829 25 21 la
1558 2829 57 21 mise
1619 2835 28 14 en
1648 2830 109 24 présence
1761 2827 30 21 de
1794 2827 172 21 souverainetés

1494 2860 126 20 distinctes.

1495 2890 194 21 Continuons:.....

1520 2924 12 10 «
1539 2916 17 20 Il
1561 2921 28 14 en
1595 2916 38 20 eût
1639 2916 35 20 été
1679 2915 28 20 de
1712 2913 95 22 mêmesi
1811 2913 21 21 le
1839 2913 125 21 Parlement

1493 2946 41 21 des
1543 2945 92 21 Nations
1642 2946 38 20 eût
1690 2945 96 25 compté,
1797 2951 29 13 au
1843 2944 44 21 lieu
1898 2943 66 21 d’une

1494 2976 84 21 France
1591 2975 98 21 hérissée
1702 2976 28 20 de
1739 2975 138 22 baïonnettes
1889 2979 22 16 et
1919 2980 43 19 peu

1493 3006 98 21 sensible
1598 3013 45 13 aux
1652 3006 91 21 intérêts
1752 3006 114 24 généraux
1873 3005 29 20 de
1909 3005 55 20 l’hu-

1493 3037 90 22 manité,
1595 3043 46 14 une
1650 3037 116 25 Bretagne,
1784 3043 44 13 une
1839 3035 122 22 Occitanie,

1493 3074 46 14 une
1552 3067 86 23 Alsace,
1643 3074 45 14 une
1692 3066 156 22 Corse.-tirées
1865 3066 99 20 chacune

1493 3104 44 19 par
1539 3098 40 21 des
1583 3097 92 21 intérêts
1679 3094 146 25 différents-et
1830 3100 50 21 trop
1885 3096 79 20 faibles

1493 3137 58 19 pour
1557 3131 56 20 faire
1622 3131 76 23 sentir,
1710 3137 29 14 au
1743 3129 76 22 milieu
1830 3129 31 21 du
1871 3129 91 22 conseil,

1492 3161 23 20 le
1522 3161 65 28 poids
1595 3161 67 20 d’une
1670 3162 61 24 épée.
1737 3165 11 10 »

1518 3191 29 21 Et
1554 3197 42 14 nos
1603 3197 93 14 excuses
1704 3191 14 20 à
1722 3189 139 22 M.Maùrras.
1898 3196 15 6 -
1917 3191 7 5 '

1519 3254 145 35 Cartuline
1683 3255 32 35 ai
1735 3254 30 34 À
1789 3254 129 35 MuVRA

1519 3327 34 18 12
1574 3320 142 26 cartuline
1730 3319 111 34 'postale
1857 3320 32 25 in
1905 3327 58 21 una

1491 3352 82 26 busta
1584 3361 10 16 :
1618 3361 13 25 3
1653 3353 101 25 ritràtti
1771 3352 40 27 di,
1821 3352 140 33 Pasquale

1490 3385 92 31 Paoli,
1592 3384 154 36 Sàmpiéru,
1754 3385 90 26 Pôzzo
1856 3384 31 26 di
1895 3384 67 26 Bor-

1490 3426 51 26 gu,
1553 3427 14 16 2
1584 3418 198 34 riproduzione
1796 3418 31 25 di
1835 3420 82 24 ,carte
1932 3418 30 25 di

1489 3451 13 25 i
1514 3451 87 26 seculi
1619 3451 69 26 XVI
1707 3453 17 24 é
1739 3450 107 31 XVIII,
1867 3450 96 26 tomba

1491 3484 31 25 di
1542 3484 81 25 Paoli
1645 3493 19 16 a
1687 3483 119 30 Londra,
1834 3483 87 27 bustu
1948 3491 15 18 e

1490 3516 96 34 lapide
1597 3516 31 25 di
1640 3517 80 25 Paoli
1732 3525 17 16 a
1762 3515 201 27 Westminster

1490 3549 118 33 Abbaye
1620 3557 18 16 a
1650 3549 109 25 Londra
1772 3555 31 18 ec

1491 3581 110 33 Pre^u
1612 3581 33 25 di
1655 3590 16 16 e
1680 3582 33 24 12
1726 3581 142 25 cartüline
1878 3589 10 17 :

1632 3618 23 30 2
1672 3618 151 31 franchi

1597 3656 95 22 (franco
1704 3658 30 21 pè
1746 3661 15 14 a
1774 3657 79 23 posta)

2033 156 30 22 Le
2086 154 98 24 nombre
2205 154 41 22 des
2270 156 83 26 agents
2374 158 25 20 et
2415 165 53 20 sous

2004 191 81 27 agents
2095 189 40 21 des
2143 188 26 22 P.
2179 187 28 22 T.
2215 187 60 23 T.de
2285 188 24 22 la
2317 190 91 21 recette
2415 192 54 34 d’AJ

2001 223 78 28 jaccio
2101 223 35 21 est
2151 221 156 22 visiblement
2334 221 132 30 insuffisant

2003 262 62 23 pour
2072 260 91 18 assurer
2173 255 24 21 le
2209 254 99 23 'service
2314 254 72 23 d’une
2407 262 59 22 aussi

2003 290 141 27 importante
2155 286 104 24 localité.

2031 322 121 28 Quelques
2170 321 125 28 exemples
2306 327 33 16 en
2346 326 97 23 passant
2456 334 7 14 :

2003 357 36 22 les
2055 357 79 21 lettres
2145 354 107 23 arrivées
2256 361 44 22 par
2304 355 36 21 les
2353 358 115 24 courriers

2003 390 129 22 maritimes
2155 390 69 20 entre
2236 388 13 22 6
2261 390 25 20 et
2305 394 13 22 7
2330 387 87 24 heures
2436 392 30 23 du

2003 423 75 23 matin
2090 423 54 22 sont
2157 421 145 23 distribuées
2313 421 91 27 dans.le
2412 423 54 25 haut

2003 457 33 21 du
2040 462 69 16 cours
2116 455 123 23 Grandval
2243 455 23 21 le
2272 455 79 21 même
2357 455 58 28 jour
2420 456 14 23 à
2443 464 23 22 13

2002 487 94 27 heures,
2119 486 48 22 soit
2177 485 15 22 à
2202 491 48 16 une
2264 485 91 22 vitesse
2375 485 31 22 de
2428 493 39 22 140

2001 520 89 23 mètres
2098 520 14 22 à
2119 519 91 23 Theure
2228 519 7 21 !
2244 518 51 22 Des
2303 517 165 30 télégrammes

2003 553 113 29 expédiés
2127 553 30 21 de
2163 552 63 22 Nice
2232 553 122 27 mettentç,
2363 551 15 23 6
2386 554 26 20 et
2417 553 46 28 jus-

2003 587 52 27 qu’à
2066 593 25 21 19
2100 587 85 21 heures
2194 591 61 21 pour
2266 584 115 28 parvenir
2387 584 14 23 à
2407 586 61 24 leurs

2002 619 162 23 destinataires
2176 618 117 28 ajacciens
2307 618 6 21 !

2028 653 67 24 Nous
2106 651 158 24 reviendrons
2286 651 121 23 d’ailleurs
2426 659 41 18 sur

2001 693 32 15 un
2042 687 75 27 pareil
2132 686 64 27 sujet
2207 686 50 27 qui,
2269 691 32 16 on
2311 691 31 16 en
2353 686 114 24 convien-

2003 720 48 26 dra,
2065 727 14 15 a
2090 726 43 16 son
2147 720 154 26 importance.

2000 766 4 8 :
2031 753 55 29 Que
2096 757 73 24 pense
2181 752 33 22 dé
2220 753 52 21 tout
2283 752 51 21 cela
2347 753 122 24 monsieur

2001 787 24 21 le
2034 786 125 22 Directeur
2164 785 43 22 des
2221 785 25 21 P.
2256 783 28 23 T.
2293 784 28 22 T.
2328 785 16 22 ?
2350 784 22 23 I1
2378 787 37 21 est
2422 786 47 24 fort

2001 819 111 28 probable
2123 824 46 22 que
2177 823 96 17 comme
2287 818 23 21 la
2320 818 96 28 plupart
2426 820 41 23 des

2000 849 71 26 hauts
2089 851 187 23 fonctionnaires
2295 852 171 25 continentaux

2002 892 30 16 en
2043 885 124 29 pénitence
2180 885 59 21 dans
2259 883 47 23 l’île
2327 890 112 23 sauvage,
2452 887 15 23 il

2001 919 49 23 s’en
2064 921 127 26 tamponne
2202 918 24 22 le
2235 918 152 28 coquillard.;

2039 1006 41 37 Pè
2101 1018 19 24 u
2137 1005 100 37 Teatru
2251 1005 33 37 di
2297 1004 22 37 A
2337 1003 95 38 Muvra

2000 1057 66 18 Teatru
2077 1062 52 14 corsu
2134 1057 106 18 ambulante
2247 1056 21 18 di
2271 1055 18 19 U
2302 1055 165 22 Sampetracclu

2067 1093 30 25 23
2101 1097 12 11 a
2128 1093 45 27 lista
2197 1093 20 23 di
2234 1092 161 25 sottuscrizione
2405 1100 7 18 :

2030 1165 112 21 Canonial
2154 1163 112 21 Antonelli
2420 1168 23 16 10

2027 1194 125 24 Sarnarcelli
2430 1194 16 21 S

2027 1226 92 22 Michèle
2131 1224 128 22 Vincileone
2420 1229 24 16 10

2027 1258 81 21 Bianca
2122 1256 128 21 Vincileone
2432 1256 13 20 5

2027 1288 99 22 Madama
2134 1286 103 22 Ceccaldi
2431 1286 12 19 5

2027 1320 24 21 S.
2061 1318 83 22 Belloni
2431 1321 12 16 2

2028 1351 26 21 B.
2065 1349 101 22 Vellutini
2432 1352 12 16 2

2027 1381 108 21 Maroselli
2143 1380 24 21 S.
2170 1380 26 21 P.
2431 1379 13 21 5

2409 1429 59 21 44.00

2077 1457 74 21 Prime
2168 1456 66 21 liste:
2377 1455 90 25 2.465.00

2079 1502 31 21 Tu
2110 1501 60 23 taie:
2376 1500 91 25 2.509.00

2354 1548 3 14 ;

2025 1581 159 46 L’Abatage
2201 1580 39 38 du
2259 1580 184 47 Châtaignier

2024 1668 76 20 Parrois
2117 1667 8 20 l
2129 1672 15 15 ;s
2155 1666 97 26 questions
2272 1665 130 27 angoissantes
2419 1672 46 20 pour

1998 1699 20 20 le
2030 1697 155 27 développement
2191 1697 124 25 économique
2319 1696 25 21 de
2349 1699 115 25 notre,pays,

1998 1729 15 21 il
2020 1730 44 20 n’en
2079 1731 28 19 est
2114 1733 32 21 pas
2153 1728 24 20 de
2185 1727 46 26 plus
2250 1727 59 26 digue
2321 1727 25 20 de
2363 1728 70 20 retenir
2445 1728 19 21 la

1998 1760 108 21 sollicitude
2116 1760 26 23 de.
2152 1764 50 15 ceux
2213 1758 33 26 qui
2258 1759 29 25 s’y
2303 1758 114 21 interéssent
2428 1765 36 20 que

1998 1792 20 19 la
2022 1791 50 20 mise
2076 1796 23 15 en
2105 1795 60 20 coupe
2178 1789 72 26 réglée,
2258 1789 116 21 froidement
2384 1789 78 26 voulue,

1996 1822 172 26 méthodiquement
2193 1820 98 26 organisée
2308 1820 31 20 du-
2348 1820 115 26 chatâigner.

1996 1853 74 26 Depuis
2076 1858 36 23 que
2119 1852 29 21 les
2156 1851 133 26 agriculteurs,
2295 1851 29 21 les
2331 1851 139 25 économistes,.

1996 1884 30 21 les
2033 1889 48 21 gens
2091 1882 105 22 de.métier
2215 1885 34 18 ont
2263 1882 37 21 fait
2313 1881 91 22 entendre
2421 1882 42 21 leur

1997 1915 38 20 cris
2043 1914 95 26 d’alarme,
2149 1919 26 14 on
2197 1916 45 23 peut
2258 1912 87 22 affirmer
2369 1914 94 25 qu’aucun

1996 1946 55 20 effort
2064 1946 74 20 sérieux
2152 1945 32 19 n’a
2193 1944 30 20 été
2238 1944 50 20 tenté
2296 1949 50 21 pour
2353 1949 81 21 enrayer
2437 1950 25 15 eu

1996 1978 63 21 Corse
2068 1976 19 21 la
2092 1975 74 22 marche
2175 1975 27 21 du
2215 1975 62 21 fléau.
2286 1974 55 21 Tous
2348 1976 49 19 s’est
2403 1974 57 23 borné

1996 2008 11 20 à
2012 2007 34 21 des
2054 2006 156 25 récriminations,
2219 2006 34 20 des
2263 2009 93 23 rapports,
2365 2005 35 21 des
2408 2006 54 21 artic-

1996 2038 28 21 les
2032 2039 24 20 de
2065 2044 66 15 revues
2139 2040 19 17 et
2172 2037 25 20 de
2204 2037 99 25 journaux
2314 2036 46 21 dont
2371 2036 20 21 la
2399 2038 63 24 portée

1995 2069 86 26 pratique
2089 2072 49 18 reste
2145 2073 69 16 encore
2222 2068 14 19 à
2246 2067 115 22 démontrer.

2206 2105 36 21 La
2249 2105 111 21 Nouvelle
2369 2105 69 22 Corse

2039 2201 157 31 Corsica
2210 2210 25 22 e
2250 2200 164 32 Francia

2171 2259 103 19 SONETTO

2015 2329 27 17 Da
2049 2328 64 24 poichè
2121 2328 83 23 iapreda
2217 2328 19 18 io
2244 2333 45 13 sono
2296 2328 32 18 alli
2336 2328 77 18 vivent!.

2015 2357 35 18 Fui
2058 2357 20 18 in
2086 2357 49 19 mille
2148 2356 50 18 modi
2212 2356 59 18 offesa
2279 2361 11 14 e
2301 2357 101 22 calpestata
2407 2361 5 16 ;

2015 2385 14 18 E
2038 2385 30 18 nel
2077 2385 36 18 mio
2121 2389 69 18 sangue
2198 2384 65 19 intrisa
2271 2385 12 18 é
2291 2384 29 20 fra
2328 2384 86 19 tormenti
2419 2383 6 18 !

2014 2413 28 18 Da
2052 2413 67 18 nemici
2128 2413 63 19 crudel
2206 2411 142 25 sîgnoreggiata.
2358 2416 13 15 7

2014 2458 28 18 Ba
2049 2457 8 19 i
2064 2458 52 22 prodi
2124 2457 41 23 figli
2175 2457 46 18 miei
2228 2456 28 19 fui
2264 2461 73 19 sempre
2344 2458 61 17 amata

2009 2485 20 19 ■E
2036 2490 84 18 sparsero
2122 2484 4 19 !
2127 2489 32 20 per
2162 2492 5 11 :
2170 2489 34 15 me;
2210 2489 75 19 sangue-
2290 2482 12 21 â
2309 2484 94 19 torrent!!

2014 2514 15 18 E
2040 2513 53 24 yinta
2105 2518 13 14 a
2124 2513 106 19 Pontenovo
2239 2517 11 14 e
2259 2514 87 22 superata

2014 2535 51 25 Dailë
2072 2541 81 19 Franche
2166 2539 105 24 milizie/in
2279 2541 58 19 chiari
2347 2540 77 23 accent!-,
2428 2544 5 3 '

2014 2586 25 19 Or
2050 2586 18 18 io
2076 2587 76 18 esclamo
2161 2591 6 15 ;
2175 2590 12 14 0
2195 2585 76 19 Francia
2280 2586 5 18 !
2297 2587 73 21 quando
2383 2584 60 20 avrai"

2014 2614 21 18 Di
2044 2619 30 14 me
2083 2614 30 23 più
2119 2618 43 16 cura
2169 2613 10 19 ?
2187 2618 12 14 e
2208 2618 35 14 eon
2248 2614 31 22 più
2288 2614 54 19 stima
2351 2618 13 14 e
2369 2611 63 22 amoré

2014 2642 35 19 Uni
2050 2644 18 16 ta
2075 2647 12 14 a
2095 2643 7 17 i
2109 2642 39 24 figli
2156 2641 45 19 miei
2207 2642 29 18 mi
2255 2642 83 19 tratterai
2346 2642 10 18 ?

2014 2687 32 18 Sai
2054 2688 46 18 bene
2107 2687 34 19 che
2151 2687 18 18 io
2180 2687 15 18 ü
2207 2691 43 14 amo
2257 2687 21 18 di
2289 2687 50 19 buon
2346 2689 69 22 cuore;;

2009 2715 32 18 -Tu
2054 2715 19 19 in
2085 2715 111 23 ricompensa
2203 2715 24 18 da
2237 2715 93 23 madrigna
2338 2715 26 18 fai
2372 2715 6 18 î

2014 2743 14 18 E
2038 2745 66 21 questo
2114 2744 25 18 mi
2150 2742 76 24 riempie
2238 2743 19 18 di
2264 2743 69 19 dolore.

2250 2779 26 19 G.
2285 2779 150 19 Giovannelli.

2017 2810 61 18 (Bastia,
2084 2811 9 14 4
2098 2809 60 20 geanaiô
2164 2810 40 18 1926)
2250 2816 5 4 -
2266 2816 5 3 -

1990 2906 164 42 Chasseurs,
2181 2905 104 38 sachez
2313 2905 120 37 chasser
2446 2902 10 36 !

1997 2999 10 4 "
2018 2998 45 22 Par
2079 3004 32 15 un
2120 2997 80 23 récent
2208 2995 84 26 arrêté,
2303 2995 126 22 Monsieur
2437 2995 20 21 le

1989 3030 76 28 préfet
2078 3031 60 21 delà
2149 3030 86 24 Corse,
2246 3029 87 22 faisant
2340 3028 66 22 droit
2412 3032 46 18 aux

1987 3064 83 27 justes;
2076 3063 129 25 doléances
2211 3065 4 19 :
2224 3062 43 22 des
2287 3060 169 31 propriétaires

1989 3096 157 26 d’oliveraies,
2153 3095 132 30 autorisait,
2290 3096 23 21 le
2321 3095 33 22 tir
2359 3100 31 17 au
2393 3094 64 30 rfusil

1989 3129 43 24 des
2041 3130 90 23 .merles
2142 3130 24 22 et
2173 3124 44 27 des
2224 3129 83 28 grives
2315 3134 50 16 aux
2370 3124 88 26 abords

1989 3162 42 22 des
2042 3163 63 21 dites
2115 3162 135 24 oliveraies.
2341 3158 12 7 "
2370 3165 3 4 '
2406 3162 4 4 '

2018 3195 37 23 Or
2062 3196 18 22 il
2085 3202 66 17 mous
2159 3192 101 25 revient:
2263 3199 54 23 -que
2327 3194 129 25 messieurs

1987 3230 37 21 les
2032 3228 139 29 gendarmés
2181 3226 165 24 contmiient-à
2356 3227 103 22 verbali-

1988 3269 40 15 ser
2041 3264 82 19 contre
2133 3262 35 20 les
2186 3259 124 25 chasseurs
2313 3277 6 5 .
2337 3260 48 22 Ces
2388 3264 6 16 ;
2406 3262 53 25 trop

1988 3294 130 28 scupuleux
2137 3293 129 23 serviteurs
2292 3294 114 22 estiment
2427 3298 31 17 en

1988 3327 57 22 effet
2054 3332 48 22 que
2111 3325 91 23 l’arrêté
2213 3326 42 23 du,
2266 3326 78 28 préfet
2363 3327 95 22 demeu-

1987 3366 28 16 re
2031 3360 71 22 lettre
2121 3360 79 22 morte
2219 3359 34 22 du
2269 3359 44 23 fait
2331 3366 47 21 que
2404 3358 56 29 1926.

1987 3390 67 25 étant
2069 3392 87 23 classée
2175 3389 160 29 mdVgnnâta
2339 3392 37 22 ffu
2385 3391 71 29 point

1988 3426 31 21 de
2029 3431 48 16 vue
2086 3425 59 22 delà
2153 3425 145 28 production
2303 3435 3 4 •
2313 3425 44 23 des
2369 3426 87 23 olives,

1988 3459 36 21 les
2047 3460 86 20 mërles
2154 3459 128 27 et-grives
2297 3465 50 16 ne.-:
2352 3458 107 28 peuvent

1988 3494 141 20 commettre
2139 3491 30 23 de
2180 3490 85 28 dégâts
2277 3492 7 20 !
2347 3514 6 3 .
2396 3512 4 3 .
2435 3505 13 4 ..

2017 3524 70 22 Cette
2109 3523 180 29 interprétation
2306 3525 31 21 dé
2367 3522 93 25 l’arrêté.

1989 3558 91 23 estrelle
2085 3557 218 29 .r’reglementerrre
2315 3557 32 22 où
2351 3553 107 32 /simple-

1987 3591 68 20 ment
2062 3589 130 23 fantaisiste
2199 3589 18 24 j.
2400 3597 4 3 -
2454 3608 5 5 ,

2015 3622 67 22 Nous
2093 3628 87 22 posons
2193 3623 25 20 la
2238 3623 110 26 question
2356 3622 21 23 "à
2387 3622 71 23 Mon-

1988 3655 65 21 sieur
2063 3655 24 21 lé
2096 3655 84 24 préfet.
