2502 3743
71 110 81 21 L’òdiu
162 108 38 21 clii
218 107 67 21 soffia
297 106 24 20 in
332 104 121 27 timpesta,

70 143 84 26 Spintu
171 141 31 21 lia
214 141 63 20 tante
288 143 56 16 cose
364 141 61 19 care,

72 175 39 21 Ma
124 174 22 20 di
160 176 37 18 stu
210 172 71 24 nodu,
290 170 34 21 mi
332 174 66 21 pare,

71 207 98 25 Sempre
179 205 110 26 qualcosa
300 208 31 15 ne
344 202 70 20 resta.

73 269 22 19 A
105 267 76 20 morte
191 264 24 20 di
225 264 24 20 lu
257 261 99 27 figliôlu,

72 300 46 21 Chi
131 299 15 20 li
157 297 71 27 junse
240 294 35 20 d’a
290 292 123 22 frontiera,

74 333 37 20 Ha
122 335 79 17 messu
214 328 23 20 in
250 327 81 19 eternu
344 323 56 21 dôlu

72 366 24 19 A
110 366 102 18 mamma
224 358 37 22 chi
273 357 41 27 più
326 361 48 15 nun
387 358 96 21 spera...

75 395 83 23 Ormai
173 394 30 20 ha
213 392 73 21 calatu
298 390 69 21 testa,

73 430 19 20 E
100 430 63 19 lu-so
176 426 56 21 còre
244 423 24 28 jè
279 422 72 27 pienu

74 462 32 21 Di
119 455 132 31 sanghjòzzi
260 461 14 15 a
288 456 168 23 crepa-senu...

74 494 60 21 Eccu
148 491 37 21 ciò
195 487 81 24 ch’avà
286 487 17 21 li
313 486 62 20 resta
382 484 5 19 !

74 556 11 21 I
96 553 84 27 figliòli
190 551 24 21 di
227 548 123 28 quel’bapu

75 587 59 23 Ch’a
149 583 143 24 tradimentu
303 580 25 21 fù
340 577 84 23 tombu

75 621 38 20 Da
121 618 58 22 tanti
190 614 100 28 culpacci
301 613 24 20 in
335 617 68 20 capu,

74 654 47 20 Per
129 651 93 21 darettu
231 654 13 15 e
255 653 28 15 eu
296 646 24 20 lu
337 642 108 29 piombu,

77 686 102 21 Devenu
192 688 14 15 a
217 684 93 18 manera
324 675 103 27 schjetta

75 715 93 29 Inipjgà
180 721 14 14 e
211 711 65 24 salvà
286 712 8 20 1
302 714 76 17 onore
387 714 6 15 :

77 749 71 28 Ghj’è
160 754 31 15 un
198 747 96 22 duvere,
304 748 51 16 nun
367 739 35 23 c’è
413 745 14 15 a
439 743 76 18 corre,

79 780 169 27 Ch’ariempie
262 775 75 23 ad’elli
351 775 71 20 resta.

78 844 40 23 Un
130 841 98 29 pòpulu,
242 838 26 22 sò
279 835 44 23 avà
337 832 124 25 tant’anni,

78 876 69 23 Luttò
155 875 102 21 contrua
269 867 127 29 schjavitù.

77 912 18 21 E
106 909 67 23 sott’a
181 914 17 15 u
207 905 96 29 piombu
311 909 13 15 e
333 899 103 24 l’affanni

79 942 76 24 Cascò
170 946 70 16 senza
251 936 80 23 alzassi
343 934 51 28 più.

79 976 81 23 Fubbe
171 970 141 31 quant’andà
324 974 14 15 a
344 968 23 21 la
376 966 88 21 testa...

78 1010 71 22 Tutte
158 1008 24 21 in
191 1007 64 21 fume
266 1008 71 16 eranu
351 1007 13 14 e
372 1001 92 20 torre...

81 1042 109 22 Gridonu
200 1046 6 14 :
224 1035 94 23 «Liberi
328 1040 15 15 o
352 1037 68 18 more
428 1031 23 21 !»

79 1075 55 27 Què
145 1072 71 30 ghj’è,
233 1070 36 22 ciò
289 1067 51 23 ch’a
349 1066 42 22 noi
403 1065 63 21 resta
473 1063 6 20 !

266 1115 77 20 Petru
354 1107 139 28 Borghetti.

53 1228 22 21 A
89 1224 110 23 Francia
210 1220 158 29 separatista.

171 1288 12 8 «a

151 1304 23 21 A
187 1301 99 23 Corsica
300 1299 14 21 è
328 1297 102 23 Corsica

122 1348 13 14 e
151 1346 17 15 a
183 1337 104 23 Francia
304 1335 14 21 è
335 1330 124 26 Francia!

79 1392 35 21 Un
141 1389 179 26 rappresentante
341 1384 23 20 di
390 1380 134 23 cummerciu

53 1419 109 26 ajaccinu,
169 1424 15 12 u
192 1417 49 24 sgiò
249 1415 51 22 R...,
307 1412 90 21 avendu
405 1408 121 22 dumanda-

53 1452 24 16 tu
87 1454 13 13 a
111 1443 205 27 rappresentazione
325 1441 66 19 d’una
401 1438 57 20 Casa
470 1443 57 18 pan-

53 1476 54 24 gina
116 1475 22 19 in
148 1472 99 22 Corsica,
261 1469 77 21 n’ebbe
347 1471 34 16 sta
390 1465 87 21 curiosa
486 1464 40 20 ris-

54 1506 64 22 posta
124 1509 6 13 :
144 1509 41 11 «...
193 1499 66 20 Notre
270 1495 131 27 production
410 1494 62 19 étant
479 1495 48 17 tou-

54 1535 23 16 te
87 1529 105 25 engagée,
203 1532 56 15 nous
268 1531 27 14 ne
303 1528 103 21 pouvons
414 1519 112 22 travailler

55 1559 93 24 qu’avec
161 1556 21 20 la
197 1555 82 19 France
291 1551 132 21 seulement,
436 1552 23 16 et
470 1553 56 15 nous

55 1590 93 16 verrons
153 1584 51 24 plus
207 1581 48 21 tard
260 1582 13 18 à
277 1579 92 21 étendre
373 1583 42 14 nos
421 1575 105 21 relations

56 1620 28 14 en
94 1610 80 22 Corse!
183 1616 43 15 ...»

82 1641 34 19 Un
122 1645 56 19 pocu
184 1638 130 20 stumacatu,
320 1641 15 13 u
345 1634 182 23 rappresentante

55 1668 101 25 ajaccinu
171 1666 49 19 fece
228 1663 88 21 osservà
324 1668 14 13 a
347 1660 74 26 quella
431 1665 50 13 casa
489 1664 38 19 pa-

56 1695 72 25 rigina
137 1694 47 20 ch’a
194 1691 89 21 Corsica
291 1691 38 18 è...
335 1685 155 25 francese(?)e
496 1685 31 20 al-

56 1724 49 19 16ta
118 1729 13 13 u
147 1721 100 24 pinzutu,
259 1718 22 19 di
294 1722 68 15 nome
375 1715 60 20 Léon
449 1713 52 20 L....
511 1713 14 19 li

55 1751 87 24 rispose
147 1755 6 13 :
164 1756 11 10 «
181 1748 63 19 Nous
252 1750 79 16 savons
339 1743 46 20 fort
393 1742 51 20 bien
453 1747 45 19 que
505 1740 21 20 la

56 1777 72 21 Corse
135 1775 125 26 appartient
268 1774 14 19 à
289 1773 21 19 la
320 1772 85 19 France
412 1768 51 26 (sic)
471 1768 56 21 mais

56 1805 17 20 il
83 1810 57 14 nous
148 1806 35 17 est
194 1800 126 26 impossible
332 1799 30 19 de
369 1797 119 21 travailler,
498 1802 28 14 en

56 1840 27 12 ce
91 1834 107 19 moment,
205 1836 29 13 en
240 1828 79 20 dehors
327 1826 55 20 delà
392 1824 133 20 France!...»

82 1860 20 20 A
113 1859 84 20 Muvra
205 1858 30 19 ha
242 1856 89 23 dunque
345 1853 62 25 ragiò
415 1851 111 26 quand’el-

55 1887 123 21 l’asserisce
191 1885 37 20 chi
234 1883 88 21 Corsica
330 1888 33 14 un
371 1881 14 20 è
393 1880 58 20 mica
461 1879 66 20 Fran-

56 1915 43 20 cia.

82 1942 39 20 Ste
129 1941 51 20 duie
188 1941 77 19 lettere
274 1939 34 19 d’u
321 1937 138 20 fabbricante
470 1935 57 24 pari-

57 1971 63 24 ginu,
130 1968 108 21 e’tenimu
246 1965 173 25 a’dispusizione
427 1963 22 19 di
459 1963 66 25 quelli

56 1998 37 20 chi
99 1997 80 20 bòlenu
188 1995 56 20 vede
249 2001 12 13 e
267 1994 62 19 tuccà
335 1998 66 14 cume
406 1991 25 20 S.
435 1991 92 19 Tumas-

63 2026 31 24 jiu
102 2025 6 19 !

420 2049 29 21 P.
464 2049 34 21 M.

68 2397 122 18 îavullone.
199 2405 23 4 —
231 2395 45 18 Cosa
283 2398 23 13 ne
315 2393 46 21 dile,
369 2397 11 13 o
390 2392 39 22 sgiò
438 2392 89 19 senatore,

80 2425 20 18 di
108 2430 15 12 u
131 2425 57 17 ventu
197 2423 76 23 pulilicu
283 2422 4 17 !

68 2458 127 23 îlagassari.
204 2466 23 4 —
236 2456 47 18 Sïn!a
291 2455 32 22 qui
332 2459 32 14 ex*a
371 2453 115 20 lihecciu,ma
494 2451 35 18 avà

81 2485 11 18 è
101 2485 92 18 maislrale
203 2485 4 16 !

171 2563 10 21 I
195 2563 57 21 boia
264 2561 38 22 d’a
315 2560 101 23 Corsica

86 2715 11 11 «
107 2707 30 20 Le
144 2706 92 25 général
245 2705 91 20 Morand
345 2704 60 21 avait
418 2704 111 24 remplacé

73 2744 15 14 n
98 2737 57 23 1802,
162 2743 29 13 au
200 2739 175 22 gouvernement
383 2735 27 19 de
419 2734 51 23 Pile,
476 2734 54 20 Miot

75 2775 14 13 e
97 2766 141 21 Melito.Mais
246 2767 12 18 à
266 2765 121 20 l’encontre
395 2765 28 19 de
431 2771 41 13 son
481 2765 49 24 pré-

75 2799 111 21 écesseur,
213 2795 90 21 Morand
325 2798 50 17 crut
392 2798 90 17 trouver
499 2802 29 13 un

72 2834 69 19 noyen
148 2827 90 20 efficace
245 2826 28 20 de
277 2831 126 19 gouverner
410 2832 41 18 par
458 2825 21 20 la
487 2827 43 18 tër-

72 2865 67 14 eur...
149 2858 26 20 Et
192 2858 34 19 les
239 2857 77 20 crimes
333 2856 114 25 perpétrés
456 2861 40 19 par
504 2862 25 13 ce

72 2888 77 24 ;énéral
167 2891 52 17 sont
227 2893 78 14 encore
318 2887 101 24 présents
428 2886 12 19 à
457 2889 73 17 toutes

72 2925 22 14 es
102 2918 127 21 mémoires.

87 2950 44 19 Par
138 2949 39 19 des
187 2953 92 20 moyens
295 2947 131 22 vexatoires,
444 2947 39 20 des
500 2950 31 17 at-

72 2980 70 19 eintes
150 2978 145 21 continuelles
303 2978 14 19 à
329 2978 23 19 la
365 2977 78 20 liberté
451 2977 81 20 indivi-

72 3010 70 22 luelle,
152 3009 40 20 des
209 3014 97 15 mesures
315 3008 28 20 de
352 3008 66 20 haute
426 3007 80 24 police,
515 3007 16 20 il

75 3040 49 19 liait
138 3039 126 25 indisposer
273 3044 28 13 au
310 3038 52 24 plus
377 3037 55 20 haut
439 3038 64 24 point
511 3037 20 20 la

72 3070 121 25 >opuIatiou
202 3069 28 20 de
239 3068 49 21 Pile.

88 3099 50 20 Afin
147 3099 88 20 d’assou
237 3099 32 19 vir
274 3099 73 19 même
356 3104 36 15 ses
396 3098 77 20 basses
480 3104 53 14 ven-

72 3135 93 19 geances,
189 3130 17 19 il
223 3129 59 19 allait
298 3129 98 23 prendre
412 3134 30 13 un
462 3129 72 19 arrêté

72 3162 137 18 nonstrueux
219 3166 6 12 :
243 3158 15 19 il
267 3158 99 19 ordonna
385 3164 44 18 que
437 3158 34 19 les
485 3164 49 18 per-

72 3194 75 15 ionnes
166 3196 11 11 «
186 3189 123 23 prévenues
317 3192 11 11 »
347 3188 29 19 de
390 3190 98 17 meurtre
505 3193 28 14 ou

72 3218 136 21 l’assassinat
213 3224 29 13 ne
250 3217 95 20 seraient
352 3217 50 24 plus
406 3217 80 24 jugées
494 3224 41 17 par

72 3255 25 13 es
106 3248 119 20 tribunaux
235 3247 129 23 ordinaires,
373 3247 57 20 mais
438 3253 40 18 par
489 3253 46 14 une

72 3278 136 20 commission
217 3277 110 21 militaire.

90 3308 33 20 Ce
130 3314 141 18 gouverneur
278 3308 60 19 cruel
357 3313 52 14 sans
418 3307 116 23 nécessité,

72 3344 22 13 ie
102 3337 49 20 fit-il
157 3344 41 17 pas
206 3344 52 14 sous
267 3343 29 14 un
303 3337 118 20 fallacieux
429 3338 106 23 prétexte,

72 3367 100 20 conduire
189 3369 17 18 à'
220 3368 73 19 Bastia
310 3374 30 13 un
358 3366 71 26 grand
442 3367 94 20 nombre

72 3396 128 20 l’habitants
212 3398 30 18 du
251 3396 137 21 Fiumorbo?
401 3397 48 19 Aux
458 3403 52 16 uns,
519 3397 16 19 il

72 3426 19 19 It
98 3426 63 19 subir
169 3426 22 19 le
200 3427 87 19 dernier
294 3427 102 25 supplice
403 3433 7 17 ;
419 3426 33 19 les
461 3430 76 16 autres

72 3455 84 19 filaient
164 3462 82 18 purger
253 3456 55 20 dans
317 3457 33 20 les
359 3456 75 25 geôles
442 3456 29 19 de
478 3456 60 19 Tou-

74 3491 29 13 on
114 3491 29 13 un
152 3485 70 20 crime
232 3486 152 24 imaginaire...

92 3514 28 19 Et
128 3517 56 17 cette
202 3515 89 19 odieuse
307 3516 103 24 tyrannie
419 3516 56 19 dura
483 3515 57 20 neuf

72 3550 35 13 ms
117 3543 22 19 !..
151 3549 11 11 »

206 3578 145 22 Jean-Marc
366 3580 144 21 Salvador.!

88 3620 50 19 Petit
148 3621 110 18 Marseillais
274 3620 81 23 (Edition
370 3622 25 17 de
410 3622 20 16 la
445 3622 64 22 Corse)
525 3623 12 16 6

74 3654 12 12 n
88 3649 20 15 in
117 3647 59 21 1926.,

588 106 52 45 La
665 99 248 51 Commission
937 92 297 49 Parlementaire
1259 102 45 33 en
1329 84 116 46 Corse

566 226 33 21 La
619 223 154 23 Commission
798 218 175 31 parlementaire
993 223 14 14 a

540 259 40 20 fait
593 264 28 14 un
635 260 52 17 Lour
699 256 28 20 de
737 255 36 27 pi;s
775 257 28 18 le-
814 253 58 20 dans
884 251 54 24 l’île,
950 256 59 21 pour

539 290 139 27 enregistrer
691 288 32 21 les
733 287 123 20 doléances
865 284 40 21 des
914 281 94 30 popula-

540 322 59 21 tions
617 324 22 18 et
659 327 59 14 nous
735 324 85 16 savons
841 316 94 28 qu’elles
955 316 54 19 sont

540 353 150 22 nombreuses
702 355 23 17 et
733 351 123 27 justifiées.

568 386 63 21 Tous
643 385 35 20 les
687 384 84 21 Maires
783 384 40 18 ont
840 384 52 18 tenu
905 382 12 19 à
928 385 36 15 nie
967 381 42 18 tire

540 425 55 14 sous
604 418 34 21 les
649 423 61 22 yeux
728 416 28 21 de
775 415 21 21 la
809 414 117 21 Caravane
950 411 59 22 Gou-

540 449 170 23 vernementale
728 448 34 22 les
782 447 73 29 plaies
873 446 54 20 dont
946 444 63 21 souf-

543 483 58 22 frent
613 483 63 20 leurs
696 487 141 18 communes,
857 484 33 17 .en
903 478 51 21 leur
974 476 37 21 de-

543 515 109 22 mandant
676 515 46 21 fort
741 512 226 30 respectueusement
983 509 28 21 de

542 549 132 22 remédiera
686 550 36 19 cet
734 550 47 19 état
795 546 28 21 de
835 545 90 22 choses.

571 582 32 21 Le
615 581 106 21 discours
733 580 28 21 de
774 580 126 21 bienvenue
917 577 29 20 de
959 582 52 15 mon

543 614 112 21 excellent
666 613 54 25 ami,
734 612 22 21 le
765 612 102 21 Docteur
879 610 33 20 De
925 608 88 21 Rocca-

544 647 74 24 Serra,
632 645 73 21 Maire
727 647 23 18 et
768 643 127 22 Conseiller
914 640 98 22 Gérerai

544 680 29 20 de
585 677 165 23 Portovecchio
762 684 14 14 a
791 676 52 29 plus
855 673 157 31 particulière-

547 714 60 19 ment
618 714 80 18 retenu
713 716 52 15 mon
786 709 119 25 attention,
920 710 24 18 et
955 714 59 21 pour

546 751 76 20 cause,
635 751 41 14 car
685 744 15 20 il
709 743 117 28 s’agissait
837 742 29 21 de
878 748 26 15 ce
915 740 54 22 coin
986 740 28 21 de

547 780 58 19 terre
617 779 29 20 où
654 777 41 28 j’ai
706 778 67 26 passé
786 775 131 28 mesjeunes
929 775 86 20 années

547 814 23 18 et
581 811 46 28 qui,
637 810 53 21 bien
705 815 44 23 que
758 809 47 21 loin
818 808 41 21 des
870 814 68 22 yeux,
964 806 50 21 n’en

547 846 60 19 reste
615 849 42 23 pas
670 842 82 26 moins,
762 848 43 23 par
817 848 48 15 mes
885 839 129 26 souvenirs,

548 877 132 21 chèrement
688 875 112 22 accroché
807 877 13 19 à
833 880 53 15 mon
902 880 70 15 coeur.

576 909 112 29 L’exposé
696 908 28 22 de
735 909 22 21 la
764 907 110 22 situation
884 906 29 22 de
920 912 27 15 ce
956 906 59 21 beau

549 945 82 19 canton
642 942 21 22 si
676 942 52 21 bien
743 942 53 20 doté
807 947 43 22 par
860 940 22 21 la
894 942 82 19 nature
994 941 23 18 et

550 978 48 19 tant
606 975 78 22 oublié
693 981 42 22 par
746 974 34 21 les
792 973 112 22 Pouvoirs
913 971 102 26 Publics,

550 1015 11 15 a
571 1010 36 20 été
619 1010 67 26 étayé
694 1014 41 22 par
746 1007 41 26 lui,
794 1014 50 16 .sur
855 1006 41 22 des
915 1005 102 21 données

550 1041 100 29 précises
671 1043 24 19 et
714 1040 40 22 des
775 1040 64 22 élans
859 1039 29 21 de
902 1037 116 23 franchise

550 1081 88 15 comme
650 1080 59 15 ceux
715 1073 39 29 qui
761 1073 108 22 viennent
887 1078 45 15 aux
944 1071 74 21 lèvres

550 1107 53 22 d’un
615 1107 37 22 fils
661 1106 103 29 lorsqu’il
776 1106 63 28 parle
855 1106 29 21 de
903 1111 26 15 sa
947 1105 70 20 mère.

549 1141 77 25 Aussi,
645 1140 141 29 j’applaudis
797 1141 14 20 à
832 1141 50 19 tout
893 1144 26 16 ce
938 1136 55 30 qu’il
1005 1143 13 14 a

551 1174 34 22 dit
591 1176 23 20 et
622 1174 55 21 bien
689 1173 40 21 dit.

579 1207 57 21 Rien
651 1206 38 22 n’a
701 1208 36 20 été
748 1206 79 22 oublié
846 1211 43 23 par
911 1204 109 21 l’orateur

551 1243 30 23 et,
591 1246 56 16 avec
658 1246 29 15 un
701 1239 71 22 talent
783 1238 56 22 dont
847 1239 26 28 je
885 1244 37 15 me
934 1237 60 28 plais
1006 1237 13 20 à

552 1273 81 22 rendre
645 1271 161 30 hommage/il
819 1272 66 21 amis
897 1273 14 19 à
925 1277 31 15 nu
971 1271 49 20 tout

552 1313 26 15 ce
587 1306 55 29 qu’il
651 1306 77 22 aurait
736 1307 38 20 été
789 1303 191 30 impardonnable
991 1302 28 21 de

552 1346 25 15 sa
590 1342 51 26 part
654 1339 29 22 de
695 1339 83 22 laisser
789 1338 56 22 dans
858 1337 104 22 l’ombre.
975 1336 19 21 Il
1007 1342 12 14 a

552 1373 44 21 mis
605 1379 28 15 en
645 1372 69 22 relief
723 1374 66 19 notre
798 1370 139 29 magnifique
948 1369 71 29 golfe,

553 1407 38 27 qui
603 1410 35 18 est
653 1406 23 21 la
687 1405 66 29 copie
776 1405 29 21 de
817 1404 21 22 la
855 1403 52 22 baie
915 1403 30 22 de
965 1402 55 22 San-

555 1440 60 28 tiago
632 1440 30 21 de
674 1439 72 25 Cuba,
768 1438 84 28 lequel,
863 1443 28 16 en
907 1436 114 22 l’absence

553 1474 29 22 de
593 1474 21 21 la
632 1473 56 21 voie
705 1472 81 26 ferrée,
801 1470 95 23 aiderait
909 1470 112 29 puissam-

553 1510 61 19 ment
626 1509 14 20 à
649 1505 160 23 l’écoulement
816 1504 28 22 de
853 1510 43 15 nos
907 1502 113 30 produits,

553 1541 36 21 s’il
601 1540 56 22 était
677 1539 110 27 aménagé
803 1544 28 14 en
855 1538 165 26 conséquence.

581 1573 19 22 II
612 1580 14 14 a
636 1572 130 29 également
778 1570 95 22 effleuré
884 1569 22 22 la
914 1569 107 28 question

554 1606 29 22 de
593 1607 141 23 nos'routes,
751 1604 29 21 de
799 1610 43 14 nos
865 1602 73 22 belles
951 1602 70 21 forêts

553 1640 29 21 de
594 1638 162 28 chènes-Iit%e,
770 1636 40 22 des
815 1636 97 22 terrains
925 1635 95 24 fertiles,

553 1672 40 29 qui
603 1675 55 18 sont
668 1671 23 22 la
700 1670 157 22 continuation
865 1668 29 22 de
904 1675 39 15 ces
951 1671 71 19 terres

553 1705 138 22 d’alluvions
711 1702 100 23 d’Aléria
826 1705 24 18 et
869 1702 30 21 du
918 1700 104 30 Migliac-

553 1738 70 25 ciaro,
641 1737 59 22 mais
712 1736 39 28 qui
762 1737 88 20 restent
866 1734 98 22 incultes
982 1740 41 22 par

553 1771 59 22 suite
621 1771 29 21 de
658 1770 23 21 la
694 1769 102 26 malaria,
808 1767 111 22 véritable
929 1767 94 28 tunique

554 1804 29 22 de
597 1803 90 22 Nessüs
705 1802 28 22 de
748 1804 59 20 cette
827 1800 127 23 admirable
972 1802 51 19 côte

553 1837 119 23 orientale.
757 1847 11 12 ✓

581 1871 62 21 Avec
663 1876 30 14 un
712 1871 47 19 tact
783 1870 23 19 et
831 1873 45 15 une
899 1866 124 22 discrétion

554 1910 44 22 que
620 1903 48 22 l’on
688 1908 28 15 ne
740 1901 88 22 saurait
842 1903 50 25 trop
910 1900 73 25 louer,
1002 1899 22 21 le

553 1937 73 21 Maire
634 1936 30 21 de
670 1934 166 22 Portovecchio
845 1940 13 15 a
868 1933 64 28 parlé
939 1933 29 21 de
975 1932 49 22 l’ef-

555 1970 46 21 fort
611 1969 40 28 qui
663 1969 77 21 aurait
759 1974 31 21 pu
800 1970 26 18 et
845 1966 31 22 dû
895 1969 49 18 être
963 1967 61 20 tenté

554 2009 42 22 par
609 2002 23 21 la
653 2001 90 22 France
760 2006 29 15 en
802 2000 80 21 faveur*
905 1999 29 21 de
957 2001 66 19 notre

554 2035 170 29 Département,
744 2033 58 22 dans
824 2032 41 21 des
885 2034 74 26 temps
971 2031 52 29 plus

555 2069 109 24 heureux,
673 2073 40 16 car
721 2069 37 19 cet
770 2065 113 26 abandon,
904 2065 63 21 alors
979 2071 44 22 que

555 2102 100 21 d’autres
661 2099 80 22 efforts
751 2101 40 19 ont
799 2100 36 20 été
845 2098 55 22 faits
911 2098 59 21 dans
978 2103 42 16 nos

555 2134 110 22 Colonies
682 2132 130 25 lointaines,
825 2131 130 26 constitue,,
965 2137 59 22 pour

555 2174 65 19 nous,
634 2173 45 15 une
690 2165 113 23 véritable
812 2164 146 22 humiliation
970 2171 53 21 gra-

556 2202 55 21 tuite
623 2206 46 22 que
680 2205 58 15 nous
750 2205 30 15 11e
791 2198 122 28 pourrions
927 2203 94 23 suppor-

556 2237 35 19 ter
599 2233 52 29 plus
658 2233 143 28 longtemps.

584 2267 61 21 Pour
667 2266 90 28 ajouter
776 2271 44 15 une
835 2264 64 22 force
916 2263 107 22 nouvelle

555 2303 14 19 à
581 2306 41 16 son
639 2298 193 30 argumentation,
847 2297 16 21 il
875 2304 13 14 a
901 2298 48 27 pris
961 2303 63 15 com-

555 2340 37 15 me
612 2336 73 18 terme
705 2331 28 22 de
761 2330 167 29 comparaison,
958 2332 66 19 notre

555 2367 89 21 voisine
659 2365 23 22 la
702 2364 133 28 Sardaigne,
858 2370 57 22 pour
923 2362 101 29 laquelle

555 2399 82 22 l'Italie
658 2405 14 15 a
684 2400 50 19 tant
755 2397 50 27 fait,
818 2397 22 22 la
852 2396 126 22 sillonnanL
995 2395 29 22 de

554 2433 64 21 voies
631 2431 87 22 ferrées
730 2433 23 19 et
764 2430 23 22 la
796 2430 83 22 reliant
884 2431 14 20 à
909 2430 23 21 la
941 2429 83 22 Métro-

556 2465 51 29 pole
616 2471 43 22 par
679 2464 29 22 de
726 2463 129 22 nombreux
871 2462 127 29 paquebots
1010 2463 14 20 à

555 2498 87 29 grande
653 2498 94 25 vitesse,
760 2497 63 21 alors
831 2502 44 22 que
886 2502 60 15 nous
964 2502 60 15 som-

557 2538 48 15 mes
612 2537 85 16 encore
704 2532 13 20 à
729 2530 112 25 attendre,
854 2531 67 27 après
934 2529 53 28 plus
995 2528 29 22 de

555 2571 29 22 30
592 2571 48 19 ans,
655 2564 165 21 l’achèvement
831 2562 29 22 de
876 2569 42 14 110s
927 2564 98 20 réseaux

556 2598 29 21 de
593 2598 104 21 chemins
705 2596 29 22 de
745 2595 36 22 fer
792 2602 44 22 que
845 2595 46 22 l’on
905 2602 59 15 nous
977 2595 48 22 chi-

556 2638 56 15 cane
626 2637 42 15 sur
680 2630 23 21 la
711 2629 85 22 vitesse
802 2632 24 18 et
836 2629 23 21 le
879 2629 96 22 nombre
996 2628 29 21 de

556 2664 100 22 services
669 2664 29 20 de
716 2662 99 22 bâteaux
826 2668 59 15 nous
898 2662 85 21 réliant
995 2667 29 16 au

556 2697 131 22 Continent.

584 2730 96 22 Comme
692 2729 28 22 de
731 2729 87 26 raison,
826 2729 16 21 il
851 2735 13 15 a
879 2729 84 21 touché
971 2730 54 27 éga-

556 2764 86 21 lement
654 2769 46 16 aux
716 2762 84 22 choses
821 2762 163 21 ressortissant
994 2761 30 21 du

557 2797 106 21 domaine
678 2796 28 21 de
718 2801 26 16 sa
755 2795 139 29 profession.
917 2795 28 27 Je
967 2801 59 15 veux

557 2830 76 28 parler
644 2830 30 20 de
689 2828 151 22 l’insalubrité
852 2828 29 21 de
895 2831 66 19 notre
974 2834 51 16 can-

1046 221 39 18 on,,
1095 213 38 27 qui
1149 213 63 20 force
1224 212 34 21 les
1278 206 115 25 habitants
1405 204 12 19 à
1432 208 25 14 se
1470 201 33 20 ré-

1046 246 64 28 ugier
1133 245 58 21 dans
1215 244 22 21 la
1259 243 121 23 montagne
1405 233 100 30 pendant

1046 279 45 20 rois
1103 284 30 15 ou
1143 279 82 26 quatre
1238 282 58 15 mois
1304 273 28 21 de
1342 271 5 20 1
1357 270 80 22 année,
1447 272 54 22 pom

1048 311 102 27 chapper
1170 316 47 14 aux
1237 309 81 21 fièvres
1338 300 165 31 paludéennes.

1046 344 23 21 Cn
1082 343 63 24 effet,
1161 342 20 20 si
1195 336 166 27 Portovecchio
1373 336 24 19 et
1416 332 35 21 les
1466 336 40 15 un-

1051 376 62 20 irons
1122 381 29 14 ne
1159 374 141 21 subissaient
1311 376 50 22 pas,
1370 365 101 30 pendant
1484 362 21 21 la

1049 408 63 21 aison
1123 406 105 26 estivale,
1237 401 146 27 l’incubation
1393 397 111 30 palustre,

1046 448 17 14 :e
1072 440 72 22 serait
1156 439 23 22 le
1191 435 110 26 véritable
1313 434 63 22 Eden
1400 432 29 19 où
1444 429 14 21 il
1472 434 34 15 se-

1049 474 32 21 ait
1090 472 110 29 agréable
1212 472 29 21 de
1253 472 70 21 vivre.

1057 506 33 22 La
1099 505 150 27 Quinine,qui
1255 506 70 19 estant
1329 496 113 33 préventif
1453 500 55 16 eon-

1048 547 24 14 re
1081 540 34 21 les
1123 538 91 25 fièvres,
1231 537 59 21 n’est
1296 537 13 19 à
1321 532 49 23 vrai
1380 531 49 21 dire
1438 536 30 21 qu
1478 533 29 15 un

1046 572 100 23 mlliatif.
1180 570 32 22 Ce
1241 568 54 30 qu’il
1318 564 106 25 faudrait,
1453 561 55 22 c’est

1046 606 80 21 irriver
1137 606 13 19 à
1161 603 101 22 détruire
1274 607 25 15 ce
1309 600 65 28 foyer
1385 595 124 23 infectieux

1046 638 108 22 ionstitué
1166 643 43 22 par
1228 635 34 21 les
1274 632 83 22 marais
1379 629 38 30 qui
1430 633 79 16 encor-

1046 671 55 22 dent
1117 671 22 21 le
1154 676 70 23 pays;
1247 673 28 15 en
1291 665 100 22 d’autres
1416 664 91 21 termes,

1050 704 48 21 aire
1110 710 26 15 ce
1149 709 45 22 que
1218 699 81 23 l’Italie
1311 704 14 15 a
1337 697 41 21 tait
1399 695 57 21 dans
1476 692 33 21 les

1046 737 79 21 narais
1143 735 106 22 Pontins.

1068 770 27 21 Je
1104 776 29 15 ne
1142 769 48 21 sais
1198 774 28 15 au
1232 767 64 28 juste
1305 771 26 15 ce
1337 769 45 23 que
1394 762 34 21 les
1440 759 69 23 Mem-

1046 803 48 22 bres
1105 804 30 20 de
1150 804 60 20 cette
1219 797 152 24 Commission
1384 796 128 28 parlemen-

1046 837 53 21 taire
1106 838 41 19 ont
1155 828 262 35 promis,mais,moi,qui
1426 827 23 21 ai
1456 825 56 22 lais-

1046 871 22 20 sé
1079 869 41 22 dès
1133 868 78 22 bribes
1226 864 128 22 d’illusions
1373 859 139 24 accrochées

1046 910 41 14 aux
1110 905 130 25 promesses
1271 896 131 30 politiques,
1421 892 42 29 j’ai
1484 898 27 14 eu

1046 935 121 23 l’occasion
1180 934 29 21 de
1219 931 52 22 voir
1290 929 99 22 d’autres
1399 925 114 23 Commis-

1046 970 61 22 sions
1124 975 28 15 en
1181 964 99 25 ballade,
1297 965 64 19 entre
1381 962 77 20 autres
1490 957 23 22 la

1046 1001 154 24 Commission
1223 996 106 28 Lockroy
1339 1007 30 4 —
1381 993 39 30 qui
1452 992 60 21 avait

1046 1036 85 29 promis
1143 1034 30 22 de
1188 1032 58 22 faire
1258 1030 29 21 de
1297 1025 166 26 Portovecchio
1483 1029 30 17 un

1046 1072 51 26 port
1113 1069 30 21 de
1163 1071 91 24 guerre.
1277 1062 59 22 Mais
1350 1061 125 29 promettre
1491 1059 24 19 et

1046 1103 58 21 tenir
1115 1103 55 20 sont
1191 1099 60 21 deux
1271 1095 82 26 clioges
1373 1090 143 25 essentielle-

1046 1138 62 20 ment
1136 1133 135 22 distinctes;
1300 1131 24 19 et
1343 1126 117 23 d’ailleurs
1481 1123 34 21 les

1046 1168 108 23 résultats
1167 1168 54 20 sont
1231 1164 23 22 là
1274 1168 59 23 pour
1352 1159 110 23 rallumer
1482 1156 34 21 les

1047 1202 115 22 tristesses
1181 1199 30 22 de
1233 1197 23 22 la
1273 1195 89 23 réalité.
1385 1192 91 23 Devant
1494 1189 23 22 le

1046 1228 294 29 désintéressemeriûdpnf
1344 1231 61 17 nous
1415 1229 102 17 sommes

1047 1268 79 29 l’objet
1138 1266 30 22 de
1188 1265 23 21 la
1232 1265 52 27 part
1298 1261 29 23 de
1346 1260 24 21 la
1382 1259 96 24 France,
1499 1255 18 22 il

1047 1302 50 22 faut
1107 1300 77 23 croire
1196 1304 45 23 que
1249 1297 22 21 la
1283 1292 71 25 Corsé
1366 1295 36 20 est
1410 1292 43 21 née
1461 1295 56 17 sous

1047 1342 30 15 un
1089 1334 67 29 signe
1169 1328 129 31 maléfique.

1075 1368 34 21 En
1119 1364 158 26 terminant,le
1285 1360 128 25 Conseiller
1419 1356 98 24 Général

1047 1402 29 22 de
1085 1398 169 24 Portoveechto
1262 1404 14 15 a
1284 1394 92 30 rappelé
1383 1393 34 22 les
1425 1390 93 31 paroles

1048 1436 28 21 de
1085 1437 66 19 notre
1163 1431 84 31 grand'
1259 1428 80 24 Pascal
1348 1426 74 26 Paoîi,
1438 1425 39 28 qui
1488 1430 30 16 ne

1048 1469 50 22 font
1105 1467 54 30 plus
1171 1465 76 30 partie
1255 1464 29 21 de
1293 1463 22 21 la
1324 1459 104 31 légende,
1442 1465 40 15 car
1496 1457 22 21 le

1048 1505 73 25 temps
1136 1502 25 19 et
1172 1499 35 22 les
1216 1497 148 23 événements
1373 1496 41 19 ont
1431 1491 87 30 permis

1048 1535 29 22 de
1100 1534 34 22 les
1153 1531 109 31 justifier.
1287 1528 76 26 Aussi,
1394 1526 79 29 puisse
1495 1524 24 21 le

1048 1568 192 22 Gouvernement,
1254 1570 42 22 par
1302 1569 32 15 un
1347 1563 66 27 geste
1424 1566 36 15 -un
1473 1564 44 23 peu

1050 1600 76 27 tardif,
1165 1598 87 23 effacer
1281 1597 21 21 la
1329 1591 121 32 prophétie
1487 1591 30 21 du

1048 1634 85 22 Babbo
1151 1635 25 19 et
1193 1631 59 22 faire
1269 1629 58 22 ainsi
1352 1627 92 22 oublier
1473 1631 46 15 aux

1048 1667 92 25 Corses,
1159 1665 69 29 qu’ils
1248 1663 63 22 n’ont
1330 1663 75 20 même
1425 1665 41 23 pas
1482 1659 37 21 été

1049 1701 79 22 traités
1132 1705 95 16 .comme
1244 1697 35 21 leë
1292 1695 119 28 indigènes
1431 1693 29 21 de
1475 1698 44 15 nos

1049 1733 117 22 Colonies.
1187 1731 61 22 Mais
1263 1728 135 30 cependant,
1417 1726 41 29 j’ai
1477 1725 42 22 des

1049 1768 99 21 lunettes
1154 1765 29 21 de
1195 1762 136 24 mélancolie
1344 1768 41 14 sur
1404 1760 34 21 les
1449 1765 69 22 yeux.

1265 1825 4 4 .
1276 1808 62 21 Jean
1345 1806 33 21 de
1385 1806 106 23 Quenza.

1183 1902 107 19 L’affaire
1296 1900 49 19 d’Al
1348 1900 39 18 ata

1182 1965 87 29 Une
1286 1963 109 29 lettre

1187 2039 126 26 Ajaccio,le
1322 2039 13 20 6
1342 2038 81 21 Juillet
1433 2037 60 25 1926.

1111 2088 116 21 Monsieur
1235 2088 21 19 le
1266 2087 122 23 Directeur,

1074 2125 67 20 Votre
1150 2125 96 19 numéro
1262 2124 30 20 du
1300 2129 14 19 4
1319 2124 74 24 juillet
1410 2123 62 21 vient
1489 2129 33 14 re-

1049 2156 80 17 mettre
1137 2159 40 14 sur
1185 2152 22 20 le
1215 2152 58 24 tapis
1281 2152 20 20 la
1309 2152 65 20 triste
1387 2151 77 21 affaire
1472 2152 50 19 d’A-

1049 2181 52 20 lata.
1118 2180 60 20 Sous
1192 2180 21 20 la
1222 2180 112 24 signature
1348 2180 29 20 de
1384 2180 64 25 Kyrn
1465 2186 57 15 vous

1049 2208 81 20 rendez
1147 2208 119 24 hommage
1283 2214 28 14 au
1326 2208 48 20 seul
1383 2208 91 20 homme
1482 2209 39 24 qui

1049 2236 31 20 ait
1089 2237 39 19 osé
1136 2238 82 18 mettre
1225 2236 34 20 les
1263 2236 69 25 pieds
1339 2236 61 20 dans
1408 2236 21 20 le
1434 2236 60 25 plat.

1075 2264 150 22 Vous-même,
1233 2264 120 23 monsieur-,
1361 2270 56 14 vous
1422 2270 55 14 avez
1485 2264 38 21 dé-

1047 2292 22 24 jà
1088 2291 97 21 emboîté
1203 2292 21 19 le
1236 2298 40 18 pas
1292 2292 79 24 depuis
1388 2292 86 21 bientôt
1491 2299 31 14 un

1050 2320 64 23 mois,
1133 2323 22 16 et
1163 2320 14 18 à
1185 2325 28 14 ce
1224 2320 51 19 titre
1281 2320 23 25 je
1313 2320 118 20 reconnais
1441 2325 82 15 encore

1049 2353 56 14 ceux
1113 2347 31 20 du
1154 2346 61 21 front
1223 2347 28 20 de
1259 2353 56 14 ceux
1324 2347 28 20 de
1361 2348 123 20 l’arrière...

1075 2375 31 20 La
1114 2375 109 24 consigne
1231 2375 40 20 des
1284 2376 80 19 braves
1380 2376 29 19 de
1425 2376 98 20 l’arrière

1050 2406 34 17 est
1099 2403 21 20 la
1130 2403 153 24 conspiration
1291 2403 30 20 du
1330 2403 91 24 silence,
1436 2407 22 17 et
1475 2410 48 14 sur-

1049 2434 49 17 tout
1105 2431 22 20 la
1132 2430 62 21 force
1202 2431 102 20 d’inertie
1309 2431 56 20 dont
1369 2431 24 25 je
1399 2432 124 21 m’entrete-

1051 2459 48 19 nais
1107 2459 16 19 il
1132 2465 15 18 y
1164 2464 13 14 a
1195 2459 112 25 quelques
1310 2459 65 24 jours
1392 2465 55 15 avec
1463 2460 59 20 l’ami

1050 2485 103 21 Omessa.
1163 2486 57 20 Mais
1228 2486 184 25 ne'désespérons
1426 2494 40 18 pas
1475 2491 48 17 tant

1050 2519 45 19 que
1110 2514 22 19 la
1140 2514 91 20 victime
1245 2515 56 19 n’est
1313 2520 41 19 pas
1363 2521 82 14 encore
1452 2515 72 21 incar-

1050 2542 217 24 cérée...cependant
1272 2542 94 24 qu’avec
1374 2548 55 15 vous
1436 2543 24 25 je
1464 2543 46 21 crie
1516 2551 6 13 :

1050 2575 82 19 prenez
1139 2570 77 24 garde,
1226 2570 102 20 hommes
1336 2570 29 20 de
1373 2570 21 21 la
1403 2571 78 24 toge,il
1489 2575 35 17 est

1050 2604 45 13 une
1100 2597 83 25 justice
1191 2597 137 21 immanente
1333 2598 39 25 qùi
1381 2602 53 21 peut
1440 2599 83 24 parfois

1050 2631 25 14 se
1080 2629 100 21 tromper
1185 2625 58 20 mais
1247 2626 40 24 qui
1291 2625 111 26 triomphe
1408 2627 101 25 toujours
1516 2634 6 13 :

1050 2653 53 20 c’est
1110 2653 23 20 la
1139 2653 83 24 justice
1231 2653 30 19 du
1270 2654 87 24 peuple.

1076 2680 52 23 Moi,
1146 2680 25 25 je
1180 2687 29 13 ne
1222 2680 82 21 félicite
1312 2687 39 19 pas
1361 2682 75 24 quand
1445 2689 30 14 on
1483 2682 41 21 fait

1051 2714 40 14 son
1101 2708 86 23 devoir,
1205 2708 46 20 lors
1267 2709 72 19 même
1350 2715 46 19 que
1411 2717 26 13 ce
1446 2710 78 21 devoir

1051 2740 53 20 peut
1112 2739 128 21 comporter
1245 2736 40 20 des
1292 2736 133 26 dangers.Je
1431 2738 35 20 dis
1472 2739 52 20 sim-

1051 2764 99 24 plement
1158 2770 46 18 que
1212 2770 57 14 vous
1277 2764 91 21 méritez
1375 2765 96 21 l’estime
1480 2773 44 19 que

1049 2792 38 24 j’ai
1102 2792 103 24 toujours
1214 2798 42 14 eue
1264 2798 56 18 pour
1328 2796 63 17 votre
1404 2796 119 19 caractère.

1465 2831 29 21 B.

916 2935 43 29 In
977 2934 192 30 Padûlella

964 3648 32 19 -A
1012 3648 112 24 Lapide

1196 3632 28 15 •fut.
1233 3634 59 14 Tomasi

1614 67 23 36 A
1656 64 115 37 l’amicu
1791 57 124 38 Franchi

1554 147 79 25 Aghiu
1640 145 57 20 lettu
1705 148 43 15 cuti
1761 140 105 25 primura

1554 175 35 20 La
1598 175 77 19 vostra
1687 170 61 21 bella
1761 168 109 23 risposta:

1557 203 34 20 Un
1599 201 43 20 site
1650 198 75 21 corciu
1734 196 26 20 di
1767 195 59 20 rima

1555 230 23 20 E
1583 236 15 13 a
1608 231 72 22 prosa
1686 229 63 21 pogu
1757 223 25 20 vi
1789 224 73 17 cosia:

1556 257 33 19 Di
1602 256 102 20 Marana
1716 258 16 13 a
1744 249 82 26 puesia

1557 282 117 22 Scaturita
1682 281 13 19 è
1703 280 24 19 in
1740 276 101 26 Algeria.
1906 287 6 8 ,

1559 331 34 19 Un
1603 329 87 25 pudete
1698 326 50 21 mai
1754 327 86 21 sapene

1560 358 67 25 Quan
1628 359 25 17 tu
1662 361 28 14 eu
1697 355 26 19 sò
1736 353 107 19 contentu

1560 385 43 21 Chi
1609 384 41 20 boi
1657 382 95 21 abbiate
1763 378 102 26 pigliatu

1558 413 42 20 D’A
1606 412 78 20 Muvra
1693 406 197 23 l’abbunamentu,

1558 441 27 20 lu
1594 440 32 20 du
1640 439 94 20 l’armai
1733 443 16 13 a
1763 435 97 21 cursista

1560 468 103 24 Segnatu
1679 463 213 26 l’ingaggiamentu.

1558 516 53 20 Avà
1622 516 25 20 in
1656 514 32 20 du
1696 513 25 20 lu
1729 513 80 20 nostru
1817 509 67 21 esiliu

1562 543 101 22 Ouandu
1672 542 24 21 lu
1704 542 51 19 côre
1763 539 22 21 ci
1790 541 81 23 prerne

1560 572 87 20 Echia
1661 569 117 24 nostalgia
1783 570 80 21 pugne

1563 600 27 20 Ci
1593 598 155 21 consuleremu
1760 595 85 20 inseme

1563 626 120 21 Cantendu
1688 628 43 21 per
1741 619 146 24 Cursichella,

1560 654 83 21 Patria
1652 655 68 18 tantu
1727 651 81 20 amata
1817 654 13 14 e
1838 646 70 21 bella.

1563 703 17 19 A
1591 707 53 15 sera
1652 700 33 20 da
1694 706 15 14 u
1718 699 45 20 miò
1771 696 94 22 scalone

1564 728 132 25 Contempiu
1707 727 26 21 lu
1739 726 156 25 firmamentu,

1564 756 94 22 Guardu
1666 756 24 20 lu
1690 762 26 13 ce
1723 761 16 14 a
1746 754 76 25 prima
1828 752 68 21 Stella

1563 786 22 20 E
1590 785 33 20 mi
1630 784 100 25 rallegru
1739 789 31 14 un
1776 783 114 19 momentu

1562 813 122 20 Pensendu
1692 819 8 13 :
1710 816 12 11 «
1730 811 45 20 For
1774 816 25 14 se
1806 814 61 15 séria

1565 841 83 26 Quella
1656 840 28 20 di
1689 837 150 23 Vautonomia
1848 845 12 10 »
1871 836 11 20 ?

1565 889 97 23 Circate,
1669 894 55 14 caru
1738 888 137 22 cumpagnu,

1566 917 32 20 Fr
1597 923 15 14 a
1622 916 19 20 li
1650 915 72 21 vosfri
1732 913 131 26 confratelli

1565 945 71 21 S’ellu
1645 944 23 20 ci
1672 943 40 26 fus
1711 943 22 20 si
1736 943 44 24 più
1788 948 40 13 cor
1826 941 23 19 si

1564 972 77 22 Fateli
1647 972 97 20 abbunà
1752 967 141 24 anc’ad'elli;

1565 1000 92 25 Figliòli
1663 999 27 21 di
1698 997 118 23 Cirneella,

1563 1029 47 20 Aid
1615 1028 36 20 !...
1661 1027 56 20 ariti
1721 1030 44 21 per
1772 1025 46 21 ella
1825 1024 11 21 !

1566 1076 44 21 Aiò
1620 1077 74 18 stemu
1702 1072 139 26 tuttiprouti

1568 1103 44 21 Chi
1618 1103 59 20 Vòra
1682 1108 55 15 nun
1743 1102 32 24 pô
1788 1100 77 21 tarda,

1566 1131 119 21 Mumentu
1690 1132 67 18 tantu
1766 1124 117 30 aspeftatu

1567 1159 33 21 Di
1606 1159 25 20 la
1639 1161 79 18 nostra
1727 1157 90 23 liberté,

1569 1187 32 21 Or
1609 1186 74 21 tandu
1691 1186 23 20 si
1720 1185 25 21 lu
1755 1184 110 21 colombu,

1570 1215 20 20 O
1597 1217 91 23 quantu
1696 1212 128 22 ribomberà
1833 1212 11 20 !

1568 1265 13 20 1
1588 1265 69 20 morti
1663 1264 27 20 di
1695 1263 134 22 Pontenôvu

1571 1293 80 20 Tandu
1668 1292 173 21 resusciteranu.

1568 1320 119 25 L’antighi
1696 1326 28 14 cu
1729 1318 130 22 limiiderni

1571 1349 27 19 Ci
1602 1348 161 25 purghieremu
1775 1348 25 19 la
1808 1352 78 16 manu,

1568 1376 64 21 Fieri
1638 1376 27 20 di
1672 1383 15 13 a
1696 1378 78 18 nostra
1783 1374 93 21 vittôria

1571 1405 27 20 Ci
1602 1405 138 24 riposeremu
1746 1404 23 20 in
1777 1403 83 25 glôria.

1845 1437 137 23 Ghilormu.

1566 1471 11 18 3
1585 1471 61 23 lugliu
1652 1471 51 18 1926.

1654 1552 70 36 L’Ile
1742 1552 48 44 qui
1810 1550 94 36 Meurt

1569 1634 8 11 «
1585 1629 18 18 Il
1610 1629 44 23 faut
1661 1629 93 22 s'occuper
1762 1627 22 18 de
1790 1627 18 18 la
1817 1626 53 19 Corse
1876 1633 10 12 »
1900 1627 28 18 dit
1936 1626 17 18 le
1958 1624 58 25 prési-

1544 1656 42 18 dent
1600 1657 22 18 de
1638 1656 18 18 la
1667 1655 111 20 commission
1789 1655 97 24 d’enquête,
1896 1654 32 24 qui
1937 1654 48 18 vient
1994 1653 22 24 de

1741 1684 76 19 revenir.

2026 41 121 24 Staffillati

1570 1745 67 21 Sott’a
1651 1749 80 22 questu
1751 1745 72 22 titulu,
1838 1752 15 13 u
1867 1744 101 26 giurnale
1985 1743 32 21 Le

1545 1773 75 21 Matin
1629 1773 29 20 ha
1668 1773 126 26 pubblicatu
1803 1779 13 14 e
1825 1776 106 22 seguente
1940 1772 75 24 righe:

1571 1810 11 11 «
1590 1802 29 19 La
1629 1801 149 21 Commission
1785 1800 170 26 parlementaire
1963 1800 53 21 delà

1546 1829 69 21 Corse
1624 1830 62 19 vient
1690 1830 28 19 de
1726 1833 87 16 rentrer
1819 1835 29 14 en
1855 1829 91 20 France,
1951 1829 65 25 après

1546 1857 63 20 avoir
1617 1857 75 22 étudié
1700 1863 40 14 sur
1748 1857 62 25 place
1817 1857 34 20 les
1859 1862 100 15 mesures
1967 1863 50 18 pro-

1547 1891 52 19 pres
1607 1885 14 20 à
1630 1885 109 20 rémédier
1747 1886 13 19 à
1768 1885 21 20 la
1804 1885 58 20 crise
1871 1884 145 26 économique

1547 1917 22 16 et
1577 1913 120 20 financière
1705 1913 56 20 dont
1771 1913 21 20 le
1800 1920 55 18 pays
1863 1913 122 20 lentement
1992 1919 25 14 se

1547 1945 96 16 meurt...

1572 1969 63 20 Nous
1642 1975 71 14 avons
1727 1975 30 19 pu
1770 1975 58 14 nous
1836 1969 121 21 entretenir
1970 1969 53 21 Ion-,

1547 2001 105 21 guement
1660 1998 28 19 de
1695 1997 22 20 la
1730 1997 103 25 question
1848 2003 55 14 avec
1916 1997 21 20 le
1950 1997 68 25 prési-

1547 2024 53 21 dent
1610 2025 29 20 de
1647 2025 21 20 la
1682 2025 143 20 commission
1836 2025 39 25 qui
1884 2031 58 14 nous
1956 2031 13 14 a
1977 2025 41 20 fait

1547 2053 32 20 les
1585 2053 145 25 importantes
1738 2053 147 21 déclarations
1888 2053 115 21 suivantes
2009 2060 7 14 :

1572 2085 11 11 «
1591 2081 42 20 Les
1641 2081 145 25 impressions
1794 2087 45 19 que
1844 2082 25 24 je
1878 2085 103 22 rapporte
1989 2082 29 21 de

1548 2115 52 14 mon
1609 2108 103 26 voyage?
1724 2108 59 21 Tout
1796 2109 91 21 d’abord
1901 2116 45 18 que
1954 2110 21 20 le
1987 2114 31 16 ta-

1548 2137 63 20 bleau
1639 2137 69 25 qu’on
1729 2143 58 15 nous
1800 2144 13 14 a
1829 2139 60 19 tracé
1911 2138 28 20 de
1959 2138 59 20 l’état

1547 2165 134 20 lamentable
1691 2166 56 19 dans
1758 2166 74 24 lequel
1841 2172 25 14 se
1874 2169 79 17 trouve
1960 2170 57 17 cette

1547 2193 85 24 grande
1636 2196 21 17 et
1666 2193 57 20 belle
1728 2193 30 20 île
1763 2197 34 17 est
1802 2194 216 21 malheureusement

1548 2224 69 17 exact.
1628 2221 18 20 Il
1654 2224 35 17 est
1696 2225 80 21 urgent
1785 2228 44 18 que
1833 2222 66 20 l’Etat
1904 2226 21 17 et
1930 2226 89 17 surtout

1548 2249 21 19 le
1578 2248 126 21 Parlement
1711 2249 166 21 interviennent
1884 2256 57 18 pour
1949 2251 69 20 modi-

1548 2276 40 20 fier
1597 2283 45 14 une
1650 2277 60 20 aussi
1719 2278 63 19 triste
1790 2278 113 21 situation.

1580 2304 41 21 Les
1640 2304 81 21 Corses
1735 2312 29 14 ne
1779 2307 124 24 répugnent
1911 2313 40 18 pas
1959 2307 13 20 à
1981 2307 38 20 l’a-

1548 2333 128 24 griculture,
1693 2334 56 19 mais
1763 2333 28 21 ils
1804 2334 103 25 ignorent
1918 2339 50 16 tout
1979 2336 39 19 des

1548 2361 134 25 principales
1690 2362 115 20 méthodes
1813 2363 115 24 agricoles.

1572 2388 29 20 Je
1620 2389 44 20 n’ai
1685 2390 64 24 point
1764 2390 78 20 besoin
1855 2391 29 20 de
1896 2397 57 14 vous
1969 2392 49 21 dire

1548 2417 102 20 combien
1660 2417 21 20 le
1688 2424 55 18 pays
1752 2422 33 16 est
1794 2418 84 25 fertile;
1887 2419 16 20 il
1915 2419 61 21 suffit
1990 2420 28 20 dë

1549 2451 56 14 vous
1610 2446 102 24 rappeler
1716 2446 68 24 qu’on
1793 2446 111 26 l’appelait
1912 2447 105 22 autrefois

1549 2472 21 20 le
1582 2473 106 25 «grenier
1702 2474 27 19 de
1747 2474 94 21 Rome.»
1860 2474 19 21 Il
1891 2474 47 21 faut
1951 2480 67 17 avant

1548 2503 49 18 tout
1618 2507 109 19 propager
1746 2501 20 20 la
1788 2502 93 23 culture,
1900 2504 62 20 créer
1979 2504 39 20 des

1549 2528 92 24 champs
1648 2528 153 26 d’expérience
1809 2533 23 17 et
1839 2531 40 20 des
1893 2537 66 15 cours
1970 2533 48 25 spé-

1549 2556 63 20 ciaux
1621 2557 162 25 d’agriculture,
1795 2559 94 20 assainir
1902 2559 22 21 le
1936 2560 82 22 littoral

1549 2587 22 17 et
1579 2584 32 20 les
1620 2585 86 25 plaines
1715 2586 175 25 marécageuses,
1899 2588 91 21 suivant
1996 2589 21 20 la

1549 2612 104 21 méthode
1668 2613 114 26 employée
1796 2621 28 13 en
1839 2615 63 21 Italie
1915 2622 57 19 pour
1986 2617 32 20 les

1550 2640 80 20 marais
1638 2641 116 24 pontins...

1574 2668 18 20 Il
1606 2669 93 20 n'existe
1714 2676 39 18 pas
1763 2671 13 19 à
1785 2676 142 20 proprement
1937 2673 80 24 parler,

1550 2696 27 20 de
1586 2697 78 20 réseau
1678 2697 88 23 vicinal,
1775 2701 23 17 et
1811 2700 145 21 nombreuses
1968 2705 51 16 sont

1549 2724 33 20 les
1596 2730 130 15 communes
1734 2725 87 25 privées
1834 2727 29 20 de
1874 2731 72 17 toutes
1958 2729 62 20 voies

1550 2752 32 22 de.
1586 2753 195 20 communication.

1574 2780 29 20 Je
1611 2787 29 13 ne
1649 2787 56 14 vous
1713 2781 93 25 parlerai
1813 2789 40 18 pas
1862 2783 27 20 de
1895 2783 125 23 l’industrie

1550 2808 38 25 qui
1598 2809 91 20 n’existe
1702 2815 48 19 pas,
1767 2813 23 16 et
1805 2810 30 20 du
1844 2817 124 16 commerce
1981 2814 38 24 qui

1550 2840 34 16 est
1592 2836 165 21 rudimentaire.
1765 2837 118 27 Beaucoup
1892 2841 67 19 serait
1962 2842 13 18 à
1982 2841 39 21 fai-

1551 2870 49 14 re...
1609 2868 12 11 »

1575 2891 54 21 Cusì
1643 2893 80 20 scrisse
1735 2900 15 13 u
1761 2894 102 25 giurnale
1877 2895 101 22 francese
1989 2898 32 20 Le

1550 2920 76 20 Matin
1636 2926 28 14 ne
1678 2927 14 14 u
1702 2927 25 14 so
1743 2928 94 15 numeru
1851 2923 36 20 d’u
1896 2928 25 16 20
1930 2931 91 15 novem-

1551 2948 39 19 bre
1599 2948 75 24 1908...
1684 2949 69 20 Avete
1762 2949 42 20 ben
1813 2950 67 23 lettu;
1895 2956 26 16 20
1929 2959 92 15 novem-

1551 2976 40 20 bre
1601 2974 64 26 1908!
1675 2976 141 21 Dicioti'anni
1825 2978 49 21 fà...

1577 3003 34 20 Un
1629 3003 19 20 si
1665 3007 65 17 tratta
1748 3005 38 24 qui
1806 3006 35 20 d’a
1863 3008 158 22 cummissione

1551 3031 196 21 Monzie-Roustan
1753 3033 93 25 ghjunta
1855 3035 23 20 in
1884 3033 89 24 Corsica
1982 3037 38 20 n’u

1552 3065 59 14 mese
1620 3059 23 19 di
1652 3059 91 26 maghiu
1751 3070 25 4 —
1783 3068 14 13 u
1804 3064 62 19 riiese
1873 3063 30 20 d’i
1909 3065 113 20 sumeri—

1552 3093 35 13 ma
1605 3087 21 19 di
1641 3087 72 24 quella
1730 3089 159 22 cummissione
1903 3093 119 23 preseduta

1552 3114 27 20 da
1588 3121 14 13 u
1615 3114 48 21 sciô
1672 3111 139 30 Deîanneÿ...

1576 3141 59 20 Cosa
1644 3143 32 19 c’è
1684 3143 22 19 di
1720 3144 110 21 cambiatu
1836 3145 12 21 ?
1862 3145 41 22 Nul
1905 3147 20 20 la
1933 3148 7 19 !
1958 3148 63 21 Simu

1552 3175 95 19 sempre,
1661 3170 38 20 n’u
1709 3171 57 24 1926,
1772 3173 76 24 carghi
1857 3174 22 20 di
1888 3175 97 23 miseria,
1995 3177 28 20 si-

1553 3202 38 14 mu
1601 3198 77 22 povari
1687 3204 13 13 e
1708 3198 139 26 disprezzati,
1863 3208 29 13 un
1904 3208 81 16 avemu
1995 3205 28 19 nè

1553 3224 73 19 strade
1635 3225 29 19 nè
1672 3225 66 24 porti,
1748 3226 57 21 simu
1815 3235 15 13 u
1840 3235 68 18 paese
1915 3237 14 13 u
1938 3231 39 25 più
1987 3233 37 19 ab-

1553 3251 129 21 bandunatu
1690 3253 118 26 d’Europa,
1817 3262 14 13 e
1839 3256 37 21 bel
1892 3258 68 20 môdu
1971 3266 52 14 ave-

1553 3285 37 14 mu
1600 3279 22 19 di
1632 3280 85 21 credeci
1733 3282 159 23 «doublement
1904 3285 119 26 français»,

1554 3313 13 13 u
1576 3307 50 19 solu
1635 3308 78 21 dirittu
1722 3309 36 20 chi
1771 3310 21 20 ci
1801 3312 99 20 cuncede
1908 3313 116 23 Marianna

1553 3334 13 19 è
1574 3334 76 24 quellu
1659 3336 23 19 di
1691 3343 62 14 more
1763 3338 22 19 di
1797 3338 59 22 famé
1866 3341 32 20 !...

1916 3377 30 22 P.
1960 3379 36 21 M.

1555 3426 30 25 A
1604 3427 110 27 Palma
1731 3431 33 24 di
1784 3439 22 17 u
1825 3433 198 30 Centenariu

1582 3490 25 21 A
1628 3491 149 24 l’occasione
1801 3496 28 21 di
1846 3503 17 15 a
1884 3498 65 23 festa
1965 3501 28 21 di
2011 3508 15 15 e

1555 3528 71 16 muse
1638 3530 78 21 corse,
1736 3526 24 21 A
1775 3528 88 24 Palma
1880 3531 28 22 di
1915 3539 17 15 u
1941 3536 86 20 centu-

1556 3555 74 22 nariu
1639 3557 27 21 di
1679 3564 16 16 a
1705 3560 97 22 uascita
1813 3562 28 22 di
1854 3570 19 15 u
1884 3571 63 19 grau
1961 3567 65 22 Pas—

1558 3588 71 25 quale
1637 3590 58 22 sarà
1702 3595 87 22 sposta
1796 3595 28 21 in
1838 3602 58 17 casa
1912 3598 114 30 Paolina,

1557 3621 87 22 vicinu
1654 3624 108 23 a’tomba
1780 3627 27 21 di
1825 3636 18 14 u
1862 3631 89 24 Babbu
1971 3633 28 22 di
2011 3641 16 15 a

1558 3654 95 22 Patria.

2061 122 32 30 O
2116 120 81 31 CHI
2221 119 209 39 CASTICU
2446 133 9 30 Î

2161 223 23 21 A
2196 223 96 22 cumari
2304 223 97 27 Masina

2053 280 59 25 Oghi
2121 280 7 19 i
2137 278 68 21 nostri
2215 278 119 25 damicelli,

2053 311 30 20 Sô
2092 310 49 20 tutti
2150 310 47 24 capi
2207 309 89 24 scimiti,

2056 342 32 20 Un
2100 341 46 20 sani
2156 340 36 25 più
2202 339 36 20 chi
2246 340 61 19 lussu
2318 340 28 24 fà,

2056 373 29 19 Pa
2095 379 13 12 u
2117 370 85 26 capellu
2213 370 25 20 sô
2248 370 112 25 invachili,

2056 401 133 22 Ricamendu
2199 400 55 20 notti
2264 407 12 13 e
2285 401 87 25 giornu,

2055 432 76 21 T’hani
2141 432 5 20 l
2154 431 63 20 occhi
2228 431 157 24 inciumachiti.

2057 482 84 20 Vuol’ni
2151 485 67 16 metta
2228 480 73 25 ped’in
2314 481 72 27 barça,

2058 514 42 19 Par
2112 512 78 25 scappà
2200 518 12 13 a
2227 511 22 20 lu
2262 511 131 27 cuntinenti,

2059 544 16 21 U
2085 544 94 25 giovanu
2190 543 12 19 è
2211 541 140 25 disprizzatu,

2057 575 81 20 S’id’un
2146 574 12 19 è
2167 573 102 19 almancu
2279 575 95 22 sergenti
2380 582 6 16 ;

2058 604 83 21 Mettini
2150 611 12 12 a
2175 603 140 24 l’addisperu,

2059 636 29 20 Pa
2099 642 13 13 u
2122 634 87 23 maritu,
2220 634 14 19 li
2244 634 94 24 parenti.

2060 684 101 22 Pusendu
2173 683 103 21 annant’a
2287 684 21 19 lu
2317 685 71 21 zuddu

2059 717 38 20 Zia
2107 716 55 20 Rosa
2173 715 72 24 lampa
2258 714 41 20 che
2309 715 75 24 pienti,

2060 749 17 18 A
2087 753 24 14 so
2120 746 63 20 fidôla
2193 745 77 21 Maria,

2061 778 32 21 Un
2104 777 57 20 vuòli
2172 776 36 24 più
2220 775 20 20 fà
2251 775 77 24 nienti,

2061 809 94 25 Apronta
2166 808 21 19 lu
2197 813 26 13 so
2232 807 75 20 trussà

2062 840 63 19 Porta
2135 837 70 25 scarpi
2216 837 130 21 luccichenti
2354 838 6 20 !

2063 889 25 21 Di
2098 889 54 20 andà
2161 895 13 13 a
2184 888 19 20 la
2218 888 99 23 fuutana,

2062 920 69 21 Salv’a
2142 920 48 20 tutti
2205 926 29 13 un
2245 919 22 19 ni
2278 919 98 25 parlemu
2386 922 5 19 !

2064 952 41 19 Par
2114 950 86 26 purtani
2210 950 20 20 la
2240 955 26 14 so
2274 955 72 19 gerra,

2064 982 39 20 Più
2113 982 49 20 n’un
2173 981 27 20 ha
2210 981 22 19 lu
2242 987 57 18 capu
2309 980 78 26 fermu,

2064 1013 46 20 Dici
2121 1020 12 12 u
2145 1012 72 20 babbu
2227 1011 136 26 addispiratu
2374 1020 5 13 :

2064 1053 10 9 «
2081 1044 80 20 Ohimé
2168 1043 5 20 !
2184 1049 65 14 comu
2259 1042 85 21 faremu
2354 1044 5 19 !
2369 1053 10 10 »

2065 1095 33 20 Un
2108 1095 25 20 và
2143 1094 36 25 più
2188 1100 12 14 a
2217 1093 30 21 lin
2250 1097 20 16 ta
2284 1093 96 25 sgiucca,

2065 1125 31 21 Nè
2102 1132 11 14 a
2123 1125 51 20 fassi
2184 1132 30 13 un
2221 1131 65 14 carcu
2293 1124 21 20 di
2322 1124 66 25 legni,

2064 1157 33 20 Nè
2105 1157 17 19 si
2132 1156 52 25 poni
2193 1160 67 16 cantu
2270 1155 80 23 d'ortu,

2066 1188 41 20 Par
2116 1187 48 20 idda
2174 1188 25 19 sò
2208 1186 131 25 art’indegni
2349 1186 5 20 !

2064 1218 135 21 C’iacciunca
2209 1223 27 15 eu
2244 1218 21 19 lu
2275 1223 26 14 so
2307 1222 74 18 cantu,

2066 1249 15 20 E
2091 1249 130 20 intranchita
2228 1255 12 13 a
2250 1248 163 26 pighior’segni.

2065 1297 25 20 Ni
2101 1298 55 20 litica
2166 1297 82 25 sempri
2260 1303 13 13 u
2283 1296 80 22 babbu.

2066 1329 41 20 Par
2115 1328 109 21 ch'idd’un
2231 1327 206 27 marchi’asticcatu,

2065 1359 63 21 Vuoli
2137 1359 86 21 ch’iddu
2237 1359 37 20 stii
2284 1359 22 20 in
2314 1359 84 25 focollu

2065 1391 17 20 E
2091 1392 28 24 pô
2128 1390 81 26 sempri
2218 1390 156 25 incruvattatu,

2066 1422 128 20 Parch’iddu
2213 1421 28 21 ha
2250 1421 28 20 dà
2287 1427 49 15 essa
2344 1422 93 25 sociaru,

2066 1452 77 21 Prestu
2156 1453 53 20 d’un
2217 1458 80 19 grossu
2312 1453 125 25 impiegatu.

2066 1501 49 21 Faci
2124 1502 20 19 la
2151 1501 142 23 scrivaniera,

2066 1533 19 20 A
2093 1532 50 21 tutti
2150 1532 15 20 li
2176 1532 123 24 magazeni,

2067 1564 80 20 Lettari
2156 1563 165 24 d’innamurati,

2067 1595 26 20 Ni
2102 1595 65 20 ricevi
2177 1600 40 18 par
2229 1594 80 20 duzeni
2319 1594 6 20 !

2067 1626 50 20 Faci
2125 1625 75 25 longhi
2210 1625 16 20 li
2235 1625 98 25 risposti,

2067 1657 85 25 Sempri
2160 1660 91 22 quattru
2260 1656 53 25 fogli
2323 1656 59 25 pieni
2391 1657 6 21 !

2068 1705 94 21 Ouandu
2171 1705 53 25 vigu
2233 1705 20 20 la
2263 1711 25 14 so
2296 1704 78 25 faccia,

2067 1736 72 21 Tutt'a
2147 1743 62 19 paru,
2220 1736 126 23 infarinata,

2068 1767 18 21 U
2097 1774 62 14 russu
2168 1767 106 21 annant'a
2282 1767 89 24 li'labri,

2067 1798 98 21 Culurita
2174 1805 13 13 e
2198 1797 153 22 amaschittata

2069 1830 77 20 Tandu
2154 1829 54 26 s’eju
2215 1836 30 14 un
2252 1829 139 25 vumitighiu,

2068 1860 29 21 Mi
2106 1861 22 19 ni
2137 1860 70 21 fermu
2216 1864 143 17 astumacata.

2069 1908 80 21 L’altru
2156 1909 68 25 jornu
2229 1915 14 14 a
2251 1908 22 21 la
2281 1908 82 24 chiesa,

2068 1940 73 25 Sapeti
2150 1940 35 20 chi
2193 1940 34 20 s’è
2234 1940 89 20 svinuta

2069 1971 42 20 Par
2118 1972 41 19 avè
2168 1971 87 20 strint’u
2263 1971 65 20 cursè

2068 2002 81 26 Tropu,
2159 2002 46 21 ch’è
2214 2001 155 26 pupulacciuta
2379 2002 6 20 !

2069 2032 79 21 Grassa
2156 2039 14 15 e
2179 2033 68 21 tonda
2256 2033 28 20 da
2293 2033 23 20 lu
2325 2039 63 19 posu,

2069 2064 17 20 E
2095 2064 18 21 si
2121 2064 59 21 vulia
2189 2064 22 20 ta
2225 2064 85 21 minuta
2317 2065 6 20 !

2069 2112 17 21 E
2095 2119 23 14 sa
2126 2112 72 21 brutta
2207 2113 22 20 di
2238 2112 108 21 Paulette

2069 2143 42 21 Chi
2124 2144 28 20 da
2160 2143 117 25 Marseglia
2285 2144 91 23 scalata,

2068 2175 34 19 An
2104 2181 29 14 nu
2141 2181 27 14 eu
2177 2175 20 20 la
2203 2180 40 15 "me
2251 2174 74 24 fidôla,

2069 2205 58 21 Nasu
2135 2212 13 14 a
2157 2204 77 22 nasu’e
2242 2206 82 25 sempri
2331 2209 62 20 stata,

2071 2236 31 21 Bè
2110 2237 41 20 l’ha
2158 2236 57 21 fattu
2224 2243 12 14 a
2245 2237 73 24 tiuria,

2070 2268 18 20 A
2098 2268 55 20 ni’ha
2162 2274 40 19 par
2210 2268 82 25 sempri
2304 2268 75 25 jucata
2388 2267 6 20 !

2070 2315 19 21 O
2100 2322 34 14 ma
2143 2317 30 19 s’è
2185 2316 31 20 mi
2227 2316 66 21 n’er’a
2297 2316 69 21 vvista
2376 2314 5 20 !

2068 2347 19 20 A
2096 2347 93 20 vuli’avè
2200 2347 144 25 strangulata,

2070 2377 69 21 Corne
2144 2378 54 24 sôla,
2208 2378 58 25 pista
2274 2385 13 13 e
2296 2378 65 25 pista,

2070 2408 47 21 Che
2125 2409 18 20 si
2151 2408 56 21 fussi
2216 2409 136 21 arricurdata

2071 2439 16 20 E
2094 2440 33 20 chi
2137 2440 43 20 mai
2191 2447 13 13 a
2214 2447 51 14 casa
2274 2447 56 17 mea,

2070 2471 40 20 Più
2119 2471 19 20 ci
2147 2471 55 20 fussi
2211 2471 111 21 rivultata.

2070 2518 26 21 Vi
2109 2518 108 25 cunsigliu
2225 2525 13 14 a
2248 2519 58 24 tutti,
2319 2520 15 19 ô
2346 2518 97 23 màmmi,

2068 2559 25 4 —
2100 2549 74 25 Ch’eju
2185 2556 30 13 un
2225 2550 19 19 ci
2251 2556 66 18 possu
2324 2550 38 25 più
2368 2549 68 21 nienti

2069 2581 19 19 A
2094 2580 71 21 caccià
2173 2580 22 20 di
2205 2587 57 18 capu
2271 2587 13 14 a
2293 2581 69 20 Maria

2069 2611 19 20 A
2096 2611 73 25 pazzia
2179 2611 21 20 di
2210 2618 15 13 u
2234 2611 130 22 Cuntinenti
2371 2621 25 4 —

2071 2641 87 22 Vardeti
2167 2643 7 19 i
2183 2643 70 20 vostri
2262 2642 69 23 fidôli,

2071 2672 33 21 Da
2111 2677 35 16 stu
2155 2673 53 20 mali
2214 2685 26 4 —
2248 2674 52 20 steti
2309 2674 79 20 attenti
2393 2674 6 20 !

2071 2720 20 20 O
2100 2720 66 26 fetijà,
2174 2722 14 19 ô
2199 2721 85 25 signori
2294 2721 7 21 !

2072 2750 89 22 Ch’idda
2171 2753 87 19 trôvilu
2267 2753 80 20 maritu
2356 2752 6 21 !

2073 2782 42 21 Par
2123 2783 94 20 calmalli
2226 2783 23 20 lu
2258 2784 77 23 caiori,

2071 2812 92 22 Ch’iddu
2175 2814 27 20 sii
2212 2814 28 20 bè
2248 2815 73 20 arditu
2332 2815 6 20 !

2071 2844 20 20 O
2102 2844 73 25 Fetija,
2183 2845 13 20 ò
2205 2845 84 25 signori
2297 2846 6 20 !

2071 2897 78 26 Pregu,
2153 2899 14 19 Ò
2174 2898 91 25 vergina
2270 2899 77 23 Maria,

2072 2928 40 20 Chi
2121 2933 74 21 prestu
2204 2929 33 20 sia
2246 2930 70 20 varita

2073 2959 28 20 Di
2107 2963 33 16 sta
2148 2960 74 20 brutta
2230 2960 96 24 malatia,

2072 2989 41 20 Chi
2119 2996 13 14 a
2141 2990 56 20 m’ha
2204 2990 151 23 iinbacaccita,

2073 3020 78 25 Pregu,
2160 3022 14 19 ô
2184 3021 92 25 vergine
2286 3022 68 21 Maria
2364 3022 6 20 !

2227 3069 103 22 Simonu
2339 3068 104 23 d’Aulle-

2069 3114 75 19 Parlaia
2150 3115 71 18 d’Aullê

2154 3661 126 21 Simonu
2298 3655 118 26 d’A-iillè
