2590 3899
173 124 30 4 —
210 113 142 23 S'avviciua
361 114 98 25 Natali,
474 120 13 15 o
498 114 116 25 cumpari

144 145 102 25 Marcù,
256 154 12 13 e
279 154 34 15 un
321 148 34 21 s’è
367 154 66 15 ancu
440 148 69 20 tastu
520 150 35 15 un
562 148 52 16 cus-

145 179 83 19 ciottu
238 179 27 20 di
278 179 104 22 bevaru.
396 180 63 20 Incu
472 183 13 15 s
486 179 28 19 tu
530 177 84 24 tempu

138 209 93 27 frescu
240 212 137 21 nisàriain
386 212 106 21 brama..
497 224 5 4 ■
513 207 39 21 Oh
557 207 9 19 !
572 212 42 15 cu-

143 241 23 21 si
185 242 122 26 bonu,,un
323 241 180 28 çusciutieddu
518 239 96 21 benar-

143 276 99 19 rustitu
252 282 12 13 e
276 276 44 21 ben
339 276 59 21 Lard
400 277 43 18 alu
450 274 9 19 !

171 306 84 21 —Imb
257 308 27 19 eh
287 308 8 19 !
301 314 14 15 o
324 308 36 22 Fr
361 314 31 15 an
395 307 33 24 de,
432 312 13 14 a
458 306 54 19 vita
523 309 13 13 e
543 307 69 18 cara,

145 345 12 14 e
165 341 34 18 si>
211 336 101 29 pasiori
324 347 33 14 un
367 339 95 27 siponi
468 335 48 29 prit
530 339 83 16 accus-

144 370 34 21 tà.
190 371 115 22 S'edd'ini
318 375 25 18 si
352 372 86 21 caccHd
444 367 107 30 qualrhi
560 367 54 19 stu-

143 405 41 25 fia
195 405 33 19 da
237 411 15 14 u
264 412 12 13 s
278 411 70 18 accu,
362 404 122 21 Varrostu
501 406 27 16 si.
531 398 32 21 ni
580 397 32 21 và

144 437 29 19 in
180 432 100 31 fumïTÏ

171 480 30 4 —
206 469 44 21 Ma
263 470 80 21 lasda
359 468 118 22 corral...
495 464 19 21 P
515 465 42 19 art
558 469 56 14 are-

143 507 44 15 mu
196 504 37 25 pa
241 503 34 20 sti
280 501 129 28 pacciala,
418 507 12 13 e
438 500 26 20 si
468 496 101 23 vidarà.

171 545 30 4 —
205 534 45 21 Ma
262 540 66 21 quan
331 534 54 21 du?

171 564 147 21 —Dumani
332 566 80 19 matin
416 568 23 19 a,
455 560 97 22 subitu.
567 557 45 22 Ma

144 597 44 28 qui
193 603 68 16 semu
267 599 94 25 troppn
367 593 157 26 cunusciuti;
530 592 24 20 si
555 593 57 25 pas-

143 635 54 16 sait
204 630 116 27 fiumu^e
329 630 26 20 d
366 627 133 22 n'andemu
516 625 28 20 in
564 623 48 20 Or-

143 662 80 21 nanü.

174 692 24 21 U
208 692 153 24 Lindûnvani,
367 691 23 21 .-i
397 690 47 21 dut
455 687 122 27 cumpari
588 691 24 15 si

144 725 132 21 trnvedin-i
287 725 43 20 ’nu
344 723 45 22 Sol
398 723 28 21 di
435 721 83 21 Gratta-
526 726 13 14 e
550 721 63 25 par-

143 759 59 20 tinu
209 759 68 20 versi
284 758 10 20 i
302 756 131 21 carabona
439 754 26 21 di
474 759 17 15 u
502 752 109 22 Taravu.

171 790 36 21 Zi-
213 790 157 23 Maïeucciu,
384 788 40 21 chi
441 793 34 15 un
486 784 92 30 pird'io.
595 790 17 15 u

138 822 52 28 filu
193 822 89 25 ,slavïa.
286 822 40 24 fat
328 824 28 19 tu
362 822 71 26 prist
434 820 23 25 à,
460 826 12 14 s
473 825 30 15 eu
505 824 13 16 s
519 825 15 14 a
545 817 68 22 d’an-

143 856 32 21 dà
188 862 20 17 ci.
216 862 34 15 un
259 855 144 27 b.qptefiûvu,
415 860 13 14 a
441 858 28 16 so
476 851 137 28 flacchina

142 895 13 14 e
164 895 20 17 u.
192 894 29 15 so
234 887 123 24 diçalitru
369 893 16 14 a
396 893 18 14 u
425 885 53 28 sgi'o
491 885 122 22 Lavativu

142 928 18 15 u
174 918 139 30 spifiqlife
325 921 22 20 ti
358 926 25 14 m
402 918 148 22 marchiava
564 916 49 29 pià

140 953 36 23 sti
177 960 13 15 c
191 953 43 22 chi
234 955 27 20 tu
273 953 43 21 che
328 959 17 14 IL
357 952 54 27 sgi'o
426 950 121 23 Ghierra...

170 997 30 3 —
206 984 44 22 Ma
268 984 41 21 chi
323 983 12 20 è
348 984 40 19 sla
404 981 126 23 carnaval
530 983 51 20 ata,
598 987 13 15 o

142 1018 94 27 cumpà
244 1017 11 21 ?

163 1047 109 23 :—E-.un
285 1047 58 21 vedi
354 1047 80 20 micca
446 1045 43 21 chi
500 1045 114 21 stamani

142 1082 34 21 sô.
183 1088 17 15 ii
210 1081 99 23 duttori
318 1080 104 22 Globisi
427 1079 11 21 ?

170 1124 30 4 —
206 1111 55 22 Ah!
267 1110 37 22 Br
304 1117 59 18 avu,
374 1110 81 21 bravu
459 1111 11 19 !
473 1109 139 22 Cuminciu

142 1152 15 15 a
169 1152 13 15 s
183 1152 29 14 en
216 1147 25 19 ta
250 1144 16 21 V
268 1143 77 22 cidori
354 1144 29 21 di
394 1143 133 21 Varrostu.

170 1176 38 21 Zï
225 1175 32 21 Fr
257 1181 31 15 an
291 1180 40 16 ces
332 1180 32 15 eu
386 1180 12 15 e
417 1173 30 29 fi'
461 1173 151 22 Màrcucciu

139 1212 18 25 p
160 1215 28 16 as
189 1216 13 14 s
203 1209 41 21 edi
245 1210 28 20 ni
305 1214 28 15 u.
358 1207 50 22 Tar
409 1213 49 16 avu
490 1207 122 28 pa'verga

142 1243 28 21 di
184 1243 97 26 Ganipu
292 1241 69 22 Lavu
381 1247 12 14 e
405 1242 24 20 si
441 1240 133 23 truv.edini
584 1241 26 20 in

141 1277 139 22 tctrritoriu
295 1275 145 28 fiddaresu.
459 1273 67 22 Culà
539 1274 74 20 erani

141 1309 174 20 incunusciuti
328 1314 13 14 e
354 1307 114 27 pudïani
478 1306 112 22 esarcità
602 1307 11 20 i

140 1348 28 15 so
181 1341 103 28 mahfii.
293 1341 3 3 ’

173 1372 40 21 Un
227 1368 133 25 beàdùsoli
369 1370 174 25 dinuvembri,
555 1376 56 15 sur-

141 1406 52 21 titu
204 1405 33 20 cia
245 1405 106 20 darretn
361 1405 11 19 i
378 1404 79 27 p'unti
470 1404 28 21 di
509 1404 22 21 A
549 1402 63 22 Vac-

140 1439 49 24 cia,
204 1438 148 21 innuhdava
362 1437 124 21 dichiaru
493 1443 15 14 a
517 1442 95 22 vangu-

142 1471 134 29 nqtq-di.u
295 1470 111 26 Ta.ra.vu,
420 1477 16 14 e:
447 1471 11 20 i
469 1471 86 21 nostri
566 1470 46 21 dui

142 1505 120 28 cumpari.
277 1505 171 22 ammiravant
462 1505 11 19 i
484 1503 128 22 diamanti

138 1532 177 33 splindurenîi
323 1537 106 21 ch'eddu
435 1538 48 20 mit
483 1537 38 21 fia
527 1538 29 20 in
561 1538 49 20 tut-

140 1572 23 20 ti
171 1570 23 22 li
207 1572 71 20 veira
290 1570 151 22 d’ibalconi
450 1569 28 22 di
493 1569 117 22 Ziddara

140 1603 234 29 appreaiüa'më^ga
386 1606 78 19 Costa.

168 1635 13 20 1
183 1635 213 26 iïtantu;junsini
404 1640 15 15 a.
432 1640 16 15 u
457 1637 86 26 staqgu
550 1634 60 22 d'un

140 1670 87 24 certu:-
235 1668 79 22 San.tu
326 1667 165 28 Marangonu
502 1667 51 26 chi,
574 1674 36 15 un

138 1704 67 24 pocu
214 1701 152 22 intimidatu
382 1701 34 21 do
417 1701 5 8 1
421 1700 135 30 flacchina
567 1708 13 14 e
592 1708 19 15 u

140 1734 176 28 cappedd'altu
322 1733 61 29 difii
385 1734 160 26 Màrcucciu,
552 1735 11 20 i
569 1740 41 16 sa-

140 1768 38 21 lut
181 1768 23 25 à,
215 1774 21 19 e,
245 1769 113 23 curiosu,
369 1767 22 22 li
399 1768 39 20 dis
438 1769 33 20 si:

205 1799 177 27 Bonghiorhu,
391 1797 110 29 signofi.
508 1798 23 22 E
543 1799 67 21 du'si

138 1838 59 15 mur
198 1832 41 21 chi
239 1837 16 16 a
260 1831 11 22 ?
376 1844 3 3 •

168 1875 27 8 —r
198 1863 40 23 -So
247 1869 17 17 u,
273 1863 101 21 duttori
382 1862 101 22 Globisi
492 1863 115 22 diPetre-

137 1896 94 25 tu.ge.v0
241 1897 84 25 q-veda.
334 1902 35 15 un
378 1895 99 22 malatu
486 1903 17 14 a
512 1896 96 22 Zidda-

136 1936 54 20 ra...
220 1946 21 9 ...
316 1951 14 4 ..
552 1948 3 3 .

167 1972 29 3 —
205 1960 70 21 Gh!e
282 1960 55 23 D.iü
344 1960 71 21 chivi
423 1960 184 22 manda!Sem-

137 1994 46 27 pri
188 1998 41 16 sta
233 1992 107 22 ïaüdaïu
347 1999 17 15 u
370 1998 29 16 so
405 1993 78 22 nomù
488 1994 12 19 !
506 1993 42 21 Me
551 1991 30 28 ff
581 1997 15 17 d

137 2026 86 21 tedâii
228 2026 103 21 Andfià
339 2026 33 21 lia
381 2032 19 15 u
411 2031 30 16 -so
449 2025 49 28 più
510 2027 97 21 minori

136 2059 161 26 malmalatu;
304 2060 78 21 viniti
391 2065 16 14 a
415 2058 105 27 roedalu,
529 2065 13 15 o
551 2060 54 27 sgi'o

137 2092 120 27 Duttô....
264 2096 10 19 7.
290 2107 3 3 -
317 2106 4 12 ;

163 2135 28 4 —
199 2123 99 22 Ma...s'o
307 2125 130 26 prissaiu!
447 2123 92 22 E...stà
546 2123 60 28 for-

134 2163 29 15 sa
173 2157 110 22 luntanu
294 2163 18 15 u
324 2158 90 20 vostru
418 2156 147 29 frateddu?

163 2199 30 4 —
202 2189 26 20 A'
235 2188 65 21 vihti
306 2188 97 21 rninuti
412 2188 32 20 da
458 2187 52 28 qui.
522 2187 81 28 Epp'o,

135 2221 49 22 l'or
185 2227 16 15 a
212 2221 114 27 s’avança
346 2227 12 14 e
375 2220 182 28 vipiddaristi
570 2227 35 15 un

135 2253 123 23 bucconu.
268 2265 4 8 :
277 2259 5 14 ;
287 2260 26 17 -v
389 2270 4 4 .
411 2259 4 15 :

164 2285 185 21 ZïBacineddu
362 2286 149 21 cumincieti
520 2291 14 15 a
544 2285 60 21 veda

134 2319 26 20 in
170 2319 93 22 sonn.iu
274 2324 33 15 nu
326 2320 128 20 cuscioitu
471 2319 26 20 di
511 2318 92 22 bevaru

133 2353 58 20 inen
194 2351 106 22 ustulitu
308 2352 119 21 davanïa
435 2358 34 15 un
477 2351 82 22 beddu
561 2352 42 27 fo-

134 2391 31 16 cu
174 2385 28 22 di
213 2385 71 21 leona
294 2384 97 22 liccini.

161 2427 27 4 —
204 2416 47 21 Aid
271 2415 108 22 andemu
386 2419 11 20 !
418 2416 63 20 dissi
507 2422 16 15 u
535 2415 38 28 fin
576 2418 26 19 tu

134 2449 110 22 Globisi.

161 2479 21 22 E
193 2481 141 27 dopuvinti
344 2481 94 20 miuuti
450 2483 25 18 di
487 2479 116 22 marckia

134 2515 27 20 in
164 2513 66 24 d’uni
231 2516 79 26 pr.atu
316 2515 81 26 pienu
405 2513 90 22 d'arba
501 2513 43 22 chi
550 2515 54 20 cin-

133 2550 97 25 quanta,
239 2548 91 27 pecuri
337 2547 98 27 Jlddati
444 2548 26 20 si
481 2547 123 21 tundiani

133 2587 16 14 a
161 2582 70 26 capü
237 2580 82 25 bassu,
330 2587 17 15 u
366 2588 13 13 «
387 2581 102 20 duttori
498 2588 12 13 »
520 2587 13 14 £
546 2587 15 14 u
574 2586 27 15 so
611 2579 3 4 '

132 2616 144 26 cunïpaghu
283 2615 110 26 junsini
402 2620 15 15 a
429 2614 137 21 ucaseddü
576 2614 27 21 di
612 2622 2 16 \

130 2647 30 28 fiï
163 2646 110 24 Aïnclria.

160 2677 77 24 Natif
240 2684 14 15 a
274 2684 34 15 un
321 2684 112 15 sacconu
451 2678 27 21 di
490 2679 70 24 ca.scj
575 2678 27 21 di

130 2717 128 21 granonu,
268 2711 97 21 accanf
367 2717 39 15 au
412 2711 70 27 focu,
492 2711 65 21 c'era
565 2717 34 15 un

130 2745 154 28 fitiddacciu
292 2744 76 21 d'una
373 2744 87 21 dicina
465 2744 88 21 d’anni
559 2743 42 22 chi

130 2779 133 26 inciapatu
277 2778 32 21 da
319 2777 26 21 la
354 2777 96 25 frebba,
468 2778 133 27 rispirav.a

130 2811 179 29 difficilmènti.

158 2845 78 28 Dopu
247 2845 70 21 d'ave
333 2844 102 22 vuliatu
444 2850 13 14 e
465 2844 109 27 ghjratu
582 2850 17 15 u

130 2878 108 26 malatu,
251 2884 16 15 u
280 2880 91 19 nostru
387 2877 101 22 duttori
500 2878 73 21 dissi:

156 2923 30 4 —
193 2912 22 21 E
221 2918 33 15 un
259 2911 114 28 fr.ed.du;
382 2917 42 14 ma
431 2910 62 22 sarà
505 2911 95 21 nienti!

132 2944 113 23 Tumheti
250 2950 16 16 u
275 2947 89 19 vostru
370 2943 48 28 più
423 2949 95 22 grassu
528 2944 70 21 beva-

128 2985 41 19 ru,
190 2977 175 23 scuriiclietilu
378 2980 12 19 é
399 2978 92 21 mittiii
499 2983 15 15 a
519 2977 81 27 peddi

129 3011 76 22 calda
212 3011 113 22 innanfa.
333 3010 129 29 upettudi
467 3017 17 14 u
491 3010 106 21 malatu.

128 3044 91 29 Evò\o
236 3044 130 25 Madama,
377 3044 168 27 prip.areiimi
562 3049 36 15 un

130 3078 78 21 brevü
213 3077 48 22 :-chr
269 3077 79 28 aglïiu
361 3077 36 21 da,
404 3078 78 19 metta
495 3076 103 21 un’ora-

127 3112 72 26 fioni
206 3117 16 15 a
230 3117 16 15 u
252 3110 81 21 coddu
341 3110 138 21 d'uvostru
484 3109 112 28 fiteddu.

155 3144 189 26 Ipriserifioni
348 3143 61 24 funi
416 3143 77 20 intesi
499 3142 99 26 subitu;

128 3182 12 14 e
153 3181 70 18 corne
237 3175 45 27 jrà
293 3177 87 25 tempu
397 3181 44 14 era,
453 3176 91 20 vinuta
555 3174 43 22 fo-

128 3214 31 15 ra
172 3209 30 20 di
212 3215 16 14 a
243 3208 159 28 cuddafioni,
417 3208 97 26 quidda
526 3209 72 20 carri

127 3241 54 21 cusì
195 3243 106 20 tennar.a
314 3241 28 21 à,i
350 3247 17 15 u
377 3240 94 22 beva.ru
479 3241 30 23 fù
519 3242 77 20 missa

127 3273 148 23 o,d'arrusta
281 3280 17 16 a.
304 3273 175 29 crusgiulera,
489 3276 107 27 epresiu

127 3313 14 14 a
149 3310 116 25 capanna
275 3306 32 28 fù
319 3308 30 27 pi
349 3314 29 15 en
381 3313 15 15 a
408 3306 59 23 drun
477 3308 78 21 adori
563 3308 33 21 da

127 3340 31 19 do
174 3339 142 29 Vappiiittu
328 3348 17 13 a
352 3347 36 15 un
396 3342 115 19 mortu...

154 3372 39 23 Zï
203 3373 155 24 Màrcucciu.
376 3381 12 14 e
408 3373 120 28 fi'Franc
529 3379 26 16 es
555 3379 40 20 eu,

127 3405 78 21 beddi.
214 3406 183 26 awia.schitt.ati,
412 3407 24 21 si
446 3406 151 22 n'andedini

126 3438 118 22 biniditti
251 3439 33 21 da
295 3440 11 20 i
315 3440 106 27 parenti
429 3437 27 23 di
463 3446 17 15 u
487 3439 107 22 malatu.

160 3471 92 22 Ouisiu
258 3471 35 28 fù
301 3475 91 23 prestu
398 3474 118 26 gua,ritu.
527 3472 45 22 Ma
582 3478 14 15 a

124 3504 98 29 moglia
232 3504 175 28 difiiA.ndria,
418 3507 112 24 curiosa,
543 3505 54 22 vol-

126 3539 25 21 si
159 3539 58 21 vedi
223 3538 138 27 Torafioni
369 3540 29 20 di
408 3545 18 15 u
438 3539 87 22 brevu.

151 3572 25 21 L
178 3571 59 29 aprï
243 3577 12 15 e
263 3572 96 20 iruveti
365 3573 92 22 scritt.a
463 3574 41 20 sta
507 3573 28 27 fi
541 3577 29 16 as
571 3578 25 15 a:

154 3608 95 21 Sï-i'un
258 3606 141 29 pò'campà,
414 3609 81 20 mori'

300 3640 106 22 Siniomi
417 3640 27 21 di
454 3641 21 21 li
483 3641 84 22 Lecci.

154 3676 8 27 (
168 3674 95 23 Parlala
272 3673 22 21 di
307 3673 68 22 Sarlè
383 3674 9 28 )

866 113 52 45 La
936 109 235 58 République
1195 105 202 54 Française

812 185 130 42 contre
958 181 38 44 ta
1014 177 149 46 Liberté
1186 175 48 45 de
1251 175 37 45 la
1311 174 136 45 Presse

668 306 20 19 U
699 307 79 17 nostru
793 304 76 19 amicu
883 304 98 19 Morvan
995 299 115 21 Marchai,

642 332 156 20 Co-Direttore
807 331 26 19 di
840 336 15 13 u
872 328 110 21 Giurnale
991 336 11 10 «
1011 326 100 20 Breiz-A-

640 363 38 15 tao
686 365 9 10 »
705 365 13 13 e
730 357 193 21 Vice-Presidente
931 355 26 19 di
971 361 15 12 u
1001 361 8 9 «
1018 353 93 20 Partitn

639 386 163 20 Autonomista
816 384 133 20 Brettone»,
963 380 147 25 staffilleghia

639 420 30 12 ne
683 419 16 13 u
711 419 27 13 so
751 417 96 14 numeru
860 410 27 19 di
894 417 16 12 u
923 414 29 15 20
963 408 124 20 nuvembre
1095 413 15 12 u

637 446 106 18 guvernu
751 444 72 15 senza
837 437 104 24 scrupuli
947 436 36 20 chi
997 435 31 20 ha
1042 434 68 20 scati-

639 470 60 18 natu
707 469 80 17 contru
796 464 167 21 Vaulonomisti
969 463 27 20 di
1003 469 13 13 e
1031 468 8 10 «
1053 462 58 19 Care

639 494 123 21 Pruvincie
769 500 9 10 »
795 492 123 21 d’Alsazia
933 498 13 12 e
954 491 27 19 di
992 490 90 20 Lorenà
1095 495 15 13 a

637 522 43 24 più
684 523 158 22 svergugnata
848 519 146 25 oppressione
1003 517 34 20 d’i
1041 516 71 24 tempi

639 549 112 20 muderni.

663 575 204 26 Riproducenduli,
875 575 63 24 femu
947 576 78 17 nostru
1034 579 16 13 u
1062 578 49 13 cur-

639 605 109 23 raggiosu
754 603 100 20 articulu
859 603 27 19 di
890 602 98 20 Morvan
993 599 116 21 Marchai.

947 637 24 20 A
983 636 99 21 Muvra.

928 675 23 21 U
966 675 30 20 P.
1010 674 27 21 C.
1049 673 32 21 A.

639 722 42 20 Un
689 722 52 20 mot
753 720 130 21 d’histoire

665 760 64 20 Voilà
739 765 97 19 presque
845 763 52 16 cent
906 764 49 16 ans,
965 756 21 19 le
999 755 32 20 roi
1042 754 69 20 Char-

639 789 34 19 les
681 787 20 21 X
711 787 85 23 voulut,
806 787 54 19 d’un
867 785 54 21 trait
929 785 28 19 de
967 783 83 24 plume,
1059 788 52 18 sup-

640 816 93 24 primer,
742 815 68 20 sinon
819 815 22 19 la
854 814 82 20 liberté
945 812 29 19 de
986 811 91 25 pensée,
1091 809 18 20 si

640 843 118 20 rudement
766 843 93 24 acquise
867 848 41 17 par
917 841 64 23 vingt
988 844 87 14 années
1082 837 28 20 de

639 871 137 22 révolution,
785 876 28 14 au
824 870 73 20 moins
905 869 88 20 abattre
1001 870 63 16 toute
1072 871 39 18 op-

639 899 100 24 position
754 905 44 13 aux
812 897 146 25 conceptions
967 895 27 20 de
1008 900 41 14 son
1057 899 54 19 gou-

641 930 140 16 vernement.
797 926 17 19 Il
823 925 124 25 supprima,
958 929 40 19 par
1012 921 99 20 «ordon-

639 960 85 14 nances
731 962 17 14 »,
758 954 57 19 trois
821 954 124 24 journaux,
954 955 23 16 et
985 949 85 21 soumit
1078 949 32 19 les

639 984 76 18 autres
723 983 13 18 à
745 988 45 13 une
800 981 55 20 rude
864 985 104 16 censure.

665 1009 79 20 C’était
753 1010 21 19 le
783 1014 25 19 24
814 1009 76 24 juillet
898 1007 57 21 i83o.
967 1006 38 20 Six
1012 1005 64 25 jours
1089 1011 22 13 a-

639 1038 60 24 près,
704 1038 22 19 le
731 1039 66 18 trône
803 1037 39 19 des
849 1036 106 20 Bourbon
962 1034 56 20 était
1022 1039 89 14 renver-

638 1066 26 19 sé
678 1072 41 18 par
733 1065 33 20 les
779 1064 66 20 fusils
862 1063 213 21 révolutionnaires,
1090 1060 19 20 la

638 1099 98 14 censure
743 1093 138 24 supprimée,
890 1092 21 20 la
921 1096 78 19 presse
1007 1089 65 20 libre.

664 1121 17 20 Il
688 1121 104 20 semblait
797 1121 68 24 qu’un
872 1119 60 21 droit
937 1118 61 20 aussi
1004 1117 106 20 essentiel

638 1155 46 19 que
693 1149 65 23 celui,
769 1154 58 18 pour
834 1148 22 20 le
864 1148 98 24 citoyen,
977 1145 134 24 d’exprimer

638 1183 41 14 son
696 1177 92 24 opinion
799 1177 40 19 dût
847 1177 47 19 être
907 1174 140 25 sauvegardé
1054 1172 56 20 dans

638 1211 31 13 un
678 1211 56 18 pays
741 1205 39 24 qui
789 1204 35 20 n’a
831 1210 40 18 pas
880 1203 75 21 reculé
963 1202 84 20 devant
1055 1205 55 15 trois

637 1232 63 25 jours
709 1233 28 19 de
742 1232 130 25 sanglantes
878 1231 99 20 révoltes
982 1236 58 19 pour
1048 1229 21 20 le
1074 1228 37 20 dé-

638 1260 87 20 fendre.
736 1260 16 20 Il
763 1260 93 24 pouvait
867 1259 99 20 sembler
975 1261 67 21 qu'un
1057 1263 54 19 gou-

638 1291 133 17 vernement
785 1294 26 13 se
823 1288 75 19 disant
906 1287 93 20 héritier
1010 1285 71 20 direct
1088 1287 22 17 et

638 1315 126 20 convaincu
770 1316 41 19 des
817 1315 114 20 doctrines
937 1315 28 19 de
974 1312 49 26 1789
1032 1317 23 16 et
1061 1312 49 20 i83o

638 1343 70 20 serait
715 1343 22 20 le
746 1343 91 20 dernier
846 1344 11 19 à
867 1343 49 20 leur
925 1345 77 21 porter
1008 1341 101 19 atteinte.

637 1393 36 15 un
683 1387 120 21 scandale
818 1392 59 16 sans
889 1385 138 26 précédent

662 1426 94 24 J’avais,
767 1427 28 19 ici
806 1427 79 20 même,
897 1425 58 20 voilà
964 1431 31 14 un
1004 1424 66 23 mois,
1077 1430 33 14 ra-

637 1455 69 20 conté
714 1458 114 17 comment
836 1454 22 20 le
867 1453 73 26 préfet
948 1453 30 19 du
988 1452 121 23 Bas-Rhin,

637 1483 31 20 M.
678 1483 131 22 Borromée,
818 1482 61 20 avait
888 1481 72 20 averti
971 1480 54 21 Paul
1034 1480 75 20 Schall

637 1517 45 19 que
691 1511 20 19 la
719 1510 104 24 Zukunft
831 1510 68 20 serait
904 1509 129 25 supprimée
1042 1508 19 20 si
1067 1508 43 20 elle

637 1539 126 20 continuait
770 1539 13 19 à
792 1539 115 23 s’occuper
913 1537 196 20 d’autonomisme.

662 1566 83 20 J’avais
751 1567 75 20 même
832 1566 94 24 indiqué
932 1566 34 19 les
972 1565 88 20 raisons
1065 1570 45 18 que

637 1594 120 20 fournirait
766 1594 21 20 le
796 1594 185 20 Gouvernement
989 1593 29 19 de
1027 1592 65 20 Paris
1096 1592 13 20 à

637 1629 40 13 son
688 1626 56 20 acte,
750 1622 35 20 s’il
794 1622 95 21 venait.à
899 1625 82 16 mettre
986 1627 24 14 sa
1017 1626 93 14 menace

637 1652 12 18 à
658 1651 128 20 éxécution.
797 1655 11 11 «
819 1649 94 21 Comme
922 1655 29 14 on
967 1649 93 20 connaît
1073 1654 36 14 ses

637 1679 78 23 saints,
724 1685 28 13 on
762 1679 33 19 les
805 1678 110 20 honore.»
926 1678 31 19 Le
966 1682 143 19 programme

637 1713 11 13 a
658 1707 36 20 été
704 1707 82 20 réalisé
795 1706 65 25 point
868 1712 41 18 par
917 1706 73 24 point.

662 1734 104 23 D’abord,
774 1734 162 25 protestations
943 1741 10 11 «
960 1733 147 24 spontanées»

637 1762 132 21 de'sociétés
777 1766 23 16 et
810 1765 162 22 groupements
980 1761 41 19 des
1029 1760 79 20 chères

637 1791 119 23 provinces
766 1790 135 20 recouvrées
910 1793 78 16 contre
1002 1789 33 19 les
1046 1794 63 13 «me-

637 1819 54 19 nées
698 1818 191 21 autonomistes».
899 1817 44 21 Ces
952 1817 96 20 sociétés
1056 1816 51 19 —d’

637 1852 98 14 aucunes
740 1846 62 20 aussi
808 1846 69 20 libres
883 1845 125 20 d’attaches
1014 1850 94 19 gouver-

637 1874 192 24 nementaîes'que
844 1874 21 19 là
875 1873 71 25 Ligue
960 1872 113 21 Maritime
1086 1875 22 16 et

637 1901 115 20 Colonialè
760 1911 26 4 —
795 1905 51 16 sont
859 1903 94 18 censées
968 1901 140 24 représenter

637 1929 124 25 !<l’opinion
770 1930 29 19 de
807 1929 97 20 l’Alsace
913 1929 124 24 justement
1052 1927 56 20 indi-

637 1957 56 24 gnée
701 1963 44 18 par
753 1957 35 20 les
803 1957 155 20 abominables
973 1961 134 19 campagnes

637 1985 163 20 autonomistes
810 1992 19 11 ».

659 2012 122 20 Deuxième
789 2012 79 20 acte:Je
876 2011 185 20 Gouvernement
1067 2011 41 19 s’é-

637 2043 59 17 neut
703 2046 53 14 sous
764 2040 21 20 la
795 2039 102 25 pression
907 2040 29 19 de
944 2039 118 25 l’opinion.

658 2067 125 21 Troisième
792 2072 64 16 acte:
866 2068 16 19 il
891 2067 55 25 agit.
955 2067 19 20 Il
983 2066 91 20 interdii
1085 2066 20 20 la

637 2095 102 25 parution
746 2096 78 20 àeDie
833 2095 125 22 Wahrheit,
966 2094 140 21 DieZukun-

637 2123 23 22 (f.
669 2123 46 20 Die
726 2124 151 20 Volkstimme.

658 2151 61 20 Pour
727 2151 57 24 céla,
789 2151 17 20 il
815 2151 103 23 déniche,
926 2157 28 13 au
960 2150 55 21 fond
1022 2151 28 19 de
1058 2150 48 20 l’ar-

637 2179 76 24 noire,
719 2186 29 13 un
757 2180 67 19 vieux
830 2180 77 19 décret
911 2179 68 20 laissé
983 2185 58 18 pour
1046 2184 59 14 com-

637 2211 41 20 ate,
688 2211 135 21 permettait
836 2213 28 14 au
878 2206 184 21 Gouvernement
1077 2207 28 19 de

637 2235 125 25 supprimer
769 2241 11 11 «
786 2239 50 16 tout
841 2235 92 25 journal
943 2234 126 25 paraissant
1076 2240 27 14 en

640 2268 76 20 angue
724 2263 120 25 étrangère
851 2269 40 14 sur
900 2263 19 19 le
926 2262 112 20 territoire
1044 2261 61 21 fran-

637 2291 42 22 ?ais
687 2296 22 13 ».

658 2319 28 20 Et
704 2325 87 14 comme
809 2320 33 23 çà,
860 2325 29 14 on
908 2323 35 16 est
964 2318 139 25 républicain

637 2347 71 25 juand
715 2348 106 21 même,et
826 2353 30 14 on
865 2347 97 20 restera
969 2346 72 25 patrie
1050 2346 28 20 de
1083 2346 20 20 la

641 2376 74 20 iberté
722 2383 20 11 ».

631 2425 96 15 corn-ae
739 2418 15 22 à
765 2419 96 22 eoimar
868 2425 7 15 :
888 2419 114 22 comedie

656 2459 63 20 Ncns
733 2458 79 21 disons
826 2459 29 20 ici
868 2465 45 18 que
921 2459 34 20 les
965 2459 97 22 raisons,
1071 2459 33 19 les

630 2487 124 24 prétextes,
769 2487 34 20 lés
820 2492 95 15 excuses
929 2487 29 19 du
975 2486 129 20 Gouverne-

630 2518 64 17 ment
702 2514 27 20 de
739 2514 73 23 Paris,
822 2521 58 17 pour
890 2521 29 13 un
931 2518 50 17 acte
990 2515 40 24 qui
1047 2520 57 14 nous

630 2543 92 19 ramène
730 2548 28 13 au
768 2542 62 20 doux
838 2546 73 21 temps
916 2542 31 20 du
955 2542 149 23 bûcher,c’est

629 2570 29 20 de
665 2571 23 20 la
698 2570 87 25 blague;
792 2570 55 20 c’est
854 2576 46 14 une
908 2574 121 21 grotesque
1035 2570 67 21 farce.

629 2598 51 24 Que
698 2599 33 19 les
748 2598 99 20 lecteurs
865 2598 29 20 du
912 2598 100 20 Journal
1027 2605 29 13 ou
1073 2599 30 19 du

628 2626 64 21 Petit
699 2627 107 20 Parisien
820 2626 83 26 gobent
916 2627 58 22 cela,
987 2627 55 19 c’est
1054 2633 49 18 pos-

628 2654 66 20 sible.
705 2653 42 21 Pas
760 2654 33 20 les
808 2655 83 21 nôtres,
906 2660 58 18 pour
977 2655 46 19 sûr.
1041 2654 62 21 Nous

628 2683 94 18 n’avons
735 2688 41 17 pas
784 2685 59 17 cette
851 2682 125 19 admirable
984 2682 119 25 discipline

627 2710 29 19 de
662 2713 65 16 notre
734 2709 57 20 belle
798 2715 77 18 presse
883 2709 113 24 française
1005 2709 99 21 etfrans-

628 2737 133 25 quillonne,.
769 2741 22 16 et
800 2743 58 14 nous
870 2743 73 14 avons
957 2741 65 16 notre
1030 2737 72 21 franc-

627 2766 83 23 parler.

653 2793 107 19 D’abord,
768 2793 67 24 qu’on
842 2799 59 14 nous
905 2793 70 20 laisse
981 2800 30 13 un
1017 2794 85 21 instant

626 2821 29 20 de
663 2821 73 19 douce
743 2821 62 24 gaîté
817 2827 28 13 au
855 2821 112 23 spectacle
975 2821 29 20 de
1016 2822 33 19 l’«
1056 2823 46 23 opi-

627 2849 53 19 nion
691 2848 128 20 alsacienne
827 2849 19 19 si
856 2848 131 21 noblement
996 2855 106 15 courrou-

626 2877 54 19 cée»
687 2879 79 16 contre
772 2875 34 20 les
811 2875 132 21 défenseurs
949 2877 29 19 de
983 2877 50 20 leur
1037 2884 63 19 pays.

626 2903 83 25 Quand
718 2909 29 14 on
755 2909 81 17 avoue,
850 2909 89 15 comme
951 2905 56 19 l’ont
1020 2904 81 23 failles

625 2932 112 24 journaux
745 2930 148 25 français,des
898 2932 117 25 tirages.de
1021 2937 79 21 70.000,

625 2963 73 16 20.000
710 2959 13 19 à
732 2959 40 19 des
786 2959 148 20 bi-mensuels
947 2963 22 17 et
981 2960 120 22 hebdoma-

625 2987 76 20 daires
715 2987 172 23 autonomistes,
906 2988 40 20 des
960 2987 91 22 chiffres
1063 2996 38 18 pa-

626 3015 54 20 reils
694 3015 82 24 pèsent
787 3016 56 19 d’un
857 3016 63 19 sacré
936 3016 64 24 poids
1014 3017 56 20 dans
1079 3018 21 19 la

625 3043 94 20 balance
734 3048 28 14 en
772 3042 49 21 face
835 3043 28 19 de
872 3043 21 19 la
906 3043 86 20 motion
1006 3044 27 19 de
1048 3045 52 21 telle

625 3076 29 14 ou
667 3070 54 20 telle
735 3071 85 20 société
834 3071 28 19 de
875 3071 160 25 gymnastique
1049 3073 50 23 plus

625 3104 28 13 ou
662 3098 75 19 moins
745 3098 160 24 squelettique.
916 3098 117 25 L’opinion
1044 3100 56 21 alsa-

625 3125 93 20 cienne?
726 3125 56 20 Mais
790 3126 45 20 elle
843 3126 63 24 parle
913 3127 120 20 allemand.
1044 3128 55 21 Mais

625 3159 54 14 vous
691 3159 53 14 avez
757 3154 95 24 désigné
865 3156 141 19 vous-même
1019 3155 28 20 où
1056 3157 43 19 elle

625 3181 60 20 était.
700 3185 11 11 «
718 3180 32 21 En
761 3187 58 15 nous
826 3181 114 25 frappant,
953 3189 30 14 on
993 3189 59 14 nous
1063 3184 37 20 dé-

625 3209 88 25 signe»,
719 3209 40 22 dit,
767 3209 52 20 bien
829 3213 68 16 avant
906 3210 192 24 nous,l’Ecriture.

648 3236 37 20 Où
693 3237 20 19 la
719 3237 102 20 comédie
829 3241 82 16 tourne
917 3239 13 18 à
940 3239 159 22 i’odieux,c’est

625 3264 55 20 dans
694 3263 98 26 l’emploi
814 3265 40 19 fait
869 3265 29 19 de
913 3266 97 20 l’article
1025 3267 30 19 de
1067 3267 31 20 loi

625 3296 137 16 concernant
784 3293 34 20 les
832 3293 116 24 journaux
971 3295 28 19 de
1015 3295 83 25 langue

625 3321 115 24 étrangère
751 3323 79 18 contré
838 3321 33 20 les
876 3321 116 24 journaux
1005 3327 95 16 autono-

625 3348 77 19 mistes
709 3347 120 21 alsaciens.
838 3347 42 21 Cet
888 3349 79 20 article
976 3354 101 16 remonte
1086 3352 12 18 à

625 3375 18 19 la
652 3374 31 20 fin
693 3375 29 19 du
731 3375 71 20 siècle
809 3376 91 19 dernier
910 3380 24 15 et
941 3376 41 20 fait
989 3377 73 24 partie
1070 3378 28 19 dé

625 3402 41 20 lois
674 3403 16 19 à
699 3403 118 23 exception
825 3403 77 19 votées
911 3404 68 23 après
986 3404 34 19 les
1028 3408 71 17 atten-

625 3433 41 16 tats
672 3429 140 20 anarchistes
818 3430 28 19 de
852 3429 50 24 1893
908 3434 23 15 et
937 3431 81 24 1894-ÏI
1025 3431 73 24 visait,

625 3463 39 18 par
672 3463 42 14 son
729 3461 60 15 texte
803 3458 79 20 même,
899 3457 33 20 les
943 3458 115 25 journaux
1071 3460 28 19 de

625 3485 81 24 langue
714 3485 126 24 étrangère,
854 3485 128 24 paraissant
994 3492 27 14 en
1031 3486 69 21 Fran-

625 3519 31 16 ce,
672 3516 24 16 et
706 3511 84 21 faisant
804 3512 28 20 de
840 3512 21 20 la
876 3514 147 24 propagande
1035 3520 65 14 anar-

625 3540 79 20 chiste.

647 3567 117 20 Monsieur
772 3567 101 24 Sarràut,
879 3569 104 20 ministre
991 3569 29 19 de
1026 3569 73 21 l’Inté-

625 3595 68 21 rieur,
702 3595 33 19 les
742 3598 75 22 temps
825 3599 52 16 sont
885 3596 52 24 déjà
945 3597 117 22 lointains,
1069 3598 29 19 où

625 3629 56 14 vous
694 3622 118 23 usiez.vos
823 3623 95 22 culottes
934 3630 40 14 sur
981 3624 34 20 les
1029 3625 69 20 bancs

625 3651 53 19 d’un
688 3650 144 25 quelconque
839 3650 72 25 lycée.
924 3651 64 23 Mais,
998 3651 27 20 de
1035 3657 64 15 votre

625 3681 81 22 temps,
727 3684 29 14 on
775 3678 94 20 étudiait
884 3679 167 20 sérieusement
1065 3680 33 20 les

1139 297 89 19 racines
1240 302 118 19 grecques.
1374 294 60 19 Vous
1443 298 66 14 savez
1521 291 59 19 donc
1588 297 25 13 ce

1138 330 45 18 que
1192 324 55 19 c’est
1255 325 68 23 qu’un
1333 320 134 22 anarchiste,
1475 325 26 13 ce
1507 325 45 17 que
1561 324 11 13 c
1577 321 36 18 .est

1137 357 46 17 que
1192 350 122 20 l’anarchie
1322 357 5 12 :
1342 353 11 11 u
1361 348 50 20 Etat
1419 347 54 19 d’un
1483 345 83 25 peuple
1574 345 38 23 qui

1137 378 35 19 n’a
1182 377 52 24 plus
1247 378 23 18 ni
1280 377 57 22 chef,
1352 375 23 20 ni
1384 374 98 20 autorité
1495 380 13 12 a
1516 371 97 25 laquelle

1137 412 30 12 on
1181 404 96 23 obéisse,
1288 406 23 19 ni
1323 404 42 20 lois
1379 400 132 25 auxquelles
1525 406 29 13 on
1569 402 44 16 soit

1137 431 88 21 soumis
1232 439 19 12 ».
1266 432 31 20 dit
1306 433 21 19 la
1340 431 66 19 docte
1420 428 121 20 Académie
1556 426 57 19 fran-

1137 460 61 23 çaise
1207 459 133 20 elle-même.

1162 487 63 19 Nous
1239 487 92 20 n’avons
1340 491 41 18 pas
1390 484 29 19 ici
1433 483 19 19 la
1463 482 73 20 vision
1550 487 62 14 assez

1137 514 107 20 tricolore
1256 520 57 18 pour
1321 511 131 25 apercevoir
1465 516 45 18 que
1523 510 88 19 deman-

1137 542 41 19 der
1186 542 41 19 dés
1236 541 68 24 chefs,
1314 546 46 14 une
1368 538 146 23 autorité,des
1522 538 43 19 lois
1573 537 38 25 qui

1137 576 30 13 ne
1179 569 75 20 soient
1269 575 38 18 pas
1321 567 70 20 celles
1406 567 28 20 de
1442 567 21 19 la
1479 566 92 22 France,
1587 571 25 17 ça

1137 601 54 15 veut
1200 596 49 20 dire
1258 602 28 13 ne
1294 601 40 18 pas
1343 601 28 13 en
1380 594 123 20 demander
1516 593 30 19 du
1556 595 54 17 tout.

1163 624 35 20 Ou
1209 623 116 21 vraiment,
1341 627 146 19 croyez-vous
1495 626 46 19 que
1550 623 61 16 votre

1137 652 83 24 peuple
1229 654 34 17 est
1271 651 21 19 le
1300 650 48 19 seul
1359 649 120 24 possédant
1494 654 46 13 une
1549 653 63 19 orga-

1137 679 107 23 nisation,
1267 678 39 20 des
1321 677 70 23 chefs,
1415 676 40 20 des
1470 676 42 19 lois
1528 682 40 13 sur
1590 675 20 19 la

1137 707 75 20 terre?

1162 734 131 21 Confondre
1309 732 132 20 autonomie
1457 736 22 16 et
1496 730 113 22 anarchie,

1137 763 55 19 c’est
1204 762 82 20 marier
1299 760 21 20 la
1330 767 66 18 carpe
1405 764 23 16 et
1437 760 21 20 le
1466 760 72 23 lapin.
1549 758 62 20 Déci-

1137 790 101 23 dément,
1252 791 13 18 à
1275 788 71 23 Paris,
1363 794 29 14 on
1408 789 35 19 n’a
1451 787 51 25 plus
1516 793 56 18 peur
1581 786 29 20 du

1137 817 102 20 ridicule.

1162 845 65 23 Mais,
1234 849 62 16 autre
1302 844 75 20 chose.
1381 843 30 21 Le
1420 843 190 22 Gouvernement,

1137 879 59 19 pour
1207 873 90 25 frapper
1309 872 33 19 les
1351 871 56 20 trois
1418 872 114 24 journaux
1546 874 66 16 stras-

1138 901 128 24 bourgeois,
1275 907 12 13 a
1296 900 38 23 dû,
1350 905 88 14 comme
1446 906 29 13 on
1485 899 63 20 vient
1556 898 27 20 de
1591 898 20 19 le

1138 929 56 22 voir,
1205 929 117 26 s’appuyer
1331 934 40 14 sur
1379 928 20 19 la
1409 928 127 24 prétention
1546 926 65 25 qu’ils

1137 960 53 16 sont
1198 957 67 20 écrits
1277 963 26 14 en
1313 957 83 25 langue
1409 957 127 24 étrangère.

1163 984 129 26 Etrangère,
1307 985 28 20 où
1343 985 12 20 ?
1373 986 17 19 A
1406 985 71 22 Paris,
1492 983 53 20 bien
1559 983 38 19 sûr
1605 982 5 19 !

1138 1012 64 24 Mais,
1212 1014 13 19 à
1235 1013 146 25 Strasbourg?
1390 1013 57 20 Mais
1455 1012 57 20 dans
1520 1011 34 19 les
1562 1010 50 20 chè-

1139 1047 37 13 res
1185 1041 119 23 provinces
1311 1041 11 20 ?

1163 1068 106 21 Laissons
1281 1070 74 24 parler
1369 1070 21 19 la
1399 1067 103 25 Zukunft
1515 1067 97 20 elle-mê-

1137 1103 50 13 me:
1205 1098 51 19 «Au
1274 1097 58 20 VIII“
1346 1097 69 20 siècle
1432 1096 58 25 déjà,
1510 1095 101 23 l’évêque

1137 1125 109 24 Bernold,
1258 1125 27 20 de
1301 1124 145 26 Strasbourg,
1462 1130 13 13 a
1488 1123 85 19 traduit
1590 1122 21 19 la

1137 1152 61 20 bible
1213 1160 29 13 en
1255 1153 121 20 allemand
1378 1160 10 15 ;
1405 1159 29 14 en
1448 1152 63 20 mille
1525 1156 50 17 ans,
1590 1149 21 20 le

1137 1181 83 24 peuple
1228 1181 35 20 n’a
1269 1181 82 25 jamais
1365 1181 48 25 prié
1422 1184 23 17 et
1453 1179 83 20 chanté
1545 1178 64 25 qu’en

1137 1208 128 24 allemand;
1273 1210 12 19 à
1293 1209 146 24 Strasbourg,
1446 1215 12 13 a
1465 1214 56 18 paru
1530 1213 32 14 un
1572 1206 39 19 des

1137 1238 111 22 premiers
1258 1238 112 24 journaux
1383 1238 30 19 du
1422 1236 94 21 monde;
1528 1241 29 14 en
1566 1234 43 21 bon

1137 1265 123 20 allemand
1262 1272 9 16 ;
1291 1266 57 20 dans
1365 1270 49 15 tout
1431 1265 21 19 le
1469 1269 54 20 pays
1542 1269 28 14 ne
1587 1268 24 14 se

1136 1296 89 19 trouve,
1241 1293 80 25 depuis
1332 1294 21 19 la
1368 1293 111 26 première
1492 1291 118 20 libération

1137 1320 29 20 de
1175 1321 47 20 1681
1236 1322 89 24 jusqu’à
1332 1322 21 19 la
1362 1321 97 20 dixième
1472 1320 73 19 année
1554 1319 26 20 de
1590 1319 19 19 la

1136 1349 184 23 seconde,aucun
1329 1352 64 17 autre
1399 1348 56 20 livre
1464 1347 109 25 religieux
1582 1353 27 13 ou

1137 1376 29 19 de
1174 1377 119 24 cantiques
1302 1377 69 26 qu’en
1388 1377 46 20 bon
1443 1374 125 22 allemand.
1574 1382 11 11 »

1164 1407 93 26 Langue
1266 1407 196 26 étrangère?Mais
1472 1407 19 19 la
1500 1412 69 14 cause
1577 1409 34 16 est

1134 1434 70 26 jugée
1221 1436 82 24 depuis
1320 1437 135 24 longtemps.
1478 1434 30 20 La
1528 1434 82 24 langue

1137 1463 120 25 étrangère
1265 1470 28 14 en
1302 1465 87 21 Alsace,
1399 1469 88 14 comme
1495 1469 29 13 en
1535 1462 75 20 Breta-

1136 1497 52 19 gne,
1198 1491 56 21 c'est
1262 1492 21 19 le
1291 1491 105 25 français,
1406 1495 22 16 et
1442 1491 31 20 lui
1482 1490 57 20 seul.
1550 1489 60 20 Tous

1136 1519 34 20 les
1178 1519 79 20 efforts
1265 1520 170 20 d’assimilation
1445 1525 44 19 que
1503 1518 44 20 l’on
1558 1524 52 13 vou-

1136 1548 49 21 dra,
1195 1551 53 17 tous
1256 1548 33 20 les
1298 1548 106 20 résultats
1412 1553 45 19 que
1471 1547 46 20 l’on
1526 1552 29 14 en
1570 1545 39 20 ob-

1136 1575 89 20 tiendra
1241 1576 155 20 n’enlèveront
1409 1575 82 25 jamais
1502 1581 44 13 aux
1558 1580 52 18 peu-

1136 1603 49 25 ples
1193 1604 97 24 conquis
1297 1605 22 19 le
1332 1604 62 20 droit
1400 1604 65 19 strict
1470 1603 28 20 de
1508 1602 102 20 considé-

1136 1637 38 14 rer
1193 1631 52 20 leur
1266 1631 88 26 langue,
1372 1633 74 18 même
1467 1630 140 25 agonisante,

1136 1665 89 14 comme
1234 1659 22 20 la
1269 1660 63 19 seule
1340 1660 40 24 qui
1389 1660 32 19 ait
1429 1660 22 19 le
1459 1659 62 19 droit
1528 1660 30 18 de
1566 1658 43 19 cité

1135 1688 74 23 parmi
1218 1693 52 14 eux.
1279 1687 42 20 Les
1330 1688 98 25 dragons
1437 1687 28 20 de
1474 1686 68 20 Louis
1551 1685 56 23 XIV,

1135 1715 35 20 les
1177 1714 87 25 préfets
1272 1716 27 18 de
1305 1715 30 20 M.
1341 1716 152 24 Doumergue,
1502 1714 62 20 n’ont
1569 1719 39 19 pas

1135 1743 52 24 plus
1193 1743 76 20 donné
1276 1749 44 14 une
1325 1744 64 24 place
1395 1743 114 20 nationale
1515 1749 29 13 au
1550 1741 59 20 fran-

1134 1770 47 24 çais
1186 1776 28 14 en
1220 1771 80 20 Alsace
1304 1777 45 19 que
1355 1772 33 19 les
1393 1770 109 21 soudards
1507 1770 29 20 de
1541 1769 67 21 Char-

1135 1798 33 20 les
1177 1797 50 21 VUI
1238 1805 28 13 ou
1275 1799 21 20 le
1305 1799 45 20 duc
1358 1799 28 20 de
1395 1799 114 20 Chaulnes
1518 1804 30 14 ne
1556 1798 52 20 l’ont

1135 1827 126 19 naturalisé
1269 1833 27 13 en
1307 1827 119 25 Bretagne.

1160 1854 46 20 Nos
1214 1855 95 24 langues
1319 1855 192 25 nationales,gens
1519 1855 30 19 de
1557 1854 52 20 Bre-

1134 1885 70 21 tagne
1209 1888 31 14 ou
1246 1883 108 23 d’Alsace,
1361 1889 57 14 vous
1423 1883 33 20 les
1463 1882 143 20 connaissez:

1135 1916 26 13 ce
1169 1914 53 16 sont
1228 1910 67 21 celles
1300 1917 45 18 qne
1351 1911 45 20 l’on
1406 1911 97 22 combat,
1510 1917 46 18 que
1564 1910 42 20 l’on

1134 1942 89 20 traque.
1232 1938 94 23 L’autre,
1335 1939 57 20 celle
1401 1945 45 18 que
1450 1939 44 20 l’on
1506 1944 56 14 nous
1568 1938 39 20 im-

1135 1971 62 17 pose,
1213 1967 54 18 c’est
1275 1966 141 25 l’étrangère,
1427 1967 21 19 la
1463 1967 142 19 hors-venue.

1134 1992 59 20 Tant
1199 1994 36 24 pis
1240 2000 57 18 pour
1302 1994 22 19 la
1330 1994 127 20 sensibilité
1463 1994 27 20 de
1497 1994 110 24 quelques

1134 2024 139 17 «revenants
1283 2028 9 9 »
1308 2027 28 14 en
1346 2022 82 20 AJsace
1437 2026 21 15 et
1468 2022 27 19 de
1509 2026 52 15 tous
1573 2022 34 20 les

1134 2048 204 24 «gallo-romains»
1358 2050 13 19 à
1383 2050 22 19 la
1420 2049 79 23 Gôffic,
1509 2050 28 19 de
1554 2050 52 19 chez

1133 2082 66 14 nous.

1158 2107 31 19 La
1199 2107 95 21 ridicule
1309 2108 79 24 façade
1397 2109 28 20 de
1439 2108 90 25 légalité
1544 2112 22 17 et
1578 2108 28 20 de

1133 2135 44 19 bon
1184 2135 128 23 droit,bâtie
1318 2136 201 25 péniblemeutpar
1524 2137 23 20 le
1553 2143 54 19 gou-

1133 2168 134 15 vernement
1273 2164 26 20 de
1309 2164 67 20 Paris
1384 2171 59 18 pour
1448 2165 73 20 voiler
1529 2165 34 20 les
1570 2165 36 19 vé-

1132 2191 94 20 ritables
1242 2191 75 21 motifs
1326 2196 22 16 et
1361 2193 94 24 l’aspect
1464 2193 49 20 vrai
1522 2193 29 20 de
1564 2199 41 14 son

1132 2219 167 23 acte,s’écroule
1311 2220 60 20 donc
1379 2221 58 20 dans
1445 2221 21 20 la
1480 2221 124 24 poussière.

1157 2246 96 21 Comme
1261 2254 53 14 sous
1323 2249 21 19 la
1354 2249 90 24 pastille
1452 2249 29 19 de
1495 2249 109 23 chocolat,

1131 2274 120 21 Monsieur
1259 2275 101 23 Sarraut,
1370 2277 68 25 qu’on
1447 2283 56 14 vous
1512 2277 94 20 donnait

1131 2303 65 19 étant
1210 2304 64 23 petit,
1288 2310 58 15 vous
1361 2305 97 20 déceliez
1469 2305 45 20 vite
1522 2305 23 20 le
1553 2306 53 24 goût

1131 2336 64 14 amer
1204 2331 28 20 de
1241 2331 21 20 la
1272 2332 68 24 pilule
1350 2333 128 24 purgative,
1487 2337 23 16 et
1518 2333 88 24 perciez

1131 2359 14 19 à
1151 2359 55 24 jour
1214 2359 22 20 le
1245 2366 125 19 mensonge
1377 2361 40 20 des
1426 2361 167 25 pharmaciens.

1130 2414 61 16 vers
1200 2409 26 22 la
1237 2409 125 23 dictature
1370 2411 32 22 de
1412 2411 124 25 Popinion

1157 2451 33 20 En
1201 2452 86 24 réalité,
1298 2460 45 13 une
1356 2453 44 21 fois
1409 2454 92 20 déchiré
1510 2455 21 19 le
1547 2454 57 20 voile

1131 2479 41 20 des
1192 2481 113 23 prétextes
1317 2493 3 3 -
1326 2486 233 20 gouvernementaux,
1584 2483 20 19 le

1130 2511 64 20 geste
1209 2508 71 20 d’hier
1293 2515 28 14 en
1334 2509 82 21 Alsace
1432 2516 57 14 nous
1503 2511 102 25 apparaît

1131 2535 59 20 dans
1200 2542 25 13 sa
1236 2537 77 20 nudité
1322 2537 100 25 ignoble.

1157 2563 60 20 C’est
1225 2564 22 19 la
1256 2564 78 21 liberté
1342 2566 29 19 de
1384 2566 22 20 la
1415 2572 84 19 presse,
1516 2567 53 20 c’est
1583 2567 21 20 la

1130 2590 81 21 liberté
1220 2592 123 25 d’opinion,
1354 2600 25 14 ce
1388 2598 52 16 sont
1451 2594 35 20 les
1494 2594 72 21 droits
1574 2595 29 20 du

1130 2619 90 25 citoyen
1235 2620 33 20 les
1282 2620 51 24 plus
1348 2623 84 22 sacrés,
1447 2623 39 24 qui
1495 2627 54 16 sont
1556 2623 48 20 niés

1129 2647 145 24 aujourd’hui
1291 2654 40 19 par
1342 2650 23 19 la
1380 2650 143 26 République
1538 2651 66 20 Fran-

1129 2676 69 22 çaise.
1209 2675 44 20 Par
1261 2683 29 13 un
1300 2677 127 22 reniement
1435 2679 64 20 inouï
1508 2679 40 21 des
1554 2680 50 19 doc-

1129 2703 73 20 trines
1211 2709 40 14 sur
1258 2704 120 24 lesquelles
1384 2706 20 20 il
1409 2707 83 24 appuie
1500 2713 25 14 sa
1533 2707 71 26 légiti-

1129 2731 63 23 mité,
1206 2731 22 20 le
1242 2731 185 23 Gouvernement
1440 2735 98 24 parisien
1556 2736 47 24 pré-

1128 2759 55 20 tend
1193 2759 108 25 imposer,
1310 2767 42 17 par
1364 2769 31 13 un
1404 2769 57 19 coup
1471 2763 28 20 de
1507 2763 96 23 force,sa

1128 2787 114 25 politique
1249 2794 29 14 au
1287 2789 81 23 peuple
1375 2790 202 21 alsacien-lorrain.

1152 2817 74 25 Jadis,
1231 2825 29 14 on
1268 2819 82 20 brûlait
1356 2821 58 20 ainsi
1420 2825 53 18 tous
1481 2822 34 21 les
1523 2828 81 15 ouvra-

1127 2851 41 19 ges
1176 2847 126 20 contraires
1307 2853 44 14 aux
1359 2848 93 26 dogmes
1458 2849 99 22 affirmés
1563 2857 40 18 par

1128 2873 35 20 les
1171 2874 110 25 religions
1286 2874 62 21 d’Eta
1351 2879 9 16 t
1365 2886 24 4 —
1393 2878 76 24 quand
1479 2885 29 14 on
1518 2885 30 14 ne
1554 2879 49 20 brû-

1127 2901 42 20 lait
1183 2908 41 18 pas
1233 2903 51 19 leur
1296 2906 82 18 auteur
1385 2911 57 15 avec
1495 2907 108 24 Aujourd’

1127 2928 41 20 hui
1177 2929 16 20 il
1203 2936 14 18 y
1226 2937 13 12 a
1248 2936 28 14 en
1287 2930 86 21 France
1382 2939 45 14 une
1437 2935 108 20 nouvelle
1553 2934 50 21 reli-

1127 2963 53 18 gion
1196 2957 81 24 d’utat,
1292 2958 61 21 idole
1365 2961 61 20 mille
1436 2961 43 21 fois
1491 2963 53 23 plus
1553 2969 49 14 san-

1127 2985 78 24 glante
1210 2989 23 16 et
1240 2986 146 24 impitoyable
1392 2990 85 24 queles
1483 2991 81 20 tabous
1569 2990 33 20 les

1127 3012 52 24 plus
1188 3012 88 21 affreux
1284 3013 28 20 de
1320 3014 8 19 1
1336 3014 96 27 Afrique
1441 3024 6 13 :
1456 3023 13 14 c
1477 3022 34 16 est
1519 3018 83 25 l’impé-

1127 3040 101 21 rialisme
1237 3041 104 24 français,
1352 3042 147 23 l’unitarisme
1505 3046 97 21 délirant

1127 3067 40 20 des
1175 3069 95 25 peuples
1276 3070 103 24 énervés,
1386 3073 48 24 qui,
1442 3073 56 21 dans
1504 3074 51 20 leur
1563 3073 39 20 fai-

1127 3095 75 20 blesse
1209 3097 166 25 grandissante,
1381 3101 93 23 puisent
1481 3102 20 19 la
1513 3108 53 19 rage
1574 3102 28 19 de

1127 3123 49 20 voir
1191 3130 84 18 penser
1286 3128 128 20 autrement
1428 3129 90 25 qu’eux,
1527 3129 75 25 parler

1127 3154 129 19 autrement
1264 3152 91 25 qu’eux.

1151 3177 62 25 Cela,
1220 3184 60 16 cette
1285 3180 125 23 caricature
1414 3184 31 20 du
1451 3185 149 23 patriotisme,

1127 3206 32 20 les
1177 3206 106 25 Français
1303 3208 132 25 l’appellent
1456 3212 22 20 le
1494 3212 62 20 culte
1571 3213 29 19 du

1127 3239 62 19 pays,
1202 3235 29 20 de
1240 3235 79 20 l’unité
1328 3238 122 21 nationale.
1466 3239 32 23 Et,
1509 3246 58 18 pour
1575 3246 26 14 ce

1127 3261 50 20 dieu
1187 3263 143 23 nouveau,ils
1341 3265 121 22 n’hésitent
1472 3273 41 18 pas
1520 3273 12 14 a
1542 3273 59 14 com-

1127 3293 89 19 mettre,
1226 3294 77 16 contre
1311 3291 21 20 la
1340 3292 82 22 liberté
1431 3295 28 19 dé
1467 3294 133 25 l'esprit,les

1127 3320 108 17 attentats
1244 3319 33 19 les
1286 3319 50 23 plus
1345 3322 145 20 scandaleux.

1151 3347 86 20 Procès
1250 3348 68 25 Zorn,
1334 3352 147 24 suppression
1498 3353 29 19 de
1544 3353 55 20 trois

1127 3374 119 24 journaux.
1254 3375 18 19 Il
1280 3382 14 19 y
1299 3383 14 13 a
1322 3385 31 13 un
1360 3379 77 22 siècle,
1443 3379 21 20 le
1473 3381 82 24 peuple
1563 3387 37 18 pa-

1127 3402 78 23 risien,
1215 3408 58 18 pour
1281 3406 75 20 moins
1364 3413 45 17 que
1417 3407 57 22 cela,
1484 3408 54 20 était
1547 3415 53 14 sous

1127 3428 32 20 les
1168 3435 84 14 armes.

1151 3459 63 20 Nous
1229 3461 91 24 parlons
1334 3464 81 20 droits.
1434 3464 61 20 Nous
1513 3466 86 22 devons

1127 3487 75 24 parler
1206 3487 79 22 droits.
1289 3490 63 21 Dans
1357 3498 25 13 ce
1386 3497 64 19 pays,
1454 3492 33 20 les
1493 3493 106 26 Français

1127 3518 40 16 ont
1174 3516 72 22 gravé
1253 3516 22 20 le
1287 3522 47 16 mot
1341 3519 30 19 de
1379 3525 11 11 «
1397 3519 81 20 liberté
1483 3528 11 11 »
1501 3527 28 14 au
1538 3521 62 22 fron-

1127 3545 38 16 ton
1170 3542 40 20 des
1215 3543 98 23 édifices.
1321 3546 29 20 Ils
1357 3547 75 20 disent
1437 3548 63 20 avoir
1506 3552 93 22 apporté

1127 3576 27 13 au
1168 3571 85 19 monde
1260 3571 21 20 la
1293 3573 82 21 liberté
1387 3575 28 19 de
1429 3576 135 22 conscience
1577 3582 23 17 et

1127 3597 125 24 d’opinion.

1151 3624 63 20 C’est
1227 3632 29 13 au
1270 3634 52 14 nom
1331 3629 30 19 de
1374 3633 50 16 tout
1433 3630 54 24 cela,
1504 3633 55 20 dont
1571 3634 29 20 ils

1127 3652 135 24 prétendent
1279 3656 47 20 être
1342 3657 34 19 les
1393 3663 79 18 papas,
1486 3666 45 17 que
1543 3667 57 15 nous

1127 3684 129 20 protestons
1262 3682 35 20 ici.
1304 3684 28 19 de
1338 3688 64 16 toute
1410 3688 66 17 notre
1484 3689 117 20 conscien-

1643 97 26 13 ce
1677 89 123 20 d’hommes
1809 87 75 21 libres,
1894 85 126 19 d’hommes
2029 79 84 22 moder-

1644 123 45 14 nes.
1707 116 61 19 Nous
1776 120 73 14 avons
1862 113 20 18 le
1890 112 59 19 droit
1959 111 28 19 de
2001 114 81 21 penser
2091 112 20 15 et

1642 144 93 20 d’écrire
1742 150 25 12 ce
1773 149 44 18 que
1824 147 57 14 nous
1890 145 109 18 pensons.
2007 139 29 19 La
2045 137 67 19 Fran-

1642 178 26 12 ce
1686 172 54 18 n’est
1756 176 39 18 pas
1810 170 21 18 le
1846 168 43 19 bon
1906 167 66 19 Dieu.
1988 166 30 19 La
2027 166 14 19 b
2044 170 67 14 rance

1642 205 14 12 n
1666 203 33 14 est
1709 204 39 17 pas
1762 195 132 25 intangible.
1905 194 63 19 Nous
1977 197 97 15 sommes
2087 190 24 19 li-

1642 225 50 19 bres
1702 225 28 19 de
1738 224 86 19 l’aimer
1833 229 28 13 ou
1867 222 27 19 de
1903 227 29 13 ne
1942 227 40 17 pas
1989 221 92 19 l’aimer,
2089 221 21 16 et

1641 252 29 18 de
1675 252 20 19 le
1702 251 56 20 dire.

1665 279 64 22 Mais,
1744 278 122 20 Messieurs
1880 276 29 19 du
1919 275 190 20 Gouvernement,

1642 311 55 13 vous
1711 312 69 12 venez
1789 305 27 19 de
1831 309 57 14 nous
1903 306 107 18 montrer,
2026 300 84 25 malgré

1642 338 39 13 vos
1690 333 88 18 raisons
1792 330 113 23 ridicules,
1919 330 22 19 le
1949 336 38 13 cas
1996 336 44 18 que
2054 334 56 13 vous

1640 358 78 20 faisiez
1731 359 40 20 des
1780 358 70 20 droits
1863 357 28 20 de
1899 357 21 19 la
1929 357 133 19 conscience
2070 355 40 19 hu-

1640 386 83 20 maine.
1735 385 170 25 Républicains,
1915 391 58 13 vous
1979 384 11 19 ?
1999 384 75 20 Droits
2082 382 27 20 de

1639 412 106 21 l’homme
1759 417 22 16 et
1789 413 29 19 du
1834 412 106 25 citoyen?
1952 412 78 20 Allons
2039 410 69 21 donc!

1639 454 37 20 les
1686 454 99 21 raisons
1798 453 137 22 véritables

1665 493 34 21 Et,
1706 499 27 13 au
1743 492 61 24 fond,
1812 493 53 24 quel
1871 499 57 13 aveu
1938 492 171 25 d’impuissance

1639 521 57 19 dans
1709 521 21 20 le
1741 525 62 21 geste
1821 521 197 20 maladroitement
2035 518 72 21 brutal

1639 549 30 20 du
1678 549 123 20 ministère.

1665 577 42 19 Les
1721 577 108 20 élections
1846 577 29 19 de
1885 576 49 24 1928
1943 574 164 25 s’approchent.

1640 604 102 20 Pendant
1756 605 39 19 des
1804 605 92 18 années,
1907 610 41 17 par
1957 609 23 12 sa
1992 608 86 18 presse,
2087 601 21 20 le

1639 631 182 20 Gouvernement
1836 638 12 13 a
1863 630 124 25 stigmatisé
2002 629 107 24 l’impuis-

1638 665 68 13 sance
1714 659 39 20 des
1761 658 169 20 autonomistes:
1936 664 45 13 une
1986 656 87 21 dizaine
2080 656 29 19 de

1638 686 51 20 fous
1697 693 27 13 en
1732 687 166 24 Bretagne,une
1905 685 95 25 poignée
2008 684 28 20 de
2043 684 65 19 Prus-

1638 714 61 20 siens
1708 720 28 14 en
1745 714 211 20 Alsace-Lorraine.

1663 742 62 19 A-t-il
1741 742 59 20 donc
1808 746 49 16 tant
1866 742 12 19 à
1893 741 104 20 craindre
2005 741 58 19 dans
2074 739 34 20 les

1638 770 56 20 trois
1703 770 168 24 départements
1880 769 133 24 reconquis;
2023 767 56 20 a-t-il
2088 766 18 20 si

1639 804 55 18 peur
1703 798 27 19 de
1737 798 20 19 la
1764 798 122 25 prochaine
1892 796 151 21 consultation
2053 795 55 20 élec-

1639 826 71 19 torale
1717 830 64 16 entre
1790 826 59 20 Rhin
1859 829 23 16 et
1890 825 94 20 Moselle
1992 831 57 18 pour
2055 822 53 21 bâil-

1638 853 80 20 lonner
1724 854 65 20 ainsi,
1797 855 12 19 à
1815 854 110 25 quelques
1931 853 175 20 moisd’avance,

1639 881 20 20 la
1667 888 76 18 presse
1749 881 169 21 autonomiste?
1922 881 36 20 On
1966 884 54 21 peut
2025 880 21 20 le
2052 879 56 20 croi-

1639 916 32 17 re,
1686 916 89 14 comme
1788 916 28 14 on
1827 914 53 21 peut
1894 909 74 20 croire
1977 909 32 19 les
2024 911 84 17 200.000

1638 938 98 20 lecteurs
1745 939 137 24 qu’avouent
1891 938 33 19 les
1932 937 56 20 trois
1994 937 113 24 journanx

1639 966 135 24 supprimés.
1781 966 76 20 L’Etat
1866 967 61 19 vient
1935 965 58 20 ainsi
2002 964 29 20 de
2043 963 63 22 faire,

1639 995 13 17 â
1669 999 40 14 son
1728 1000 66 19 corps
1810 994 132 22 défendant,
1964 1000 30 12 un
2011 992 96 20 éclatant

1638 1027 57 14 aveu
1705 1022 28 19 de
1747 1022 20 19 la
1776 1021 63 21 force
1847 1021 151 20 autonomiste
2009 1026 28 14 en
2046 1019 62 20 Alsa-

1639 1049 142 21 ce-Lorraine
1787 1054 21 16 et
1817 1050 28 19 de
1853 1050 21 19 la
1881 1056 56 18 peur
1945 1049 101 24 légitime
2054 1047 52 26 qu’il

1638 1083 13 13 a
1660 1077 28 20 de
1696 1083 36 14 ses
1741 1079 122 24 conquêtes
1872 1078 28 19 de
1908 1077 96 20 demain.

1637 1117 106 23 t’avenir
1753 1121 39 20 est
1800 1119 15 22 à
1826 1119 26 22 la
1863 1118 90 22 liberté

1663 1158 27 20 Je
1704 1159 35 20 dis
1748 1159 59 24 bien,
1817 1159 28 20 de
1854 1159 98 20 demain.
1962 1158 43 21 Car
2017 1157 88 25 jamais,

1638 1187 56 20 dans
1702 1186 111 21 l’histoire
1821 1187 41 20 des
1875 1187 102 25 peuples,
1986 1187 43 19 l’on
2036 1186 34 19 n’a
2078 1191 28 14 vu

1638 1221 31 14 un
1685 1219 177 21 gouvernement
1879 1221 136 19 oppresseur
2033 1213 75 20 triom-

1638 1243 55 24 pher
1699 1244 29 19 du
1737 1244 89 23 vaincu,
1833 1244 18 19 si
1861 1243 21 20 le
1889 1244 80 19 vaincu
1980 1249 11 13 a
1999 1243 22 19 la
2032 1242 74 20 volon-

1637 1273 23 18 té
1669 1272 71 20 d’être
1748 1272 64 20 libre.
1823 1272 26 20 Et
1863 1275 58 17 cette
1929 1271 131 20 volonté-là,
2074 1270 33 19 les

1637 1300 235 21 Alsaciens-Lorrains
1881 1300 153 23 l’ont,comme
2040 1304 65 14 nous.

1665 1328 28 20 Le
1702 1334 58 19 coup
1766 1328 27 20 de
1802 1328 62 20 force
1870 1328 27 20 de
1905 1327 137 24 Strasbourg
2051 1327 56 19 n’est

1637 1357 68 23 qu’un
1712 1356 100 24 épisode.
1823 1356 16 20 Il
1846 1362 54 14 aura
1909 1356 61 20 servi
1976 1356 13 19 à
1997 1355 108 21 dévoiler,

1637 1390 53 14 sous
1698 1384 22 20 le
1729 1391 69 18 rouge
1808 1388 103 17 manteau
1924 1384 29 20 de
1966 1384 21 19 la
2001 1382 105 26 Républi-

1637 1418 51 19 que,
1698 1413 119 20 soi-disant
1825 1412 168 25 démocratique
2001 1412 39 24 qui
2049 1417 57 14 nous

1637 1446 122 18 gouverne,
1764 1441 21 20 la
1791 1441 105 25 tyrannie
1905 1440 21 20 la
1935 1440 51 24 plus
1992 1440 115 20 abomina-

1637 1468 37 20 ble
1680 1475 6 13 :
1696 1468 56 21 celle
1760 1469 40 20 des
1808 1469 155 20 consciences.

1662 1497 18 19 A
1692 1497 49 20 cela
1754 1503 24 14 se
1788 1498 96 19 bornent
1897 1503 36 14 ses
1943 1497 113 20 résultats.
2069 1495 35 21 On

1636 1524 105 21 n’étouffe
1749 1532 40 18 pas
1795 1532 30 13 un
1835 1525 82 25 peuple
1923 1531 28 14 en
1962 1524 111 21 muselant
2081 1530 24 14 sa

1636 1559 85 19 presse.
1729 1553 35 20 On
1774 1560 25 14 se
1806 1553 56 20 rend
1871 1558 48 15 tout
1925 1554 63 24 juste
1996 1552 81 21 odieux
2083 1556 22 16 et

1636 1588 30 13 on
1676 1583 108 23 exaspère
1792 1581 34 21 les
1835 1582 90 25 esprits.
1936 1581 62 25 Déjà,
2008 1587 58 14 nous
2072 1587 34 13 sa-

1636 1615 57 14 vons
1710 1609 28 20 ici
1755 1609 190 24 l’effervescence,
1961 1613 23 17 et
1997 1610 22 19 le
2034 1609 70 25 grand

1636 1642 93 15 courant
1747 1638 28 19 de
1788 1638 127 25 sympathie
1927 1644 59 18 pour
1998 1637 108 20 l’autono-

1636 1666 80 19 misme
1732 1666 39 24 qui
1788 1666 68 25 agite,
1874 1666 80 25 depuis
1972 1671 36 15 ces
2026 1666 79 19 évène-

1635 1698 81 19 ments,
1725 1694 110 25 l’opinion
1844 1695 136 20 alsacienne.

1660 1722 58 20 Tout
1727 1722 55 24 cela,
1789 1723 88 20 au-delà
1883 1723 28 19 de
1916 1726 52 17 tous
1977 1723 32 19 les
2018 1722 87 20 décrets

1635 1753 23 16 et
1666 1750 28 20 de
1702 1754 74 17 toutes
1784 1751 33 20 les
1826 1751 166 20 interdictions,
2000 1754 104 16 trouvera

1635 1778 51 20 d’ici
1695 1785 44 18 peu
1750 1779 21 20 le
1780 1785 80 19 mo3ren
1870 1779 27 20 de
1906 1785 26 14 se
1941 1778 139 21 manifester.

1660 1806 56 20 Mais
1733 1813 59 14 nous
1808 1813 80 18 avons,
1904 1807 101 20 visrà-vis
2023 1807 28 20 de
2063 1813 41 13 nos

1635 1835 56 20 amis
1701 1835 100 20 d’Alsace
1813 1839 23 16 et
1849 1836 29 19 de
1886 1835 108 20 Lorraine
2004 1834 99 26 frappés,

1635 1869 28 14 au
1669 1863 51 20 déni
1729 1864 28 19 de
1765 1867 63 17 toute
1835 1863 84 25 justice
1927 1867 23 17 et
1958 1864 29 20 de
1995 1868 63 16 toute
2064 1864 41 19 rai-

1635 1897 50 17 son,
1695 1898 29 13 un
1740 1892 79 20 devoir
1827 1892 28 20 de
1864 1892 126 24 sympathie
1999 1897 22 15 et
2029 1892 76 20 d’ami-

1634 1919 39 20 tié.

1660 1948 104 23 D’abord,
1778 1954 88 14 comme
1879 1949 104 20 hommes
1998 1949 29 20 de
2039 1955 65 14 cons-

1634 1975 77 20 cience
1724 1976 65 23 libre,
1803 1976 105 25 indignés
1922 1983 40 18 par
1971 1977 32 20 les
2017 1977 87 20 raisons

1634 2003 123 25 invoquées
1763 2008 22 15 et
1792 2004 32 20 les
1830 2004 108 25 procédés
1944 2005 115 25 employés
2064 2012 40 18 par

1634 2031 20 19 le
1677 2031 192 25 Gouvernement,
1891 2039 60 14 nous
1976 2037 128 21 protestons

1634 2063 78 16 contre
1728 2060 21 20 la
1757 2067 90 14 mesure
1864 2061 166 20 d’interdiction
2044 2062 60 24 prise

1634 2091 77 17 contre
1726 2088 33 21 les
1774 2089 114 24 journaux
1905 2090 164 20 autonomistes
2076 2090 28 20 de

1633 2115 143 26 Strasbourg.

1658 2143 62 22 Nous
1728 2149 130 20 protestons
1866 2152 27 13 en
1911 2150 49 16 tant
1974 2147 131 24 qu’autono-

1633 2172 77 21 mistes
1718 2174 162 22 nous-mêmes,
1889 2174 93 21 décidés
1990 2175 12 19 à
2011 2175 92 20 mainte-

1633 2200 37 20 nir
1678 2201 12 19 à
1700 2205 49 16 tout
1757 2201 49 24 prix
1816 2202 21 19 le
1846 2202 59 20 droit
1914 2202 28 20 de
1951 2208 66 15 noire
2024 2203 78 20 doctri-

1633 2235 29 13 ne
1670 2229 13 20 à
1691 2229 138 25 s’exprimer,
1837 2236 87 14 comme
1933 2234 61 17 toute
2002 2231 102 22 autre,li-

1634 2257 108 20 brement.

1658 2284 27 21 Et
1692 2285 51 20 d’ici
1757 2292 42 18 que
1815 2287 120 20 retentisse
1949 2288 12 19 à
1972 2293 101 14 nouveau
2082 2288 20 19 la

1634 2313 50 20 voix
1690 2313 29 20 du
1726 2314 44 20 bon
1778 2314 65 20 Droit
1848 2319 63 16 entre
1915 2315 60 20 Rhin
1982 2320 21 15 et
2011 2316 91 25 Vosges,

1633 2347 57 14 nous
1699 2347 100 16 ouvrons
1806 2342 200 25 fraternellement,
2014 2351 44 13 aux
2067 2351 37 13 au-

1632 2370 133 20 tonomistes
1774 2371 104 20 d’Alsace
1886 2375 23 16 et
1917 2372 29 19 de
1953 2372 150 24 Lorraine,les

1632 2397 109 21 colonnes
1754 2399 29 19 de
1800 2403 66 16 notre
1871 2399 100 25 journal,
1982 2406 41 14 nos
2032 2401 72 24 publi-

1632 2425 95 24 cations,
1738 2433 41 14 nos
1788 2427 177 25 organisations.

1657 2453 51 25 Car,
1723 2461 29 14 en
1765 2455 33 20 les
1811 2455 106 25 frappant
1931 2457 61 20 aussi
2001 2457 102 26 indigne-

1632 2482 277 23 ment,leGouvernement
1913 2483 98 26 français
2015 2485 86 26 atteint,

1632 2510 99 21 derrière
1752 2517 50 17 eux,
1813 2516 51 16 tous
1879 2518 56 15 ceux
1944 2513 46 24 qui,
2004 2514 57 20 dans
2082 2514 20 21 le

1632 2542 62 17 vaste
1702 2539 91 23 monde,
1803 2544 40 15 ont
1851 2540 57 20 dans
1917 2541 21 19 le
1947 2547 55 20 sang
2009 2542 93 20 l’amour

1631 2571 22 15 et
1662 2567 21 19 le
1691 2572 89 20 respect
1788 2567 28 20 de
1825 2568 20 19 la
1855 2568 80 21 liberté
1944 2569 115 21 humaine.

1835 2599 106 21 Morvan
1952 2599 121 23 Marchai.

1628 2683 184 49 mim
1839 2685 51 48 m
1920 2685 177 50 CÛKSICA

1652 2770 97 24 Ajacciu
1755 2781 22 3 —
1782 2772 60 19 Morte
1861 2773 18 18 di
1893 2778 14 12 u
1923 2774 81 23 giovanu
2018 2775 78 22 Diuniçu

1630 2795 96 24 Caitueoli,
1736 2797 21 17 17
1766 2798 51 17 anni.

1651 2833 24 4 —
1679 2825 59 18 Morte
1746 2825 18 17 di
1771 2827 85 17 madama
1863 2826 79 19 Filicina
1948 2827 94 23 Cotoni,30
2047 2830 50 17 anni.

1651 2862 24 3 —
1681 2853 60 18 Morte
1748 2853 19 18 di
1775 2858 14 13 u
1797 2854 41 23 sgiò
1847 2854 22 18 G.
1878 2855 84 18 Benielli.
1970 2855 21 19 61
1999 2861 58 14 annu.

1651 2886 77 18 Bastia
1733 2896 23 3 —
1764 2887 60 18 Morte
1832 2888 19 17 di
1859 2888 55 19 Prete
1922 2889 132 20 Giammarchi.

1651 2923 23 4 —
1682 2914 59 18 Morte
1749 2915 20 18 di
1778 2916 58 22 usgiò
1847 2915 150 24 G.D.Alfonsi,82
2005 2919 51 18 anni.

1650 2947 139 23 Bucugnanu
1795 2949 92 23 —Morte,
1905 2956 11 12 a
1930 2951 54 22 Setif,
1998 2953 19 17 di
2030 2958 12 13 u
2057 2954 40 18 s-iô

1630 2972 68 19 Basiliu
1707 2973 108 23 Vizzavona,
1830 2976 61 17 anticu
1903 2976 77 19 sindacn
1988 2978 18 17 di
2015 2983 12 12 u
2036 2983 60 18 paese.

1651 3005 127 20 Calenzana
1786 3017 19 4 —
1813 3008 60 19 Morte
1879 3009 19 18 di
1907 3011 83 18 madama
2003 3012 94 22 Ànghiula

1629 3031 62 18 Felice
1699 3031 88 22 Guidoni,
1796 3032 22 18 64
1826 3034 51 17 anni.

1651 3064 93 19 Centuri
1752 3075 23 3 —
1782 3066 59 19 Morte
1854 3068 20 17 di
1882 3069 83 18 madama
1973 3071 74 18 veduva
2060 3072 37 18 Ma-

1629 3090 27 17 ria
1666 3089 130 20 Sturlini.nata
1804 3092 82 19 Micheli.

1649 3123 83 18 Eccica
1739 3123 103 20 Suarella
1850 3136 21 3 —
1877 3127 59 20 Morte
1944 3129 19 18 di
1979 3135 11 13 u
2007 3131 41 23 sgiò
2065 3132 31 17 Al-

1628 3150 55 19 fonsu
1691 3151 78 19 Polacei.

1649 3184 96 18 Lozzi—
1752 3186 59 19 Morte
1816 3188 20 17 di
1845 3190 82 18 madama
1936 3192 73 18 veduva
2024 3193 71 19 Giansi-

1628 3209 14 18 li
1650 3209 50 18 Lola.

1649 3242 105 20 Moltitau
1793 3246 59 19 Morte
1860 3248 18 17 di
1887 3253 11 13 a
1906 3249 80 22 giovane
1994 3252 100 20 Franccsca

1628 3267 72 20 Calisti.

1648 3301 254 25 Pancheraccia-Morte
1910 3309 18 17 di
1936 3314 14 13 n
1958 3311 40 22 sgiò
2006 3311 89 24 Ghiasep-

1627 3331 25 16 pu
1661 3327 114 20 Donsimoni.

1647 3359 242 25 Petraserena-Morte
1922 3369 20 17 dï
1967 3371 127 19 madamicella

1625 3386 74 21 Agnula
1705 3387 57 18 Maria
1770 3389 111 20 Antonio'tti.

1627 3418 467 48 BfAE?L7i.Mortedi“SRi6Ghi-«“

1628 3561 10 13 A
1641 3535 227 39 r^Sr^atl?m°ûiU
1877 3544 19 17 di
1904 3547 127 20 madamicella
2035 3550 58 19 Maria

1625 3566 85 42 TognetS
1806 3568 39 17 10DÌ
1853 3572 23 14 CU
1884 3574 13 12 U
1914 3572 41 21 Sgiò
1965 3574 127 20 -^ton’Paalu

1627 3618 277 45 i«3t“adamicella
1919 3624 57 20 Maria

1627 3671 75 42 nZrtu
1715 3676 88 37 ~¥-°rv
1810 3679 21 17 in
1837 3680 85 24 belogna,
1928 3684 20 17 di
1959 3690 15 13 u
1982 3687 40 22 sgiô
2029 3687 64 20 Natale

1627 3698 83 23 La-lotti,
1718 3701 91 22 aglüuntu
1816 3706 118 23 municipale.

2141 76 222 52 Cronaca
2382 78 192 69 Aiacciiv

2160 181 186 20 Troneaeolli
2360 192 23 3 —
2398 184 42 21 Tut
2443 191 22 16 tu
2480 199 11 12 u
2504 196 6 18 1

2137 216 12 13 u
2157 209 72 20 Corsu
2240 209 114 20 Grandval
2369 211 25 19 sò
2403 216 56 18 state
2472 206 111 34 fatt*lî5ïV'

2135 237 37 19 dui
2189 237 65 19 mesi.
2272 236 93 20 ciottule
2378 238 23 19 di
2416 240 112 31 cunsequo’
2540 237 43 26 C-'Poi

2137 264 110 20 niensioni
2261 265 27 22 pè
2297 270 12 13 a
2319 264 162 27 ripiantazionè
2522 260 15 28 .V
2538 261 13 15 11
2563 265 20 21 <ü-

2136 291 121 20 mancanti.
2285 291 152 23 L’attenzione
2458 304 38 17 per
2526 284 56 32 ,?^crj

2135 325 111 14 cuncerna
2254 325 13 13 u
2275 323 96 16 venturu
2378 319 74 24 frescu
2458 326 12 18 è
2476 327 26 21 bu
2514 312 38 32 C,l°-

2135 353 34 13 ma
2183 351 104 15 truvemu
2302 346 35 19 chi
2346 353 12 13 a
2369 348 83 23 sicurtà
2465 354 20 20 di
2494 364 11 12 a
2519 342 62 30 -SSlnîa,

2135 380 56 13 ancu
2201 373 94 26 megliu.
2305 374 106 25 Dunque,
2420 384 14 13 o
2443 368 138 41 ripiant^è

2135 406 22 15 tu
2178 408 12 13 o
2208 401 21 20 fà
2248 401 122 21 schiarisce
2386 403 28 20 da
2436 407 82 26 ch’omu

2135 429 88 20 tronchi
2233 436 13 13 u
2256 430 58 19 collu
2322 428 5 19 !
2534 425 25 16 ün
2569 432 12 19 si

2157 478 153 19 Fracassu
2323 478 142 24 notturnu
2477 496 23 6 —
2513 489 16 21 g

2136 505 142 24 “poubelle”
2292 506 25 18 sò
2326 505 22 19 di
2362 508 146 27 grandissima
2521 504 62 36 utM°Vfc

2134 536 125 21 sopratuttu
2273 533 28 23 pè
2314 533 6 18 i
2335 535 106 22 spazzini.
2460 538 53 25 Però

2135 564 66 18 nolte,
2212 567 12 12 a
2234 560 84 20 ciurma
2328 561 81 20 canina
2426 563 22 20 in
2458 556 126 37 cerca'd,Utt'e

2135 594 12 13 o
2157 588 52 19 resti
2225 588 22 19 di
2263 594 120 18 magnume
2401 590 22 20 in
2433 592 19 19 la
2468 585 116 39 rumen,??

2134 616 47 18 face
2188 616 102 19 fracassu
2304 622 27 13 eu
2341 623 7 12 1
2358 622 25 14 so
2393 617 69 23 intisti
2475 630 37 17 par
2519 628 24 22 ba
2563 616 21 26 îa’

2134 648 18 17 e,
2167 648 13 14 a
2193 642 36 20 chi
2246 649 29 13 un
2290 644 29 24 pô
2333 643 85 25 dorme,
2436 650 73 24 veghia
2531 658 15 19 p
2570 644 14 18 e’

2134 670 40 19 ch’i
2183 670 92 24 stuvigli
2281 677 13 12 a
2300 671 64 20 lozzu
2371 672 60 21 hanu
2439 682 28 14 un
2474 666 110 34 cunar.Stü

2133 697 87 20 ch’omu
2230 698 123 25 l'impieghi
2361 700 6 19 !
2549 697 35 20 ”lu>

2158 745 132 20 Grhinstü
2303 749 21 16 a
2331 747 50 19 chi
2388 748 83 23 toeea
2482 765 24 6 —
2520 759 29 20 c"
2562 766 5 15 1

2132 780 87 18 gnanze
2228 774 29 24 pè
2264 780 13 13 a
2288 774 94 21 velocità
2391 777 22 19 di
2422 777 134 32 l’automobip
2574 797 9 12 A

2133 802 12 19 è
2153 801 56 20 fattu
2220 808 52 13 veru
2282 802 35 20 chi
2327 808 95 16 suvente
2431 806 7 19 i
2448 813 66 19 nostri
2522 816 24 21 ch
2551 798 33 19 ^

2131 829 69 24 feurs,
2225 829 168 25 impippendusi
2413 833 27 20 d’i
2454 823 130 42 rigulan^f

2133 857 119 25 viaghianu
2273 863 12 14 a
2300 861 116 22 strappera
2433 862 22 21 di
2468 867 55 21 colh,
2530 878 4 5 •
2554 854 29 22 ntl’

2132 884 61 26 dipoi
2212 885 89 24 quâlchi
2318 890 86 22 tempu,
2426 896 13 13 a
2456 881 126 40 popula^3’

2133 913 67 20 abusa
2209 913 36 20 da
2253 920 25 12 so
2287 918 71 21 parte.
2369 915 143 27 Franchendu
2521 932 12 12 u
2540 911 42 35 H”*

2133 944 21 16 tu
2164 941 22 19 di
2194 948 15 12 u
2219 941 140 25 spasseghiu,
2375 950 11 13 a
2396 944 60 25 folia,
2469 952 60 21 tutt’e
2539 962 21 15 se

2132 968 47 21 face
2187 975 14 13 u
2212 975 65 19 passa
2291 976 12 13 e
2312 977 14 13 u
2336 972 51 19 veni
2402 979 65 19 sopra
2479 983 13 13 u
2501 966 80 38 pezzuï

2132 997 105 20 stradone
2251 1004 121 18 cumpresu
2384 1000 34 21 fra
2433 1008 12 14 a
2460 1006 87 24 prefettu

2133 1025 6 19 i
2148 1025 37 19 dui
2194 1024 64 23 caffè,
2266 1032 29 13 un
2305 1027 151 25 stusgiendusi
2465 1032 22 20 di
2495 1040 12 14 e
2514 1021 68 40 tromV

2133 1053 21 20 di
2164 1053 145 20 l’automobili
2325 1054 65 21 ch’un
2406 1057 98 24 riescenu
2516 1070 11 14 a
2539 1066 18 21 fa
2568 1071 4 5 •

2132 1081 43 20 ’ssu
2190 1081 52 20 locu
2256 1087 79 15 mancu
2346 1090 13 13 u
2369 1088 12 15 2
2389 1090 12 13 a
2411 1085 61 22 Fora.
2489 1089 65 25 Oualc

2132 1109 21 20 di
2163 1109 58 20 male
2233 1110 107 21 accaderà
2355 1112 149 25 sicuramente
2517 1104 66 42 una^

2132 1140 33 17 ste
2177 1143 62 18 sere;
2254 1138 90 25 l’agenti
2357 1141 135 24 aspitteranu
2505 1153 13 14 a
2529 1135 54 39 ta"ndi!

2133 1172 38 18 per
2179 1165 21 19 di
2207 1173 6 12 :
2228 1174 11 10 «
2247 1165 106 22 Cerculez
2357 1168 12 19 !
2373 1175 11 12 »
2574 1163 10 11 u

2155 1213 165 20 -Aviazione
2334 1226 25 5 —
2368 1215 123 25 L’aviatore
2497 1221 35 22 Sir
2538 1226 46 22 Alan

2132 1241 100 20 Cobham
2246 1241 35 20 chi
2291 1242 28 20 ha
2328 1244 71 20 sceitu
2409 1251 63 16 curae
2483 1249 89 27 itinerari

2133 1277 28 12 un
2171 1269 90 25 viaghiu
2275 1277 40 17 par
2324 1271 47 20 aria
2381 1272 23 20 in
2414 1274 48 24 giru
2471 1276 21 20 di
2500 1265 80 39 l'Africa*
2579 1266 5 12 1

2132 1299 29 19 s’è
2169 1301 84 16 arrettu
2262 1298 22 20 in
2294 1299 93 24 Ajacciu
2394 1301 93 22 durante
2494 1306 36 21 dui
2535 1301 49 32 j0rni

2131 1325 19 20 a’
2158 1332 67 14 causa
2235 1326 22 20 di
2265 1333 13 13 u
2286 1327 88 24 gattivu
2383 1332 83 22 tempu.
2474 1328 16 24 È
2498 1334 85 27 ripârtitu

2131 1360 39 18 per
2182 1352 67 22 Maita
2258 1354 98 21 duv’eilu
2366 1360 65 17 conta
2440 1358 144 30 dijunghiedo-

2132 1388 27 18 pu
2169 1382 59 20 circa
2239 1387 24 16 10
2271 1389 40 14 ore
2319 1383 23 20 di
2353 1384 97 25 viaghiu.

2155 1410 35 21 Sir
2198 1411 59 20 Alan
2266 1410 102 22 Cobham
2377 1418 38 15 era
2424 1420 158 24 accumpagnalu

2131 1439 27 20 da
2166 1438 53 26 lady
2227 1438 101 21 Cobham
2339 1443 15 17 è
2364 1440 21 20 di
2395 1446 90 20 quattru
2497 1435 43 32 oml
2550 1450 33 22 d’e-

2131 1467 131 25 quipaggiu.

2418 1501 143 28 Pipistrellu.

2334 1562 68 16 —o—

2235 1618 262 34 Fûblica^ione

2195 1692 109 19 Archivio
2312 1692 90 20 Storico
2411 1694 22 18 di
2443 1694 87 21 Corsica

2151 1757 105 19 Sommariu
2265 1759 20 18 di
2293 1759 174 24 Jannaghiu-Jugnu
2476 1761 47 19 1927.

2151 1786 23 18 E.
2183 1786 85 19 Michel
2276 1797 23 4 —
2307 1788 54 18 Esuli
2369 1793 10 14 e
2387 1789 104 22 cospiratori
2499 1791 81 21 italianiin

2130 1811 71 19 Corsica
2214 1811 118 25 (1816-1830).

2151 1836 25 19 G.
2185 1837 109 20 Paiadinc
2301 1848 23 4 —
2331 1839 36 18 Per
2373 1840 18 17 la
2397 1841 56 17 sloria
2459 1842 46 18 delle
2510 1843 70 19 relazioni

2131 1864 26 16 Ira
2164 1864 18 17 la
2190 1863 75 19 Corsica
2272 1869 10 13 e
2290 1865 65 22 Napoli
2363 1865 32 18 nel
2403 1866 60 18 secolo
2470 1867 58 19 XVIJI.

2151 1887 25 19 G.
2185 1888 94 19 Micheli
2287 1899 23 4 —
2318 1889 30 19 Gli
2357 1891 49 18 esuli
2414 1893 89 21 parmensi
2510 1893 19 18 in
2534 1893 49 19 Corsi-

2129 1914 153 19 ca.-Ferdinando
2291 1917 23 17 de
2323 1916 115 23 Castagnola.

2149 1939 30 18 M.
2189 1939 90 24 Canepa
2289 1951 22 3 —
2323 1942 24 17 La
2359 1942 75 18 civicità
2450 1943 28 18 dei
2488 1943 71 20 benefiei
2567 1945 15 18 in

2129 1964 93 23 Sardegna
2237 1966 23 17 ed
2271 1971 36 13 una
2318 1969 53 16 carta
2384 1969 51 17 reaie
2448 1973 10 13 a
2469 1968 59 19 favore
2536 1967 17 20 di
2562 1975 20 13 un

2129 1989 60 19 Corso.

2151 2014 24 20 0.
2184 2015 24 19 F.
2220 2016 117 20 Tencaioli
2349 2028 22 3 —
2381 2019 60 18 Mons.
2456 2019 58 19 Giulio
2526 2021 56 18 Matteo

2128 2041 65 18 Natali.
2203 2047 81 14 vescovo
2292 2043 19 18 di
2320 2043 67 19 Tivoli.

2149 2066 61 19 NOTA
2218 2077 22 4 —-
2249 2069 14 17 Ie
2271 2069 8 17 1
2288 2069 61 23 eugini
2359 2070 157 23 delHmperatore.
2521 2071 15 18 I.
2545 2071 20 18 C.

2149 2092 23 18 IIe
2183 2092 36 19 Per
2227 2099 26 12 un
2261 2095 76 18 vecchio
2347 2095 49 18 libro
2408 2100 57 14 corso.
2472 2095 29 23 (L.
2509 2096 72 18 Ventu-

2129 2117 50 18 rini.

2149 2143 138 20 RECENS10NI.
2309 2160 3 3 .

2149 2168 119 20 LEGGENDO
2276 2170 15 19 E
2298 2171 144 19 ANN0TAND0.

2192 2277 74 25 Una
2281 2278 91 26 Lode
2387 2281 145 24 merltata

2152 2348 87 21 Avemu
2249 2349 22 20 in
2287 2350 15 20 li
2312 2350 52 21 Péri
2379 2358 31 13 un
2428 2351 58 25 preti
2499 2351 22 19 di
2537 2356 41 14 vera

2130 2377 56 21 bona
2195 2380 96 21 vulintà.

2152 2409 105 22 L’ultimu
2266 2412 56 21 Iottu
2330 2413 22 19 di
2359 2419 13 13 a
2380 2414 76 19 strada
2462 2410 117 23 vicinalichi

2128 2440 79 21 sbocca
2214 2442 23 20 in
2247 2444 60 24 paesi
2318 2444 20 20 ci
2347 2444 30 20 ha
2385 2444 103 21 talmenti
2496 2444 82 20 scalzatu

2128 2477 11 14 a
2148 2472 74 25 piazza
2232 2474 24 19 di
2264 2480 12 13 a
2286 2475 77 20 chiesa
2372 2475 37 21 chi
2426 2476 32 20 c’è
2473 2475 83 20 vulzutu
2568 2478 10 14 a

2128 2502 92 21 dicidasi
2227 2504 23 20 di
2259 2506 21 19 fà
2292 2513 30 13 un
2332 2513 81 18 grossu
2423 2504 133 27 muraglioni.
2564 2502 14 20 U

2128 2533 115 24 pizzatellu
2264 2536 57 21 fattu
2337 2538 27 19 da
2380 2533 199 25 l’amministrazioni

2126 2565 57 19 saria
2191 2570 61 17 statu
2266 2574 64 14 corne
2346 2575 14 14 a
2377 2568 86 21 fravula
2478 2569 21 19 in
2516 2565 61 21 bocc’a

2126 2595 113 25 l’orsu.ciò
2249 2598 35 21 chi
2294 2606 57 13 vene
2358 2606 13 13 a
2380 2600 33 20 di:
2422 2598 107 26 travagliu
2535 2597 42 19 inu-

2126 2626 45 20 tile.

2151 2657 17 21 U
2186 2659 50 25 sgiò
2251 2666 87 19 curatu,
2353 2663 116 24 pigliendu
2486 2662 21 19 in
2522 2663 54 16 manu

2124 2689 97 21 st’affari.
2230 2691 29 20 ha
2266 2697 79 21 apartu
2355 2700 45 13 una
2410 2688 158 26 sottuscrizioni.

2149 2720 18 20 U
2176 2723 110 24 travagliu
2295 2724 38 21 n’è
2341 2725 65 25 guasi
2414 2731 11 14 a
2436 2725 19 19 Sa
2462 2723 45 21 fini.
2516 2722 16 20 U
2537 2725 38 15 mu-

2125 2752 93 25 raghoni
2226 2756 67 19 avarà
2302 2756 38 19 dui
2348 2756 65 20 scali:
2423 2762 45 14 una
2477 2755 26 25 pè
2510 2760 14 13 u
2532 2755 42 16 veru

2123 2783 68 24 paesi,
2198 2790 14 14 e
2220 2784 70 22 l’altra
2299 2787 29 24 pè
2336 2787 6 19 i
2358 2787 38 20 du?
2407 2786 78 27 paisoli
2498 2783 75 22 d’Olmu

2123 2820 13 14 e
2145 2813 99 24 Salasca.
2254 2817 23 19 In
2288 2824 77 14 mezzu
2372 2825 12 13 a
2400 2819 28 20 sti
2438 2817 37 21 dui
2485 2815 57 22 scali,
2548 2817 27 15 ar-

2124 2845 93 22 rivendu
2227 2848 23 20 in
2259 2849 76 24 piazza
2343 2850 24 19 di
2376 2856 13 14 a
2398 2849 84 23 chiesa,
2490 2848 30 19 c’è
2531 2844 44 21 l’im-

2123 2883 152 18 piazzamentu
2285 2881 27 24 pè
2321 2887 15 14 u
2342 2877 179 24 monumentud’i
2529 2879 45 17 mor-

2123 2908 16 19 ti
2148 2908 22 20 in
2179 2915 89 19 guerra.

2148 2939 17 20 U
2175 2940 107 24 pudendu
2291 2943 111 25 ringrazìa
2416 2938 117 24 altrimenti
2546 2938 27 17 stu

2123 2970 91 21 distintu
2223 2977 78 16 curatu
2309 2980 13 14 e
2332 2980 51 14 omu
2393 2974 23 19 di
2422 2966 150 27 merituj’inviu

2123 3004 31 17 ste
2163 3008 57 14 rime
2233 3005 126 20 acrostiche
2368 3011 27 14 eu
2408 3011 12 13 a
2435 3004 44 20 miô
2486 2998 72 24 ammir
2557 3002 15 14 2'

2123 3032 70 20 zione:

2141 3084 88 20 Cunoscu
2235 3089 99 21 st’omu.ed
2340 3089 10 18 è
2362 3094 13 13 u
2382 3088 104 20 me’amieu,

2142 3112 74 25 Riempj
2225 3117 119 18 esattamenti
2350 3122 13 12 u
2373 3122 20 13 so
2400 3115 72 20 duveri.

2141 3140 78 25 Ingratu
2228 3145 131 21 umrè,cridite
2365 3145 29 18 ciò
2402 3144 93 19 ch’e’dicu,

2142 3168 79 21 Servizii
2231 3173 75 18 assai’lu
2315 3173 20 18 ni
2344 3173 71 18 rend’ai
2423 3172 49 19 Péri.

2141 3197 59 20 Tuttu
2211 3199 20 18 in
2237 3200 96 20 frastornu
2341 3202 20 22 jè
2369 3202 20 17 in
2398 3203 31 17 stu
2438 3197 96 21 momentu,

2142 3225 81 24 Ggnuuu
2233 3233 20 13 sa
2261 3229 16 17 la
2287 3234 20 13 so
2315 3229 126 24 occupazioni:

2141 3253 144 24 Faci.pinsendu
2294 3259 50 17 unc’a
2355 3263 11 12 u
2377 3256 124 19 monumentu-

2141 3282 17 18 A
2171 3284 65 23 doppia
2247 3287 83 19 scala,un
2339 3291 67 17 grossu
2416 3279 111 27 muraglioni.

2140 3310 136 22 Rieunoscimu
2287 3315 44 17 tutti
2340 3315 32 17 chi
2380 3316 32 16 stu
2422 3316 54 15 muru

2141 3339 93 20 ïutaressa
2244 3344 105 20 sopratuttu
2361 3343 17 17 la
2387 3342 69 23 piazza.

2141 3367 51 18 Certi
2203 3369 50 18 hanu
2263 3371 51 18 dettu
2325 3380 21 4 —
2356 3371 19 17 ni
2382 3375 45 17 sogu
2437 3369 60 18 sicuru

2140 3395 16 19 ü
2166 3397 57 21 preti?
2232 3397 28 19 Un
2269 3399 17 18 ci
2296 3399 52 18 metti
2357 3399 34 18 che
2401 3399 17 18 la
2427 3394 65 21 mazza!
2498 3399 8 10 »

2140 3423 88 20 Rimarcu
2242 3426 117 19 ch'eU’unn’è
2367 3427 35 18 che
2410 3424 114 20 maldicenza,

2140 3450 19 19 A
2165 3452 47 18 lintà
2221 3455 29 16 sta
2259 3455 68 22 parolla
2335 3455 36 17 ma!
2379 3454 81 23 graziosa
2469 3456 4 16 ;

2140 3479 60 23 Tutti,
2206 3481 79 20 l’avemu
2295 3483 43 18 dalu
2346 3482 115 19 cunfidenza,

2140 3508 58 19 Unn’è
2207 3509 35 19 che
2251 3511 72 22 qualchi
2332 3515 68 19 pecura
2406 3511 83 21 rugnosa.

2138 3536 50 19 Dàla
2197 3542 22 14 so
2227 3540 47 21 parti
2284 3540 73 23 qnandu
2367 3539 26 18 c’è
2403 3534 102 22 un’accolta;

2141 3565 21 18 In
2173 3566 76 19 darretu
2256 3572 24 14 un
2290 3566 134 22 s’arresta,cb’è
2430 3562 86 23 dispostu.

2140 3593 59 18 Prova
2208 3595 18 17 ni
2233 3595 117 19 dà.ch’unn’è
2356 3596 19 17 la
2383 3591 119 26 prima-volta,

2140 3621 15 18 K
2170 3627 53 17 spera
2231 3623 20 18 di
2260 3624 65 17 riescia
2334 3628 9 13 a
2350 3624 51 17 tuttu
2408 3622 56 18 costu.

2139 3650 104 23 Riflittitijà
2252 3651 124 22 bè,dunqua;o
2384 3648 68 20 Piracci
2459 3647 4 16 !

2140 3677 63 19 Infini!
2212 3679 102 22 sòtravagli
2325 3680 22 16 da
2353 3678 74 19 ristacci
2435 3677 5 17 !

2423 3711 17 18 ü
2452 3700 97 27 Piracciu-
