2586 3916
369 159 379 81 Ricordi

491 267 130 29 (Seguitu)

98 374 13 18 1
127 379 36 13 me
183 369 65 24 occhj
261 369 97 23 ftnnonu
374 359 166 28 abbagliulati,

73 406 48 14 una
144 397 100 22 mattina
266 391 154 23 all’alzammi
440 388 102 20 videndu

74 427 43 24 qui
115 426 34 20 IIn
162 423 121 22 Hnzulonu
292 421 82 19 biancu
386 417 39 20 c/ii
432 417 81 22 cupria
527 419 15 13 a

74 456 71 17 terra.
155 448 216 24 L’arburiparianu
379 443 139 25 infarinati;
526 446 15 13 a

74 487 16 13 u
96 480 50 19 vint
146 477 79 21 vieilu,
232 477 10 18 i
246 473 99 22 branchi
350 471 138 21 lasciavanu
494 472 48 14 cas-

74 508 29 19 cà
115 504 95 27 fiacculi
215 503 45 24 fini
271 501 45 25 fini
324 505 59 14 corne
389 497 102 25 polvara
498 501 8 13 :
522 499 20 13 si

73 535 65 19 sar'ia
147 533 65 19 dettu
220 527 124 23 amanduli
354 526 23 20 in
384 525 65 24 flore.

99 571 26 4 —
132 559 66 21 Bella
208 558 99 24 jurnata
315 554 26 20 di
348 552 84 21 caccia.

101 589 18 20 S
118 595 16 13 a
133 588 25 24 pi
159 593 16 13 a
184 585 39 20 chi
229 585 10 19 i
245 590 28 13 eu
274 583 46 20 loin
321 581 31 22 bi,
362 580 10 19 i
375 579 38 24 jor
412 577 28 20 ni
444 576 27 20 di
478 580 62 16 neve,

74 617 98 20 vinianu
180 620 16 12 a
203 611 78 25 janda
290 610 25 19 in
324 614 46 13 una
378 605 97 21 endetta
489 608 54 14 via-

75 650 32 13 nu
115 649 16 13 a
140 648 15 13 u
164 640 84 21 Pianu.
475 656 24 5 ...

100 671 99 21 Appena
209 665 87 20 csciutn
307 662 51 24 fora
368 666 26 13 eu
408 665 15 13 u
429 658 28 24 fit
458 658 31 18 cil
488 663 8 12 i
505 661 37 13 ac-

74 697 68 21 collu,
152 701 15 13 u
176 700 36 13 me
225 697 51 14 core
284 689 27 25 fit
319 687 76 21 subitu
404 685 104 20 hbaratu
517 682 24 18 di

75 726 36 18 tut
111 726 25 17 tu
150 725 18 21 p
169 722 24 19 in
194 725 52 14 sera
260 724 15 12 a
277 723 39 14 mu
317 721 57 14 rosu.
392 713 42 19 du
450 714 17 21 p
468 715 74 15 lacéré

74 751 28 20 di
112 750 40 20 cal
150 749 23 19 ci
171 754 17 18 g
187 748 16 19 à
220 752 15 13 a
244 744 55 21 nevi
314 743 84 20 biancci
407 747 12 12 e
436 743 101 19 vergine.

74 777 81 21 L’aria
162 775 77 24 fresca
248 772 33 20 mi
293 770 63 25 facia
365 772 105 16 marerna
481 767 62 22 pres-

74 808 35 20 tu,
117 798 176 26 arrussendumi
306 804 15 13 u
330 802 57 14 nasu
394 801 8 15 ;
410 800 47 15 ma,
470 799 16 13 a
493 794 50 22 spe-

74 837 76 16 ranza
159 830 27 20 di
193 835 16 13 a
217 828 63 20 bona
289 824 77 21 caccia
375 829 30 14 un
415 821 34 21 mi
460 820 82 20 lascia-

74 867 31 14 va
112 860 68 19 senta
187 855 94 26 fret!du.
389 878 5 5 .
422 877 6 5 .
438 862 6 19 ;

101 886 103 22 Ghiuntu
213 890 14 13 a
233 889 15 14 u
257 881 58 20 locu,
324 879 31 20 mi
363 884 63 14 missi
433 883 25 13 in
466 878 75 22 posta.

74 915 72 21 Facia
156 912 71 25 forint
235 910 35 19 bè.
289 906 98 28 Qualchi
392 904 102 25 fucilata
507 908 37 14 su-

74 948 64 15 nava
146 945 68 15 versa
228 937 142 24 Scopamene
377 940 12 13 e
405 931 138 22 ribumbava

72 971 37 23 pe’
117 976 15 13 u
145 964 137 24 Fimninale,
293 969 40 14 era
346 968 40 13 ora
393 961 86 23 d'apra
493 958 51 20 l’oc-

75 998 60 19 chiu.
369 1017 5 6 ,

99 1022 94 26 Infatti,
199 1026 48 15 una
255 1019 86 20 ciorma
347 1017 26 20 di
381 1017 123 19 culombuli
513 1019 30 13 un

75 1052 68 21 tardé
152 1050 35 20 ad
191 1047 92 26 affaccci
290 1047 32 19 da
330 1045 70 25 fiumu
409 1042 88 25 inghiò.
504 1041 41 19 Fe-

75 1081 23 19 ci
105 1085 31 14 un
143 1078 54 24 giru
203 1076 79 24 sopr’a
288 1073 78 21 leccia,
372 1079 12 13 e
391 1071 23 20 si
421 1070 61 21 calò.
490 1069 54 19 Sen-

75 1109 35 19 tia
123 1108 10 19 i
144 1103 113 23 bizzicati
275 1109 14 13 e
303 1108 15 13 u
332 1097 213 26 scartafacciulume

74 1136 26 19 in
108 1135 19 20 li
133 1133 74 25 fogli;
214 1131 59 20 senti
274 1136 17 14 a
302 1129 67 20 cascà
378 1127 9 20 i
392 1125 73 26 jandi
471 1125 75 20 matu-

74 1163 24 20 ri
104 1168 39 14 mci
151 1164 126 17 mancunu
285 1157 22 20 si
315 1158 126 19 mustrava.

101 1190 29 20 St
129 1189 40 20 edi
176 1194 28 14 eu
204 1187 19 20 si
232 1193 31 13 un
272 1185 46 20 bon
328 1184 97 20 moment
424 1188 24 13 u.
464 1180 71 21 Ecart
534 1179 10 19 i

75 1218 39 20 chi
123 1223 16 14 a
147 1216 25 20 la
180 1215 50 25 fini,
240 1220 31 13 un
278 1211 90 26 paghiu
377 1211 22 19 si
406 1207 100 23 lascioni
510 1206 37 25 fa-

76 1246 25 20 là
110 1244 66 21 nanf
177 1249 47 14 una
237 1241 90 20 branca
336 1239 70 20 bassa
411 1244 8 16 ;
430 1239 78 21 tempu
522 1234 25 20 di

76 1273 77 24 coglia
170 1266 67 25 mira'
245 1276 13 12 e
265 1268 28 20 di
298 1266 115 25 stringhia
421 1271 16 14 u
454 1262 91 23 chiodu,

74 1301 84 24 falonu
174 1296 134 22 tramindui.
324 1295 19 20 A
358 1294 86 20 ciorma
453 1292 23 19 si
488 1291 57 20 levo,

76 1325 153 23 s’alluntanò,
237 1324 48 25 poi,
293 1323 61 24 dopu
362 1320 94 26 qualchi
462 1319 53 24 giru
523 1318 24 19 in

75 1353 133 24 ariajurnò
216 1359 15 13 a
237 1351 95 20 calassi.
341 1348 75 22 Pobbi
422 1347 50 20 cusi
479 1345 28 26 fà
513 1345 35 20 di-

76 1383 30 21 nô
114 1382 43 20 dui
166 1380 92 21 vittimi,
273 1386 14 12 e
296 1378 34 20 mi
339 1377 25 20 ni
371 1375 111 22 rientredi
495 1379 53 14 cun-

76 1413 74 18 tentu.

105 1436 101 28 Quande
219 1434 124 21 sbucchedi
355 1433 21 19 a’
384 1430 97 22 cuccula
495 1435 25 14 ai
533 1435 15 13 u

79 1464 184 23 Cantunacciii,a
271 1468 59 14 neve
337 1467 39 14 era
381 1458 130 27 purtatain
520 1456 29 20 ri-

76 1493 90 22 brutuli
173 1492 32 20 da
214 1498 31 13 un
254 1492 70 18 venta
330 1487 96 26 putenti.
431 1485 118 34 Sbrigava,

77 1524 108 21 u'passu,
203 1518 54 21 ben’
264 1518 154 24 ingutuppatu
432 1521 25 13 ni
468 1514 24 19 lu
506 1517 35 15 me

77 1548 121 22 mantellu,
214 1546 95 25 quande
325 1544 50 20 vidi
386 1543 86 20 sbuccù
487 1541 32 20 da
533 1547 15 13 a

76 1577 84 20 strada
175 1575 26 20 di
214 1581 16 13 a
244 1574 82 23 Longa
340 1578 47 14 una
398 1570 77 25 forma
484 1575 63 16 liera,

73 1603 148 26 picchiulata
234 1602 27 19 di
268 1601 85 20 biancu
362 1599 37 20 chi
405 1599 23 19 si
434 1598 44 20 bat
478 1598 34 19 fia
521 1603 26 13 eu

77 1640 17 13 u
103 1634 79 18 ventu.

104 1660 63 20 Ahi!
176 1665 15 14 u
200 1664 35 14 me
243 1657 68 20 core!
322 1655 45 21 Era
378 1654 79 20 Cecca.
470 1653 77 21 Cecca,

77 1688 88 21 croscia
181 1692 62 15 corne
260 1692 32 13 un
309 1684 115 19 alburetiu
439 1687 44 14 cun
500 1686 48 14 una

77 1718 50 19 mat
127 1715 24 20 in
152 1722 16 13 a
169 1717 26 17 ta
204 1712 161 25 baguaghiosa
373 1710 26 19 di
402 1709 144 24 primavera.

77 1745 21 20 A
100 1745 40 18 via
148 1743 10 20 i
165 1741 86 26 capelli
265 1739 82 21 sciolti,
355 1738 65 24 pieni
435 1743 17 14 a
458 1735 92 25 fiocculi

80 1773 28 19 di
115 1777 65 14 neve.

102 1811 27 4 —
137 1799 20 20 O
168 1798 37 21 Cè,
216 1796 32 20 da
258 1796 41 19 du'
307 1794 59 21 veni,
377 1793 47 20 cusi
430 1792 13 21 ?

104 1826 106 21 Sutfrinò
219 1831 14 13 u
242 1826 61 22 capu
309 1825 43 22 per
357 1820 27 25 fà
393 1820 69 20 cascà
471 1826 16 13 a
496 1819 54 20 nevi

76 1862 14 13 e
98 1855 34 20 mi
138 1853 82 21 dissi.c
228 1858 48 14 una
286 1850 51 21 voci
343 1849 80 20 chiara
430 1855 9 13 :

102 1892 27 5 —
134 1882 19 20 S
152 1882 14 19 à
176 1887 28 14 eu
204 1880 33 20 lia
239 1882 26 17 ta
273 1885 17 14 a
298 1877 78 21 caccià
384 1877 10 19 i
401 1875 83 20 vacchi
491 1875 33 20 da
533 1881 15 13 u

78 1911 87 20 chiosu.
173 1908 83 25 parchi
268 1907 24 20 si
298 1910 119 20 magnanu
423 1903 105 25 ghiandi
536 1909 13 13 e

77 1937 137 25 castagni...

104 1975 26 5 —
136 1966 41 20 Ma
186 1965 33 19 se’
225 1962 87 21 croscia
321 1967 13 14 e
342 1966 79 15 mezza
431 1961 60 19 mort
491 1965 15 14 a
512 1958 35 21 !...

103 1994 36 20 Mi
145 1992 121 21 cacciediu
275 1989 110 21 mantellu
391 1992 49 21 par
448 1987 101 24 lampal-

79 2022 45 20 luli
131 2020 113 21 annant'a
251 2020 10 19 i
267 2017 85 26 spalli;
359 2016 80 20 edella
445 2015 104 24 ebbipar

79 2056 36 13 me
121 2056 31 13 un
158 2047 104 26 sguardu
268 2044 216 24 amurosujimpidu
487 2048 62 14 corne

78 2078 87 19 Fonda.
177 2076 34 20 Mi
217 2075 109 20 bastava.
336 2072 78 21 Pudia
430 2071 65 21 nivà,
507 2073 42 21 pn-

79 2106 44 19 dia
131 2104 73 24 suffià
214 2106 76 18 ventu,
301 2108 31 13 un
340 2100 70 21 sintia
426 2099 44 25 più
484 2098 41 20 che
533 2104 15 13 a

79 2139 107 14 canzona
195 2131 27 20 di
229 2138 15 13 u
253 2137 37 14 me
302 2135 58 16 core,
369 2135 15 13 a
395 2128 65 19 dolce
468 2132 81 14 canzo-

79 2167 33 14 na
121 2161 27 19 di
155 2160 105 19 Famore.
270 2158 49 20 cusi
333 2156 69 21 bella,
417 2155 50 19 cusi
479 2157 68 22 pura.

79 2189 48 19 cusi
136 2188 82 20 divina
223 2187 37 19 !...

284 2236 60 23 VIII

113 2285 143 29 Quandu
275 2280 244 30 Grandineghia

108 2349 64 25 Oghj
178 2349 39 20 chi
227 2346 180 27 grandineghia,
422 2345 34 20 mi
463 2350 89 13 venenu

81 2378 25 19 in
115 2380 75 17 mente
199 2378 9 19 i
217 2383 40 13 ver
255 2376 23 20 si
287 2376 26 19 di
321 2381 15 14 u
341 2376 72 23 pueta
419 2379 8 14 :

104 2412 146 26 Strepitando
257 2412 51 19 vien
313 2410 47 25 giù,
366 2408 96 21 candîda
467 2413 12 14 e
485 2407 66 20 bella.

106 2441 78 20 Battei
191 2440 146 22 suol,tronca
346 2438 6 19 i
359 2436 85 21 rami.il
454 2435 59 20 cielo
519 2441 33 14 os-

488 2468 63 17 cura,

107 2497 25 23 E,
138 2496 61 21 nelle
208 2495 72 26 grigie
291 2494 45 22 vie,
350 2495 99 17 sonante
463 2497 13 13 e
490 2491 64 21 dura,

104 2525 99 21 Picchia,
215 2522 118 21 rimbalza,
340 2520 79 23 rotola,
430 2518 100 21 saltelia.

107 2553 13 19 1
125 2552 92 25 pinseri
224 2557 22 13 m
250 2549 129 21 ’assaltanu
387 2554 64 13 corne
456 2546 67 24 vespi
530 2546 24 19 in

79 2580 65 25 furia
150 2587 9 15 ;
167 2581 67 18 sentu
238 2577 61 20 ch’in
305 2577 26 19 lu
337 2576 41 20 me’
383 2578 62 21 capu
451 2575 34 19 cè
490 2573 64 25 qual-

81 2614 56 14 cosa
146 2607 39 20 chi
192 2605 75 25 zifula
275 2610 63 15 corne
344 2610 15 13 a
367 2603 109 20 ’randina
483 2607 71 19 quan-

82 2636 71 19 d'ella
162 2633 88 24 sdrisgi
257 2639 15 13 u
279 2632 119 25 fugliame.

596 357 42 20 Tut
638 359 25 17 tu
671 362 17 18 q
688 362 40 13 ues
729 358 25 17 tu
761 355 54 24 face
823 358 63 15 corne
893 356 31 13 un
932 352 107 16 sussurru

567 383 165 21 armunizzatu
738 389 16 13 a
760 388 16 13 u
779 380 93 26 picchiu
876 385 13 12 e
894 377 23 19 a’
918 376 120 19 burrasca.

567 412 14 19 1
587 411 43 20 me’
638 410 66 23 occhj
710 410 22 19 si
742 408 105 25 perdenu
861 412 16 13 a
895 404 10 19 l
912 403 126 20 orizzoute,

568 439 24 20 in
601 438 20 19 li
627 436 76 21 nivuli
705 436 78 24 grisgi
789 441 13 13 e
807 433 56 21 neri,
869 438 25 13 ni
904 431 24 19 la
934 430 29 24 pi
963 436 15 13 a
979 433 60 15 mira

568 465 85 20 biancu
662 464 27 19 di
695 463 109 20 ’randina
812 467 27 13 eu
847 460 10 19 i
862 457 71 26 punti
945 456 94 20 culuriti

568 492 27 20 di
600 491 161 20 l’alberatura.

596 518 44 20 Chi
656 518 99 24 bisognu
771 516 27 19 di
815 513 71 26 pinsà
903 519 15 13 a
935 511 103 21 Famore,

568 545 96 25 quande
672 551 15 13 u
695 544 84 25 spiritu
789 549 30 13 un
834 542 31 19 cè
870 541 13 19 ?
896 540 19 20 A
927 541 87 18 natura
1024 543 15 13 u

567 573 53 20 s’ha
627 576 70 21 presu
705 574 36 17 sot
741 571 34 19 t’a
784 576 16 14 u
807 570 32 19 so'
848 566 119 22 mantellu,
977 569 63 16 conte

568 606 32 14 un
613 600 76 19 ladru.
699 599 19 19 A
733 600 87 17 natura
830 597 12 18 è
847 598 48 22 par
903 600 35 14 me
951 599 47 14 una
1010 591 30 20 si-

568 626 150 21 cond’anima
726 624 75 20 chidà
810 630 15 13 a
831 628 72 15 manu
909 628 16 13 a
931 621 25 19 la
961 619 77 20 meia..

596 653 44 20 Chi
644 654 12 18 è
664 653 96 19 Famore
765 651 13 19 ?

596 681 34 20 Un
639 680 24 19 la
672 680 69 24 sapia
747 684 87 14 ancora
841 676 76 26 quillu
919 680 71 19 jornu
993 680 9 16 ;
1007 679 32 14 un

568 709 25 19 la
602 715 30 13 vu
634 708 33 19 lia
676 708 64 24 sapé,
750 706 73 20 micca
830 708 48 21 par
885 710 31 14 vu
916 703 51 20 huit
967 702 23 22 à,
1000 707 40 14 ma

568 739 46 18 bar
619 739 19 21 p
638 742 15 13 a
654 741 49 14 ura.
711 734 83 20 Niente
799 734 13 19 è
818 733 43 24 più
868 731 57 20 terri
923 730 47 20 bile
982 729 60 20 ched

568 764 60 23 ellu;
636 764 76 19 niente
718 762 43 25 più
769 761 65 20 dolce
842 759 92 21 dinò.Si
939 761 58 17 terne
1003 764 12 13 e
1020 757 22 20 si

568 795 77 22 spera,
654 791 21 20 si
687 790 46 20 vol’
739 790 28 25 fà
777 792 68 19 tuttu,
855 795 13 13 e
877 794 15 13 u
907 793 51 14 core
972 792 32 14 un
1020 785 22 20 si

566 820 33 24 pà
607 819 88 20 décidé.

594 848 23 20 E
620 846 160 26 grandinava.
790 845 78 20 L’aria
873 843 77 25 fresca
957 841 85 25 mijac-

570 876 70 19 ciava
648 881 16 14 a
676 874 86 25 faccia,
772 880 13 13 e
793 874 10 19 i
813 871 121 27 pallottuli
945 869 98 21 bianchi

570 904 33 19 mi
608 902 160 26 pizzicavanu
777 899 113 25 Forecchf.

595 932 36 19 Mi
638 931 26 20 ni
672 931 116 20 riintrava
796 929 32 20 da
837 928 86 21 caccia,
934 924 109 27 passioni

569 959 87 25 sempri
660 958 121 25 preferita,
791 964 13 13 e
809 957 103 24 pinsava
920 954 39 20 chi
965 960 16 13 a
988 958 53 14 sera

569 988 67 19 saria
643 989 64 18 stata
711 986 72 25 festa:
794 982 138 28 Quand’ellu
935 981 50 25 faci
991 980 52 20 Em-

567 1017 71 22 pesta
646 1015 54 21 cusi,
709 1014 24 19 a’
741 1013 84 24 veghia
834 1011 55 20 inde
897 1010 31 20 zi’
933 1009 47 20 D...
987 1008 55 20 s'ar-

570 1043 92 20 rustinu
671 1042 10 20 i
687 1040 111 25 castagni
804 1046 15 14 a
829 1046 31 13 un
869 1038 40 21 bel
914 1037 53 25 focu
981 1035 62 20 licci-

571 1077 39 16 nu,
626 1071 23 19 si
659 1070 39 20 bei
712 1076 14 13 u
740 1069 58 19 vinu
814 1064 158 25 chiarasgiolu
987 1063 26 20 di
1027 1069 15 12 a

572 1099 60 24 Sipa
641 1104 12 13 e
661 1097 23 20 si
686 1099 69 18 conta
756 1102 33 14 nu
797 1096 10 19 i
812 1094 51 25 foli,
874 1095 62 18 ment
935 1092 22 19 ri
959 1091 54 25 fora
1022 1089 22 21 si

572 1126 101 25 sfoganu
679 1123 125 22 l’èlementi
811 1123 24 20 in
843 1122 72 24 juria.

795 1159 8 9 *
809 1159 8 9 *

803 1172 8 9 *

601 1198 71 21 Cecca
676 1200 74 22 passa
756 1202 13 13 e
774 1195 55 20 veni
832 1194 25 19 in
863 1198 58 14 casa
927 1197 62 14 corne
995 1196 48 14 una

570 1226 40 25 fat
609 1232 25 14 a.
643 1225 84 20 Babbu
736 1230 13 13 e
757 1223 32 21 zi’
796 1223 47 20 D...
859 1220 128 21 discorrinu
1001 1221 44 22 pu-

573 1254 65 21 litica
643 1253 274 22 chimintaressapocu;u
921 1254 36 14 me
960 1247 85 24 ’sguar-

573 1282 33 20 du
613 1281 61 25 fissa
681 1287 31 14 un
719 1279 95 25 ghicittu
820 1277 39 20 chi
862 1277 23 19 si
889 1275 89 22 scalda,
985 1277 60 17 stra-

573 1311 83 23 quatu,
665 1307 85 21 mentri
757 1313 15 13 u
781 1312 36 14 me
824 1305 84 24 spiritu
917 1303 87 20 èaltrò.
1011 1302 34 20 Di

575 1336 98 27 quandu
679 1336 24 19 in
710 1334 98 25 quandu
814 1333 33 20 mi
851 1331 64 20 voltu
920 1337 41 13 ver
959 1337 29 13 su
994 1330 52 20 Cec-

574 1372 29 13 ca
607 1364 39 20 chi
650 1363 64 24 cosgi
717 1368 16 14 a
739 1368 16 13 u
759 1361 61 25 focu,
827 1367 16 13 a
847 1359 79 25 faccia
931 1358 114 21 arrussita

574 1394 33 19 da
615 1398 16 13 u
640 1391 83 20 calore.
732 1388 56 21 Ella
797 1388 32 20 mi
834 1387 61 25 fissa
904 1393 44 13 cun
965 1386 81 20 occhiu

574 1419 72 22 dolce,
655 1419 32 19 ed
693 1416 81 22 eiuchi
780 1422 31 14 un
816 1418 71 22 possu
893 1414 109 24 risistaci,
1009 1421 38 13 ca-

574 1448 26 20 lu
608 1454 15 13 u
632 1449 60 22 capu
698 1448 47 22 par
753 1443 95 26 ripiglià
856 1449 17 14 u
882 1442 124 21 mesonniu
1013 1442 33 20 da

574 1475 126 25 svighiatu.

599 1513 27 4 —
636 1502 20 20 O
662 1501 81 24 Liapò,
754 1500 42 20 vai
808 1506 16 13 a
835 1499 133 25 pigliammi
981 1505 16 13 u
1005 1504 36 14 me

572 1531 71 25 fucili
648 1531 25 19 in
681 1535 56 14 casa
745 1535 10 16 ;
762 1527 73 25 aghiu
849 1527 33 20 da
896 1527 54 24 falà
958 1533 29 14 eu
995 1527 50 19 D...

574 1559 26 20 in
606 1558 24 20 la
638 1557 63 25 Tipa,
712 1564 12 12 e
733 1563 32 13 un
774 1556 88 20 rientru
868 1555 73 20 micca
946 1558 100 19 stasera,

573 1586 48 25 feci
636 1585 89 20 babbu.
734 1585 21 20 A
770 1584 100 19 diciarei
877 1590 16 13 a
910 1585 136 18 mammata.

600 1614 27 20 lé
631 1614 12 19 !
650 1619 15 14 a
674 1619 68 14 scusa
751 1618 42 14 era
799 1614 48 22 par
854 1618 32 13 un
893 1611 64 20 aitra
973 1611 75 19 butte-

573 1642 52 24 glia
631 1641 34 20 ad
669 1641 77 24 empia
753 1647 12 13 e
771 1645 16 14 a
796 1639 73 20 biutà.

600 1679 25 4 —
635 1670 32 19 Cu
675 1671 38 17 stu
721 1668 96 24 bughiu,
835 1673 13 14 o
856 1668 23 19 zi
885 1667 13 20 ?
909 1667 49 24 feci
967 1667 78 19 Cecca.

574 1709 27 4 —
609 1696 111 21 Andetici
732 1695 136 22 tramindui,
877 1694 48 25 feci
936 1694 112 20 allorazi’

574 1726 48 20 D...

600 1798 36 20 Fù
650 1804 48 13 una
712 1803 54 14 sera
780 1796 26 20 di
818 1795 129 25 Jnnaghiu.
962 1794 88 21 Mentri

573 1826 151 25 grandinava
733 1824 76 21 ch’eiu
817 1824 59 20 dissi
888 1830 16 13 u
918 1823 43 20 me’
969 1829 80 14 amore

574 1861 17 13 a
603 1854 78 20 Cecca.
690 1853 39 20 Ed
735 1852 49 20 ella
793 1852 33 20 mi
832 1851 109 25 rispundi
947 1857 29 14 cu
981 1851 25 19 lu
1016 1849 32 21 so'

575 1888 88 14 amore.

600 1910 13 20 1
620 1916 37 13 me
671 1908 89 25 parolli
767 1908 10 20 i
784 1908 23 19 si
816 1910 106 22 purtava
938 1913 16 13 u
968 1908 79 21 ventu,

572 1938 58 25 però
635 1937 121 20 l’intrianu
761 1936 25 19 in
795 1935 140 24 l’orecchj....

603 1965 20 20 O
632 1965 39 20 voi
678 1964 39 20 chi
723 1964 75 20 ameti
804 1970 13 13 e
828 1963 69 20 ch’un
904 1962 145 25 sapeticorne

573 1993 29 25 fà
609 1996 47 21 par
663 1991 110 21 dichiarà
782 1997 16 14 u
806 1993 80 18 vostru
892 1990 81 22 calori,
982 1990 67 19 m'as-

575 2020 96 22 culteti?
682 2020 34 20 Un
722 2019 80 25 sapeti
807 2019 73 20 micca
886 2018 110 20 com’ell’è
1000 2017 49 20 dol-

575 2050 23 19 ci
605 2049 27 20 di
638 2051 66 17 senta
714 2054 31 13 un
755 2053 40 14 cor
792 2050 35 21 pu
835 2049 83 17 amatu
934 2045 93 20 accanf
1032 2052 16 13 a

575 2084 16 13 u
600 2078 85 20 vostru,
695 2082 13 13 e
716 2075 69 20 chivi
791 2074 110 24 stringhf,
911 2073 126 20 dicenduvi
1040 2079 9 14 :

575 2104 87 21 t’amu!
666 2103 76 20 allora
749 2102 40 20 chi
793 2109 14 13 u
814 2104 55 17 tonu
873 2101 130 20 rimbomba

603 2132 52 21 Oh!
663 2132 25 19 lu
696 2131 44 20 me’
748 2130 95 20 amore!
851 2129 42 21 Sei
899 2129 150 20 cuminciatu-

575 2161 36 20 ad
617 2166 53 14 essa
678 2158 138 21 cunusciutu
825 2157 92 25 quand’
924 2157 46 20 ellu
977 2163 71 18 gran-

576 2189 117 20 dinava...

797 2237 34 22 IX

731 2284 161 24 Viranata

606 2350 20 19 U
633 2349 51 20 vira
685 2355 31 13 nu
724 2348 138 20 s’avvicina.
872 2347 137 21 Marzuridi
1014 2347 35 20 in-

577 2377 73 20 tondu
658 2382 17 14 a
683 2382 41 14 me.
731 2376 147 24 priparendu
888 2381 15 14 u
912 2375 79 20 vistitu
1001 2375 49 24 pri-

578 2404 108 21 maverili
693 2404 27 19 di
724 2410 23 13 m
748 2403 79 24 aghiu.
835 2403 150 20 L’amanduli
985 2403 66 23 pien-

578 2432 75 25 ghjnu
671 2431 57 25 fiori
733 2438 9 15 ;
758 2437 15 13 a
791 2432 9 18 i
812 2431 78 24 sepali
902 2430 148 24 lamaghiosi,

579 2460 61 25 l’api
659 2465 149 16 sussurranu,
829 2461 62 17 tuttu
911 2457 140 21 succhiendu

580 2488 62 20 meli.
649 2487 78 20 L’aria
732 2490 64 21 pura
802 2487 13 19 è
823 2486 49 20 cusi
876 2486 63 19 dolci
945 2492 15 13 a
966 2485 85 24 rispirà

580 2516 39 20 chi
624 2522 16 13 a
646 2515 53 20 beiu
705 2521 63 13 corne
773 2514 95 24 Facqua
874 2513 26 20 di
904 2519 16 14 a
925 2514 9 19 i
941 2513 109 23 surgenti.

834 2552 31 20 A.
876 2551 32 22 de
919 2550 105 22 Peretti.

604 2588 86 24 (Parlala
698 2588 21 18 di
726 2588 63 22 Levie)

784 2621 11 27 (
798 2621 145 26 Cuntinua)

1067 140 104 22 Cullana
1180 137 101 21 Storica
1293 135 27 22 di
1332 132 125 35 4i^'Üvrî?'-

1121 201 24 36 A
1163 200 159 43 Cunquista
1340 196 142 35 Francese

1201 253 32 35 di
1250 266 18 23 a
1287 251 119 36 Corsica

1115 308 47 28 (Da
1173 312 30 14 un
1221 304 123 23 Giurnale
1356 302 23 21 di
1392 300 104 28 l'Epuca)

1234 360 132 31 (Seguitu)

1094 419 80 27 Après
1187 419 72 21 avoir
1271 424 30 16 eu
1313 418 23 20 la
1350 413 143 29 précaution
1510 412 30 20 de

1066 450 133 26 s’emparer
1213 448 31 21 de
1262 449 83 21 toutes
1361 445 35 20 les
1414 444 125 23 hauteurs,

1066 486 31 16 on
1111 481 95 24 attaqua
1216 480 55 20 tout
1282 478 31 21 de
1325 475 63 22 suite
1399 475 23 20 le
1434 473 105 28 Village,

1066 508 93 29 malgré
1171 509 23 21 le
1203 508 41 21 feu
1258 506 127 25 continuel
1396 505 41 27 qui
1450 504 92 28 partoit

1066 541 44 21 des
1121 539 110 22 maisons
1244 535 127 25 crénelées
1382 536 13 21 à
1407 538 81 20 toutes
1505 536 37 21 les

1066 572 65 21 faces
1141 577 7 19 ;
1163 570 23 20 la
1205 568 100 27 Troupe
1316 573 18 22 y
1346 569 67 19 entra
1433 566 31 21 de
1483 566 59 21 vive

1067 602 65 21 force
1141 606 5 19 ;
1159 601 55 19 tout
1227 605 28 15 ce
1268 598 42 27 qui
1322 597 88 22 résista
1424 597 37 21 fut
1473 596 69 28 égor-

1066 630 39 29 gé,
1118 630 23 21 &
1153 630 35 20 les
1201 629 112 20 maisons
1326 628 42 26 qui
1377 628 72 21 firent
1457 627 22 20 le
1489 627 54 26 plus

1067 662 29 21 de
1116 659 137 22 résistance
1274 658 85 22 furent
1378 657 132 22 enfoncées
1530 657 13 21 à

1067 697 76 21 coups
1156 691 30 20 de
1198 689 81 22 hache
1290 689 23 21 &
1331 687 104 23 brûlées.
1456 688 39 22 On
1513 694 30 15 ne

1067 721 94 23 sauroit
1180 720 131 27 exprimer
1324 720 36 20 les
1378 719 118 28 prodiges
1514 719 30 21 de

1067 753 86 22 valeur
1164 757 47 21 que
1224 751 76 21 firent
1311 750 37 21 les
1361 749 150 23 Grenadiers
1523 749 22 21 &

1067 785 36 20 les
1124 782 139 22 Chasseurs
1281 781 62 21 dans
1365 783 63 20 cette
1448 783 97 25 attaque

1068 814 42 28 qui
1127 813 61 21 dura
1205 818 14 15 2
1239 812 101 21 heures.
1354 811 34 22 M.
1401 812 30 21 de
1445 811 100 22 Geoffre

1068 846 30 20 de
1111 843 157 27 Chabrignac
1287 847 27 16 se
1335 845 69 24 porta
1424 843 98 21 ensuite
1533 841 12 22 à

1068 876 20 21 la
1102 874 66 22 Tour
1176 873 29 21 de
1216 873 121 26 Galleria,
1344 872 22 22 <&
1374 874 22 20 le
1405 873 140 22 lendemain

1069 905 13 22 à
1093 905 62 21 celle
1168 904 30 21 de
1211 903 114 22 Girolata
1337 909 62 21 pour
1409 903 136 28 l’attaquer,

1067 935 82 23 tandis
1161 940 46 21 que
1220 934 66 22 deux
1299 933 137 28 Felouques
1449 935 31 21 du
1499 934 47 22 Roi

1069 972 59 16 avec
1140 972 47 15 une
1200 965 120 22 Gondole
1333 965 94 22 armées
1446 966 42 27 qui
1505 971 43 16 en-

1068 997 94 22 trèrent
1173 997 62 20 dans
1247 996 24 21 le
1294 995 75 22 Golfe
1389 997 118 21 dévoient
1524 997 22 20 la

1069 1033 131 19 canonner,
1213 1026 35 22 M.
1263 1026 31 21 de
1309 1026 100 22 Geoffre
1422 1032 125 17 couronna

1069 1060 82 20 toutes
1163 1058 23 21 le
1199 1057 152 28 Montagnes
1362 1057 23 21 &
1396 1057 41 22 eût
1450 1058 22 21 le
1488 1057 60 22 bon-

1069 1089 62 22 heur
1143 1088 117 22 d’arrêter
1272 1093 34 16 un
1318 1088 100 22 homme
1427 1088 40 27 qui
1479 1088 70 21 alloit

1070 1120 133 21 demander
1222 1120 33 21 du
1271 1125 110 20 secours,
1401 1119 23 21 &
1444 1119 61 21 dans
1525 1119 23 21 le

1070 1151 80 21 même
1162 1152 64 20 tems
1238 1156 28 20 40
1279 1152 84 19 autres
1375 1150 41 26 qui
1429 1149 120 22 venoient

1071 1188 26 15 se
1106 1182 74 27 jetter
1192 1181 62 22 dans
1266 1182 23 21 la
1301 1181 68 22 Tour
1388 1183 24 18 et
1425 1181 23 21 la
1468 1181 80 21 soute-

1072 1213 47 21 nir.
1136 1211 101 30 Voyant
1257 1212 64 21 ainsi
1343 1217 106 21 occuper
1467 1213 82 19 toutes

1071 1244 37 21 les
1122 1243 158 27 Montagnes,
1302 1243 32 21 ils
1354 1241 165 22 renoncèrent
1537 1240 12 22 à

1071 1275 53 21 leur
1135 1274 89 27 projet,
1240 1273 23 22 &
1283 1280 28 15 se
1330 1272 171 23 contentèrent
1520 1272 30 21 de

1071 1305 62 22 tirer
1144 1306 44 20 des
1199 1310 79 21 coups
1290 1304 32 21 de
1334 1303 66 25 fusil,
1414 1303 61 21 dont
1486 1303 17 21 il
1519 1308 31 15 ne

1072 1335 130 28 s’inquiéta
1215 1335 100 28 guères.
1330 1334 21 21 Il
1362 1334 27 21 fit
1403 1339 26 15 sa
1446 1338 105 17 somma-

1072 1367 62 25 tion,
1146 1366 48 22 elle
1206 1366 38 21 fut
1255 1366 86 22 courte
1354 1365 25 20 et
1389 1363 145 28 expressive
1543 1368 6 15 :

1072 1398 183 27 Rendez-vous,
1268 1401 63 16 sans
1344 1395 69 27 quoi,
1432 1399 65 16 vous
1513 1399 38 16 se-

1072 1435 43 22 rez
1119 1426 149 30 foudroyés
1278 1428 54 26 par
1345 1425 23 22 le
1382 1425 100 25 Canon,
1494 1425 57 27 pris

1073 1459 23 22 &
1115 1458 113 29 pendus.
1254 1457 120 22 L’audace
1394 1456 43 21 des
1459 1454 92 22 Grena-

1073 1490 67 21 diers
1151 1489 22 21 &
1186 1488 139 22 Chasseurs
1338 1486 115 22 conduits
1465 1485 85 27 parM.

1074 1519 159 25 Desmailles,
1248 1517 132 28 Capitaine
1397 1517 43 21 des
1459 1516 94 22 Grena-

1073 1551 65 22 diers
1151 1550 41 27 qui
1204 1549 28 22 fit
1248 1555 30 15 en
1291 1549 80 21 même
1383 1550 63 19 tems
1462 1547 91 22 hacher

1073 1583 23 21 la
1109 1582 73 21 Porte
1191 1580 31 21 de
1231 1580 23 21 la
1263 1579 91 21 double
1363 1578 123 25 Enceinte,
1497 1583 55 16 vers

1074 1612 105 27 laquelle
1194 1611 18 21 il
1225 1609 84 22 s’étoit
1327 1608 93 23 avancé
1441 1614 60 15 avec
1519 1613 33 16 un

1074 1640 146 29 intrépidité
1232 1640 102 27 capable
1346 1639 53 22 d’en
1419 1639 110 27 imposer
1540 1637 13 22 à

1074 1672 129 25 l’Ennemi,
1226 1671 94 21 acheva
1342 1671 22 20 la
1382 1670 119 27 besogne.
1523 1668 30 22 La

1074 1703 68 22 Tour
1152 1703 31 21 de
1196 1701 122 26 Girolata,
1342 1700 73 28 qu’on
1435 1702 60 25 peut
1512 1705 42 22 ap-

1075 1736 69 26 peler
1155 1733 13 22 à
1178 1734 69 27 juste
1257 1733 58 21 titre
1328 1738 32 15 un
1373 1731 64 27 petit
1449 1730 65 26 Fort,
1527 1736 26 16 se

1076 1765 83 22 rendit
1176 1763 13 22 à
1204 1762 137 23 discrétion
1358 1761 13 22 à
1384 1768 12 21 7
1415 1761 89 22 heures
1522 1761 31 21 du

1076 1797 58 24 soir,
1148 1795 22 21 &
1182 1800 32 16 on
1226 1800 18 23 y
1255 1796 89 19 trouva
1356 1798 47 16 une
1415 1793 76 27 petite
1503 1791 51 28 piè-

1076 1833 28 16 ce
1111 1827 31 21 de
1151 1825 85 22 Canon
1246 1824 24 22 &
1278 1825 119 26 quelques
1407 1823 145 22 munitions.

1105 1856 148 28 Cependant
1270 1856 37 20 les
1319 1854 114 21 habitans
1452 1854 30 21 de
1499 1856 55 19 tous

1075 1889 37 21 les
1123 1887 112 27 Villages
1248 1885 98 22 voisins
1365 1885 93 21 avertis
1475 1890 43 20 par
1532 1884 22 21 le

1075 1919 67 21 bruit
1153 1918 31 21 de
1195 1918 23 21 la
1231 1915 188 28 Mousqueterie
1436 1915 24 21 &
1477 1920 44 22 par
1532 1915 22 20 le

1076 1955 43 16 son
1132 1949 42 21 des
1188 1948 117 24 Cornets,
1321 1952 28 15 se
1366 1946 190 22 rassemblèrent

1075 1986 31 15 au
1117 1979 104 21 nombre
1233 1978 99 26 de;plus
1344 1977 32 20 de
1387 1982 64 19 2000,
1462 1976 61 21 dont
1532 1977 22 20 la

1076 2011 54 26 plus
1141 2009 95 28 grande
1249 2007 80 28 partie
1342 2006 74 22 sortit
1427 2007 31 20 de
1473 2005 82 22 Calin-

1076 2046 66 19 sana,
1150 2039 21 22 &
1180 2038 90 22 s’étant
1274 2037 82 28 joints
1365 2036 13 22 à
1390 2042 54 16 1200
1454 2037 30 21 de
1493 2042 62 16 ceux

1076 2071 40 27 qui
1129 2070 95 22 étoient
1235 2074 50 16 aux
1294 2069 87 21 ordres
1390 2068 31 21 de
1432 2067 76 26 Paoli,
1518 2067 34 22 M.

1075 2103 31 21 de
1118 2101 156 27 Chabrignac
1287 2100 111 21 ordonna
1410 2099 22 20 la
1444 2098 108 26 retraite,

1075 2133 21 21 &
1108 2132 74 28 qu’on
1194 2137 28 15 se
1233 2130 92 28 repliât
1336 2135 42 16 sur
1389 2130 23 20 le
1421 2128 134 29 Régiment

1075 2163 42 28 qui
1130 2162 62 22 étoit
1203 2167 32 16 en
1247 2161 102 21 bataille
1369 2165 42 16 sur
1428 2166 48 15 une
1494 2159 61 22 émi-

1076 2199 78 16 nence
1166 2191 110 23 derrière
1288 2192 25 20 la
1328 2190 118 22 Ficarella
1465 2196 62 15 avec
1540 2196 13 15 2

1076 2225 83 27 pièces
1171 2223 30 21 de
1215 2222 96 22 Canon.
1327 2221 31 21 La
1374 2221 98 21 marche
1494 2220 61 22 étoit

1076 2256 30 21 de
1115 2261 13 16 2
1137 2255 87 23 lieues,
1232 2253 23 21 &
1264 2251 146 23 néanmoins
1420 2253 64 20 cette
1493 2252 61 21 mul-

1075 2285 81 23 titude
1168 2285 31 21 de
1212 2283 93 22 Corses
1319 2283 69 21 n’osa
1405 2282 91 27 jamais
1514 2287 39 22 ap-

1077 2316 106 28 procher
1194 2314 13 22 à
1220 2315 22 21 la
1252 2313 88 28 portée
1351 2314 31 21 du
1394 2313 103 27 pistolet
1506 2318 5 19 ;
1522 2313 32 20 el-

1075 2348 24 21 le
1110 2353 27 14 se
1150 2347 118 20 contenta
1287 2345 32 21 de
1341 2344 103 24 fusiller,
1467 2343 31 22 de
1516 2349 38 15 re-

1076 2377 108 27 prendre
1195 2381 63 16 avec
1272 2381 49 15 une
1339 2373 100 23 activité
1459 2379 92 21 surpre-

1077 2409 75 20 nante
1163 2407 37 21 les
1214 2406 137 21 Mamelons
1363 2404 13 22 à
1393 2410 97 16 mesure
1507 2409 47 21 que

1077 2439 23 21 le
1112 2437 185 22 Détachement
1308 2437 38 20 les
1358 2435 101 27 quittoit
1468 2441 6 19 ;
1493 2434 62 21 mais

1078 2469 18 21 il
1109 2467 105 22 suffisoit
1227 2472 47 22 que
1286 2466 119 27 quelques
1418 2465 99 27 Piquets
1528 2470 26 15 se

1078 2499 141 27 portassent
1225 2497 217 22 alternativement
1449 2501 43 15 sur
1499 2500 55 20 eux,

1079 2534 64 23 pour
1153 2529 37 21 les
1201 2528 58 21 voir
1270 2533 27 16 se
1309 2527 90 27 replier
1410 2532 30 15 au
1452 2526 54 27 plus
1517 2525 39 22 vi-

1079 2562 34 19 te.
1127 2559 34 22 M.
1175 2559 30 21 de
1219 2558 80 21 Luker
1310 2557 14 22 à
1336 2558 22 20 la
1370 2557 50 21 tête
1432 2557 32 20 du
1483 2555 73 28 Régi-

1080 2592 68 20 ment
1159 2589 173 27 s’apercevant
1349 2586 143 23 néanmoins
1508 2592 48 22 que

1080 2622 36 21 les
1126 2619 153 23 Grenadiers
1288 2618 22 22 &
1320 2617 135 23 Chasseurs
1464 2617 92 22 blessés

1567 128 39 21 nui
1626 133 27 15 se
1674 121 138 26 retiroient,
1834 116 134 29 pouvo.cnt
1987 114 52 20 être

1567 158 49 26 pris
1628 158 22 20 &
1663 153 122 30 peut-être
1797 149 113 28 égorges,
1927 146 70 21 selon
2017 145 21 19 la

1567 190 113 21 coutume
1693 185 43 22 des
1749 182 99 22 Corses,
1862 178 16 21 il
1889 175 101 23 détacha
1999 179 36 16 sui

1567 222 21 20 le
1609 218 87 26 champ
1718 215 65 21 deux
1804 209 99 28 Piquets
1923 211 62 23 pour
2004 205 36 21 les

1567 248 114 28 protéger
1692 247 22 21 &
1726 246 36 20 les
1775 245 107 19 couvrir,
1895 237 22 21 &
1929 238 36 20 les
1976 236 64 21 deux

1567 279 141 28 Capitaines
1729 274 40 28 qui
1790 273 35 20 les
1843 266 196 25 commandoient
2047 275 3 4 •

1567 309 115 23 méritent
1694 307 35 20 les
1742 305 54 26 plus
1804 299 91 30 grands
1904 297 92 28 éloges.
2007 297 32 20 Ils

1567 336 202 26 manoeuvrèrent
1780 340 29 14 en
1823 331 68 22 Gens
1903 328 137 29 également

1567 371 135 20 valeureux
1711 366 22 21 &
1745 362 192 29 expérimentes,
1956 359 30 21 ils
2006 362 34 16 ai-

1567 400 87 21 dèrent
1662 399 126 22 beaucoup
1798 393 12 22 à
1818 392 97 21 acculer
1923 390 116 22 l’Ennemi

1567 430 13 22 à
1590 427 102 24 l’entrée
1704 426 30 21 de
1747 426 22 21 la
1782 423 79 29 plaine
1873 429 5 19 ;
1897 428 32 15 on
1947 426 30 16 ne
1990 423 50 17 ces-

1568 461 49 21 soit
1629 460 30 21 de
1670 458 107 27 l’agacer
1796 460 43 22 par
1857 452 90 23 l’envie
1966 449 72 29 qu’on

1568 491 69 22 avoit
1649 491 32 21 de
1691 490 23 21 le
1727 487 102 28 charger
1841 485 12 22 à
1871 484 83 23 l'arme
1974 481 67 22 blan-

1569 522 53 26 che,
1635 520 62 23 mais
1707 524 78 17 aucun
1799 517 65 22 n’osa
1877 518 114 19 avancer.
2009 511 31 20 Le

1569 552 133 29 Régiment
1727 550 30 22 de
1784 549 146 26 Bourgogne
1961 542 80 29 perdit

1569 585 61 21 dans
1648 585 63 20 cette
1729 580 83 22 affaire
1824 585 13 20 4
1849 577 115 23 Officiers
1981 573 60 22 dont

1570 621 31 15 un
1616 613 129 28 Capitaine
1766 611 43 21 des
1831 606 149 24 Grenadiers
1989 610 5 17 ;
2017 608 25 16 10

1571 645 82 22 furent
1675 641 103 25 blessés,
1802 638 78 29 parmi
1903 634 106 28 lesquels
2029 638 11 22 5

1570 675 163 29 grièvement,
1754 672 22 21 &■
1799 670 28 22 80
1850 666 147 24 Crenadiers
2020 664 21 20 &

1572 706 137 22 Chasseurs
1720 702 56 23 tués
1787 707 32 17 ou
1831 697 102 26 blessés,
1946 695 63 23 mais
2020 694 22 21 la

1571 739 70 26 perte
1652 736 43 21 des
1707 734 91 22 Corses
1807 731 52 22 doit
1866 726 178 25 certainement

1572 767 72 22 avoir
1655 765 38 23 été
1705 771 29 16 en
1747 761 154 31 proportion.

1601 801 126 27 Quelques
1734 797 73 28 jours
1816 794 70 29 après
1896 793 34 22 M.
1941 792 30 21 de
1982 790 62 22 Cha-

1572 833 105 27 brignac'
1686 831 46 21 alla
1744 831 122 19 cannoner
1886 826 23 20 la
1929 823 66 22 Tour
2014 820 30 21 de

1574 864 85 24 Porto,
1671 867 58 16 sans
1740 860 69 21 autre
1820 857 65 27 objet
1898 860 47 22 que
1959 853 30 22 de
2008 857 37 15 sa-

1572 895 58 21 voir
1641 893 20 22 si
1674 894 35 20 les
1717 891 90 22 Corses
1817 886 129 24 vouloient
1955 890 26 16 se
1990 888 55 16 sou-

1573 927 88 21 mettre
1681 923 22 22 &
1723 923 94 21 donner
1837 922 102 24 passage
1962 915 12 21 à
1998 918 47 16 une

1573 957 98 26 Troupe
1683 955 30 20 de
1724 951 158 24 Volontaires
1891 949 32 20 du
1933 947 55 21 Païs
1998 950 47 22 que

1575 987 35 22 M.
1618 988 23 20 le
1655 985 87 22 Comte
1754 983 31 21 de
1797 981 71 22 Vaux
1880 977 115 24 sembloit
2006 974 41 22 dé-

1574 1019 65 22 sirer
1659 1015 88 29 qu’elle
1771 1013 57 22 allât
1848 1010 100 29 joindre
1972 1007 34 22 M.
2023 1007 23 20 le

1576 1049 88 22 Comte
1676 1047 30 21 de
1723 1045 139 22 Narbonne.
1885 1040 35 22 Ce
1941 1037 106 24 Général

1576 1079 89 23 écrivit
1675 1076 97 23 ensuite
1784 1073 13 22 à
1810 1073 33 22 M.
1852 1073 31 21 de
1896 1069 152 28 Chabrignac

1575 1112 23 20 la
1618 1110 79 21 Lettre
1717 1107 23 21 la
1761 1106 54 27 plus
1838 1103 108 23 flateuse,
1968 1099 80 22 disant

1576 1146 47 23 que
1633 1140 23 21 la
1668 1138 66 28 prise
1746 1136 31 21 de
1790 1134 111 23 Girolata
1913 1132 21 21 &
1944 1136 39 16 ses
1991 1135 58 22 ope-

1575 1171 96 22 rations
1682 1165 170 31 particulières
1871 1163 100 22 avoient
1990 1166 59 16 con-

1576 1200 80 24 tribué
1667 1199 13 22 à
1692 1200 22 21 la
1727 1196 148 24 soumission
1899 1194 30 22 de
1948 1194 54 20 tout
2021 1197 27 16 ce

1577 1228 152 31 Quartier-là
1741 1229 61 21 dont
1813 1227 17 22 il
1841 1225 87 23 venoit
1940 1224 30 22 de
1983 1229 66 16 rece-

1577 1263 57 22 voir
1645 1262 43 22 des
1701 1258 117 29 Députés.

1606 1296 67 22 Paoli
1682 1293 95 24 n’avoit
1785 1292 92 22 d’autre
1885 1289 97 23 endroit
1988 1293 62 23 pour

1577 1327 77 22 sortir
1665 1326 30 21 de
1706 1326 23 19 la
1742 1323 78 22 Corse
1833 1328 47 21 que
1901 1319 149 23 Porto-Vec-

1578 1357 65 25 chio,
1656 1357 22 20 la
1691 1355 68 21 seule
1772 1353 71 22 Place
1855 1351 40 27 qui
1909 1350 88 22 restoit
2009 1355 41 15 en-

1578 1393 58 17 core
1648 1385 13 22 à
1680 1386 141 23 soumettre,
1843 1382 21 21 &
1885 1382 36 21 les
1938 1380 113 23 habitans

1578 1419 41 27 qui
1627 1422 57 17 sans
1693 1416 74 21 doute
1776 1420 30 15 en
1816 1412 95 23 étoient
1919 1411 130 28 prévenus,

1577 1449 73 22 firent
1660 1447 67 22 mine
1739 1446 31 21 de
1782 1443 100 23 vouloir
1890 1448 26 16 se
1926 1441 123 26 défendre,

1578 1485 64 23 pour
1651 1479 23 21 le
1687 1476 128 23 favoriser.
1828 1474 33 22 Ils
1871 1473 104 22 tirèrent
1986 1472 65 27 quel-

1579 1516 61 22 ques
1655 1513 77 22 coups
1742 1506 32 22 de
1784 1505 84 22 Canon
1882 1510 43 15 sur
1941 1504 23 21 le
1980 1502 70 22 Sche-

1579 1542 46 21 bec
1647 1541 22 20 le
1693 1538 78 27 Singe
1794 1534 144 24 commandé
1961 1539 44 22 par
2029 1534 23 20 le

1580 1570 132 24 Chevalier
1723 1569 30 21 de
1763 1566 144 23 Raimondis
1916 1565 40 27 qui
1966 1564 86 28 depuis

1580 1609 28 15 20
1616 1602 72 27 jours
1708 1599 63 22 étoit
1791 1598 60 21 dans
1871 1598 24 20 le
1912 1596 59 22 Port
1990 1600 63 23 pour

1580 1634 90 22 fermer
1680 1632 68 21 toute
1760 1628 214 25 communication,
1983 1626 70 28 après

1579 1665 83 21 même
1674 1668 46 22 que
1732 1661 70 22 Paoli
1816 1666 26 16 se
1854 1659 37 22 fut
1902 1657 133 29 embarqué
2046 1663 6 16 :

1580 1695 63 23 mais
1665 1694 24 21 le
1713 1691 141 23 lendemain
1877 1692 94 27 voyant
1994 1688 58 28 qu’il

1580 1728 55 20 leur
1646 1724 77 23 seroit
1735 1723 87 22 inutile
1843 1722 30 21 de
1894 1721 108 22 résister,
2023 1720 30 21 ils

1580 1757 93 22 tinrent
1686 1753 99 23 Conseil
1796 1753 22 21 &
1828 1752 152 29 envoyèrent
1991 1750 13 22 à
2015 1750 39 21 six

1581 1788 89 21 heures
1679 1786 31 21 du
1718 1785 53 22 soir
1778 1784 61 22 trois
1849 1782 109 29 Députés
1968 1781 13 22 à
1989 1781 64 22 Bord

1581 1819 32 21 du
1625 1816 126 23 Schebeck
1766 1820 62 23 pour
1842 1814 62 21 faire
1925 1814 52 21 leur
1996 1818 58 16 sou-

1581 1849 104 22 mission
1694 1853 6 20 ;
1722 1852 27 16 ce
1766 1845 82 22 furent
1865 1846 25 21 le
1915 1843 137 26 Président,

1583 1886 33 15 un
1630 1878 94 23 Consul
1735 1877 23 22 &
1770 1877 23 21 le
1806 1875 64 23 Curé
1891 1876 31 21 de
1940 1876 24 21 la
1982 1874 71 22 Serre

1581 1910 136 28 originaire
1738 1908 31 21 de
1790 1910 37 19 cet
1847 1907 107 22 endroit.
1976 1905 34 22 M.
2023 1906 30 21 de

1581 1940 149 23 Raimondis
1740 1940 38 20 les
1790 1940 67 26 reçut
1872 1938 180 24 amicalement,

1582 1975 108 27 capitula
1701 1979 61 15 avec
1780 1978 55 19 eux,
1855 1972 75 21 retint
1946 1972 23 21 le
1989 1970 64 22 Curé

1581 2010 61 16 avec
1661 2005 24 20 le
1706 2003 95 22 Consul
1822 2002 22 21 &
1864 2007 96 23 envoya
1973 2001 35 22 M.
2022 2001 30 21 de

1580 2035 105 22 Framon
1706 2034 30 21 de
1757 2033 83 25 Prese,
1862 2032 143 22 Lieutenant
2023 2032 29 21 de

1581 2066 126 23 Vaisseau,
1722 2064 33 21 M.
1769 2064 30 21 de
1812 2063 104 22 Guedon
1932 2062 120 28 Enseigne

1580 2097 23 21 &
1615 2096 34 22 M.
1660 2096 31 21 du
1704 2095 93 21 Rouret
1809 2094 81 22 Garde
1899 2094 31 21 du
1940 2093 111 22 Pavillon

1580 2127 13 22 à
1604 2127 14 22 8
1630 2127 89 21 heures
1740 2131 61 16 avec
1821 2124 28 23 80
1868 2125 111 21 hommes
1991 2130 63 22 pour

1580 2158 107 27 prendre
1701 2156 143 28 possession
1857 2156 30 21 de
1900 2156 20 21 la
1934 2155 80 26 Place,
2026 2162 26 15 ce

1580 2189 42 27 qui
1635 2188 36 21 fut
1682 2186 102 23 éxêcuté
1796 2192 60 16 avec
1865 2189 84 19 autant
1958 2187 96 21 d’intel-

1580 2220 97 27 ligence
1689 2223 46 22 que
1747 2218 32 21 de
1791 2217 129 21 bravoure.
1930 2216 39 22 On
1982 2223 72 15 occu-

1581 2256 30 21 pa
1631 2249 102 21 d’abord
1753 2249 37 20 les
1811 2247 114 22 Bastions
1945 2249 37 20 les
2000 2248 53 25 plus

1581 2280 62 22 forts
1654 2279 22 22 &
1689 2280 36 20 les
1737 2279 84 21 mieux
1832 2284 30 15 en
1875 2278 50 22 état
1934 2278 29 21 de
1972 2277 81 22 défen-

1581 2316 35 20 se,
1636 2311 36 20 les
1693 2309 112 22 habitans
1823 2312 72 25 ayant
1915 2308 81 22 donné
2011 2309 42 22 des

1580 2346 113 22 marques
1704 2341 30 21 de
1746 2340 120 22 rébellion
1875 2346 30 15 au
1915 2339 84 28 départ
2011 2341 42 20 des

1582 2371 109 28 Députés
1701 2377 5 15 :
1720 2371 63 22 mais
1796 2372 34 21 les
1839 2371 111 27 Troupes
1961 2371 54 21 leur
2023 2377 30 15 en

1582 2402 158 27 imposèrent,
1750 2401 23 22 &
1784 2404 53 19 tout
1849 2404 64 19 resta
1924 2402 130 26 tranquille

1582 2432 92 29 malgré
1694 2433 22 21 la
1735 2434 62 20 nuit.
1820 2432 33 22 M.
1876 2433 30 21 de
1927 2432 127 22 Viomenil

1583 2463 104 22 Colonel
1704 2463 31 21 de
1755 2464 23 20 la
1791 2462 92 29 Légion
1896 2463 30 21 de
1939 2462 115 23 Lorraine

1582 2494 80 22 arriva
1674 2494 22 21 le
1707 2494 139 21 lendemain
1864 2499 42 16 sur
1922 2494 37 21 les
1971 2500 11 21 7
1995 2494 60 21 heu-

1582 2531 39 15 res
1633 2524 31 21 du
1676 2524 75 21 matin
1766 2529 59 16 avec
1833 2529 43 22 300
1885 2524 123 26 hommes;
2018 2526 37 21 les

1583 2555 97 22 Soldats
1691 2555 30 21 de
1736 2554 96 22 Marine
1849 2554 105 22 allèrent
1971 2556 84 21 au-de-

1582 2587 60 20 vant
1650 2585 30 21 de
1689 2587 62 20 cette
1760 2585 98 27 Troupe
1867 2591 64 21 pour
1938 2584 117 24 la’recon-

1583 2616 81 22 noître
1684 2616 22 21 &
1725 2615 205 23 l’introduisirent
1952 2617 61 21 dans
2032 2618 22 21 la

2068 110 78 22 Place.
2161 109 33 22 M.
2214 110 29 21 de
2264 110 125 23 Viomenil
2408 112 22 21 &
2451 115 33 22 M.
2506 120 28 22 de

2067 140 145 23 Raimondis
2232 141 39 27 qui
2292 140 44 22 dès
2357 142 21 20 la
2400 143 83 26 pointe
2504 150 29 22 du

2069 172 52 24 jour
2131 170 36 29 s’y
2179 169 59 23 étoit
2252 171 75 21 rendu
2341 177 59 16 avec
2423 180 23 14 10
2466 176 68 26 hom-

2067 209 52 15 mes
2130 206 63 23 pour
2204 201 53 21 voir
2269 202 18 20 si
2302 204 54 19 tout
2368 201 60 24 étoit
2449 212 29 15 en
2499 215 35 17 or-

2067 233 51 24 dre,
2129 230 185 23 s’abouchèrent
2325 238 5 18 ;
2352 233 21 20 &
2394 234 35 21 les
2450 236 85 27 Postes

2067 265 72 27 ayant
2160 262 37 22 été
2217 260 104 27 relevés,
2344 263 35 21 les
2392 264 96 25 Soldats
2505 271 28 22 de

2067 294 94 22 Marine
2182 292 169 23 retournèrent
2366 292 13 23 à
2400 295 57 23 bord
2476 299 59 25 dans

2067 326 22 20 le
2099 326 79 20 même
2190 325 70 22 ordre
2272 323 71 28 qu’ils
2355 325 100 23 avoient
2467 334 68 21 passé

2067 354 13 22 à
2090 356 74 21 terre.
2176 356 35 21 La
2226 354 178 29 Capitulation
2418 361 118 22 accordée

2067 391 52 16 aux
2138 386 119 22 habitans
2281 385 30 21 de
2333 385 116 22 Porlo-V
2451 390 84 24 ecchio

2066 416 63 22 étoit-
2140 423 93 22 conçue
2244 423 28 15 eu
2287 422 40 16 ces
2340 418 105 21 termes:

2095 447 31 22 Le
2133 447 131 22 Chevalier
2272 448 29 21 de
2312 447 152 29 Raymondis
2473 456 63 19 com-

2067 479 114 22 mandant
2191 479 21 21 le
2220 478 126 22 Schebeck
2359 478 22 22 le
2391 479 85 28 Singe.
2487 483 50 22 Au-

2065 509 125 28 jourd’hui
2206 515 25 21 14
2242 510 29 21 du
2285 511 103 20 courant
2400 509 12 22 à
2425 510 13 21 6
2450 510 86 27 heures

2067 541 31 21 du
2116 541 50 21 soir
2183 543 56 20 sont
2257 540 97 23 arrivés
2366 540 12 22 à
2401 547 55 15 mon
2478 542 58 25 bord

2068 572 64 21 Dont
2143 572 100 27 Jacques
2254 572 152 27 Roquesaire
2425 571 64 23 Curé
2508 576 29 22 de

2068 603 22 20 la
2098 601 78 26 Serre,
2185 602 60 21 natif
2250 602 57 21 dud.
2316 602 106 25 endroit,
2433 602 34 22 M.
2479 604 59 24 Ora-

2068 632 38 21 cio
2121 632 99 25 Quenso
2232 632 21 21 &
2261 632 92 27 Joseph
2363 632 101 22 Orlandi
2475 634 61 24 Con-

2069 663 36 20 sul
2118 662 30 21 du
2159 662 68 28 Pa}’s,
2236 663 105 26 lesquels
2353 664 71 27 ayant
2436 663 42 23 fait
2488 666 52 24 leur

2069 692 150 23 soumission
2239 692 20 22 &
2274 693 76 21 remis
2369 693 65 22 leurs
2452 700 86 25 armes,

2068 723 24 27 je
2106 724 54 21 leur
2178 724 22 21 ai
2220 723 93 28 promis
2328 723 59 28 qu’il
2399 724 53 22 leur
2464 729 76 22 seroit

2071 754 101 23 accordé
2194 756 52 20 fout
2257 760 27 16 ce
2297 755 41 26 qui
2358 756 36 20 est
2414 756 70 26 porté
2499 765 41 20 par

2071 785 71 22 l’Edit
2154 786 31 21 du
2201 785 44 22 Roi
2258 784 87 23 notifié
2357 784 13 23 à
2382 785 80 23 Bastia
2477 788 23 21 le
2514 796 25 16 10

2072 822 43 22 par
2127 816 59 22 M.le
2200 815 84 23 Comte
2292 816 31 21 de
2331 815 79 28 Vaux;
2425 823 29 15 en
2467 824 41 16 sus
2515 827 24 20 je

2072 848 52 20 leur
2133 847 21 21 ai
2166 846 99 22 accordé
2271 847 23 21 le
2304 847 93 27 pardon
2407 848 30 21 de
2444 850 56 21 tous
2507 851 34 22 les

2073 876 145 23 Déserteurs
2239 877 28 22 de
2280 878 21 21 la
2317 877 91 28 Légion
2424 879 30 21 de
2467 879 73 25 Corte

2073 908 111 22 habitans
2198 909 28 21 de
2239 908 199 23 Porto-Vecchio
2447 909 22 22 &
2478 911 31 22 de
2518 919 24 17 sa

2073 938 163 29 dépendance,
2251 939 22 21 &
2281 940 94 27 promis
2387 940 71 27 qu’ils
2470 945 73 24 parti-

2074 970 110 27 ciperont
2201 976 47 15 aux
2260 971 94 21 mêmes
2365 977 85 22 grâces
2463 978 47 22 que
2521 976 22 21 le

2075 999 105 23 Général
2191 1001 128 22 accordera
2329 1002 13 21 à
2352 1002 21 21 la
2385 1002 121 23 Province
2514 1006 28 21 de

2074 1032 21 21 la
2108 1031 91 22 Rocca.
2209 1031 33 22 En
2254 1031 169 28 conséquence
2436 1034 43 21 des
2491 1037 53 21 arti-

2075 1063 49 20 cles
2144 1067 123 16 convenus
2290 1063 118 27 cidessus,
2431 1064 41 28 j’ai
2494 1068 50 25 pris

2075 1093 143 27 possession
2228 1099 27 15 au
2264 1099 59 16 nom
2336 1094 31 21 du
2376 1094 47 22 Roi
2432 1096 30 21 de
2471 1097 73 23 ladite

2076 1124 77 26 Place,
2172 1124 22 21 &
2205 1125 35 20 les
2254 1125 154 22 susnommés
2421 1129 43 20 ont
2475 1128 69 28 signé

2075 1155 60 22 dans
2147 1156 22 21 la
2189 1155 164 27 Capitulation
2374 1163 60 16 avec
2451 1160 60 26 moi,
2532 1161 13 22 à

2077 1186 60 22 bord
2146 1186 30 21 du
2190 1186 123 23 Schebeck
2326 1187 24 22 le
2361 1188 76 29 Singe
2448 1195 29 15 au
2488 1190 57 24 Port

2077 1217 28 21 de
2124 1217 199 23 Porto-Vecchio
2338 1220 22 21 le
2377 1226 25 20 14
2413 1219 56 28 Juin
2485 1222 60 28 1769,

2077 1246 76 28 Signé
2165 1247 22 20 le
2200 1246 131 23 Chevalier
2344 1249 28 21 de
2385 1248 161 29 Raymondis,

2078 1274 90 23 Oracio
2180 1274 101 27 Quenso
2448 1278 98 28 Roque-

2077 1306 62 21 saire
2153 1306 71 27 Curé,
2238 1307 20 22 &
2268 1307 105 23 Orlandi
2388 1308 101 23 Consul.

2243 1340 156 29 [Cuntinua)

2253 1413 122 31 Avisu

2236 1471 19 20 O
2265 1471 54 25 Sgiò
2329 1472 158 22 Vice-Rettore
2494 1475 6 19 !

2103 1503 198 26 L’insegnnmentu
2319 1506 100 21 marchîa
2437 1513 59 15 ancu
2514 1510 37 20 ab-

2080 1531 106 21 bastanza
2197 1532 26 21 bè
2232 1533 21 20 in
2263 1533 102 24 Corsica,
2374 1541 12 13 a
2397 1539 62 20 parte
2468 1536 7 19 i
2484 1537 66 21 locali

2080 1560 21 19 di
2109 1566 13 14 e
2136 1564 78 17 nostre
2231 1562 60 20 scole
2308 1562 38 20 chi
2363 1563 26 20 sô
2406 1564 66 24 quasi
2489 1566 60 23 tutti,

2080 1588 106 20 carciulc.
2201 1588 36 21 Ma
2245 1589 17 20 si
2273 1590 37 20 voi
2325 1591 74 20 vulete
2412 1591 36 20 chi
2459 1595 90 20 maestri

2080 1622 13 15 e
2100 1621 99 16 maestre
2207 1617 62 20 sianu
2278 1618 78 21 devoti
2372 1619 20 20 a’
2408 1620 36 19 so’
2460 1620 90 23 dilicata

2080 1644 117 24 missione,
2205 1646 160 24 guardalevidi
2373 1647 60 20 l’omi
2440 1649 110 24 pulitichi.

2105 1672 98 24 Quandu
2213 1680 45 13 unu
2267 1673 63 21 d’elli
2337 1675 119 21 intervene
2462 1683 89 19 appres-

2081 1706 25 14 su
2125 1701 36 19 voi
2178 1701 104 24 riguardu
2298 1708 13 13 a
2321 1709 31 14 un
2370 1708 101 17 maestru
2483 1712 15 13 o
2507 1713 42 14 una

2081 1732 106 20 maestra,
2197 1729 52 25 ghjè
2256 1736 40 18 per
2305 1736 46 14 una
2361 1732 100 21 malfatta
2473 1734 6 19 !

2105 1756 97 21 Ouandu
2211 1763 44 14 una
2264 1758 159 25 municipalilà
2432 1761 67 25 piglia
2510 1769 41 14 una

2081 1784 164 21 deliberazione
2261 1785 108 25 riguardu
2388 1794 11 13 a
2409 1795 13 13 u
2433 1792 117 21 personale

2081 1812 133 25 insegnente
2223 1813 22 20 di
2253 1819 12 14 a
2280 1815 148 24 so’cumuna,
2443 1817 53 26 ghjè
2512 1826 39 18 per

2081 1847 44 13 una
2134 1841 106 20 vendetta
2250 1842 104 23 pulitica.

2105 1868 144 21 Ricordatevi
2257 1876 93 18 sempre
2359 1872 22 19 di
2391 1879 45 18 que
2444 1881 6 13 :

2107 1897 32 20 Un
2159 1902 95 16 maestru
2265 1905 13 13 o
2288 1905 46 14 una
2352 1906 97 16 maestra
2464 1904 87 21 zelente

2080 1924 22 20 in
2113 1925 20 19 la
2151 1926 32 19 so’
2200 1926 145 24 prufessione
2361 1929 13 19 è
2391 1930 107 22 malvistu
2515 1933 37 20 da'

2081 1953 92 23 pulitica
2181 1953 78 24 locale,
2270 1954 36 21 chi
2315 1956 50 20 vole
2373 1959 146 24 populazioni
2527 1961 23 19 in

2080 1980 6 19 1
2094 1980 131 25 ignoranza,
2235 1988 19 17 e,
2263 1989 41 18 per
2311 1983 43 24 ciò,
2362 1991 62 14 cerca
2434 1992 11 14 a
2454 1987 94 20 sfassidi

2080 2007 54 21 boni
2142 2008 138 26 insegnenti,
2298 2015 61 17 tuttu
2377 2014 89 20 avendu
2483 2015 66 20 l'eria

2080 2035 22 20 di
2111 2036 52 20 vulè
2171 2036 22 21 fà
2203 2038 89 25 megliu.

2103 2065 19 19 A
2130 2065 174 22 co-educazione
2313 2075 12 13 a
2332 2075 15 14 u
2357 2075 66 15 corsu
2432 2071 118 23 superiore

2080 2093 109 24 primariu
2198 2093 18 20 si
2235 2099 74 19 presta
2327 2098 164 24 specialmente
2508 2106 13 13 a
2538 2106 12 13 e

2081 2121 106 20 vendette
2204 2122 29 20 di’
2249 2125 73 19 nostri
2341 2126 155 24 meracchioli,
2514 2128 35 19 chi

2080 2149 145 20 dumandanu
2236 2157 28 13 un
2272 2151 118 22 istitutore
2398 2155 125 23 quand’elli
2532 2156 19 20 si

2081 2176 83 20 voîenu
2172 2178 35 19 slà
2216 2178 13 19 d
2238 2185 27 13 un
2276 2179 121 22 istitutrice
2406 2188 13 14 e
2428 2183 123 20 dumanda-

2081 2211 29 12 n“
2121 2211 22 28 “î
2143 2211 8 13 1
2168 2205 122 33 istjt“tr»ce
2299 2210 125 22 quand’elli
2434 2211 19 20 si
2468 2212 82 20 volenu

2080 2232 34 19 slà
2123 2232 13 19 d
2145 2239 30 13 un
2194 2233 124 23 istitutore.
2332 2236 73 22 Senza
2423 2241 129 22 prununcià

2080 2266 41 18 per
2137 2266 13 13 o
2159 2265 78 16 contru
2247 2269 12 13 a
2269 2265 186 26 co-educazione,
2466 2268 20 20 ci
2500 2269 51 19 vole

2080 2294 12 12 a
2099 2288 133 21 riconnosce
2240 2290 57 21 ch’in
2305 2292 45 21 ’ssu
2358 2294 98 21 mischiu
2463 2296 22 20 di
2493 2303 58 14 mas-

2081 2316 18 20 ci
2108 2322 13 13 e
2129 2316 23 20 di
2162 2316 82 22 femme
2251 2319 23 19 in
2284 2326 44 14 una
2338 2322 71 23 scola,
2416 2330 13 13 a
2438 2325 89 20 morale
2539 2325 13 20 è

2081 2348 89 19 sempre
2188 2344 37 23 più
2244 2346 63 20 salva
2331 2352 61 16 sottu
2401 2355 12 13 a
2423 2350 128 21 direzzione

2081 2370 13 18 d
2102 2376 30 13 un
2139 2370 122 22 istitutrice
2269 2383 26 4 —
2305 2374 19 20 U
2332 2375 106 25 simplice
2447 2378 45 21 bon
2502 2386 50 13 sen-

2081 2403 25 14 su
2116 2398 104 21 d’indica.

2105 2420 18 24 È
2131 2430 61 15 certa
2202 2427 35 20 chi
2246 2435 29 13 un
2285 2431 123 23 pudereste
2422 2434 72 21 micca
2513 2436 40 19 im-

2081 2453 64 24 piegà
2162 2460 25 14 so
2190 2454 97 23 lamente
2300 2458 119 23 istitutrici
2433 2463 120 21 a’co-edu-

2081 2481 92 20 cazione
2182 2489 7 16 ;
2199 2489 35 14 ma
2243 2484 22 19 in
2274 2485 22 20 le
2311 2492 98 17 cumune
2423 2490 36 19 chi
2468 2491 62 21 lianu
2539 2499 13 13 a

2081 2508 93 21 furtuna
2182 2511 23 20 di
2213 2514 130 22 pussedene
2353 2523 51 16 una,
2413 2517 34 20 sia
2457 2520 96 20 municî-

2082 2537 69 25 palità
2160 2539 113 22 dumanda
2290 2543 24 19 di
2331 2545 120 21 cambialla
2470 2552 82 16 contru

2082 2573 30 13 un
2122 2566 124 26 istitutore,
2254 2570 32 20 c’è
2294 2578 113 15 manuvra
2421 2575 94 24 pulitica
2524 2583 28 14 e..

2081 2597 64 18 tantu
2153 2595 63 22 basta
2226 2598 6 20 !

2429 2627 90 23 d’Alti.

82 2741 104 22 Fugliltinu
194 2740 21 17 di
222 2738 126 19 AMavra—
355 2736 55 18 a.lâS
419 2745 18 4 -
445 2735 20 18 di
471 2740 12 12 u
489 2733 61 19 2-6-29

107 2801 244 52 PâSÔUALE
383 2797 145 48 PAOLI

289 2875 63 19 OSSIA

127 2923 38 34 Lu
184 2921 79 35 Rotfa
281 2920 31 34 di
326 2918 174 35 PdntenuôVô

86 2976 466 30 RACONTOCORSODELSECOLO

277 3018 83 22 XVIII

311 3061 24 18 DI

182 3100 33 24 F.
229 3100 36 24 D.
283 3098 173 25 Guerrazsi

115 3169 124 27 Coraggio
269 3167 165 28 possediamo,
457 3165 52 22 anzi
533 3165 24 20 di

88 3205 87 24 questo
182 3207 28 16 ce
217 3207 28 15 ne
254 3201 31 21 ha
295 3201 24 21 di
327 3205 88 16 avanzo
426 3206 6 19 ;
442 3205 40 16 ma
489 3203 70 22 ques-

86 3238 27 19 to
125 3236 70 21 basta
208 3240 44 21 per
262 3234 97 24 morire,
372 3238 49 16 non
433 3233 68 20 basta
516 3236 43 22 per

87 3269 100 20 vincere
198 3273 6 18 ;
215 3273 12 14 e
236 3267 42 27 qui
290 3265 149 22 entrandoin
447 3264 111 22 confron-

87 3301 19 21 ti
117 3299 141 29 prolungati
273 3305 14 15 e
299 3299 93 25 minuti,
405 3299 35 27 gli
451 3297 109 22 riusciva

87 3333 71 22 facile
165 3334 122 20 mostrare
294 3338 13 15 a
312 3337 84 21 prova,
405 3331 46 22 che
459 3332 23 20 la
489 3335 72 22 guer-

89 3372 26 15 ra
128 3371 41 16 era
180 3365 91 27 partito
285 3365 29 21 da
327 3367 72 24 gente
417 3364 125 26 disperata
553 3368 6 15 :

89 3404 44 21 per
144 3400 24 20 la
176 3398 70 26 quale
256 3403 57 16 cosa
321 3396 152 27 consigliava
480 3396 21 20 si
508 3395 54 26 pie-

89 3437 72 21 gasse
174 3431 18 21 il
205 3435 61 22 capo
279 3431 47 20 alla
337 3429 106 25 fortuna,
452 3433 111 17 nonren-

89 3464 82 21 dendo
177 3463 108 27 pessimo
293 3468 45 16 con
343 3463 23 20 la
372 3462 134 21 resistenza
515 3465 47 17 uno

90 3498 64 19 stato
160 3496 146 21 abbastanza
314 3491 170 28 lacrimévole;
493 3498 71 16 corne

91 3529 115 21 conforto
224 3528 64 21 délia
304 3526 85 23 liberté
407 3527 104 26 perduta
526 3526 39 26 pi-

92 3561 119 27 gliassero
220 3561 56 26 quei
287 3560 56 21 béni
356 3560 44 20 che
405 3560 23 20 la
441 3559 125 21 coscienza

91 3593 158 21 estorcevadi
258 3597 74 17 mano
340 3592 22 20 al
371 3597 49 16 non
429 3592 84 27 giusto
522 3591 45 21 do-

90 3626 132 21 minatore.

606 2735 34 20 Al
650 2733 61 22 frate
724 2733 104 22 Mariani
840 2733 138 26 risposeun
991 2732 61 21 altro

582 2767 60 21 frate
653 2773 14 14 e
679 2766 23 21 fu
715 2766 76 27 padre
800 2765 122 21 Lionardo
931 2764 121 22 Grimaldi

582 2800 27 21 da
621 2798 150 28 Campoloro
783 2805 6 20 ;
801 2799 24 20 le
835 2799 86 26 parole
932 2798 25 21 di
974 2797 78 22 costui

582 2838 47 16 non
642 2832 125 21 andarono
780 2831 78 22 esenti
880 2831 30 21 da
929 2830 124 28 passione,

582 2865 50 22 anzi
646 2871 28 15 ce
685 2871 31 15 ne
727 2864 72 22 entré
810 2864 25 21 di
853 2865 85 24 molta,
951 2869 39 16 ma
1002 2863 52 22 cosi

582 2903 106 22 parvero
701 2898 75 21 allora
788 2897 166 28 peisuadenti,
974 2896 45 22 che
1031 2897 23 20 la

582 2931 76 22 storia
670 2931 25 21 in
705 2933 69 25 parte
782 2936 14 15 e
804 2931 22 20 la
834 2930 221 21 tradizioneintere

582 2970 27 16 ce
620 2965 25 20 le
654 2968 184 17 conservarono
849 2969 5 20 ;
868 2964 56 21 vale
935 2964 17 20 il
967 2963 88 27 pregio

582 2997 136 28 riportarle,
730 3001 52 17 non
794 2995 65 22 fosse
880 2997 65 21 altro
954 3001 44 22 per
1017 3001 39 16 co-

582 3035 102 16 noscere
696 3035 70 16 corne
780 3035 28 16 or
819 3029 23 21 fa
851 3029 69 27 quasi
933 3031 72 19 cento
1016 3035 40 15 an-

582 3063 27 21 ni
621 3068 129 21 sapessero
758 3063 8 20 i
773 3061 56 22 frati
838 3061 117 23 favellare
963 3062 25 21 in
998 3061 60 22 Cor-

583 3097 61 20 sica.

611 3141 30 4 —
648 3127 107 27 Quando
764 3128 35 28 gli
809 3129 113 21 Ateniesi
931 3134 127 16 ammazza-

583 3167 64 17 rono
660 3161 82 22 Licida
755 3167 147 22 persuasore
922 3161 25 22 di
959 3161 99 22 accordi

585 3197 39 20 col
637 3195 112 26 barbaro,
763 3195 63 21 male
846 3194 153 28 provvidero
1013 3195 47 20 alla

585 3229 63 22 fama
661 3234 14 15 e
684 3228 49 28 agli
742 3228 115 21 interessi
870 3229 64 20 loro.
946 3227 49 22 Noi
1006 3233 54 22 per-

585 3262 136 25 mettendo,
746 3261 51 21 anzi
817 3261 109 21 lodando
937 3261 24 21 le
981 3260 79 22 libéré

586 3295 93 28 parole,
691 3295 23 20 ci
726 3294 144 22 mostriamo
878 3295 64 20 assai
949 3293 43 28 più
1000 3294 21 21 ci
1025 3294 37 21 vi-

586 3329 18 21 li
616 3328 67 27 degli
695 3328 124 24 Ateniesi,
832 3333 13 16 e
863 3327 91 27 meglio
970 3327 90 27 esperti

587 3361 42 22 nei
641 3360 106 27 governi
768 3360 65 21 dello
854 3359 78 22 Stato.
953 3359 33 21 Di
1005 3360 55 21 fatti

587 3393 64 22 uditi
660 3393 204 27 diligentemente
874 3393 7 20 i
889 3392 117 21 difensori
1012 3392 52 21 dél-

587 3428 24 20 ia
622 3431 61 22 pace
693 3425 116 21 abbiamo
821 3427 122 19 sommato
964 3426 98 25 questo,

590 3459 46 22 che
648 3458 131 21 dobbiamo
793 3458 120 21 astenerci
924 3457 63 22 délia
993 3463 73 22 guer-

590 3498 36 19 ra,
639 3491 90 28 perché
740 3492 24 21 la
776 3491 146 27 perderemo
942 3491 25 20 di
986 3493 78 19 certo.

590 3525 148 21 Veramente
751 3529 50 16 non
810 3524 156 26 possediamo
974 3522 90 26 Moisè,

592 3563 41 16 ma
644 3556 30 22 nè
687 3562 60 16 anco
760 3557 35 27 gli
808 3555 113 28 Spartani
931 3557 25 20 lo
976 3561 90 16 aveva-

593 3595 34 16 no
637 3596 6 19 ;
655 3590 42 21 noi
718 3595 50 15 non
788 3589 160 27 possediamo
961 3588 104 27 Giosuè,

593 3629 41 15 ma
645 3622 31 21 nè
687 3627 61 17 anco
760 3623 36 26 gli
807 3622 112 21 Ateniesi
924 3622 25 20 lo
957 3622 92 21 ebbero
1059 3627 6 20 ;

1080 2731 31 21 ed
1121 2730 123 22 entrambi
1266 2730 81 26 questi
1370 2729 87 28 popoli
1478 2733 16 17 o
1505 2733 50 16 non

1081 2769 14 16 o
1103 2769 50 16 non
1170 2763 146 22 conobbero
1330 2762 112 25 fortezze,
1457 2767 14 16 0
1482 2762 24 21 le
1517 2761 40 21 ab-

1080 2797 169 25 bandonarno,
1263 2795 45 22 chè
1321 2796 19 21 il
1351 2801 75 19 mare,
1437 2796 7 20 i
1460 2795 97 22 montie

1081 2831 7 21 i
1101 2830 60 27 petti
1173 2829 68 28 degli
1252 2829 96 22 uomini
1356 2829 128 21 sentirono
1493 2834 64 16 esse-

1081 2869 27 15 re
1116 2863 103 22 fortezze
1226 2862 25 21 di
1261 2861 77 22 bontà
1345 2867 121 22 suprema,
1475 2867 14 15 e
1499 2867 58 22 pure

1081 2894 101 24 vïnsero
1194 2897 27 20 in
1232 2901 68 16 mare
1313 2902 13 15 e
1339 2896 24 21 in
1376 2898 64 19 terra
1449 2895 107 26 eserciti,

1082 2929 236 28 earmatepiuttosto
1326 2928 152 22 immaniche
1488 2934 69 22 gran-

1083 2963 35 25 di,
1138 2962 122 28 fugarono
1280 2967 27 16 re
1330 2962 177 27 potentissimi,
1527 2961 31 22 nè

1083 2997 133 21 contarono
1229 2995 7 21 i
1244 2996 92 20 nemici
1348 2997 85 20 tranne
1445 3001 46 21 per
1503 3001 55 22 sep-

1082 3029 102 27 pellirli.
1198 3028 40 22 Ma
1247 3029 120 21 lasciamo
1376 3029 24 21 in
1410 3028 108 27 disparte
1524 3029 33 27 gli

1084 3062 94 27 esempi
1190 3061 101 26 antichi,
1305 3062 117 21 veniamo
1431 3062 23 21 ai
1463 3062 96 21 moder-

1084 3095 36 26 ni,
1128 3095 53 21 anzi
1189 3095 21 21 ai
1224 3095 80 21 nostri
1316 3101 5 15 :
1333 3101 27 15 se
1367 3094 121 28 Federigo
1500 3101 25 15 re
1534 3095 23 21 di

1084 3128 99 22 Prussia
1195 3129 89 20 invece
1297 3128 24 21 di
1338 3128 149 21 combattere
1499 3128 6 21 i
1517 3134 43 15 ne-

1084 3161 59 22 mici
1155 3161 20 22 si
1187 3161 68 22 fosse
1266 3161 43 28 giù
1320 3162 88 27 gittato
1421 3167 12 15 a
1447 3162 113 21 confron-

1084 3197 53 19 tare
1149 3195 18 21 il
1177 3199 105 16 numéro
1302 3194 39 21 dei
1361 3194 83 27 proprî
1462 3195 96 26 soldati,

1086 3227 85 22 all’ora
1184 3227 44 22 che
1245 3232 73 17 corre
1342 3233 27 16 se
1380 3227 35 28 gli
1435 3230 97 19 restava
1543 3229 17 20 il

1086 3260 154 23 marchesato
1246 3260 26 21 di
1277 3260 177 28 Brandeburgo
1461 3267 40 16 era
1509 3261 53 22 baz-

1087 3300 36 15 za.
1135 3293 18 22 E
1163 3293 20 22 si
1197 3293 46 22 che
1255 3293 35 28 gli
1301 3292 103 23 Svizzeri
1416 3294 96 27 quando
1522 3300 40 16 su-

1087 3332 122 22 perarono
1217 3327 8 21 i
1232 3326 122 22 Tedeschi
1361 3327 21 21 si
1389 3328 173 28 avvantaggia-

1088 3365 63 16 rono
1162 3359 39 21 dei
1214 3359 89 26 monti,
1323 3359 34 27 gli
1379 3358 119 24 Olandesi
1516 3367 45 21 per

1088 3397 123 21 annegare
1223 3392 8 20 i
1243 3392 116 22 Francesi
1368 3398 114 21 apersero
1491 3394 22 21 le
1526 3400 36 15 ca-

1089 3426 89 20 teratte
1187 3425 40 21 dei
1236 3425 91 25 dicchi,
1338 3431 38 15 ma
1389 3424 171 30 Federigonon

1090 3457 60 27 potè
1161 3458 167 26 approfittarsi
1342 3458 24 21 di
1379 3460 79 21 monti
1470 3466 14 15 e
1496 3460 31 22 nè
1538 3461 22 22 di

1091 3490 91 21 dicchi.
1195 3489 76 24 Forse
1283 3493 124 25 opponete
1420 3492 106 23 cheilre
1537 3494 23 22 di

1094 3523 98 21 Prussia
1212 3524 77 23 eredò
1301 3525 41 20 dal
1360 3525 74 27 padre
1457 3527 70 28 copia
1538 3528 25 21 di

1092 3557 138 20 omaccioni
1244 3558 44 21 alti
1302 3558 36 20 sei
1358 3558 68 27 piedi
1438 3565 14 15 e
1464 3561 41 26 più
1515 3567 6 19 ;
1534 3561 30 21 ed

1092 3589 157 26 iorispondo,
1261 3590 45 22 che
1314 3591 7 20 i
1332 3593 118 24 quattrini
1456 3599 50 16 non
1513 3599 52 16 era-

1092 3627 34 15 no
1134 3622 60 22 tanti
1206 3628 16 14 e
1233 3624 42 25 poi
1286 3624 19 21 li
1317 3629 79 21 spese,
1404 3631 14 15 e
1424 3626 45 22 che
1477 3627 34 27 gli
1522 3632 43 15 uo-

1583 2728 61 21 mini
1664 2734 50 16 non
1727 2729 20 21 si
1769 2730 127 21 misurano
1914 2735 12 16 a
1939 2735 86 19 canne,
2043 2735 13 16 e

1583 2762 40 21 noi
1635 2762 130 22 sortimmo
1778 2762 62 22 dalla
1849 2765 88 20 natura
1944 2763 68 27 corpi
2021 2763 36 21 in-

1583 2795 104 26 faticati,
1699 2796 79 21 anima
1792 2796 88 25 sicura,
1893 2797 163 21 ecombattia-

1584 2834 41 16 mo
1640 2835 43 21 per
1694 2829 22 21 la
1728 2829 96 26 liberté,
1834 2832 95 19 mentre
1937 2831 55 26 quei
2004 2830 53 21 bes-

1584 2862 64 22 tioni
1661 2862 124 22 Prussiani
1799 2863 19 21 si
1826 2863 133 22 battevano
1966 2864 40 27 pel
2016 2870 41 21 pa-

1584 2895 85 22 drone.
1683 2895 50 23 Ma.
1742 2899 70 19 santa
1822 2896 54 22 fede
1885 2897 5 21 !
1904 2897 32 22 oh
1946 2898 5 20 !
1965 2897 45 25 cfie
2020 2903 36 16 sa-

1584 2929 75 22 rebbe
1675 2930 23 21 la
1718 2930 80 27 prima
1818 2931 66 21 volta
1897 2933 83 25 questa
1992 2931 44 22 che
2048 2931 7 21 i

1585 2961 72 22 Côrsi
1666 2963 157 22 combattono
1836 2966 86 20 contro
1936 2963 63 23 forze
2010 2966 45 24 tre,

1585 2998 107 25 quattro,
1705 3002 14 15 e
1730 2997 36 22 sei
1780 2998 66 21 volte
1858 2998 122 26 superiori
2000 3004 13 15 a
2022 2999 34 20 lo-

1585 3030 45 21 ro?
1644 3029 148 23 Veramente
1805 3031 67 27 prodi
1893 3032 89 21 soldati
1994 3037 62 16 sono

1586 3063 7 20 i
1607 3062 123 27 Francesi,
1751 3070 39 15 ma
1803 3065 22 21 le
1837 3065 103 21 vecchie
1954 3064 103 22 fanterie

1586 3098 134 26 spagnuole
1736 3097 25 21 di
1775 3097 73 22 Carlo
1861 3097 23 22 V
1903 3104 51 16 non
1967 3099 90 21 ebbero

1587 3132 73 19 vanto
1672 3129 36 22 fra
1721 3131 23 20 le
1756 3131 79 27 prime
1847 3131 40 22 dei
1899 3132 111 21 mondo?
2027 3131 30 22 La

1586 3162 101 23 Francia
1698 3169 126 17 annovera
1842 3165 112 27 parecchi
1971 3165 86 22 illustri

1587 3196 114 27 capitani,
1712 3202 37 16 ma
1761 3197 17 21 il
1786 3197 110 28 principe
1904 3199 97 21 Andrea
2008 3199 50 22 Do-

1587 3229 35 21 ria
1632 3235 103 21 passava
1747 3229 66 22 forse
1833 3237 45 20 per
1901 3238 32 15 un
1954 3234 103 21 castrato

1588 3262 64 22 délia
1659 3263 111 27 cappella
1778 3264 39 21 dei
1824 3263 65 28 Papa
1896 3265 13 21 ?
1916 3277 27 4 —
1949 3265 55 22 Non
2011 3266 45 21 sia-

1587 3301 41 16 mo
1644 3295 42 28 più
1700 3296 76 22 buoni
1788 3303 13 15 a
1811 3299 82 26 quello
1903 3298 43 22 che
1956 3305 102 22 seppero

1588 3329 50 22 fare
1651 3329 7 22 i
1670 3330 79 22 nostri
1762 3331 87 22 vecclii
1859 3332 12 21 ?
1893 3331 74 23 Forse
1978 3333 48 21 Dio
2034 3334 24 21 .ci

1587 3362 59 22 levé
1667 3363 18 21 il
1705 3369 79 17 senno
1805 3370 13 15 e
1829 3365 22 20 la
1872 3365 64 22 forza
1945 3366 13 20 ?
1975 3365 67 23 Oibò
2052 3373 5 18 ;

1589 3397 85 25 queste
1686 3401 54 17 cose
1751 3403 27 15 se
1790 3403 47 15 non
1849 3398 23 20 le
1884 3398 118 22 buttiamo
2019 3399 41 21 via

1589 3429 30 21 da
1633 3429 42 22 noi
1687 3430 55 21 altri
1755 3435 115 17 messuno
1890 3431 48 27 può
1958 3432 100 21 levarci.

1590 3462 31 21 Le
1629 3465 84 19 nostre
1719 3463 77 21 madri
1804 3462 82 23 hanno
1895 3470 91 16 smessa
1992 3464 67 22 l’arte

1589 3496 25 21 di
1626 3496 120 26 partorire
1759 3495 122 28 Sampieri
1890 3497 13 21 ?
1909 3509 29 4 —
1943 3497 39 22 Ve
1993 3498 67 21 lodi-

1590 3528 27 22 rô
1626 3529 82 26 quello
1718 3529 45 21 che
1773 3534 84 16 manca
1867 3535 13 16 a
1887 3531 51 25 noi,
1949 3530 31 21 ed
1988 3531 73 21 ebbe-

1590 3566 28 17 ro
1630 3562 8 20 i
1651 3562 68 27 padri
1732 3562 90 21 nostri.
1833 3561 87 23 Manca
1929 3564 23 21 la
1960 3568 101 18 concor-

1591 3595 48 25 dia,
1653 3600 84 15 manca
1748 3593 101 23 l’animo
1858 3596 133 22 deliberato
1997 3597 24 21 in
2028 3603 32 16 un

1591 3627 131 27 proposito
1732 3634 6 15 :
1748 3629 40 20 tre
1799 3627 98 29 fratelli,
1910 3631 36 20 tre
1958 3631 101 25 castelli,

2085 2737 12 16 e
2109 2736 86 23 questo
2207 2736 87 26 perché
2302 2738 14 21 ?
2327 2737 92 24 Perché
2428 2747 92 16 smesse
2528 2741 21 21 le

2084 2765 66 22 virtù
2163 2768 64 22 avite
2240 2770 20 21 ci
2280 2771 71 27 piace
2369 2775 105 26 poltrire
2485 2774 65 28 negli

2084 2799 36 21 ozî
2131 2800 95 28 lascivi,
2240 2809 12 15 e
2261 2805 65 22 nelle
2335 2808 107 22 mollizie
2453 2810 41 21 dei
2505 2810 46 21 lus-

2084 2837 36 17 so.
2134 2833 14 21 1
2156 2840 76 23 ioppo
2242 2837 40 27 più
2295 2839 40 22 dei
2346 2840 64 23 ferro
2418 2844 66 21 temo
2492 2842 59 22 î’oro

2084 2865 116 25 francese.
2214 2869 61 27 Quai
2288 2873 64 22 ebbe
2367 2875 63 22 délia
2454 2875 97 23 Fiancia

2084 2901 75 26 grado
2172 2904 63 21 nella
2246 2905 101 28 milizia,
2360 2914 14 16 0
2388 2910 82 22 carico
2490 2909 62 22 nella

2084 2935 174 28 magistratura,
2270 2941 73 21 trova
2355 2942 17 21 il
2385 2944 117 21 massimo
2514 2942 38 22 dei

2085 2967 54 22 béni
2151 2970 63 21 nella
2232 2971 156 29 dependenza
2408 2976 118 26 francese,
2539 2982 12 14 e

2084 3000 40 28 gié
2136 3002 26 22 di
2175 3009 77 18 anneo
2270 3007 101 24 diventò
2395 3016 115 21 avverso,
2529 3009 22 22 di

2084 3035 118 28 lodatore,
2212 3038 142 31 detrattore;
2362 3043 23 22 in
2396 3044 156 28 breveaspet-

2085 3070 74 21 tatelo
2168 3071 77 24 Caino
2253 3080 13 15 e
2275 3074 90 24 Giuda.
2377 3077 48 22 Per
2433 3079 60 21 altra
2502 3081 50 24 par-

2084 3104 24 19 te
2121 3109 48 16 non
2181 3106 25 21 vi
2218 3108 105 23 crediate
2335 3110 45 22 che
2391 3112 22 21 la
2423 3110 102 23 Francia
2531 3109 20 22 si

2085 3140 74 19 metta
2171 3140 113 23 eoll’esso
2294 3143 39 22 dei
2347 3144 72 23 dorso
2432 3145 24 22 in
2470 3146 83 27 questa

2086 3169 104 29 impresn
2202 3180 5 19 ;
2220 3174 24 22 io
2255 3181 28 16 so
2295 3176 47 22 che
2354 3179 21 20 la
2388 3179 76 28 piglia
2481 3185 14 15 a
2507 3182 45 18 ma-

2086 3203 107 24 lincuore
2204 3208 108 27 aggirata
2323 3210 170 29 dalministro,
2511 3210 41 23 che

2086 3237 29 22 dé
2127 3239 162 24 adintendere
2301 3243 160 28 l’acquistodi
2472 3243 79 25 Corsi-

2086 3276 27 16 ca
2125 3276 166 25 compensarla
2304 3282 46 17 con
2363 3284 73 16 usura
2455 3280 40 21 dei
2507 3277 44 22 Ca-

2086 3306 60 21 nada
2160 3312 12 15 e
2184 3307 24 22 di
2219 3309 53 21 altri
2284 3310 86 29 luoghi
2381 3313 105 27 perduti,
2494 3318 14 15 e
2517 3308 35 24 ciô

2087 3344 43 20 per
2140 3340 149 24 allontanare
2297 3345 23 20 la
2329 3345 117 28 disgrazia
2457 3346 45 22 che
2511 3343 43 23 mi-

2086 3372 83 21 naccia
2181 3376 114 26 cascargli
2316 3381 38 18 ira
2365 3384 61 23 capo
2446 3385 14 16 e
2472 3378 64 23 collo
2546 3380 5 19 ;

2087 3404 24 21 lo
2124 3406 66 21 steso
2202 3412 25 15 re
2237 3413 47 16 non
2298 3415 29 16 va
2335 3411 25 21 di
2369 3412 81 23 buone
2458 3411 93 30 gambe,

2088 3438 85 27 uggito
2189 3440 60 22 delle
2260 3443 102 23 miserie
2380 3447 39 21 dei
2439 3445 90 29 popolo
2540 3447 13 14 e

2088 3471 148 22 corrucciato
2247 3472 43 22 che
2302 3476 56 21 altri
2370 3478 62 21 vada
2443 3483 14 15 a
2476 3482 11 15 s
2490 3478 63 19 corn-

2088 3501 94 24 buiailo
2194 3506 61 21 nella
2266 3507 53 22 vita
2331 3509 44 22 che
2389 3516 78 16 mena.

2243 3603 10 27 (
2256 3603 146 30 Cuntinua)
