2563 3948
222 183 409 54 GIURNALI
669 179 252 52 CORSI

116 315 97 24 L’Eveil
224 315 33 22 de
272 314 25 22 la
316 312 73 23 Corse
400 323 28 4 —
443 315 85 22 1-2-25.

124 359 187 25 CHRONIQUE
323 353 200 26 AJACCIENNE

116 480 24 6 ...
149 465 33 20 De
194 469 39 14 ces
254 460 55 21 trois
323 459 78 26 pièces,
418 457 24 19 la
457 454 103 21 dernière

88 496 63 21 seule
158 494 40 21 fait
206 493 47 20 rire
262 499 7 17 ;
278 491 22 20 la
314 488 105 27 première
434 488 35 18 est
477 484 63 21 triste
551 489 7 17 ;

88 527 23 20 la
119 525 115 21 deuxième
243 525 34 18 est
285 522 110 19 navrante.

115 563 31 19 Le
153 559 70 27 grand
231 557 70 21 talent
313 555 38 20 des
365 553 85 21 artistes
465 551 41 25 qui
523 550 37 20 dé-

88 592 92 21 fendent
186 589 57 21 Mon
251 588 96 21 Homme
355 585 54 20 n’est
416 588 41 19 pas
472 587 29 14 en
510 585 50 14 cau-

89 630 26 13 se
124 629 6 13 :
139 621 16 21 il
163 621 47 20 faut
218 626 29 13 en
256 617 69 23 avoir,
340 615 29 20 du
377 615 65 21 reste,
454 611 105 20 davanta-

89 661 29 18 ge
125 658 55 21 pour
186 651 67 26 jouer
260 654 46 15 une
313 644 111 23 mauvaise
433 642 72 26 pièce,
516 646 44 19 que

89 690 58 19 pour
154 689 28 14 en
188 682 68 25 jouer
263 685 45 14 une
316 678 79 19 bonne.
404 673 57 21 Mais
469 672 23 20 la
497 671 62 25 pièce

90 717 36 18 est
133 711 113 23 mauvaise
253 711 15 19 à
276 712 50 17 tous
334 707 32 20 les
373 704 73 26 points
461 701 30 21 de
508 706 49 14 vue.

116 749 47 21 Elle
178 751 40 19 est,
238 743 97 23 d’abord,
347 735 193 27 invraisemblable
551 742 6 13 :

90 782 53 19 c’est
150 786 41 14 son
199 776 103 22 moindre
310 772 79 22 défaut.

116 818 32 20 Ce
156 815 38 26 qui
202 812 86 23 révolte
291 806 146 25 surtout,c’est
442 806 59 19 cette
508 808 52 19 apo-

89 848 60 26 logie
156 847 28 20 de
191 843 102 26 l’apache
301 847 6 14 :
317 840 31 20 les
361 840 88 18 auteurs
465 840 29 14 en
512 832 48 21 font

89 885 48 14 une
143 879 59 18 sorte
210 875 30 20 de
248 870 109 24 chevalier
364 868 30 20 du
402 871 71 17 surm,
481 866 23 18 et
512 869 11 14 s
529 864 31 18 ef-

89 909 86 21 forcent
179 907 29 20 de
216 910 59 15 nous
283 903 21 20 le
312 899 78 23 rendre
403 894 157 27 sympathique

90 945 66 20 parce
164 936 53 27 qu’il
220 938 36 17 est
264 931 97 23 costaud,
365 928 51 27 qu’il
419 934 14 13 a
438 932 48 14 une
491 923 69 21 «belle

89 969 97 27 gueule»
201 967 29 20 de
247 965 71 22 brute,
347 959 51 27 qu’il
427 963 30 14 ne
483 955 78 20 résiste

91 1007 41 19 pas
148 1000 14 19 à
178 1004 37 15 ses
231 994 103 22 instincts
342 991 28 20 de
377 989 84 21 voleur,
476 989 23 17 et
507 991 31 19 qu
544 985 16 19 il

91 1031 99 24 «saigne»
197 1033 37 15 ses
239 1024 100 23 victimes
344 1027 53 15 avec
402 1017 96 23 entrain,
505 1020 56 21 pour

90 1068 45 18 peu
143 1058 90 28 qu’elles
242 1055 138 22 murmurent
394 1055 45 16 une
454 1048 107 25 protesta-

90 1093 72 20 tion...
171 1089 120 21 Comment
298 1086 89 25 peut-on
393 1077 132 24 s’attendrir,
532 1082 28 14 en

90 1122 76 23 vérité,
178 1126 39 15 sur
224 1119 35 20 les
267 1116 162 21 mésaventures
440 1111 121 18 sentimen-

90 1153 56 20 tales
152 1151 65 21 d’une
221 1150 67 19 brute
294 1143 95 28 pareille,
396 1145 22 17 et
426 1141 136 20 s’émouvoir

91 1185 14 20 à
113 1176 229 29 l’incompréhensible
349 1171 129 28 perversion
495 1170 16 19 d
517 1174 44 15 une

91 1215 81 20 femme
179 1211 47 25 qui,
239 1211 68 23 ayant
314 1207 22 20 la
349 1203 79 22 faculté
444 1201 31 20 de
492 1202 69 18 rester

91 1250 80 20 propre
178 1246 24 17 et
208 1241 30 20 de
242 1239 100 22 racheter
350 1241 40 15 son
398 1233 73 26 passé,
476 1237 25 14 se
509 1235 52 15 vau-

91 1279 35 17 tre
133 1275 54 20 dans
195 1273 23 20 la
225 1271 61 21 boue
293 1273 53 16 avec
354 1272 30 14 un
391 1264 30 21 tel
430 1263 53 20 élan
490 1261 13 20 ?

117 1309 107 22 Combien
230 1307 52 25 plus
288 1302 117 23 volontiers
411 1305 59 16 nous
475 1297 86 22 serions

91 1341 126 24 indulgents
225 1339 15 19 à
251 1343 46 15 une
312 1331 109 28 fripouille
437 1328 124 25 intelligen-

90 1377 32 20 te,
131 1371 38 26 qui
176 1370 32 21 ait
215 1369 23 20 le
246 1366 86 22 sourire
339 1367 23 18 et
368 1362 38 26 qui
412 1368 30 14 ne
450 1359 64 27 parle
521 1364 40 19 pas

92 1410 32 14 un
140 1404 62 23 argot
213 1393 170 27 conventionnel
396 1396 23 17 et
435 1390 98 27 périmé.
542 1389 19 18 A

91 1439 73 15 aucun
172 1431 108 21 moment,
286 1432 57 16 nous
351 1425 148 24 n’éprouvons
505 1426 57 19 pour

92 1471 27 14 ce
127 1468 94 19 sauvage
231 1457 141 27 sanguinaire
378 1455 21 20 le
412 1452 105 22 moindre
529 1457 33 14 in-

91 1494 57 22 térêt
155 1500 7 18 ;
171 1499 58 15 nous
238 1489 121 22 n’arrivons
367 1487 14 20 à
386 1482 146 28 comprendre
539 1482 22 19 la

92 1525 100 23 douleur,
201 1534 27 5 —
242 1521 20 22 si
276 1518 187 28 pathétiquement
477 1512 85 22 rendue

92 1555 79 28 qu’elle
187 1554 45 21 soit
248 1558 41 19 par
302 1548 88 23 l’artiste
407 1556 27 5 —
459 1545 30 20 de
506 1546 56 19 cette

92 1589 91 22 étrange
190 1584 116 26 princesse
313 1581 79 20 devant
398 1578 22 21 le
428 1576 97 21 cadavre
533 1574 29 20 de

92 1621 37 18 cet
136 1616 82 27 apache
227 1622 8 17 ;
245 1617 30 20 et,
284 1619 29 14 ne
320 1611 22 21 la
352 1609 146 25 comprenant
514 1611 46 20 pas,

92 1649 43 21 elle
144 1654 27 14 ne
179 1645 85 22 saurait
272 1649 56 15 nous
332 1639 118 23 émouvoir,
457 1644 40 15 car
506 1642 55 15 nous

92 1680 22 20 la
123 1683 105 16 trouvons
238 1673 91 23 ridicule
337 1676 22 17 et
367 1670 128 26 déplacée...

191 1715 42 22 LE
245 1711 103 24 VIEUX
357 1706 176 26 MONSIEUR.

123 1853 196 27 Bastia-Journal
325 1864 27 5 —
362 1855 96 25 25-1-25.

119 1915 28 20 Je
153 1914 62 20 viens
223 1913 29 20 de
265 1909 96 23 recevoir
368 1915 42 14 une
418 1905 98 23 aimable
525 1904 38 21 let-

93 1950 36 17 tre
136 1945 54 21 dans
197 1942 98 27 laquelle
303 1947 31 14 un
345 1940 27 21 de
379 1945 41 14 nos
432 1935 132 27 compatrio-

93 1981 35 16 tes
136 1975 100 21 habitant
243 1974 23 20 le
277 1973 56 24 Puÿ,
345 1981 27 5 —
384 1976 44 19 que
441 1975 40 14 ma
496 1966 68 27 petite

94 2010 53 17 note
154 2012 29 14 au
191 2004 60 26 sujet
258 2004 40 20 des
306 2000 111 23 fantaisies
425 2005 47 20 que
480 2005 25 14 se
516 2003 48 20 per-

95 2039 91 19 mettent
198 2035 34 21 les
246 2032 135 27 géographes
394 2031 14 20 à
420 2033 67 18 notre
497 2027 67 26 égard

94 2068 60 21 avait
160 2066 85 24 amusé,
254 2075 27 4 —
289 2067 52 18 veut
351 2062 51 21 bien
415 2067 38 14 me
468 2059 97 26 signaler

94 2105 46 14 une
147 2100 62 18 autre
218 2101 12 11 «
240 2095 62 26 perle
310 2103 11 11 »
334 2095 13 19 à
358 2095 87 18 monter
461 2097 30 14 en
504 2089 62 26 épin-

95 2129 43 25 gle.
146 2128 28 21 Je
186 2128 145 24 m’empresse
345 2124 28 20 de
388 2123 22 20 la
426 2127 110 21 proposer
551 2120 14 20 à

95 2163 63 17 votre
165 2157 140 22 admiration.

122 2195 42 21 «La
172 2195 79 23 Corse,
259 2199 33 14 un
300 2192 39 20 des
347 2189 97 22 derniers
453 2188 76 21 débris
537 2187 28 21 de

95 2227 23 20 la
126 2224 144 27 Tyrrhénide,
280 2225 34 19 est
319 2228 44 15 une
368 2221 29 21 île
402 2220 121 27 possédant
527 2218 39 21 des

95 2256 84 26 plaines
193 2253 116 23 alluviales
329 2253 29 20 où
374 2251 98 22 céréales
486 2253 23 18 et
522 2249 45 22 cul-

582 312 62 16 tures
658 307 147 21 maraîchères
820 304 144 21 réussiraient
977 300 80 27 parfai-

583 342 85 18 tement
688 345 7 17 ;
720 337 57 20 mais
799 337 57 19 dans
873 341 26 13 ce
926 338 54 19 pays
1002 331 55 20 dont

584 370 33 20 les
634 373 127 17 ressources
777 365 108 26 agricoles
905 365 50 18 sont
976 361 79 22 riches,

584 400 34 20 les
626 399 112 20 habitants
746 398 61 19 n’ont
815 401 41 20 pas
864 392 134 27 jusqu’alors
1006 389 51 26 (sic)

585 430 43 20 tiré
633 429 57 26 parti
699 428 31 20 du
738 427 34 20 sol
779 427 22 20 ni
810 426 30 20 du
846 422 145 23 sous-sol.Ses
996 419 61 21 habi-

584 463 60 18 tants
653 462 52 17 sont
711 459 90 19 surtout
807 456 94 23 bergers
908 459 30 14 ou
945 451 112 25 fonction-

584 491 85 20 naires.
685 489 43 20 Les
742 487 60 21 voies
823 486 29 19 de
870 480 186 24 communication

585 524 52 17 sont
658 517 169 23 rudimentaires
840 522 11 13 .*
876 510 178 25 Bastia-Ajaccio,

584 550 93 21 Bastia-
679 548 75 23 Calvi,
774 541 211 26 Bastia-Bonifacio
999 539 56 26 (non

584 578 127 26 terminée.)

611 623 31 20 Le
647 625 126 17 commerce
778 617 111 22 s’effectue
894 621 40 20 par
948 614 32 20 les
994 614 62 24 ports

584 653 29 20 de
622 651 74 22 Bastia
701 650 65 25 (6000
778 645 130 26 habitants)
916 649 23 17 et
946 642 109 27 d’Ajaccio

583 683 82 25 (19.000
673 681 34 25 h.)
720 681 43 20 Ces
771 682 61 23 ports
847 680 52 18 sont
908 683 28 14 en
951 674 105 21 relations

584 719 55 14 avec
646 710 116 22 Marseille.
773 714 11 11 »

610 754 64 21 Cette
690 751 91 22 citation
797 749 108 26 lapidaire
917 750 34 18 est
964 744 93 23 extraite

584 786 66 21 d’une
666 782 110 23 Nouvelle
790 778 164 27 Encyclopédie
972 775 85 22 Onodi-

584 816 109 25 dactigue
695 814 101 21 illustrée
802 809 199 26 d’Enseignement
1008 806 49 21 Mo-

584 847 71 21 derne
662 845 31 26 (1)
706 843 88 27 publiée
799 849 28 14 en
842 838 158 24 collaboration
1016 842 41 20 par

584 885 32 14 un
639 876 88 21 Comité
746 871 189 24 d’universitaires
954 868 53 26 (!!!),
1028 873 28 14 en

585 909 51 20 1820
644 907 12 20 ?
665 911 143 20 croyez-vous
814 911 7 17 ;
830 902 57 21 mais
896 907 53 18 non,
954 906 29 14 en
994 900 62 24 Ì924.

800 960 45 25 ***

614 1027 36 22 Le
660 1024 70 24 Petit
741 1024 83 26 Corse,
842 1027 83 23 1-2-25.

614 1077 46 23 LA
672 1074 144 24 SEMAINE
828 1069 201 26 AJACCIENNE

613 1180 23 8 ...
651 1165 79 21 Certes
747 1163 58 21 Cora
822 1158 130 28 Laparcerie
965 1160 36 18 est
1013 1163 46 14 une

585 1197 86 26 grande
679 1195 84 21 artiste.
773 1193 56 21 Mais
840 1198 28 14 ce
880 1189 80 27 qu’elle
971 1195 59 14 nous
1045 1193 14 14 a

586 1227 59 22 servi
655 1228 56 19 n'est
719 1231 40 20 pas
767 1225 30 20 du
805 1222 72 27 grand
885 1224 41 18 art.
940 1220 19 21 Il
966 1223 35 17 est
1008 1225 52 19 pos-

586 1259 57 21 sible
653 1264 46 19 que
711 1254 148 24 VInsoumise,
868 1253 55 20 Mon
932 1251 98 21 Homme
1037 1252 23 18 et

586 1289 74 21 même
665 1288 22 21 la
694 1286 93 23 Grande
791 1284 118 22 Duchesse
914 1285 24 18 et
942 1282 21 21 le
970 1282 89 24 Garçon

586 1320 101 25 d’Etage
701 1318 74 21 soient
792 1316 40 21 des
847 1320 89 16 oeuvres
953 1312 107 21 étourdis-

587 1354 75 18 santes
677 1353 24 17 et
709 1349 52 21 d’un
779 1354 11 12 «
805 1345 155 27 parisianisme
973 1344 29 20 de
1014 1343 46 20 bon

586 1382 53 20 aloi.
651 1388 10 10 »
677 1380 19 21 Il
706 1383 35 18 est
749 1379 51 21 bien
810 1376 100 27 possible
921 1381 44 20 que
977 1381 27 14 ce
1017 1373 44 21 soit

586 1413 23 20 là
617 1412 22 21 le
650 1411 87 21 théâtre
750 1409 118 21 moderne:
883 1407 39 20 des
931 1405 81 22 choses
1021 1404 40 21 fai-

587 1443 102 23 sandées,
697 1442 40 20 des
743 1439 133 27 gaudrioles,
882 1437 40 21 des
930 1437 83 22 bécots,
1020 1435 41 20 des

587 1477 65 19 mots,
670 1473 40 20 des
728 1471 117 22 situations
861 1468 138 23 scabreuses,
1021 1466 40 21 des

587 1505 139 26 quiproquos
731 1503 114 20 hilarants.
853 1501 36 20 Du
895 1499 74 23 talent,
978 1500 71 19 certes
1053 1496 6 20 !

587 1543 31 13 cm
626 1535 30 21 rit
668 1538 23 18 et
705 1541 35 14 en-
744 1536 85 19 sortant
840 1532 45 21 l’on
895 1537 25 14 se
928 1529 33 21 dit
966 1536 7 13 :
987 1535 12 11 «
1007 1528 56 21 Mon

587 1566 52 22 dieu
648 1573 45 18 que
701 1565 54 21 c’est
763 1565 50 20 bête
819 1561 7 23 !
832 1568 11 11 »
853 1563 32 20 La
891 1561 81 22 société
980 1558 82 22 actuel-

587 1597 22 21 le
617 1604 14 13 a
639 1597 110 26 peut-être
756 1596 22 20 le
786 1595 87 20 théâtre
880 1592 80 27 qu’elle
973 1590 87 21 mérite.

588 1628 48 21 Elle
643 1633 92 16 mourra
743 1627 55 20 dans
807 1632 31 14 un
850 1624 109 21 immense
967 1621 58 21 éclat
1033 1620 28 21 de

587 1659 53 21 rire.

614 1696 28 21 Et
650 1697 88 19 surtout
749 1700 26 15 ce
788 1693 57 21 n’est
853 1698 41 23 pas
902 1690 22 21 là
931 1689 31 22 du
975 1688 86 21 théâtre

588 1733 57 20 pour
653 1727 34 20 les
690 1725 82 26 jeunes
777 1723 59 22 filles
844 1723 24 20 ni
878 1728 56 20 pour
942 1721 32 20 les
980 1720 81 25 jeunes

588 1758 85 20 dames.
689 1757 46 20 Des
749 1755 78 21 choses
838 1757 51 22 trop
907 1751 106 26 spéciales
1031 1757 30 14 ou

588 1792 51 22 trop
647 1787 127 26 spécieuses
781 1785 6 21 !
795 1786 94 20 J’avoue
894 1782 63 22 avoir
966 1782 37 21 été
1012 1788 49 19 par-

588 1820 44 21 fois
641 1819 53 21 bien
703 1818 83 25 gêné...

876 1852 21 20 A
909 1849 126 22 MERULA.

698 1912 5 3 -
712 1906 5 12 ’>
752 1918 18 3 _
973 1918 5 3 -
985 1909 9 13 9
998 1913 3 2 ‘

618 2005 49 14 «...
679 1997 40 21 En
730 1995 75 22 Corse
817 1993 96 27 chaque
927 1991 69 28 ville,
1005 1991 56 22 cha-

589 2043 49 21 que
651 2034 214 27 hameau,chaque
873 2031 58 24 coin
942 2030 31 23 de
985 2032 75 25 terre,

590 2076 97 26 chaque
698 2073 97 26 rocher,
798 2072 96 27 chaque
904 2069 157 28 broussaille,

589 2116 73 26 porte
673 2114 38 22 les
729 2117 116 22 marques
868 2110 73 23 d’une
959 2109 104 22 bataille

589 2154 124 27 héroïque
727 2158 66 21 pour
806 2151 48 22 l’in
855 2149 187 27 dépendance...
1050 2156 11 14 »

848 2195 22 18 J.
878 2194 27 19 B.
915 2193 125 20 Lescarret.

660 2248 100 24 (Mémoire
766 2252 33 14 sur
805 2248 19 18 la
827 2246 64 23 Corse,
899 2245 62 22 1878.)

176 2396 21 60 I
222 2396 171 59 nostrî
416 2395 118 59 veri
556 2392 163 59 amici
740 2406 74 42 un
836 2405 64 41 so
921 2387 144 57 mica

98 2487 161 73 queili
292 2486 84 57 chi
406 2486 48 56 ci
488 2485 240 56 contanu
757 2476 308 73 chjachjare

101 2594 91 41 ma
212 2575 160 73 queili
400 2574 88 57 chi
511 2586 218 58 paganu
756 2585 36 41 u
820 2585 63 39 so
899 2566 166 58 abbu=

101 2670 276 56 namentu.

1235 167 261 52 ALTRI
1534 157 368 55 JURNALI

1110 295 166 25 L’Humanité

1107 348 64 20 Pour
1178 347 90 20 donner
1276 347 16 20 à
1303 350 42 16 nos
1357 340 146 24 accusations
1515 338 42 21 des

1082 379 69 20 bases
1166 377 157 24 irréfutables,
1340 374 20 20 il
1373 377 58 16 nous
1447 370 67 24 suffit
1527 369 30 20 de

1081 409 77 20 suivre
1165 407 34 20 les
1206 413 69 14 cours
1283 406 42 21 des
1331 404 49 21 blés
1387 404 24 18 et
1417 401 42 20 des
1466 400 91 24 farines

1082 438 81 25 depuis
1171 437 25 20 la
1204 437 106 20 dernière
1322 433 87 22 récolte,
1419 430 137 27 postérieure

1082 470 14 19 à
1103 468 100 21 l’arrivée
1211 474 30 13 au
1246 465 94 27 pouvoir
1345 464 29 20 du
1380 462 176 26 gouvernement

1083 497 210 25 Herriot-Queuille.

1106 530 22 20 A
1143 527 126 22 l'automne
1280 531 61 22 1924,
1354 524 22 21 le
1388 523 55 25 prix
1460 521 97 21 d’achat

1082 560 33 21 du
1131 559 41 21 blé
1185 561 36 18 est
1237 559 31 20 de
1283 563 31 20 90
1319 556 79 25 francs
1417 553 22 21 le
1453 551 102 27 quintal.

1081 590 33 21 Le
1119 589 61 26 petit
1184 592 101 22 paysan,
1295 586 77 25 obligé
1382 584 30 21 de
1419 583 86 21 vendre
1519 588 38 15 ses

1081 620 95 21 récoltes
1188 619 101 21 aussitôt
1302 615 96 22 celles-ci
1404 615 104 24 coupées,
1523 613 34 20 les

1082 652 58 21 livre
1145 652 16 20 à
1169 657 26 14 ce
1202 656 69 15 cours
1279 654 48 15 aux
1332 646 96 22 meniers
1436 652 30 15 ou
1471 645 16 20 à
1496 645 61 20 leurs

1082 681 114 22 courtiers.

1109 712 34 21 Or
1147 712 25 20 la
1183 710 84 21 récolte
1277 708 108 26 générale
1398 707 58 21 n’est
1460 709 48 23 pas
1515 706 42 21 des

1082 742 134 22 meilleures.
1222 741 47 21 Les
1275 746 56 19 gros
1335 738 165 27 propriétaires
1504 737 53 25 fon-

1082 774 59 21 ciers
1145 785 26 5 —■
1183 773 34 20 les
1226 771 120 25 seigneurs
1359 770 30 21 de
1397 776 44 15 nos
1452 769 106 25 départe-

1083 809 73 16 ments
1161 803 114 26 agricoles
1284 802 44 25 qui
1331 803 82 19 savent
1426 800 34 21 les
1471 800 87 25 espoirs

1083 836 30 21 de
1120 834 142 27 spéculation
1273 839 46 19 que
1325 834 88 24 permet
1422 832 26 20 la
1457 831 102 25 raréfac-

1083 867 48 21 tion
1136 867 29 20 de
1170 865 74 26 Voffre
1249 870 42 16 sur
1295 871 31 14 un
1331 863 94 21 marché
1431 865 24 18 et
1459 862 43 26 qui
1501 865 57 22 peu-

1083 900 56 18 vent
1149 896 91 22 stocker
1254 907 29 5 —
1303 902 30 13 ne
1348 894 84 21 livrent
1442 897 48 22 pas
1497 893 62 20 leurs

1083 928 105 22 céréales.
1213 927 38 21 On
1266 933 60 14 nous
1339 925 85 26 signale
1440 931 46 19 que
1502 924 56 20 dans

1084 965 108 22 certaines
1200 963 93 26 régions
1298 972 26 5 —
1328 969 27 14 en
1364 961 128 26 particulier
1502 960 57 21 dans

1083 1003 22 20 la
1115 1003 93 23 Beauce,
1217 1000 42 22 fief
1270 999 104 22 électoral
1387 999 29 20 de
1432 998 30 21 M.
1478 997 81 21 Violet-

1083 1043 23 17 te
1122 1050 27 6 —
1164 1039 40 20 des
1221 1037 50 22 blés
1289 1037 61 20 n’ont
1372 1042 40 19 pas
1425 1041 82 16 encore
1524 1035 36 20 été

1084 1076 73 21 battus
1166 1075 7 21 !

1109 1107 205 24 L’accaparement
1322 1105 40 20 des
1370 1104 114 21 meuniers
1496 1103 64 20 raré-

1083 1138 62 25 fiant
1151 1143 81 15 encore
1240 1137 34 20 les
1283 1135 99 21 céréales
1386 1141 42 15 sur
1432 1135 23 20 le
1458 1133 100 23 marché,

1085 1170 25 20 la
1121 1169 84 21 hausse
1217 1168 61 21 était
1294 1167 107 21 certaine.
1419 1165 51 22 Elle
1481 1164 80 21 devait

1084 1207 26 14 se
1117 1199 138 22 déclancher
1262 1205 59 14 avec
1331 1198 106 21 l’arrivée
1453 1196 42 21 des
1510 1195 51 21 blés

1085 1233 118 23 étrangers
1210 1242 28 5 —
1245 1230 61 21 dont
1312 1229 22 21 le
1338 1229 55 25 prix
1402 1230 36 19 est
1442 1226 119 26 supérieur

1085 1269 50 15 aux
1142 1261 49 22 blés
1196 1261 110 26 français
1311 1271 26 4 —
1344 1262 24 19 et
1374 1260 142 21 s’accentuer
1531 1256 30 21 de

1083 1294 55 26 jour
1145 1300 28 14 en
1181 1293 59 25 jour.
1252 1293 33 20 Le
1292 1298 65 15 cours
1365 1298 13 14 a
1385 1289 59 22 ainsi
1452 1289 66 25 passé
1532 1287 29 21 de

1086 1330 25 21 90
1119 1324 75 21 francs
1202 1325 14 20 à
1225 1323 39 21 i35
1272 1322 75 22 francs
1355 1322 56 21 dans
1419 1321 97 24 l'espace
1532 1318 28 21 de

1086 1359 79 23 quatre
1172 1355 65 21 mois.
1245 1359 15 18 /
1333 1356 12 23 \

1115 1458 72 23 Breiz
1192 1458 68 21 Atao
1267 1457 132 29 (Bretagne
1404 1452 128 30 toujours)

1114 1505 31 20 Ce
1152 1504 72 25 qu’un
1231 1503 87 26 peuple
1324 1503 57 24 peut
1386 1500 64 25 faire
1457 1506 29 14 en
1496 1498 67 25 vingt

1087 1543 51 14 ans.
1155 1535 31 21 Ce
1202 1534 89 26 qu’une
1304 1532 71 27 petite
1395 1531 56 21 élite
1468 1529 94 22 décidée

1084 1569 59 23 peut
1147 1566 62 25 faire
1217 1565 59 21 d’un
1283 1563 84 27 peuple
1380 1569 29 14 en
1426 1562 68 25 vingt
1509 1567 51 14 ans.

1088 1598 110 21 Suzanne
1208 1596 80 25 Théry,
1302 1595 60 21 dans
1374 1600 42 14 son
1428 1593 66 23 livre,
1505 1600 13 12 «
1526 1591 35 21 En

1086 1628 95 22 Irlande
1189 1632 22 20 a,
1220 1634 61 14 nous
1291 1627 23 20 le
1324 1627 94 20 montre.
1431 1623 52 22 Elle
1499 1625 63 18 trace

1087 1655 22 21 le
1114 1654 101 25 portrait
1227 1653 44 21 des
1277 1650 118 25 Irlandais
1403 1649 30 21 de
1444 1654 55 21 1900
1507 1655 9 14 :

1114 1694 12 11 a
1136 1684 100 25 ...Enfin,
1246 1682 186 22 asservissement
1445 1680 116 25 -suprême,

1087 1716 30 22 ils
1124 1722 28 15 en
1160 1715 90 21 étaient
1259 1714 89 21 arrivés
1355 1713 16 20 à
1385 1711 103 22 admirer
1501 1710 62 21 leurs

1087 1749 94 19 maîtres
1187 1753 10 17 ;
1208 1746 36 21 les
1249 1752 63 19 yeux
1323 1744 57 25 fixés
1394 1749 42 15 sur
1451 1741 110 23 Londres,

1087 1778 29 21 ils
1123 1778 97 21 avaient
1232 1776 81 21 oublié
1318 1776 60 21 leurs
1385 1773 125 22 traditions
1520 1778 43 15 na-

1087 1809 105 23 tionales,
1201 1809 63 20 leurs
1272 1806 113 27 légendes,
1391 1805 52 21 leur
1450 1803 113 22 ancienne

1087 1839 145 23 civilisation,
1252 1839 52 20 leur
1310 1837 134 22 littérature,
1454 1835 51 21 leur
1516 1834 47 21 his-

1087 1872 63 24 toire,
1165 1873 24 18 et
1202 1870 99 26 jusqu’à
1318 1868 49 21 leur
1379 1868 94 24 langue.
1487 1865 24 22 Il
1525 1866 38 24 n’y

1087 1902 73 23 avait,
1173 1905 63 22 pour
1252 1901 44 20 des
1314 1899 137 26 gentlemen,
1472 1897 91 20 d’autre

1088 1933 85 26 langue
1178 1932 106 26 possible
1291 1936 46 21 que
1344 1929 111 26 l’anglais
1462 1935 11 17 ;
1481 1934 29 15 on
1517 1927 47 26 fai-

1087 1964 49 21 sait
1142 1963 65 22 venir
1214 1969 39 15 ses
1256 1961 103 22 meubles
1364 1960 184 25 d’Angleterre...
1554 1964 11 18 ;

1088 2005 30 14 on
1123 1997 66 22 lisait
1195 1997 43 21 des
1253 1996 72 21 livres
1336 1994 100 25 anglais,
1451 2000 31 14 on
1495 1992 71 21 allait

1088 2027 234 25 entendredespièces
1326 2025 125 26 anglaises,
1456 2030 31 15 on
1495 2023 70 21 ache-

1088 2060 47 20 tait
1137 2065 37 14 ses
1176 2058 126 25 chapeaux
1305 2057 17 20 à
1326 2056 109 24 Londres,
1438 2062 31 14 ou
1476 2054 55 21 bien
1535 2060 29 15 on

1088 2090 86 21 imitait
1176 2090 35 21 les
1215 2089 126 25 chapeaux
1345 2087 30 21 de
1378 2085 147 23 Londres.En
1533 2091 32 14 un

1089 2129 55 22 mot,
1153 2126 116 25 l’antique
1284 2127 24 19 et
1323 2124 66 21 noble
1405 2122 96 22 Irlande
1508 2122 59 20 était

1086 2159 56 24 près
1149 2157 93 21 d’avoir
1249 2156 27 21 la
1285 2155 120 22 mentalité
1416 2155 57 20 d’un
1481 2153 86 26 peuple

1089 2189 31 21 de
1128 2188 75 25 cafres
1210 2194 31 15 ou
1249 2188 32 20 de
1288 2187 156 20 Hottentots...
1451 2193 13 12 a

1115 2219 70 26 Déjà,
1194 2225 29 15 en
1235 2222 63 22 1910,
1308 2217 20 22 il
1337 2218 52 20 n’en
1401 2216 60 21 était
1469 2216 57 25 plus
1537 2215 30 20 de

1582 288 79 19 même.
1676 286 37 20 En
1728 288 60 20 1914,
1805 280 112 22 l'Irlande
1936 279 59 20 était
2010 279 45 20 mé-

1581 314 168 23 connaissable.
1761 311 159 26 Aujourd’hui,
1934 311 16 19 à
1958 309 95 22 Dublin,

1581 354 30 14 on
1619 346 57 21 écrit
1684 345 34 20 les
1726 344 138 20 devantures
1869 341 29 20 de
1909 340 107 25 magasin
2026 345 28 14 en

1580 377 116 26 gaélique.

1607 408 169 20 Sommes-nous
1784 404 88 20 tombés
1879 403 23 21 si
1905 403 52 24 bas,
1965 408 29 14 en
2001 401 55 20 Bre-

1581 441 77 22 tagne,
1673 443 47 19 que
1735 441 57 15 nous
1804 441 30 14 ne
1848 434 118 25 puissions
1979 432 76 21 suivre

1581 468 22 21 le
1610 467 91 21 chemin
1713 466 104 26 qu’avait
1825 466 66 20 tracé
1896 465 88 20 devant
1998 468 58 15 nous

1581 503 112 22 l’hlande
1701 503 30 21 de
1747 507 52 21 1900
1807 502 13 21 ?

1609 619 37 22 La
1656 618 98 23 Pensée
1762 617 76 23 Libre

1609 680 11 12 »
1629 672 29 21 Je
1665 678 30 14 ne
1708 670 45 21 sais
1760 675 40 20 pas
1816 669 20 20 si
1853 669 34 20 les
1903 667 81 20 Corses
1992 664 65 21 méri-

1582 705 48 18 tent
1638 703 51 20 leur
1697 707 77 16 renom
1783 703 23 18 et
1814 699 46 20 s’ils
1868 697 128 26 pratiquent
2012 700 44 14 une

1583 733 87 26 grande
1679 736 23 18 et
1710 733 61 24 large
1778 729 135 27 hospitalité.
1929 727 28 20 Je
1966 733 14 14 n
1987 725 22 21 ai
2017 731 40 19 pas

1584 772 28 14 eu
1620 763 120 23 l’occasion
1748 763 29 20 de
1785 762 33 21 les
1835 763 81 18 mettre
1923 759 14 20 à
1946 756 112 23 contribu-

1583 796 47 21 tion
1639 799 23 18 et
1668 795 25 26 je
1701 795 37 25 n’y
1745 793 72 21 tenais
1831 791 130 21 nullement.
1971 786 55 23 Mais
2033 786 24 25 je

1583 827 45 21 n’ai
1637 833 41 20 pas
1695 825 68 26 gardé
1776 831 32 14 un
1821 821 107 22 souvenir
1944 817 113 23 favorable

1583 859 29 20 de
1620 864 42 15 nos
1670 859 106 19 contacts.

1610 901 11 12 «
1631 895 128 24 L’étranger
1772 891 59 26 (tout
1848 897 26 14 ce
1890 889 39 26 qui
1942 888 58 20 n’est
2016 892 41 19 pas

1584 926 70 21 Corse
1668 928 35 17 est
1711 923 115 22 considéré
1834 927 87 15 comme
1929 920 102 23 étranger
2040 915 17 27 !)

1584 961 34 18 est
1636 956 106 25 dévisagé
1750 960 54 15 avec
1816 952 117 22 méfiance.
1942 948 62 22 Assis
2020 948 38 20 de-

1584 991 55 18 vant
1646 988 61 20 leurs
1725 988 74 23 portes
1816 990 31 15 ou
1862 982 102 21 devisant
1971 986 30 15 au
2009 978 41 21 mi-

1584 1019 45 22 lieu
1638 1019 29 20 de
1674 1018 61 21 leurs
1743 1014 111 27 places,ils
1862 1019 56 15 vous
1926 1012 70 21 fixent
2003 1016 54 15 avec

1584 1057 46 14 une
1637 1049 122 21 insistance
1767 1052 62 15 assez
1837 1045 97 25 gênante
1946 1046 23 17 et
1977 1040 80 21 derriè-

1585 1088 25 14 re
1617 1079 98 27 laquelle
1723 1085 29 14 on
1769 1083 29 15 ne
1809 1078 51 19 sent
1876 1080 87 16 aucune
1971 1078 86 20 sympa-

1585 1112 55 21 thie.
1649 1111 63 21 Nous
1721 1114 96 16 sommes
1825 1107 41 20 des
1875 1106 78 21 intrus.
1956 1105 60 20 Dans
2025 1109 31 14 un

1585 1146 108 19 auto-car,
1702 1146 46 16 une
1756 1139 82 21 femme
1855 1143 64 15 corse
1934 1134 123 27 (d’Ajaccio

1585 1175 14 19 à
1607 1170 103 27 Sartène)
1719 1169 98 22 émettait
1824 1169 84 20 devant
1917 1173 58 15 nous
1983 1166 22 20 la
2009 1165 49 26 pré-

1585 1204 86 21 tention
1680 1203 30 20 de
1716 1201 95 26 prendre
1818 1200 23 21 la
1845 1200 64 25 place
1917 1198 67 21 d’une
1992 1202 66 19 voya-

1585 1241 76 20 geuse,
1671 1240 54 15 sous
1738 1233 99 25 prétexte
1848 1237 46 19 que
1906 1230 33 20 les
1944 1230 113 23 étrangers

1585 1265 83 26 (c’était
1685 1265 31 20 du
1725 1267 64 20 reste,
1807 1268 46 15 une
1870 1259 126 26 Française)
2012 1258 47 21 doi-

1585 1300 55 18 vent
1659 1296 68 21 céder
1742 1295 22 20 le
1771 1301 40 19 pas
1819 1299 45 15 aux
1872 1292 89 21 Corses.
1979 1290 80 25 Singu-

1585 1328 55 21 lière
1648 1326 142 27 hospitalité..

1612 1374 11 11 «
1633 1365 32 20 La
1673 1363 94 26 religion
1781 1363 70 24 règne
1863 1368 29 14 en
1908 1360 122 21 maîtresse.
2040 1357 19 21 Il

1586 1402 37 14 me
1631 1395 35 21 fut
1673 1393 130 27 impossible
1811 1391 139 26 d’organiser
1962 1396 29 14 en
2008 1388 53 21 Cor-

1586 1433 25 14 se
1624 1433 46 14 une
1684 1425 62 21 seule
1757 1423 144 22 conférence!
1917 1421 37 21 On
1971 1419 89 22 m’avait

1586 1458 109 26 prévenu.
1705 1456 36 21 Un
1756 1455 45 21 ami
1809 1454 61 22 avait
1886 1453 73 21 même
1971 1455 54 17 tenu
2046 1452 14 19 à

1586 1496 37 14 me
1631 1491 80 18 mettre
1720 1494 27 14 en
1754 1486 75 27 garde,
1836 1487 68 19 avant
1912 1490 53 15 mon
1983 1483 77 25 départ

1587 1533 27 4 —
1621 1523 24 18 et
1650 1519 80 26 j’avais
1738 1517 67 22 souri.
1821 1516 64 25 Mais,
1903 1522 41 19 par
1960 1515 22 20 la
1994 1514 64 24 suite,

1587 1552 90 25 lorsque
1684 1550 39 26 j’ai
1731 1556 29 15 vu
1768 1550 22 20 la
1798 1548 119 27 puissance
1931 1547 29 20 de
1967 1546 49 21 leur
2024 1551 36 15 su-

1587 1582 117 27 perstition
1726 1584 23 18 et
1764 1581 22 20 le
1806 1580 112 21 caractère
1932 1577 83 22 arriéré
2031 1576 29 21 de

1587 1614 60 21 leurs
1656 1618 129 20 croyances,
1793 1611 39 26 j’ai
1841 1610 98 26 compris
1947 1615 52 20 que,
2004 1608 56 21 dans

1587 1644 110 23 certaines
1710 1642 99 22 localités
1825 1644 95 21 surtout,
1936 1640 18 21 il
1969 1647 15 18 y
2001 1639 59 21 avait

1587 1676 46 21 lieu
1641 1676 70 20 d’être
1719 1674 103 27 prudent.
1838 1673 62 21 Dans
1908 1675 51 18 tous
1971 1671 34 20 les
2021 1670 39 21 hô-

1587 1707 42 21 tels
1636 1707 30 20 où
1673 1706 41 26 j’ai
1723 1705 90 24 couché,
1829 1704 40 25 j’ai
1876 1703 80 22 trouvé
1964 1702 40 21 des
2012 1708 47 15 cru-

1587 1738 58 24 cifix,
1655 1738 41 21 des
1704 1737 84 25 images
1796 1735 85 21 saintes
1889 1738 23 17 et
1921 1734 41 21 des
1978 1734 83 20 sacrés-

1587 1776 82 15 coeurs.
1684 1769 50 20 Aux
1742 1770 117 18 tournants
1867 1766 40 21 des
1924 1768 82 21 routes,
2021 1764 39 25 j’ai

1588 1808 30 14 vu
1631 1798 189 24 d’innombrables
1832 1797 77 22 niches
1917 1795 108 22 bariolées
2031 1802 29 14 en

1589 1832 118 25 bleu,dans
1715 1830 119 26 lesquelles
1839 1836 46 15 une
1890 1829 95 21 affreuse
1994 1827 67 22 «San-

1587 1867 24 18 ta
1619 1863 78 21 Madré
1706 1867 11 12 »
1727 1869 29 14 en
1764 1861 72 27 plâtre
1847 1860 101 26 esquisse
1962 1866 32 14 un
2011 1865 50 15 sou-

1587 1895 45 21 rire
1637 1894 66 22 niais.

1614 1938 11 12 «
1635 1932 44 20 Les
1688 1931 82 20 Corses
1779 1933 60 21 sont,
1854 1928 140 24 d’ordinaire,
2008 1927 54 21 mai-

1589 1973 50 19 gres
1644 1969 23 17 et
1675 1971 57 18 secs,
1736 1964 74 21 tandis
1817 1970 46 19 que
1871 1963 59 21 leurs
1939 1963 64 20 curés
2011 1965 52 17 sont

1589 2003 59 20 gras,
1656 1996 103 25 joufflus,
1772 1998 101 18 ventrus.
1888 1994 61 21 Nous
1958 2000 29 14 en
1992 1999 70 15 avons

1590 2028 122 21 rencontré
1729 2027 40 20 des
1781 2026 121 24 centaines,
1920 2031 53 15 sans
1990 2024 73 26 parler

1590 2059 40 20 des
1639 2057 108 27 capucins
1753 2061 23 17 et
1783 2057 40 21 des
1831 2056 195 24 dominicains,car
2033 2055 30 21 là-

1591 2090 40 21 bas
1638 2090 35 21 les
1679 2089 87 21 moines
1775 2095 25 14 se
1808 2089 133 25 promènent
1948 2086 115 27 publique-

1591 2124 66 18 ment.
1671 2126 57 15 avec
1743 2120 61 20 leurs
1816 2120 67 20 robes
1899 2118 38 26 (de
1945 2119 56 20 bure
2008 2124 55 15 mar-

1592 2159 42 14 ron
1648 2159 31 14 ou
1688 2151 29 21 de
1725 2151 58 20 laine
1794 2149 114 26 blanche).
1918 2149 41 22 Les
1967 2149 44 21 lois
2027 2155 36 14 sui

1592 2183 33 20 les
1644 2182 180 26 Congrégations
1841 2188 30 15 ne
1896 2181 114 21 sont-elles
2026 2186 37 19 pas

1593 2214 137 25 applicables
1740 2214 14 20 à
1761 2213 22 21 la
1788 2212 69 22 Corse
1865 2212 13 21 ?

1094 2389 81 57 Un
1204 2401 158 43 semu
1383 2385 147 57 mica
1571 2383 189 73 povari
1799 2382 190 72 povari

1172 2494 95 40 ma
1298 2492 73 42 un
1399 2490 157 42 semu
1589 2475 145 56 mica
1764 2472 135 58 richi
1932 2471 133 58 rîchl

1094 2566 312 59 Mandateci
1442 2564 186 58 subitü
1659 2580 38 42 u
1730 2562 311 59 vostr’abbu

1095 2655 288 59 namentu!

2079 152 11 11 «
2100 147 75 24 Quant
2188 145 13 20 à
2214 143 58 21 leurs
2288 145 75 19 morts,
2371 141 28 21 ils
2407 142 32 21 les
2448 149 64 19 enter

2080 180 51 18 rent
2140 183 29 13 un
2179 181 42 19 peu
2231 176 96 23 partout.
2347 172 31 20 Le
2386 172 55 26 long
2448 174 39 22 des
2499 185 46 18 rou.

2079 211 43 20 tes,
2132 209 72 18 toutes
2212 205 32 20 les
2253 204 52 24 cinq
2315 202 105 24 minutes,
2430 210 29 14 on
2476 210 67 24 croise

2080 245 32 13 un
2120 239 129 19 monument
2255 233 119 22 funéraire.
2385 233 59 21 C’est
2452 241 30 15 un
2495 242 49 22 tom-

2081 269 64 23 beau,
2153 267 92 21 entouré
2253 265 28 20 de
2298 263 136 21 l’inévitable
2442 269 75 23 cyprès
2526 279 19 17 et

2081 299 28 20 de
2113 298 142 24 l’inscription
2260 294 116 25 fatidique:
2384 294 90 22 Famille
2482 297 63 27 Tour,

2080 329 48 20 toni
2137 335 29 14 ou
2180 326 133 25 Busangelli.
2324 325 100 25 Lorsque
2441 332 31 15 un
2482 328 61 28 CorSe

2081 365 65 20 passe
2154 359 81 20 devant
2243 363 37 14 ces
2288 355 68 27 petits
2364 355 97 26 édifices,
2476 358 16 21 il
2500 367 44 18 sou.

2080 391 51 20 lève
2141 396 41 14 son
2192 389 96 24 chapeau
2307 393 30 14 ou
2346 386 40 21 fait
2402 393 32 14 un
2443 388 62 25 signe
2521 395 23 22 de

2081 420 68 21 croix.

2117 458 10 11 «
2138 451 58 21 Vous
2213 449 152 25 m’objecterez
2380 449 109 24 peut-être
2505 459 39 19 qUe

2081 482 110 26 plusieurs
2200 480 47 21 élus
2251 479 28 21 de
2287 479 23 21 la
2319 479 71 20 Corse
2398 485 25 14 se
2431 480 114 28 réclament

2082 513 40 21 des
2130 512 69 26 partis
2207 509 167 27 républicains?
2383 509 59 21 C’est
2445 512 98 28 possible,

2082 544 57 21 mais
2147 543 27 21 ils
2183 541 142 27 n’ontjamais
2332 540 113 21 combattu
2454 537 91 32 l’Église.

2108 575 50 26 Que
2165 573 95 22 demain,
2269 579 41 19 par
2318 571 108 26 exemple,
2436 578 32 14 un
2481 573 66 24 Moro-

2083 606 102 21 Giafferri
2193 605 80 22 s’avise
2281 604 29 21 de
2317 603 123 22 combattre
2454 603 21 20 le
2491 605 56 24 cléri-

2083 638 97 24 calisme,
2190 636 16 21 il
2214 643 49 14 sera
2277 634 184 22 inévitablement
2472 635 75 26 vaincu

2083 669 56 20 dans
2166 668 22 20 la
2204 668 54 20 lutte
2271 666 124 21 électorale.

2109 704 12 12 «
2130 699 19 19 Il
2154 705 15 18 y
2177 704 14 14 a
2195 697 54 20 trois
2258 696 80 21 choses
2355 695 129 25 auxquelles
2498 697 15 20 il
2522 706 26 16 ne

2083 729 48 20 faut
2138 735 40 19 pas
2186 727 91 21 toucher
2282 733 30 14 en
2321 726 70 20 Corse
2398 732 6 14 :
2420 729 21 16 1°
2459 726 31 21 La
2503 730 45 21 reli-

2082 760 54 25 gion
2153 758 131 25 catholique;
2298 759 25 18 2°
2341 756 31 21 La
2389 756 84 21 famille
2482 758 65 24 Bona-

2083 793 71 24 parte;
2162 789 24 21 3°
2201 789 31 21 Le
2240 788 147 21 militarisme.
2403 787 37 20 On
2455 793 92 22 pourrait

2083 822 73 20 même
2164 827 28 14 en
2200 820 86 25 ajouter
2293 825 47 14 une
2345 817 124 26 quatrième
2475 824 6 13 :
2492 819 21 22 le
2520 826 27 18 ta-

2084 853 49 24 bac,
2146 859 38 14 car
2194 851 16 21 il
2220 854 33 17 est
2266 850 29 21 ici
2304 850 46 20 très
2361 849 46 20 bon
2424 850 88 21 marché
2528 860 18 17 et

2083 884 33 21 lès
2124 889 55 20 gens
2187 882 85 21 fument
2277 887 52 14 sans
2338 880 156 25 interruption.
2496 882 49 25 Rien

2083 916 14 20 à
2110 915 55 20 faire
2173 920 56 19 pour
2237 912 103 21 modérer
2347 911 50 21 leur
2404 911 81 21 manie.

2119 950 11 11 «
2139 944 120 26 Napoléon,
2274 943 53 21 c’est
2344 942 22 21 la
2392 942 84 25 grande
2498 945 47 24 gloi.

2083 984 25 14 re
2115 978 7 20 !
2140 976 45 21 Son
2194 982 52 14 nom
2255 974 68 21 brille-
2337 979 45 14 aux
2396 976 78 22 quatre
2490 976 55 24 coins

2083 1007 116 26 d’Ajaccio.
2218 1005 115 23 Portraits,
2355 1004 84 24 bustes,
2462 1008 83 25 statues,

2083 1039 56 21 c’est
2150 1045 45 14 une
2202 1036 116 22 obsession
2326 1035 116 21 véritable.

2110 1074 12 12 «
2128 1070 42 21 Les
2174 1068 91 26 gradées
2272 1066 119 27 pullulent.
2392 1066 19 20 A
2415 1066 56 21 bord
2480 1068 29 21 du
2513 1077 34 15 na-

2083 1101 56 24 vire,
2149 1101 16 20 il
2173 1106 48 19 yen
2230 1099 59 21 avait
2292 1104 26 20 40
2323 1096 43 29 0/0.
2375 1098 105 25 Sergents
2488 1103 22 17 et
2515 1102 32 20 ad-

2080 1132 93 26 judants
2181 1131 68 21 allant
2256 1137 78 20 passer
2339 1130 61 21 leurs
2408 1136 107 15 vacances
2522 1139 24 15 au

2084 1170 55 19 pays
2147 1163 66 21 natal.
2223 1163 30 20 La
2267 1161 116 22 mentalité
2391 1160 28 21 de
2428 1167 37 14 ces
2473 1161 74 23 chaou-

2084 1194 40 21 cbs
2130 1198 34 17 est
2171 1198 49 21 trop
2235 1199 89 15 connue
2331 1198 104 20 pourque
2440 1191 25 26 je
2472 1194 76 22 veuille

2083 1232 16 19 y
2107 1225 96 21 insister.
2206 1225 29 20 Ils
2243 1228 52 17 sont
2303 1226 117 23 arrogants
2429 1225 23 18 et
2459 1229 89 18 souvent

2084 1256 115 21 insolents.
2217 1256 19 21 A
2248 1256 33 20 les
2298 1254 129 22 considérer
2443 1254 52 21 d’un
2509 1262 38 19 peu

2084 1289 91 25 près,on
2183 1288 55 21 n’est
2245 1294 40 19 pas
2293 1286 87 26 surpris
2389 1286 28 20 de
2425 1287 74 20 savoir
2505 1286 44 27 ‘que

2084 1319 79 25 là-bas,
2172 1320 55 20 dans
2232 1319 21 20 le
2261 1318 53 22 bled
2322 1317 139 23 africain,ces
2469 1319 79 24 gens-là

2085 1350 61 22 aient
2151 1350 92 22 commis
2248 1353 48 18 tant
2299 1349 29 21 de
2336 1349 80 22 crimes
2419 1351 24 18 et
2450 1355 25 14 se
2483 1349 66 23 soient

2085 1382 108 21 acharnés
2200 1382 20 20 si
2232 1381 165 21 méchamment
2409 1386 40 14 sur
2456 1379 33 21 les
2501 1381 49 21 mal-

2085 1413 100 21 heureux
2189 1413 67 20 livrés
2261 1412 114 21 désarmés
2381 1411 14 20 à
2402 1410 50 21 leur
2456 1410 92 23 férocité.

2086 1445 54 20 Fort
2148 1444 177 23 heureusement,
2335 1441 71 22 Biribi
2413 1449 29 13 va
2451 1441 99 26 disparaî-

2085 1479 42 21 tre,
2137 1475 78 22 dit-on.
2224 1475 16 20 Il
2246 1474 48 21 faut
2302 1475 92 25 espérer
2405 1479 46 19 que
2464 1473 33 21 les
2505 1474 45 21 cha-

2086 1506 71 22 ouchs
2166 1512 73 16 corses
2255 1513 29 14 ne
2302 1505 120 21 viendront
2435 1511 40 19 pas
2487 1506 63 20 conti-

2085 1545 58 15 nuer
2164 1538 59 21 leurs
2243 1537 95 26 exploits
2347 1537 56 20 dans
2416 1536 34 21 les
2467 1536 82 25 prisons

2086 1569 193 26 métropolitaines.

2113 1608 10 11 «
2130 1602 20 20 A
2157 1605 50 16 tous
2215 1600 33 21 les
2256 1599 76 26 points
2349 1599 29 20 de
2391 1605 50 17 vue,
2455 1598 22 21 la
2485 1598 64 23 Corse

2086 1636 35 17 est
2128 1632 58 21 donc
2194 1639 30 14 un
2233 1637 54 20 pays
2293 1630 102 27 primitif.

2255 1668 49 22 F...
2316 1665 88 24 André
2414 1666 110 23 Lorulot.

2111 1698 60 21 Duie
2179 1703 54 15 once
2240 1697 28 20 di
2278 1697 71 20 virità
2360 1695 152 22 accumudate
2525 1703 23 14 eu

2086 1736 32 14 un
2123 1731 97 18 cantaru
2227 1728 27 21 di
2268 1728 132 25 disprezzu.
2409 1727 85 21 Amore
2503 1727 46 25 pin-

2085 1762 58 20 zutu
2151 1767 14 14 e
2172 1762 68 19 tantu
2248 1760 71 20 basta
2326 1759 12 21 !

2180 1823 285 32 L/Almanaccu

2123 1901 203 27 L’Almanaccu
2349 1900 30 27 di
2398 1900 28 27 A
2451 1900 98 26 Muvra

2086 1945 52 27 per
2149 1944 61 27 1925
2223 1937 16 24 è
2250 1936 113 26 surtitu!
2377 1934 49 27 208
2441 1934 108 36 pagine!

2087 1979 49 19 roo
2157 1971 110 34 disegni
2283 1971 7 24 !
2316 1970 15 26 8
2345 1977 125 19 canzone
2488 1977 36 18 eu
2538 1977 12 17 a

2088 2005 110 27 musica
2211 2006 6 24 !

2125 2039 13 26 I
2159 2039 53 35 più
2225 2047 70 27 gran
2313 2037 124 27 scrivani
2449 2045 16 18 e
2472 2039 79 33 pueta

2091 2073 72 27 corsi
2176 2082 7 18 :
2198 2073 90 26 Santu
2308 2072 157 31 Casanova,
2492 2071 60 26 Luc-

2092 2107 105 33 ciardi,
2226 2107 80 26 Mais
2308 2107 84 32 traie,
2422 2105 130 27 Martinu

2093 2141 217 36 Appin^apalu,
2341 2143 24 26 Jj
2381 2139 170 36 Strampala-

2094 2179 40 30 tu,
2150 2177 24 26 JJ
2187 2177 20 26 S
2206 2179 66 32 amp
2273 2177 63 25 etra
2337 2176 72 32 cciu,
2419 2174 67 27 Tris
2486 2173 64 32 tani,

2093 2212 101 26 Marco
2213 2210 120 36 Angeli,
2359 2205 194 32 d9Âltimonti-

2093 2246 149 32 Minicale,
2256 2245 120 26 Simonu
2392 2244 32 26 di
2435 2244 26 26 li
2470 2242 81 32 Lecci,

2096 2279 240 28 Sambucucciudi
2346 2279 134 32 Casinca,
2490 2278 63 26 Bor-

2091 2314 106 35 ghetti,
2228 2315 121 26 Simonu
2372 2313 124 31 d’Aullè,
2521 2311 32 26 G.

2098 2349 134 32 Olivieri,
2265 2349 38 27 G-
2313 2348 130 33 Luciani,
2474 2347 37 26 G.
2523 2344 29 26 P-

2097 2383 283 35 Codaccioni,Kyrn,
2389 2378 164 39 Guglielmi}

2093 2418 105 33 Pincu,
2219 2419 30 26 U
2266 2417 157 35 Babbu^iu,
2453 2415 102 28 Matteo

2097 2453 143 32 Cirnensi,
2278 2452 39 27 G.
2340 2452 33 26 di
2403 2460 19 18 a
2446 2449 109 29 Grotta,

2093 2495 31 19 ec
2132 2506 28 8 ...

2129 2521 108 35 Pre^u
2248 2529 10 17 :
2281 2521 21 26 3
2309 2520 141 26 franchi.

2129 2555 40 26 Pè
2188 2563 19 18 a
2210 2556 87 34 posta
2310 2555 36 26 :4
2357 2552 137 28 franchi.

2133 2628 129 27 Imprimerie
2272 2627 90 26 spéciale
2374 2627 28 20 de
2414 2626 20 21 A
2440 2621 90 24 MUVRA

2179 2656 32 24 38,
2219 2656 65 22 Cours
2290 2655 110 23 Grandval,
2407 2652 82 28 Ajaccio

2136 2704 33 21 Le
2179 2704 84 21 Gérant
2268 2710 9 14 :
2282 2702 136 25 Dominique
2427 2701 73 20 Massa

1077 2958 10 12 è

297 2995 115 121 Si
477 3029 149 87 vo
687 2993 101 121 ci
849 2991 383 123 vulete
1297 2989 323 123 aiutà

2345 3115 4 3 -

2004 3128 11 9 -•
2025 3129 3 2 '
2034 3135 3 2 -
2204 3134 4 3 -
2274 3127 29 16 ---T-
2317 3129 4 2 '

1316 3183 3 3 .

715 3197 579 97 Abbunatevi
1341 3223 59 67 a
1439 3195 79 95 A
1569 3189 443 99 MUVRA.

519 3306 3 2 '
940 3304 3 3 •
1258 3316 6 5 .
1698 3308 3 2 -
2012 3313 4 5 .
2307 3314 4 3 .

753 3365 495 115 Cumprate
1299 3363 29 93 i
1365 3359 295 95 nostri
1711 3355 223 97 libri.

383 3511 223 69 Fateci
679 3515 273 85 stampà
1023 3513 211 69 ciochi
1309 3533 83 49 vo
1463 3513 141 67 fate
1675 3511 271 87 stampà
1997 3513 67 69 in
2111 3513 191 71 altrô.
