2592 3926
107 192 29 17 Ah
144 190 5 18 I
159 190 77 19 raoslra,
246 188 71 17 rnoslru
326 185 29 18 clii
364 183 49 22 spari
423 187 40 13 nun
471 181 39 17 voli
517 179 4 18 !

108 216 26 17 Da
144 216 66 20 Iroppu
219 214 71 20 tempu,
299 212 20 16 lu
330 210 22 17 lo’
360 212 60 14 sonnu
429 207 48 17 dura
484 210 5 15 ;

108 239 35 18 Clii
150 239 46 17 n'un
207 237 14 18 li
228 236 76 23 picchia
312 234 79 17 addossu
401 232 14 17 li
425 232 90 17 trascura.

107 261 150 24 Avvigliaechili
266 261 21 17 si»
296 259 13 17 li
320 258 23 17 lo’
351 256 76 23 liglioli-

109 309 102 22 L’ingorda
219 307 61 18 banda
290 304 24 18 d’i
324 302 68 19 dullori
401 301 27 17 vil
431 301 5 16 î
439 312 5 9 9

111 335 21 16 In
140 334 20 17 lu
170 331 93 22 lettaghiu
273 330 20 17 di
302 327 50 22 scopi
360 332 10 12 e
378 326 70 19 filelte,

110 359 22 17 Ti
140 358 23 17 dà
172 362 34 17 per
214 353 97 20 disseLalli
323 353 71 20 l’acque
402 349 77 18 infetlc,

108 383 62 17 Scelle
179 382 23 16 da
210 381 18 17 le
235 377 73 20 zinzàle
316 381 32 18 per
356 374 65 19 cuvili.

108 428 34 17 Più
151 428 58 16 d’una
217 429 46 14 voce
271 423 55 18 cailla
333 422 17 17 le
360 420 23 18 lo’
391 420 54 19 Iode;

108 452 36 17 Più
153 450 112 19 d’un’altra,
272 448 69 18 feroce,
352 445 12 17 li
373 444 96 21 disprezza
475 445 5 16 ;

107 477 50 17 Poca
165 475 59 22 jenlc,
234 477 37 13 cnn
278 476 48 13 vera
335 471 115 16 lennerezza,

108 500 58 18 Cerca
174 504 11 12 a
193 497 52 23 guari
254 497 22 17 lu
285 496 48 17 male
341 493 31 18 clii
381 493 13 17 li
403 492 52 17 rode.

109 547 71 21 Scopru
188 545 19 17 la
216 544 22 17 lo’
248 542 81 18 bellezza
337 540 19 17 in
364 539 19 17 lu
393 538 24 17 to’
426 536 73 23 pieulu,

108 571 30 18 Ma
148 570 13 17 li
172 567 88 20 vorrebbi
268 566 50 18 vede
325 565 20 17 in
354 568 24 13 un
387 561 77 19 surrisu
473 572 4 4 .

108 596 58 21 Spera
174 593 5 18 !
189 593 35 18 Chi
232 593 21 16 lu
262 591 25 17 lo’
297 589 68 23 populu
373 587 11 17 è
391 588 66 16 decisu

110 620 23 18 Di
141 624 24 13 su
167 618 50 17 mina
225 616 43 18 bon’
277 618 60 19 granu
346 618 10 12 a
364 613 20 16 lu
392 609 119 21 bon’.venlu.

109 667 25 17 Le
143 665 30 17 vol
176 669 24 12 un
203 663 17 18 là
227 662 75 17 sincere
310 659 17 17 si
335 658 20 17 sô
364 660 61 14 rnosse

110 691 26 17 La
143 689 27 17 so’
178 687 79 19 cliiama,
266 684 58 21 digià,
335 681 71 18 lunlan’
417 676 115 21 rimbomba!

110 714 15 17 E
132 712 129 21 d’allegrezza,
271 709 21 16 in
300 707 57 18 fondu
366 706 18 16 di
392 705 19 16 la
420 703 69 19 tomba,

108 739 35 17 D’u
151 737 68 17 nostru
225 733 53 23 gran’
288 730 83 23 Pasqual’
379 729 107 17 ïremmenu
491 726 6 17 1
504 724 51 19 ossel

346 762 24 18 G.
380 762 23 17 di
411 761 25 17 la
446 758 87 19 Grotta.

135 857 199 62 Cinquanf
348 855 89 47 anni
470 853 42 58 fa

212 922 80 26 (Paeti
308 916 140 30 Petrulacci)

114 986 27 20 In
149 984 26 20 lu
181 986 72 21 paese
261 980 28 19 di
296 979 78 20 Pietra
383 977 27 20 di
416 976 43 20 Ver
458 975 37 21 de,
504 974 54 19 Var-

88 1016 23 17 ie
118 1012 27 20 di
155 1010 61 21 rimà
224 1010 12 18 è
251 1009 90 22 sempre
355 1007 63 18 statu
433 1003 25 20 in
468 1007 69 16 onore
545 1007 13 13 e

88 1041 25 20 di
119 1045 62 18 voga
186 1035 124 27 populare.

113 1065 105 23 L'autori
225 1064 27 19 di
258 1070 13 13 e
279 1062 55 21 duie
344 1060 80 26 puesie
432 1059 40 20 chi
482 1063 78 20 segue-

89 1101 32 15 jiu
133 1094 129 20 unn'eranu
270 1090 73 21 micca
352 1090 79 19 contru
441 1087 10 19 i
461 1086 63 25 preti
530 1086 30 19 nè

88 1122 55 21 Vusi
150 1121 64 20 chies
214 1119 41 23 ali,
264 1124 40 14 ma
312 1117 127 20 soiamente
445 1113 91 26 portati
543 1119 16 14 a

88 1147 160 26 saîeriggialli
253 1149 44 21 per
305 1145 51 20 bon’
365 1150 84 14 umore.

114 1178 108 23 Dungue,
231 1174 56 21 Sesè
295 1172 110 22 Strabcni
411 1168 150 27 (babbonedi

89 1212 16 14 u
113 1207 81 18 nostru
203 1203 37 20 dis
241 1203 35 20 tin
277 1204 26 17 tu
309 1203 72 23 pueta
395 1200 27 20 G.
429 1199 28 19 di
462 1198 26 20 la
498 1198 63 20 Grot-

90 1233 35 24 ta)
139 1232 22 20 si
181 1231 64 20 trovò
259 1230 25 20 in
299 1230 25 19 la
336 1227 98 26 piaghia
449 1226 112 21 d'Alistro

90 1261 43 20 dui
138 1259 65 26 jorni
210 1264 78 15 nenzu
296 1264 16 13 a
319 1257 61 24 jesta
388 1255 48 20 dia
448 1253 114 22 Candela-

90 1295 50 16 ra.e
147 1287 75 21 scrive
229 1286 25 21 in
262 1286 61 20 rima
332 1291 15 13 a
355 1291 15 13 u
378 1284 35 19 so’
422 1282 77 21 amicu
510 1283 52 18 Gre-

88 1317 69 24 goriu
164 1313 140 23 Sebastiani
310 1312 72 25 (altru
387 1313 76 23 pueta
475 1310 26 20 di
509 1310 44 19 bon

91 1350 78 15 umore
176 1342 10 25 )
191 1346 44 21 per
241 1341 84 21 ch'ellu
330 1340 55 24 diga
390 1340 23 19 a’
418 1340 27 19 sô
451 1343 109 17 mamma,

90 1371 123 22 nominata
221 1369 112 24 Pompea,
347 1368 34 20 ciò
389 1367 39 20 chi
441 1366 96 20 diventa
546 1371 16 13 u

88 1403 65 21 pane
165 1399 86 20 biancu
266 1398 59 19 datu
340 1402 14 14 a
369 1402 15 13 u
400 1395 89 20 Curatu
500 1393 39 25 pe’
546 1398 16 14 u

88 1426 146 26 purgatoriu.

116 1456 29 19 In
154 1454 26 21 lu
187 1456 74 18 stessu
269 1455 86 22 tempu,
364 1450 118 21 stabilisée
493 1456 16 13 a
518 1447 46 25 dif-

88 1483 100 25 ferenza
202 1482 26 19 di
240 1480 139 21 dimensioni
392 1482 44 21 per
444 1484 13 14 e
468 1476 96 21 candele

89 1515 44 21 per
137 1514 66 21 pane
210 1510 88 19 biancu
307 1514 13 14 e
327 1507 75 26 quelle
412 1509 45 21 per
462 1504 102 26 pisticci-

92 1546 37 13 ne.
143 1539 23 20 E
170 1537 75 25 prime
252 1537 26 20 sô
290 1536 42 24 più
339 1535 89 25 grendi,
437 1540 14 13 e
459 1539 16 14 u
483 1533 81 19 lettore

92 1567 27 20 di
126 1573 16 13 u
149 1565 81 21 listinu
244 1565 26 19 di
277 1563 167 20 distribuzione
457 1561 107 20 Vannun-

92 1595 37 20 cia
140 1592 101 21 dicendu
256 1592 104 22 «Croce»,
375 1590 30 20 do
403 1592 35 22 pu
447 1589 45 19 avè
505 1587 59 20 lettu

93 1629 16 13 u
116 1627 68 15 nome
191 1620 27 20 di
224 1619 80 25 queLlu
313 1619 38 20 chi
358 1618 31 19 dà
395 1620 67 22 pane
468 1615 94 20 biancu.

92 1650 84 21 invece
188 1648 38 20 chi
233 1654 14 13 e
260 1647 96 20 candele
363 1645 55 20 date
429 1647 46 21 per
484 1642 80 25 pistic-

93 1679 51 19 cine
151 1677 27 20 sò
186 1675 113 21 talmente
304 1673 96 25 chiughe
408 1672 62 20 chi...
481 1669 83 25 leghje-

92 1708 63 18 rete.’
559 1724 5 5 .

120 1734 39 20 Da
168 1732 95 21 Vamicu
274 1730 108 24 Gregoriu
390 1735 32 14 un
431 1726 132 22 trovendusi

95 1762 24 20 in
131 1765 82 21 paese,
228 1760 57 20 Sesè
299 1759 73 19 riceve
386 1757 101 23 risposta
501 1753 32 19 da
547 1759 15 13 u

95 1790 57 24 Sgiò
166 1780 120 29 Emilianu
293 1787 30 19 de
336 1785 84 21 Matra,
428 1783 52 24 finu
490 1783 73 23 pueta

94 1817 39 20 chi
139 1817 33 20 ha
180 1816 102 20 lasciatu
291 1814 68 20 moite
366 1815 68 21 opéré
442 1811 24 19 in
476 1810 43 20 Cor
517 1814 47 15 sue

95 1846 24 19 in
128 1843 189 24 ltalianu,degne
325 1841 26 20 di
355 1840 76 24 figurà
440 1845 16 13 a
464 1844 16 14 u
485 1837 78 25 prima

93 1878 78 19 rangu
179 1872 25 20 in
212 1875 25 16 La
242 1871 45 24 più
301 1869 61 20 ricca
370 1867 125 21 cullezione
508 1865 27 20 di
547 1871 16 13 a

94 1903 82 18 nostra
184 1899 139 21 letteratura
331 1897 92 20 rimata.

118 1929 62 19 Eccu
192 1927 97 23 dunque
296 1924 81 21 l’inviu
384 1930 13 13 e
406 1930 15 13 a
430 1923 102 24 risposta
537 1927 9 14 :

283 1984 91 25 Inviu

117 2036 66 17 Scrive
190 2036 35 15 ses
225 2037 11 13 e
251 2036 90 13 üAiisiro
349 2036 11 11 a
368 2036 98 15 uregunu,

116 2058 121 23 Pregendulu
245 2057 19 17 di
273 2056 42 18 ben’
325 2057 52 16 seule
384 2056 21 16 lu
413 2053 80 19 cartellu

117 2086 39 16 One
166 2088 46 13 vene
220 2083 19 17 di
247 2082 64 17 riceve
319 2081 30 17 dal
356 2079 120 23 Purgatoriu,

116 2124 16 17 E
139 2123 43 18 dice
188 2127 5 13 :
202 2123 94 20 «Pompea
304 2121 25 17 ha
337 2124 46 18 pocu
391 2118 86 19 cérbellu

117 2149 23 17 Li
148 2150 25 16 da
181 2150 20 15 lu
210 2152 47 17 pane
265 2147 69 17 biancu
342 2151 11 12 a
360 2146 20 16 lu
389 2144 49 18 Cura
440 2145 27 19 lu,

117 2174 36 17 Clii
161 2173 19 18 si
187 2173 22 17 lu
216 2170 90 23 m’angbia
315 2172 49 16 tultu
372 2170 23 17 da
403 2174 34 17 per
448 2169 46 17 ellu.

118 2222 24 5 —
146 2214 22 16 lu
176 2211 111 24 purgatoriu
296 2210 37 18 mdi
344 2210 17 17 ci
368 2209 31 18 n’ê
406 2208 65 19 arriva
473 2209 60 16 tu—»

118 2238 33 18 Cio
160 2238 105 17 d’altronde
272 2236 86 20 afferma,
367 2235 61 21 degnu
438 2233 19 18 di
466 2233 49 20 l'ede,

117 2263 30 18 Un
155 2264 55 21 prête
218 2263 23 16 da
249 2261 91 18 l’iuiernu
351 2259 65 23 quindi
424 2259 98 21 scappalu.

118 2302 16 18 E
143 2302 31 18 voi
182 2301 55 23 cegbi
245 2305 27 13 un
280 2301 20 17 la
307 2300 64 18 vulete
376 2299 55 18 crede
437 2298 6 18 !

118 2327 117 18 üantinuate
243 2330 75 18 sempre
327 2330 10 12 a
345 2324 45 18 daili
398 2328 49 18 pane

120 2353 35 17 Chi
164 2357 12 13 a
183 2353 15 16 li
206 2352 45 17 vaui
259 2356 49 18 paga
315 2351 21 18 in
344 2354 65 18 grosse
417 2353 50 14 cere.

118 2392 15 17 E
141 2392 86 17 viderele
234 2391 34 17 voi
276 2390 129 22 dopudumane

118 2417 58 20 Tutti,
181 2416 57 22 queili
248 2415 69 23 porlati
327 2419 10 13 a
345 2418 46 18 pane
400 2414 69 17 biancu

119 2443 36 17 Chi
166 2442 78 17 «Croce»
254 2445 11 13 a
273 2441 20 17 la
300 2440 45 17 lista
352 2439 17 18 si
376 2438 132 23 legbierane...

119 2482 30 17 Ma
158 2482 23 17 tu
188 2481 34 17 vil’
228 2479 102 23 pisliecina
338 2483 25 13 un
372 2477 50 18 conti
431 2481 70 14 xnancu
508 2476 5 17 !

122 2507 15 17 E
145 2507 25 17 lo’
179 2506 75 18 candele
262 2506 22 17 sù
292 2505 35 17 for’
335 2504 17 17 di
361 2503 78 18 misure.

119 2533 92 21 Appunlu
219 2530 90 23 chiughe,
317 2528 177 21 finarelle.almenu,

120 2571 86 18 Servenu
215 2575 10 13 a
232 2570 41 17 fà...
284 2569 73 18 "andà'"
365 2568 18 17 le
390 2567 92 20 criature,

121 2597 81 17 Ouandu
210 2596 20 16 lu
237 2599 60 17 corpu
304 2594 51 17 hanu
364 2594 66 20 Iroppu
440 2592 79 22 pienu...

259 2650 151 28 Risposta

120 2697 55 18 Lessi
182 2695 79 19 l’amatu
267 2695 69 22 i'ogliu,
345 2698 11 13 e
364 2694 22 17 da
396 2693 82 21 Pompea

120 2721 29 18 Ne
156 2720 80 23 riportai
244 2720 79 17 l’esatlu
330 2719 113 17 cunlenulu.

120 2747 31 17 Ma
158 2747 28 17 mi
194 2749 109 16 cunvenne,
312 2743 118 22 speneiulatu
440 2747 11 12 e
459 2742 62 20 mulu,

120 2772 25 17 Di
152 2772 68 21 preslu
228 2770 20 17 là
256 2770 76 17 rilornu
340 2769 20 16 in
367 2772 43 13 casa
417 2772 50 13 mea.

121 2810 108 20 Mammata,
238 2809 57 17 santa
302 2808 41 17 fora
351 2811 10 13 e
369 2807 69 17 nenlru
448 2805 64 22 streja,

99 2846 4 7 ,
120 2835 28 18 Mi
155 2835 54 17 disse
217 2833 49 18 ch’io
275 2833 78 17 unn’era
362 2832 53 17 tantu
424 2831 66 17 aslulu
497 2834 5 17 ;

121 2869 25 4 —
149 2861 56 16 Aucu
214 2863 25 13 un
248 2862 49 18 pocu
304 2859 68 20 troppu
379 2855 86 18 risulutu
471 2863 22 4 —

122 2885 34 18 Poi
165 2883 59 23 piglia
232 2887 11 14 e
251 2883 28 17 mi
287 2886 55 13 mena
349 2881 19 17 di
376 2879 77 23 chereja
459 2879 5 17 !

122 2923 81 22 Prediga
212 2926 49 18 puru
269 2925 11 13 a
292 2920 79 23 perd.ene
379 2920 20 16 lu
408 2919 56 20 fialu,

122 2948 61 18 Canta
190 2952 49 17 puru
247 2947 21 17 in
276 2947 63 16 cetera
347 2949 11 13 o
366 2944 84 21 viulinu,

122 2972 37 22 Qui
167 2973 52 16 Fusu
226 2971 18 18 si
250 2971 89 17 mentene
345 2969 94 20 .radicatu.

124 3012 73 18 Ch’elle
206 3010 75 18 faecinu
292 3010 49 17 lutte
347 3009 21 17 lu
376 3008 92 18 striscinu
476 3007 5 18 !

123 3036 30 18 Un
161 3035 87 23 toglienu
257 3035 21 16 lu
287 3038 47 18 pane
341 3038 10 13 a
359 3033 21 18 lu
387 3032 81 22 Curatu,

124 3061 36 18 Per
169 3059 102 19 andassine
280 3059 77 18 scalzea
364 3057 103 23 pullilrinu
484 3057 26 22 (1)

195 3095 37 18 Per
240 3094 52 23 copia
300 3094 94 23 cunforma

355 3121 25 18 V.
390 3120 26 19 G.
426 3119 142 19 d’Altimonti

125 3158 21 17 (1)
150 3157 47 15 Came
205 3155 47 19 poltx-i
259 3155 74 15 sumerîni

275 3240 136 33 Noz2e,

133 3306 51 20 Cun
200 3305 72 25 grand
290 3305 96 24 piacere,
408 3310 83 14 avemu
508 3306 71 16 avutu

106 3335 85 20 nutizia
198 3334 24 20 di
230 3340 14 13 u
254 3332 145 21 raatrimoniu
409 3332 23 19 di
442 3338 12 13 a
462 3331 118 24 simpatica

105 3361 157 20 Madamicelia
277 3360 118 24 Giurgetta
407 3358 106 20 Colonna
527 3357 54 20 d’Is-

105 3389 44 19 tria
157 3395 29 13 eu
195 3395 15 13 u
219 3387 54 25 Sgiò
284 3387 68 20 Petru
361 3386 117 21 Vellutini,
488 3385 94 20 tramin-

106 3416 39 19 dui
153 3415 182 25 ajaccini,nostri
346 3413 76 21 amici.

131 3443 122 20 St’unione
269 3448 53 14 sera
336 3441 112 20 celebrata
466 3439 116 24 religiosa-

106 3474 79 16 mente
197 3471 26 18 in
236 3470 78 19 chiesa
329 3469 21 19 di
366 3468 44 20 San
425 3468 85 22 Roccu,
530 3473 12 13 u
558 3467 24 19 i5

105 3498 76 24 jugnu
202 3497 125 23 prossimu,
357 3502 13 13 e
389 3495 94 24 seguita
507 3494 24 19 di
553 3500 29 13 un

107 3524 103 20 “lunch”
223 3530 12 13 a
245 3523 116 25 l’Higland
370 3523 75 20 Hôtel.

133 3552 19 19 A
160 3556 38 15 stu
207 3551 83 25 coppiu
303 3550 118 24 simpaticu
435 3549 147 20 indirizzemu

109 3579 7 19 i
131 3579 75 19 nostri
223 3579 39 23 più
280 3578 83 20 sinceri
379 3577 83 25 auguri
481 3577 21 19 di
520 3582 64 18 pace,

109 3606 96 19 furtuna
219 3611 12 14 e
243 3606 82 22 salute,
340 3611 27 13 eu
375 3605 6 18 i
391 3605 74 19 nostri
480 3603 38 25 più
531 3603 53 20 ami-

109 3634 93 19 chevuli
220 3633 92 24 penseri
330 3639 12 13 a
358 3632 128 20 l’indirizzu
501 3631 30 19 d’i
547 3637 37 18 pa-

109 3661 71 20 renti.

584 168 95 23 Corsi
697 163 120 26 Illustri

655 224 283 65 Monsignor
970 206 247 57 Giovanni

958 280 238 70 Agostino
1230 272 233 56 Gandolfi

605 412 34 17 Fra
647 411 5 17 i
662 410 50 18 corsi
720 410 41 20 che,
771 411 74 18 sempre
854 410 10 12 e
873 404 20 17 in
902 401 45 23 ogni
955 403 72 17 carnp.o,
1036 401 16 13 si

583 436 102 18 dislinsero
693 435 31 17 sul
732 432 110 20 continente
856 428 87 19 ilnliano,
958 430 23 12 va
995 427 58 14 ncoi-

583 461 43 17 dato
634 460 58 17 -Mous.
702 457 98 19 Gandolfo,
809 455 13 17 il
832 453 55 23 quale
896 455 34 18 per
939 450 17 17 la
967 454 35 12 sua
1013 448 40 17 cul-

584 487 49 19 lura,
646 483 78 18 allivilà
737 488 11 12 e
757 481 43 18 fede
812 484 37 13 non
864 478 50 17 terne
927 475 14 17 il
955 473 98 18 conironlo

583 514 34 13 cou
626 509 27 21 gli
661 507 44 18 allri
715 506 43 18 suoi
773 501 123 21 conciltadim
912 500 33 17 che
959 501 94 14 cmersero

583 534 51 17 nella
641 533 82 17 carriora
730 527 129 22 ecclesiaslica
867 525 43 18 sino
918 524 17 18 al
945 526 108 19 raggiungi-

583 559 63 17 menlo
654 557 49 17 délia
713 556 47 17 liara
767 558 12 13 o
788 553 48 17 délia
844 554 86 19 porpora.

603 582 76 21 Nacque
694 579 20 19 in
730 578 64 19 Bastia
807 577 20 17 di
841 574 76 19 Corsica
930 573 32 18 nel
975 572 78 17 lo/bda

583 607 62 19 Paolo,
655 605 117 22 gentiluomo
781 602 50 17 délia
842 598 124 20 Serenissima
980 596 73 21 Repub-

583 631 48 17 blica
645 631 20 16 di
678 630 83 18 Genova,
770 632 11 12 e
787 627 23 17 da
817 624 105 22 Pellegrina
927 621 125 23 l’agliacarne,

583 653 146 22 sorella-cugina
737 652 30 17 dcl
776 649 96 19 cardinale
881 647 74 19 Ollavio
968 646 86 17 Beltnos-

584 680 25 17 lo.
617 682 54 14 corso
679 677 60 18 anche
747 676 35 17 lui.
792 674 52 18 Nella
851 673 46 18 cilla
906 672 63 17 naliva
975 672 79 16 Iruscor-

583 708 21 13 se
612 704 18 16 la
639 707 34 13 sua
681 701 61 23 prima
750 699 123 19 fanciullezza
888 698 49 17 sollo
952 696 19 18 le
983 700 71 13 arnore-

583 728 37 18 voli
630 732 44 13 cure
682 727 29 16 dcl
721 726 57 22 padre
786 729 11 12 o
806 724 47 17 dello
862 722 29 18 zio
903 721 80 21 Ollavio,
989 720 65 18 rninis-

583 755 30 16 tro
620 752 66 18 divino
694 751 52 18 nella
754 749 63 18 vicina
826 747 71 19 diocesi
906 747 19 18 di
938 746 64 19 Aleria
1009 746 45 17 allo-

583 783 21 12 ra
612 777 104 23 governala
725 774 130 23 saggiamenle
863 773 31 18 dal
903 773 83 18 Vescovo
1001 772 53 17 Ales-

583 803 68 18 sandro
659 801 59 21 Sauli,
728 800 57 17 milan
789 804 37 15 ese,
836 798 34 18 sali
874 799 17 17 lo
906 797 33 23 poi
947 797 39 23 agli
1000 796 54 19 onori

583 827 115 18 deU’Allare.

605 851 102 18 Trasferilo
716 850 19 18 S.
745 849 115 19 Alessandro
869 848 52 18 Sauli
927 848 48 17 délia
983 847 70 18 diocesi

583 877 20 17 di
611 877 65 18 Aleria
684 881 11 12 a
703 875 65 23 quclla
776 875 21 18 di
805 874 64 21 Pavia,
880 874 13 17 il
901 873 22 19 31
932 873 60 23 iuglio
1001 872 52 22 1391,

583 902 16 18 il
607 902 92 17 Belmoslo
707 901 22 18 fu
742 900 94 18 chiamato
849 905 10 12 a
874 898 123 23 succedergli.
1011 898 43 21 Era,

584 927 80 18 secondo
673 926 18 18 ci
699 926 88 18 riferisce
795 926 18 17 Jo
828 924 70 18 slorico
912 923 95 23 Filippini,
1020 927 35 13 suo

583 953 156 20 conlemporaneo
755 956 10 12 e
778 951 130 20 conterraneo,
927 954 8 11 «
941 949 81 22 giovane
1035 947 19 18 di

584 978 36 20 elà,
630 981 29 13 ma
672 977 112 17 vcramenle
800 975 79 18 vecchio
893 974 31 18 nel
939 977 90 19 governo,
1045 976 10 13 e

584 1002 111 19 meritevole
703 1001 19 18 di
731 1001 64 22 queilo
804 1005 33 18 per
846 1001 17 16 le
871 1004 35 13 sue
915 999 50 17 viriù
974 1003 11 13 e
993 998 63 17 buone

584 1027 72 23 qualilà
664 1026 68 23 ch’egli
741 1025 95 23 possiede.
847 1023 95 19 Giovanni
955 1022 99 23 Agostino,

585 1053 59 18 allora
652 1051 114 21 Lredicenne,
777 1051 21 17 fu
807 1051 51 17 certo
867 1049 77 18 inizialo
952 1048 37 22 agli
1003 1046 52 18 sludi

585 1077 125 19 ecclesiaslici
718 1076 51 18 dallo
776 1075 30 18 zio
812 1078 89 17 vescovo,
908 1074 13 17 il
927 1073 30 18 cui
965 1071 89 22 esempio,

585 1103 55 18 unito
648 1107 11 13 a
667 1102 62 22 queilo
738 1101 20 18 di
766 1100 20 18 S.
797 1100 114 18 Alessandro
919 1097 51 18 Sailli
978 1098 19 16 lo
1005 1100 51 18 spro-

585 1128 26 18 nô
619 1128 18 17 al
645 1128 66 17 lavoro
720 1126 84 18 intenso.

608 1154 26 17 La
641 1152 70 18 diocesi
724 1151 20 18 di
757 1150 65 19 Aleria
837 1154 31 13 era
882 1148 119 21 sufîraganea
1015 1145 42 18 del-

585 1177 131 19 l’Arcidiocesi
724 1177 20 17 di
758 1175 50 21 Pisa,
818 1180 11 13 e
836 1172 123 20 l’Universilà
971 1171 20 17 di
1005 1170 50 21 Pisa,

586 1204 24 17 da
623 1204 61 21 tempo
698 1201 139 19 antichissimo,
851 1197 107 23 accoglieva
966 1196 7 17 i
981 1195 75 23 giovani

587 1228 51 18 corsi
648 1233 10 12 e
672 1227 15 18 li
703 1226 110 22 invogliava
826 1223 38 22 agli
877 1222 52 18 sludi
942 1221 115 18 accordando

587 1254 41 17 loro
636 1252 78 24 speciali
722 1250 96 23 privilcgi.
828 1249 14 17 11
857 1246 93 20 Gandolfo
963 1245 61 22 compi
1037 1245 20 18 in

587 1278 45 23 quel
640 1278 74 17 célébré
721 1277 72 17 Ateneo
799 1275 6 17 i
811 1273 42 19 suoi
861 1272 53 18 sludi
921 1276 11 13 e
940 1271 20 17 vi
968 1270 16 18 si
993 1271 64 17 addol-

589 1303 46 21 Lox'ò,
644 1307 46 18 poco
699 1301 33 23 più
741 1301 35 17 che
784 1300 101 18 venlenne,
894 1296 52 18 nelle
953 1295 50 22 leggi
1012 1295 46 18 civi-

588 1329 19 17 le
614 1333 11 13 e
634 1327 95 18 canonica.
737 1325 82 18 Tornato
827 1323 51 17 nella
886 1326 36 13 sua
930 1321 62 17 Bastia
1006 1324 52 14 mos-

589 1354 29 17 tx'ò
634 1359 8 9 «
650 1350 154 24 pubhiicamente
822 1348 15 17 il
856 1351 35 13 suo
913 1345 102 23 privilegio
1028 1345 29 18 del

589 1377 100 20 doltorato,
699 1376 24 17 ed
731 1378 46 14 anco
786 1374 48 16 dava
841 1372 50 17 nella
900 1370 60 23 palria
965 1370 93 22 consiglio

589 1406 53 15 corne
649 1402 75 17 dotlore
730 1405 17 12 ».
756 1398 51 18 Ebbe
815 1397 39 18 cosi
863 1397 56 17 modo
933 1396 20 17 di
967 1395 91 18 eccellere

589 1432 11 13 e
608 1427 20 18 di
635 1425 45 19 farsi
688 1427 113 20 apprezzare
808 1426 34 18 per
849 1422 20 17 la
878 1426 35 13 sua
923 1421 77 18 cultura
1007 1425 11 13 e
1026 1425 33 17 per

589 1454 19 16 le
615 1456 35 14 sue
657 1454 42 14 rare
707 1449 60 18 viriù.

610 1478 14 16 li
635 1476 92 18 Belmoslo
736 1472 88 19 rinunciò
832 1472 30 17 nel
878 1470 46 19 1G08
937 1472 36 17 alla
988 1471 70 18 diocesi

589 1502 20 18 di
613 1501 66 18 Aleria
686 1504 34 18 per
730 1497 83 19 ritirarsi
822 1502 11 12 a
846 1497 61 17 Roma
920 1501 35 13 ove
964 1496 64 23 grazie
1041 1496 18 17 ai

590 1527 42 18 suoi
639 1525 64 18 meriii
711 1524 21 17 fu
740 1523 62 22 prima
810 1522 96 18 nomiualo
915 1522 37 17 alla
959 1522 101 21 vice-lega-

589 1552 54 17 zione
651 1550 49 17 délia
714 1549 104 21 Romagna,
834 1552 10 13 e
857 1547 38 22 poi,
911 1548 30 16 nel
956 1547 104 17 seilembre

589 1576 52 21 1016,
650 1575 75 18 elevato
733 1574 37 17 alla
784 1577 79 17 porpora
878 1573 25 16 da
916 1572 56 17 Paolo
985 1571 29 21 V.,
1030 1571 29 17 col

590 1601 54 18 titolo
652 1600 43 17 diS.
704 1598 64 23 Biagio
776 1597 105 18 all’Anello.

611 1626 16 17 11
635 1625 64 22 nipole
707 1623 97 19 Giovanni
811 1622 101 23 Agostino,
927 1622 70 17 rimase
1009 1621 52 18 nella

589 1656 35 13 sua
632 1650 50 18 belia
687 1649 55 20 isola,
758 1648 89 18 canonico
860 1648 53 17 nella
925 1647 102 18 calledrale
1034 1646 26 17 .di

588 1675 71 22 Aleria,
668 1679 11 14 e
686 1675 32 17 nel
726 1673 46 18 1610
781 1673 47 18 ebbe
842 1673 18 17 la
874 1672 61 18 carica
951 1672 19 17 di
987 1671 74 18 Yicarïo

589 1701 51 18 délia
647 1699 77 21 diocesi,
733 1699 62 18 carica
803 1698 34 17 che
844 1698 71 21 occupé
918 1702 38 17 .per
961 1698 40 16 olto
1008 1696 51 21 anni,

589 1725 150 23 comportandosi
746 1725 21 17 in
775 1724 55 17 modo
844 1724 24 17 da
880 1723 90 17 merilare
977 1722 9 17 i
993 1721 33 22 più
1034 1722 28 17 lo-

589 1751 64 19 devoli
660 1749 149 24 apprezzamenli
824 1749 30 17 dal
868 1752 64 13 nuovo
947 1751 82 14 vescovo
1042 1746 19 17 di

588 1777 70 20 Aleria,
677 1775 55 18 Decio
752 1773 127 21 Giusliniano,
900 1773 79 22 giovane
997 1771 20 18 di
1039 1772 23 17 32

590 1802 51 21 anni,
649 1801 79 18 elettovi
734 1800 33 18 nel
775 1799 53 21 1612,
838 1804 9 11 «
853 1799 31 17 vlr
898 1799 22 16 ul
935 1797 71 18 eximie
1019 1797 43 17 doe-

591 1830 38 19 lus,
646 1831 22 14 ac
682 1826 84 23 prudens
779 1826 21 17 et
816 1823 102 23 praecipua
933 1823 91 21 bonilale,
1041 1826 21 13 ac

590 1854 52 17 vitae
658 1850 126 20 cauctimonia
800 1850 61 17 clarus
885 1849 46 20 erat,
955 1847 108 22 eloquenlia

590 1877 114 23 conspicuus
712 1877 54 17 tanta
773 1881 18 12 ».

612 1895 35 26 Nel
654 1901 52 22 1619,
715 1901 19 18 ai
748 1900 58 23 primi
820 1899 102 20 dell’anno,
938 1898 18 18 si
970 1898 65 18 svolse
1047 1897 15 18 il

590 1936 9 10 «
604 1929 90 18 Processo
714 1925 123 20 informativo
843 1931 11 11 »
874 1929 35 18 per
922 1924 19 17 la
954 1923 77 18 nomina
1043 1924 19 17 di

590 1953 109 22 Monsignor
713 1951 93 19 Gandolfo
820 1950 37 18 alla
871 1950 46 17 sede
929 1949 98 18 vescovile
1043 1948 20 17 di

591 1979 65 18 Fondi.
665 1978 35 18 Era
708 1977 99 17 ammirato
815 1976 24 17 da
846 1976 51 16 tutto
906 1975 14 17 il
932 1974 69 22 popolo
1014 1973 49 18 délia

590 2004 72 18 diocesi
669 2003 21 17 di
696 2002 65 18 Aleria
768 2007 9 11 «
782 2005 33 18 per
822 2000 20 17 la
849 2004 36 13 sua
890 2004 47 17 pura
943 1999 49 21 fede,
1001 1999 19 17 la
1028 2002 35 14 sua

591 2029 58 18 bontà
656 2033 11 14 e
675 2028 75 17 cultura
758 2032 11 13 e
777 2030 34 18 per
818 2025 7 18 i
834 2025 43 18 suoi
885 2023 130 23 probatissimi
1023 2027 40 14 cos-

591 2054 50 19 lumi
647 2059 16 16 »,
673 2053 17 18 si
698 2053 36 17 che
742 2056 33 14 era
782 2049 129 24 «degnissimo
919 2049 23 17 de
950 2052 64 14 essere
1021 2052 42 18 pro-

591 2083 62 15 mosso
661 2078 52 18 nella
721 2076 74 23 dignilà
803 2075 128 23 épiscopale»,
941 2073 48 22 anzi,
1005 2073 58 18 alfer-

591 2109 55 14 mano
654 2104 8 18 i
671 2102 99 19 testimoni
778 2102 31 17 nel
825 2100 90 18 Processo
931 2098 130 21 Informativo,

592 2135 32 14 era
633 2129 109 18 desiderato
750 2127 31 18 dal
795 2126 66 22 popolo
876 2124 57 23 quale
947 2128 82 14 vescovo
1043 2124 19 17 di

591 2155 69 19 Aleria.
670 2154 15 17 il
700 2153 23 18 13
737 2152 81 23 gennaio
831 2150 52 21 1619,
897 2150 60 18 Mous.
971 2149 91 18 Gandolfo

592 2181 56 19 Lrmô
656 2180 21 17 in
685 2179 59 18 Roma
751 2178 20 17 la
778 2183 10 10 «
793 2177 65 17 Forma
866 2175 115 18 Juramentis
989 2174 75 18 Profes-

593 2205 60 20 sionis
667 2204 49 18 Fiîei
722 2209 17 15 »,
754 2203 23 18 ed
796 2202 14 17 il
824 2200 22 19 28
860 2200 80 23 gennaio
955 2199 109 18 successivo

593 2235 55 19 prese
655 2233 87 19 possesso
756 2228 50 17 délia
819 2225 72 19 diocesi
909 2225 19 17 di
945 2225 64 21 Fondi,
1027 2225 37 17 alla

593 2256 56 23 quale
655 2260 33 13 era
695 2259 10 13 s
707 2255 38 16 lato
753 2252 102 19 nominato.

615 2282 20 17 E’
644 2280 57 18 Fondi
709 2283 39 14 una
756 2277 141 24 graziosissima
905 2276 91 19 ciltadina
1004 2275 20 18 di
1032 2280 32 13 an-

595 2306 105 20 tichissima
709 2303 75 23 origine
792 2308 6 17 ;
807 2303 18 17 la
832 2302 92 23 leggenda
931 2302 20 17 la
958 2301 58 18 vuole
1023 2301 43 17 fon-

594 2334 44 17 dala
645 2331 61 22 prima
715 2329 20 18 di
742 2329 61 17 Roma
809 2328 25 17 da
841 2328 72 19 Ercole,
924 2327 35 17 che
969 2327 52 17 nella
1033 2325 33 18 vi-

594 2358 44 18 cina
645 2357 79 22 pianura
732 2353 95 19 sconîisse
834 2352 109 22 Caco,figlio
949 2351 18 18 di
975 2352 9 16 V
991 2352 73 17 ulcano.

617 2383 27 17 La
657 2381 69 18 Chiesa
739 2380 84 17 Romana
839 2378 30 17 fin
886 2377 32 18 dai
933 2376 58 23 primi
1007 2376 58 17 secoli

595 2409 48 18 ehbe
657 2405 70 23 grandi
739 2403 136 23 possedlmenti
890 2403 33 17 nel
936 2401 97 18 territorio
1046 2401 20 17 di

595 2432 65 21 Fondi,
670 2432 35 17 che
713 2433 90 15 conccsse
810 2429 21 16 in
839 2431 99 19 progresso
951 2427 19 17 di
984 2428 63 20 tempo
1055 2430 11 13 a

596 2458 53 18 varie
665 2455 92 23 signorie.
774 2454 34 17 Nel
826 2452 44 18 1878
886 2452 22 17 vi
921 2452 22 17 fu
957 2452 64 20 eletto,
1031 2455 35 14 con

596 2483 65 18 Faiuto
669 2481 20 18 di
697 2481 99 18 Giovanna
803 2479 21 17 1..
834 2477 65 22 regina
908 2477 19 17 di
934 2476 74 22 Napoii,
1023 2480 11 13 e
1046 2476 20 16 di

596 2508 81 19 Onorato
686 2505 83 20 Caetani,
785 2504 55 17 conte
852 2503 21 17 di
887 2501 66 22 Fondi,
966 2501 102 22 l’antipapa

597 2533 96 19 Clemeule
702 2531 45 17 Vil.,
754 2534 11 13 e
772 2529 20 18 vi
800 2529 48 17 ebbe
855 2527 40 18 cosi
904 2527 57 18 inizio
968 2527 18 17 lo
995 2526 72 18 Scisma

597 2557 125 20 d’Occidenle.
730 2556 27 17 l'u
766 2553 32 23 poi
806 2554 43 17 dalu
857 2553 21 17 in
886 2553 57 17 feudo
952 2556 11 13 a
975 2552 92 22 Prospero

598 2584 82 18 Colonna
688 2586 11 13 e
707 2580 31 18 nel
748 2578 45 19 11534
800 2578 21 18 fu
835 2577 131 23 saecheggiala
978 2577 25 17 da
1015 2576 53 18 Aria-

598 2610 47 17 deno
653 2607 122 19 Barbarossa,
790 2604 35 17 che
838 2603 69 18 voleva
921 2602 70 23 rapirvi
1005 2602 63 17 Giuiia

598 2634 92 20 Gonzaga,
701 2637 9 11 «
717 2629 106 19 bellissima
831 2628 28 17 fra
867 2628 19 17 le
898 2628 62 17 donne
973 2627 93 21 d’italia»,

597 2660 74 17 vedova
679 2657 18 17 di
707 2654 113 23 Vespasiano
833 2653 88 18 Colonna,

618 2687 17 17 11
644 2685 59 22 primo
717 2686 83 15 vescovo
814 2684 21 15 dx
848 2684 59 14 roxidi
920 2684 21 13 lu
956 2684 58 13 eieito
1027 2684 41 14 nei-

599 2712 62 18 l’anno
670 2709 41 22 237,
721 2712 10 13 e
741 2708 62 17 Mons.
818 2705 93 18 Gandolfo
924 2709 25 14 ne
962 2705 21 17 fu
998 2705 14 17 il
1026 2705 28 17 47.
1061 2710 5 17 ;

599 2741 32 14 era
650 2733 134 19 direllamenle
796 2732 86 21 soggetto
893 2731 37 17 alla
944 2729 57 18 Santa
1013 2730 54 18 Sede.

599 2761 34 18 Nel
641 2759 52 21 1619,
702 2759 19 17 la
729 2756 72 19 diocesi
808 2756 136 22 comprendeva
952 2755 68 22 ciuque
1027 2760 42 17 pae-

600 2787 17 17 si
623 2791 5 12 :
643 2786 19 17 la
676 2787 66 14 rnensa
757 2781 95 18 vescovile
865 2785 60 13 aveva
942 2785 37 12 una
995 2780 75 18 rendita

599 2812 53 17 netta
659 2809 21 18 di
687 2809 51 17 circa
746 2806 34 18 700
789 2805 63 18 ducati
859 2805 21 18 di
888 2805 65 22 lteguo
966 2805 65 18 annui.
1044 2805 26 18 La

600 2834 91 20 citladina
698 2838 37 13 non
744 2836 33 14 era
785 2831 58 18 mollo
856 2831 87 22 popolata
951 2835 10 12 a
969 2834 58 14 causa
1040 2831 30 17 dei

600 2859 98 21 saccheggi
706 2862 11 14 e
725 2857 50 18 delle
783 2855 129 19 devastazioni
920 2855 62 18 suhile
990 2856 82 17 durante

601 2887 37 17 due
645 2882 107 20 incursioni
760 2881 20 18 di
788 2880 82 21 barhari,
880 2885 11 13 e
899 2880 50 18 délia
953 2880 77 18 malaria
1037 2881 35 17 che

601 2909 90 22 infieriva
698 2908 53 17 nella
758 2906 64 18 vicina
830 2905 87 22 pianura.

621 2936 17 17 il
650 2932 92 20 Gandolfo
757 2931 58 18 inizio
832 2931 13 16 i!
862 2935 36 13 suo
916 2931 104 21 aposlolalo
1037 2936 36 13 con

603 2960 69 18 «rande
680 2958 83 18 fervore.
772 2956 39 18 Sua
818 2955 61 23 prima
887 2959 47 14 cura
943 2956 21 17 fu
977 2956 64 21 quella
1053 2957 20 17 di

602 2984 120 23 ripristinare
730 2983 14 17 B
760 2981 101 19 seminario
873 2981 107 21 diocesano,
996 2981 37 18 hen
1045 2986 30 13 sa-

602 3010 60 23 pendo
670 3009 70 21 quanto
747 3007 74 17 fossero
830 3006 108 17 necessarie
948 3006 127 19 l’educazione

603 3040 11 13 e
621 3033 119 19 l’istruzione
748 3036 34 18 per
790 3031 8 18 i
805 3031 80 22 giovani
893 3031 35 18 che
935 3031 108 18 iniziavano
1056 3033 19 16 la

603 3059 82 20 carriera
707 3056 138 19 ecclesiaslica.
867 3056 47 17 Fece
929 3055 111 20 x-icoslruire
1056 3058 19 17 le

603 3085 65 18 chîese
675 3081 125 24 parrocchiali
808 3081 20 17 di
836 3081 107 18 Yallecorsa
951 3085 10 14 e
968 3082 20 17 di
995 3082 79 21 -Lenola,

604 3115 10 14 e
622 3110 17 17 si
647 3108 93 18 intéressé
749 3106 70 23 perché
824 3106 21 17 in
849 3106 62 18 Fondi
916 3106 17 18 si
941 3106 134 19 rislabilissero

604 3134 51 22 degli
663 3132 63 19 ordini
733 3131 93 22 religiosi,
835 3131 37 18 alti
879 3136 11 13 a
899 3131 119 18 coadiuvarlo
1025 3133 51 17 nella

605 3158 135 24 propagazione
749 3157 52 17 délia
808 3156 54 18 Fede.

625 3183 114 19 Particolare
747 3181 77 18 attività
832 3182 51 17 dette
891 3181 149 18 aU’incremenlo
1045 3183 31 17 del

606 3207 99 20 Sanluario
721 3207 31 18 del
766 3206 59 21 Colle,
840 3211 68 17 presso
921 3206 76 21 Lenola,
1013 3208 44 17 noto
1066 3212 11 13 a

606 3235 49 18 tutto
664 3233 15 17 il
688 3233 68 16 mondo
765 3232 24 17 ed
800 3231 18 17 al
833 3232 54 21 quale
901 3235 125 14 accorrevano
1040 3232 38 21 pel-

606 3259 62 22 legrin
675 3257 64 22 d’ogni
747 3257 54 22 parte
809 3260 33 18 per
849 3256 102 22 impelrare
958 3256 62 22 grazie
1028 3257 49 18 dalla

607 3283 109 19 miracolosa
722 3281 109 22 Immagine.
840 3280 67 19 Subito
915 3282 163 21 dopoassunzione

607 3310 37 18 alla
650 3307 70 18 diocesi
728 3307 86 20 fondaua,
824 3307 78 21 coopéré
911 3306 22 18 ad
941 3306 109 22 ingrandire
1063 3307 15 18 il

607 3333 104 19 fahbricato
725 3335 82 14 anuesso
827 3332 17 17 al
858 3331 106 21 Santuaiüo,
979 3332 30 17 da!
1023 3333 56 21 quale

609 3363 51 13 «non
668 3357 88 21 sapevssi
763 3356 119 18 allontanare
890 3356 25 17 nè
928 3356 151 22 spirilualmenle

607 3383 25 19 nè
640 3381 149 19 matexûalmente
796 3386 16 11 ».
820 3381 26 16 La
851 3381 82 22 Vergine
941 3381 31 17 del
979 3380 51 18 Colle
1036 3385 43 13 ave-

608 3413 26 13 va
645 3406 106 22 acquislata
765 3406 72 21 grande
850 3405 106 22 popoiarità
970 3411 9 10 «
985 3410 44 12 narn
1043 3405 36 18 fré-

608 3433 80 22 quenter
695 3432 67 21 genles
770 3429 83 22 nudique
861 3431 24 16 ad
893 3430 52 17 fianc
952 3429 78 18 Malrem
1045 3430 34 17 Dei

609 3457 107 20 conîluunt,
725 3457 20 16 et
753 3455 56 18 multi
821 3455 142 22 cousequuntur
976 3454 80 22 gratiam
1063 3460 16 15 »,

609 3482 40 19 cosi
657 3480 81 19 riferiva
746 3480 38 18 alla
793 3479 57 18 Santa
858 3479 50 18 Sede
915 3479 21 18 in
944 3483 38 13 una
991 3483 35 14 sua
1034 3480 45 17 rela-

610 3508 62 18 zione.

633 3534 32 18 Col
674 3538 34 13 suo
716 3533 101 23 personale
825 3533 184 21 inleressamento,la
1015 3532 64 19 Chiesa

611 3560 32 17 del
650 3558 52 18 Colle
711 3559 21 17 fu
740 3559 109 22 ïngrandita
857 3559 23 17 ed
888 3559 67 17 ornata
963 3562 35 13 con
1005 3558 19 17 le
1032 3558 47 17 obla-

611 3584 52 18 zioni
671 3583 34 18 che
718 3583 96 18 venivano
829 3584 83 17 rimesse
925 3582 64 21 d’ogni
1003 3584 60 20 parle,
1073 3587 6 13 c

611 3609 33 18 nel
652 3608 45 18 1627
706 3613 58 13 erano
773 3609 45 17 stati
833 3608 52 22 spesi
897 3612 34 18 per
945 3608 68 21 quesla
1026 3611 53 18 open

612 3633 153 23 seimila^ducati.
772 3633 30 18 Un
809 3633 141 18 monumentale
957 3632 99 21 altareper
1065 3632 14 17 h

612 3659 112 17 miracolosa
731 3658 104 21 Immagine
839 3657 22 18 fu
870 3657 86 18 ordinato
964 3653 113 21 all’archilel

1082 396 16 17 lo
1107 398 76 14 romano
1191 393 97 23 Giuseppe
1297 389 83 22 Rossini,
1389 394 11 13 e
1407 386 119 21 fucoslruilo
1534 385 18 17 di

1082 417 150 25 pregevolissimi
1241 417 75 21 marini,
1326 416 52 22 parle
1386 414 19 17 in
1415 414 58 17 Roma
1481 417 10 12 e
1500 411 53 22 parle

1084 450 6 11 i
1098 444 103 19 Besançon,
1212 444 50 16 sollo
1272 443 18 16 la
1298 439 112 25 particolare
1424 436 96 19 direzione
1534 434 18 17 di

1082 468 56 17 Mous.
1148 467 56 21 Luigi
1212 467 59 18 Maria
1280 464 86 20 Garmelo
1372 462 98 21 Gandolfo,
1477 460 76 18 fratello

1082 491 16 17 ji
1118 490 62 17 Mous.
1197 489 101 21 Agostino,
1321 486 71 20 Nunzio
1408 484 109 23 Aposlolico
1533 488 20 12 ni

1082 512 81 19 Francia.
1173 512 14 17 Jl
1197 512 31 21 pio
1237 515 83 15 vescovo
1329 511 19 17 lo
1356 508 93 23 inauguré
1464 508 89 17 solennc-

1082 538 61 17 menle
1151 536 37 18 alla
1196 541 91 17 presenza
1296 536 19 16 di
1331 534 108 18 moltissimi
1454 532 57 19 fedeli
1524 536 28 13 ac-

1082 561 49 18 corsi
1145 562 23 17 da
1177 561 45 22 ogni
1237 565 64 18 paese.
1317 560 14 17 11
1348 559 20 18 16
1382 559 102 18 seilembre
1499 557 50 21 1628,

1082 585 63 22 giorno
1153 584 49 17 délia
1210 583 86 18 feslivilà
1305 583 51 17 délia
1364 582 83 23 Vergine
1455 582 29 17 del
1494 580 57 21 Colle,

1082 610 58 17 Mous.
1148 608 93 19 Gandolfo
1249 608 92 18 incoroné
1354 607 116 22 l’immagine
1482 607 19 16 di
1515 607 37 16 due

1082 638 66 14 eorone
1155 633 18 17 di
1183 634 86 22 argenlo,
1284 634 69 17 donale
1367 631 152 19 dall’Univcrsilà
1533 631 18 17 di

1082 659 73 21 Lenola,
1164 663 11 13 e
1184 659 18 17 lo
1211 659 61 17 slesso
1281 659 68 22 giorno
1354 657 103 22 compivasi
1463 661 37 12 uno
1506 657 47 17 slre-

1082 684 60 22 piloso
1156 683 96 18 miracoio.
1267 684 26 17 Lu
1307 682 77 19 facciata
1398 682 31 18 del
1444 681 68 22 lempio
1521 686 31 13 era

1082 708 49 17 slaia
1139 708 65 17 ornata
1212 711 36 14 con
1256 706 71 19 fesloni
1336 706 19 18 di
1363 706 64 21 mirlo,
1442 705 20 17 di
1475 705 59 17 alloro
1542 709 11 13 e

1082 737 33 13 eon
1123 732 48 18 rami
1176 732 19 17 di
1201 732 81 22 cipressi
1291 737 4 16 ;
1305 731 99 18 tcrminala
1413 731 18 17 la
1438 731 56 18 festa.
1501 735 52 13 men-

1082 759 28 16 tre
1117 758 17 18 si
1143 758 96 18 disfaceva
1247 758 69 21 queslo
1324 757 106 22 preparato,
1444 756 21 17 fu
1479 756 74 17 consla-

1082 782 38 17 lalo
1128 781 35 18 che
1178 782 36 18 Ire.
1222 780 46 17 rami
1283 780 20 17 di
1317 779 77 23 cipressi
1408 783 84 14 avevano
1506 778 47 18 fallo

1082 810 53 19 presa
1143 806 50 17 nella
1202 805 85 18 l'abbrica
1296 805 52 18 délia
1356 804 84 21 facciala,
1447 804 17 17 al
1471 803 18 18 di
1499 808 54 17 sopra

1082 830 30 17 del
1119 828 113 20 cornicione,
1248 832 11 13 e
1273 828 19 17 vi
1310 828 116 22 vegetavano
1442 826 110 21 benissimo,

1082 852 94 21 malgrado
1191 851 99 17 l’assoluta
1307 855 99 13 mancanza
1429 849 18 18 di
1465 850 57 17 terra.
1538 849 15 17 11

1082 880 85 17 vescovo,
1176 876 95 21 présenté,
1282 875 43 18 fece
1333 875 92 18 costruii’e
1433 879 27 13 un
1468 874 85 22 apposilo

1082 902 51 21 palco
1142 906 33 17 per
1184 905 100 13 osservare
1296 901 151 22 personalmenlc
1460 900 13 17 il
1487 899 67 22 prodi-

1082 927 43 22 gio;
1141 926 53 21 parlé
1208 925 70 22 quindi
1292 926 18 17 al
1326 925 65 22 popolo
1405 924 81 19 altonilo
1495 929 10 13 e
1513 924 40 18 fece

1082 950 82 23 pubblici
1182 950 157 23 ringraziamenti
1361 951 37 17 alla
1419 950 82 22 Vergine
1520 954 34 18 per

1082 974 66 21 quesla
1163 978 64 13 nuova
1241 977 60 18 prova
1315 973 51 18 délia
1379 978 35 13 sua
1428 973 102 22 grandezza
1543 977 10 13 e

1082 998 49 18 délia
1140 1003 34 13 sua
1183 999 135 17 benevolenza.
1328 998 8 18 I
1345 1000 28 16 Ire
1381 998 80 22 cipressi
1469 1002 45 14 sono
1522 1002 31 13 an-

1082 1028 42 13 cora
1132 1023 74 18 visibili
1215 1023 20 18 in
1249 1023 57 22 piena
1318 1023 122 23 vegetazione
1455 1023 49 18 sulla
1516 1023 38 17 fac-

1082 1048 48 18 ciala
1138 1048 19 17 di
1166 1048 111 18 Iraverlino.
1289 1048 99 22 Compiuta
1395 1049 77 21 l’opera,
1487 1048 67 18 furono

1082 1074 53 21 poste
1143 1073 31 18 nel
1183 1073 99 18 sanluario
1290 1074 39 17 due
1337 1073 57 22 lapidi
1406 1074 36 17 che
1456 1073 98 18 ricordano

1082 1097 88 18 l’allivilà
1179 1098 19 17 di
1215 1098 60 18 Mons.
1292 1098 98 21 Gandolfo,
1399 1103 11 13 e
1419 1098 49 18 sulla
1475 1097 79 18 facciala

1082 1121 18 17 10
1108 1121 58 17 scudo
1174 1125 35 14 con
1218 1121 19 18 le
1245 1126 35 13 sue
1288 1121 57 17 armi.

1104 1146 21 17 In
1132 1146 60 17 Fondi
1200 1146 46 17 curé
1255 1146 151 17 l’avanzamenlo
1415 1145 31 18 dei
1453 1145 60 18 lavori
1522 1149 33 18 per

1083 1171 18 17 la
1109 1170 132 19 sistemazione
1249 1171 52 18 délia
1311 1171 81 18 fabbrica
1401 1171 50 17 délia
1464 1171 92 17 catledra-

1082 1196 26 21 le,
1117 1195 73 18 iniziali
1198 1196 31 17 dal
1244 1197 57 17 conte
1316 1196 60 17 Leone
1390 1195 83 21 Caetani,
1488 1195 17 18 si
1521 1195 34 18 che

1083 1219 89 21 polerono
1181 1223 64 14 essere
1253 1219 124 22 complettali,
1383 1219 22 18 ed
1416 1219 13 17 il
1435 1222 63 14 nuovo
1507 1219 49 16 lem-

1083 1243 31 22 pio
1122 1243 112 23 inaugurato
1243 1244 82 22 qualche
1333 1249 49 13 anno
1389 1244 56 22 dopo.
1456 1243 99 18 Presenzié

1083 1269 120 22 all’apertura
1210 1269 135 22 deil’ospedale
1359 1269 20 18 di
1392 1268 19 19 S.
1428 1268 94 19 Giovanni
1536 1268 19 17 di

1083 1293 41 22 I)io,
1132 1294 76 17 fondato
1217 1298 35 13 con
1260 1294 69 18 lascito
1343 1294 19 17 di
1376 1293 133 18 Giamballisla
1523 1293 34 18 Ali-

1084 1321 43 17 gna.
1136 1317 15 17 E
1159 1322 33 17 per
1200 1317 14 17 il
1223 1317 97 22 maggiore
1328 1317 116 18 incremento
1456 1317 30 17 del
1501 1316 56 17 semi-

1083 1341 54 18 nario
1150 1341 101 18 diocesano
1265 1341 69 18 stabili
1347 1341 35 18 che
1394 1341 65 22 quesli
1471 1345 68 13 avesse
1545 1345 11 12 a

1084 1367 45 17 sede
1137 1366 20 18 di
1164 1366 137 22 villaggiatura
1309 1366 15 17 il
1332 1365 103 18 fabbricalo
1450 1369 81 14 annesso
1539 1365 17 16 al

1085 1389 100 18 Sanluario
1193 1389 31 17 del
1232 1388 58 21 Colle,
1300 1389 81 21 quando,
1389 1388 33 18 nei
1431 1388 47 18 mesi
1492 1387 63 22 estivi,

1084 1414 20 17 la
1111 1414 77 17 malaria
1196 1414 153 22 maggiormenle
1356 1413 90 18 infieriva
1454 1413 20 18 in
1482 1413 53 17 cilla.

1107 1439 55 18 Porto
1170 1443 97 18 ovunque,
1277 1438 32 18 nei
1318 1438 52 22 paesi
1384 1438 49 17 délia
1447 1438 78 20 diocesi,
1539 1438 18 17 la

1085 1464 64 22 parola
1156 1463 20 18 di
1185 1464 43 17 fede
1236 1463 21 18 in
1271 1467 103 14 numerose
1387 1463 60 18 visite
1460 1463 96 22 postorali,

1085 1489 18 17 si
1111 1489 35 17 che
1154 1492 61 14 aveva
1224 1489 108 21 acquislalo
1340 1488 71 22 grande
1425 1488 115 18 ascendenza
1547 1492 10 13 e

1091 1513 103 23 popoiarità
1202 1514 23 16 ed
1234 1518 32 13 era
1274 1514 63 17 amato
1345 1517 10 13 e
1364 1513 102 17 heuvolulo
1477 1513 24 17 da
1509 1514 48 16 tutio

1086 1537 13 18 11
1109 1536 71 22 popolo.
1190 1535 14 18 E
1212 1540 53 14 corne
1274 1541 32 13 era
1314 1537 50 16 stato
1372 1536 145 17 benevolmente
1525 1540 33 13 ac-

1086 1562 56 20 collo,
1151 1565 34 18 per
1197 1561 19 17 la
1230 1561 50 17 fama
1295 1560 36 18 che
1345 1560 18 18 lo
1376 1565 60 13 aveva
1449 1561 107 21 precedulo,

1086 1586 39 18 cosi
1133 1586 22 17 fu
1163 1586 136 22 giundemenle
1307 1585 100 22 rimpianla
1416 1586 18 17 la
1442 1590 34 13 sua
1484 1586 74 21 partea-

1086 1614 28 13 za.

1109 1631 14 17 Il
1132 1630 11 18 3
1151 1630 95 17 dicembre
1256 1629 52 21 1036,
1317 1630 48 22 dopo
1374 1629 22 18 16
1410 1630 47 18 anni
1470 1629 88 19 trascorsi

1086 1656 50 18 nella
1152 1655 71 18 diocesi
1239 1655 21 17 di
1274 1655 66 20 Fondi,
1355 1655 69 18 veniva
1436 1655 97 18 trasferilo
1547 1660 11 12 a

1086 1681 63 22 quella
1157 1681 19 17 di
1184 1680 19 18 S.
1213 1681 60 22 Agata
1281 1679 85 22 de’Goli,
1375 1680 51 18 nella
1434 1682 61 17 slessa
1502 1681 56 17 Terra

1086 1707 19 17 di
1114 1707 79 17 Lavoro.

1110 1730 20 17 In
1139 1728 96 23 posizione
1243 1727 128 22 amenissima,
1380 1732 55 18 sopra
1448 1728 14 17 il
1475 1728 57 18 dorso
1539 1728 20 17 di

1086 1759 38 13 una
1132 1758 54 18 rupg,
1194 1758 56 17 sorge
1256 1752 19 18 S.
1283 1753 61 22 Agata
1352 1753 29 18 de’
1388 1753 50 18 Goti.
1448 1753 27 18 Fu
1489 1753 70 18 dicliia-

1087 1780 41 17 rala
1137 1779 44 18 sede
1190 1778 97 18 vescovile
1302 1778 24 17 da
1340 1778 48 22 Papa
1401 1778 96 18 Giovanni
1510 1778 47 18 VIII.

1087 1804 31 18 nel
1127 1803 80 18 concilio
1218 1804 67 17 lenuto
1300 1808 11 12 a
1327 1803 58 18 Roma
1398 1804 33 17 nel
1444 1803 39 22 9G9,
1498 1808 10 13 e
1521 1804 19 17 lo
1548 1803 11 18 è

1088 1831 78 16 tullora.
1175 1829 28 18 Ha
1211 1834 27 12 un
1246 1828 64 18 antica
1319 1828 64 18 chiesa
1394 1829 102 18 calledrale
1508 1829 52 18 dedi-

1087 1856 43 17 cata
1136 1854 37 18 alla
1180 1853 84 23 Vergine
1271 1854 90 21 Assunta,
1370 1858 31 13 cos
1404 1854 57 17 traita
1469 1859 44 17 pare
1528 1854 31 17 nel

1087 1878 23 17 X.
1119 1877 60 18 secolo
1188 1881 36 13 con
1233 1881 26 13 un
1268 1876 72 22 porlico
1348 1876 20 18 di
1375 1877 62 18 dodici
1451 1877 110 18 aatichissi-

1088 1907 31 13 me
1126 1903 79 17 colonne
1214 1901 89 22 corinzie,
1313 1901 35 18 che
1354 1902 80 21 précédé
1442 1902 19 18 la
1473 1902 85 18 facciala.

1087 1928 70 17 «Entro
1162 1927 20 18 la
1190 1926 141 19 circonferenza
1339 1927 48 17 délia
1400 1927 71 18 diocesi
1484 1929 77 16 conlen-

1088 1953 55 22 gonsi
1151 1952 29 18 sei
1187 1951 84 23 cospicui
1280 1951 74 18 Castelli
1364 1956 11 13 e
1383 1953 29 16 Ire
1420 1952 67 23 borghi
1495 1952 73 20 adornL

1088 1976 21 17 di
1115 1976 63 17 chiese
1186 1974 102 23 collegiale
1295 1980 17 11 ».
1322 1974 33 18 Dal
1364 1974 44 18 1606
1417 1975 18 17 al
1444 1975 46 18 1672
1504 1975 22 18 vi
1539 1975 21 18 fu

1088 2004 80 14 vescovo
1180 2000 51 21 Papa
1244 1998 53 18 Sisto
1310 1999 31 21 V.,
1356 1999 62 18 Felice
1430 1999 80 22 Perelti,
1526 2000 34 17 che

1088 2025 63 18 alcuni
1158 2024 67 18 sloriei
1233 2023 50 18 corsi
1292 2024 115 21 prelendono
1412 2025 46 17 nato
1462 2025 50 17 nella
1519 2025 41 17 loro

1088 2051 54 17 isola.

1110 2077 8 13 l
1126 2077 101 18 signoroiu
1235 2077 57 12 xocaxx
1301 2077 24 12 eu
1333 2077 8 11 i
1348 2077 85 12 minjsiri
1448 2077 41 17 régi
1503 2077 56 13 xoua-

1088 2103 46 13 rono
1143 2102 33 13 con
1185 2096 45 23 ogni
1238 2096 80 21 energia
1326 2097 85 17 conlroil
1418 2098 142 21 rappresentan-

1088 2125 19 16 te
1115 2123 48 18 délia
1171 2121 69 18 Chiesa
1248 2121 90 20 Romana,
1347 2126 33 17 per
1387 2122 64 17 avei'lo
1459 2127 11 12 a
1477 2122 41 18 loro
1524 2124 38 17 sol-

1088 2147 79 21 toposlo.
1176 2145 30 18 Ma
1215 2145 7 16 i
1230 2144 79 18 vescovi
1316 2149 35 13 con
1359 2148 37 14 non
1404 2145 73 18 minore
1485 2146 77 22 energia

1089 2171 80 18 difesero
1183 2170 19 17 la
1215 2170 41 17 loro
1269 2169 108 18 immunité.
1391 2169 36 18 Già
1437 2170 16 17 il
1466 2171 97 21 predeces-

1089 2201 43 13 sore
1139 2195 20 18 di
1166 2195 61 18 Mons.
1236 2194 94 18 Gandolfo
1339 2199 32 13 era
1379 2194 81 19 riuscilo
1467 2195 95 19 vincitore

1089 2221 51 18 nella
1148 2221 36 17 lile
1197 2220 35 17 che
1246 2219 23 18 fu
1283 2220 76 21 portala
1373 2220 66 17 avanli
1453 2220 18 17 la
1479 2219 57 19 Curia
1542 2221 21 18 di

1090 2247 65 18 Roma.
1164 2245 38 18 Con
1210 2245 20 17 ia
1237 2244 79 18 nomina
1324 2245 31 17 del
1364 2244 92 19 Gandolfo
1466 2245 96 23 rinacque-

1091 2275 21 12 ro
1119 2270 19 17 le
1147 2269 62 22 prêtes
1211 2272 11 13 e
1235 2267 33 18 dei
1282 2267 86 18 ministri
1382 2268 43 22 régi
1439 2268 24 17 ed
1477 2268 14 17 il
1500 2273 63 13 nuovo

1089 2298 82 15 vescovo
1179 2293 55 18 trové
1242 2293 51 17 nella
1302 2292 72 17 diocesi
1381 2297 25 12 un
1416 2293 64 18 lavoro
1486 2293 35 18 che
1527 2294 36 17 heu

1090 2320 17 17 si
1115 2319 90 18 addiceva
1213 2318 37 17 alla
1259 2322 35 13 sua
1303 2317 82 22 spéciale
1390 2318 76 18 cultura
1471 2319 32 17 ne!
1508 2319 56 18 dirit-

1092 2347 18 16 lo
1117 2343 96 20 canonico,
1223 2343 37 16 alla
1268 2347 36 12 sua
1312 2342 126 22 imparzialilà
1448 2344 22 17 ed
1478 2344 37 17 alla
1530 2348 33 14 sua

1091 2369 57 19 bonlà
1155 2374 11 12 e
1174 2369 68 21 quesle
1250 2367 41 18 doti
1300 2368 51 17 certo
1359 2368 143 18 conlrihuirono
1509 2373 12 13 a
1530 2369 34 17 che

1091 2394 19 17 la
1118 2392 58 17 scella
1185 2391 78 17 cadesse
1270 2394 56 18 sopra
1334 2391 19 16 di
1361 2390 34 17 lui.

1114 2416 57 17 Prese
1180 2417 88 19 possesso
1281 2413 30 17 del
1326 2417 61 14 nuovo
1402 2416 36 14 suo
1453 2413 67 18 ufficio
1533 2413 31 18 nel

1092 2440 95 18 dicembre
1196 2438 51 18 1636.
1257 2437 39 18 Con
1306 2439 21 16 lu
1331 2439 25 16 lia
1369 2438 19 17 la
1400 2442 37 13 sua
1451 2438 77 22 energia
1541 2439 23 16 ed

1092 2465 74 18 allivilà
1174 2463 18 19 si
1199 2467 70 18 oppose
1277 2468 11 12 a
1298 2463 36 17 che
1342 2463 17 17 la
1368 2467 34 13 sua
1417 2463 83 18 aulorità
1513 2463 52 18 fosse

1092 2490 144 18 minimamente
1253 2487 109 22 diminuila,
1376 2492 29 13 ma
1420 2492 34 17 per
1466 2488 99 17 l’accanita

1092 2514 47 17 loüa
1147 2512 104 21 intrapresa
1259 2512 66 16 conlro
1334 2511 19 17 di
1367 2510 28 17 lui
1403 2515 11 12 e
1423 2512 143 21 accompagnata

1093 2538 77 18 lalvolta
1179 2537 23 17 da
1210 2536 92 21 minacce,
1320 2535 21 18 fu
1356 2536 92 17 costretlo
1462 2540 67 17 spesso
1541 2536 24 17 ad

1093 2563 130 18 ahbandonare
1230 2561 18 17 la
1257 2561 46 17 sede
1310 2560 99 18 diocesana
1418 2565 34 17 per
1465 2561 101 22 rifugiarsi

1093 2587 21 18 in
1121 2589 56 18 iuogo
1186 2584 32 22 più
1227 2583 69 18 sicuro.

1115 2608 52 18 Délia
1175 2612 35 13 sua
1219 2610 57 18 opéra
1288 2610 38 17 pur
1342 2605 50 17 lanto
1407 2605 116 22 importante
1536 2610 31 18 po-

1094 2633 90 19 chissime
1200 2631 71 18 nolizie
1286 2630 19 17 ci
1321 2634 45 13 sono
1381 2631 50 17 siale
1443 2631 123 18 tramandale.

1092 2660 73 23 gerisse
1171 2662 13 13 a
1191 2656 62 18 difesa
1260 2655 20 17 di
1288 2656 68 21 quesla
1363 2655 34 18 lile
1405 2660 27 13 un
1445 2656 77 18 volume
1538 2657 29 17 col

1092 2686 55 19 titolo
1156 2689 9 10 «
1169 2683 27 17 De
1201 2679 122 20 immunitate
1327 2679 141 18 Ecclesiaslica»
1475 2681 32 18 del
1511 2682 56 21 quale

1092 2709 103 22 purtroppo
1202 2708 39 13 non
1249 2703 19 17 ci
1275 2702 11 18 è
1295 2703 78 17 rimasla
1381 2703 76 17 traccia.

1093 2720 12 13 P
1116 2727 96 23 L’Ugheili
1220 2731 11 13 e
1239 2726 28 22 gli
1274 2726 19 17 al
1295 2725 25 18 tri
1331 2725 66 18 sloriei
1404 2725 126 18 ecclesiastîci
1541 2726 27 17 la-

1095 2756 88 18 mentano
1192 2751 45 18 lulti
1245 2752 20 17 ia
1274 2751 137 17 traseuralezza
1425 2750 50 23 degli
1489 2751 79 18 abilanti

1095 2781 20 18 di
1122 2780 20 18 S.
1149 2778 60 22 Agala
1217 2776 29 18 de’
1256 2775 51 21 Goti,
1316 2775 8 18 i
1333 2775 58 22 quali,
1399 2775 106 18 alFiniuori
1519 2776 49 17 délia

1095 2802 92 22 semplice
1194 2799 51 18 sérié
1254 2798 31 18 dei
1295 2798 77 18 vescovi
1380 2798 37 18 che
1425 2799 18 17 la
1457 2803 112 18 governaro-

1096 2833 24 14 no
1145 2830 38 15 non
1198 2825 65 17 hanno
1279 2824 113 17 conservalo
1411 2823 25 18 nè
1453 2824 116 18 tramandato

1096 2854 67 18 alcuna
1169 2849 72 19 nocizia
1249 2849 36 18 che
1294 2848 17 18 si
1320 2848 87 18 riferisse
1415 2848 18 18 ai
1439 2848 45 19 fasli
1491 2849 18 17 di
1518 2850 52 21 quel-

1097 2879 19 17 la
1123 2877 71 18 chiesa.

1120 2900 16 18 II
1145 2897 90 20 Gandolfo
1243 2896 22 18 vi
1274 2897 60 17 lenne
1345 2896 37 17 due
1395 2895 65 19 sinodi
1472 2896 98 18 diocesani

1098 2925 31 18 nel
1137 2923 103 20 novembre
1248 2921 47 18 1G39
1304 2926 11 13 e
1323 2922 120 17 nell’ottohre
1452 2921 45 18 164G
1504 2926 4 17 ;
1522 2926 49 13 com-

1098 2951 20 21 pi
1125 2952 101 15 numerose
1235 2947 59 18 visite
1308 2946 89 22 pastorali
1410 2946 30 18 nei
1456 2947 51 21 paesi
1521 2947 50 17 délia

1099 2978 35 13 sua
1142 2970 142 25 giurisdizione,
1293 2970 92 21 porlando
1393 2969 19 18 al
1426 2970 73 21 popolo,
1513 2970 59 17 attra-

1099 3001 57 15 verso
1163 2998 19 16 la
1190 2997 47 17 lotla
1245 2995 36 18 che
1290 2994 29 23 gli
1327 2995 17 17 si
1353 2994 73 21 faeeva,
1435 2995 19 16 la
1462 2998 35 13 sua
1508 2994 64 21 parola

1100 3023 19 17 di
1127 3023 56 20 Fede,
1192 3020 98 21 l’esempio
1299 3024 11 13 e
1318 3019 138 18 l’incilamenlo
1463 3019 18 17 al
1490 3019 58 18 cullo.

1122 3047 38 18 Cou
1176 3051 38 13 una
1231 3049 64 14 nuova
1311 3043 119 19 costruzione
1453 3044 87 21 ingrandi
1557 3044 15 17 il

1100 3073 73 22 palazzo
1182 3069 102 20 vescovile,
1294 3074 11 13 e
1314 3069 40 18 fece
1362 3068 93 18 abbellire
1466 3073 35 13 con
1507 3073 65 18 prege-

1100 3096 41 19 voli
1155 3095 75 19 slucchi
1242 3095 20 17 la
1269 3094 78 17 villella
1363 3094 60 17 scella
1430 3098 35 17 per
1478 3098 34 13 sua
1527 3094 46 17 resi-

1101 3121 58 16 denza
1167 3119 68 18 estiva.
1245 3117 69 17 Eresse
1323 3117 20 17 in
1351 3116 109 18 clausurail
1467 3118 106 17 monaslero

1102 3145 20 17 di
1132 3143 71 22 Regina
1213 3141 52 19 Coeii
1275 3141 21 18 in
1309 3141 62 18 Airoli
1380 3145 10 13 c
1398 3141 50 17 doué
1462 3141 37 17 alla
1513 3142 61 17 calte-

1102 3169 52 18 drale
1167 3173 28 13 un
1208 3168 97 17 maesloso
1318 3170 44 14 coro
1374 3166 20 17 in
1408 3170 49 13 noce
1469 3166 104 21 massiccia,

1102 3194 103 18 finemenle
1214 3191 108 23 inlaglialo,
1333 3192 64 16 ornato
1405 3190 31 18 del
1445 3195 34 13 suo
1487 3192 86 21 slemma;

1102 3220 53 17 dello
1162 3222 45 13 coro
1217 3217 20 18 fu
1246 3216 31 23 poi
1288 3215 96 18 trasferilo
1392 3215 52 18 nella
1458 3215 65 18 chiesa
1536 3217 40 16 del-

1102 3241 138 20 l’Ànnunziala,
1250 3243 48 18 pure
1307 3239 21 17 in
1345 3238 18 17 S.
1372 3238 66 21 Agata,
1454 3242 36 13 ove
1504 3239 71 17 trovasi

1103 3267 79 17 tuttora.
1190 3265 47 18 Fece
1245 3269 12 12 a
1265 3268 36 13 sue
1307 3267 55 18 spese
1370 3263 108 17 restaurare
1486 3263 8 17 i
1501 3263 74 22 quadri,

1103 3290 89 19 esistenli
1212 3287 150 23 nell’episcopio,
1379 3292 10 13 e
1404 3288 149 21 rappresentanli
1568 3287 8 18 i

1104 3315 77 19 vescovi
1196 3314 44 18 suoi
1258 3312 129 23 predecessori
1393 3317 4 16 ;
1423 3313 103 22 purtroppo
1546 3313 30 18 fra

1104 3340 63 22 quesli
1175 3344 39 13 non
1222 3339 63 22 figura
1293 3338 15 17 il
1317 3342 35 13 suo
1360 3337 81 18 rilratto.

1127 3364 88 18 Governo
1224 3364 18 16 la
1251 3362 72 18 diocesi
1332 3362 18 17 di
1359 3362 19 17 S.
1386 3362 60 21 Agala
1461 3367 33 17 per
1502 3362 22 18 iS
1533 3363 43 18 anni

1105 3394 10 13 e
1123 3394 25 13 ne
1155 3389 20 16 fu
1185 3388 14 17 il
1207 3387 31 18 43-
1247 3391 90 14 vescovo..

1126 3414 51 21 Dopo
1186 3417 39 13 una
1233 3413 40 17 vita
1281 3412 21 17 di
1312 3412 51 17 tailla
1371 3411 80 18 allivilà
1460 3412 48 17 mori
1517 3412 20 17 in
1549 3414 29 16 rè-

1106 3438 82 20 sidenza,
1198 3437 32 17 nel
1239 3437 53 21 1663,
1302 3435 65 19 all’elà
1375 3436 18 17 di
1402 3435 24 18 76
1439 3437 53 21 anni,
1502 3441 10 14 e
1520 3437 22 18 fu
1550 3442 28 13 se-

1107 3463 50 21 poito
1165 3462 51 17 nella
1222 3462 109 20 calledrale,
1338 3461 49 17 nella
1391 3461 84 18 modesta
1484 3462 94 22 sepollura

1107 3488 42 19 che,
1156 3486 85 21 vivenle,
1250 3487 19 16 si
1277 3491 34 13 era
1318 3485 47 18 fallu
1374 3489 105 19 preparare,
1484 3491 35 13 con
1528 3487 50 22 i’epi-

1107 3509 52 22 grafe
1167 3510 24 16 da
1198 3509 29 17 lui
1236 3510 63 16 stesso
1308 3508 77 20 detlala,
1394 3512 11 13 e
1415 3508 48 18 dove
1470 3509 18 18 si
1499 3509 42 18 dice
1548 3510 30 21 gé-

1107 3535 76 16 novese,
1200 3535 39 13 non
1251 3532 53 17 certo
1319 3534 34 18 per
1366 3534 105 15 mancanza
1486 3532 19 17 di
1513 3536 65 13 amore

1107 3560 56 14 verso
1170 3556 20 17 la
1197 3556 51 17 bella
1256 3556 47 17 isola
1313 3555 35 17 che
1356 3555 18 17 lo
1383 3560 60 13 aveva
1452 3556 50 18 vislo
1515 3560 63 13 nasce-

1108 3583 27 16 re,
1145 3583 30 12 ma
1183 3578 119 18 ritenendosi
1310 3577 90 18 cittadino
1409 3582 95 18 genovese
1512 3578 66 22 perche

1109 3603 43 18 nato
1160 3603 25 17 da
1196 3603 58 21 padre
1265 3606 95 18 gexiovese
1375 3602 20 17 in
1408 3604 52 17 terra
1472 3603 60 18 allora
1539 3607 39 18 sog-

1109 3626 51 21 getta
1167 3625 38 18 alla
1213 3625 119 22 Repubblica
1340 3625 18 17 di
1367 3625 83 18 Genova.

1406 3655 24 17 P.
1438 3655 118 19 Parisella.

1666 143 27 46 E
1717 141 174 46 Prutesle
1914 151 68 44 per
2005 132 211 49 î’Âumenîu
2240 130 38 46 di
2301 131 13 44 i
2338 130 128 49 Prezzi

1807 210 39 47 di
1869 211 12 44 i
1903 205 201 60 Trasporfi
2133 202 193 47 NaritKmi

1582 337 34 19 In
1624 336 93 21 KTisza

1603 381 9 9 «
1618 375 34 17 Les
1660 374 81 18 sociétés
1748 378 4 13 :
1763 374 24 17 La
1793 373 80 18 Défense
1879 373 34 17 des
1922 370 79 19 Intérêts
2007 368 44 18 Cor-

1582 404 36 17 ses,
1625 400 19 16 la
1653 399 78 22 Cyrnos,
1746 399 20 17 cl
1774 398 73 18 l’Union
1857 397 90 18 Générale
1955 397 33 16 des
2003 394 36 17 Cor
2048 402 3 3 ¬

1582 428 36 16 ses,
1635 424 74 17 réunies
1719 424 18 17 le
1746 424 11 17 2
1765 423 42 23 juin
1815 422 52 22 1929,
1877 428 23 12 au
1910 421 67 19 Casino
1985 420 23 16 de
2017 418 34 18 Pa-

1582 448 31 21 ris,
1622 449 11 16 à
1642 448 51 22 Nice,
1702 449 56 22 après
1766 449 56 17 élude
1829 448 37 18 très
1875 447 85 19 sérieuse
1966 446 33 17 des
2007 448 44 13 eon-

1582 473 69 18 iilions
1659 473 55 19 faites
1723 479 38 12 aux
1769 478 100 18 passagers
1882 472 119 18 Nice-Corse,
2010 468 40 18 lanl

1582 503 19 12 xu
1612 498 51 22 poinl
1675 500 24 16 de
1707 504 39 13 vue
1754 500 34 17 des
1797 498 55 19 tarifs
1860 498 43 22 qu’à
1911 496 50 19 celui
1976 496 33 16 des
2017 494 33 16 ho-

1582 523 64 21 raires,
1655 529 23 13 on
1687 524 45 18 voté
1740 525 33 17 des
1782 524 62 18 résolu
1848 524 49 17 lions
1905 521 99 19 suivantes
2011 523 4 13 :

1602 549 61 24 Tarifs
1671 549 31 19 des
1705 554 102 19 passagers.
1816 559 23 4 —
1846 547 124 20 Considérant
1977 549 36 18 que
2022 544 28 17 les

1582 575 80 18 services
1670 575 105 19 maritimes
1783 576 79 22 postaux
1870 573 78 18 enlrelc
1953 570 98 19 conlinenl

1582 601 16 16 3l
1612 600 18 17 la
1639 600 57 18 Corse
1703 601 117 17 constituent
1828 604 36 13 non
1874 603 33 18 pas
1916 602 37 13 une
1961 595 90 22 exploilîi-

1582 624 37 17 tion
1627 625 137 21 commerciale,
1779 625 49 18 mais
1838 629 25 12 un
1876 622 74 19 service
1962 619 87 18 d’inlére!

1582 649 73 22 général
1663 650 75 18 destiné
1746 650 12 17 à
1766 650 56 17 relier
1830 654 26 12 un
1864 646 128 23 département
2000 644 51 17 fran-

1582 674 36 21 çais
1626 679 23 13 au
1664 676 74 17 restant
1746 676 24 16 du
1781 673 94 20 territoire
1882 678 5 16 ;
1902 671 46 23 qu’il
1962 669 89 19 convient

1582 699 30 18 lès
1618 700 45 21 lors,
1668 700 24 17 de
1697 700 29 18 les
1734 699 109 19 considérer
1851 703 44 13 sous
1901 698 18 17 le
1928 695 60 19 même
1995 694 55 22 angle

1582 729 34 17 lue
1624 725 29 18 les
1661 725 87 18 chemins
1756 726 23 17 de
1787 725 55 18 ferel
1850 724 27 17 les
1885 723 65 18 roules
1956 721 22 18 de
1986 720 18 17 la
2013 719 38 18 mé-

1582 750 76 22 tropole.

1601 778 125 18 Considérant
1734 783 37 18 que
1779 779 28 17 les
1816 777 57 18 tarifs
1886 774 134 20 actuellement
2026 777 24 13 en

1582 803 80 22 vigueur
1674 808 34 13 sur
1716 804 29 18 les
1759 804 61 22 lignes
1831 801 111 20 Nice-Corse
1956 799 96 22 représen-

1582 829 41 16 tent
1631 833 80 18 presque
1719 829 19 18 le
1746 829 69 17 double
1823 829 24 17 de
1855 831 47 14 ceux
1911 824 98 23 appliqués
2017 827 34 13 sui-

1582 853 26 18 tes
1622 853 85 19 chemins
1723 855 24 17 de
1755 854 29 18 fer
1792 855 20 16 el
1825 853 43 18 sont
1876 851 42 22 déjà
1932 851 43 22 plus
1988 847 63 19 élevés

1582 883 34 17 jue
1630 883 48 13 ceux
1691 880 33 17 des
1739 879 60 22 lignes
1813 879 29 17 les
1856 878 42 21 plus
1911 874 103 19 favorisées
2028 873 24 17 de

1582 903 91 22 l’Afrique
1681 904 25 17 du
1712 904 62 21 Nord;
1784 908 37 18 que
1830 904 27 17 les
1863 899 153 25 augmentations
2021 898 31 18 dé-

1582 928 62 18 cidées
1652 933 33 17 par
1694 929 17 18 ie
1720 929 96 21 ministre,
1825 929 11 17 à
1845 928 83 21 compter
1936 926 25 17 du
1970 924 22 18 16
2002 923 49 22 juin,

1582 954 74 21 portent
1662 954 29 17 les
1699 954 118 18 coefficients
1825 954 24 17 de
1857 951 116 19 relèvement
1980 950 23 17 de
2010 948 43 21 6,96

1582 978 8 17 à
1605 978 42 21 7‘,68
1656 983 23 13 en
1688 979 104 22 premières
1808 979 70 17 classes
1887 978 19 17 et
1919 975 41 22 8,67
1970 980 23 13 en
2008 974 45 17 deu-

1582 1003 71 18 xièmes
1666 1004 78 21 classes,
1760 1004 50 18 alors
1823 1008 37 18 que
1874 1003 27 17 les
1915 1001 43 22 prix
1969 999 84 18 d’avant-

1582 1032 69 18 guerre
1663 1029 34 18 des
1705 1029 87 18 chemins
1807 1029 23 18 de
1838 1028 30 18 fer
1875 1027 54 18 n’onl
1937 1025 30 19 élé
1974 1023 79 19 affectés

1582 1058 36 17 que
1631 1054 26 17 du
1671 1054 109 17 coefficient
1800 1053 54 22 3,40;
1869 1052 79 22 qu’elles
1959 1049 94 19 .auraient

1582 1082 46 17 pour
1636 1078 47 18 effet
1688 1079 30 19 .de
1727 1079 101 18 demander
1844 1082 37 14 aux
1890 1080 79 18 usagers
1984 1075 24 17 de
2021 1078 32 13 ces

1582 1103 61 22 lignes
1657 1109 26 12 un
1691 1104 59 18 effort
1763 1101 211 25 proportionnellement
1985 1099 68 18 double

1582 1129 22 16 de
1612 1128 50 18 celui
1676 1129 72 22 imposé
1757 1133 32 13 sur
1803 1129 83 17 d’autres
1899 1127 68 22 lignes,
1981 1125 71 17 notam-

1582 1154 53 17 ment
1642 1158 33 13 sur
1682 1154 58 17 celles
1748 1154 24 17 de
1775 1153 104 21 Marseille;
1889 1152 79 23 qu’elles
1973 1149 81 19 feraient

1582 1178 33 18 des
1621 1179 83 18 services
1712 1180 80 21 postaux
1799 1179 96 22 l’apanage
1903 1179 34 17 des
1945 1177 62 18 seules
2013 1180 41 18 per-

1582 1208 70 14 sonnes
1665 1205 99 18 fortunées
1772 1206 19 17 et
1802 1205 33 18 des
1848 1203 131 19 bénéficiaires
1990 1203 23 17 de
2027 1202 27 17 fa-

1582 1233 67 18 veurs;
1664 1230 80 22 quelles
1757 1235 23 13 ne
1786 1229 143 23 procureraient
1935 1233 32 18 pas
1978 1228 28 17 les
2015 1231 39 14 res-

1584 1259 79 14 sources
1673 1255 120 18 nécessaires
1801 1260 48 18 pour
1857 1255 86 18 combler
1950 1255 19 17 le
1978 1253 75 21 déficit;

1582 1284 37 18 que
1624 1280 76 18 celui-ci
1704 1282 46 21 peut
1756 1280 40 19 être
1801 1281 62 17 réduit
1869 1285 34 18 par
1908 1281 64 17 autres
1977 1283 77 18 moyens

1582 1305 120 23 énergiques,
1714 1311 80 17 comme,
1805 1311 34 17 par
1847 1306 92 22 exemple,
1949 1310 26 12 un
1981 1304 75 18 contrô-

1582 1331 19 17 le
1609 1330 65 18 sévère
1682 1332 23 17 de
1713 1332 19 17 la
1741 1331 75 22 gestion
1824 1332 20 17 et
1852 1331 39 22 qui,
1901 1335 25 13 en
1935 1331 42 16 tout
1984 1329 40 18 état
2031 1329 24 17 de

1582 1359 66 17 cause,
1657 1355 39 18 doit
1704 1355 43 18 être
1755 1355 36 18 mis
1798 1356 12 17 à
1818 1356 18 17 la
1845 1355 70 22 charge
1923 1355 24 17 de
1955 1353 61 21 l’Etat,
2030 1358 24 13 au

1582 1379 62 18 même
1652 1380 43 18 titre
1703 1385 38 17 que
1748 1380 50 18 celui
1805 1382 33 16 des
1846 1380 85 18 chemins
1939 1380 24 17 de
1971 1379 34 17 fer.

1605 1405 58 18 Frets.
1670 1415 23 3 —
1697 1405 126 18 Considérant
1828 1410 37 17 que
1870 1406 28 17 les
1904 1403 151 24 augmentations

1583 1431 25 17 de
1618 1430 53 18 Lax-ifs
1679 1431 28 17 les
1716 1431 44 22 plus
1768 1431 125 22 importantes
1901 1430 78 22 portent
1986 1433 34 14 sur
2027 1429 29 17 les

1583 1455 87 22 produits
1678 1456 88 22 exportés
1777 1456 24 17 de
1810 1455 56 18 Corse
1872 1460 5 16 ;
1892 1455 72 22 qu’une
1977 1453 79 23 pareille

1583 1480 92 18 situation
1684 1482 27 16 est
1721 1482 24 16 de
1753 1482 67 16 nature
1828 1481 11 17 à
1847 1481 57 17 nuire
1916 1479 140 18 considérable-

1583 1507 54 16 ment
1652 1511 23 12 au
1691 1506 156 22 développement
1865 1505 122 22 économique
2001 1505 23 16 de
2037 1504 18 16 ia

1583 1530 65 19 Corse.

1607 1556 126 18 Considérant
1746 1561 37 17 que
1796 1557 19 17 le
1829 1556 65 18 déficit
1909 1555 83 18 constaté
2008 1555 48 17 dans

1583 1581 30 18 les
1626 1581 47 18 frais
1686 1582 23 17 de
1717 1581 132 18 manutenlion
1856 1586 25 13 ne
1894 1582 47 21 peut
1954 1579 54 19 avoir
2021 1584 35 13 son

1583 1606 76 23 origine
1667 1611 36 17 que
1711 1607 48 18 dans
1768 1611 37 13 une
1813 1606 99 19 mauvaise
1920 1605 74 23 gestion
2003 1606 23 17 de
2034 1609 22 14 ce

1583 1631 81 18 service.

1606 1656 92 19 Horaires.
1706 1667 22 4 —
1734 1657 123 18 Considérant
1865 1657 80 22 qu’avec
1950 1657 28 17 les
1985 1657 72 17 traver-

1584 1682 42 19 sées
1634 1684 89 17 noclures
1731 1683 29 18 les
1768 1687 78 18 usagers
1851 1682 122 18 effectuaient
1978 1682 18 17 le
2001 1686 55 17 voya-

1583 1712 25 18 ge
1616 1708 46 17 dans
1667 1708 20 17 le
1700 1708 100 18 minimum
1814 1709 24 17 de
1846 1709 59 21 temps
1912 1713 5 16 ;
1933 1712 36 18 que
1976 1707 18 18 le
2002 1711 55 14 cour-

1583 1733 40 18 rier
1631 1734 60 21 postal
1698 1733 48 18 était
1758 1733 93 18 distribué
1863 1738 25 13 ou
1901 1732 98 19 acheminé
2013 1736 44 14 vers

1583 1758 107 19 l’intérieur
1707 1759 164 18 immédiatement
1884 1758 55 23 après
1957 1757 99 21 l’arrivée;

1584 1788 44 18 que,
1638 1783 32 18 dès
1678 1785 18 17 le
1701 1784 147 22 débarquement
1855 1784 59 20 aussi,
1924 1784 28 17 les
1960 1783 97 18 marchan-

1584 1809 53 18 dises
1646 1809 115 22 périssables
1767 1809 72 18 étaient
1851 1809 82 22 dirigées
1941 1813 34 14 sur
1981 1808 18 18 le
2007 1813 50 13 mar-

1585 1835 43 18 ché.

1608 1860 124 18 Considérant
1740 1864 37 18 que
1787 1860 30 18 les
1825 1859 85 18 horaires
1924 1859 77 18 diurnes
2013 1859 43 18 font

1585 1885 113 22 disparaître
1703 1887 43 16 tous
1754 1890 31 13 ces
1793 1886 108 21 avantages,
1907 1884 58 23 qu’ils
1972 1884 84 23 obligent

1584 1911 30 18 les
1622 1915 100 18 passagers
1730 1911 24 17 de
1762 1910 106 18 l’intérieur
1875 1910 11 17 à
1894 1914 66 18 passer
1968 1914 37 13 une
2012 1909 44 18 nuit

1585 1941 25 13 au
1624 1937 43 21 port
1678 1937 23 16 de
1714 1936 154 22 débarquement,
1881 1940 21 13 ce
1916 1935 33 22 qui
1962 1935 94 18 constitue

1585 1966 39 13 une
1633 1962 68 22 charge
1715 1961 114 22 importante
1836 1962 71 17 venant
1919 1960 89 23 s’ajouter
2018 1965 38 13 aux

1586 1987 47 17 frais
1642 1987 25 17 du
1680 1991 74 17 voyage
1760 1991 5 17 ;
1781 1991 37 17 que
1825 1987 19 16 la
1857 1987 77 21 plupart
1942 1987 33 16 des
1988 1986 68 21 opéra-

1586 2012 52 18 tions
1652 2012 23 17 de
1688 2011 122 22 chargement
1828 2012 20 17 et
1862 2012 23 16 de
1902 2010 152 22 déchargement,

1585 2037 103 18 effectuées
1696 2036 24 18 de
1729 2036 50 17 nuit,
1788 2037 20 16 et
1812 2037 75 21 partant
1895 2036 44 21 plus
1947 2036 108 20 onéreuses,

1585 2062 82 22 grèvent
1682 2061 183 18 considérablement
1881 2065 37 13 une
1934 2060 123 22 exploitation

1585 2087 43 22 déjà
1636 2086 106 18 déficitaire
1756 2087 19 16 et
1788 2087 112 17 accentuent
1911 2087 29 16 les
1954 2087 62 21 perles
2024 2090 34 17 par

1586 2113 113 21 manquants
1707 2116 26 13 ou
1742 2111 139 18 dérétioralion.

1610 2137 123 18 Considérant
1751 2141 36 18 que
1801 2136 105 18 l’immense
1920 2136 85 22 majorité
2023 2137 34 17 des

1586 2167 99 18 passagers
1694 2163 30 17 est
1730 2162 105 18 constituée
1844 2167 33 17 par
1884 2163 34 16 des
1933 2166 77 18 usagers
2018 2166 41 13 cor-

1587 2193 38 16 ses,
1635 2188 19 18 la
1661 2188 76 22 plupart
1745 2188 24 17 de
1777 2187 96 18 condition
1882 2188 90 20 modeste,
1985 2188 19 17 et
2016 2188 42 16 tous

1586 2213 105 18 intéressés
1699 2218 38 13 aux
1745 2213 84 18 horaires
1835 2214 102 16 nocturnes
1943 2217 5 17 ;
1956 2213 54 21 qu’au
2017 2217 42 13 sur-

1587 2239 51 22 plus,
1647 2239 18 17 la
1673 2238 111 18 Fédération
1788 2239 34 17 des
1831 2238 97 22 syndicats
1936 2238 121 20 d’initiative,

1588 2264 107 22 organisme
1703 2263 162 18 essentiellement
1874 2263 118 22 touristique,
2001 2263 58 17 récla-

1588 2293 32 13 me
1634 2288 106 19 elle-même
1749 2289 27 17 les
1788 2288 83 18 services
1880 2290 101 16 nocturnes
1989 2293 34 13 sur
2030 2288 29 17 les

1589 2317 68 22 trajets
1662 2317 112 18 Corse-Nice
1778 2321 56 18 parce
1840 2317 55 22 qu’ils
1902 2318 114 21 permettent
2021 2321 38 13 aux

1589 2343 90 18 touristes
1684 2343 23 17 de
1715 2343 61 17 rester
1784 2347 26 12 un
1818 2342 44 23 jour
1870 2343 22 17 de
1901 2343 43 21 plus
1953 2342 46 17 dans
2013 2342 46 17 i’ile.

1611 2368 123 18 Considérant
1743 2367 57 19 enfin,
1808 2372 37 17 que
1852 2368 29 17 les
1889 2367 84 18 services
1981 2367 78 18 diurnes

1589 2394 54 17 n'ont
1656 2398 61 13 aucun
1732 2393 100 18 défenseur
1846 2393 59 20 avisé,
1922 2393 80 22 puisque
2018 2394 41 16 tous

1589 2419 29 18 les
1628 2419 143 22 représentants
1779 2418 23 17 de
1810 2418 17 17 la
1836 2417 56 19 Corse
1900 2423 25 12 au
1934 2417 71 18 Comité
2018 2422 41 13 con-

1589 2444 75 21 sulalif,
1676 2444 19 17 le
1702 2443 97 18 directeur
1807 2444 33 17 des
1848 2443 64 18 P.T.T.
1923 2443 27 18 les
1960 2443 99 18 Chambres

1589 2470 26 17 de
1629 2473 105 14 commerce
1750 2470 20 16 et
1791 2468 96 22 syndicats
1907 2468 114 18 d’initiative
2038 2469 21 17 de

1590 2494 64 18 Bastia
1667 2494 20 17 et
1694 2493 102 22 d’Ajaccio,
1811 2493 28 18 les
1853 2494 132 21 groupements
1998 2498 61 13 corses

1590 2520 25 17 de
1628 2519 19 18 la
1660 2518 45 18 Côte
1719 2519 69 17 d’Azur
1802 2519 33 16 ont
1849 2518 81 18 réclamé
1937 2518 28 18 les
1978 2519 81 18 services

1590 2545 109 20 nocturnes,
1706 2544 43 17 tout
1757 2548 24 13 au
1789 2543 62 18 moins
1858 2547 34 14 sur
1904 2544 29 17 les
1940 2543 66 23 trajets
2018 2543 41 19 Cor-

1590 2569 80 19 se-Nice.

1613 2595 108 17 Protestent
1733 2595 65 17 contre
1806 2594 28 18 les
1844 2594 54 18 tarifs
1906 2594 72 18 actuels
1986 2596 20 17 et
2018 2599 41 13 con-

1591 2622 31 16 tre
1635 2620 28 18 les
1676 2619 151 22 augmentations
1841 2619 87 18 décidées
1936 2624 34 13 sur
1977 2620 28 18 les
2019 2620 40 22 pris

1591 2646 35 17 des
1635 2649 101 18 passagers
1745 2646 19 17 et
1772 2649 34 13 sur
1814 2645 28 17 les
1851 2645 47 18 frets
1905 2650 5 16 ;

1604 2684 5 3 .
1614 2671 117 17 Demandent
1747 2674 37 13 une
1800 2669 80 23 enquête
1888 2669 74 22 sévère,
1975 2670 84 19 relative-

1592 2696 55 17 ment
1653 2700 23 13 au
1685 2694 67 18 déficit
1759 2695 83 17 constaté
1850 2695 47 17 dans
1902 2695 29 18 les
1939 2695 46 18 frais
1993 2696 23 17 de
2025 2700 34 13 ma-

1592 2720 111 21 nutention;

1615 2745 108 18 Réclament
1731 2749 47 18 pour
1791 2744 125 23 les'passages
1924 2746 29 17 les
1966 2745 55 18 tarifs
2029 2747 30 17 des

1593 2771 85 18 chemins
1687 2770 22 18 de
1718 2770 30 18 fer
1756 2775 29 16 eu,
1795 2771 26 20 et,
1831 2772 42 16 tous
1882 2775 39 16 cas,
1930 2771 29 17 les
1968 2771 53 18 tarifs
2035 2772 24 17 le;

1593 2797 45 22 plus
1651 2795 106 18 favorables
1774 2795 95 22 pratiqués
1884 2800 34 13 sur
1930 2796 29 17 les
1973 2795 62 23 lignes
2041 2797 18 17 d(

1593 2821 95 19 Marseille
1696 2825 24 13 ou
1729 2821 26 16 du
1763 2820 49 18 Nord
1819 2820 25 18 de
1852 2820 98 23 l’Afrique,
1959 2822 72 21 compte
2038 2823 19 16 te

1594 2852 34 14 nu.
1637 2847 43 18 bien
1688 2846 89 21 entendu,
1785 2846 24 17 de
1817 2846 19 17 la
1844 2845 91 22 distance,
1940 2847 19 17 la
1967 2847 92 18 couchelh

1595 2873 54 18 ôtant
1655 2876 26 13 un
1689 2871 51 18 droit
1747 2871 72 20 absolu,
1828 2871 54 22 quels
1887 2876 38 17 que
1933 2871 59 18 soient
1997 2872 28 18 les
2031 2873 25 18 ho

1595 2897 67 21 raires;

1618 2922 93 19 S’élèvent
1719 2922 65 17 contre
1791 2921 29 18 les
1828 2921 83 19 services
1917 2923 139 18 exclusivemen

1596 2948 78 18 diurnes
1679 2952 5 16 ;

1619 2972 115 19 Demandent
1741 2972 29 18 les
1774 2972 84 18 services
1866 2974 102 17 nocturnes
1972 2978 23 13 au
2001 2975 58 17 retou.

1597 2998 51 18 de-la
1655 2997 57 18 Corse
1717 3002 6 17 ;

1618 3024 110 17 Admettent
1735 3023 18 18 le
1762 3022 72 19 service
1843 3024 22 16 de
1873 3023 53 22 jours
1933 3023 11 18 à
1951 3024 66 21 l’aller,
2026 3025 11 16 à
2049 3025 10 17 h

1597 3049 97 18 condition
1702 3052 89 18 expresse
1807 3052 37 18 que
1852 3048 28 18 les
1888 3049 70 17 heuxes
1970 3049 23 18 de
2001 3050 58 22 dépai-

1597 3079 50 17 pour
1654 3073 61 18 Baslia
1724 3074 20 17 et
1751 3078 47 17 pour
1809 3074 17 16 la
1836 3073 80 23 Baiagne
1925 3074 60 18 soient
1998 3075 51 18 fixés
2056 3076 3 16 i

1598 3099 11 18 9
1618 3100 69 17 heures
1694 3104 24 12 au
1728 3098 38 18 lieu
1771 3099 23 17 de
1801 3098 20 18 il
1831 3098 69 19 heures
1907 3101 20 16 el
1935 3099 57 20 demi,
2002 3104 57 19 excep

1598 3125 42 17 tion
1648 3124 51 20 faite,
1709 3123 88 18 toutefois
1806 3127 47 18 pour
1857 3124 18 17 le
1883 3124 94 22 déparLdu
1987 3126 72 17 samedi

1598 3149 85 18 Nice-Cal
1686 3149 17 17 vi
1710 3153 5 16 ;

1621 3177 115 20 Réclament,
1744 3176 59 22 enfin,
1810 3181 37 13 une
1854 3176 128 19 modification
1989 3179 70 22 complè

1600 3204 19 17 te
1627 3203 26 17 du
1661 3201 72 18 Comité
1744 3200 108 21 consulalif,
1858 3201 32 21 qui
1899 3201 47 18 s’est
1953 3201 62 19 révélé
2028 3204 31 17 nef

1601 3228 71 17 lement
1679 3226 110 17 au-dessous
1797 3226 24 17 de
1828 3230 22 13 sa
1858 3225 60 18 tâche.
1925 3226 25 18 Ce
1959 3226 71 19 Comité
2037 3228 22 18 de

1602 3252 50 18 vrait
1663 3251 121 22 comprendre
1798 3255 26 12 un
1832 3251 44 21 plus
1884 3252 59 21 grand
1955 3253 77 18 nombre
2047 3255 11 16 d

1601 3276 141 23 représentants
1753 3276 33 17 des
1794 3277 133 21 groupements
1936 3281 62 14 corses
2006 3280 19 16 et
2036 3279 23 18 de

1601 3301 123 20 associations
1733 3301 128 22 touristiques.

1624 3330 29 21 El,
1662 3329 116 18 convaincus
1784 3334 36 17 que
1828 3329 29 18 les
1863 3330 94 19 décisions
1963 3331 60 22 prises
2030 3333 29 18 lar

1603 3361 23 12 au
1635 3355 53 22 point
1695 3355 24 17 de
1731 3359 39 13 vue
1778 3355 33 17 des
1819 3355 54 17 tarifs
1881 3355 97 23 (passages
1986 3358 20 16 et
2010 3357 48 19 frets

1603 3381 43 21 qu’à
1654 3379 47 18 celui
1710 3380 36 17 des
1754 3379 92 21 horaires,
1854 3380 72 21 quelles
1934 3385 37 17 que
1978 3381 64 18 soient
2046 3383 13 18 1(

1604 3405 73 17 raisons
1685 3404 33 21 qui
1726 3404 28 17 les
1763 3404 32 17 ont
1803 3403 98 22 inspirées,
1909 3406 43 17 n’en
1957 3406 102 19 constitue]

1604 3434 34 18 pas
1646 3429 61 17 moins
1722 3433 26 13 un
1757 3428 70 22 régime
1842 3428 124 24 d’exception,
1981 3431 78 19 déclare)

1605 3454 158 19 solennellement
1774 3453 78 22 qu’elles
1865 3455 118 22 n’acceptent
1993 3460 34 17 pas
2044 3461 15 14 ci

1605 3479 93 18 décisions
1706 3479 21 17 et
1732 3483 42 17 que.
1783 3478 18 17 si
1809 3478 82 19 celles-ci
1898 3480 91 18 n’étaient
1993 3485 34 18 par
2034 3487 25 13 ra:

1605 3504 79 23 portées,
1694 3504 29 17 les
1731 3507 78 18 moyens
1819 3503 69 22 légaux
1896 3505 53 18 étant
1957 3505 81 22 épuisés,
2048 3500 11 24 li

1606 3531 66 18 Corses
1680 3532 23 17 de
1711 3532 20 17 la
1739 3531 44 18 Côte
1791 3531 69 18 d’Azur
1867 3533 136 22 s’opposeront,
2009 3539 25 12 an
2042 3535 17 17 hi

1606 3557 50 20 soin,
1669 3561 34 17 par
1717 3558 44 16 tous
1769 3557 63 17 autres
1842 3561 76 18 moyens
1932 3563 24 13 en
1964 3559 52 17 leurs
2029 3564 30 17 poi

1606 3581 58 21 voirs,
1673 3581 12 18 à
1692 3581 127 22 l’application
1832 3582 24 17 de
1867 3587 86 14 mesures
1961 3583 32 22 qui
2006 3584 51 18 allou

1607 3606 72 18 dissent
1688 3607 62 17 toutes
1763 3606 89 18 relations
1866 3608 139 18 commerciales
2018 3609 41 18 Nict

1607 3631 56 18 Corse
1677 3632 19 17 et
1708 3631 35 22 qui
1756 3635 24 14 ne
1792 3632 78 18 tendent
1885 3633 43 22 qu’à
1936 3633 97 19 déraciner-
2046 3635 13 18 h

1607 3656 67 18 Corses
1683 3657 22 17 de
1713 3657 19 17 la
1740 3656 76 19 Rivièra
1824 3658 24 17 de
1860 3658 42 17 leur
1910 3662 46 19 pays
1970 3659 89 23 d’origine

2103 328 116 18 Demandent
2226 328 10 17 à
2245 327 52 18 leurs
2306 326 41 18 élus
2356 327 23 18 de
2388 328 72 18 donner
2468 329 42 19 leur
2518 334 29 18 dé-

2079 353 78 18 mission
2167 352 96 19 collective
2271 352 16 17 si
2297 351 118 19 salisfaclion
2426 358 22 13 no
2464 355 42 18 leur
2520 362 27 16 est

2078 382 32 17 pas
2119 378 95 18 accordée.
2224 384 10 10 »

2098 402 34 18 Cet
2139 404 55 17 ordre
2202 403 24 17 du
2235 402 42 23 jour
2285 403 30 17 est
2328 402 45 18 voté
2387 407 22 13 au
2425 403 65 19 milieu
2504 407 41 21 d’un

2077 428 139 17 enthousiasme
2224 427 80 23 général.

2097 453 25 17 Le
2130 453 97 22 président
2235 452 77 19 Carlolti
2327 452 42 18 lève
2385 453 16 16 la
2414 453 67 19 séance
2494 458 52 20 après

2076 477 53 18 avoir
2137 477 35 18 fait
2180 479 77 21 adopter
2265 478 28 18 les
2309 479 70 16 termes
2392 478 44 17 d’un
2451 478 96 24 télégram-

2077 507 28 14 me
2118 502 134 19 circonstancié
2266 503 77 18 adressé
2355 507 38 13 aux
2408 503 138 24 représentants

2076 528 23 17 de
2106 528 17 17 la
2132 527 57 19 Corse
2197 533 22 12 au
2229 528 56 18 Sénat
2294 528 20 18 et
2321 528 11 17 à
2342 528 17 17 la
2368 528 93 17 Chambre
2474 529 33 19 des
2516 532 31 18 dé-

2076 558 24 17 pu
2105 553 34 17 tés.

2098 575 25 18 Ce
2132 575 121 23 télégramme
2261 576 30 17 est
2298 575 50 18 ainsi
2358 579 57 16 conçu
2424 579 4 12 :

2098 606 9 10 <r
2115 600 42 18 MM.
2174 601 78 22 Landry,
2272 600 114 23 Pierangoli,
2400 599 66 22 Pielri,
2482 602 66 20 Rocca-

2077 629 57 16 serra,
2144 625 79 22 dépulés
2231 626 22 16 de
2261 626 19 16 la
2288 625 58 17 Corse
2352 625 10 16 à
2368 624 54 17 Paris
2428 629 5 16 ;
2442 624 49 23 Sari,
2501 627 46 20 l)ou-

2076 653 46 16 mer,
2135 648 87 22 Giordan,
2237 649 105 18 sénateurs.
2357 649 35 18 Les
2405 648 67 20 Corses
2486 652 23 17 de
2526 654 17 18 la

2076 673 75 18 Itiviera
2165 675 23 16 de
2201 674 69 18 Toulon
2284 675 11 16 à
2309 674 76 17 Menton
2400 674 64 18 réunis
2478 676 11 17 à
2497 676 48 23 Nice,

2076 699 54 22 après
2138 699 56 18 étude
2203 700 37 18 très
2247 699 84 18 sérieuse
2337 700 34 17 des
2379 699 104 20 conditions
2488 702 25 18 fai
2516 704 27 18 les

2076 729 37 12 aux
2123 729 104 18 voyageurs
2235 724 114 20 Nice-Corse,
2365 725 40 17 tant
2421 729 23 13 au
2459 726 55 21 poinl
2525 730 21 18 de

2076 754 38 13 vue
2122 750 33 17 des
2164 749 83 19 horaires
2255 754 37 17 que
2301 750 33 17 des
2344 749 62 22 tarifs,
2415 750 97 19 déclarent
2519 758 27 14 so-

2077 774 245 23 lennellement.n’accepter
2337 774 18 18 ni
2370 775 85 18 horaires
2471 776 75 21 diurnes

2077 804 23 13 au
2106 800 65 17 retour
2179 800 19 17 ni
2204 800 140 23 augmentation
2354 799 82 23 projetée
2443 800 59 22 qu’ils
2507 807 40 14 con-

2077 824 84 19 sidèrent
2177 829 70 14 comme
2259 830 38 13 une
2315 825 91 21 brimade,
2425 826 19 17 et
2460 826 87 21 décident

2077 850 116 22 d’organiser
2203 850 67 23 auprès
2278 851 24 17 de
2311 850 51 18 leurs
2371 851 133 22 compalriolcs
2513 858 34 14 une

2078 874 103 19 résistance
2190 880 32 17 par
2229 877 40 16 tous
2278 876 28 17 les
2313 879 77 18 moyens
2396 880 5 16 ;
2408 875 85 19 invitent
2497 877 50 20 leurs

2079 900 139 21 représentants
2225 901 10 17 à
2242 900 106 18 intervenir
2356 900 16 18 si
2389 900 112 23 nécessaire,
2517 908 31 17 par

2078 925 150 22 interpellations
2233 926 125 17 coordonnées
2365 927 51 20 et,au
2425 930 31 13 cas
2465 930 23 13 ou
2496 929 53 18 satis-

2078 949 71 18 faction
2159 955 23 12 ne
2191 950 56 18 serait
2255 955 32 18 pas
2293 951 79 21 donnée,
2380 951 23 17 de
2408 951 72 22 quitter
2485 952 19 17 la
2510 954 36 17 sal-

2079 975 17 17 le
2104 976 34 16 des
2147 975 76 18 séances
2231 977 24 20 et,
2265 980 23 13 au
2294 976 67 19 besoin
2370 977 24 16 de
2408 977 73 17 donner
2495 978 50 19 leurs

2078 999 119 20 démissions.

2099 1024 70 23 Signé:
2179 1025 83 22 CarloLli,
2273 1026 63 22 Perès,
2346 1027 101 21 Padovani,
2455 1031 48 18 pour
2514 1028 33 19 Ni-

2079 1054 31 17 ce;
2121 1051 100 18 Giudiceili
2230 1056 46 17 pour
2284 1052 76 18 Menton
2369 1057 4 12 :
2385 1052 66 18 Bereni
2461 1057 48 17 pour
2513 1054 36 18 An-

2081 1075 47 18 tibes
2135 1080 4 16 ;
2166 1076 62 18 Orsini
2245 1081 46 18 pour
2308 1077 80 21 Grasse;
2404 1077 110 19 Muraccioli
2529 1082 17 16 et

2078 1100 108 19 Maestracci
2195 1106 45 17 pour
2246 1101 83 22 Cannes;
2340 1102 99 18 Salvarelli
2449 1107 48 18 pour
2505 1104 42 18 Dra-

2079 1125 83 23 guignan
2170 1131 5 16 ;
2185 1126 104 19 Panlalacci
2298 1132 49 17 pour
2357 1127 78 18 Toulon.

2079 1169 35 19 In
2122 1169 110 20 Eastia

2104 1210 9 11 «
2121 1205 81 18 L’Union
2221 1206 161 22 Départementale
2400 1208 34 17 des
2447 1207 101 24 Syndicats

2080 1230 87 18 ouvriers
2175 1232 24 17 de
2206 1231 17 18 la
2232 1231 63 22 Corse,
2305 1232 55 18 émue
2368 1233 24 18 de
2400 1233 17 17 la
2423 1234 89 18 nouvelle
2519 1236 29 17 dé-

2081 1255 60 19 cision
2150 1258 177 20 gouvernementale
2336 1258 78 18 tendant
2422 1259 10 17 à
2440 1262 110 19 augmenter

2081 1282 27 17 les
2117 1281 56 18 tarifs
2182 1282 103 19 maritimes
2295 1284 55 17 entre
2364 1284 19 17 le
2392 1283 101 19 Continent
2501 1286 19 17 et
2532 1287 17 17 là

2082 1306 61 22 Corse,

2103 1331 123 19 Considérant
2234 1337 35 18 que
2278 1334 49 17 celle
2336 1333 83 18 décision
2429 1335 122 19 entraînerait

2081 1356 158 22 infailliblement,
2253 1362 34 17 par
2294 1358 139 22 répercussion,
2449 1364 39 13 une
2502 1365 48 14 nou-

2082 1381 49 18 velle
2139 1382 142 22 augmentation
2289 1383 27 17 du
2324 1383 45 18 coût
2378 1384 23 17 de
2408 1384 19 17 la
2436 1384 32 18 vie
2476 1390 24 13 en
2509 1386 41 18 Cor-

2082 1410 26 17 se,
2118 1406 47 17 dont
2171 1407 19 16 la
2198 1407 59 18 classe
2265 1408 91 18 ouvrière
2364 1409 59 17 serait
2431 1413 72 15 comme
2512 1412 39 17 tou-

2081 1431 52 22 jours
2139 1431 20 18 ia
2167 1432 42 21 plus
2217 1432 86 23 atteinte,

2103 1454 87 18 Proteste
2203 1454 155 24 énergiquement
2376 1458 65 17 contre
2455 1458 19 18 le
2490 1459 61 22 projet

2082 1479 157 22 d’augmentalion
2247 1482 20 16 et
2275 1486 72 17 engage
2355 1486 35 13 nos
2398 1483 154 22 parlementaires

2081 1504 11 17 à
2106 1504 42 22 agir
2165 1504 159 20 immédiatement
2337 1507 24 18 de
2374 1508 20 17 Ja
2406 1508 54 21 façon
2474 1509 19 18 la
2508 1511 43 21 plus

2082 1529 102 23 énergique
2191 1530 65 23 auprès
2265 1532 33 17 des
2307 1532 94 19 membres
2409 1534 26 17 du
2448 1538 105 18 gouverne-

2082 1556 53 16 ment
2146 1559 49 18 pour
2210 1561 36 16 que
2260 1558 50 17 celte
2327 1557 84 19 décision
2429 1563 24 14 ne
2467 1560 38 18 soit
2518 1565 33 17 pas

2083 1579 126 19 maintenue.»

2103 1606 16 17 A
2128 1605 66 19 l’issue
2202 1607 22 17 de
2233 1612 20 13 sa
2261 1607 81 19 réunion
2351 1610 56 17 tenue
2415 1610 93 18 vendredi
2513 1611 38 18 soir

2083 1635 23 13 au
2115 1631 53 23 siège
2175 1632 24 17 de
2206 1632 18 17 la
2232 1632 78 19 Société,
2319 1634 19 17 le
2347 1634 70 18 bureau
2426 1635 23 18 de
2457 1636 19 17 ia
2491 1635 61 19 Socié-

2084 1656 17 18 té
2117 1656 57 19 Corse
2187 1661 47 18 pour
2247 1658 19 17 la
2277 1659 78 18 défense
2369 1660 26 17 du
2408 1660 115 23 Commerce,
2540 1667 11 12 a

2083 1682 76 17 adressé
2166 1682 11 17 à
2185 1682 24 18 M.
2217 1682 98 24 Poincaré,
2328 1684 102 19 Président
2436 1686 25 17 du
2471 1686 80 22 Conseil,

2083 1707 18 18 le
2110 1707 120 22 télégramme
2239 1709 87 18 suivant:

2105 1738 9 10 «
2122 1732 74 19 Société
2209 1733 54 18 Corse
2277 1739 48 17 pour
2333 1735 20 18 la
2366 1736 78 18 Défense
2459 1737 25 17 du
2500 1736 52 19 Com-

2083 1762 62 13 merce
2155 1757 46 19 lient
2210 1759 10 17 à
2229 1759 97 19 s'associer
2340 1761 12 17 à
2360 1761 150 22 représentation
2524 1763 29 18 in-

2083 1783 71 18 sulaire
2162 1788 54 17 reçue
2221 1789 33 17 par
2262 1789 48 14 vous
2325 1790 49 18 pour
2382 1788 94 21 protester
2489 1790 63 17 conli-e

2083 1809 140 22 augmentation
2242 1810 109 19 accablante
2373 1812 55 18 tarifs
2441 1813 110 19 maritimes.

2082 1834 115 18 Sentiments
2204 1837 225 23 respectueux.—LUIGI,
2435 1838 116 19 Président».

2104 1859 164 23 «...Considérant,
2286 1866 36 18 que
2338 1863 29 18 les
2381 1863 122 23 majorations
2519 1865 33 17 des

2083 1885 53 18 tarifs
2149 1885 81 22 prévues
2244 1891 46 18 pour
2298 1888 28 17 les
2341 1888 62 23 lignes
2414 1890 107 18 maritimes
2529 1890 22 18 de

2081 1910 19 17 la
2105 1909 63 23 Corse,
2175 1915 21 14 se
2203 1912 123 21 rapprochent
2331 1914 26 17 du
2362 1914 108 19 coefficient
2476 1914 17 22 8,
2503 1916 49 17 alors

2082 1940 35 17 que
2125 1936 57 18 celles
2191 1937 86 22 appliqué
2285 1942 38 13 aux
2331 1938 80 19 réseaux
2420 1940 61 18 ferrés
2489 1945 26 14 ne
2522 1941 31 18 dé-

2082 1963 77 20 passent
2166 1965 33 18 pas
2206 1962 18 17 le
2232 1962 107 18 coefficient
2351 1963 20 21 4;

2103 1983 123 18 Considérant
2234 1985 48 17 ainsi
2288 1990 37 17 que
2333 1986 20 17 le
2361 1986 29 17 dit
2397 1987 18 17 la
2424 1986 93 19 Chambre
2530 1989 23 16 de

2083 2008 107 18 Commerce
2198 2010 22 17 de
2228 2010 69 17 Bastia,
2307 2011 48 17 dans
2363 2015 21 13 sa
2393 2011 123 18 délibération
2528 2013 25 16 du

2083 2033 21 17 27
2117 2033 49 18 avril
2174 2033 52 22 1929,
2237 2039 36 17 que
2281 2040 48 17 pour
2337 2036 19 17 ia
2363 2035 63 23 Corse,
2435 2037 18 17 la
2461 2037 44 18 voie
2513 2042 41 13 ma-

2084 2058 62 18 ritime
2155 2059 40 17 doit
2202 2059 39 18 être
2248 2060 109 18 considérée
2370 2065 71 14 comme
2449 2062 20 17 le
2481 2063 72 21 prolon-

2083 2085 76 20 gement
2167 2084 25 17 du
2200 2083 35 18 rail
2242 2086 19 16 et
2269 2085 23 17 de
2298 2085 19 17 la
2322 2086 54 17 route
2383 2091 5 15 ;

2105 2105 123 19 Considérant
2238 2107 54 22 qu’en
2304 2108 90 22 présence
2402 2110 24 17 de
2436 2109 19 18 la
2463 2110 90 18 situation

2084 2131 120 23 économique
2211 2133 23 17 de
2240 2134 53 17 notre
2302 2133 133 23 département,
2442 2135 14 18 il
2465 2140 24 13 ne
2498 2136 57 18 serait

2085 2161 32 18 pas
2125 2157 94 22 équitable
2224 2158 23 17 de
2254 2158 48 18 faire
2316 2161 101 21 supporter
2425 2165 37 13 aux
2476 2166 79 18 usagers

2084 2182 18 17 le
2110 2182 64 18 déficit
2184 2184 22 16 de
2213 2183 146 23 l’exploitation;
2368 2190 37 17 que
2413 2186 56 17 i’Etal
2481 2186 74 18 devrait

2085 2208 80 21 prendre
2172 2208 11 17 à
2192 2212 20 13 sa
2220 2208 67 23 charge
2301 2211 50 17 cette
2359 2210 87 23 dépense,
2461 2216 72 13 comme
2541 2211 13 18 il

2086 2233 16 17 le
2111 2232 35 18 fait
2155 2237 22 13 en
2187 2233 70 18 lotahlé
2266 2239 47 17 pour
2320 2235 29 18 les
2358 2237 63 17 roules
2430 2238 18 16 et
2457 2241 24 13 en
2496 2237 58 22 partie

2085 2262 47 18 pour
2139 2258 29 18 les
2176 2259 83 18 chemins
2268 2260 23 17 de
2296 2260 30 17 fer
2332 2265 5 12 :

2106 2280 92 19 Estimant
2206 2282 69 21 qu’une
2284 2283 43 18 telle
2336 2288 82 17 mesure,
2425 2285 79 17 rendant
2513 2285 41 22 plus

2085 2305 91 19 difficiles
2184 2311 54 14 Sinon
2246 2307 120 22 impossibles
2375 2310 28 17 les
2412 2310 92 18 relations
2513 2315 41 13 nor-

2086 2329 120 21 males'enlrc
2213 2332 18 18 la
2240 2332 55 19 Corse
2304 2335 20 16 et
2331 2334 20 18 le
2364 2334 109 22 Conlinenl,
2488 2337 31 16 est
2532 2336 23 17 de

2086 2357 67 17 nature
2161 2357 11 17 à
2180 2361 97 15 consacrer
2290 2359 20 17 la
2323 2359 56 18 ruine
2394 2360 122 23 économique
2529 2361 25 18 du

2086 2381 63 22 départ
2152 2385 60 15 emenl
2219 2387 5 17 ;

2107 2406 36 18 Par
2152 2411 31 14 ces
2192 2408 68 21 motifs,
2270 2409 17 18 le
2301 2409 75 19 Conseil
2386 2411 102 22 municipal
2503 2411 52 18 élève

2088 2436 36 13 une
2132 2431 103 24 énergique
2243 2435 124 20 protestation
2376 2437 66 17 contre
2456 2437 28 18 les
2499 2437 56 22 majo-

2087 2457 73 18 rations
2168 2457 34 18 des
2210 2458 54 19 tarifs
2272 2460 100 21 proposées
2381 2465 34 17 par
2427 2462 18 17 le
2454 2466 103 18 gouverne-

2087 2483 51 17 ment
2146 2483 20 17 el
2173 2483 86 22 adoptées
2268 2489 33 17 par
2309 2485 18 17 le
2336 2485 71 19 Comité
2413 2485 107 20 Consulalif
2525 2488 31 21 qui

2087 2508 46 17 s’est
2140 2509 74 17 montré
2221 2514 35 17 peu
2265 2510 92 18 soucieux
2364 2512 25 17 de
2401 2512 18 17 la
2433 2512 78 19 défense
2524 2514 32 17 des

2087 2533 81 18 intérêts
2176 2534 23 17 de
2205 2534 18 17 la
2232 2533 54 19 Corse
2292 2540 6 16 ;

2108 2558 54 18 Emet
2169 2559 18 18 le
2196 2564 41 13 voeu
2245 2565 37 17 que
2289 2561 57 18 l’Etat
2352 2566 73 18 prenne
2432 2563 11 17 à
2451 2567 22 14 sa
2487 2564 69 22 charge

2088 2584 16 17 le
2113 2583 65 19 déficit
2186 2587 101 20 provenant
2295 2586 24 19 de
2334 2587 138 23 l’exploitation
2486 2590 24 17 de
2523 2593 33 14 nos

2088 2609 83 18 services
2178 2611 109 18 maritimes.
2293 2618 9 10 »

2233 2687 175 50 Motte

2115 2767 14 17 U
2138 2767 40 18 sole
2188 2773 10 12 c
2206 2768 65 22 ciottu,
2280 2775 10 12 c
2297 2771 5 16 l
2310 2771 39 18 eriii
2360 2773 51 17 torna
2421 2777 67 14 oscura
2495 2777 5 16 ;

2091 2792 57 18 ì’ianu
2159 2793 15 17 si
2184 2795 85 22 sperghie
2278 2801 10 12 a
2297 2796 93 22 nebbia,e
2398 2802 11 13 i:
2420 2803 20 12 so
2448 2797 97 19 mantellü’

2111 2817 51 19 Sfaia
2170 2819 23 17 da
2202 2819 16 18 la
2227 2822 101 22 munlagua
2337 2827 10 12 a
2357 2822 16 18 la
2384 2823 77 22 pianura
2468 2833 21 4 —

2112 2856 19 18 Si
2139 2858 93 19 cunfondc
2239 2860 18 17 lu
2267 2860 69 19 debbiu
2346 2866 11 13 e
2365 2861 17 18 la
2392 2862 77 19 virdura
2476 2868 5 15 ;

2112 2882 63 23 Cagüa
2185 2889 10 12 e
2203 2889 51 14 cerca
2263 2885 89 23 l’agroltu
2360 2888 68 21 questu
2435 2892 10 13 e
2453 2888 73 22 quellu,

2112 2907 34 18 Chi
2157 2909 46 21 cala,
2212 2915 22 12 eu
2244 2910 16 17 la
2270 2912 60 20 notte,
2341 2913 17 17 la
2367 2913 87 18 friscura.

2113 2947 56 22 Eppo’
2179 2948 15 18 si
2203 2948 39 19 face
2250 2950 45 18 folia
2305 2951 18 17 la
2329 2951 98 23 bughiura

2113 2971 81 20 Ch’unsi
2203 2979 62 18 scoige
2274 2980 10 12 a
2294 2977 29 16 Ire
2332 2977 57 21 palmi
2397 2978 23 17 da
2430 2983 11 12 u
2450 2978 91 22 purtellu,

2113 2997 13 18 E
2134 2998 20 17 di
2164 3003 10 12 u
2186 2999 38 17 fora
2233 2999 14 18 si
2257 3001 57 20 perde
2322 3002 43 21 ogni
2375 3003 79 18 misura.

2114 3038 13 17 A
2136 3037 87 23 ceghetta
2232 3039 15 17 si
2255 3040 46 17 cola,
2312 3045 10 13 e
2330 3045 11 13 a
2351 3041 15 18 si
2375 3046 78 14 sussura

2114 3064 14 16 A
2138 3063 126 19 funtaniccbia
2273 3066 73 18 nentr'a
2356 3071 10 13 u
2377 3067 103 23 vaglinellu

2115 3087 33 18 Chi
2158 3089 19 16 di
2185 3090 60 17 strada
2253 3094 11 13 o
2273 3090 18 17 <ii
2301 3091 127 20 luoeeunn’ha
2436 3093 91 22 primura.

2116 3127 65 18 Pressa
2190 3128 71 18 l’enima
2268 3134 54 17 persa
2330 3131 105 19 l’audalura

2116 3151 13 18 E
2136 3157 54 13 cerca
2199 3158 10 12 u
2218 3154 97 22 spampillà
2323 3156 19 17 di
2349 3156 123 22 uluminellu,

2117 3177 65 18 Perchi
2191 3184 9 11 a
2209 3180 50 17 notte
2268 3179 16 18 ci
2293 3180 54 19 (là....
2356 3186 61 13 sonnu
2427 3187 10 13 e
2445 3187 59 18 peura
2511 3182 4 18 !

2367 3214 29 19 A.
2402 3215 23 18 F.
2433 3215 104 18 Tristani.

2122 3595 20 4 —
2151 3586 143 24 S’ammenderà,
2305 3589 136 18 s’ammenderà
2448 3588 41 17 ’ssu
2497 3584 66 19 Fressi-

2099 3611 73 22 neghiu
2180 3612 23 22 pè
2210 3612 7 18 i
2226 3614 25 17 so’
2259 3615 68 21 prezzi,
2337 3619 11 13 o
2356 3610 137 26 Jasepp’Anto?

2121 3645 23 4 —
2154 3637 102 22 Dipenderà
2271 3639 18 18 di
2304 3645 12 12 a
2329 3639 91 18 funicella
2433 3637 19 18 di
2467 3633 95 22 MariannaJ

2099 3661 55 19 s’ella
2160 3663 59 18 slinza
2228 3668 11 13 o
2246 3668 32 18 no,
2287 3669 43 13 cara
2341 3667 103 18 cumpagna
2451 3662 5 19 !
