2646 3840
225 539 140 48 Letlera
379 558 22 15 «
417 540 115 47 Inviïu

402 618 15 18 A
426 623 13 13 u
447 618 137 23 Samp.elracciu

104 652 88 25 T’ogliu
200 652 80 24 scrive,
291 658 13 14 o
311 651 86 24 Jannè,
406 657 31 14 un
446 650 109 20 letterinu
561 657 9 15 ;

101 684 49 22 Ma,
158 687 61 22 pocu
226 684 27 20 sô
261 686 46 21 cap
307 689 16 13 a
323 689 26 14 ce
356 689 17 13 a
381 682 92 25 ’sprime
481 688 16 13 a
504 681 65 24 gioia
575 688 9 13 :

104 715 39 20 C’è
151 717 58 18 natu
218 720 31 13 un
258 713 127 24 magnificu
393 712 79 20 cininu
478 718 10 16 ;

104 746 31 20 Di
142 753 16 13 u
164 744 107 27 fuculare
279 744 95 19 caccerà
383 743 24 20 la
416 742 63 20 noia.

101 773 23 25 È
130 774 128 27 tranquillu
269 774 45 19 ’ssu
322 774 47 20 bel’
377 773 209 24 bianchisgiulone,

105 809 93 21 Grassu,
207 805 38 20 chi
250 804 56 25 face
314 810 48 14 una
369 803 68 25 palla
446 804 28 19 cli
480 804 51 19 sein
538 811 6 17 ;

102 839 35 20 Mi
144 838 82 21 dicenu
234 834 50 21 ch’è
293 841 31 13 un
332 834 57 20 beru
400 834 165 24 Orsacchione,

102 870 42 20 Ma
152 875 16 14 a
177 874 35 14 me
219 872 50 14 nun
277 865 34 20 mi
315 869 61 20 pare
384 867 37 18 fut
421 868 25 17 tu
455 866 62 20 meiu
522 873 9 15 ;

102 901 19 20 A
131 899 34 21 so’
173 903 39 16 ma
212 903 45 13 mm
258 903 16 13 a
283 903 30 13 ne
321 896 50 20 vole
376 896 44 24 più
432 896 43 20 che
480 900 67 22 perte

101 943 25 4 —
134 931 20 20 A
165 927 103 22 trascinà
277 926 45 20 ’ssu
329 929 84 22 pezzu,
423 929 32 18 cê
462 928 96 21 bulsutu
564 928 12 21 !
580 940 23 5 —

101 961 23 20 E
128 964 84 16 mancu
217 961 74 21 possu
299 964 49 14 esse
356 957 151 25 dispiaciutu,

100 991 28 20 Si
133 989 86 21 strintu
227 988 25 20 lu
259 989 23 19 si
290 991 51 17 tene
350 989 37 20 ’ne
395 992 99 18 cuverte.

98 1021 72 20 Petru
178 1020 128 20 Dumenicu
313 1020 104 27 Ruggier
429 1021 128 23 chiamatu,

100 1050 89 27 Quand
187 1057 15 13 u
208 1051 42 24 più
259 1051 65 19 tardi
330 1051 22 20 si
359 1052 142 24 battizzerà,

99 1083 39 20 Da
143 1085 36 21 pu
179 1083 23 18 et
201 1088 17 13 a
226 1088 16 13 u
250 1088 30 13 vu
281 1088 14 13 r
295 1082 19 19 ri
315 1088 16 13 a
340 1083 57 20 vede
402 1086 48 22 pur
450 1085 26 18 ta
477 1086 26 18 tu
510 1090 8 16 ;

97 1113 19 20 A
126 1118 122 17 cummare,
259 1119 14 13 o
280 1113 85 24 Jannè,
374 1114 22 20 si
403 1114 110 21 circherà.

98 1143 108 21 Scusami
212 1143 43 20 s’io
263 1144 27 19 sò
299 1147 71 21 cortu,
380 1144 45 23 chi,
434 1145 101 24 malatu,

99 1175 34 19 Un
141 1174 24 20 si
171 1174 95 24 ripiglia
271 1174 44 25 più
323 1175 80 25 quella
411 1176 64 20 salut
475 1183 14 13 e
494 1183 10 16 ;

96 1205 22 20 E
124 1211 66 14 muse
197 1211 29 13 ne
233 1208 98 18 restanu
337 1207 72 23 guasi
415 1209 89 18 mute...

95 1236 111 20 Avertine
214 1242 13 13 e
234 1236 82 20 saluta
325 1243 15 13 u
348 1237 111 21 vicinatu.

346 1273 95 22 L'Orsu
453 1273 126 23 d’Orezza.

175 1345 165 57 Risposls
356 1365 22 15 =
395 1347 174 48 Cunsentu

96 1425 59 21 Ghià
165 1425 66 21 ch’un
239 1426 23 20 si
267 1427 32 24 pò
307 1426 26 20 di
341 1433 30 14 no
377 1430 45 21 per
428 1428 155 24 cumparizia,

93 1456 66 24 (Cusi
168 1456 23 20 ci
197 1457 66 20 deita
272 1457 26 20 lu
306 1459 103 19 custume
417 1458 79 21 corsa)

92 1488 97 19 Accettu
196 1488 66 19 st’ait
261 1494 29 13 ru
298 1494 30 14 no
328 1488 31 20 du
368 1488 142 24 d’amicizia,

92 1518 23 20 E
120 1518 33 20 da
161 1518 132 20 babbucciu
299 1518 117 26 feraghiu,
424 1520 47 20 car’
482 1520 68 21 Orsu.

94 1548 86 27 Quella
188 1550 152 20 mammuccia
348 1550 40 20 chi
394 1553 25 17 tu
428 1551 141 22 brameristi,

95 1580 35 20 Un
136 1580 34 24 pò
178 1580 146 23 manch’ella,
335 1580 104 21 diamine
443 1582 12 19 !
462 1585 129 20 scunsente,

93 1611 73 20 Posta
174 1611 49 20 ch’è
231 1611 133 20 incatinata
373 1618 15 13 a
397 1611 20 20 li
423 1613 107 22 cursisti;

92 1641 61 21 Face
161 1641 47 24 chi,
217 1642 135 23 tramindui,
362 1642 20 20 ti
385 1645 59 18 stem
444 1649 16 14 u
468 1650 17 13 a
493 1646 72 18 sente.

91 1673 42 19 Ma
142 1674 62 18 tuttu
211 1679 48 13 nun
267 1673 125 25 s’arreghie
400 1674 40 24 gui
449 1673 95 25 l'affare
550 1681 9 13 :

91 1703 23 21 E
119 1703 93 25 l’asgiu,
222 1710 13 13 o
246 1703 126 21 Orsacchiò
376 1704 12 20 ?
398 1705 44 20 Sai
448 1705 31 20 bè
486 1706 41 19 chi
533 1706 41 20 noi

94 1734 67 20 Simu
169 1735 39 24 qui
217 1741 16 13 a
241 1734 26 20 la
275 1735 86 25 coppia
370 1742 64 14 cume
443 1736 11 20 i
460 1736 43 20 boi

94 1764 22 21 E
122 1765 40 20 chi
169 1772 13 13 e
187 1765 96 25 jurnate
291 1766 23 19 ci
319 1766 27 20 sô
354 1768 60 18 tutte
420 1770 68 21 pare.

94 1796 71 20 Cerca
174 1796 94 26 dunque
275 1796 90 25 l’epuca
374 1797 166 23 cumbeniente,

92 1826 22 21 E
118 1828 24 19 si
147 1827 122 24 spiccherà
278 1834 32 13 un
317 1828 65 20 saltu
389 1828 25 20 in
425 1828 175 26 Castagniccia.

97 1858 70 20 Cume
174 1858 85 22 salute,
269 1858 65 25 quici
340 1858 19 20 li
365 1859 129 25 s'impiccia
497 1866 10 17 ;

93 1888 26 20 Ti
125 1895 30 14 ne
160 1892 76 22 pregu
243 1889 140 21 altrettantu
391 1897 28 13 eu
427 1897 16 13 a
452 1891 30 20 to'
488 1891 71 25 fente.

371 1926 23 21 U
405 1926 199 26 Sampetracciu.

535 1998 52 18 —Ma
591 1999 82 19 tutti’ssi

512 2024 48 18 soldi
586 2024 51 22 spesi
652 2024 21 18 in

511 2049 87 21 pulitica,
624 2050 48 21 quai’

511 2074 83 17 diamine
612 2074 8 17 i
638 2079 36 17 pa-

511 2099 61 21 gherà
579 2098 10 18 ?

533 2136 23 4 —
564 2126 41 18 Deh
613 2126 60 22 quelli

510 2152 129 17 chiitoccanu
647 2151 6 18 !
658 2151 15 18 E

510 2182 25 13 eu
560 2176 112 22 l’interessi,

510 2206 48 14 ancu
563 2201 5 18 !

195 2279 152 31 Pedcme
370 2278 176 32 Muvrinu

86 2339 105 19 PACCIONI
201 2348 23 4 —
231 2339 82 18 Averete
321 2339 51 17 lettu
380 2338 32 18 “A
419 2338 76 18 Baretta
503 2337 86 23 Misgia”.

87 2373 114 19 SERAFINU
212 2382 23 4 —
243 2372 134 23 Tantu,piazza
385 2377 26 12 un
420 2372 17 18 ci
446 2376 24 14 ne
479 2376 39 13 era.

87 2408 24 18 V.
119 2407 23 19 G.
151 2417 23 3 —
183 2408 16 17 A
206 2407 49 17 mau’
264 2406 20 18 di
293 2406 35 18 Diu
335 2406 5 18 !
348 2406 25 18 Yi
381 2406 65 18 scrivu
455 2406 82 17 dumane
545 2406 108 18 senz’altru.

87 2441 26 19 M.
121 2450 24 4 —
154 2441 35 18 Chi
194 2440 28 19 c’è
227 2439 9 19 ?
245 2440 62 18 Ch’un
315 2440 28 18 c’è
348 2439 10 19 ?

86 2474 177 23 V.P.Lumhrïgone
271 2474 26 18 ha
305 2479 11 13 a
323 2479 49 17 pena
379 2474 20 17 in
407 2473 108 23 corpu.Avà
523 2473 42 23 gira
573 2473 7 18 i
588 2472 86 23 carrughj

65 2501 109 17 hriunendu
181 2505 5 13 :
195 2500 62 18 «Vive
265 2500 19 17 la
293 2500 70 18 France
369 2499 6 17 !
381 2505 9 11 »
397 2499 74 18 Poveru
479 2498 5 18 !
500 2498 94 19 Cum’ellu
607 2498 68 18 finisce

68 2526 55 18 male.

88 2559 107 19 BASTIANI
202 2568 23 4 —
233 2559 16 17 A
263 2560 66 17 nostra
342 2558 57 18 unn’è
414 2563 52 13 razza
479 2559 45 17 nala
537 2557 24 23 pè
569 2562 11 13 a
593 2557 80 19 servitù.

66 2584 78 23 Sempre
151 2584 69 18 altenti
227 2584 5 18 !

89 2618 127 18 GRASSELLI
224 2627 23 3 —
255 2617 23 18 Vi
295 2617 99 17 mandemu
409 2616 56 23 oghie
478 2622 13 12 u
504 2617 91 17 mandatu
604 2616 71 22 chèque

68 2648 11 17 p
81 2648 23 13 us
106 2644 37 17 taie
151 2647 11 14 e
169 2642 21 19 vi
198 2642 135 23 ringraziemu.

711 537 122 22 Lettera
837 541 99 20 d'Indo
941 543 76 20 Gina

735 607 167 21 Cum’ell’accende
910 611 20 17 lu
938 612 40 18 sole

734 633 20 17 In
763 634 29 17 sle
800 636 89 17 cuntrale
900 641 95 18 speperse,

732 657 26 18 Mi
767 660 55 17 sentu
830 662 83 17 accende
920 662 21 17 lu
950 667 45 13 core

731 682 100 20 Pensendu
840 690 11 12 a
858 686 83 18 l’annate
954 692 61 17 perse,

732 707 79 20 VissuLe
818 710 43 18 cusi
868 711 82 18 luntanu

708 731 28 18 Da
741 734 102 20 quellache
848 735 75 18 chiamu
929 736 21 18 in
958 742 56 13 vanu.

731 786 80 22 Ughetla
818 787 5 18 !
832 788 27 18 Lu
867 790 67 17 voslru
945 794 55 14 nome

708 811 99 23 Mibrugia
815 815 199 21 quandeuprununziu

731 836 74 23 Rivegu
813 838 19 18 le
840 840 65 16 vostre
913 839 80 22 chiome,

708 861 14 18 E
729 862 5 17 i
740 862 97 23 hell’occhj
844 868 10 13 a
860 864 155 22 quell’annunziu

730 887 23 17 Di
762 892 11 12 a
781 889 66 17 nostra
852 890 60 17 cruda
919 890 96 17 slaccanza

730 911 35 18 Chi
773 912 18 18 ci
799 913 59 18 misse
867 919 11 12 a
887 914 26 17 tal
922 915 91 17 distanza.

728 965 29 18 Un
766 966 17 17 ci
792 970 59 14 eranu
859 967 74 18 bastale

728 990 59 18 Tante
794 991 36 18 Iite
838 996 24 13 eu
872 992 7 17 i
886 992 74 22 parenti
968 992 4 17 !

727 1015 58 18 Tante
792 1020 69 18 penose
865 1016 75 23 jurnate
1007 1019 5 19 I

705 1038 37 19 Chi
755 1041 30 17 no’
791 1045 114 18 passavamu
913 1042 21 18 in
943 1042 61 22 pienti

728 1066 68 18 Aviate
804 1067 24 17 da
836 1068 62 21 parle,
907 1072 12 13 o
927 1068 55 22 fiore,

727 1090 38 18 Per
773 1091 81 19 l’Africa
862 1092 111 22 d’Equatore
980 1093 5 17 !

728 1147 37 18 Era
772 1148 68 18 durala
847 1149 34 17 dui
889 1149 45 18 anni

728 1172 81 19 L’amala
817 1174 161 22 frequenlazione,

727 1197 29 18 Un
765 1199 126 21 suspetlendu
899 1199 8 17 i
912 1200 83 17 malanni

727 1222 23 18 Di
758 1223 39 17 taie
806 1224 129 21 separazione,
956 1227 4 3 '

726 1247 110 19 Cunfidenti
844 1248 53 18 ind’u
905 1250 62 17 calore

703 1271 23 18 Di
734 1272 21 18 lu
763 1274 65 17 nostru
838 1273 83 19 schieltu
929 1279 70 13 amore.

725 1326 90 23 Partiste,
825 1332 11 13 e
841 1327 57 22 partii
907 1328 87 18 anch’eiu

725 1351 96 19 Mettendu
827 1357 27 13 un
860 1353 70 17 mondu
936 1353 29 17 fra
970 1353 39 22 noi;

725 1376 16 18 U
749 1377 38 18 miô
796 1378 74 21 penser’
879 1378 39 18 er’a
925 1378 31 18 voi

725 1401 15 18 E
747 1402 22 17 lu
776 1404 68 16 vostru
852 1407 33 14 era
892 1403 21 18 lu
924 1403 50 18 meiu
980 1408 6 17 ;

725 1426 21 19 Ci
754 1427 97 22 juredimu
860 1428 77 18 ricordu

725 1451 27 19 Cu
760 1453 20 17 lu
788 1453 33 22 più
831 1454 81 17 tenneru
922 1454 86 17 accordu.

724 1505 20 19 Ci
753 1506 96 22 juredimu
858 1508 111 18 ricordu!...

723 1531 26 17 Mi
758 1533 122 21 prumettiste
887 1533 72 18 nulizie

724 1556 35 17 Chi
768 1558 101 17 serebhinu
879 1558 68 18 delizie

701 1581 33 18 Pe’
739 1586 13 13 u
761 1582 38 17 miò
807 1587 43 13 core
856 1584 55 16 tantu
919 1583 87 22 ingordu;

724 1606 27 18 Ed
760 1611 44 14 eccu
813 1607 52 19 ch’iu
871 1609 30 17 tre
909 1609 68 17 annate

723 1631 29 18 Un
761 1632 43 18 solu
811 1637 63 13 cennu
883 1633 26 17 mi
918 1633 39 18 fate
962 1632 5 18 !

723 1685 28 18 Ma
760 1686 77 22 perché,
845 1686 82 23 Ughetta
934 1691 50 17 cara,

700 1710 137 19 Lasciammicu
843 1716 11 13 a
859 1713 61 16 morte
924 1711 20 18 in
950 1711 57 18 senu?

722 1735 67 22 Quella
797 1736 88 18 d’essemi
894 1738 83 16 staceata

722 1760 60 19 Unn’è
787 1765 46 19 soga
841 1766 27 13 un
873 1766 48 18 gran
929 1761 78 19 belenu?

723 1785 14 18 0
746 1790 45 18 soga
799 1786 20 17 lu
829 1786 38 18 miô
876 1791 69 14 amore.

723 1810 25 18 Yi
756 1811 21 17 lu
785 1812 94 17 cacc-iaste
887 1812 21 17 di
916 1816 43 14 core
964 1811 9 19 ?

721 1865 17 17 A
745 1866 67 20 questa
819 1870 27 13 un
854 1866 20 17 ci
881 1870 57 17 possu
944 1866 61 22 crede,

721 1889 68 23 Yogliu
799 1891 44 17 tene
850 1891 19 17 la
878 1895 95 18 speranza.

723 1915 20 17 In
751 1915 33 18 voi
792 1916 59 22 aghiu
859 1920 74 18 sempre
941 1917 49 20 fede,

699 1939 94 23 Ch’aghiu
797 1940 84 18 sufferlu
888 1941 118 19 abbastanta.

722 1965 15 17 E
744 1967 75 21 aspeltu
827 1971 25 13 cu
860 1970 47 18 pocu
916 1966 56 23 asgiu

722 1990 40 18 Una
770 1991 69 17 lettera
846 1991 44 17 c’un
898 1991 74 23 basgiu.

873 2029 109 19 Colonna.

769 2143 177 29 Rogazioni

721 2215 22 17 A’
754 2215 123 22 prucessione
888 2216 29 21 pe’
926 2220 11 13 e
945 2215 61 23 Ruga-

699 2240 56 22 zioni,
762 2245 11 13 a
777 2240 92 22 l’arretta,
874 2241 82 17 secondu
961 2246 13 12 u
980 2241 26 18 ri-

699 2266 30 20 tu,
737 2266 52 21 prête
794 2265 86 19 Ciavatta
885 2267 78 17 cantava
969 2272 6 11 :

699 2299 24 4 —
731 2291 13 17 A
752 2292 56 21 peste,
816 2291 59 22 famé,
885 2290 75 19 belle....

699 2324 24 4 —
733 2315 23 18 Te
769 2320 83 18 rogamus
866 2316 46 18 audi
919 2321 39 16 nos,
970 2316 37 18 ris-

700 2341 59 21 pundl
765 2341 107 21 Bacchiolu,
879 2342 42 17 solu
930 2342 76 17 cantore

700 2366 33 17 chi
740 2366 45 18 Fera
793 2366 90 18 afiancu.

723 2390 16 19 U
743 2392 54 21 prête
803 2396 12 12 u
822 2392 56 17 tuceù
882 2391 19 18 di
906 2392 62 21 jovitu
972 2396 35 18 per

699 2416 42 18 falli
749 2417 41 21 capi
798 2417 70 17 ch’ellu
877 2416 18 18 si
902 2417 103 22 sbagliava.

722 2442 16 17 A
745 2434 74 25 Paîtra:

700 2466 103 18 —Fruclus
810 2468 47 16 terre
863 2466 44 19 dure
916 2468 17 17 et
938 2472 69 13 conser-

700 2496 34 13 ver
733 2497 39 13 e....

701 2526 25 4 —
742 2516 65 19 Libéra
822 2522 40 17 nos,
873 2517 76 18 Domine
955 2517 7 18 !
969 2518 38 18 ris-

700 2542 60 22 pundi
765 2542 107 22 Bacchiolu,
879 2543 93 17 eredendu
977 2543 30 17 sta

700 2568 53 17 voila
760 2568 61 18 d’esse
828 2568 21 17 in
854 2568 22 17 lu
883 2572 57 14 sensu
945 2568 61 22 justu.

723 2602 23 3 —
754 2593 69 20 Allora,
833 2593 96 22 magnerei
937 2597 57 14 corne
1000 2592 5 18 !

702 2617 41 18 fece
749 2619 54 20 prête
808 2616 85 19 Ciavatta
899 2618 58 17 ch’un
962 2618 45 21 pob-

700 2642 26 17 be
733 2642 33 22 più
774 2642 86 18 ritenesi.

1046 150 103 24 Cullana
1158 153 99 23 Storica
1269 154 27 22 di
1307 154 24 22 A
1339 155 90 24 Muvra

1098 212 25 34 A
1140 212 158 47 Cunquista
1315 214 142 38 Francese

1179 268 31 35 di
1226 280 18 24 a
1263 269 120 36 Corsica

1093 316 46 29 (Da
1150 326 32 15 un
1198 321 121 22 Giurnale
1330 322 25 21 di
1367 323 102 29 l’Epuca)

1210 379 131 29 (Seguitu)

1072 435 43 22 Les
1135 437 136 24 Nouvelles
1288 440 74 27 qu'on
1382 441 81 24 débite
1481 444 30 21 de

1045 468 38 18 cet
1096 467 99 23 endroit
1213 472 56 19 sont
1287 470 112 27 toujours
1419 473 93 22 favora-

1044 495 52 21 bles
1107 502 48 16 aux
1165 498 99 27 Corses,
1274 500 92 28 malgré
1375 503 52 22 tout
1435 510 26 15 ce
1473 503 38 28 qu’

1045 531 32 15 on
1089 525 44 22 fait
1144 528 31 20 de
1184 531 121 21 contraire
1315 537 5 19 ;
1333 531 24 21 &
1367 532 49 23 l’on
1429 540 30 15 ne
1469 534 43 22 fait

1042 561 43 20 pas
1097 556 119 23 difficulté
1233 560 149 23 d’annoncer
1401 564 59 21 dans
1475 565 35 21 les

1043 584 134 24 Nouvelles
1189 589 131 28 publiques
1331 597 48 21 que
1389 594 35 21 les
1440 594 72 21 Fran-

1043 615 51 27 çois
1106 620 73 25 ayant
1199 620 97 27 attaqué
1316 622 68 22 Paoli
1395 624 24 21 le
1430 625 82 21 lende-

1042 646 65 21 main
1119 648 32 21 de
1162 649 24 21 la
1197 649 145 29 Fête-Dieu,
1355 653 59 22 dans
1426 655 22 20 la
1459 654 52 22 Pie-

1042 681 31 16 ve
1084 677 30 20 de
1131 677 97 29 Rogna,
1243 680 31 21 ils
1285 681 83 22 furent
1387 683 124 23 vivement

1042 707 131 26 repoussés
1189 715 61 16 avec
1269 714 69 24 perte
1354 713 30 21 de
1394 714 116 27 quelques

1042 738 126 22 centaines
1191 739 136 24 d’hommes
1338 749 6 19 ;
1369 743 58 27 qu’il
1446 747 63 19 reste

1042 772 88 17 encore
1141 774 50 17 aux
1202 769 116 30 François
1336 773 57 21 bien
1410 774 43 22 des
1469 781 41 15 en-

1042 797 75 23 droits
1129 798 14 24 à
1156 801 137 27 conquérir,
1313 804 81 21 même
1411 805 59 21 dans
1486 806 23 20 la

1043 827 122 24 Province
1185 831 30 21 de
1236 832 24 21 la
1280 833 115 28 Balagna,
1416 840 94 17 comme

1043 857 145 29 Calenzana,
1211 861 134 30 Casignani
1365 864 22 21 &
1407 865 100 26 Murale,

1040 888 67 22 lieux
1119 890 98 23 voisins
1226 893 30 21 de
1266 893 70 22 Calvi
1347 900 6 20 ;
1366 894 22 21 &
1396 900 46 22 que
1451 896 58 21 dans

1040 919 24 21 la
1073 919 74 23 Pieve
1159 921 31 21 de
1201 921 106 24 Rostino
1316 930 27 15 se
1352 927 115 20 trouvent
1474 926 36 21 di-

1041 955 56 16 vers
1109 950 174 25 détachemens
1295 955 30 20 de
1338 954 28 22 60
1374 955 22 21 &
1405 961 29 21 70
1442 956 67 22 hom-

1040 985 52 16 mes
1103 986 60 16 sous
1174 983 36 21 les
1228 984 86 22 ordres
1333 985 32 21 du
1383 985 126 28 Capitaine

1041 1009 105 28 Saliceti,
1156 1013 41 26 qui
1209 1016 72 26 ayant
1291 1015 80 22 arrêté
1383 1022 32 15 un
1426 1017 84 26 piquet

1040 1040 31 21 de
1082 1043 117 26 quelques
1211 1043 123 30 François,
1345 1047 36 20 les
1392 1047 118 21 avoitfait

1040 1070 136 29 dépouiller
1186 1074 23 21 &
1221 1081 85 20 passer
1313 1082 45 21 par
1365 1077 36 21 les
1409 1077 99 26 Armes;

1039 1103 61 21 mais
1112 1103 75 27 qu’on
1197 1106 88 21 venoit
1292 1106 160 28 d’apprendre
1463 1114 46 21 que

1040 1132 185 25 Porto-Vechio
1252 1136 84 22 s’étoit
1361 1139 76 20 rendu
1462 1144 47 15 aux

1039 1162 121 30 François,
1169 1165 23 21 &
1199 1165 112 28 qu’après
1320 1173 33 16 un
1362 1168 75 27 grand
1444 1168 66 22 bruit

1038 1193 153 23 d’Artillerie
1210 1196 33 21 du
1264 1196 55 22 côté
1340 1198 117 26 d’Aleria,
1476 1204 32 16 on

1038 1225 69 20 avoit
1118 1231 34 15 vu
1163 1231 31 15 en
1212 1226 84 22 divers
1314 1228 110 22 endroits
1439 1229 70 21 arbo-

1037 1260 41 15 rer
1087 1255 24 21 le
1122 1255 115 28 Drapeau
1249 1257 80 22 blanc.

1105 1310 83 19 Numéro
1196 1312 27 17 du
1231 1312 60 18 Mardi
1299 1312 24 19 20
1330 1313 47 19 Juin
1386 1314 51 18 1709.

1209 1345 27 19 De
1244 1346 77 19 Monaco
1327 1347 21 18 le
1356 1347 22 18 18
1386 1348 53 18 Juin.

1065 1383 20 23 Il
1097 1390 18 23 y
1126 1390 14 15 a
1153 1390 85 17 erreur
1249 1386 61 21 dans
1322 1392 29 15 ce
1362 1387 41 27 qui
1417 1387 35 22 fut
1468 1394 40 15 an-

1035 1415 81 21 noncé
1133 1415 33 22 de
1185 1415 110 23 l’Armée
1307 1417 32 21 de
1352 1416 78 23 Corse
1450 1419 32 20 du
1493 1425 13 21 9

1035 1444 50 23 Mai
1103 1446 61 21 dans
1182 1447 23 20 le
1223 1446 120 23 Courrier
1355 1447 37 22 N°.
1404 1448 101 22 XXXII.

1035 1475 33 22 Le
1088 1476 134 28 Régiment
1241 1478 31 21 de
1296 1477 156 30 Champagne
1475 1486 31 15 ne

1034 1507 98 21 marcha
1144 1513 45 21 pas
1199 1513 65 22 pour
1274 1510 101 20 couvrir
1383 1511 22 20 la
1413 1510 94 27 gauche

1034 1537 33 21 du
1079 1537 236 26 Quartier-Général
1326 1538 75 24 établi
1420 1540 13 21 à
1446 1541 61 21 Len-

1033 1570 36 24 to,
1081 1568 22 21 &
1114 1571 68 20 resta
1194 1575 32 16 au
1237 1568 78 29 Camp
1326 1570 33 21 de
1369 1570 47 22 San
1434 1571 72 22 Nico-

1033 1599 48 21 lao.
1095 1598 68 23 C’est
1179 1601 63 20 celui
1258 1601 31 21 de
1306 1601 24 21 la
1352 1600 95 23 Marine
1465 1602 40 27 qui

1033 1630 76 26 partit
1120 1630 32 21 de
1163 1636 29 15 ce
1204 1630 78 28 Camp
1293 1637 65 21 pour
1368 1634 63 20 cette
1442 1639 64 15 com-

1033 1661 137 25 mission,&
1182 1662 57 21 bien
1250 1662 53 22 loin
1315 1668 48 21 que
1371 1663 36 21 les
1417 1663 89 22 Corses

1033 1691 69 22 aient
1116 1691 70 22 forcé
1199 1698 79 16 aucun
1294 1693 45 21 des
1353 1695 83 25 postes
1447 1694 58 28 qu’il

1032 1722 69 22 avoit
1113 1723 61 27 pris,
1189 1729 95 16 comme
1296 1724 19 21 il
1334 1726 38 19 est
1390 1724 36 22 dit
1445 1726 60 21 dans

1033 1755 39 19 cet
1083 1754 94 21 Article
1190 1759 43 16 sur
1243 1759 29 16 ce
1280 1754 75 27 qu’on
1362 1756 68 21 avoit
1437 1762 69 15 man-

1033 1783 39 25 dé,
1085 1784 30 21 ils
1132 1784 126 22 n’osèrent
1276 1786 81 21 même
1374 1792 44 22 pas
1434 1787 71 22 venir

1032 1820 31 15 en
1076 1816 109 26 attaquer
1200 1821 33 15 un
1245 1816 61 25 seul,
1320 1816 132 28 quoiqu’ils
1464 1817 40 22 fis-

1032 1847 56 19 sent
1097 1845 43 22 des
1153 1846 163 27 dispositions
1333 1853 64 21 pour
1412 1847 92 22 s’avan-

1033 1881 48 17 cer.

1084 1926 82 18 Numéro
1174 1926 26 18 du
1210 1926 96 19 Vendredi
1313 1927 24 17 23
1346 1927 46 18 Juin
1399 1927 53 19 1769.

1243 1960 27 18 De
1277 1960 54 19 Paris
1339 1961 20 18 le
1366 1960 24 18 10
1396 1961 52 18 Juin.

1062 1993 40 21 On
1114 1993 106 22 s'amuse
1231 1994 113 27 toujours
1356 1995 53 27 plus
1420 1995 80 27 agréa-

1032 2024 107 20 blement
1151 2023 14 22 à
1176 2024 90 28 Marly,
1284 2024 83 27 séjour
1385 2025 118 22 enchanté

1031 2060 63 21 pour
1105 2060 63 15 ceux
1178 2055 42 26 qui
1233 2057 45 19 ont
1284 2055 132 22 l’honneur
1426 2056 30 21 de
1466 2056 37 27 s’y

1031 2087 101 19 trouver
1151 2090 60 16 avec
1230 2086 23 20 le
1271 2085 48 21 Roi
1330 2085 25 21 &
1364 2086 25 21 la
1404 2086 98 22 Famille

1031 2115 94 29 Royale
1134 2123 6 13 :
1154 2115 22 21 &
1187 2116 37 20 les
1244 2117 131 21 nouvelles
1394 2117 73 27 qu’on
1485 2124 19 22 y

1031 2146 78 28 reçoit
1126 2147 45 20 des
1186 2146 85 22 succès
1291 2147 32 21 de
1342 2146 160 28 l’expédition

1031 2177 31 21 de
1075 2176 33 22 M.
1120 2177 24 21 le
1158 2175 89 23 Comte
1258 2177 30 21 de
1301 2176 72 22 Vaux
1385 2184 31 15 en
1427 2177 76 23 Corse

1031 2209 103 20 mettent
1144 2208 24 20 le
1179 2208 98 21 comble
1288 2213 49 16 aux
1349 2208 99 27 plaisirs
1464 2208 38 28 qu’

1032 2244 31 15 on
1075 2244 17 22 y
1102 2238 83 28 goûte.
1197 2238 32 21 La
1241 2237 137 23 Reddition
1395 2239 30 21 de
1442 2238 60 23 Cor-

1031 2271 33 23 te,
1072 2268 53 22 &la
1136 2268 152 22 soumission
1300 2269 30 21 de
1341 2271 68 20 toute
1418 2270 22 21 la
1448 2270 54 21 Par-

1032 2300 35 21 tie
1089 2305 31 15 en
1143 2298 59 29 deçà
1225 2299 44 21 des
1290 2298 93 27 Monts,
1410 2306 28 16 ce
1461 2301 41 27 qui

1032 2330 135 27 comprend
1179 2331 21 20 ta
1207 2330 107 27 Balagna
1321 2329 24 22 &
1353 2329 64 23 l’I-sle
1426 2331 78 22 Rous-

1032 2367 35 19 se,
1079 2361 61 21 dont
1152 2361 23 21 le
1186 2360 35 22 M.
1231 2360 31 22 de
1271 2360 124 23 Vauborel
1403 2361 100 23 Gendre

1033 2392 31 21 de
1075 2397 27 15 ce
1114 2390 108 23 Général
1233 2393 101 25 apporta
1347 2392 21 20 la
1377 2392 126 22 confirma-

1032 2422 53 22 tion
1096 2427 41 16 ces
1148 2422 70 27 jours
1230 2422 112 21 derniers
1351 2422 44 22 fait
1404 2422 100 28 espérer

1033 2458 48 22 que
1097 2453 61 21 dans
1174 2458 48 22 peu
1241 2454 54 20 tout
1315 2458 54 16 sera
1389 2453 112 27 terminé,

1032 2484 80 21 même
1123 2489 58 16 sans
1193 2483 104 21 effusion
1313 2483 31 21 de
1360 2489 72 22 sang,
1451 2490 53 16 sur-

1032 2517 55 19 tout
1097 2515 20 21 si
1137 2515 37 21 les
1193 2514 79 21 bruits
1292 2514 30 21 de
1343 2513 117 23 l’évasion
1472 2516 30 20 de

1034 2545 66 22 Paoli
1113 2551 26 16 se
1151 2544 123 23 vérifient.
1287 2544 24 23 S.
1322 2544 35 22 M.
1370 2552 14 15 a
1400 2545 78 22 donné
1489 2545 14 22 à

1033 2576 35 22 M.
1083 2576 30 21 de
1124 2576 127 22 Vauborel
1262 2582 32 16 un
1307 2576 90 22 Brevet
1408 2577 30 20 de
1456 2576 47 22 Co-

1031 2607 69 21 lonel
1110 2606 14 22 à
1135 2607 25 21 la
1171 2607 66 21 suite
1248 2607 42 21 des
1304 2606 148 22 Grenadiers
1471 2607 31 21 de

1033 2636 99 22 France.
1146 2637 32 21 La
1198 2638 117 21 nouvelle
1334 2637 44 22 des
1396 2637 105 27 disposi-

1537 157 66 22 tions
1616 156 31 23 où
1659 156 82 28 paroit
1758 157 23 21 le
1798 156 118 21 Nouveau
1936 156 72 26 Pape,

1537 192 63 22 pour
1611 186 101 23 rétablir
1722 187 24 21 la
1763 187 54 26 plus
1836 185 103 28 parfaite
1956 185 53 22 har-

1538 217 83 21 monie
1633 219 68 20 entre
1714 218 23 20 le
1756 216 136 22 Sacerdoce
1903 216 22 21 &
1940 216 70 22 l’Em-

1537 247 54 26 pire
1602 254 30 14 ne
1645 253 72 16 cause
1729 253 43 21 pas
1783 247 82 21 moins
1877 246 30 21 de
1924 246 86 28 plaisir

1538 282 47 21 que
1596 284 28 15 ce
1635 278 41 27 qui
1689 277 102 28 regarde
1803 278 23 20 la
1838 276 86 22 Corse.

1589 320 83 19 Numéro
1681 322 25 17 du
1715 320 96 19 Vendredi
1819 320 24 18 23
1850 320 45 18 Juin
1904 320 52 18 1769.

1735 348 102 18 D’Anlibes
1846 348 18 18 le
1871 348 23 17 16
1901 348 52 18 Juin.

1565 380 68 22 Nous
1645 388 31 15 ne
1688 382 130 21 recevions
1838 381 87 27 depuis
1943 381 68 27 quel-

1538 415 60 22 ques
1608 411 70 27 jours
1698 418 93 15 aucune
1809 413 118 20 nouvelle
1948 412 30 21 de
1987 411 23 21 la

1539 437 85 27 Corse,
1637 445 63 16 nous
1711 447 30 14 en
1752 439 81 23 étions
1842 440 106 22 d’autant
1957 440 54 27 plus

1538 473 31 16 en
1582 469 82 26 peine,
1678 476 48 21 que
1737 471 37 21 les
1787 470 105 22 Patrons
1904 471 30 20 de
1946 470 65 27 quel-

1538 503 60 22 ques
1610 499 105 22 Navires
1728 501 41 26 qui
1781 500 113 23 s’étoient
1908 499 102 23 trouvés

1538 528 56 27 près
1606 529 30 20 de
1649 532 63 19 cette
1726 530 49 22 Isle
1786 531 139 21 assuroient
1939 530 72 22 avoir

1538 560 108 20 entendu
1659 561 44 20 des
1715 560 78 22 bruits
1806 562 96 25 sourds,
1916 562 41 26 qui
1969 567 41 21 pa-

1537 588 135 23 roissoient
1689 591 53 21 être
1761 591 76 22 l’effet
1856 592 31 21 de
1905 593 104 26 quelque

1537 618 60 22 vive
1603 622 151 20 canonnade.
1765 621 39 23 Un
1812 623 91 21 Bâteau
1912 623 30 21 de
1952 622 57 22 Pos-

1537 648 25 20 te
1573 648 82 21 arrivé
1666 649 63 26 hier,
1742 651 64 26 parti
1819 657 31 15 en
1869 653 68 20 toute
1955 651 55 21 dili-

1536 683 78 22 gence
1625 679 136 28 d’Ajaccio,
1774 682 62 21 mais
1855 687 55 16 sans
1926 682 81 24 malle,

1536 709 70 21 avoit
1617 708 13 22 à
1642 709 62 22 bord
1724 717 32 15 un
1777 711 119 22 Courrier
1913 718 48 21 que
1972 710 34 22 M.

1536 739 24 20 le
1573 739 89 22 Comte
1673 741 31 20 de
1716 740 72 23 Vaux
1800 741 131 28 dépêchoit
1942 741 14 22 à
1968 741 36 22 M.

1535 768 24 21 le
1571 768 54 22 Duc
1637 770 30 21 de
1679 770 129 23 Choiseul.
1822 771 21 22 Il
1855 778 63 16 nous
1937 779 13 14 a
1968 778 40 21 ap-

1537 798 51 27 pris
1599 804 47 22 que
1659 806 44 15 nos
1715 801 112 27 Troupes
1839 802 95 22 étoient
1944 808 64 16 cam-

1536 827 58 28 pées
1613 829 88 28 depuis
1718 832 25 20 le
1757 837 24 16 ir
1794 831 14 22 à
1820 832 154 28 Bogognani,
1993 832 14 21 à

1535 858 145 23 mi-chemin
1704 861 31 21 de
1759 861 75 22 Corte
1857 862 14 21 à
1894 863 111 27 Ajaccio,

1537 887 80 23 Villes
1629 889 32 22 où
1677 890 50 22 l’on
1740 895 99 24 compte
1860 894 105 21 environ
1980 899 27 20 50

1536 918 70 22 miles
1618 919 30 22 de
1659 920 65 22 l’une
1736 921 13 21 à
1761 922 94 26 l’autre,
1864 923 23 21 &
1895 930 44 20 par
1950 929 58 16 con-

1536 948 122 27 séquence
1677 950 14 22 à
1711 951 86 27 portée
1817 953 31 21 de
1871 953 97 22 donner
1985 955 21 20 la

1536 979 67 21 main
1615 979 14 22 à
1641 980 35 22 M.
1688 982 24 20 le
1723 981 121 23 Vicomte
1856 984 31 21 de
1897 983 111 23 Narbon-

1536 1015 31 15 ne
1580 1010 42 26 qui
1643 1013 144 21 commande
1807 1013 60 21 dans
1885 1014 23 21 la
1928 1014 80 27 partie

1536 1039 137 28 d’Ajaccio.
1688 1041 20 22 Il
1719 1048 14 15 a
1745 1042 81 28 ajouté
1838 1049 48 22 que
1905 1045 31 21 de
1954 1046 54 20 tout

1536 1069 55 22 côté
1601 1071 36 21 les
1650 1071 110 29 Villages
1772 1073 235 28 s’empressoientde

1536 1106 27 16 se
1582 1102 89 21 rendre
1692 1102 13 22 à
1725 1104 172 27 l’obéissance,
1919 1105 22 22 &
1961 1111 47 22 que

1536 1130 78 28 Paoli,
1627 1133 41 26 qui
1681 1134 71 21 avoit
1763 1134 44 22 fait
1818 1136 69 21 mine
1899 1136 30 21 de
1947 1142 62 15 vou-

1535 1161 50 21 loir
1602 1168 64 16 nous
1677 1165 115 21 attendre
1804 1165 14 22 à
1830 1165 105 23 Vivario
1955 1167 54 21 der-

1535 1191 64 22 rière
1611 1193 30 20 de
1653 1194 61 21 bons
1727 1196 198 22 retranchemens
1940 1197 68 21 avoit

1534 1221 107 28 disparu.
1656 1223 40 22 On
1708 1226 65 21 croit
1783 1226 154 22 maintenant
1948 1233 60 15 avec

1534 1251 142 23 fondement
1687 1255 60 26 qu’il
1758 1262 57 15 aura
1831 1257 65 21 enfin
1915 1257 52 27 pris
1984 1258 23 21 le

1533 1283 65 26 parti
1611 1283 31 21 de
1655 1284 91 27 quitter
1756 1287 24 20 la
1792 1286 79 22 Corse
1883 1287 32 22 où
1928 1288 18 21 il
1964 1287 44 22 s’é-

1532 1314 48 21 toit
1590 1313 56 23 flaté
1658 1316 31 20 de
1700 1316 66 22 tenir
1777 1317 85 27 ferme,
1872 1317 23 22 &
1904 1319 30 21 de
1943 1318 65 28 s’op-

1533 1349 74 21 poser
1618 1345 166 24 efficacement
1789 1347 14 22 à
1810 1349 56 21 tous
1873 1354 44 16 nos
1923 1349 84 22 efforts

1533 1380 64 21 pour
1608 1376 23 21 la
1642 1379 145 20 soumettre.
1806 1378 40 22 On
1867 1385 140 23 soupçonne

1534 1410 47 22 que
1591 1411 27 16 sa
1629 1407 103 22 retraite
1744 1409 54 21 doit
1809 1410 52 21 être
1875 1409 133 23 véritable-

1532 1437 69 19 ment
1612 1440 30 16 en
1656 1435 141 29 Sardaigne,
1811 1437 98 29 n'ayant
1920 1445 44 21 pas
1976 1445 29 15 eu

1532 1464 130 29 beaucoup
1671 1466 30 21 de
1712 1467 73 27 trajet
1796 1467 14 22 à
1821 1468 60 22 faire
1895 1475 65 21 pour
1971 1469 36 29 s’y

1532 1495 97 26 rendre,
1641 1496 39 22 s’il
1692 1499 39 20 est
1741 1497 143 23 réellement
1900 1500 60 21 hors
1976 1501 30 20 de

1531 1526 10 21 1
1551 1525 57 23 Isle.
1622 1526 55 27 Que
1690 1527 40 22 s’il
1742 1528 37 29 s’y
1798 1531 88 20 trouve
1905 1536 99 21 encore,

1532 1562 32 15 en
1576 1558 56 26 quel
1644 1559 99 21 endroit
1754 1560 82 21 doit-il
1851 1561 64 21 donc
1934 1561 72 22 s’être

1532 1587 104 28 réfugié,
1659 1589 70 26 après
1748 1591 72 21 avoir
1836 1593 55 20 tout
1901 1592 30 21 de
1943 1592 63 22 suite

1532 1618 146 22 abandonné
1698 1626 32 15 un
1742 1623 70 24 poste
1830 1622 65 21 aussi
1915 1622 91 28 impor-

1531 1650 54 20 tant
1595 1654 47 22 que
1657 1649 113 28 Vivario,
1786 1651 65 22 situé
1869 1658 30 16 au
1918 1653 87 22 milieu

1531 1679 44 21 des
1587 1679 145 30 Montagnes
1743 1682 36 21 les
1799 1683 55 26 plus
1873 1683 133 22 inaccessi-

1531 1710 53 22 bles
1592 1711 13 21 ?
1618 1710 41 22 On
1670 1714 60 25 peut
1741 1712 54 22 dire
1806 1713 140 23 hardiment
1957 1720 46 22 que

1531 1743 40 19 cet
1583 1741 216 28 Homme,qualifié
1810 1750 46 21 par
1863 1750 41 16 ses
1912 1751 62 22 gens
1981 1746 23 21 le

1531 1771 82 22 Héros
1625 1772 31 22 du
1668 1773 84 27 siècle,
1766 1780 13 15 a
1791 1775 78 26 perdu
1889 1781 26 16 sa
1934 1775 70 28 répu-

1530 1803 78 21 tation
1628 1803 24 20 &
1670 1805 70 20 toute
1759 1805 23 20 la
1801 1805 82 27 gloire
1903 1811 47 22 que
1968 1807 36 21 les

1531 1833 125 21 Partisans
1668 1834 30 21 de
1709 1834 23 21 la
1744 1834 91 22 liberté
1851 1836 36 21 lui
1903 1837 102 21 avoient

1530 1863 21 21 si
1562 1864 176 27 gratuitement
1748 1865 128 22 accordée.
1884 1865 121 24 N’auroit-

1530 1895 19 21 il
1558 1900 43 21 pas
1620 1895 86 21 mieux
1725 1896 57 21 valu
1799 1901 64 22 pour
1879 1897 44 26 lui,
1944 1897 58 28 qu’il

1530 1925 42 22 eût
1583 1925 102 22 effectué
1696 1927 37 21 les
1745 1927 137 22 sentimens
1893 1928 60 28 qu’il
1971 1928 32 22 af-

1529 1956 86 22 fectoit
1621 1956 94 22 l’année
1724 1957 114 27 derrière,
1848 1959 100 27 lorsque
1957 1965 45 16 nos

1528 1987 112 27 Troupes
1653 1988 139 22 arrivèrent
1803 1989 61 21 dans
1875 1990 66 22 ITsle
1948 1991 13 21 ?
1973 1990 30 22 Sa

1529 2019 149 21 soumission
1691 2018 107 23 n’auroit
1809 2020 54 21 rien
1876 2027 30 14 eu
1918 2021 31 21 de
1963 2020 40 22 flé-

1527 2048 110 22 trissant.
1648 2049 40 20 Au
1700 2051 66 19 reste
1777 2051 36 20 les
1824 2050 79 22 bruits
1915 2051 87 22 sourds

1529 2079 43 26 qui
1591 2079 164 26 paroissoient
1775 2081 51 21 être
1846 2080 74 22 l’effet
1931 2081 71 22 d’une

1529 2109 153 26 canonnade,
1706 2115 32 16 ne
1763 2112 168 25 provenoient
1955 2117 47 22 que

1529 2139 44 21 des
1592 2140 79 21 mines
1692 2142 75 25 qu’on
1786 2140 45 23 fait
1849 2141 72 28 jouer
1940 2148 63 21 pour

1528 2176 99 21 rompre
1638 2171 36 21 les
1687 2171 121 27 Rochers,
1817 2172 46 21 afin
1874 2173 30 21 de
1914 2174 87 21 rendre

1528 2203 109 25 par-tout
1659 2202 37 21 les
1721 2202 113 22 chemins
1860 2204 142 22 commodes

1528 2237 65 22 pour
1603 2232 24 21 le
1639 2238 105 23 passage
1755 2233 43 21 des
1813 2233 112 28 Troupes
1942 2234 23 22 &
1978 2236 23 20 le

1528 2264 126 25 transport
1668 2263 43 21 des
1731 2264 85 21 vivres
1828 2264 24 22 &
1866 2265 31 21 de
1907 2264 95 23 l’Artil-

1528 2292 69 22 lerie.
1619 2292 34 22 M.
1665 2294 24 20 le
1701 2293 109 28 Marquis
1828 2295 31 20 de
1881 2295 121 22 Vauborel

1529 2329 55 21 que"
1600 2323 35 21 M.
1657 2324 23 21 le
1701 2323 88 23 Comte
1812 2325 30 21 de
1866 2325 72 22 Vaux
1958 2332 44 16 son

1528 2354 63 21 beau
1601 2353 60 28 père
1672 2355 69 21 avoit
1752 2354 98 30 envoyé
1861 2358 85 25 porter
1957 2356 14 22 à
1978 2358 23 20 la

1530 2384 68 22 Cour
1614 2385 23 21 la
1652 2386 118 21 nouvelle
1788 2386 31 21 de
1837 2387 24 20 la
1878 2387 123 22 reddition

1530 2415 30 21 de
1583 2414 74 22 Corte
1669 2416 23 21 &
1702 2415 14 22 à
1729 2416 40 27 qui
1790 2417 24 21 le
1834 2416 49 22 Roi
1896 2424 12 14 a
1920 2417 82 22 donné

1529 2451 32 15 un
1574 2445 90 23 Brevet
1672 2447 31 21 de
1714 2445 105 23 Colonel
1827 2447 15 22 à
1852 2448 23 20 la
1887 2448 64 22 suite
1959 2449 42 21 des

1530 2475 152 23 Grenadiers
1694 2477 30 21 de
1736 2476 101 28 France,
1850 2478 81 22 arriva
1947 2479 56 22 hier

1529 2507 22 21 &
1562 2513 31 16 va
1604 2514 27 15 se
1643 2509 162 27 rembarquer
1816 2514 64 23 pour
1889 2515 113 22 repasser

1529 2543 31 16 en
1574 2537 87 23 Corse.

1601 2577 82 18 Numéro
1691 2579 26 16 du
1725 2578 61 18 Mardi
1793 2578 23 18 27
1823 2578 46 19 Juin
1877 2579 52 18 1769.

1719 2606 27 17 De
1754 2606 62 18 Gênes
1823 2606 21 18 le
1851 2606 22 18 17
1881 2607 52 18 Juin.

1557 2636 73 24 Selon
1640 2639 37 21 les
1689 2639 127 22 dernières
1824 2641 128 21 nouvelles
1962 2640 39 28 qu’

2037 159 31 16 on
2080 159 13 15 a
2105 159 57 22 reçu
2174 152 29 22 de
2215 154 23 20 la
2250 152 88 25 Bastia,
2349 152 37 21 les
2396 151 112 28 François

2036 183 71 28 après
2127 183 71 22 avoir
2214 183 78 23 défait
2311 184 36 20 les
2369 183 91 22 Corses
2478 189 30 14 en

2036 214 84 22 divers
2134 214 110 22 endroits
2265 220 28 15 en
2312 220 27 15 se
2358 215 98 25 portant
2468 220 40 14 au-

2036 243 54 23 delà
2102 245 30 21 de
2145 244 84 26 Corte,
2244 251 25 15 se
2281 246 56 20 sont
2349 244 92 22 rendus
2450 244 59 22 maî-

2035 277 51 19 tres
2098 275 30 21 de
2141 275 114 26 Vivario,
2267 281 97 16 comme
2376 281 91 16 encore
2479 275 30 21 de

2036 305 182 23 Porto-Vechio
2229 312 6 20 ;
2246 306 22 21 &
2278 306 66 22 Paoli
2358 312 60 15 avec
2427 312 27 15 ce
2466 306 41 27 qui

2035 336 35 21 lui
2091 338 65 20 reste
2175 342 88 16 encore
2284 337 30 21 de
2326 342 40 16 ses
2378 342 63 21 gens
2452 336 58 21 s’est

2037 366 74 21 retiré
2123 366 13 22 à
2147 367 84 22 Bosio.

2065 399 39 22 On
2116 401 37 20 dit
2166 400 58 27 qu’il
2237 407 18 23 y
2269 407 13 15 a
2297 401 65 21 deux
2377 401 132 21 vaisseaux

2037 430 106 28 Anglois
2164 431 92 22 devant
2276 431 182 22 Porto-Vechio
2478 438 30 15 en

2038 460 78 23 Corse
2130 462 65 27 prêts
2213 468 14 15 a
2243 463 145 27 embarquer
2402 463 66 21 Paoli
2483 462 22 22 &

2037 497 62 16 ceux
2109 492 31 21 de
2149 498 39 15 ses
2199 498 60 22 gens
2269 492 148 23 déterminés
2430 493 13 22 à
2455 492 53 22 s’at-

2036 522 84 22 tacher
2127 521 14 22 à
2149 529 27 15 sa
2184 523 97 21 fortune
2288 530 6 18 ;
2306 523 23 22 &
2338 523 115 29 qu’ayant
2464 523 44 21 fait

2036 552 132 22 demander
2182 559 31 15 un
2229 553 133 28 Passeport
2374 561 30 14 au
2419 555 88 21 Comte

2036 583 29 20 de
2077 582 72 22 Vaux
2161 589 61 21 pour
2234 584 64 22 deux
2309 585 152 27 Anglois,on
2473 585 34 21 lui

2035 619 14 15 a
2057 612 110 29 répondu
2180 620 46 21 que
2237 613 168 30 l’Angleterre
2418 615 92 22 n’étant

2035 649 43 22 pas
2096 650 30 15 en
2148 650 88 22 guerre
2255 651 62 16 avec
2331 646 23 21 la
2371 645 92 22 France
2479 646 29 21 ils

2035 673 54 22 n’en
2101 675 102 21 avoient
2213 681 44 21 pas
2269 676 98 27 besoin,
2383 677 63 21 mais
2461 683 47 21 que

2035 705 39 21 s’il
2084 705 125 28 s’agissoit
2219 706 31 21 de
2261 708 106 27 quelque
2377 710 69 20 autre
2454 714 55 22 per-

2034 741 78 16 sonne
2124 742 31 15 en
2167 736 40 27 qui
2220 737 18 21 il
2250 738 47 26 prît
2315 738 98 27 intérêt,
2432 745 30 16 on
2477 745 29 15 en

2034 766 132 22 donneroit
2176 767 53 21 avis
2241 767 13 22 à
2266 769 23 21 la
2302 769 98 22 Cour.Il
2410 772 38 19 est
2458 775 50 16 cer-

2033 796 51 22 tain
2092 803 47 21 que
2148 797 67 22 Paoli
2226 800 70 21 avoit
2303 799 45 22 fait
2359 801 78 21 battre
2446 801 30 20 de
2485 801 23 21 la

2033 827 128 26 monnoie,
2173 828 61 22 mais
2246 830 46 20 elle
2304 836 13 15 a
2329 831 89 28 essuyé
2427 838 47 16 une
2485 834 21 21 si

2033 858 92 26 grande
2136 858 158 27 diminution,
2306 866 48 22 que
2364 863 61 20 celle
2438 862 71 22 d’une

2033 888 65 22 livre
2109 894 31 15 ne
2151 892 59 18 vaut
2220 891 56 25 plus
2290 896 47 22 que
2354 898 24 22 15
2397 893 58 25 sols,
2471 894 36 20 les

2034 918 82 27 pièces
2128 919 31 21 de
2170 925 14 20 4
2196 921 51 20 sols
2258 926 14 15 2
2284 921 21 21 &
2318 923 76 21 celles
2403 923 30 21 de
2443 929 13 16 2
2465 930 41 15 un.

2105 979 82 19 Numéro
2195 981 25 17 du
2228 981 61 19 Mardi
2296 983 23 18 27
2328 984 45 18 Juin
2382 985 52 18 1769.

2067 1012 74 19 Extrait
2148 1014 57 19 d’une
2212 1015 58 18 lettre
2278 1017 59 18 écrite
2345 1023 26 13 au
2379 1019 59 22 Camp
2446 1020 24 18 de

2175 1043 78 18 Vivario
2261 1044 19 18 le
2288 1045 10 17 7
2306 1045 54 19 Juin.

2062 1079 121 26 Quatorze
2195 1082 141 28 Bataillons,
2358 1092 60 16 avec
2430 1088 22 20 la
2464 1087 43 22 Lé-

2034 1110 60 28 gion
2105 1111 30 21 de
2148 1111 103 23 Soubise
2263 1114 23 21 <&
2296 1115 37 21 les
2346 1115 161 24 Volontaires

2034 1141 126 26 passèrent
2181 1144 23 20 le
2227 1150 11 22 5
2262 1145 25 21 le
2307 1146 156 29 Tavignano,
2484 1149 23 21 &

2034 1174 72 26 ayant
2115 1174 111 22 traversé
2238 1176 22 20 la
2274 1175 77 23 Pieve
2363 1178 30 21 de
2408 1178 97 22 Venaco

2034 1202 139 28 campèrent
2179 1205 87 27 auprès
2276 1207 31 21 du
2316 1207 98 24 Vechio
2422 1209 85 22 Riviè-

2033 1238 28 16 re
2071 1233 49 22 fort
2130 1235 85 26 rapide
2226 1236 61 22 dont
2298 1237 70 23 Paoli
2381 1240 71 22 avoit
2463 1240 44 22 fait

2033 1269 92 22 couper
2132 1265 23 20 le
2165 1264 117 24 Pont.Les
2289 1268 75 22 bords
2373 1276 30 15 en
2411 1270 96 22 étoient

2032 1292 118 24 défendus
2172 1301 44 21 par
2239 1303 48 16 une
2310 1299 136 29 Montagne
2469 1302 36 21 les

2033 1325 55 26 plus
2099 1326 136 28 escarpées,
2248 1328 23 21 &
2283 1329 93 23 c’est-lâ
2389 1331 32 22 où
2441 1332 17 21 il
2479 1339 27 15 se

2032 1354 90 23 flattoit
2133 1356 116 24 d’arrêter
2259 1365 45 16 nos
2317 1360 122 29 Troupes.
2461 1363 45 22 Les

2034 1385 85 23 Postes
2140 1388 104 22 avancés
2256 1393 201 22 commencèrent
2476 1395 30 20 de

2032 1416 95 23 fusiller
2145 1419 25 21 le
2188 1420 80 21 même
2286 1421 66 27 jour,
2366 1423 23 21 &
2403 1424 60 22 dans
2482 1426 23 20 la

2033 1448 53 21 nuit
2097 1453 33 17 on
2138 1449 61 26 jetta
2211 1456 32 15 un
2256 1451 71 22 Pont.
2338 1453 45 22 Les
2395 1454 109 28 Troupes

2031 1484 18 22 y
2060 1479 129 26 passèrent
2199 1481 23 20 le
2234 1482 142 23 lendemain
2389 1490 43 17 sur
2442 1486 65 22 deux

2033 1508 134 28 Colonnes,
2180 1511 92 28 malgré
2283 1513 22 21 le
2317 1513 42 22 feu
2379 1516 127 22 continuel

2032 1540 31 21 de
2082 1539 44 22 600
2147 1540 90 23 Corses
2260 1543 124 28 répandus
2402 1550 49 18 -sur
2469 1548 35 21 les

2032 1574 83 26 points
2127 1574 31 22 de
2170 1574 100 24 défense
2282 1578 29 21 de
2323 1579 22 21 la
2360 1579 143 30 Montagne.

2032 1604 64 22 Mais
2107 1611 46 16 nos
2165 1606 161 25 Volontaires
2337 1616 32 15 ne
2382 1611 52 22 s’en
2454 1618 52 16 ser-

2031 1635 83 22 virent
2134 1643 51 20 pas,
2206 1638 31 21 ils
2252 1644 27 16 se
2288 1640 120 27 jettèrent
2418 1642 15 22 à
2443 1642 62 22 l’eau

2031 1665 23 22 &
2067 1666 129 27 passèrent
2215 1669 31 21 de
2265 1669 88 24 l’autre
2373 1672 64 22 côté.
2458 1673 45 22 Les

2031 1696 91 23 Corses
2137 1704 30 15 en
2181 1698 82 23 furent
2282 1702 128 23 tellement
2430 1703 75 29 épou-

2030 1727 86 22 vantés
2128 1728 71 27 qu’ils
2208 1731 148 26 poussèrent
2367 1734 44 21 des
2423 1735 47 21 cris
2482 1735 22 22 &

2031 1758 43 22 des
2085 1758 140 23 hurlemens
2242 1761 92 23 affreux
2344 1770 7 18 ;
2373 1770 31 16 on
2424 1767 80 20 auroit

2030 1789 37 21 dit
2078 1795 48 22 que
2137 1790 118 24 c’étoient
2266 1793 43 22 des
2330 1794 127 30 Sauvages
2475 1797 29 21 de

2029 1819 159 29 l’Amérique.
2202 1822 67 22 Paoli
2282 1823 62 23 étoit
2356 1830 43 17 sur
2409 1828 23 20 la
2446 1827 59 22 Crê-

2029 1853 32 34 te.,
2072 1851 30 21 de
2122 1852 22 21 la
2158 1852 131 29 Montagne
2299 1862 6 14 :
2331 1856 18 22 il
2369 1859 136 25 paroissoit

2029 1880 105 23 s’élever
2144 1889 32 15 au
2187 1884 88 22 milieu
2287 1886 44 22 des
2343 1893 72 21 nues,
2429 1892 24 19 et
2464 1889 41 22 s’il

2029 1912 69 22 avoit
2108 1918 43 23 sçu
2163 1920 26 15 se
2201 1914 113 29 défende,
2327 1923 33 17 on
2376 1920 81 22 auroit
2468 1921 34 26 pû

2028 1947 25 21 le
2063 1947 105 27 prendre
2181 1954 63 21 pour
2254 1949 96 29 Jupiter
2362 1953 65 22 armé
2437 1954 30 21 de
2478 1955 24 21 la

2028 1977 86 22 foudre
2124 1984 6 19 ;
2143 1979 62 21 mais
2217 1980 44 22 dès
2274 1982 59 26 qu’il
2344 1983 40 22 vit
2395 1990 40 15 ses
2445 1984 58 22 Pos-

2028 2011 37 18 tes
2073 2008 103 22 avancés
2183 2009 88 27 forcés,
2282 2014 24 20 et
2312 2013 38 21 les
2360 2013 142 24 défenseurs

2028 2038 106 26 prendre
2146 2039 25 21 la
2181 2039 71 27 fuite,
2265 2042 19 21 il
2301 2043 120 27 disparut.
2444 2045 57 23 L'af-

2028 2068 62 21 faire
2108 2070 70 22 avoit
2197 2074 142 21 commencé
2351 2074 13 22 à
2381 2077 23 20 la
2416 2077 88 25 pointe

2028 2099 32 21 du
2077 2104 65 22 jour,
2164 2102 47 21 elle
2230 2102 55 24 finit
2295 2103 14 22 à
2328 2105 67 22 deux
2412 2107 88 23 heures

2028 2129 150 29 après-midi,
2200 2135 24 19 el
2245 2140 33 16 on
2297 2141 33 15 ne
2350 2137 46 21 mit
2407 2143 48 22 que
2476 2145 26 15 ce

2028 2166 31 21 qu
2069 2161 18 21 il
2098 2161 81 23 falloit
2189 2164 30 21 de
2231 2167 62 20 tems
2302 2173 65 21 pour
2374 2171 128 24 parcourir

2028 2193 54 20 tout
2091 2193 24 20 le
2127 2195 101 26 terrein,
2240 2198 24 20 et
2276 2196 134 30 s’emparer
2422 2202 81 21 ensui-

2028 2223 24 20 te
2063 2223 30 21 de
2105 2223 121 24 Vivario.:
2241 2226 73 23 Poste
2327 2229 76 27 qu’on
2413 2232 88 22 trouva

2028 2251 88 24 désert.
2122 2254 68 23 Nous
2199 2256 102 23 n’avons
2309 2261 79 25 perdu
2400 2267 47 21 que
2458 2263 44 22 dix

2028 2286 111 23 hommes
2151 2290 60 21 dans
2222 2293 70 21 toute
2311 2296 65 20 cette
2393 2301 109 17 manoeu-

2028 2323 52 19 vre,
2101 2319 42 26 qui
2164 2320 44 22 fait
2227 2328 32 15 un
2281 2323 114 23 honneur
2406 2327 69 21 infini
2487 2327 13 22 à

2028 2352 44 17 nos
2085 2348 120 29 Troupes.
2217 2352 68 23 Nous
2295 2360 33 16 ne
2348 2361 93 17 savons
2458 2365 43 20 pas

2028 2379 80 26 quelle
2120 2383 59 24 peut
2190 2383 72 22 avoir
2274 2383 38 23 été
2324 2386 23 20 la
2367 2389 71 24 perte
2458 2389 43 21 des

2028 2408 90 24 Corses
2128 2417 6 15 :
2147 2414 118 27 quelques
2279 2415 120 25 Pelotons
2410 2420 91 27 coupés

2028 2445 44 21 par
2082 2447 46 15 nos
2140 2442 159 25 Volontaires
2321 2447 83 23 furent
2421 2450 54 22 tués
2486 2451 14 21 à

2028 2475 77 23 coups
2117 2472 30 21 de
2160 2474 139 28 bayonette.

2184 2514 12 26 (
2199 2514 134 24 Cuntznua
2332 2518 12 26 )

2026 2603 99 23 Aiacciu
2174 2605 134 31 Slamparia
2321 2609 25 22 di
2360 2611 22 21 A
2394 2611 104 29 Muvra,

2027 2648 15 14 u
2055 2641 244 29 Diretlore-Gerente:
2308 2647 73 24 Petru
2392 2650 103 24 ROCCA

41 2748 103 23 Fugliltinu
152 2750 21 17 di
180 2748 104 19 AAluvra
287 2758 22 4 —
313 2748 57 19 n.123
373 2758 17 4 —
393 2748 20 18 di
419 2753 11 13 u
435 2747 64 19 3-3-29

65 2807 243 53 PASOUÂLE
341 2805 145 49 PAOLI

242 2878 67 20 OSSIA

86 2915 36 35 h
140 2917 77 36 Rotla
234 2915 32 38 Si
279 2917 177 36 Pontenmvô

43 2975 272 29 RACONTOCORSO
321 2977 188 25 DELSECOLO

230 3021 84 21 XVIII

264 3063 23 18 DI

133 3100 33 24 F.
181 3101 36 24 D.
234 3101 50 24 Gu
286 3108 74 17 erra
361 3102 48 23 zzi

67 3185 28 23 In
115 3188 64 21 oltre
190 3188 23 28 (e
225 3189 87 26 questo
327 3193 41 16 era
387 3188 56 26 quel
458 3186 51 28 più,

38 3218 46 22 che
95 3220 29 22 da
135 3221 36 21 lui
181 3222 20 19 si
212 3221 67 21 fosse
291 3222 84 26 potuto
388 3220 122 22 consenti-

38 3251 35 29 re)
96 3255 99 20 tenesse
222 3253 107 22 Genova
350 3253 111 27 presidio
484 3253 26 21 in

36 3286 102 25 qualche
149 3286 60 22 città
219 3286 121 21 litoranea
348 3286 63 21 délia
427 3284 83 22 Corsi-

37 3322 28 17 ca
74 3324 5 16 :
93 3319 31 21 nè
139 3318 78 22 anche
237 3320 87 25 questo
340 3323 73 16 avéré
421 3319 88 25 potuto

37 3352 140 22 attecchire.
190 3351 43 22 Fra
244 3353 69 20 tanto
320 3351 8 22 i
336 3351 89 28 gesuiti
432 3350 76 28 spinti

37 3382 62 25 fuori
111 3386 24 21 di
148 3385 95 28 Spagna
256 3390 83 17 essere
349 3384 58 22 stati
420 3384 88 22 accolti

35 3416 37 23 dai
85 3418 127 22 Genovesi
224 3419 27 21 in
258 3418 80 26 Calvi,
345 3418 112 27 Ajaccio,
466 3418 44 21 Al-

35 3451 86 26 gajola,
130 3451 65 22 délia
213 3452 56 26 quai
287 3457 57 17 cosa
361 3452 129 21 inalberati
499 3452 8 20 i

36 3481 111 25 Francesi
169 3486 121 20 votarono
309 3485 88 21 cotesti
414 3484 94 27 presidî

36 3515 30 30 (1)
76 3524 6 20 ;
95 3520 43 21 noi
150 3520 130 20 stavamoa
293 3525 31 14 un
333 3519 56 26 pelo
399 3519 25 21 di
436 3524 72 16 occu-

35 3552 60 23 parli
106 3560 6 18 ;
125 3553 22 21 si
159 3556 91 23 posero
260 3551 121 22 framezzo
390 3552 8 21 i
405 3551 103 22 France-

33 3583 32 24 si,
78 3585 90 26 perché
179 3585 49 22 fino
239 3584 24 20 al
268 3585 105 20 termine
381 3585 63 21 délia
450 3585 56 26 lega

34 3616 34 25 gli
76 3618 152 22 lasciassimo
239 3618 80 23 stare;
333 3617 75 21 allora
417 3623 26 15 se
456 3616 48 22 Ge-

35 3653 63 19 nova
104 3657 50 16 non
162 3652 21 21 si
190 3651 66 22 fosse
264 3651 124 25 composta
394 3655 46 16 con
449 3655 55 16 esso

537 2750 40 21 noi
591 2751 21 20 ci
625 2749 144 22 chiarivano
777 2750 72 21 liberi
860 2749 148 22 ditutelarei

537 2784 79 22 nostri
625 2784 76 21 diritti
712 2789 70 16 corne
788 2785 23 20 la
822 2783 186 22 intendessimo.

538 2816 145 23 Disideroso
690 2817 103 22 tenermi
802 2817 61 21 bene
870 2816 110 22 edificata
987 2816 23 21 la

538 2849 98 22 Francia
657 2850 110 22 obbedii.
787 2850 31 22 Di
841 2856 33 15 un
892 2852 74 20 tratto
986 2850 23 20 la

538 2883 107 26 Francia,
655 2889 13 16 0
682 2884 117 27 piuttosto
811 2884 18 21 il
841 2888 44 17 suo
896 2883 113 22 ministro

537 2917 61 21 duca
608 2917 24 22 di
640 2916 127 27 Choiseul,
775 2918 51 27 pari
836 2916 119 22 all’amico
965 2916 44 22 che

537 2950 176 27 frequentando
720 2951 22 21 la
754 2956 55 16 casa
816 2951 66 21 dello
890 2950 79 21 amico
976 2955 32 15 ne

537 2983 148 27 concupisce
695 2984 24 20 la
731 2984 100 27 moglie,
845 2985 121 25 promette
975 2983 35 21 la-

537 3017 78 22 sciare
620 3017 77 21 libéra
705 3018 25 20 la
737 3015 102 23 Corsica
846 3016 24 21 di
878 3021 131 23 governar-

537 3051 21 21 si
571 3056 13 16 a
595 3055 45 17 suo
649 3055 87 20 senno,
745 3055 14 15 a
772 3052 67 24 patto
850 3049 46 22 che
904 3049 35 28 gli
952 3054 57 16 con-

539 3084 109 22 cediamo
659 3083 42 22 noi
714 3082 49 22 San
775 3082 118 23 Fiorenzo
905 3088 14 15 e
926 3082 82 21 Bastia

537 3123 47 16 con
594 3119 62 20 tutta
665 3118 25 20 la
700 3116 122 26 contrada,
842 3116 45 22 che
898 3116 29 21 da
938 3120 70 22 ques-

537 3153 24 19 te
574 3151 47 21 due
633 3149 58 23 città
700 3150 21 21 si
735 3150 112 22 distende
858 3149 49 22 fino
918 3154 13 16 a
939 3148 68 27 Capo

539 3183 87 23 Côrso.
647 3183 22 22 E’
685 3189 76 22 parve
777 3183 157 27 pretensicne
947 3185 61 18 stra-

539 3224 39 20 na,
594 3217 89 28 perché
709 3217 27 21 in
761 3217 77 21 breve
855 3216 81 27 spazio
960 3216 47 21 due

536 3250 105 28 governi
667 3250 95 21 diversi
783 3256 14 14 e
819 3255 45 22 per
887 3248 119 22 nécessité

537 3284 68 21 ostili
617 3288 48 16 non
678 3285 125 25 potevaoo
820 3283 87 21 durare
918 3288 5 20 ;
945 3287 61 16 mas-

536 3316 63 21 sime
613 3321 26 15 se
654 3315 175 27 pòtenlissimo
846 3315 75 25 l’uno,
931 3320 14 14 e
956 3314 50 20 l’al-

536 3351 39 20 tro
587 3349 20 21 si
619 3351 70 19 sente
700 3349 32 20 ed
742 3347 14 22 è
769 3348 25 21 in
807 3347 84 22 effetto
903 3347 101 25 debole;

536 3383 22 21 la
570 3383 108 27 pignatta
689 3381 24 21 di
729 3381 65 22 ferro
804 3382 100 20 accanto
916 3386 13 15 a
938 3381 68 26 quel-

536 3416 22 21 la
583 3416 24 21 di
624 3415 84 22 coccio
720 3421 5 19 ;
744 3420 45 22 per
805 3414 87 22 ultihio
910 3413 93 27 popoli,

535 3449 30 22 da
576 3454 48 17 evo
632 3448 194 22 immemorabile
836 3446 133 28 congiunti,
979 3446 25 21 di

534 3484 101 26 repente
645 3482 98 21 lacerati
755 3487 5 19 ;
773 3481 60 23 dissi
843 3488 5 14 :
861 3486 14 15 a
878 3485 66 17 mare
955 3484 50 17 me-

533 3517 50 26 glio
594 3516 23 21 ci
627 3516 213 21 sottomettessero
859 3512 81 26 interi,
960 3512 44 21 che

533 3548 133 29 pigliarcia
675 3549 87 26 questo
774 3548 73 21 modo
857 3546 85 22 divisi.
952 3544 52 23 On-

533 3583 31 20 de
571 3588 49 16 non
632 3581 103 22 lasciare
745 3581 120 21 intentato
877 3579 127 28 spediente

533 3621 44 21 per
595 3615 91 21 vedere
705 3618 28 16 se
743 3613 85 22 umiltà
839 3613 114 21 vincesse
964 3616 40 16 su-

532 3649 94 27 perbia,
642 3647 81 22 offersi
744 3646 83 22 altresi
847 3646 46 21 che
912 3646 17 20 il
939 3650 27 16 re
976 3644 25 21 di

1036 2748 99 23 Francia
1144 2754 139 17 assumesse
1290 2750 72 21 titolo
1370 2755 14 15 e
1393 2748 111 22 ufficiodi

1036 2784 134 26 protettore
1189 2783 63 21 délia
1270 2782 88 23 liberté
1372 2788 74 20 corsa,
1462 2788 43 21 per

1036 2815 127 23 difendere
1172 2817 24 20 la
1208 2816 72 28 quale
1290 2816 147 27 presidiasse
1448 2815 56 21 Bas-

1035 2849 43 25 tia,
1084 2848 44 22 San
1136 2848 117 23 Fiorenzo
1260 2855 13 15 e
1281 2848 69 29 Capo
1356 2848 84 23 Côrso.
1448 2848 55 22 Ris-

1035 2887 89 22 posero
1135 2884 157 20 smettessero
1305 2883 8 21 i
1327 2882 71 22 Côrsi
1416 2881 87 22 l’auda-

1036 2916 65 21 ciadi
1111 2921 141 22 presumere
1260 2916 45 21 che
1310 2916 19 22 il
1337 2915 165 22 Gristianissi-

1035 2954 41 17 mo
1082 2949 96 21 volesse
1187 2951 119 20 accettare
1316 2950 24 21 di
1350 2948 79 22 simile
1437 2950 65 20 sorte

1035 2982 250 22 confederati.Subito
1295 2983 66 27 dopo
1374 2986 67 17 corse
1450 2987 47 16 una

1056 3035 26 22 (1)
1090 3034 70 23 Questo
1168 3036 92 18 aecadeva
1271 3040 21 13 or
1299 3035 21 18 fa
1326 3039 56 14 meno
1389 3034 20 18 di
1416 3039 26 13 un
1450 3039 52 14 seeo-

1034 3061 26 17 lo.
1070 3060 77 18 Materia
1155 3060 20 18 di
1179 3065 59 18 grave
1245 3061 125 18 meditazione
1378 3060 64 18 adesso
1450 3064 52 14 som-

1034 3086 87 18 ministra
1127 3086 16 17 il
1151 3086 54 21 fatto,
1210 3086 43 19 che,
1263 3085 18 19 al
1286 3087 64 21 tempo
1357 3084 34 19 che
1398 3088 59 18 corre,
1466 3084 36 19 Ge-

1033 3115 49 14 nova
1089 3111 63 18 caccia
1159 3115 12 13 a
1177 3110 96 23 vituperio
1281 3111 7 17 i
1304 3110 77 24 gesuiti,
1397 3109 77 19 Francia
1485 3110 15 18 li

1033 3136 97 21 richiaina,
1139 3140 12 14 e
1156 3136 21 18 in
1186 3135 76 19 Corsica
1270 3136 17 17 si
1293 3136 97 22 allargano
1394 3138 52 14 corne
1451 3134 11 19 è
1469 3140 33 13 na-

1033 3161 67 17 turadi
1108 3162 51 17 tutte
1165 3161 20 17 le
1193 3160 44 18 mal’
1242 3161 49 21 erbe,
1299 3161 35 18 che
1339 3164 87 15 crescono
1431 3161 68 21 presto.

1033 3186 34 18 Nel
1075 3187 67 21 secolo,
1153 3190 21 14 se
1181 3190 38 14 non
1230 3186 47 18 vuoi
1290 3186 35 18 che
1338 3186 19 18 ci
1366 3184 29 18 sia
1407 3188 91 19 regresso,

1032 3212 33 17 hai
1072 3212 22 17 da
1101 3211 108 19 confessare
1213 3211 36 18 che
1256 3211 18 18 ci
1279 3211 10 18 è
1297 3210 115 19 deviazione.

1032 3254 61 16 voce
1100 3249 112 25 molesta,
1222 3248 45 22 che
1277 3248 23 21 la
1311 3246 97 23 Francia
1415 3252 85 16 avesse

1033 3283 124 25 comprato
1169 3281 41 22 noi
1219 3281 55 21 altri
1291 3281 31 21 da
1338 3279 103 22 Genova
1451 3286 6 19 ;
1469 3280 30 21 da
1508 3298 2 3 .

1033 3313 111 26 Genova,
1156 3315 86 20 contro
1258 3314 23 20 la
1303 3312 123 22 tirahnidè
1436 3312 63 21 délia

1032 3346 70 28 quale
1127 3352 34 15 un
1180 3347 89 27 giorno
1288 3346 22 22 ci
1331 3345 167 22 somministrô

1031 3379 60 21 armi
1103 3385 14 15 e
1128 3379 93 22 sussidî
1230 3386 6 15 :
1249 3380 31 21 da
1291 3378 112 26 Genova,
1416 3379 83 21 contro

1031 3413 23 21 la
1065 3412 124 22 tirannide
1208 3412 65 21 délia
1291 3411 72 28 quale
1382 3411 22 21 ai
1422 3412 75 26 tempi

1030 3446 79 21 nostri
1129 3447 73 20 stette
1221 3451 45 21 per
1285 3443 153 23 difendîtrice
1445 3450 6 19 ;
1469 3444 29 21 da

1031 3479 103 22 Genova
1142 3479 46 21 che
1198 3485 51 16 non
1267 3485 25 15 sa
1303 3479 86 26 potere
1398 3479 100 19 vantare

1030 3519 28 14 su
1070 3513 24 21 di
1105 3512 42 21 noi
1160 3511 97 28 potestà
1264 3518 26 15 se
1298 3515 50 17 non
1355 3511 141 21 convenzio-

1029 3547 64 24 nata,
1101 3544 183 27 eperòtaleche
1292 3548 71 17 senza
1371 3543 127 22 ilconsen-

1030 3584 28 16 so
1070 3579 61 21 delle
1142 3578 63 26 parti
1218 3575 135 24 contraenti
1364 3581 49 17 non
1425 3581 72 22 possa

1029 3610 100 23 mutarsi
1139 3617 6 19 ;
1160 3616 13 15 e
1186 3616 99 21 compra
1296 3608 42 22 noi
1348 3609 53 21 altri
1410 3609 45 21 che
1467 3608 29 21 da

1029 3645 115 26 quaranta
1160 3644 57 21 anni
1231 3644 21 20 ci
1264 3641 159 27 travagliamo
1432 3641 64 21 nelle

1529 2749 62 22 lotte
1598 2751 150 27 sanguinose
1756 2751 63 22 délia
1828 2751 96 27 liberté,
1933 2758 69 16 corne

1531 2783 18 21 il
1568 2784 128 21 macellaio
1708 2786 110 20 costuma
1830 2791 33 15 un
1875 2785 91 22 branco
1976 2786 24 21 di

1528 2817 125 21 montoni.
1659 2816 30 22 La
1695 2816 102 23 Francia
1802 2818 13 21 è
1822 2820 109 25 potente,
1936 2821 66 25 trop-

1528 2854 33 21 po
1570 2851 100 25 potente
1681 2856 44 21 per
1737 2851 51 25 noi,
1806 2851 65 21 onde
1881 2852 120 26 potrebbe

1527 2883 118 21 astenersi
1662 2883 63 26 dagli
1746 2883 116 29 inganni;
1875 2890 38 16 ma
1925 2890 40 21 no,
1977 2885 23 21 le

1527 2915 71 27 piace
1611 2916 164 27 approfittarsi
1787 2917 77 22 anche
1876 2918 24 21 di
1909 2918 89 27 questi,

1527 2953 16 16 e
1552 2950 94 20 mentre
1670 2950 18 20 il
1710 2950 61 21 duca
1794 2950 24 21 di
1832 2950 120 23 Choiseul
1965 2951 34 22 mi

1526 2982 88 21 manda
1621 2987 13 16 a
1646 2983 61 25 dire,
1727 2982 46 22 che
1784 2983 64 22 delle
1859 2989 84 17 nuove
1953 2984 47 22 mi-

1526 3014 57 22 lizie
1598 3015 95 27 spedite
1710 3015 26 21 in
1749 3015 101 23 Corsica
1861 3017 25 22 io
1898 3022 49 17 non
1965 3018 33 21 mi

1526 3047 121 27 adombri,
1660 3054 58 16 ecco
1732 3048 45 22 che
1789 3049 19 21 il
1819 3052 73 20 conte
1902 3050 24 22 di
1937 3050 63 22 Mar-

1526 3080 62 22 beuf
1603 3087 97 21 appena
1717 3082 112 22 sbarcato
1848 3083 120 22 m’intima
1984 3089 14 16 a

1525 3114 146 29 rimettergli
1684 3114 25 22 in
1727 3120 72 17 mano
1814 3121 72 16 senza
1897 3116 101 28 indugio

1526 3146 47 22 San
1582 3146 124 28 Fiorenzo,
1716 3148 91 26 Bastia,
1816 3149 123 28 Algajola,
1947 3149 51 22 Iso-

1525 3181 23 20 la
1568 3180 88 26 Rossa,
1677 3180 168 29 Macinaggio,
1859 3189 13 14 e
1885 3181 111 23 Gornali.

1525 3213 102 27 Risposi
1631 3214 76 21 breve
1712 3220 6 16 :
1727 3215 77 21 averli
1811 3215 7 21 i
1826 3214 73 23 Côrsi
1904 3216 93 27 acquis-

1524 3247 45 21 tati
1581 3247 38 21 col
1626 3252 93 22 sangue
1729 3254 6 19 ;
1748 3253 71 16 senza
1835 3254 92 22 sangue
1949 3254 48 16 non

1524 3279 34 27 gli
1566 3279 136 22 avrebbero
1713 3280 104 22 lasciati.
1828 3280 22 22 Il
1860 3281 137 22 marchesse

1524 3311 27 21 di
1559 3310 146 27 Chauvelin,
1713 3313 113 26 capitano
1832 3313 64 21 délia
1907 3314 91 27 impre-

1524 3350 35 20 sa,
1573 3344 29 22 da
1625 3344 82 22 Bastia
1717 3344 33 22 ha
1770 3345 132 27 pubbicato
1921 3347 19 21 il
1951 3352 45 17 suo

1524 3377 81 22 bando
1617 3384 6 19 ;
1629 3377 43 22 voi
1680 3378 25 21 lo
1714 3380 134 20 conoscete
1856 3385 6 20 ;
1875 3382 122 24 promette

1523 3410 100 22 volervi
1637 3410 52 22 fare
1703 3410 41 23 del
1755 3411 63 21 bene
1830 3412 71 26 assai,
1914 3418 14 15 e
1939 3418 58 16 con-

1522 3443 50 21 fida
1585 3443 25 21 di
1622 3449 50 15 non
1691 3444 81 21 aversi
1788 3450 14 15 a
1813 3446 99 20 trattare
1925 3445 30 22 da
1965 3446 32 21 ri-

1523 3476 59 21 belli
1592 3483 6 19 ;
1617 3482 13 15 e
1652 3477 41 21 voi
1710 3477 90 21 dovete
1813 3477 125 22 estimarvi
1954 3484 43 16 av-

1522 3509 128 22 venturosi
1658 3509 24 21 di
1688 3515 83 15 essere
1777 3511 89 21 cascati
1873 3512 65 21 nella
1945 3517 52 15 ser-

1523 3540 58 23 viiù
1588 3542 65 21 délia
1661 3541 108 26 Francia,
1779 3543 92 26 perché
1877 3545 24 20 la
1908 3543 88 22 liberté

1522 3576 188 26 nontemperata
1716 3575 30 20 da
1756 3575 76 22 buoni
1841 3577 156 21 ordinamen-

1521 3608 21 21 ti
1552 3613 71 16 mena
1635 3608 8 20 i
1655 3608 85 27 popoli
1752 3609 47 20 alla
1810 3610 106 21 servitü.
1928 3609 68 22 Frat-

1520 3640 97 22 tantosi
1626 3645 85 22 rompe
1719 3641 145 23 slealmente
1872 3643 24 20 la
1907 3648 87 22 guerra

2028 2754 77 26 prima
2114 2756 46 21 che
2168 2758 187 30 spirilatregua,
2365 2768 22 20 e,
2398 2765 101 27 malgra-

2028 2787 59 22 dola
2098 2790 130 23 resistenza
2238 2793 39 21 dei
2287 2796 88 25 nostri,
2383 2799 69 24 parte
2459 2799 40 21 del

2027 2820 103 28 Nebbio,
2142 2825 69 21 molti
2224 2826 87 28 luoghi
2324 2828 25 21 di
2368 2829 103 24 Casinca
2484 2838 13 15 e

2026 2853 25 22 di
2064 2854 67 28 Capo
2150 2856 78 24 Corso
2241 2864 116 23 vengono
2370 2866 128 26 espugnati

2026 2887 31 21 da
2067 2888 62 22 loro.
2143 2889 47 23 Già
2209 2892 22 20 la
2243 2896 106 24 gazzetta
2362 2895 23 21 di
2399 2896 100 24 Francia

2025 2920 103 23 ridonda
2140 2922 63 23 délia
2214 2924 102 24 iattanze
2333 2932 118 20 consuete
2463 2932 35 21 in-

2026 2955 71 21 torno
2107 2956 24 21 al
2142 2957 85 22 valore
2240 2964 13 16 e
2264 2960 45 21 alla
2322 2961 96 23 fortuna
2435 2964 62 22 delle

2026 2988 60 20 armi
2092 2988 40 22 del
2138 2996 36 15 re.
2184 2984 18 28 È
2211 2991 87 23 inutile
2305 2994 48 21 che
2363 2995 24 22 io
2397 2996 100 23 v’infor-

2024 3020 35 21 mi
2068 3026 70 17 corne
2145 3024 24 20 la
2177 3025 48 20 mia
2234 3024 62 23 fama
2308 3027 36 21 sia
2351 3027 60 23 fatta
2419 3036 77 22 segno

2025 3052 25 22 di
2059 3054 106 28 vituperî
2171 3062 5 15 :
2183 3057 65 22 dove
2254 3058 33 26 io,
2295 3061 49 21 essi
2354 3061 140 29 affermano,

2025 3086 65 22 dove
2107 3088 25 21 io
2144 3094 50 17 non
2217 3091 126 24 insidiassi
2366 3096 23 20 la
2408 3096 90 23 liberté

2024 3122 91 24 vostra,
2128 3121 66 23 forse
2212 3126 67 21 avrei
2292 3129 76 20 avuto
2379 3129 120 28 virtùper

2023 3156 149 23 governarvi
2190 3162 46 16 con
2260 3155 79 31 gioria
2351 3167 7 19 ;
2380 3162 8 20 i
2400 3162 58 25 ciel.i
2472 3164 25 21 vi

2024 3185 129 24 destinano
2172 3194 13 16 a
2201 3195 106 19 sovrano
2322 3192 69 29 Luigi
2412 3194 47 22 XV
2481 3197 16 21 il

2023 3220 70 25 quale
2104 3222 114 25 possiede
2236 3224 25 21 di
2274 3228 66 19 certo
2353 3227 24 21 la
2393 3228 65 22 virtù
2471 3230 23 21 di

2023 3254 115 26 reggervi
2152 3260 45 16 con
2206 3257 80 26 gioria
2294 3259 123 23 serbando
2427 3262 69 22 intat-

2022 3285 25 20 ta
2055 3285 23 21 la
2089 3290 85 19 vostra
2182 3289 97 22 liberté.
2287 3292 23 20 A
2322 3298 41 15 me
2371 3294 43 26 poi
2427 3300 26 16 se
2462 3296 34 21 la-

2023 3320 81 20 mento
2112 3320 281 30 lainiquaoppressione
2400 3326 95 28 rispon-

2022 3350 66 23 dono
2097 3358 6 16 :
2116 3354 70 27 coipa
2198 3359 85 18 vostra
2291 3364 7 18 ;
2316 3358 91 26 perché
2418 3366 76 21 quan-

2022 3383 32 22 do
2060 3386 122 23 volevano
2191 3389 113 22 mutilare
2313 3391 23 21 la
2345 3391 101 24 Corsica
2455 3395 39 21 del

2023 3416 69 28 Capo
2104 3418 86 28 Côrso,
2204 3421 23 21 di
2241 3421 47 22 San
2312 3422 120 26 Fiorenzo
2445 3432 12 16 e
2470 3428 23 21 di

2022 3449 88 28 Bastia,
2120 3453 43 20 voi
2173 3455 88 21 urlaste
2271 3461 6 15 :
2289 3458 93 26 meglio
2393 3458 13 21 è
2417 3459 45 22 che
2471 3461 22 21 le

2022 3484 118 27 tolghiate
2155 3486 141 24 addirittura
2318 3490 22 21 la
2364 3492 52 21 vita
2427 3498 6 17 ;
2450 3494 43 21 noi

2022 3518 111 22 abbiamo
2144 3519 72 26 visto,
2227 3523 46 19 che
2284 3522 42 21 voi
2338 3527 107 19 avevate
2457 3532 37 15 ra-

2021 3551 82 28 gione,
2116 3558 14 15 e
2140 3552 195 24 l’ammazziamo.

2219 3632 11 27 (
2234 3632 146 29 Cuntinua-)
