2568 3849
102 155 68 22 segnx
183 148 23 21 di
221 147 61 22 croci
291 153 6 19 ;
316 145 97 24 l’omini,
435 138 134 30 curaghiosi

103 190 29 16 eu
144 183 8 20 i
159 182 55 25 vivi,
227 181 129 22 trimavanu
370 178 30 21 da
420 181 58 20 capu
491 179 14 14 a
516 170 52 29 pedi

103 219 98 21 dananzi
214 225 12 14 a
239 224 30 15 un
284 219 84 19 mortu.

132 251 20 22 E
162 252 28 21 zi’
201 249 158 25 Manavariciò,
381 241 116 26 caccendu
510 247 7 12 i
530 239 40 26 più

103 285 77 29 grossi
200 283 89 22 civoddi
316 288 12 15 c
346 273 139 33 iampenduli
509 271 24 21 in
556 276 14 14 u

105 317 72 22 fondu
186 316 22 21 di
215 323 14 13 u
241 315 78 24 sacc'u,
332 311 139 23 euntiuuava
479 312 6 13 :

236 364 132 27 Quand’eru
378 359 63 23 vivu,

234 397 90 22 Ss’ortu
337 400 39 16 era
386 390 89 23 mciu...

237 430 34 22 Ed
283 431 44 20 avâ
340 425 56 23 ch’e’
403 429 27 15 so
440 420 75 22 mortu

238 462 74 22 Unn’è
323 460 40 29 più
376 456 63 22 meiu
451 452 79 22 i’orlu.

136 516 20 21 A
167 515 23 21 la
202 513 46 24 fini,
263 518 29 14 un
302 515 62 18 omu,
373 514 13 14 u
394 499 179 34 più-atuinacutu

108 549 23 21 di
137 555 14 15 a
160 546 83 25 banda,
261 543 92 22 cbiamò
369 541 66 20 c’una
449 539 53 16 voci
514 532 59 21 tutta

108 579 103 25 Irimanti
223 578 28 21 da
263 584 13 15 a
284 580 73 25 paura
364 580 6 13 :

136 626 28 4 —
170 613 20 21 O
197 612 27 21 zi’
230 608 83 25 Anton’
321 607 70 23 Batli,
402 607 67 18 cornu
485 606 21 14 si
518 601 35 17 sta
562 601 12 15 a

108 648 50 22 l’ail
160 653 26 14 ru
199 641 102 25 monda?
483 665 6 4 .

136 680 12 21 I
157 676 76 31 grossi
244 673 94 31 pidàani
351 678 13 14 u
375 668 71 23 fondu
455 667 6 20 !
472 661 104 30 nspundi

109 710 186 26 l’incamisgialu.

137 744 78 24 Tutl’a
228 741 73 23 banda
315 746 27 15 eu
366 744 14 14 u
400 735 93 28 pratesu
509 734 68 17 cura-

111 779 83 22 o-hiosu
207 777 106 21 innanzu,
328 765 138 31 siscappani
492 766 84 22 sempn

110 799 15 9 O

111 810 118 25 anc’avaü.

222 848 101 21 Sinacnu
338 843 26 21 di
376 841 50 22 San
435 836 114 26 jorghtu.

134 883 83 19 (ParlaUt
226 880 17 18 d>
256 878 60 21 Sorti'-)

223 1000 72 37 Film
307 997 40 36 du
363 993 114 45 maquis

140 1088 73 32 Üous
219 1092 210 23 constatons,non
435 1090 61 17 sans
503 1088 78 17 amer-

116 1134 76 21 tume,
211 1127 76 30 qu'un
309 1118 222 27 certain-nombre
554 1115 28 22 de

116 1171 46 16 nos
172 1167 85 22 jeunes
264 1164 64 23 gens
336 1159 23 19 et
368 1157 90 25 jeunes
462 1154 21 26 ji
486 1151 34 22 lie
521 1157 20 18 s,
549 1155 31 15 ici

117 1200 14 21 à
140 1196 106 29 Ajaccio
254 1199 48 17 -par
309 1188 121 29 exemple,
436 1188 59 20 sont
504 1184 79 21 main-

118 1231 86 23 tenant
222 1228 28 21 "-à
269 1226 113 26 tapage»
398 1223 25 20 et
442 1226 29 15 ne
489 1219 94 20 «retar-

118 1266 73 21 dent»
210 1256 244 27 malheureusement
473 1251 61 29 plus
554 1256 29 15 en

119 1302 97 19 aucune
223 1294 90 29 façon.

147 1331 38 22 En
205 1335 25 14 ce
238 1328 44 27 qui
298 1329 123 18 concerne
435 1326 45 16 nos
495 1323 91 24 jeunes

116 1370 72 23 gens,
201 1361 33 22 ils
242 1365 64 16 nous
316 1356 147 23 reviennent
471 1353 113 23 souvent,

120 1401 74 25 apres
209 1401 34 16 un
261 1394 90 26 séjour
360 1388 125 31 prolongé
496 1392 33 15 au
548 1385 38 21 de-

121 1433 69 23 hors,
199 1426 145 25 fashionabie
353 1423 12 22 à
373 1422 111 24 souhait,
493 1422 94 24 et,nan-

121 1467 33 21 tis
161 1465 29 21 de
197 1460 138 31 pantalons
345 1457 74 22 d’une
429 1455 106 26 largeur
543 1458 44 15 im-

120 1495 203 32 pressionnante,
332 1490 34 22 ils
371 1495 66 16 nous
446 1488 92 28 offrent
547 1486 41 20 des

121 1530 148 24 silhouettes
294 1523 138 30 rappelant
449 1521 15 21 à
479 1521 36 26 s’y
541 1525 48 15 me-

121 1564 95 30 prende
230 1561 74 22 celles
315 1560 131 20 entrevues
462 1560 48 16 sur
519 1553 23 21 le
554 1553 35 21 bi-

124 1601 68 20 tume
204 1594 122 25 boulevar
327 1592 65 21 dier.

154 1630 114 27 Ouoique
277 1626 63 25 cela,
352 1622 99 29 malgré
460 1627 26 16 ce
492 1632 5 4 -
504 1619 87 22 cachet

125 1666 30 22 de
171 1661 190 32 parisianisme,
376 1656 21 22 il
415 1658 36 19 est
459 1653 133 28 réconfor-

124 1700 58 21 tant
207 1695 143 22 cVobserver
375 1696 49 22 que
445 1694 40 15 ces
502 1688 90 26 jeunes

124 1732 111 23 hommes
237 1728 79 25 .n’ont
324 1723 86 24 oublié
418 1723 16 21 à
443 1727 85 16 aucun
539 1725 53 16 mo-

123 1766 71 21 ment
206 1762 21 22 le
245 1758 155 24 maniement
412 1756 29 21 de
452 1755 28 22 la
500 1754 92 28 langue

123 1794 148 27 maternelle
291 1795 25 20 et
345 1790 63 29 qu'il
427 1788 62 23 n’est
514 1787 78 28 guère

124 1829 107 25 malaisé
247 1828 29 21 de
282 1827 75 28 faire
369 1823 89 22 vibrer
469 1821 60 28 che%
545 1826 47 15 eux

127 1866 24 21 le
162 1862 133 24 sentiment
310 1856 120 25 national
441 1856 15 21 à
469 1855 27 21 la
514 1859 78 16 moin-

126 1900 46 21 dre
193 1895 125 23 occasion.
343 1891 37 23 Ils
394 1891 66 24 sont,
473 1895 35 15 au
515 1887 77 29 fond,

126 1938 32 16 on
167 1932 23 21 le
197 1931 55 21 sent
260 1923 207 28 nettement,plus
474 1922 53 29 fier
527 1927 13 16 s
545 1918 47 23 mê-

125 1972 39 15 me
176 1964 60 22 d'un
248 1962 29 21 de
285 1960 71 22 leurs
369 1957 104 23 bandits
481 1961 49 22 que
543 1954 49 21 d'a-

126 1999 61 21 voir
193 2002 31 16 vu
232 1995 27 22 de
267 1993 60 29 près
333 1990 166 27 Mistinguett
510 1987 82 27 Poin-

127 2031 60 22 caré
206 2035 31 16 ou
265 2027 22 22 le
308 2030 118 18 nouveau
455 2021 137 23 boulevard

128 2065 175 22 Haussmann.

156 2098 32 23 Ee
202 2095 52 23 mal
262 2099 66 18 nous
339 2090 91 31 paraît
438 2089 63 29 plus
509 2089 86 28 grand

128 2133 35 22 du
172 2130 53 23 côté
232 2131 89 26 jeunes
330 2125 75 29 files,
417 2124 32 22 où
459 2129 32 16 on
504 2121 91 22 semble

128 2165 105 23 vouloir
243 2166 126 18 renoncer
388 2156 178 24 délibérément
581 2154 15 21 à

127 2198 92 31 parler
228 2201 79 20 corse,
321 2193 34 23 où
371 2192 36 22 les
415 2197 39 16 ma
472 2189 72 22 cnère
554 2188 44 27 fu-

129 2234 58 21 sent
198 2231 14 22 à
227 2231 98 27 propos
338 2227 29 22 de
380 2226 57 21 tout
454 2225 23 20 et
490 2223 30 21 de
530 2223 66 24 rien,

130 2266 35 22 où
178 2271 32 16 on
222 2265 36 20 est
266 2262 63 29 plus
342 2258 124 30 familier
478 2256 43 22 des
540 2255 58 21 cho-

130 2306 42 16 ses
185 2299 33 21 du
230 2296 103 22 cinéma,
341 2292 140 23 américain
509 2295 47 22 que
569 2288 29 21 de

131 2335 59 21 tout
199 2337 25 16 ce
234 2331 44 27 qui
292 2326 92 24 touche
397 2325 15 21 à
425 2324 10 21 l
443 2324 111 21 histoire
570 2322 29 21 de

133 2368 74 21 notre
223 2366 70 26 pays.
312 2361 39 22 On
364 2366 15 15 a
392 2358 64 22 dans
475 2363 32 16 sa
516 2355 84 22 cham-

132 2397 111 26 brellelà
250 2396 79 29 photo
338 2391 112 24 d’étoiles
461 2391 28 21 de
498 2390 101 24 l'écran,

116 2449 8 4 ..
132 2434 68 21 mais
209 2431 75 28 point
295 2428 25 22 le
335 2426 116 29 portrait
464 2424 29 21 de
510 2421 92 24 Pascal

132 2466 85 23 Paoli.
241 2463 40 22 On
298 2462 89 25 refuse
402 2459 30 21 de
452 2457 150 28 s'exprimer

132 2507 33 15 en
182 2500 72 22 noire
272 2495 114 23 dialecte,
409 2498 31 16 on
454 2497 45 15 use
516 2488 85 23 volon-

134 2535 64 21 tiers
223 2531 59 22 d'un
310 2525 164 25 vocabulaire
503 2522 100 29 anglais

135 2565 109 29 complet
251 2569 31 16 en
293 2563 108 20 matière
414 2559 29 21 de
455 2557 115 26 ciâncing.

165 2600 66 22 C’est
249 2597 15 22 à
273 2596 86 24 Paris,
372 2593 15 21 à
402 2590 141 26 Marseille,
558 2595 46 22 que

135 2640 41 17 ces
183 2634 90 27 jeunes
282 2632 142 26 personnes
434 2627 43 20 ont
488 2624 39 21 été
535 2623 69 21 cher-

137 2668 61 22 cher
214 2665 55 21 leur
287 2662 84 23 brevet
385 2660 28 21 de
425 2658 178 24 modernisme,

137 2703 46 20 etc
191 2700 37 20 est
239 2697 29 22 de
278 2696 27 21 là
313 2693 103 30 qu'elles
424 2697 64 17 vous
496 2691 59 27 font
566 2696 39 15 re-

137 2737 71 21 tour,
221 2731 26 22 la
257 2735 86 22 nuque
356 2725 200 28 désespérément
565 2729 40 16 ra-

137 2769 40 21 sée
186 2768 23 20 et
216 2765 26 21 la
250 2762 121 29 cigarette
378 2765 52 16 aux
442 2756 165 28 lèvres,après

139 2801 75 22 avoir
219 2800 35 26 pii
264 2793 175 25 éviter-—Dieu
445 2792 54 21 soit
506 2790 57 21 loué
598 2789 9 21 !

140 2836 37 20 les
186 2834 105 25 dangers
296 2829 62 22 d'un
369 2831 94 22 voyage
472 2824 14 22 à
498 2823 110 22 Buenos-

140 2869 85 22 Aires.

158 2904 4 3 ■
173 2901 33 22 Ce
218 2897 52 24 mal
281 2904 17 15 n
308 2898 37 20 est
348 2897 48 27 pas
404 2898 62 17 sans
472 2897 69 17 renie
542 2897 68 19 ae,ei

146 2937 18 20 A
183 2934 85 22 Id.uvra
284 2928 129 29 s’emploie
430 2927 14 21 à
466 2925 142 23 Vatténuer,

141 2969 67 22 ■mais
218 2972 26 15 ce
253 2965 44 28 qui
307 2965 37 20 est
355 2962 115 23 curieux,
494 2958 58 21 c'est
564 2962 46 22 que

141 3008 40 16 ces
193 3000 87 29 petites
298 2995 183 28 compatriotes
503 2991 108 27 «affran-

142 3036 81 21 chies»
223 3031 106 30 pensent
336 3029 77 23 avoir,
424 3026 74 28 lepas
509 3029 47 17 sur
565 3028 47 16 nos

142 3071 111 26 pauvres
261 3066 90 25 jeunes
354 3060 135 29 filles,près
491 3063 48 23 que
546 3056 66 28 la,gé-

144 3099 114 25 néralité,
262 3095 159 31 qui,elles,ne
424 3093 110 27 sont,pas
539 3089 74 22 abon-

145 3136 59 21 nées
225 3132 14 21 à
252 3130 62 23 Ciné
323 3127 132 28 magazine,
469 3126 46 21 ont
532 3122 82 29 gardé

145 3170 86 21 vivace
243 3171 33 15 au
285 3168 71 17 coeur
364 3161 23 21 le
396 3159 122 22 souvenir
531 3157 28 21 de
567 3162 47 15 nos

144 3199 98 29 grands
250 3197 130 28 patriotes
387 3195 24 20 et
420 3193 71 21 n’ont
500 3193 49 27 pas
556 3195 60 16 con-

144 3219 39 37 '■nu
192 3233 25 22 la
223 3232 114 21 douceur
346 3228 73 22 d’une
425 3224 127 24 traversée
557 3223 59 28 che%

147 3267 64 23 Frai
211 3271 25 16 ss
237 3265 60 21 inet.

435 3296 150 25 Eomanetti.

169 3434 17 28 ï
202 3431 182 32 Suceessi
402 3429 38 30 di

272 3486 134 31 Matais
424 3485 177 30 Zuocone

204 3563 137 33 Stampati
353 3564 31 24 in
394 3571 43 17 un
453 3562 117 27 volume

283 3609 29 25 di
327 3617 45 24 104
386 3611 104 32 pagine

183 3682 82 21 Prezzu
277 3681 25 20 in
315 3680 127 26 stanxparia
450 3686 6 15 :
469 3680 15 21 6
497 3679 99 22 franchi

600 138 220 50 Cronaca
837 127 232 54 Aiacciiia

621 240 92 22 Balln
729 239 30 19 di
774 242 19 15 a
807 232 155 25 Griuventû
975 232 95 19 Bona-

600 267 157 25 partista—
766 265 18 19 U
793 270 57 18 gran
861 262 60 20 ballu
930 258 138 21 annunciatu

600 297 26 19 ba
634 294 94 21 riunitu,
738 291 95 20 sabbatu
842 294 79 15 scorsu
930 288 85 19 a’sera,
1024 290 45 13 una

600 327 118 15 oumarosa
724 326 13 13 e
743 318 68 21 scelta
818 316 94 20 sucietà.
918 311 151 27 Applaudunu

600 357 10 12 a
620 356 14 13 u
643 355 25 13 so
677 350 169 22 gransuccessu
856 344 113 18 ottenutu,
978 339 93 19 vistune

600 384 12 12 u
630 381 71 19 scopu
718 371 107 22 ludevule
838 376 15 13 e
868 366 180 22 cunuscendune
1062 368 8 13 1

600 403 72 21 mèrïti
681 402 22 19 di
717 396 190 28 l'orgamzzatori.

627 443 98 21 Santa
731 438 163 23 IDiVOta—A
903 436 58 20 festa
970 434 21 20 di
1001 434 70 19 Santa

600 473 90 21 Divota,
704 469 101 26 padrona
818 466 23 20 di
857 472 12 12 a
883 463 95 21 Corsica
986 462 12 19 è
1013 464 59 16 stata

600 500 112 21 ceiebrata
720 495 120 21 dumenica
847 493 22 19 in
878 492 23 20 la
909 491 77 19 chiesa
994 489 23 19 di
1026 488 45 20 San

601 528 83 21 Roccu,
694 525 60 19 duve
761 528 45 14 una
820 525 74 16 messa
902 518 98 20 sulenne
1008 516 13 19 è
1029 518 44 17 sta-

600 560 23 15 ta
637 556 89 19 cantata
742 557 43 14 cun
802 547 235 24 accumpagnamentu
1050 542 22 20 di

602 583 87 20 musica
698 581 23 19 in
731 585 26 15 so
766 583 81 15 onore.

628 611 48 19 Una
685 607 103 26 questula
797 605 66 20 c’una
870 601 91 22 vendita
970 600 22 19 di
1000 600 74 23 figure

602 638 37 21 chi
648 635 174 26 rapprisentanu
831 638 13 12 a
856 630 69 20 Santa
934 627 99 22 Martire,
1049 632 25 13 so

602 669 59 18 State
675 663 55 20 fatte
744 668 12 13 a
772 658 111 23 benefiziu
897 657 29 19 d’i
940 654 71 22 lavori
1024 654 24 19 di
1061 659 13 13 a

603 693 76 21 chiesa
688 690 22 20 di
721 690 46 20 San
777 688 76 20 Roccu
861 692 13 13 a
882 681 151 24 cuntinuassi.

627 728 198 27 ÎRivulveràte
838 738 25 4 —
877 727 19 20 U
911 725 26 20 25
954 724 84 20 a’sera,
1058 728 14 13 u

603 760 119 25 chauffeur
735 755 159 24 d’automobile
907 754 70 20 Petru
985 749 89 22 Paohni

604 791 29 20 ha
641 790 69 19 tiratu
720 791 33 16 tre
762 785 59 24 colpï
831 784 22 20 di
864 781 115 22 rivolvaru
988 779 24 19 di
1020 784 57 19 pun-

604 823 22 16 ta
636 824 13 14 a
655 824 14 13 u
675 821 96 16 numaru
809 813 23 19 di
841 819 15 12 u
864 811 74 20 Corsu
945 807 132 26 Napuleone

604 846 73 25 sopr’a
686 851 31 13 un
730 845 61 17 certu
801 840 128 21 Francescu
939 836 114 20 Ferrucci,
1062 839 14 13 u

604 874 68 26 quale
681 874 13 19 è
699 875 59 17 statu
767 869 68 20 feritu
841 867 154 26 leggermente
1003 863 75 19 a’cos-

605 903 35 20 cia
648 901 86 20 diritta.
740 899 19 19 A
765 896 93 27 justizia
865 893 86 22 unn'ha
959 897 59 14 ancu
1026 895 52 19 pus-

604 934 54 17 sutu
667 931 68 18 mette
743 933 12 13 a
765 931 68 14 manu
843 921 74 26 sopr’a
924 927 15 14 u
946 919 133 24 delmquen-

606 962 32 17 te.

630 986 225 31 pisgrazievule
871 983 164 21 maiiîixesii

608 1021 18 19 U
639 1023 75 17 stessu
722 1016 25 21 25
756 1022 13 14 a
784 1021 60 15 sera,
853 1018 67 15 versu
930 1010 147 21 m&zzanotte,

608 1055 31 14 un
644 1048 78 19 drama
730 1043 148 22 occasïunatu
886 1040 28 20 da
921 1045 31 13 un
959 1036 120 21 maimtesu

608 1077 14 20 è
629 1074 111 22 accadutu
748 1072 24 20 in
784 1077 47 14 una
840 1074 90 16 caméra
944 1066 23 20 di
977 1072 13 12 u
1005 1065 76 18 boule-

608 1103 62 21 vard
675 1102 44 22 Roi
727 1101 97 21 Jerome,
835 1098 111 23 occupata
955 1094 28 19 da
990 1096 35 16 tre
1033 1091 49 25 giu-

609 1131 88 22 vanotti
709 1129 61 26 junti
787 1127 28 20 da
834 1123 69 23 Levïe
912 1131 6 12 :
937 1119 144 24 Ferdinandu

610 1161 144 20 Rcccaserrà,
765 1155 105 21 Ghiuvan
883 1152 97 21 Battista
997 1148 84 21 Perettï

610 1195 13 14 e
631 1188 110 20 Vincent©
750 1181 131 24 Defrancbi.

636 1213 102 26 L’opérai
752 1211 107 21 Marceilu
877 1207 132 24 Dechappe,
1024 1209 63 14 rien-,

610 1244 82 21 trendu
701 1249 13 14 a
723 1246 74 15 mezza
800 1242 63 17 nette
874 1236 69 21 duvia
953 1238 103 16 traversa
1069 1237 13 13 a

612 1278 88 15 caméra
708 1269 30 21 d’i
746 1273 34 16 tre
788 1264 128 29 gi.uvânctti
934 1269 40 19 per
981 1264 65 17 entre
1059 1265 23 13 in

612 1302 22 19 la
647 1299 54 21 soia.
714 1296 80 22 Ouesti
807 1293 163 22 eh’unn’eranu
984 1291 99 19 avertit»,

612 1326 111 23 sentendu
732 1323 87 27 picchià
828 1321 108 21 rifiutonu
946 1319 83 23 d’apre.
1039 1316 44 19 Cu-

614 1363 37 14 me
668 1353 120 25 Dechappe
805 1357 28 14 eu
851 1349 71 20 moltu
938 1350 89 17 ruoeore
1045 1349 40 14 mi-

614 1383 105 22 nacciava
728 1381 23 20 di
759 1379 82 21 sfuudà
849 1372 161 27 l’usciu.queïh
1028 1377 58 19 apn-

614 1419 30 14 nu
654 1411 28 20 do
684 1417 30 18 pu
723 1407 92 22 d’essesi
824 1404 88 23 àrmali,
921 1409 13 14 e
943 1407 63 15 nasci
1023 1405 13 14 a
1050 1401 36 17 ba-

615 1439 56 22 ruffa
679 1435 175 28 disgrazievule.

640 1467 121 24 Dechappe
782 1464 29 20 ha
828 1463 108 19 ricevutu.
956 1463 43 15 una
1018 1459 69 22 grave

616 1494 129 26 rasughiata
760 1493 23 19 in
796 1490 80 21 faccia.
886 1488 9 20 I
910 1491 35 16 tre
961 1485 125 26 giuvanotti

616 1523 25 21 sô
651 1524 24 19 in
684 1528 69 14 manu
762 1519 120 24 adustizia.

642 1565 86 20 G-ran
735 1561 92 21 Salin
835 1554 193 25 maseîiêratu
1035 1561 26 5 —
1069 1551 20 20 A

617 1593 85 22 sucietà
718 1589 102 27 ajaccina
833 1587 32 21 Le
883 1584 73 25 Golfe,
974 1585 115 18 annunexa

617 1622 29 25 pè
654 1628 15 13 u
680 1625 14 20 4
701 1617 115 26 ferraghiu
826 1614 114 27 prossimu
958 1618 14 12 u
989 1616 26 14 so
1032 1614 56 19 gran

617 1649 60 21 ballu
686 1646 106 22 annuale.
948 1667 5 6 .
1030 1664 7 7 ,

642 1675 105 22 Seconda
755 1674 8 19 i
776 1679 56 19 gran
840 1671 139 24 -prsparativi
987 1666 23 19 di
1024 1666 67 18 decu-

618 1705 98 21 ràzione,
726 1700 97 23 custumi
840 1706 13 13 e
869 1698 69 21 aîtru,
956 1702 14 13 u
984 1697 106 17 successq

618 1731 132 23 s’annuncia
764 1724 161 26 bellissïmu.E
942 1723 35 20 ciò
994 1722 36 18 chi
1052 1725 38 14 noi

618 1765 125 21 auguremu
756 1757 166 21 siaceraoeente
946 1758 13 12 a
975 1750 8 20 1
990 1753 101 20 orgamz-

617 1784 239 29 zatorLapplaudendu
862 1782 46 20 a’so
916 1783 90 20 sempre
1014 1777 77 19 distm-

619 1822 23 17 ta
647 1815 125 22 iniziativa.

645 1857 176 22 Cielismu.—
830 1853 147 24 Programma
985 1847 23 21 di
1017 1853 13 14 e
1043 1851 48 15 cor-

620 1895 25 14 se
658 1893 40 19 per
706 1886 76 19 l’annu
798 1882 34 23 28,
842 1881 34 20 fra
889 1884 78 15 marzu
982 1882 13 14 e
1012 1878 79 20 aprne,

620 1914 142 27 organizzàte
770 1909 145 22 da«L’Unicn
922 1905 100 25 Cycliste
1048 1901 37 26 jac

621 1945 81 20 cienne
712 1948 6 13 :
1023 1959 5 4 .
1048 1957 6 6 .
1070 1963 14 5 „

645 1971 62 20 Gran
720 1973 89 20 premiu
817 1972 15 13 a
839 1970 108 19 ap.er.iura
955 1970 23 16 p,
1078 1971 7 4 -

631 2000 15 22 î,
656 2004 56 19 gran
720 1995 88 26 premiu
817 1992 131 25 d’apertura
961 1990 58 18 lutte
1036 1988 59 17 cate-

629 2027 64 26 gorie,
705 2023 108 22 ottesimu
830 2026 55 19 gran
903 2022 89 20 premiu
1009 2017 87 16 .anne-

629 2045 41 32 ’on,
680 2051 100 22 secondu
788 2055 58 20 gran
855 2045 89 27 premiu
952 2045 23 19 di
991 2048 13 14 e
1021 2043 73 18 dame,

629 2082 104 23 ihalenge
745 2076 123 26 Bordigoni
878 2074 30 25 (2a
915 2071 101 23 annata),
1031 2074 65 19 quxn-

633 2118 14 12 u
657 2115 54 20 gran
728 2105 88 27 premiu
833 2104 23 20 di
871 2110 13 12 u
898 2099 112 25 cünsighu
1024 2102 73 15 muni-

629 2137 77 25 cipale,
716 2135 156 22 settimugran
880 2129 89 26 premiu
983 2126 113 24 d’Ajacciu

629 2159 198 29 Bastia-Ajâcciu),
845 2162 83 22 quartu
945 2156 48 25 giru
1011 2154 86 19 ciclista

629 2195 18 19 ii
661 2192 91 21 Corsica
758 2191 27 20 in.
798 2192 49 17 ottu
856 2191 76 20 tappe,
950 2188 74 21 prioeu
1040 2185 56 36 gjan

629 2221 85 26 premiu
732 2219 21 19 di
770 2225 14 12 u
802 2216 78 20 casino
897 2211 138 25 municipale
1050 2211 14 16 d
1070 2211 29 16 A-

629 2249 77 25 jacciu,
721 2245 137 22 sedicesimu
872 2246 114 16 cnneorsu
998 2237 101 25 (lestrez-

629 2276 39 27 za),
673 2274 137 23 sedicesimu
819 2276 114 16 cuncorsu
947 2265 97 27 (fondu),
1055 2269 44 20 pn-

629 2312 36 14 tnu
673 2310 56 19 gran
738 2301 89 26 premiu
836 2299 23 20 di
873 2305 15 14 u
902 2294 115 26 cunsigliu
1031 2297 67 21 gene-

629 2334 44 20 rale
681 2332 23 20 di
714 2330 102 21 Corsica.

651 2369 299 26 A-Vixcati—L’avucatu
971 2365 77 23 Meppi
1069 2362 29 20 ha

629 2403 72 21 difesu
712 2407 14 14 a
741 2406 25 14 so
781 2398 72 25 prima
867 2401 68 16 causa
949 2399 77 15 venen
1040 2396 61 15 sccr-

629 2438 43 41 SU{j
682 2457 53 26 sgiô.
741 2455 24 21 S.
776 2455 26 20 D.
811 2453 91 24 inculpa
904 2455 24 17 tu
941 2451 22 20 di
973 2446 128 28 cumplicità

629 2489 24 18 in
661 2481 211 27 scruccarià,grazie
880 2487 13 13 a
901 2480 143 23 l'argumenti
1053 2481 49 19 pre-

629 2513 82 23 sentati
721 2520 27 12 eu
756 2511 73 25 iogïca
841 2516 13 13 e
863 2505 150 23 chiarezzada
1030 2511 15 12 u
1061 2509 41 14 nu-

630 2543 59 21 viziu
698 2545 96 16 avueatu
804 2538 21 20 si
834 2538 36 19 n’è
878 2539 69 17 tiratu
954 2539 43 15 cun
1006 2537 96 20 agrazia-

630 2574 86 18 mentu.

657 2597 131 22 Felicitemu
804 2601 14 13 u
834 2593 48 25 sgiò
900 2591 75 25 Meppi
992 2595 40 19 per
1052 2595 7 12 i
1077 2592 24 15 so

632 2625 113 27 principii.

654 2664 170 25 B’ra.lssânet
834 2673 24 5 —
866 2661 117 26 Màlgradu
995 2663 61 17 tutta
1068 2658 35 20 ciô

632 2697 50 20 ch’è
691 2698 60 17 statu
760 2693 80 21 scrittu
849 2691 28 20 da
887 2691 40 20 noi
936 2687 46 22 eâa
990 2688 52 20 altri
1051 2692 54 15 cun-

632 2723 83 22 fratelli
733 2728 47 19 per.
788 2718 101 26 rïnsignà
907 2725 14 13 u
936 2716 99 27 publicu,
1052 2714 53 21 mal-

632 2751 71 27 gradu
711 2750 126 25 l’opinione
845 2747 22 20 di
882 2750 82 21 questu
982 2745 23 19 in
1019 2750 35 13 cxc
1068 2742 35 20 chi

634 2784 114 17 cuncerna
763 2784 15 13 u
795 2774 145 22 nuttambulu
950 2772 79 21 arriva’
1051 2771 22 20 di
1089 2776 15 13 u

634 2806 94 23 batteìlu
738 2806 22 19 di
775 2804 76 22 Nizza,
867 2809 12 14 e
888 2800 124 33 malgradu^
1021 2806 15 13 u
1052 2801 53 18 votu

635 2834 115 22 cuntrariu
759 2839 14 14 e
781 2831 107 21 unanime
897 2830 22 20 di
929 2833 14 16 à
950 2826 155 26 mumcipalità

635 2862 110 27 ajaccina,
760 2859 124 22 Fraissinei
897 2857 50 21 face
964 2855 103 22 cxecchia
1084 2853 21 20 di

636 2893 124 19 marcante,
779 2894 12 14 e
808 2888 7 19 i
833 2885 139 27 passaggieri
994 2884 113 20 sbarcanu

636 2919 64 20 avale
708 2924 13 13 a
731 2917 52 20 duie
794 2921 41 14 cre
847 2914 23 19 di
883 2919 76 15 mane.

662 2947 86 20 Avemu
776 2944 135 20 abbastanza
941 2941 97 25 ripetutu
1071 2938 36 21 cio

638 2974 72 21 ch’elli
718 2979 30 14 ne
753 2975 103 23 pénsanu
865 2976 12 14 e
885 2976 29 14 ne
923 2969 114 20 risentenu
1048 2966 60 27 quel-

638 3004 16 19 li
671 3001 36 21 chi
725 3001 26 20 sò
767 2998 106 22 chiamati
891 3004 14 13 a
919 2996 109 21 brancülà
1047 2995 22 20 in
1087 2994 20 20 la

638 3033 77 18 nostra
725 3028 53 20 città
787 3034 11 13 a
809 3034 15 12 u
833 3029 67 17 cantu
911 3026 25 19 di
947 3031 15 13 u
971 3024 56 25 jallu
1034 3031 6 16 ;
1058 3028 52 15 ave-

639 3065 38 14 mu
686 3057 76 20 intesu
777 3055 55 20 dinò
849 3060 13 13 e
875 3053 111 25 lagnanze
1002 3052 23 19 di
1039 3050 69 26 queili

639 3086 36 21 chi
684 3085 91 20 benenu
784 3083 24 20 in
823 3081 92 21 Corsica
929 3081 28 24 pè
965 3080 8 19 i
987 3085 26 14 so
1025 3078 84 26 piaceri

639 3121 14 14 e
661 3113 35 20 chi
707 3112 61 20 hanu
783 3117 31 14 un
828 3109 74 25 primu
915 3108 96 21 inîroitu
1025 3107 24 20 di
1067 3107 43 19 dis-

640 3142 91 25 piacere
747 3137 118 22 mettendu
877 3137 60 24 pede
955 3136 24 20 in
997 3135 73 20 l’isula
1088 3134 23 19 di

640 3170 64 20 tutt’e
720 3168 108 19 dulcezze
834 3173 6 15 ;
853 3171 30 13 un
899 3165 19 19 ci
934 3163 71 21 ferma
1022 3163 42 20 che
1083 3161 28 20 ad

641 3196 103 22 a^hiustà
752 3200 45 15 una
804 3192 139 26 quistuneüa
953 3199 6 12 :
966 3192 19 18 A
997 3190 93 25 quandu
1098 3195 13 14 a

641 3223 145 23 oartenza.da
795 3220 74 26 quì,di
875 3220 67 20 l’altri
952 3219 87 20 battelli
1050 3224 11 13 a
1074 3217 38 20 lis—

642 3252 96 21 tess’ora
746 3251 12 20 ?
767 3249 75 21 Fatela
849 3249 60 24 justa
918 3248 92 19 almenu
1018 3247 6 18 1

929 3276 156 27 Pipistrsliu.

671 3349 97 22 Avemu
779 3347 112 28 sappiutu
908 3352 29 15 eu
949 3351 57 22 gran
1025 3345 90 26 dispia-

645 3389 55 16 cere
709 3389 13 15 a
729 3384 80 20 morte
816 3381 26 20 di
854 3386 16 15 u
877 3379 58 29 S.giô

677 3421 145 25 Ghiaseppn
830 3419 82 21 Maria
922 3416 161 23 Gambarelii.

674 3460 110 22 Anzianu
792 3457 159 28 Cùnsigiierê
957 3454 157 28 Municipale,

647 3494 112 23 Membru
771 3491 120 23 tesuriere
906 3491 25 21 di
946 3496 14 15 a
972 3488 100 22 Caméra
1091 3487 24 21 di

648 3526 152 24 Cummerciu
817 3531 14 15 e
846 3524 123 22 Ghiudice
977 3529 13 14 a
1005 3529 16 14 u
1031 3521 86 22 Tnbu-

648 3562 23 21 di
682 3559 165 23 Cummerciu.

675 3593 30 22 A’
713 3593 111 28 famiglia
840 3592 25 21 di
877 3598 14 14 u
905 3592 97 21 stimatu
1019 3589 98 22 defuntu

648 3633 66 16 vanu
737 3633 13 15 e
768 3628 83 20 nostre
867 3625 147 22 addulurate.
1028 3622 89 22 cundu-

650 3662 100 27 glianze.

1253 123 77 55 La
1361 111 255 61 Nouvelle
1659 105 255 71 Question

1315 187 529 69 d’Alsace-Lorraine

1528 295 107 32 (Suite)

1123 365 95 19 Comme
1227 365 34 19 les
1279 362 89 21 Suisses
1386 356 135 22 allemands,
1537 355 35 19 les

1101 390 231 22 Alsaciens-Lorrains
1356 390 52 17 sont
1422 385 149 19 démocrates.

1101 420 34 20 On
1143 426 14 13 a
1161 419 34 19 dit
1202 419 73 23 d’eux,
1284 416 66 26 après
1357 414 56 24 1870,
1419 418 46 19 que
1470 418 13 13 c
1489 410 85 21 étaient

1101 448 38 20 des
1153 446 134 20 Allemands
1303 440 161 27 républicains,
1483 443 22 15 et
1522 444 30 18 qu
1560 438 13 18 à

1101 481 67 15 sause
1189 474 28 19 de
1240 474 50 20 cela
1304 471 30 20 Us
1352 468 150 27 éprouvaient
1516 466 56 19 de,a

1101 501 111 22 difficulté
1233 502 13 18 à
1263 497 130 24 s’entendre
1412 501 57 15 avec
1483 493 91 25 l’Empi-

1101 538 23 13 re
1149 529 164 24 monarchique
1330 526 40 19 des
1398 522 174 22 Hohenzollern.

1101 559 66 20 Cette
1193 555 110 21 difficulté
1329 551 149 22 s’accentuait
1501 551 73 19 même

1101 587 29 20 du
1141 585 43 20 fait
1202 590 44 19 que
1263 584 22 19 le
1308 590 11 10 «
1329 579 137 22 Reichsland
1475 587 18 15 »,
1521 578 52 20 bien

1101 613 57 26 qu’il
1165 611 107 25 dépendît
1279 609 184 24 théoriquement
1472 607 28 19 de
1509 606 66 19 l’Em-

1101 641 49 25 pire
1176 643 49 16 tout
1242 637 82 23 entier,
1354 634 124 25 dépendait
1507 633 68 25 prati-

1101 671 111 23 quement
1238 668 90 17 surtout
1346 664 28 18 de
1402 663 21 19 la
1442 662 93 22 Prusse,
1553 661 22 19 le

1101 696 78 20 moins
1208 692 172 24 démocratique
1406 690 40 20 des
1470 689 61 20 Etats
1546 689 29 20 de

1101 723 117 25 l’Empire.

1128 752 95 20 Comme
1240 749 35 20 les
1288 748 92 20 Suisses
1402 744 136 24 allemands,
1553 748 23 16 et

1102 780 77 20 même
1187 782 87 17 comme
1289 776 33 19 les
1330 773 133 22 Allemands
1472 780 28 13 en
1509 773 67 24 géné-

1102 807 41 22 ral,
1153 807 34 20 les
1196 804 119 22 Alsaciens
1328 806 53 17 sont
1388 801 187 26 particularistes.

1104 835 39 20 On
1159 841 13 13 a
1190 834 33 20 dit
1239 832 70 21 d’eux
1331 831 69 25 qu’ils
1426 829 110 21 n’étàient
1552 828 24 20 ni

1102 860 166 24 Allemands,ni
1276 859 107 24 Français
1389 858 57 20 mais
1450 857 126 20 Alsaciens.

1104 890 33 24 Si,
1165 890 66 25 après
1253 887 60 25 1870,
1337 886 159 24 l’Allemagne,
1516 883 62 21 avait

1103 918 102 25 compris
1208 915 166 26 l’opportunité
1379 914 28 20 de
1412 917 83 16 mettre
1500 912 78 20 l’Alsa-

1104 945 149 22 ce-Lorraine
1262 949 39 14 sur
1310 943 22 20 le
1340 943 75 19 même
1424 941 54 26 pied
1490 946 45 19 que
1543 940 34 19 les

1105 978 78 17 autres
1191 972 83 26 parties
1283 971 29 20 de
1320 970 114 25 l’Empire,
1444 968 136 21 c’est-à-dire

1105 1003 52 19 d’en
1164 1001 56 21 faire
1228 1007 31 13 un
1267 999 52 20 Etat
1327 997 124 21 confédéré
1464 1003 29 13 au
1507 996 73 19 même

1105 1031 56 19 titre
1170 1036 45 19 que
1222 1029 22 20 la
1259 1027 104 20 Bavière,
1382 1026 21 19 le
1419 1024 162 23 Wurtemberg

1106 1065 30 14 ou
1146 1058 68 22 Bade,
1224 1056 44 20 elle
1277 1055 55 20 se.la
1338 1053 71 21 serait
1416 1051 104 22 attachée
1529 1051 51 24 plus

1106 1086 141 20 facilement.
1253 1083 46 21 Car
1307 1089 26 14 ce
1343 1081 86 25 régime
1445 1079 75 21 aurait
1532 1085 50 14 cor-

1107 1113 116 26 respondu
1232 1113 13 20 à
1253 1111 88 26 l’esprit
1359 1107 168 27 particulariste
1541 1107 40 19 des

1107 1139 246 24 Alsaciens-Lorrains.
1368 1137 58 21 Mais
1432 1136 22 20 le
1463 1140 12 11 «
1488 1134 94 21 Reicsh-

1107 1170 56 21 iand
1191 1176 12 13 a
1212 1168 93 21 d’abord
1319 1167 37 20 été
1368 1171 46 14 une
1427 1163 154 25 dépendance,

1108 1197 178 26 pourainsidire
1294 1201 45 14 une
1348 1193 91 21 colonie
1452 1192 30 20 de
1493 1189 90 26 l’Empi-

1109 1233 34 14 re.
1154 1224 196 22 Graduellement,
1365 1222 15 20 i!
1390 1225 35 16 est
1433 1220 58 23 vrai,
1505 1225 29 14 on
1554 1218 7 20 1
1570 1223 13 14 a

1109 1254 120 21 acheminé
1251 1258 52 14 vers
1321 1252 22 18 le
1359 1249 86 26 régime
1461 1251 123 17 autonome

1109 1283 41 20 des
1169 1285 76 17 autres
1262 1280 62 20 Etats
1337 1277 145 22 confédérés.
1500 1274 83 26 Quand

1109 1311 24 20 la
1153 1315 83 20 guerre
1253 1308 81 21 éclata,
1358 1307 15 19 il
1386 1305 62 20 avait
1460 1311 25 13 sa
1501 1309 83 19 propre

1110 1337 150 22 constitution
1276 1339 22 17 et
1315 1341 43 14 son
1372 1333 111 23 Landtag.
1503 1331 57 20 Mais
1568 1330 16 20 il

1111 1365 88 21 n’avait
1207 1371 41 18 pas
1257 1369 83 15 encore
1345 1367 42 15 son
1396 1365 86 21 propre
1490 1364 96 20 gouver-

1110 1397 103 20 nement,
1220 1391 137 22 c’est-à-dire
1362 1396 31 13 un
1405 1389 181 24 gouvernement

1112 1423 49 20 issu
1167 1422 29 19 de
1207 1421 21 20 la
1233 1419 93 22 volonté
1341 1417 123 22 nationale.

1137 1449 61 21 Tout
1205 1454 28 15 en
1249 1449 63 19 étant
1331 1447 144 19 démocrates
1483 1447 23 16 et
1519 1443 66 24 répu-

1115 1478 106 21 blicains,
1239 1476 34 20 les
1295 1471 246 24 Alsaciens-Lorrains,
1558 1470 29 20 de

1115 1507 74 19 même
1197 1511 44 19 que
1249 1505 34 19 les
1294 1503 90 20 Suisses
1390 1499 135 23 allemands,
1534 1502 53 17 sont

1115 1534 73 20 restés
1201 1538 64 14 assez
1288 1530 101 21 attachés
1406 1529 23 20 à.
1436 1528 22 20 la
1480 1527 106 25 religion,

1115 1561 146 26 qu’ilssoient
1265 1559 172 24 catholiquesou
1441 1558 146 23 protestants.

1115 1590 33 20 Us
1157 1588 139 21 n’associent
1306 1593 49 19 pas,
1363 1591 87 15 comme
1468 1590 28 14 on
1514 1583 21 20 le
1547 1582 41 20 fait

1115 1621 101 17 souvent
1236 1616 59 20 dans
1317 1615 33 20 les
1375 1619 56 20 pays
1447 1612 29 20 de
1501 1612 88 19 culture

1115 1645 81 23 latine,
1223 1644 68 20 l’idée
1307 1641 172 24 démocratique
1494 1640 15 20 à
1524 1638 66 21 l’idée

1115 1673 182 24 antireligieuse.

1142 1701 64 20 Dans
1220 1706 32 13 un
1265 1703 51 16 tout
1329 1702 66 16 autre
1410 1696 69 21 ordre
1493 1695 95 21 d’idées,

1116 1729 36 20 les
1160 1727 244 22 Alsaciens-Lorrains,
1410 1725 29 20 de
1453 1725 75 19 même
1545 1728 45 20 que

1117 1757 34 20 les
1157 1756 91 20 Suisses
1254 1754 127 21 allemands
1390 1757 22 16 et
1419 1753 35 20 les
1459 1751 132 21 Allemands

1117 1791 30 14 en
1154 1783 100 26 général,
1260 1787 41 16 ont
1315 1782 86 24 l’esprit
1413 1779 177 26 d’organisation

1118 1817 25 16 et
1150 1813 30 19 de
1188 1811 121 24 discipline
1319 1817 28 14 en
1357 1809 95 21 matière
1462 1807 130 21 d’adminis-

1118 1840 93 21 tration.
1221 1839 91 20 Liberté
1321 1841 22 17 et
1355 1836 138 21 démocratie
1501 1842 29 13 ne
1538 1838 54 17 sont

1119 1874 43 16 nas
1175 1873 58 20 pour
1247 1873 45 14 eux
1306 1870 138 21 synonymes
1458 1864 30 20 de
1503 1863 89 20 laisser-

1119 1897 59 19 aller
1186 1899 23 16 et
1216 1895 29 20 de
1254 1894 144 25 négligence.

1146 1924 34 20 En
1198 1927 79 16 tenant
1293 1925 90 22 compte
1395 1921 28 20 de
1434 1924 52 17 tout
1498 1919 57 23 cela,
1562 1925 30 14 on

1121 1951 125 25 comprend
1272 1951 69 24 qu’on
1364 1949 32 20 ait
1419 1955 31 19 pu
1478 1948 49 20 dire
1552 1947 40 20 des

1120 1978 120 21 Alsaciens
1257 1977 67 25 qu’ils
1342 1977 92 19 avaient
1454 1976 23 19 le
1496 1980 97 14 cerveau

1121 2006 115 21 allemand
1245 2006 51 19 elle
1313 2010 63 15 coeur
1386 2003 107 24 français,
1511 2006 22 16 et
1550 2007 44 19 que

1122 2036 58 19 c’est
1191 2041 29 13 en
1234 2034 64 24 dépit
1315 2033 29 19 de
1361 2033 49 19 leur
1432 2037 96 14 cerveau
1540 2030 54 20 alle-

1122 2063 69 20 mand
1211 2061 67 25 qu’ils
1291 2061 92 19 avaient
1400 2059 81 21 conclu
1498 2064 56 15 avec
1571 2058 23 19 la

1123 2090 87 21 France
1228 2088 134 21 d’autrefois
1376 2095 31 13 un
1435 2087 99 25 mariage
1548 2092 46 14 non

1124 2124 42 20 pas
1174 2118 28 20 dé
1210 2117 85 23 raison,
1304 2117 59 20 mais
1369 2115 166 21 d’inclination.

1341 2153 8 9 »

1349 2167 9 7 *

1150 2191 40 26 Ç’a
1198 2191 34 20 été
1241 2196 47 14 une
1295 2189 87 26 grande
1389 2187 206 24 désillusion,aussi

1125 2220 54 20 bien
1184 2225 57 19 pour
1246 2220 36 19 les
1297 2217 237 21 Alsaciens-Lorrains
1552 2221 45 19 que

1125 2253 60 19 pour
1201 2247 33 20 les
1249 2246 124 24 «Français
1391 2246 27 20 de
1439 2245 156 20 l’intérieur»,

1125 2276 61 20 ainsi
1195 2276 67 24 qu’on
1278 2275 94 24 désigne
1381 2280 28 14 en
1418 2272 179 22 Âlsace-Lorrai-

1126 2310 30 14 ne
1162 2304 33 19 les
1202 2303 106 24 Français
1313 2303 29 20 de
1351 2302 94 23 France,
1451 2301 147 20 deconstater

1126 2338 47 18 que
1191 2331 21 20 la
1227 2331 87 24 reprise
1328 2330 29 21 de
1374 2331 22 19 la
1413 2330 38 20 vie
1471 2334 126 17 commune,

1126 2360 68 25 après
1213 2359 21 20 le
1257 2359 70 20 traité
1343 2359 28 20 de
1383 2358 120 23 Yersaille,
1516 2356 84 21 n’avait

1127 2388 60 24 plus,
1197 2393 87 14 comme
1292 2390 71 17 avant
1371 2386 58 21 celui
1439 2386 29 20 de
1472 2384 125 22 Francfort,

1127 2416 22 19 le
1168 2416 73 19 même
1265 2415 114 20 caractère
1413 2414 55 20 d’un
1497 2413 102 24 mariage

1128 2443 168 20 d’inclination.
1306 2443 37 20 On
1361 2449 13 14 a
1387 2448 29 15 vu
1425 2441 101 26 prendre
1539 2441 61 20 nais-

1127 2477 71 15 sance
1206 2475 22 16 et
1234 2477 25 14 se
1265 2471 139 25 développer
1413 2470 56 20 chez
1479 2470 118 23 beaucoup

1128 2499 253 21 d’Aisasiens-Lorrains
1396 2505 30 14 un
1444 2501 48 17 état
1504 2497 97 24 d’esprit

1128 2527 44 21 fait
1185 2528 28 20 de
1219 2529 209 19 mécontentement
1443 2530 23 17 et
1483 2526 68 25 qu’en
1564 2531 37 19 ap-

1129 2556 59 25 pelle
1197 2559 157 17 couramment
1362 2556 22 19 le
1398 2559 10 12 «
1414 2555 96 20 malaise
1518 2562 10 11 »
1543 2553 58 20 alsa-

1129 2584 158 20 cien-Iorrain.

1158 2616 18 16 D
1186 2616 29 16 où
1224 2616 36 16 est
1263 2616 63 16 venü
1333 2617 43 15 cet<
1383 2616 96 16 malaise
1486 2619 11 11 »
1504 2616 11 14 t

1159 2640 104 21 Pendant
1280 2640 21 21 la
1326 2646 89 19 guerre,
1444 2640 64 20 alors
1532 2638 71 25 qu’on

1132 2669 93 24 pouvait
1233 2669 53 24 déjà
1294 2669 94 24 prévoir
1396 2667 84 26 qu’elle
1487 2674 26 14 se
1528 2671 77 16 termi-

1132 2697 74 20 nerait
1213 2703 59 18 pour
1281 2696 21 20 la
1318 2696 87 21 France
1421 2702 43 18 par
1477 2696 22 20 la
1516 2694 88 26 reprise

1132 2725 29 19 de
1169 2724 223 24 l’Âlsace-Lorraine,
1401 2724 100 21 Maurice
1512 2723 90 23 Barrés,

1132 2753 41 24 qui
1190 2753 54 20 était
1260 2753 117 24 président
1393 2753 28 20 de
1439 2752 21 20 la
1479 2752 71 25 Ligue
1563 2751 41 20 des

1134 2781 119 25 patriotes,
1262 2780 78 25 publia
1348 2781 58 20 dans
1414 2780 14 20 Y
1427 2780 63 21 Echo
1499 2780 30 20 de
1536 2779 70 21 Paris

1133 2809 165 20 unarticlesur
1314 2809 21 19 la
1339 2809 102 20 manière
1449 2808 56 20 dont
1522 2808 15 19 il
1553 2814 53 13 con-

1133 2837 142 20 viendraitde
1284 2837 77 20 traiter
1364 2837 34 20 les
1402 2837 121 24 provinces
1528 2842 79 14 recon-

1134 2865 85 24 quises.
1228 2864 95 21 Lorrain
1331 2865 125 22 lui-même,
1476 2864 58 20 donc
1552 2870 53 13 con-

1134 2893 140 20 naissantles
1281 2893 144 24 populations
1432 2893 56 20 dont
1495 2892 17 20 il
1519 2891 86 25 pariait,

1134 2921 17 20 il
1164 2921 87 20 mettait
1267 2927 29 13 en
1312 2921 70 24 garde
1399 2924 81 17 contre
1497 2920 111 20 certaines

1134 2955 91 14 erreurs
1234 2949 40 25 qui
1282 2950 133 23 pourraient
1423 2949 53 20 -être
1487 2947 120 21 commises

1135 2977 13 20 à
1156 2977 50 20 leur
1214 2976 77 26 égard.
1296 2976 18 20 Il
1331 2977 115 25 signalait,
1456 2979 151 18 notamment,

1135 3005 23 20 le
1166 3009 45 16 tort
1219 3011 44 19 que
1270 3005 132 24 pourrrient
1406 3004 58 21 faire
1480 3005 12 19 à
1504 3004 22 20 la
1541 3009 68 14 cause

1135 3031 114 26 française
1264 3039 29 13 en
1316 3033 199 20 Alsace-Lorraine
1535 3039 12 11 «
1553 3031 56 20 trois

1136 3061 135 24 gendarmes
1294 3060 28 20 de
1348 3061 187 20 Carcassonne»’
1556 3059 53 24 qu’y

1137 3089 118 20 enverrait
1272 3089 22 19 le
1311 3092 181 21 gouvernement
1500 3088 28 20 de
1536 3087 73 20 Paris.

1138 3116 61 21 Ces«
1206 3117 56 20 trois
1271 3117 136 24 gendarmes
1412 3117 29 20 de
1446 3116 162 21 Carcasonne»

1138 3144 179 25 symbolisaient,
1333 3151 44 14 aux
1393 3151 59 18 yeux
1474 3144 28 20 de
1520 3143 89 22 Barrés,

1138 3179 33 13 un
1188 3172 116 21 ensemble
1318 3173 28 20 de
1369 3173 82 20 choses
1467 3171 125 21 contraires
1598 3171 12 19 à

1138 3200 87 26 l’esprit
1238 3200 109 22 alsacien.
1366 3201 82 20 C'était
1474 3199 101 22 d’abord,
1590 3198 22 20 le

1139 3227 56 21 Midi
1203 3228 121 24 incapable
1332 3229 29 20 de
1366 3228 151 25 comprendre
1525 3226 86 21 leNord

1140 3255 95 21 rhénan.
1250 3255 81 21 C’était
1353 3255 222 22 l’anticléricalisme,
1593 3254 18 19 si

1141 3285 117 23 opposéau
1266 3289 54 15 sens
1324 3284 111 25 religieux
1440 3284 41 19 des
1486 3283 127 20 Alsaciens-

1143 3311 114 20 Lorrains.
1267 3311 79 23 C’était
1354 3312 87 24 l’esprit
1449 3311 105 20 niveleur
1562 3314 23 17 et
1591 3310 20 21 la

1141 3339 134 20 tracasserie
1284 3339 192 21 administrative.

1169 3366 39 23 Or,
1216 3372 59 18 pour
1283 3367 119 25 expliquer
1409 3366 22 20 le
1445 3367 95 19 malaise
1555 3366 57 20 alsa-

1142 3394 146 21 cien-Iorrain
1304 3401 29 14 on
1342 3394 104 25 pourrait
1454 3394 49 20 dire
1516 3394 54 25 qu’il
1580 3397 35 17 est

1143 3421 31 19 dû
1191 3422 13 19 à
1226 3428 27 13 ce
1269 3429 45 18 que
1328 3423 35 19 les
1379 3421 236 21 Alsaciens-Lorrains

1143 3450 165 23 s’aperçoivent
1317 3456 45 19 que
1374 3450 35 19 les
1416 3449 58 20 trois
1482 3449 133 25 gendarmes

1144 3476 30 20 de
1195 3476 157 22 Carcassonne
1366 3481 53 16 sont
1427 3477 15 19 à
1454 3477 63 20 leurs
1529 3480 85 22 portes,

1144 3510 30 14 ou
1185 3506 72 19 même
1265 3506 67 24 qu’ils
1347 3509 54 16 sont
1414 3505 51 24 déjà
1483 3505 56 20 dans
1553 3505 63 19 leurs

1144 3538 72 14 murs.

1171 3562 32 21 Ce
1211 3564 38 24 qui
1259 3568 35 17 est
1298 3565 52 24 plus
1359 3569 77 19 grave,
1452 3563 58 20 c’est
1523 3569 44 19 que
1578 3569 38 14 ces

1145 3591 58 19 trois
1215 3592 135 24 gendarmes
1360 3597 29 14 ne
1405 3592 160 23 représentent
1576 3597 41 19 pas

1145 3620 15 18 à
1166 3619 61 20 leurs
1235 3625 59 19 yeux
1302 3626 46 14 une
1359 3619 73 24 partie
1439 3618 29 20 de
1482 3619 21 20 la
1522 3618 93 23 France,

1147 3647 58 20 mais
1213 3647 75 24 plutôt
1294 3648 22 20 la
1329 3647 154 23 Franceprise
1499 3647 58 19 dans
1573 3653 43 14 son

1147 3675 123 24 ensemble,
1291 3676 89 20 animée
1399 3674 125 20 désormais
1548 3674 28 20 de
1593 3681 25 13 ce

1599 352 39 24 qui
1654 358 58 18 pour
1733 350 89 20 Barrés,
1847 347 55 20 était
1931 346 7 19 1
1947 344 68 26 esprit
2040 343 29 19 de

1599 379 155 20 Carcasonne.

1623 410 74 19 Avant
1706 407 81 26 1870,'ii
1797 406 77 20 n’était
1880 411 40 18 pas
1929 403 106 26 question
2040 401 29 20 de

1599 437 93 20 malaise
1697 435 107 22 alsacien,
1816 434 51 20 bien
1877 439 45 18 que
1931 432 97 19 l’Alsace
2036 429 34 20 fût

1600 465 81 22 restée,
1693 470 29 13 au
1741 463 65 24 point
1819 462 28 19 de
1864 467 44 13 vue
1922 459 109 24 ethnique
2047 460 22 16 et

1599 492 159 25 linguistique,
1776 490 100 25 quelque
1900 488 69 20 chose
1984 486 86 20 d’assez

1599 520 105 21 différent
1712 520 29 19 de
1749 519 22 20 la
1785 518 93 20 France.
1894 516 24 20 Si
1936 522 25 13 ce
1976 513 94 21 malaise

1599 549 53 20 s’est
1660 547 118 21 manifesté
1787 547 127 23 aprèsi9î9,
1930 550 13 12 c
1951 546 41 19 est,
2002 542 68 19 d’une

1600 580 58 21 part,
1676 581 69 19 parce
1767 580 44 19 que
1829 569 216 24 l’Alsace-Lorraine
2058 574 12 13 a

1600 605 106 19 retrouvé
1723 610 28 13 en
1771 606 58 20 19*9»
1855 605 46 14 une
1926 603 86 14 france
2031 595 39 25 qui

1600 631 79 20 n’était
1684 631 53 24 plus
1743 629 56 20 celle
1808 627 83 25 qu’elle
1900 625 62 20 avait
1981 629 90 14 connue

1600 660 29 18 du
1636 663 73 19 temps
1722 657 29 20 de
1759 657 48 19 leur
1814 655 36 20 vie
1859 657 129 17 commune,
1996 650 74 20 tandis

1600 686 81 25 qu’elle
1688 685 55 20 était
1762 684 82 22 réstée,
1877 686 54 15 sous
1948 680 21 19 le
1987 678 84 25 régime

1600 714 120 21 allemand.,
1730 711 116 25 identique
1855 711 13 19 à
1873 715 25 14 ce
1907 706 164 27 qu’elle-même

1601 743 54 20 était
1668 749 27 13 en
1714 741 63 25 1870;
1793 744 22 16 et
1832 739 62 20 c’est,
1904 737 86 20 d’autre
2013 737 57 23 part,

1601 777 67 19 parce
1696 776 45 18 que
1772 764 224 25 l’Alsace-Lorraine,
2032 768 41 18 Pc:r

1602 799 59 20 suite
1669 798 28 20 de
1706 797 52 26 près
1770 796 53 20 d’un
1840 792 139 23 demi-siècle
1992 791 29 20 de
2036 789 37 20 vie

1601 832 120 15 commune
1726 831 57 14 avec
1788 823 159 23 l’Allemagne,
1957 822 68 19 avait,
2044 824 27 12 en

1603 855 97 25 quelque
1715 857 68 18 sorte,
1804 851 73 25 repris
1896 848 135 21 conscience
2045 846 28 19 de

1602 889 41 14 son
1652 882 165 24 tempérament
1825 877 157 27 germanique.

1629 914 63 20 Cette
1705 914 106 18 dernière
1832 914 112 16 assertion
1958 914 48 13 ieia

1604 942 69 20 doute
1693 943 112 23 protester
1831 937 112 21 certaines
1962 940 56 19 gens
2034 932 39 25 qui

1604 970 101 20 croiront
1713 968 58 21 faire
1777 967 59 20 ainsi
1854 970 86 21 preuve
1956 963 29 19 de
1993 964 82 21 patrio-

1605 999 74 19 tisme.
1689 997 27 20 Et
1733 998 116 22 pourtant,
1868 993 15 20 il
1901 999 11 13 s
1920 991 47 24 agit
1983 990 21 19 la
2022 989 14 19 d
2044 994 30 13 un

1605 1026 143 25 phénomène
1756 1027 50 16 tout
1813 1020 97 23 naturel-
1926 1019 19 20 H
1962 1019 55 19 était
2025 1022 51 14 nor-

1606 1054 44 19 mal
1656 1059 53 19 que,
1718 1058 29 14 en
1759 1051 55 24 >870,
1821 1049 59 20 deux
1886 1051 54 16 cent
1944 1045 131 25 vingt-deux

1606 1087 42 14 ans
1666 1081 27 20 de
1711 1080 85 24 régime
1814 1076 98 24 français
1938 1077 93 18 eussent
2047 1078 27 14 eu

1607 1115 58 19 pour
1671 1108 158 24 conséquence
1835 1111 44 19 que
1884 1104 22 20 le
1911 1102 165 25 tempérament

1606 1136 149 27 germanique
1777 1135 28 19 de
1830 1133 101 21 l’Alsace,
1955 1130 33 20 s’il
2004 1135 11 14 s
2023 1128 53 20 était

1607 1165 126 21 maintenu,
1747 1169 25 14 se
1780 1162 34 21 fût
1831 1160 126 25 cependant
1977 1157 98 22 atténué,

1607 1201 29 13 au
1646 1193 64 25 point
1715 1193 28 20 de
1752 1196 73 16 rester
1832 1191 13 19 à
1853 1189 62 20 l’état
1923 1188 72 19 latent
2003 1185 73 25 plutôt

1608 1229 45 19 que
1661 1222 28 20 de
1697 1227 26 14 se
1731 1219 133 22 manifester
1871 1225 6 15 ;
1886 1221 24 16 et
1926 1216 17 20 il
1960 1214 55 21 était
2028 1216 49 17 tout

1608 1251 63 20 aussi
1681 1248 87 22 normal
1786 1253 45 19 que
1844 1245 98 22 l’Alsace
1957 1246 69 22 ayant
2042 1241 35 20 été

1609 1277 159 26 réincorporée
1776 1282 29 14 au
1827 1274 77 21 milieu
1921 1275 155 22 germanique,

1609 1313 42 15 son
1675 1306 163 25 tempérament
1862 1300 90 22 naturel
1973 1302 70 21 reprit
2057 1298 21 19 le

1609 1335 89 20 dessus.
1705 1333 31 20 La
1745 1332 71 20 Corse
1825 1334 37 16 est
1870 1329 110 20 italienne
1992 1326 57 20 dans
2057 1325 21 19 la

1609 1363 74 20 même
1689 1365 138 20 mesureque
1832 1358 95 20 l’Alsace
1932 1359 35 17 est
1971 1355 107 19 alleman-

1610 1391 35 22 de,
1664 1396 25 14 ce
1703 1389 40 25 qui
1760 1394 30 14 ne
1807 1387 28 20 l’a
1857 1391 40 20 pas
1912 1382 122 27 empêchée
2049 1380 28 21 de

1610 1408 469 32 s’accomoderdurégimefrançais.(î)Mais

1611 1447 20 20 si
1640 1446 43 21 elle
1691 1445 56 20 était
1752 1444 80 20 réunie
1840 1444 13 18 à
1859 1441 80 22 l’Italie
1955 1443 23 17 et
1994 1437 83 27 qu’elle

1612 1481 29 14 ne
1649 1474 25 21 fit
1682 1477 77 17 retour
1767 1473 13 19 à
1796 1472 22 19 la
1836 1471 86 20 France
1940 1469 69 25 qu’au
2024 1466 55 21 bout

1612 1503 55 20 d’un
1672 1500 145 23 demi-siècle,
1825 1499 15 20 ii
1849 1502 35 17 est
1891 1497 92 21 évident
1988 1501 45 19 que
2038 1500 41 14 son

1612 1531 164 25 tempérament
1797 1528 79 19 italien
1891 1525 71 21 serait
1979 1524 51 25 plus
2047 1529 34 13 ac-

1613 1560 81 20 centué
1708 1557 55 26 qù’il
1774 1563 29 13 ne
1815 1556 56 20 l’eût
1881 1555 36 20 été
1935 1560 28 13 au
1982 1555 99 18 moment

1613 1588 28 20 de
1650 1588 22 19 la
1678 1585 138 26 séparation.

1639 1619 77 25 Quant
1724 1624 29 13 au
1761 1616 40 21 fait
1807 1622 45 19 que
1867 1615 224 20 l’Aisace-Lorraine.

1615 1654 12 14 a
1636 1646 112 23 retrouvé,
1762 1651 28 14 en
1801 1649 57 20 19-3>
1876 1649 45 14 une
1939 1642 87 20 France
2043 1638 40 21 dif-

1615 1675 85 21 férents
1708 1675 29 19 de
1746 1673 56 21 celle
1816 1672 84 25 qu’elle
1917 1670 63 20 avait
1993 1673 90 16 connue

1615 1711 29 13 au
1652 1706 102 17 moment
1761 1702 28 19 de
1797 1701 22 20 la
1837 1699 128 26 séparation
1980 1697 28 20 de
2026 1695 55 25 187L

1615 1733 17 19 il
1657 1738 29 13 ne
1702 1736 51 15 sera
1779 1728 102 21 contesté
1906 1733 42 19 par
1963 1729 120 22 personne.

1617 1759 139 22 L’évolution
1763 1756 155 27 républicaine
1927 1758 23 17 et
1955 1752 130 22 démocrati-

1616 1794 45 19 que
1678 1788 29 19 de
1721 1788 22 18 la
1761 1786 86 20 France
1869 1784 76 21 s’était
1961 1781 124 25 accomplie

1618 1817 58 20 dans
1684 1822 31 13 un
1727 1818 51 17 tout
1795 1819 65 14 autre
1878 1812 71 25 esprit
1970 1816 45 20 que
2029 1809 56 21 celui

1617 1851 46 19 que
1670 1844 34 20 les
1712 1840 245 23 Alsaciens-Lorrains,
1975 1844 55 15 avec
2036 1838 49 19 leur

1617 1873 166 24 tempérament
1788 1869 158 26 germanique,
1955 1874 39 15 eu,
2004 1873 19 13 si
2040 1866 45 20 l’on

1617 1900 95 23 nréfère,
1719 1899 73 21 suisse
1800 1897 121 21 allemand,
1928 1895 107 21 estiment
2043 1900 43 19 que

1618 1930 48 19 doit
1674 1928 64 21 avoir
1751 1927 73 20 l’idéal
1833 1924 139 27 républicain
1983 1928 22 15 et
2014 1923 75 20 démo-

1618 1957 109 24 cratique.
1735 1956 53 19 Cela
1798 1954 105 24 explique
1915 1958 51 19 que,
1976 1951 72 26 parmi
2056 1950 32 20 les

1619 1984 71 25 partis
1710 1981 230 22 alsaciens-lorrains,
1970 1979 17 20 ii
2004 1979 37 23 n’y
2058 1977 31 20 ait

1618 2013 69 25 guère
1695 2011 70 25 quele
1769 2009 58 26 parti
1834 2008 114 21 socialiste
1953 2007 39 26 qui
1997 2009 92 22 accepte

1619 2046 53 15 sans
1680 2040 102 19 réserves
1791 2038 21 20 le
1821 2037 85 21 nouvel
1912 2037 47 19 état
1963 2036 29 19 de
2001 2034 87 21 choses.

1644 2068 61 21 C’est
1713 2070 90 17 surtout
1809 2072 30 14 au
1847 2064 148 27 pointdevue
2003 2062 87 21 confes-

1620 2096 90 21 sionnel
1733 2095 55 26 qu’il
1803 2101 14 18 y
1835 2101 12 13 a
1865 2094 141 19 mésentente
2027 2094 64 17 entre

1620 2123 213 22 l’Alsace-Lorraine
1841 2126 22 16 et
1871 2122 21 20 la
1902 2121 94 21 France,
2004 2119 86 21 celle-ci

1620 2154 61 20 étant
1688 2153 104 20 devenue
1799 2151 78 25 laïque
1890 2154 23 16 et
1928 2148 161 23 anticléricale,

1620 2181 76 21 tandis
1704 2186 45 19 que
1752 2178 213 22 l’Alsace-Lorraine
1971 2180 35 17 est
2011 2177 79 21 restée,

1621 2211 14 19 à
1643 2214 36 16 cet
1684 2209 77 25 égard,
1771 2214 26 14 ee
1806 2207 83 25 qu’elle
1895 2207 56 20 était
1966 2212 28 13 en
2006 2204 57 25 <870.
2073 2203 16 21 U

1622 2245 28 14 en
1659 2238 85 20 résulte
1752 2243 52 19 que,
1814 2242 29 14 en
1856 2233 207 22 Alsace-Lorraine,
2070 2232 21 20 la

1623 2266 103 25 majorité
1754 2264 128 24 catholique
1906 2268 23 15 et
1950 2262 21 20 la
1989 2261 102 21 minorité

1623 2297 139 23 protestante
1779 2292 50 21 font
1840 2291 63 21 front
1929 2297 30 14 en
1988 2295 103 14 commun

1623 2326 78 17 contre
1710 2321 67 21 l’idée
1786 2321 78 24 laïque
1868 2318 146 27 représentée
2024 2323 42 19 par
2073 2317 18 20 la

1624 2351 93 20 France.

1650 2382 30 20 La
1687 2381 106 25 question
1806 2380 29 20 de
1848 2380 22 19 la
1886 2380 83 24 langue
1987 2384 12 14 a
2017 2380 78 17 autant

1628 2410 168 25 d’importance,
1807 2409 102 20 d’autant
1917 2407 51 26 plus
1977 2412 53 19 que,
2039 2411 56 20 peur

1628 2439 116 24 beaucoup
1762 2435 267 23 d’Alsaciens-Lcrrains,
2053 2433 43 21 elle

1628 2473 22 14 se
1657 2465 99 22 confond
1767 2472 57 13 avec
1841 2464 56 21 celle
1914 2464 29 20 de
1962 2463 134 24 l’enseigne-

1628 2498 61 18 ment
1701 2494 118 26 religieux.

1652 2530 61 20 Pour
1721 2528 151 25 comprendre
1889 2527 176 24 complètement
2074 2525 22 20 le

1628 2558 92 20 malaise
1728 2557 203 21 alsacien-lorrain,
1950 2555 16 20 il
1979 2554 48 20 faut
2039 2553 57 20 faire

1629 2593 44 14 une
1690 2585 135 21 distinction
1846 2588 65 16 entre
1928 2584 22 20 le
1964 2583 92 25 présent
2075 2585 22 16 et

1629 2615 100 22 l’avenir,
1748 2613 137 20 c’est-à-dire
1899 2617 65 15 entre
1979 2611 21 20 le
2012 2611 85 24 régime

1629 2642 160 21 actuellement
1802 2647 30 14 en
1849 2640 97 25 vigueur
1963 2645 28 14 en
2009 2639 89 19 Alsace-

1630 2671 115 21 Lorraine,
1756 2673 21 16 et
1791 2669 60 20 celui
1865 2674 45 18 que
1923 2668 34 20 les
1974 2666 124 21 Alsaciens-

1630 2698 105 22 Lorrains
1745 2698 117 24 craignent
1871 2696 35 25 d’y
1919 2695 49 20 voir
1986 2694 112 25 prévaloir

1630 2726 115 26 plustard.
1755 2725 105 25 Quelque
1868 2724 61 20 désir
1947 2724 67 24 qu’en
2021 2723 40 23 ait,
2070 2729 27 13 en

1631 2755 92 21 France,
1733 2753 138 21 d’assimiler
1886 2751 212 21 i’Aisace-Lorraine

1631 2790 30 13 au
1666 2786 60 17 reste
1735 2782 30 20 du
1774 2787 64 19 pays,
1845 2787 30 14 on
1884 2787 12 13 a
1914 2780 101 24 compris
2028 2780 69 24 qu’un

1632 2811 84 25 régime
1725 2810 29 20 de
1763 2809 120 21 transition
1893 2809 57 20 était
1961 2807 137 21 nécessaire.

1632 2841 35 19 Au
1690 2839 66 24 point
1769 2838 29 20 de
1815 2844 45 13 vue
1872 2836 176 21 confessionnel,
2059 2841 40 19 par

1633 2867 109 25 exemple,
1751 2867 22 19 le
1781 2866 85 25 régime
1871 2866 28 19 de
1904 2865 21 20 la
1935 2865 128 24 séparation
2072 2863 28 20 de

1633 2895 90 26 l’Eglise
1741 2898 23 16 et
1778 2894 29 20 de
1824 2893 66 21 l’Etat
1917 2893 36 20 n’v
1980 2899 13 14 a
2009 2898 41 19 pas
2065 2893 35 19 été

1634 2923 117 21 introduit.
1774 2922 33 21 En
1833 2922 94 20 matière
1942 2921 121 25 religieuse
2079 2922 21 18 et

1635 2951 102 23 scolaire,
1764 2951 33 20 les
1810 2949 235 21 Alsaciens-Lorrains
2062 2952 39 17 ont

1634 2985 82 16 encore
1721 2978 149 21 satisfaction.
1879 2977 30 21 La
1914 2978 82 25 langue
2001 2977 29 20 du
2037 2982 62 19 pays,

1635 3007 134 22 c’est-à-dire
1777 3007 21 19 la
1817 3006 84 25 langue
1918 3005 134 23 allemande,
2068 3008 34 17 est

1635 3041 81 15 encore
1724 3034 117 25 ménagée,
1850 3033 100 26 quoique
1963 3040 14 13 a
1985 3039 31 14 un
2031 3032 71 21 moin-

1636 3064 39 20 dre
1683 3063 70 24 degré
1761 3068 44 19 que
1815 3061 92 26 l’Eglise
1920 3066 23 16 et
1951 3061 85 21 l’école.
2045 3060 57 21 Mais

1636 3098 37 14 ces
1682 3091 144 20 concessions
1834 3093 52 17 sont
1898 3090 113 20 destinées
2028 3095 13 14 a
2058 3089 45 19 n’a-

1636 3120 49 20 voir
1718 3125 30 18 qu
1757 3125 30 13 un
1826 3122 115 17 caractère
1965 3121 137 17 transitoire.

1637 3148 41 20 Les
1686 3146 237 21 Alsaciens-Lorrains
1940 3148 163 23 comprennent

1636 3175 95 26 qu’elles
1738 3179 52 16 sont
1803 3175 121 24 précaires.
1942 3175 58 20 Leur
2017 3174 86 20 erainte

1637 3203 89 26 grandit
1733 3203 58 20 dans
1799 3203 21 20 la
1836 3209 90 14 mesure
1944 3204 73 19 même
2028 3202 31 21 où
2075 3201 28 20 ils

1638 3232 76 20 voient
1722 3232 90 22 croître,
1823 3237 27 14 en
1864 3230 94 25 France,
1975 3230 129 21 l’influence

1638 3260 40 19 des
1685 3259 72 25 partis
1765 3259 29 19 de
1801 3259 97 25 gauche,
1907 3259 52 25 plus
1976 3258 127 21 favorables

1639 3294 44 18 que
1699 3287 33 20 les
1747 3291 77 16 autres
1838 3293 29 15 au
1893 3287 147 21 nivellement
2057 3293 22 14 et
2090 3286 14 19 à

1638 3315 169 21 l’assimilation.
1818 3315 42 20 Les
1869 3315 109 21 élections
1991 3316 30 20 du
2027 3321 22 14 11
2060 3313 44 23 mai

1640 3348 50 20 1924
1697 3343 50 20 leur
1755 3347 40 16 ont
1802 3349 55 19 paru
1864 3343 52 20 d’un
1925 3344 103 19 mauvais
2035 3350 70 19 augu-

1640 3378 33 16 re,
1686 3374 90 17 surtout
1792 3372 66 23 après
1869 3377 45 18 que
1921 3371 31 20 M.
1959 3371 98 24 Herriot,
2066 3378 39 18 par

1639 3406 26 14 sa
1670 3399 137 20 déclaration
1814 3399 164 24 ministérielle,
1986 3404 40 16 eut
2033 3401 73 24 expri-

1640 3428 36 19 mé
1684 3427 126 20 l’intention
1819 3427 151 25 de'pratiquer
1979 3435 46 14 une
2034 3429 72 24 politi-

1641 3461 44 19 que
1690 3455 15 19 d
1712 3455 158 20 assimilation.

1666 3488 30 20 La
1704 3489 105 23 question
1815 3489 181 22 administrative
2013 3492 37 19 n’a
2067 3499 40 18 pas

1642 3517 73 20 moins
1724 3517 118 20 contribué
1850 3523 43 19 que
1907 3518 22 20 la
1939 3519 104 24 question
2054 3521 53 24 poli-

1642 3545 64 24 tique
1714 3549 23 16 et
1744 3545 119 20 culturelle
1871 3552 13 13 a
1897 3547 63 20 créer
1977 3547 22 20 le
2016 3549 91 20 malaise

1642 3573 201 20 alsacien-lorrain.
1849 3573 50 20 Une
1913 3575 77 20 bonne
2002 3576 105 22 adminis-

1643 3601 90 23 tration,
1741 3602 54 19 c’est
1800 3607 57 18 pour
1864 3608 29 13 un
1899 3603 83 25 peuple
1987 3603 120 25 leprimum

1643 3629 82 20 vivere.
1735 3628 40 24 Or,
1781 3629 16 19 il
1802 3632 34 17 est
1841 3635 100 16 reconnu
1947 3632 74 20 même
2026 3639 41 18 par
2070 3633 37 21 des

1641 3657 115 23 journaux
1771 3656 98 25 français
1889 3660 160 20 nationalistes
2066 3667 41 19 que

1644 3685 196 20 l’administration
1856 3685 110 25 française
1983 3695 13 13 a
2018 3690 89 20 commis

2093 91 38 19 des
2148 94 90 15 erreurs
2261 93 27 13 en
2306 86 188 35 Alsace-Lorraine

2094 117 117 25 président
2234 114 96 24 Wilson,
2362 117 54 23 dans
2440 109 67 42 son6]-

2093 145 104 20 intitulée
2205 143 90 22 L’Etat,
2305 148 12 13 a
2327 150 99 18 reconnu
2443 159 41 17 qUe
2499 141 40 28 ,1,Vre

2093 174 103 23 lemagne
2204 171 54 20 était
2264 171 22 19 le
2300 176 54 19 pays
2364 173 21 20 le
2399 176 70 25 mieux
2485 165 55 42 ad^-'

2095 204 77 19 nistré.
2183 202 42 20 Les
2233 201 230 30 Alsaciens-Lorrains
2469 219 24 15 av

2094 238 26 13 eu
2127 232 21 19 le
2158 229 100 22 bénéfice
2266 229 28 19 de
2300 233 58 16 cette
2367 231 72 24 bonne
2452 224 81 39 adm^
2534 231 7 16 1

2094 259 92 22 tration,
2193 261 23 16 et
2224 257 16 20 il
2250 257 58 19 n’est
2313 263 42 18 pas
2369 265 97 21 contesté
2483 253 58 38 qlnis;

2095 293 23 13 ce
2126 287 65 24 point
2199 285 28 20 de
2236 291 43 13 vue
2297 286 92 23 spécial,
2403 279 137 39 ilsn’ontU6’à

2093 315 73 25 gagné
2175 320 29 14 en
2214 316 98 22 passant,
2327 319 28 14 en
2366 320 55 21 1919,
2435 321 52 23 d>ün

2095 345 11 18 à
2115 349 30 13 un
2155 345 71 17 autre.

2338 372 89 25 Alcide
2437 378 78 29 Ebrav

2109 403 52 14 Revue
2170 403 19 13 da
2196 401 74 18 Hongrie,
2279 401 17 14 lii
2304 401 67 15 Juillet—
2372 403 17 14 lü
2396 405 38 16 Août
2440 409 32 16 i'm
2502 400 11 12 J
2517 405 4 4 ’

2283 424 20 21 (à
2309 424 67 24 suivre)

2116 462 54 23 (1)—
2237 461 102 22 (Aïvluvra)

2098 548 178 47 mmiE
2303 547 51 48 Dl
2383 551 159 61 CORSICA

2116 647 123 23 Ajacciu-
2249 648 59 19 Morte
2317 649 20 18 di
2344 654 14 13 u
2368 650 42 23 Sgiô
2421 653 87 24 Ghil0riïlll
2524 666 6 11 ,

2098 674 53 20 oaud,
2160 673 24 18 28
2192 674 50 17 anni.
2499 667 10 13 u
2519 666 29 20 Ar-,

2117 708 22 3 —
2144 698 61 19 Morte
2212 699 20 18 di
2240 704 12 13 u
2262 699 44 23 Sgiò
2314 701 71 18 Matteu
2393 702 58 21 Cardi.
2459 707 21 19 87
2485 715 38 17 aim]

2116 735 79 19 Bastia
2201 746 22 4 —
2228 737 60 18 Morte
2296 737 19 17 di
2323 742 14 13 u
2346 737 44 24 Sgiô
2399 739 74 23 Stefanu
2480 748 20 19 de
2505 751 35 22 Susi

2116 796 22 4 —
2144 787 120 19 Matrimoniu
2272 789 20 17 di
2300 789 126 21 Madamicella
2431 794 51 21 Irena

2098 817 21 13 eu
2124 817 12 12 u
2145 811 45 24 Sgiô
2195 813 78 18 Michèle
2277 814 103 19 Battistini.
2509 807 37 18 ral(ii

2118 847 23 4 —
2145 837 60 19 Morte
2210 838 19 18 di
2235 839 127 20 Madamicella
2370 840 56 21 Maria
2434 845 56 22 Ortoli

2118 873 23 3 —
2146 863 61 18 Morte
2220 863 19 18 di
2248 864 84 19 Madama
2340 866 24 19 de
2378 867 76 21 Gaffori.
2462 876 40 17 nata
2511 879 11 14 V

2099 889 65 18 tauzzi.
2449 888 4 4 •
2512 885 35 15 ran-

2119 924 22 3 —
2147 914 60 19 Morte
2215 915 19 17 di
2239 920 14 12 u
2258 914 45 24 Sgiô
2311 916 92 24 Pasquale
2410 920 88 23 Agostini.

2119 950 219 24 Belgodere-Morte
2351 954 21 18 di
2382 960 13 13 u
2408 955 43 24 Sgiô
2463 960 82 23 Tuma^in

2099 977 119 18 Vincentelli.
2224 976 22 19 60
2254 978 52 17 anni.
2516 974 30 15 "clD

2121 1013 120 18 Bonifaziu
2246 1023 23 4 -
2274 1015 59 18 Morte
2342 1017 20 17 di
2366 1022 13 13 u
2387 1017 43 24 Sgiô
2434 1019 80 25 Ghiuvan
2518 1028 24 17 RM

2100 1039 43 18 tista
2152 1039 93 22 Tramoni,
2255 1040 20 17 in
2283 1040 106 24 Marseglia.
2510 1040 3 3 '

2121 1075 76 24 Borgu
2203 1086 23 4 —
2232 1077 118 19 Matrimoniu
2366 1080 18 17 di
2393 1080 118 25 Madamicella

2101 1102 76 23 gustina
2185 1102 64 18 Faloni
2257 1107 23 14 eu
2286 1108 13 12 u
2307 1103 45 23 Sgiô
2361 1104 60 21 Felice
2428 1108 82 23 Pancrazi
2521 1103 7 4 '

2122 1138 66 19 Calvi
2193 1148 23 4 —
2220 1139 119 19 Matrimomu
2353 1141 21 18 di
2387 1143 118 24 Madamicella
2516 1151 36 19 Nini

2101 1163 82 19 Mariotti
2191 1169 23 13 eu
2223 1169 11 13 u
2244 1165 42 22 sgiô
2295 1165 77 20 Stefanu
2378 1168 76 21 Ansilia.

2121 1199 23 4 —
2148 1189 61 19 Morte
2216 1190 21 18 in
2245 1190 100 24 Marseglia
2354 1192 19 18 di
2382 1198 12 13 u
2402 1194 42 23 Sgiô
2451 1197 69 21 Doriliu
2525 1201 23 20 Ma

2102 1215 91 18 raninchi.
2203 1215 22 18 59
2233 1216 51 17 anni.

2122 1249 23 4 —
2150 1240 59 18 Morte
2214 1241 20 17 di
2241 1240 126 21 Madamicella
2375 1243 83 21 Juvanna
2465 1248 67 21 Marini.
2537 1253 17 18 79

2102 1266 49 18 anni.

2123 1301 23 4 —
2150 1292 61 18 Morte
2222 1292 19 17 di
2249 1297 12 12 u
2271 1291 42 24 Sgiô
2322 1294 77 19 Ghiuliu
2411 1296 62 19 Mareu
2486 1299 63 22 Bertoni

2103 1317 21 18 82
2132 1317 51 18 anni.
2270 1317 5 4 '
2312 1318 5 5 '
2342 1320 3 3 '

2118 1352 134 19 .©alenzana
2257 1354 147 21 —Matrimoniu
2412 1358 18 17 di
2444 1358 110 25 Madamicella

2102 1379 79 18 Martina
2189 1378 105 20 Colombani
2303 1385 24 14 eu
2335 1386 13 13 u
2358 1381 43 23 Sgiô
2409 1382 65 20 Oraziu
2487 1386 61 22 Moretfi

2124 1414 23 3 —
2153 1404 62 18 Morte
2221 1405 19 18 di
2247 1410 14 13 u
2269 1405 44 24 Sgiô
2321 1407 75 18 Antone
2402 1407 88 21 Santueci.
2498 1411 20 19 66
2529 1419 26 14 an-

2104 1430 25 18 ni.

2124 1465 23 4 —
2151 1455 75 19 Intarru
2234 1457 20 17 di
2261 1462 11 13 a
2280 1458 71 23 spoglia
2361 1458 19 18 di
2388 1463 14 13 u
2410 1459 78 22 giovanu
2492 1462 62 21 Pancra-

2105 1481 29 18 ziu
2141 1481 82 18 Battisti.
2232 1482 79 22 ghiunta
2318 1483 24 18 da
2350 1483 103 23 Marseglia.

2126 1517 104 19 Fozzanu
2235 1528 23 4 —
2265 1519 60 18 Morte
2333 1519 19 18 di
2361 1525 14 12 u
2382 1519 43 24 Sgiô
2431 1520 81 22 Ghiuvan
2518 1525 36 19 Feli-

2106 1548 20 14 ee
2134 1543 99 19 Ottaviani.
2244 1543 22 19 96
2274 1545 51 18 anni.

2127 1581 157 24 Ghïuncaghiu
2290 1591 21 4 —
2316 1581 60 19 Morte
2381 1582 20 18 di
2406 1582 117 22 Madamicella
2527 1587 25 19 Ln-

2107 1607 28 18 cia
2142 1606 111 22 Palmesani,
2263 1606 22 19 21
2294 1611 57 14 annu.

2129 1643 77 18 Nonza
2211 1653 21 3 —
2237 1643 60 19 Morte
2304 1643 19 18 di
2329 1649 13 12 u
2351 1643 44 24 Sgiô
2403 1645 101 22 Augustinu
2510 1648 43 19 Patri-

2108 1669 23 22 zi,
2139 1668 23 19 80
2171 1669 51 18 anni.

2129 1706 128 22 Prupriami
2261 1716 22 4 —
2287 1707 74 18 Intarru
2368 1707 18 17 di
2393 1712 12 13 a
2412 1708 68 23 spoglia
2484 1709 17 18 di
2507 1715 12 13 u
2523 1710 32 23 Sgiô

2110 1731 54 18 Carlu
2172 1732 91 18 Leonetti.
2272 1731 23 19 49
2303 1732 53 18 anni.

2130 1768 89 24 Poghiu
2225 1769 23 18 dï
2254 1769 94 18 Venacu
2353 1779 24 4 —
2382 1769 113 20 Matrimoniu
2501 1772 18 17 di
2528 1772 30 18 Ma-

2111 1794 96 19 damicella
2215 1795 58 18 Marta
2282 1794 97 19 Ottaviani
2386 1799 41 14 cuu
2435 1795 41 24 Sgiô
2484 1796 75 19 PetruSi-

2110 1820 78 18 nibaldi.

2134 1856 118 19 Sullacarò
2258 1867 23 4 —
2285 1857 60 19 Morte
2358 1858 21 17 di
2391 1862 15 13 u
2416 1857 41 24 Sgiô
2471 1858 88 24 Ghiaseppn

2111 1883 99 22 Pangrani,
2221 1882 20 18 76
2250 1883 52 18 anni.

2134 1921 46 20 San
2187 1922 113 18 Fiurenzu
2307 1932 22 3 —
2335 1923 118 18 Matrimoniu
2464 1923 18 17 di
2489 1924 70 17 madami-

2112 1947 48 18 eella
2166 1948 56 17 Anna
2230 1947 73 19 Cosimo
2311 1952 23 14 eu
2342 1953 14 13 u
2366 1947 44 24 Sgiô
2417 1948 54 22 Horgi
2479 1948 60 20 Bruno.

2121 1999 4 3 -
2135 1986 93 19 Venacu
2236 1996 20 4 —
2265 1987 121 18 Matrimoniu
2394 1987 20 18 di
2425 1987 114 18 Madamicella
2544 1988 15 17 A-

2113 2012 58 22 gnuia
2182 2011 82 19 Simeoni
2272 2017 24 14 eu
2306 2017 14 13 u
2328 2012 45 23 Sgiô
2381 2013 61 18 Anton
2450 2013 75 18 Lorenzu
2533 2012 26 18 Gu-

2114 2037 78 23 glielxni.

2135 2072 23 4 —
2162 2062 61 19 Morte
2230 2063 20 18 di
2259 2068 11 13 u
2280 2063 45 23 Sgiô
2331 2063 103 19 Ghiacumu
2443 2063 72 18 Rinieri.

2136 2097 22 4 —
2162 2088 60 19 Morte
2230 2089 20 17 di
2256 2093 13 13 u
2278 2088 43 24 Sgiô
2330 2089 103 18 Bumenicu
2441 2089 89 23 Mignucci.

2137 2124 62 19 Veru
2202 2125 87 19 —Morte
2300 2126 20 17 di
2328 2131 13 13 u
2349 2125 45 24 Sgiô
2403 2126 73 18 Valeriu
2487 2125 72 18 Amhrosi-

2115 2150 27 18 ni.

2137 2187 90 19 Zevacu
2234 2197 24 4 —
2262 2188 60 19 Morte
2330 2189 19 17 di
2357 2193 16 13 u
2381 2187 43 24 Sgiô
2432 2188 82 18 Ghiuvan
2521 2187 36 17 Ante

2116 2217 24 14 ne
2147 2213 78 23 Peretti,
2234 2214 78 18 sindacu
2320 2214 20 17 di
2348 2219 14 13 u
2371 2218 60 18 paese.

2146 2278 74 29 Dopa
2230 2279 101 22 l’arrivu
2345 2280 32 21 da
2388 2278 125 28 Marseglia
2523 2277 18 21 di
2553 2282 9 15 a

2122 2313 92 28 spoglia
2223 2314 23 21 di
2258 2314 111 21 madama

2250 2354 38 22 Ve
2289 2353 34 22 du
2323 2359 33 16 va
2367 2353 80 22 Cirilii

2145 2392 109 23 l’intarru
2264 2393 32 22 ha
2310 2395 76 20 avutu
2402 2393 55 22 locu
2467 2392 25 20 in
2509 2390 53 27 Ajac-

2122 2427 37 21 ciu
2171 2427 54 22 c’un
2235 2433 132 16 numarosu
2376 2431 116 17 cuncorsu
2506 2424 22 21 di
2535 2427 27 23 pa-

2122 2462 62 21 renti
2197 2467 13 16 e
2222 2461 103 22 d’amici.

2147 2494 157 23 Indirizzemu
2316 2501 15 16 e
2339 2496 82 21 nostre
2432 2492 130 27 cundùglian-

2122 2535 24 15 ze
2157 2535 14 16 a
2180 2535 16 16 u
2205 2532 85 20 nostru
2301 2529 78 22 amicu
2387 2528 132 22 Teconomû
2528 2523 20 22 di
2556 2528 6 14 1

2122 2563 113 29 culiegiu,
2255 2563 95 28 figliolu
2366 2562 23 22 di
2404 2568 13 15 a
2427 2560 97 23 defunta,
2538 2562 12 15 e
2559 2563 3 13 ;

2122 2599 60 20 tutta
2190 2603 13 15 a
2216 2603 26 16 so
2255 2597 119 27 famiglia.
2415 2610 4 2 -
2462 2611 7 3 -

2268 2658 79 28 Émile
2359 2664 87 25 Bipert

2197 2698 133 26 dersiier
2338 2698 53 26 v<oi
2404 2698 39 24 de
2450 2696 21 25 F
2473 2692 80 31 Aigle

2272 2737 87 19 Roman
2373 2736 66 19 Corse

2144 2783 52 19 Allez
2204 2788 36 13 aux
2249 2784 99 18 invalides.
2355 2782 101 19 Demandez
2463 2780 51 22 qu’on
2521 2775 39 19 débai

2122 2815 54 14 rasse
2184 2812 24 18 de
2216 2816 20 14 sa
2241 2812 88 22 sextuple
2335 2811 55 23 gaine
2397 2811 19 18 le
2420 2807 77 21 cercueil
2507 2806 37 16 daas
2549 2801 13 17 le

2125 2840 43 21 quel
2172 2841 87 21 reposent
2265 2840 30 18 les
2300 2840 79 18 cendres
2384 2839 24 18 de
2412 2830 150 30 Napoléon...My^e

2123 2867 31 19 re!
2164 2868 53 19 Vous
2224 2869 18 18 le
2257 2870 97 17 trouverez
2370 2867 64 18 vide...
2443 2865 25 18 Le
2475 2860 83 26 patriote®
2558 2860 4 12 1

2123 2901 54 14 corse
2185 2901 11 14 a
2203 2897 54 22 passé
2265 2901 35 18 par
2306 2897 26 18 là.
2336 2902 5 4 -

2145 2924 38 19 Sur
2190 2926 50 17 cette
2251 2925 78 21 donnée,
2345 2925 34 22 qui
2387 2923 58 20 serait
2457 2920 45 20 celle
2515 2918 32 16 dnU
2552 2939 10 6 __

2124 2953 147 19 extraordinaire
2276 2963 23 4 —
2307 2958 66 14 roman
2380 2952 122 19 d’aventures,
2508 2944 54 20 rex<lB!-

2124 2981 61 23 poète.
2191 2983 77 17 conteur
2276 2983 20 17 et
2304 2982 64 19 érudit
2375 2978 96 26 provençal
2479 2973 52 26 qu’est
2535 2971 24 17 i®-

2125 3011 44 16 teur
2175 3011 23 17 de
2207 3009 74 23 •.'.Quand
2286 3010 22 23 je
2315 3009 51 20 serai
2380 3006 106 21 bachelière»
2494 3004 17 17 ^
2558 3007 4 3 '

2125 3037 65 19 Sirène
2197 3038 79 19 Blessée»
2286 3044 11 13 &
2309 3039 39 22 jeté
2364 3038 61 18 toutes
2440 3036 28 17 les
2483 3028 65 22 arabe:®
2547 3028 6 13 1
2556 3054 6 9 ^

2125 3066 24 18 de
2157 3071 22 13 sa
2193 3066 86 19 fantaisie
2291 3068 19 17 et
2320 3068 24 17 de
2352 3071 35 14 son
2401 3063 94 20 invention
2505 3055 57 26 pitiore:

2126 3099 54 17 quês.

2147 3123 55 18 Assis
2213 3128 11 13 a
2234 3128 31 14 ses
2273 3123 59 22 côtés,
2341 3128 27 13 au
2375 3123 42 18 sein
2429 3121 24 17 de
2468 3119 18 18 la
2493 3115 40 18 dote

2127 3151 60 22 crée»,
2193 3156 25 13 au
2226 3152 45 18 bord
2280 3153 25 17 du
2315 3153 85 17 «torrent
2408 3144 126 24 verdâtre»A0U
2535 3145 7 10 5

2127 3179 99 19 cueillerez
2233 3180 19 18 le
2258 3180 47 18 récit
2311 3180 113 22 incroyable,
2436 3178 22 17 de
2466 3175 18 18 la
2489 3173 41 17 bonc
2539 3191 23 18 ^

2127 3208 19 17 la
2156 3208 103 19 «Contesse
2275 3207 82 19 Orsini».
2378 3207 44 18 Plus
2436 3204 46 19 tard.
2494 3198 46 29 *®a.e
2547 3222 15 14 ^

2127 3240 48 14 vous
2183 3237 18 18 le
2209 3237 112 18 confirmera
2329 3241 46 13 avec
2382 3236 33 17 des
2421 3231 68 21 détails,
2496 3227 42 17 dont,

2128 3263 32 23 foi,
2166 3265 20 17 la
2193 3265 92 22 précision
2290 3269 48 13 vous
2344 3264 41 18 fera
2392 3263 73 18 rêver...
2529 3277 33 16 ncQ]

2150 3293 67 22 Rêver,
2237 3294 47 17 c’est
2300 3297 20 14 ce
2339 3297 37 18 que
2394 3295 47 15 vous
2458 3288 43 17 ferez
2520 3284 42 35 eVg!

2128 3321 85 22 lorsque,
2222 3322 40 17 l!un
2267 3323 19 16 et
2294 3321 69 18 l’autre
2374 3320 89 23 disparus,
2469 3314 42 17 vous

2129 3350 46 17 drez
2189 3350 46 17 dans
2247 3354 21 13 ce
2276 3349 64 22 cirque
2348 3349 25 18 de
2380 3348 79 19 rochers,
2472 3342 44 17 doua

2130 3376 51 23 golfe
2193 3377 99 23 d’Ajaccio,
2302 3377 115 22 contempler
2432 3375 18 17 la
2458 3368 55 21 tombe

2130 3410 37 13 nue
2175 3406 25 17 où
2205 3411 26 12 un
2239 3410 45 14 nom
2292 3406 77 17 illustre
2377 3405 30 18 est
2411 3399 75 27 gravé...

2150 3434 51 18 Dans
2209 3435 19 18 la
2235 3434 112 23 production
2356 3427 150 26 contemporaine,
2513 3424 16 14 -e
2535 3440 27 21 ^

2130 3462 52 18 nier
2189 3462 40 18 vol
2235 3462 28 19 de
2270 3461 83 24 l’Aigle
2369 3455 131 29 (Flammarion,
2507 3452 55 39 nS^

2132 3495 36 17 me,
2176 3490 24 18 12
2217 3491 70 22 francs)
2299 3490 84 22 apparaît
2398 3488 68 18 comme
2481 3483 33 15 une

2136 3520 34 17 ont
2180 3519 11 18 à
2196 3519 35 18 fait
2234 3520 14 17 à
2253 3520 49 22 part,
2307 3523 28 13 un
2343 3518 85 20 mélange
2435 3515 24 15 <le
2463 3508 43 20 récit

2132 3548 22 17 de
2162 3547 77 23 fresque
2247 3547 106 21 historique
2363 3546 18 18 et
2389 3540 119 30 poétique,en^

2132 3580 72 14 comme
2209 3585 22 4 —
2237 3576 47 18 écrit
2296 3575 46 18 dans
2349 3574 20 17 le
2385 3571 46 23 style
2445 3569 17 17 le

2132 3604 59 18 nieux
2198 3605 20 17 et
2222 3604 18 18 le
2247 3604 44 23 plus
2300 3602 66 22 souple
2371 3609 22 5 —
2402 3603 24 14 un
2430 3597 48 18 livre
2491 3594 27 14 im

2133 3632 102 18 attachant.

2150 3673 24 14 €n
2179 3674 60 14 volume
2246 3673 43 15 in-lS
2296 3673 43 14 Jésus
2349 3669 94 15 —Prix.---
2499 3673 39 19 pari:'

2148 3696 55 14 Ernest
2210 3695 168 18 Flammarion,éditeur,
2384 3691 49 17 2G,rue
2449 3689 8 11 â
2460 3688 5 4 '
