2566 3822
547 419 16 14 1-

123 390 97 22 Ch'ellu
239 391 112 21 avvenga
372 390 15 14 u
408 388 77 20 regnu
505 381 23 21 di
549 386 14 14 u

93 424 88 19 vostru
191 419 131 22 benedettu
334 417 100 26 spiritu,
448 414 24 21 di
485 420 13 14 u
515 413 48 27 spi-

94 455 50 21 ritu
157 455 86 19 eternu
253 451 24 21 di
287 456 12 15 a
310 448 97 23 Libertà
416 455 6 18 ;

99 148 74 26 tuiti
185 147 12 25 i
208 146 60 25 Cor
267 144 41 26 si:

125 197 23 22 O
160 195 71 23 morti
245 193 57 24 cari,
316 190 126 28 seppelliti
459 189 25 22 in
499 190 66 19 terra

94 231 94 22 nostra,
202 233 13 15 e
228 226 38 21 chi
277 225 46 21 site
332 229 62 16 ancu
405 223 24 21 in
440 220 126 26 celu,inde

95 268 16 14 u
124 261 53 21 celu
186 259 25 21 di
224 259 7 21 i
244 257 93 24 martiri
348 262 6 19 ;

124 293 89 22 Ch’elli
233 291 68 22 sianu
318 287 131 24 santificati
466 286 7 21 i
485 283 78 23 vostri

94 326 78 25 nomi,
186 325 26 21 in
225 324 58 27 ogni
294 327 80 22 paese,
385 321 26 20 in
424 318 58 27 ogni
496 316 69 21 fucu-

92 358 95 27 laghiu,
202 357 25 21 in
241 355 57 28 ogni
311 359 58 16 core
380 359 6 18 ;

123 485 95 22 Ch’ella
231 483 36 22 sia
284 483 57 21 fatta
354 482 24 21 in
391 483 65 19 tarra
469 484 69 16 corsa
550 483 12 15 a

93 520 83 20 vostra
188 517 54 21 sola
251 515 101 22 vuluntà
361 521 5 19 ;

122 552 63 21 Date
203 556 13 15 a
228 556 14 15 a
255 551 80 20 nostra
343 547 67 25 fede,
423 552 13 15 a
448 552 12 14 a
477 546 86 20 nostra

93 590 115 22 speranza
220 590 16 14 u
247 582 36 21 so’
291 587 61 21 pane
367 578 145 29 quotidianu
520 583 5 19 ;

122 614 160 24 Pardunaleci
295 613 69 21 d’avè
379 610 97 27 qualchi
496 609 67 21 volta

91 648 138 23 tralasciatu
257 652 14 14 u
298 645 86 20 vostru
412 642 151 21 sacru-santu

92 686 92 19 amore,
193 684 70 16 cume
272 676 38 22 no’
319 676 150 27 pardunemu
477 680 12 14 a
496 672 67 27 quel-

91 714 18 21 li
122 711 90 23 fratelli
223 709 72 23 sviati
308 708 39 22 chi
361 708 21 21 ci
394 707 91 21 odianu
495 711 5 20 ;

121 744 158 22 Alluntanate
287 742 29 21 da
328 742 6 20 i
348 740 79 22 nostri
439 738 51 22 cori
503 737 58 27 ogni

89 778 150 23 tentazione,
256 775 57 27 ogni
328 773 97 25 dubitu,
446 771 58 28 ogni
524 769 39 22 vi-

91 809 172 30 gliaccaghine
270 814 5 19 ;

121 844 18 20 E
157 841 128 23 libérateci
313 840 29 21 da
365 838 58 28 ogni
447 837 114 26 rinnega-

92 878 93 20 mentu.

122 909 18 21 E
151 907 51 23 cusi
210 907 38 22 sia
255 907 5 20 !

262 938 138 22 Ghiacintu
411 936 28 22 di
450 936 83 22 Muru.

179 1067 32 20 46
234 1056 200 53 Corsica
455 1055 25 9 "

118 1157 108 30 Ogn'unu
240 1162 99 16 cunosce
358 1162 14 15 u
390 1154 94 23 valente
495 1153 66 29 giur-

90 1192 56 22 nale
157 1190 109 29 ajaccinu
280 1191 15 11 “
304 1188 96 23 Corsica
407 1188 22 26 ”,
443 1187 24 21 di
480 1194 13 14 u
504 1193 57 16 nos-

91 1228 37 19 tru
140 1231 56 15 caru
208 1222 167 30 cumpalriotta
385 1221 29 22 D.
425 1220 26 22 P.
461 1220 100 22 Lconel-

91 1259 27 21 li.

119 1290 105 22 Un’altra
251 1289 168 28 publicazione,
444 1289 116 25 slampala

89 1324 24 21 in
127 1323 89 25 Bastia,
235 1323 78 20 avaria
324 1321 76 21 sceltu
413 1327 14 14 u
439 1322 77 19 stessu
532 1319 27 21 ti-

90 1356 61 21 lulu.

118 1389 90 22 Perché
217 1388 13 22 ?
247 1387 40 22 Sta
301 1387 119 29 quislione
431 1387 53 20 sarà
495 1385 65 22 sicu-

88 1424 107 20 ramente
218 1421 59 22 fatta
296 1421 27 21 da
344 1427 14 14 u
380 1425 132 22 cumpagnu
533 1418 24 21 di

88 1455 55 22 fedc
156 1454 109 22 Leonelli
277 1461 13 14 a
301 1453 106 22 i’edilore
419 1452 24 22 di
455 1459 13 15 a
481 1451 78 30 publi-

90 1488 96 21 cazione
198 1487 129 22 bastiaccia
336 1486 39 28 ('?).

117 1521 46 22 Noi
174 1521 22 21 al
200 1521 29 21 tri
245 1520 127 22 vulariamu
388 1521 57 26 sapé
457 1525 14 15 u
483 1519 81 28 scopu'

88 1554 23 21 di
124 1557 36 18 sta
170 1553 169 29 publicazione,
347 1559 13 15 c
369 1560 14 14 a
392 1555 80 19 nostra
481 1552 76 21 curio-

87 1587 46 22 silà
146 1589 13 19 è
170 1587 114 28 alquantu
301 1586 40 29 più
361 1585 55 22 viva
436 1585 38 22 chi
491 1585 66 22 nimu

88 1620 87 22 unn’ha
194 1622 99 26 pussuLu
312 1618 79 29 leghie
409 1618 87 23 l'unicu
516 1625 41 15 nu-

87 1660 67 16 meru
167 1653 23 22 di
202 1656 37 19 sta
251 1653 89 22 rivisla.

116 1686 162 23 Un’inchiesla
289 1688 12 20 è
312 1689 61 19 slata
386 1686 59 22 fatta
457 1685 30 22 da
498 1686 40 21 noi
549 1693 6 14 :

86 1720 124 26 Marcanti,
239 1719 143 29 particulari,
409 1719 146 27 cunfratelli,

85 1754 66 21 nimu
163 1753 29 22 lia
205 1753 105 22 ricevutu
322 1755 37 19 slu
372 1759 62 15 novu
443 1752 83 29 fogliu.

114 1786 70 22 Semu
201 1786 81 22 andati
301 1793 60 14 ancu
383 1786 40 28 più
436 1785 48 22 inlà
494 1793 6 14 :
515 1793 11 14 a
540 1793 14 14 u

86 1820 108 28 deposilu
207 1820 84 28 legale,
308 1820 85 21 nisuna
407 1820 87 21 traccia
505 1827 7 19 ;
530 1820 25 21 in

85 1853 23 22 le
120 1853 96 22 culunie
235 1859 68 16 corse
321 1853 22 21 di
364 1852 89 29 Parigi,
469 1853 87 22 Marse-

86 1887 57 28 glia,
156 1886 101 26 Tulone,
270 1886 69 21 Nizza
352 1886 65 21 nimu
430 1892 101 16 cunosce
540 1894 14 14 u

85 1919 83 22 culore
184 1920 24 21 di
228 1927 14 14 a
257 1920 118 28 cuperlina
389 1920 23 21 di
424 1923 39 18 stu
476 1922 15 11 “
499 1920 57 21 Cor-

84 1953 51 22 sica
145 1953 14 9 ”
170 1960 63 15 novu
246 1953 121 22 framanle.

113 1987 21 21 A
145 1986 50 22 sola
209 1987 86 21 traccia
308 1986 22 22 di
342 1989 36 19 sla
392 1987 163 28 publicazione

85 2019 122 22 invisibile
227 2020 99 21 l’avemu
344 2022 67 20 trova
432 2020 22 22 in
468 2027 45 16 una
525 2021 30 21 ri-

83 2054 61 21 visla
157 2053 106 29 parigina
275 2054 118 21 intitulata
405 2056 17 11 “
431 2054 33 21 La
475 2054 80 22 Revue

84 2086 154 22 Mensuelle”
250 2094 12 14 a
275 2087 67 28 quale
354 2088 30 21 dà
398 2095 12 14 u
423 2088 131 22 snmmariu

84 2120 23 21 di
119 2120 206 22 l’insculinnevule
332 2121 132 28 periodicu.
472 2121 83 22 L’arti-

83 2153 55 21 culu
151 2153 121 22 Iiminariu
283 2155 60 20 saria
355 2156 52 20 cusi
419 2155 134 22 intitulalu:

82 2187 117 26 Ajaccio,
217 2187 47 22 nid
277 2187 27 22 de
316 2187 92 28 VAigle
419 2190 24 20 et
455 2189 99 22 tanière

85 2220 30 21 de
127 2219 212 24 Vautonomisme.

112 2252 87 21 Carinu
209 2253 6 21 !
229 2253 68 22 unn’è
308 2260 56 15 veru
372 2254 14 21 ?

111 2285 39 22 Ma
162 2286 71 28 quale
244 2286 20 21 si
276 2286 81 23 vularà
368 2288 104 28 ingannà
481 2288 40 22 ?...

390 2333 23 21 A
425 2334 99 21 Muvra.

104 2447 10 9 «
123 2453 20 8 ....
153 2440 19 19 Il
180 2445 29 14 ne
217 2441 51 18 faut
276 2442 80 22 jamais
364 2446 25 14 se
398 2443 81 18 laisser
491 2442 63 19 abat-

82 2465 43 22 tre,
137 2466 54 17 c’est
198 2466 25 18 la
231 2466 107 22 première
345 2467 87 23 qualité
441 2471 28 14 en
478 2468 76 22 politi-

84 2494 51 18 que.
143 2490 34 18 On
187 2492 56 21 peut
256 2496 26 13 se
294 2492 106 22 tromper.
415 2492 35 18 On
465 2493 54 21 peut
530 2492 24 17 é-

84 2515 93 18 chouer.
189 2515 35 18 On
241 2520 14 14 a
270 2516 37 18 des
321 2517 137 22 déceptions.
475 2517 34 18 On
522 2521 30 14 en

85 2543 69 15 cause
163 2540 13 17 à
184 2544 36 14 ses
229 2541 64 17 amis.
299 2541 59 18 Tant
366 2541 48 22 pis!
430 2541 80 23 Quand
522 2546 31 13 on

83 2569 15 13 a
107 2568 43 14 son
158 2565 82 22 idée,-il
248 2565 49 18 faut
304 2566 24 17 la
333 2566 108 18 défendre
449 2566 104 23 jusqu’au

84 2589 63 22 bout,
157 2590 66 18 coûte
233 2594 43 19 que
285 2591 70 21 coûte,
370 2592 80 17 contre
463 2591 54 18 tout
529 2591 25 18 le

85 2615 102 17 monde...
196 2614 102 19 Lâcheur
305 2616 34 17 est
352 2617 104 22 toujours
471 2620 30 14 un
517 2620 37 19 sy-

86 2643 97 19 nonyme
195 2640 27 18 de
234 2640 99 18 lâche...»

295 2675 25 19 G.
331 2676 197 20 CLEMENCEAU.

188 2788 107 47 Santa
315 2789 126 47 ïïmta

111 2882 131 21 Dumenica
253 2888 88 20 scorsa,
354 2881 15 22 9
380 2881 130 30 ferraghiu,
517 2883 35 22 s’è

83 2915 86 21 festala
181 2913 74 22 Santa
268 2913 89 27 Sivola,
376 2915 108 27 padrona
502 2916 23 22 di
536 2924 15 15 a

80 2946 109 26 Corsica,
208 2948 25 20 in
257 2946 83 23 Chiesa
359 2947 24 22 di
402 2947 47 23 San
469 2948 82 24 Roccu

78 2979 52 29 d’Aj
133 2980 50 21 acci
187 2986 23 15 u.

108 3011 53 22 Una
173 3018 80 16 messa
273 3012 107 28 sulenne,
402 3021 28 15 eu
448 3016 102 28 musica,

80 3047 124 19 esecutata
216 3045 30 21 da
258 3051 14 16 a
287 3046 96 23 Curale
395 3048 28 21 di
435 3054 16 16 u
467 3049 83 24 Sacru

82 3077 75 26 Core,
169 3077 31 22 ha
218 3078 112 22 euncoltu
350 3086 46 16 una
416 3081 135 24 innumere-

77 3110 57 22 vule
145 3109 61 22 folia
218 3110 25 22 di
254 3110 80 28 fedeli,
348 3113 78 22 dendu
447 3118 51 19 cusi
518 3124 31 15 un

78 3143 86 21 risallu
175 3143 145 27 particulare
328 3151 13 16 a
354 3145 48 24 ’ssa
412 3147 64 23 bella
487 3148 63 25 testa

78 3181 78 20 corsa,
169 3181 12 15 e
194 3175 72 23 fendu
277 3177 86 24 risorte
374 3187 15 14 u
402 3181 85 23 meritu
498 3183 24 21 di
533 3192 16 14 u

77 3210 40 26 piu
135 3215 13 14 e
170 3208 167 25 infatichevule
360 3215 188 30 organizzatore,

76 3243 85 19 noslru
172 3243 80 21 amicu
264 3250 16 14 u
291 3243 120 25 Canonicu
419 3247 128 30 Anlonelli,

76 3274 125 28 Arciprête
213 3275 25 22 di
249 3275 46 23 San
308 3276 90 25 Roccu.

105 3306 20 21 L
134 3307 93 22 Abbate
239 3308 81 23 Mattéi
336 3311 30 22 ha
384 3313 60 22 fattu
459 3318 89 19 mostra

77 3339 24 21 di
122 3346 57 22 gran
200 3342 90 22 talentu
306 3346 105 22 oratoriu
430 3347 23 21 in
471 3347 23 21 lu
513 3348 35 22 so’

74 3374 146 27 panegericu
234 3375 23 22 di
270 3382 13 16 a
294 3375 106 26 Martire.

105 3406 53 21 Una
178 3406 119 25 fruttuosa
315 3411 95 22 vendila
431 3412 24 21 di
473 3412 75 29 figure

75 3439 165 23 artistamente
255 3444 116 26 stampate
396 3444 29 21 da
445 3445 39 21 «A
495 3445 54 22 Mu-

75 3477 44 16 vra
126 3479 20 18 »,
160 3471 30 22 ha
203 3477 73 18 avutu
288 3474 53 22 locu
354 3482 13 14 a
381 3478 43 26 prò
444 3476 24 21 di
484 3483 13 15 a
509 3477 39 22 Bi-

73 3503 103 23 blioteca
187 3505 25 21 di
223 3507 50 21 San
284 3507 87 27 Roccu,
385 3509 162 27 patrunizzala

75 3535 30 22 da
117 3536 72 23 Santa
209 3538 93 27 Divola,
322 3539 103 29 figurala
446 3547 72 21 sopra
533 3549 15 14 e

75 3568 65 22 dette
151 3569 163 24 illustrazione
325 3572 24 21 in
361 3573 88 21 vestilu
467 3579 80 16 corsu.

105 3601 167 23 Felicitazioni
283 3603 90 23 sincere
389 3612 12 15 a
419 3612 16 14 u
446 3604 102 23 Canoni-

75 3640 29 14 cu
116 3635 121 21 Antonelli
249 3643 13 14 e
274 3642 13 15 a
298 3637 55 20 tutti
360 3637 75 28 quelli
444 3638 46 25 chi,
501 3645 46 15 cun

73 3666 88 27 spiritu
177 3667 175 23 sineeramente
363 3676 81 19 corsu,
465 3670 82 22 l’hanu

75 3697 95 28 ajutatu
180 3699 24 21 in
216 3706 47 16 una
274 3702 49 20 cusi
334 3701 64 23 bella
409 3709 80 21 opéra.

762 139 253 56 Impicci
1053 150 36 31 e
1128 131 271 56 ’mbrogli

591 257 182 19 Incoerenza.

616 287 17 24 È
641 292 29 19 da
680 298 30 13 un
720 297 71 19 pezzu
801 290 36 20 chi
847 289 39 20 noi
893 289 19 19 ci
919 294 65 14 semu
994 287 73 20 nvvis-

591 319 16 19 ti
614 318 36 20 chi
658 325 13 13 u
681 325 70 17 pnese
759 317 168 21 amministratu
937 315 27 20 da
970 315 97 20 Marian-

592 352 58 13 nona
665 352 39 13 era
718 352 13 13 u
745 345 109 25 paradisu
868 343 23 20 di
904 342 160 21 l’incoerenza.

592 372 107 21 L’ultimu
713 379 99 14 numeru
826 372 22 19 di
862 370 162 21 “RicetRac’
1043 369 20 20 ci

590 400 27 19 dà
623 403 36 16 ste
666 400 129 24 precisione
804 399 37 20 chi
851 398 132 20 rinforzanu
992 403 13 13 a
1014 403 51 13 nos-

590 430 33 16 tra
629 427 139 20 certitudine
775 425 198 21 d'unn’avèmicca
977 424 88 24 judica-

591 457 22 16 tu
623 460 12 13 a
645 454 21 20 la
675 454 70 20 lestra
755 461 6 12 :

613 497 8 10 a
628 491 28 17 Un
665 491 46 17 vieil
720 490 104 18 immeuble
835 490 101 17 vermoulu
945 488 118 19 menace-l-il

590 516 23 17 de
621 515 118 18 s’écrouler?
752 515 24 18 M.
786 514 91 23 Chiappe,
892 514 62 22 préfet
962 514 23 17 de
993 513 69 23 police,

590 541 41 17 doit
638 540 117 23 faireétayer
763 540 108 19 seulement
878 540 19 17 la
905 540 65 21 façade
979 539 85 18 donnant

591 570 33 13 sur
628 566 19 17 la
652 570 42 17 rue,
703 565 63 18 tandis
770 570 36 18 que
811 566 29 17 les
844 565 101 22 planchers
950 564 112 20 intérieurs,

591 590 92 17 l’escalier
691 595 25 13 ou
724 591 29 16 les
761 590 100 17 murailles
869 590 25 16 du
902 589 41 17 côté
951 590 23 16 de
982 590 19 15 la
1009 593 53 16 cour,

590 614 77 17 doivent
681 614 42 17 être
737 614 108 17 consolidés
859 618 35 17 par
903 614 30 17 les
941 613 53 17 soins
1005 613 23 16 de
1036 612 25 17 M.

590 638 81 21 Renard,
680 638 63 21 préfet
750 639 24 16 de
781 638 19 17 la
808 638 64 17 Seine.

611 662 25 17 La
643 662 160 22 réglementation
812 663 25 16 du
848 662 45 17 tarif
901 663 34 17 des
941 662 49 17 taxis
996 665 65 18 appar-

591 686 47 18 tient
645 691 25 13 au
679 687 62 21 préfet
749 687 23 18 de
781 687 18 17 la
809 686 57 19 Seine
872 691 5 17 ;
887 687 49 17 mais
944 687 17 17 si
970 687 29 17 les
1007 690 54 14 cous-

590 710 40 18 sins
638 712 24 17 de
669 712 20 17 la
694 711 76 18 voiture
776 712 44 17 sont
828 712 58 20 sales,
893 712 47 17 c’est
945 711 82 18 l’affaire
1034 711 25 17 du

589 735 62 21 préfet
659 737 24 17 de
691 736 69 23 police.

610 760 26 18 M.
649 760 75 19 Renard
739 761 93 18 surveille
843 761 96 22 l’hvgiène
954 762 34 17 des
1004 761 56 21 loge-

589 786 61 17 ments
657 790 5 16 ;
671 786 26 17 M.
706 785 84 23 Chiappe
801 786 49 18 celle
864 787 33 17 des
905 786 72 22 garnis.
986 786 48 17 Mais
1042 785 18 18 si

589 814 26 13 un
623 810 91 18 locataire
721 810 123 18 banlieusard
854 812 57 21 ayant
919 811 11 18 à
944 816 20 13 se
972 810 88 23 plaindre

589 835 22 16 de
628 834 128 19 l’insalubrité
769 835 24 18 de
805 840 22 13 sa
840 836 74 18 maison
926 836 93 18 s’adresse
1034 839 24 13 au

589 859 61 22 préfet
658 860 24 17 de
695 860 19 17 la
721 859 63 22 Seine,
798 865 25 13 on
831 861 28 17 lui
867 861 71 22 répond
944 865 5 14 :
955 867 9 10 «
978 860 45 18 Cela
1030 864 29 13 re-

589 884 57 21 garde
654 885 20 17 la
682 885 107 21 préfecture
797 886 25 17 de
831 886 82 22 police...
923 892 9 11 »
941 886 37 17 Par
986 886 72 20 contre,

588 909 11 17 à
606 913 27 13 un
641 909 89 19 habitant
744 911 24 18 de
781 910 55 19 Paris
851 911 40 22 qui,
905 916 49 17 pour
968 911 18 17 le
997 909 61 18 même

588 933 55 22 grief,
653 939 22 13 se
688 935 63 22 plaint
757 936 12 17 à
776 935 26 18 M.
816 935 89 23 Chiappe,
920 940 23 13 on
953 935 94 22 répondra
1052 939 5 12 :

590 965 8 9 «
604 958 51 19 C’est
661 960 19 17 le
688 965 60 17 rayon
756 961 26 17 du
791 961 62 22 préfet
861 962 24 16 de
893 961 18 17 la
920 960 56 18 Seine
981 966 31 12 »...

609 983 36 18 Les
652 986 116 17 marchands
777 986 33 17 des
819 986 64 17 Halles
898 985 106 22 dépendent
1018 985 39 16 tan-

589 1008 27 18 tôt
624 1009 45 17 d’un
680 1010 69 22 préfet,
759 1011 62 17 tantôt
828 1011 25 17 de
867 1011 75 17 l’autre:
951 1010 24 17 de
982 1009 25 18 M.
1022 1009 35 17 Re-

588 1035 46 16 nard
640 1036 65 20 quand
710 1035 26 18 ils
742 1035 101 18 installent
850 1036 54 17 leurs
912 1035 86 20 denrées,
1007 1034 20 17 et
1033 1034 24 16 de

588 1059 24 17 M.
621 1059 84 22 Chiappe
712 1060 63 22 quand
782 1060 25 18 ils
815 1061 29 17 les
853 1060 92 18 vendent.

608 1084 27 18 De
643 1084 69 22 même,
721 1085 41 18 tant
775 1085 70 22 qu’elle
862 1085 99 18 déambule
969 1088 24 14 en
1001 1087 57 18 pous-

588 1110 43 17 sant
637 1113 22 14 sa
668 1115 10 9 «
684 1110 80 22 bagnole
772 1115 16 16 »,
800 1114 37 13 une
850 1109 113 19 marchande
970 1110 34 16 des
1012 1112 45 18 qua-

588 1134 112 18 tre-saisons
707 1134 64 18 relève
787 1135 25 17 du
821 1134 61 22 préfet
895 1135 24 17 de
935 1133 66 23 police.
1010 1132 47 18 Mais

588 1160 41 17 tout
637 1159 74 22 change
719 1159 34 18 dès
767 1160 70 21 qu’elle
844 1159 81 18 s’arrête
931 1163 6 13 :
946 1163 23 13 en
978 1157 79 18 station-

587 1185 85 19 nement,
681 1184 38 18 elle
733 1188 55 18 passe
802 1188 46 14 sous
862 1184 18 17 la
888 1187 60 18 coupe
956 1183 25 17 du
995 1182 62 22 préfet

587 1210 23 17 de
618 1209 18 17 la
644 1208 64 19 Seine.

608 1234 62 21 Enfin,
680 1234 17 18 si
705 1238 50 14 vous
763 1235 68 17 voulez
839 1238 49 13 vous
896 1233 70 18 établir
976 1233 80 17 charcu-

587 1259 43 21 tier,
639 1264 48 13 vous
695 1259 40 18 êtes
744 1259 99 18 tributaire
851 1259 24 18 de
882 1259 25 17 M.
913 1258 75 18 Renard
994 1263 5 16 ;
1008 1257 48 18 mais

587 1285 16 18 si
610 1289 49 14 vous
667 1289 71 13 omvrez
746 1289 37 13 une
795 1285 85 21 triperie,
898 1288 49 13 vous
961 1283 41 18 êtes
1010 1287 54 16 sous,

586 1310 18 17 la
620 1309 114 22 juridiction
745 1310 23 17 de
776 1309 25 17 M.
818 1309 106 22 Chiappe...
938 1308 22 18 Et
974 1307 50 18 ainsi
1032 1308 24 17 de

586 1334 57 18 suite.
652 1334 35 18 Les
696 1338 32 14 cas
734 1335 24 17 de
766 1338 21 13 ce
792 1338 60 18 genre
857 1334 43 17 sont
907 1333 148 21 innombrables,

585 1363 24 13 on
617 1364 24 13 en
649 1359 58 18 ferait
714 1364 27 13 un
746 1358 118 23 magnifique
871 1357 94 19 sottisier!

585 1416 114 20 L’Amb
701 1415 137 21 aseiador
838 1419 24 16 e.

609 1453 8 19 I
627 1452 100 26 giurnali
740 1452 23 20 di
778 1452 75 25 Parigi
867 1452 60 20 hanu
941 1451 114 21 illustratu

586 1488 13 12 u
608 1487 52 14 resu
669 1483 69 17 contu
748 1480 22 20 di
779 1486 12 14 a
801 1480 97 20 rimessa
911 1480 23 19 di
943 1486 13 13 e
964 1480 93 20 creden-

584 1508 56 21 ziale
647 1508 59 20 fatta
718 1508 29 20 da
756 1515 14 13 u
780 1507 75 21 Conte
867 1508 29 19 de
905 1508 84 20 Peretti
998 1508 29 20 de
1034 1508 22 20 la

585 1537 72 19 Rocca
665 1535 93 26 (perché
767 1535 84 21 conte?
863 1536 83 24 perché
959 1535 35 20 de
1000 1534 21 27 ?)
1028 1542 28 14 eu

585 1571 13 13 u
606 1564 91 20 ritrattu
710 1564 24 20 di
747 1564 193 20 l’Ambasciadore
952 1563 105 22 francese

584 1598 12 14 a
604 1592 131 20 Bruxelles:
744 1592 106 25 giovane,
864 1592 55 24 altu,
929 1592 103 21 snellu...

606 1620 36 20 Ma
652 1620 16 9 “
675 1620 122 20 Exelsior”
810 1620 124 25 riproduce
946 1626 45 14 una
999 1620 59 20 foto-

583 1647 69 26 grafia
661 1648 37 20 chi
707 1652 86 16 mostra
807 1655 14 13 u
831 1652 191 21 rappresentante
1033 1649 24 19 di

584 1676 96 20 “L’Uua
692 1680 23 17 et
723 1676 164 21 Indivisibile”
899 1677 23 19 in
936 1677 85 20 traccia
1034 1677 23 20 di

583 1710 72 19 spone
673 1711 31 13 un
721 1704 106 20 mazzulu
844 1704 24 20 di
885 1704 51 21 fiori
953 1708 74 17 nantu
1043 1712 13 13 a

583 1732 76 20 tomba
667 1732 23 20 di
701 1739 13 13 u
723 1732 74 20 milite
805 1732 80 25 ignolu
895 1733 84 24 belgiu.
987 1733 24 20 In
1021 1737 35 17 stu

583 1760 95 24 cliché,u
687 1764 69 17 conte
763 1766 88 19 appare
859 1767 199 19 grossu,pangras-

583 1792 52 17 sutu
643 1795 13 14 e
665 1789 51 25 capi
724 1789 81 25 pilatu.

606 1817 43 20 Noi
655 1817 37 20 chi
702 1818 134 20 cuniscemu
843 1824 14 14 u
864 1818 49 24 sgiô
921 1818 28 20 de
954 1818 22 20 la
982 1818 73 21 Rocca

582 1851 81 14 avemu
672 1852 14 13 u
696 1846 94 23 duvere,
797 1846 37 25 pe’
840 1853 14 13 u
862 1846 93 25 rispettu
966 1846 22 20 di
998 1853 12 13 a
1020 1853 35 14 ve-

582 1873 51 23 rità,
649 1874 115 20 d’accertà
779 1874 37 20 chi
829 1881 14 13 u
857 1880 55 14 veru
927 1874 90 21 ritrattu
1032 1875 24 20 di

581 1901 187 21 l’ambasciadore
785 1903 12 19 è
812 1902 78 25 quellu
906 1902 23 20 di
945 1902 110 21 st’ultima

582 1928 127 26 fotografia.

604 1957 100 21 Almenu
712 1958 37 20 chi

605 1986 20 19 A
633 1992 14 13 u
657 1986 79 20 seculu
744 1987 24 19 di
775 1986 112 21 Voronoff
893 1993 31 14 un
934 1987 66 20 c’èda
1009 1990 46 17 stu-

582 2013 83 25 piscesi
673 2015 23 19 di
705 2014 72 20 nulla.

580 2073 31 20 A.
619 2073 93 25 Colpa
719 2072 17 21 è
745 2073 31 20 di
784 2073 129 20 Genuva
918 2073 6 20 !

606 2109 156 25 «Grîngoire»
778 2110 29 19 ha
822 2109 98 20 iniziatu
934 2110 24 20 in
973 2110 23 20 lu
1016 2111 36 19 so'

582 2144 95 14 numeru
686 2138 23 19 di
716 2144 14 13 u
738 2142 12 20 7
756 2137 116 25 ferraghiu
878 2144 13 13 a
897 2138 158 24 publicazione

582 2166 21 20 di
613 2173 29 13 un
652 2166 90 20 iscrittu
751 2166 176 20 documentariu
937 2166 117 21 intitulalu

580 2194 31 20 Le
619 2194 96 24 Maquis
722 2196 24 17 et
753 2200 38 13 ses
802 2194 105 19 bandits.

605 2222 26 20 In
640 2225 35 17 ste
684 2225 96 21 quattru
790 2221 74 25 prime
872 2222 107 23 colonne,
986 2229 14 14 u
1013 2223 43 20 let-

580 2254 49 16 tore
637 2250 19 19 si
671 2249 97 20 renderà
784 2253 70 16 contu
867 2249 39 20 chi
920 2256 13 12 a
948 2250 105 21 vindetta

581 2277 35 21 chi
625 2277 67 25 oghie
702 2277 195 25 insanguineghia
903 2277 75 20 l’isula
988 2284 66 15 cume

581 2305 20 20 ai
609 2305 70 25 tempi
688 2305 123 24 trapassati
820 2305 13 20 è
841 2305 138 20 abbastanza
986 2306 68 21 bèin-

581 2333 118 24 curaggita
713 2333 29 19 da
754 2333 137 24 magistrali,
905 2333 126 25 giandarmi
1041 2341 13 14 e

580 2360 115 26 puliziotti
704 2360 22 20 di
736 2360 128 21 Marianna.

605 2389 17 19 E
631 2392 62 16 tutte
701 2391 36 17 ste
746 2388 131 24 precisione
886 2393 100 20 portanu
996 2396 13 13 a
1018 2389 36 21 fir-

581 2422 35 14 ma
626 2416 21 20 di
657 2416 77 20 Henri
740 2416 131 22 Pierhome,
881 2416 120 25 signatura
1016 2418 37 20 chi

580 2444 101 20 asconde
690 2450 15 13 u
715 2449 69 14 nome
797 2444 23 19 di
835 2444 164 24 qualchid’unu
1017 2445 35 20 chi

581 2473 27 23 pò
616 2472 65 24 parlà
688 2477 28 14 eu
726 2471 133 24 precisione
872 2472 23 20 di
903 2473 149 24 puliticaccia

581 2506 12 13 e
600 2500 23 19 di
632 2499 150 20 tribunalate.

604 2527 93 24 Lighite
706 2533 11 11 «
724 2526 124 25 Gringoire
854 2535 11 12 »
881 2534 14 14 o
904 2527 82 26 figlioli
993 2528 5 19 !
1014 2528 39 26 (ri-

579 2555 73 20 clama
662 2561 46 14 non
717 2554 102 26 pagata).

580 2613 34 20 F.
625 2613 33 20 T.
668 2613 33 20 T.

601 2653 8 11 «
617 2648 25 18 Le
650 2648 81 22 guichet
739 2649 25 17 du
774 2649 74 18 service
857 2650 22 17 de
888 2650 45 17 nuit
945 2651 23 17 de
982 2652 20 16 la
1015 2651 35 19 Re-

579 2673 49 18 cette
635 2673 106 23 principale
748 2673 94 23 d’Ajaccio
848 2676 30 17 est
883 2677 69 16 ouvert
956 2680 24 13 au
987 2676 65 22 public

579 2698 23 17 de
608 2697 23 18 19
639 2698 71 18 heures
718 2699 11 17 à
737 2698 23 18 22
768 2699 76 18 heures.
853 2699 51 18 Pour
919 2700 94 19 effectuer
1020 2706 32 14 ses

578 2722 114 23 opérations,
702 2723 99 23 l’employé
810 2726 31 17 est
848 2725 64 22 obligé
927 2726 23 17 de
964 2727 88 18 soulever

580 2749 19 16 et
607 2748 24 17 de
638 2748 104 19 maintenir
749 2751 70 16 ouvert
826 2754 22 14 ce
856 2750 77 23 guichet
939 2755 32 14 car
977 2751 15 18 il
1000 2752 52 18 n’ex-

578 2773 37 18 iste
624 2777 62 14 aucun
695 2778 66 18 moyen
770 2774 23 18 de
801 2775 82 18 fixation
897 2777 117 20 permettant
1027 2778 24 17 de

578 2798 28 19 lui
614 2798 73 19 donner
696 2803 38 14 une
749 2800 83 21 position
845 2801 113 19 invariable.
971 2802 26 19 Le
1011 2804 54 20 car-|

1094 254 44 13 reuu
1147 254 24 12 en
1180 254 10 11 «
1196 253 58 14 verre
1260 256 8 10 »
1278 254 11 13 a
1297 247 30 20 été
1336 245 93 23 remplacé
1437 250 34 17 par
1479 250 26 12 un
1515 250 50 12 mor-

1093 278 46 13 ceau
1148 274 24 16 de
1180 274 67 17 carton
1254 279 5 16 ;
1269 275 19 17 le
1296 271 64 24 public
1370 275 24 13 ne
1403 271 46 22 peut
1463 271 48 16 dont
1524 270 40 17 être

1093 303 25 12 vu
1127 299 23 16 de
1158 297 121 19 l’intérieur,
1288 298 13 18 il
1311 297 29 18 est
1349 298 44 16 tenu
1409 295 23 17 de
1447 294 83 23 signaler
1544 299 20 13 sa

1091 322 89 22 présence
1189 327 23 13 en
1222 323 88 23 frappant
1318 325 53 14 assez
1385 320 44 17 fort.
1445 320 24 17 Le
1484 319 41 18 bois
1539 319 24 17 de

1091 347 100 21 chauffage
1200 348 30 17 est
1239 347 75 19 entassé
1322 346 47 17 dans
1383 349 27 13 un
1421 344 43 18 coin
1479 344 24 17 où
1519 343 44 18 traî-

1091 372 46 17 nent
1144 376 27 12 un
1179 371 50 18 délai
1243 373 90 18 douteux,
1348 375 27 12 un
1387 369 102 18 entonnoir
1503 369 20 17 et
1536 373 26 12 un

1090 400 45 13 seau
1143 396 11 17 à
1163 396 96 19 confiture
1268 397 44 18 vide
1320 394 65 19 utilisé
1394 399 48 17 pour
1453 394 108 21 l’arrosage,

1090 421 37 17 etc.
1136 421 35 17 Les
1179 420 84 19 fenêtres
1272 423 24 16 du
1303 419 59 19 mirus
1368 419 72 18 n’étant
1445 422 34 18 pas
1485 417 76 22 garnies

1090 445 22 17 de
1120 445 56 21 mica,
1184 445 18 17 le
1210 447 84 17 contenu
1303 446 23 16 de
1339 445 31 17 cet
1383 442 84 23 appareil
1481 447 20 13 se
1515 442 46 17 vide

1090 474 34 13 sur
1131 470 18 17 le
1157 470 98 21 plancher,
1265 472 29 17 les
1301 469 78 18 cendres
1388 468 116 20 s’avancent,
1512 466 48 23 petit

1088 494 11 17 à
1105 494 49 22 petit
1161 499 46 13 vers
1215 495 19 18 le
1243 495 79 23 guichet
1329 497 74 14 comme
1410 497 38 14 une
1456 492 66 18 coulée
1535 492 25 17 de

1088 519 44 17 lave
1141 518 89 19 refroidie
1239 521 20 17 et
1268 520 111 21 malpropre.

1109 544 26 17 Le
1143 544 94 22 plancher
1251 546 31 17 est
1294 543 40 22 usé,
1349 543 80 22 rapiécé,
1445 544 113 21 malpropre.

1088 569 35 18 Les
1133 570 52 17 trous
1193 570 43 21 trop
1245 570 107 22 dangereux
1361 570 43 16 sont
1417 569 82 18 comblés
1512 574 47 13 avec

1087 594 25 17 du
1123 593 79 18 mortier
1209 599 5 16 ;
1223 598 46 13 sous
1276 595 29 16 les
1311 594 89 21 planches
1406 593 98 21 disjointes
1513 594 46 17 s’ac-

1087 618 98 17 cumulent
1199 618 28 18 les
1242 618 114 22 poussières,
1371 618 29 17 les
1414 617 99 22 microbes,
1528 618 29 17 les

1086 641 106 20 insectes...
1202 643 35 18 Les
1246 643 56 18 effets
1316 643 23 17 de
1351 642 94 22 rechange
1458 643 45 17 sont
1516 647 41 13 sus-

1086 668 73 20 pendus
1166 672 38 14 aux
1213 672 53 13 murs
1275 667 52 18 faute
1335 668 24 17 de
1367 668 52 21 place
1426 672 25 13 au
1459 667 97 18 vestiaire.

1086 691 28 18 Un
1122 693 80 18 matelas
1211 694 20 17 et
1239 693 50 17 deux
1303 693 124 17 couvertures
1442 693 116 17 s’entassent

1086 720 34 14 sur
1128 722 38 13 une
1174 718 64 17 chaise
1246 717 53 21 placé
1307 718 53 17 entre
1368 718 50 17 deux
1428 717 129 18 installations

1085 741 79 19 Baudot.
1173 743 35 17 Les
1216 741 101 19 corbeilles
1325 742 10 17 à
1343 742 66 22 papier
1417 743 44 17 sont
1473 747 23 14 en
1504 747 53 13 nom-

1085 766 33 19 bre
1127 767 120 21 insuffisant,
1261 767 59 20 aussi,
1329 767 18 18 le
1355 767 91 22 plancher
1457 767 50 18 est-il
1516 767 41 22 jon-

1085 791 35 18 ché
1128 792 23 17 de
1159 792 57 18 bouts
1225 792 24 17 de
1257 791 83 22 papiers.

1105 816 36 18 Les
1157 817 96 22 dirigeurs
1270 817 23 17 de
1310 817 72 18 Baudot
1398 817 97 22 disposent
1512 818 44 17 d’un

1085 841 97 18 tournevis
1190 846 48 17 pour
1247 842 42 17 tout
1296 842 91 21 matériel,
1400 843 50 17 alors
1461 847 37 18 que
1506 844 50 17 deux

1084 866 86 18 trousses
1177 866 104 22 complètes
1285 866 23 18 de
1313 867 86 22 dirigeur
1404 869 44 16 sont
1453 868 104 23 réglemen-

1083 890 64 18 taires.
1153 891 27 18 Us
1184 896 25 13 ne
1214 891 98 21 reçoivent
1317 896 32 17 pas
1358 893 24 16 de
1389 893 83 18 chiffons
1480 898 76 18 propres

1082 920 49 17 pour
1137 916 18 17 le
1164 917 102 21 nettoyage
1274 916 33 18 des
1315 917 172 19 installations.Les
1491 919 65 18 rouets

1082 941 34 17 des
1127 941 93 22 appareils
1231 941 62 18 Morse
1304 944 105 20 manquent
1419 944 25 17 de
1453 944 102 18 rondelles.

1083 965 34 18 Les
1127 966 61 17 tables
1197 966 78 22 garnies
1289 966 74 19 d’encre
1373 968 75 22 oleique
1461 970 96 17 maculent

1081 990 29 17 les
1119 990 99 22 imprimés
1229 991 25 17 de
1262 991 79 18 service.

1103 1015 25 17 La
1139 1017 71 16 recette
1221 1015 104 23 principale
1336 1017 94 22 d’Ajaccio
1442 1023 23 14 ne
1477 1019 79 22 possède

1082 1045 33 17 pas
1129 1040 122 22 d’étiquettes
1265 1045 69 18 rouges
1350 1044 76 20 portant
1439 1044 18 17 la
1472 1045 83 18 mention

1082 1066 91 21 «urgent»
1182 1066 11 17 à
1201 1066 60 18 coller
1265 1070 35 13 sur
1304 1066 28 19 les
1341 1067 132 29 télégrammes
1479 1070 23 17 de
1507 1071 49 17 celle

1081 1090 100 22 catégorie.
1189 1091 73 21 Malgré
1271 1092 52 17 toute
1330 1092 107 19 l’attention
1446 1095 25 16 du
1480 1099 77 17 person-

1081 1115 38 20 ne],
1138 1115 13 17 il
1163 1115 63 18 arrive
1240 1120 38 18 que
1288 1120 31 14 ces
1331 1117 131 23 télégrammes
1475 1120 11 17 à
1499 1120 56 23 triple

1081 1140 44 17 taxe
1137 1141 99 17 subissent
1249 1141 35 18 des
1298 1142 72 18 retards
1384 1143 120 22 importants.
1520 1146 35 18 Les

1081 1165 92 21 pendules
1180 1166 115 22 électriques
1303 1166 131 20 fonctionnent
1440 1170 116 22 mal.Cepen-

1081 1190 52 21 dant,
1149 1190 75 18 l’heure
1237 1191 56 18 étant
1302 1192 74 19 donnée
1389 1194 43 18 tous
1445 1195 28 18 les
1484 1195 71 19 malins

1081 1219 34 17 par
1122 1215 101 21 Marseille,
1230 1215 15 18 il
1253 1216 58 18 serait
1320 1217 55 19 facile
1383 1219 24 18 de
1415 1221 69 17 mettre
1492 1222 63 17 toutes

1081 1241 28 18 les
1116 1241 93 21 pendules
1220 1241 88 18 d’accord
1318 1243 41 18 afin
1370 1244 81 19 d’éviter
1460 1250 37 18 que
1507 1247 48 18 celle

1081 1266 25 17 du
1114 1265 80 22 guichel
1201 1270 73 15 avance
1282 1267 23 18 de
1313 1267 22 18 20
1340 1269 84 19 minutes
1433 1275 34 14 sur
1475 1272 48 18 celle
1529 1273 25 17 du

1081 1290 115 23 télégraphe,
1205 1295 74 15 comme
1287 1293 39 17 cela
1334 1294 63 19 arrive
1406 1298 86 16 souvent.
1499 1297 25 18 Le
1531 1298 24 17 lit

1080 1315 152 21 précédemment
1241 1317 65 19 utilisé
1313 1322 34 17 par
1354 1319 29 18 les
1390 1322 68 19 agents
1463 1322 24 18 de
1494 1323 61 18 servi-

1081 1344 21 14 ce
1109 1341 25 17 de
1141 1340 49 21 nuit,
1200 1346 12 12 a
1219 1341 31 19 été
1259 1343 69 17 envahi
1336 1349 35 17 par
1379 1345 29 18 les
1416 1347 118 21 punaises.Il
1540 1349 14 17 h

1081 1365 30 18 été
1117 1365 72 18 remisé
1200 1366 48 19 dans
1255 1367 20 18 la
1283 1369 47 17 salle
1340 1370 34 17 des
1384 1371 95 20 archives.
1490 1373 25 18 La
1523 1374 33 18 dé-

1081 1390 102 18 sinfection
1197 1392 25 17 de
1230 1396 22 15 ce
1263 1393 24 18 lit
1296 1399 11 13 a
1318 1394 29 18 été
1359 1395 102 21 demandée
1475 1402 23 14 en
1509 1399 46 18 vain

1081 1416 67 22 depuis
1157 1416 47 19 trois
1212 1418 57 19 mois.
1277 1420 24 17 Le
1309 1419 52 24 siège
1369 1421 56 19 d’une
1433 1423 65 19 chaise
1506 1429 11 13 a
1525 1425 30 19 été

1081 1442 94 22 remplacé
1184 1447 35 18 par
1226 1444 35 18 des
1269 1445 50 23 régis
1322 1446 44 18 très.
1379 1447 48 20 C’est
1439 1449 43 22 pins
1490 1450 66 19 écono-

1081 1467 64 22 mique
1153 1469 20 16 et
1180 1469 45 22 plus
1234 1470 42 18 sain
1282 1470 5 18 !

1104 1493 43 17 Aux
1162 1494 138 23 changements
1308 1498 23 17 de
1345 1498 100 23 brigades,'
1459 1506 38 13 une
1506 1502 50 18 tren-

1083 1518 51 18 taine
1142 1519 117 24 d'employés
1267 1522 34 17 des
1308 1523 49 17 deux
1368 1528 55 15 sexes
1432 1530 22 13 se
1467 1528 88 20 pressent

1082 1543 48 18 dans
1138 1548 26 13 un
1172 1545 94 19 vestiaire
1274 1547 24 18 de
1305 1548 92 22 quelques
1406 1550 71 19 mètres
1485 1552 69 18 carrés.

1103 1569 42 18 Non
1153 1571 110 19 seulement
1272 1572 14 18 il
1295 1573 32 23 n’y
1333 1578 11 13 a
1352 1579 34 17 pas
1394 1576 24 17 de
1425 1576 73 19 casiers
1507 1577 50 18 indi-

1083 1594 83 23 viduels,
1180 1597 50 18 mais
1244 1598 30 18 les
1289 1600 164 21 porte-manteaux
1467 1604 45 17 sont
1531 1608 24 13 en

1082 1621 80 18 nombre
1169 1621 123 20 insuffisant.

1104 1645 37 19 Les
1148 1646 109 20 vêtements
1266 1650 43 17 sont
1317 1652 108 21 suspendus
1434 1653 23 17 de
1474 1654 44 17 tous
1526 1654 30 18 cô-

1083 1671 29 18 tés
1120 1672 12 17 à
1145 1672 34 18 des
1196 1673 62 19 clous.
1274 1674 114 24 Cependant,
1407 1681 23 14 on
1440 1680 46 20 peut
1493 1679 43 18 voir
1544 1679 12 18 à

1083 1697 52 18 terre
1142 1702 27 13 un
1178 1699 152 21 porte-manteau
1346 1702 76 19 maculé
1434 1704 23 17 de
1465 1703 63 19 chaux
1536 1705 21 18 et

1082 1724 82 17 couvert
1173 1724 136 22 dépoussière.

1104 1749 47 17 Tout
1160 1750 19 17 le
1186 1752 102 19 personnel
1301 1751 100 23 fréquente
1412 1754 28 18 les
1454 1754 61 19 même
1522 1755 33 18 W.

1082 1773 21 19 C.
1108 1779 6 17 ;
1121 1779 48 18 pour
1177 1779 38 14 une
1220 1775 102 20 misérable
1327 1778 63 18 raison
1397 1779 122 23 d’économie,
1524 1780 33 19 l’é-

1081 1799 84 23 clairage
1173 1805 12 18 y
1194 1805 11 13 a
1214 1800 31 19 été
1254 1802 103 22 supprimé.
1366 1810 9 10 »

1106 1847 19 19 A
1134 1847 85 20 Muvra
1225 1849 157 25 esagereghia,
1389 1851 110 21 diceranu
1509 1859 48 14 cer-

1083 1874 25 24 ti,
1117 1874 119 25 lighiendu
1245 1880 35 16 sta
1289 1877 144 22 descrizione
1444 1880 21 19 di
1473 1887 14 13 u
1495 1880 61 21 loca-

1082 1902 22 20 le
1111 1903 148 21 duveicorci
1272 1906 117 25 impiegati
1405 1913 112 20 canipanu
1530 1909 25 20 in

1080 1932 25 21 lu
1113 1932 65 20 lozzu
1187 1931 52 21 fin’a
1249 1934 48 24 qui,
1306 1941 13 14 e
1327 1935 80 20 duveu
1417 1937 92 23 publicu
1518 1938 39 20 de-

1081 1965 28 15 ve
1117 1960 60 20 andà
1185 1961 29 19 ad
1223 1961 147 22 intusicassi.

1106 1991 72 24 Ebbè,
1201 1992 72 24 quelli
1290 1994 56 20 certi
1364 1995 19 20 si
1399 1995 156 26 sbagliarianu

1080 2020 84 24 perche
1177 2021 139 20 unn’avemu
1331 2021 57 22 fattu
1403 2023 43 20 che
1458 2031 31 13 un
1497 2031 59 14 sem-

1081 2048 61 24 plice
1150 2048 93 25 ritagliu
1252 2049 24 20 in
1285 2050 23 20 lu
1317 2051 240 26 giurnalecurpurati-

1081 2083 29 13 vu
1117 2083 6 13 :
1133 2076 35 20 La
1176 2076 99 21 Tribune
1282 2078 42 20 des
1330 2079 28 20 P.
1371 2080 22 20 T.
1406 2080 21 20 T.

1097 2215 44 25 Di
1149 2217 149 32 prossima
1308 2217 209 36 publicazione
1525 2229 9 16 :

1197 2278 134 23 Tommaso
1344 2280 104 23 Alfonsi

1166 2335 24 23 Il
1203 2335 137 27 Dialetto
1358 2337 103 26 Corso

1112 2376 94 25 Neîla
1219 2379 127 29 parlata
1360 2380 156 26 balanina

1078 2437 126 27 Fonetica,
1215 2439 160 30 Morfologia,
1384 2442 95 29 Régulé
1491 2449 50 16 ecc.

1105 2487 100 30 Seguite
1217 2490 59 22 d’un
1289 2491 134 24 diziunariu
1433 2493 91 22 Corso.-
1539 2511 3 3 .

1211 2526 201 25 Italo-Francese.

1110 2666 14 26 I
1152 2667 92 26 nostri
1271 2668 59 25 veri
1350 2669 87 26 amici
1459 2678 41 17 un
1518 2673 31 23 sô

1077 2708 90 26 micca
1186 2709 95 33 quelli
1309 2710 46 25 chi
1375 2711 25 25 ci
1424 2714 126 24 contanu

1077 2750 182 26 chiacchiare
1284 2759 46 18 ma
1354 2753 94 33 quelli
1462 2753 47 26 chi
1524 2754 26 26 ci

1076 2792 149 26 mandanu
1237 2800 21 17 u
1271 2800 31 19 so
1322 2793 226 29 abbunamentu.

801 2906 362 53 L’Almanaccu
1187 2907 52 51 di
1268 2909 41 50 A
1331 2909 219 52 MUVRA
1572 2928 92 51 per
1692 2912 129 52 1930

577 3016 51 23 224
638 3019 97 27 pagine,
749 3019 48 22 150
807 3021 173 22 illustrazione.

580 3070 86 22 Puesie
678 3078 13 15 e
698 3072 95 21 articuli
800 3073 41 21 di“i
850 3073 132 27 principali

577 3104 65 26 pueti
655 3110 14 14 e
680 3105 108 21 scrittori
801 3106 129 21 dialettali.

603 3155 10 23 I
624 3157 70 26 mesi,
701 3163 13 15 e
720 3157 119 28 stagione,
848 3159 134 21 acronolo-

575 3189 49 28 gia,
631 3189 348 28 isanti,agricultura,raconti,

575 3221 222 28 fole,stalbatoghj,
806 3228 175 21 canzone,pru-

574 3254 78 27 verbj,
663 3255 69 25 detti,
741 3255 160 26 induvinelle,
909 3261 70 16 ecc...

597 3305 111 23 Cuntene
712 3312 47 15 una
764 3306 84 22 Storia
852 3307 128 25 Populare

575 3338 28 22 di
616 3338 112 27 Corsica,
741 3338 30 21 da
783 3339 7 20 i
802 3340 78 26 tempi
893 3339 24 21 di
930 3339 48 22 San

575 3371 72 21 Pieru
656 3370 105 25 Corsu,a
770 3371 8 20 i
786 3371 78 21 nostri
870 3372 77 26 jorni,
954 3372 25 21 di

573 3404 30 20 P.
617 3403 27 21 di
653 3403 36 26 C.,
698 3409 27 15 eu
733 3403 167 22 illustrazione
907 3409 14 15 e
930 3409 47 17 car-

573 3437 33 20 te.

602 3491 89 22 Prezzu
699 3499 6 14 :
717 3492 49 21 8fr.

602 3523 46 22 Per
660 3524 73 22 Posta
741 3531 6 15 :
759 3525 16 21 9
784 3525 31 22 fr.

602 3555 97 23 Contru
710 3558 123 21 rimborsu
842 3565 7 16 :
864 3559 32 21 10
904 3558 31 22 fr.

725 3602 104 26 Ajacciu

621 3632 137 29 Stamparia
770 3635 24 20 di
807 3636 24 21 A
842 3636 91 21 Muvra

642 3665 29 28 38
681 3666 80 22 Corsu
771 3666 137 23 Grandval.

574 3697 405 34 (Contupustale:Marseille45-8£>)

1591 126 106 36 Société
1716 125 48 35 des
1790 123 114 36 Courses
1922 120 138 45 d'Ajaccio

1723 184 207 28 Programme

1592 223 44 24 du
1662 223 138 27 Meeting
1818 220 42 24 de
1879 219 180 28 Printemps

1657 260 42 25 30
1713 260 88 24 Mars
1819 260 32 22 et
1867 257 19 24 6
1900 256 91 25 Avril

1673 327 151 22 Conditions
1839 325 136 23 Générales

1610 374 35 18 Les
1658 374 135 21 engagements
1818 373 80 17 devront
1915 372 39 18 être
1971 372 87 18 adressés

1588 403 47 17 pour
1643 399 17 17 la
1669 398 81 18 réunion
1764 398 24 16 du
1798 396 23 19 30
1828 397 57 21 Mars,
1894 398 57 17 avant
1958 397 19 18 le
1984 396 75 19 Samedi

1586 423 28 17 22
1622 428 49 12 mars
1680 423 11 16 à
1700 421 52 22 midi,
1758 423 20 17 et
1783 426 48 18 pour
1836 422 48 17 celle
1892 422 26 17 du
1924 421 10 18 G
1940 421 54 21 avril,
2001 422 58 17 avant

1587 448 18 17 le
1612 447 76 18 Samedi
1695 447 27 17 20
1731 451 48 13 mars
1788 448 11 16 à
1805 445 52 22 midi,
1867 451 24 13 au
1900 446 101 19 Président
2008 447 24 17 de
2040 447 17 17 Ja

1586 472 80 21 Société,
1674 472 29 21 17,
1714 476 34 13 rue
1755 471 132 18 Motre-Dame.

1607 497 26 17 En
1642 497 44 22 plus
1694 497 35 18 des
1737 496 87 22 Entrées,
1833 496 13 17 il
1856 500 43 14 sera
1908 501 57 17 perçu
1974 502 26 12 un
2008 496 50 18 droit

1585 521 39 19 fixe
1632 522 163 18 d’entrainement
1802 522 24 17 de
1834 521 23 17 40
1865 521 65 18 francs
1938 526 34 18 par
1978 521 79 23 journée

1584 547 24 18 de
1616 552 74 13 course.

1606 572 93 18 L’echelle
1714 572 33 18 des
1761 572 55 22 poids
1831 572 30 17 est
1875 571 50 18 fixée
1939 572 23 17 de
1975 572 19 17 la
2002 571 55 22 façon

1584 596 90 18 suivante
1681 601 5 12 :

1605 620 93 18 PLAT.—
1715 621 48 17 Tout
1771 622 83 20 gagnant
1868 621 45 17 d’un
1923 620 83 22 premier
2014 621 42 22 prix

1582 645 102 22 quelqu’en
1692 645 39 18 soit
1742 645 19 18 le
1767 646 93 20 montant,
1869 646 20 17 et
1896 645 75 22 jusqu’à
1979 650 79 13 concur-

1583 674 57 13 rence
1656 670 24 17 de
1697 669 54 18 5.000
1764 670 69 21 francs,
1848 670 77 22 portera
1938 669 11 18 3
1958 670 60 22 kilog.
2034 671 23 18 de

1583 695 110 22 surcharge.
1702 695 106 18 Au-dessus
1816 695 24 18 de
1848 694 54 18 5.000
1910 695 35 22 frs,
1954 696 103 22 surcharge

1582 720 109 18 accumulée
1699 720 23 18 de
1731 720 9 17 1
1751 720 59 23 kilog.
1820 725 34 17 par
1862 724 73 14 somme
1943 725 23 13 ou
1976 721 80 18 fraction

1582 745 24 17 de
1613 749 72 14 somme
1694 746 24 17 de
1725 745 53 18 2.000
1787 745 63 18 francs
1856 745 80 22 gagnée.
1942 746 25 17 La
1976 746 80 19 fraction

1582 770 24 17 de
1614 774 72 14 somme
1694 771 71 17 devant
1773 769 40 19 être
1822 770 53 23 égale
1893 775 25 13 ou
1927 771 111 22 supérieure
2046 772 11 17 à

1582 793 53 19 1.000
1643 794 70 19 francs.

1604 819 24 18 La
1637 820 105 23 surcharge
1750 819 100 19 maximum
1855 820 33 22 qui
1895 825 69 17 pourra
1973 820 41 19 être
2023 822 34 17 im-

1582 843 56 22 posée
1646 844 11 18 à
1666 850 26 12 un
1703 845 74 21 cheval,
1787 849 23 13 en
1819 845 72 18 dehors
1900 846 33 17 des
1947 845 109 19 conditions

1582 869 24 17 de
1614 869 18 17 la
1640 874 76 17 course,
1725 871 31 17 est
1763 870 51 18 fixée
1823 870 11 18 à
1843 870 23 17 10
1874 870 70 22 kilogs.

1604 893 105 19 HAIES.—
1721 895 49 18 Tout
1784 896 85 21 gagnant
1883 896 76 21 portera
1967 900 38 13 une
2015 900 42 14 sur-

1582 918 70 23 charge
1666 920 110 18 accumulée
1790 921 23 17 de
1821 920 9 18 1
1841 920 60 22 kilog.
1911 925 34 17 par
1953 925 73 14 somme
2034 922 23 17 de

1581 943 53 18 2.000
1649 944 65 19 francs
1728 945 78 23 gagnée.
1820 946 25 17 Le
1858 945 100 18 maximum
1972 947 24 17 de
2007 947 49 18 celte

1581 969 104 22 surcharge
1693 970 53 18 étant
1754 970 50 18 fixée
1812 970 11 18 à
1832 970 22 18 10
1862 970 70 23 kilogs.

1695 1019 101 20 REUNION
1804 1021 31 18 DU
1844 1020 23 19 30
1879 1021 64 18 MARS

1604 1058 121 19 N’entreront
1733 1064 24 13 en
1765 1061 74 21 compte
1851 1065 38 17 que
1897 1061 28 17 les
1934 1065 83 14 sommes
2025 1066 31 17 ga-

1581 1084 59 22 gnées
1648 1089 35 13 sur
1691 1084 138 22 l’hippodrome
1837 1086 23 17 de
1868 1085 97 23 Vignette.

1603 1114 48 18 Prix
1658 1119 71 19 cyrnos.
1733 1124 24 4 —
1764 1115 54 18 3.000
1826 1116 66 18 francs

1603 1139 71 19 Offertâ
1682 1145 35 18 par
1724 1141 19 17 la
1757 1140 73 19 Société
1845 1142 34 17 des
1893 1141 81 19 Courses
1983 1142 72 23 d’Ajae-

1581 1164 52 18 cion:
1643 1164 54 19 1.800
1706 1165 63 18 francs
1777 1171 24 13 au
1817 1167 90 21 premier,
1917 1166 33 19 800
1959 1167 64 19 francs
2030 1173 24 13 au

1581 1190 100 19 deuxième
1690 1192 20 17 et
1718 1190 37 19 400
1768 1191 64 19 francs
1840 1197 25 13 au
1875 1192 103 19 troisième.

1604 1220 65 19 Course
1678 1227 25 12 au
1712 1223 36 17 trot
1755 1222 56 19 allelé
1818 1227 50 19 pour
1876 1224 45 18 tous
1930 1224 87 18 chevaux
2031 1224 24 18 de

1580 1246 12 17 4
1599 1251 35 14 ans
1642 1248 20 17 et
1670 1248 108 21 au-dessus,
1789 1248 34 18 nés
1838 1250 19 17 et
1871 1249 64 18 élevés
1950 1254 24 13 en
1989 1249 64 19 Corse.

1579 1272 50 18 Tout
1636 1274 87 21 gagnant
1730 1274 86 17 reculera
1825 1274 23 18 de
1856 1275 45 17 cent
1909 1274 79 19 mètres.

1602 1297 99 20 Distance.:
1711 1297 53 19 3.500
1772 1299 70 18 mètres
1857 1300 81 18 environ
1947 1309 16 4 —
1970 1300 70 19 Entrée

1580 1321 23 18 40
1610 1322 71 19 francs.

1603 1350 81 19 Prix.du
1691 1351 85 19 Ministre
1790 1352 23 19 de
1826 1353 137 23 l'Agriculture.
1972 1362 17 5 —
1996 1353 53 18 6.000

1579 1376 71 18 francs.

1602 1401 72 19 Offerts
1680 1407 5 13 :
1695 1402 54 18 5.000
1757 1403 65 19 francs
1830 1408 34 18 par
1872 1404 18 18 le
1899 1404 153 19 Gouvernement

1580 1427 24 18 de
1617 1427 19 18 la
1649 1427 127 24 République,
1792 1430 19 17 et
1825 1428 53 19 1.000
1897 1429 64 19 francs
1981 1434 34 18 par
2033 1430 19 17 la

1580 1451 75 20 Société
1663 1454 35 17 des
1706 1453 82 19 Courses
1803 1454 97 22 d’Ajaccio
1907 1459 5 17 ;
1928 1454 54 18 4.000
1996 1454 25 18 fr.
2035 1456 19 17 et

1579 1478 29 18 les
1616 1479 76 18 entrées
1700 1483 24 14 au
1733 1480 91 22 gagnant,
1834 1484 24 13 en
1864 1481 56 17 outre
1927 1479 52 19 1.500
1990 1480 64 18 francs

1580 1508 25 13 au
1613 1503 101 19 deuxième
1723 1506 20 16 et
1751 1504 34 18 500
1792 1504 63 19 francs
1864 1510 25 13 au
1898 1505 105 18 troisième.

1603 1528 49 19 Pour
1660 1529 100 22 pouliches
1775 1531 25 17 de
1808 1529 11 19 3
1824 1534 45 17 .ans,
1886 1531 46 18 nées
1945 1531 19 17 et
1979 1530 75 18 élevées

1580 1558 25 13 en
1613 1554 63 21 Corse,
1686 1556 20 16 et
1714 1555 63 18 issues
1786 1555 24 18 de
1823 1555 85 22 juments
1922 1556 46 18 nées
1983 1557 20 17 et
2017 1555 38 19 éle-

1580 1579 45 18 vées
1634 1584 24 13 en
1667 1579 58 19 Corse
1731 1581 19 17 et
1756 1580 91 19 d’étalons
1852 1581 102 22 possédant
1961 1586 24 13 au
1992 1581 62 18 moins

1580 1604 24 18 25
1612 1606 22 20 ./•
1643 1606 24 17 de
1676 1609 48 19 sang
1731 1606 67 21 arabe;
1807 1606 56 18 Poids
1872 1611 87 14 commun
1965 1606 23 18 60
1994 1607 13 17 k
2015 1607 37 22 1/2;

1581 1630 87 18 Distance
1675 1635 5 13 :
1690 1630 54 18 1.100
1752 1631 70 18 mètres
1837 1631 87 18 environ.
1933 1632 78 18 Entrées
2018 1637 5 13 :
2032 1632 22 17 50

1580 1655 73 19 francs.

1602 1686 49 19 Prix
1658 1687 26 18 du
1691 1687 71 18 Conseil
1771 1687 80 19 Général.
1860 1697 17 4 —
1885 1688 53 18 6.000
1947 1689 72 18 francs.

1604 1715 72 18 Offerts
1684 1721 4 12 :
1698 1715 55 18 5.000
1761 1716 64 18 francs
1834 1721 34 18 par
1873 1717 19 18 le
1897 1716 74 19 Conseil
1978 1717 75 22 général

1581 1742 24 17 de
1613 1741 19 17 la
1640 1740 65 21 Corse,
1721 1742 19 17 et
1754 1740 53 19 1.000
1822 1741 64 19 francs
1900 1747 35 17 par
1946 1743 18 17 la
1979 1742 75 19 Société

1581 1767 35 17 des
1627 1766 81 18 Courses
1722 1766 95 22 d’Ajaccio
1825 1772 5 16 ;
1845 1767 54 18 4.000
1913 1768 64 18 francs
1993 1769 18 17 et
2025 1769 28 17 les

1581 1791 75 19 entrées
1665 1796 24 13 au
1698 1793 93 21 gagnant;
1798 1796 24 14 en
1830 1793 62 20 outre,
1899 1792 123 20 1.500francs
2030 1799 23 12 au

1581 1816 101 19 deuxième
1690 1818 21 17 et
1718 1816 35 19 500
1761 1817 64 18 francs
1834 1822 25 13 au
1871 1818 103 19 troisième.

1603 1842 50 18 Pour
1661 1842 89 22 poulains
1765 1843 24 17 de
1796 1842 11 18 3
1816 1847 41 17 ans,
1872 1843 34 18 nés
1919 1844 19 17 et
1951 1844 64 18 élevés
2030 1849 22 14 en

1582 1868 64 21 Corse,
1655 1868 20 17 et
1683 1867 51 18 issus
1743 1868 23 18 de
1773 1867 86 22 juments
1867 1869 46 18 nées
1919 1870 19 17 et
1946 1869 76 18 élevées
2031 1874 22 14 en

1582 1892 64 22 Corse,
1654 1894 21 17 et
1683 1893 91 18 d’étalons
1783 1893 103 22 possédant
1893 1899 24 12 au
1929 1895 62 17 moins
1999 1894 23 19 25
2031 1896 22 20 •/.

1581 1919 25 17 de
1613 1922 48 18 sang
1675 1918 63 18 arabe.
1748 1918 56 18 Poids
1812 1923 88 14 commun
1910 1918 21 19 02
1936 1919 20 18 k.
1964 1920 36 18 Les
2008 1920 46 18 hon-

1581 1948 44 18 gres
1636 1944 101 17 recevront
1746 1943 9 18 1
1763 1944 21 17 k.
1793 1943 32 22 1/2
1831 1949 5 16 ;
1845 1944 89 19 Distance
1941 1949 5 13 :
1955 1944 54 19 1.100
2016 1945 38 19 mè-

1582 1970 39 17 tres
1630 1969 88 18 environ.
1726 1969 68 18 Entrée
1802 1975 5 12 :
1814 1969 24 18 50
1844 1970 74 18 francs.

1604 1999 49 18 Prix
1660 1999 26 18 du
1694 1999 65 18 Casino
1767 1999 110 24 Municipal.
1886 2010 16 4 —
1911 2000 63 19 10.000
1982 2002 26 17 fr.

1603 2025 70 19 Offerts
1682 2030 35 18 par
1724 2026 19 17 la
1751 2025 73 19 Société
1831 2027 26 17 du
1866 2026 70 19 Casino
1942 2027 109 23 Municipal:

1580 2050 54 18 7.500
1641 2051 65 18 francs
1715 2052 19 17 et
1741 2051 28 18 les
1778 2051 77 18 entrées
1863 2056 25 13 au
1900 2054 90 21 gagnant,
2000 2052 53 19 1.800

1581 2076 64 18 francs
1653 2081 25 13 au
1686 2076 101 18 deuxième
1796 2078 20 17 et
1824 2076 33 19 700
1866 2077 26 18 fr.
1902 2082 24 13 au
1938 2078 104 21 troisième,

1602 2102 50 18 Pour
1661 2103 44 17 tous
1715 2102 86 18 chevaux
1810 2102 24 19 de
1842 2103 17 21 4,
1869 2103 18 20 5,
1897 2105 19 16 et
1924 2103 11 18 6
1943 2108 42 13 ans.
1991 2104 35 18 nés
2034 2105 18 17 et

1580 2127 64 18 élevés
1652 2131 25 14 en
1686 2127 64 22 Corse,
1759 2129 20 16 et
1787 2127 52 19 issus
1846 2129 23 17 de
1877 2128 83 23 juments
1974 2129 46 18 nées
2034 2131 18 16 et

1580 2152 76 19 élevées
1666 2157 23 14 en
1698 2152 64 19 Corse.
1769 2153 58 18 Poids
1833 2158 6 13 :
1848 2154 11 17 4
1868 2158 41 17 ans,
1919 2153 22 18 62
1949 2154 20 18 k.
1974 2159 6 18 ;
1990 2155 11 18 5
2009 2159 41 17 ans,

1580 2177 24 18 64
1611 2178 20 17 k.
1639 2183 5 16 ;
1653 2177 11 18 6
1673 2183 42 16 ans,
1730 2178 23 17 66
1768 2178 21 18 k.
1802 2179 35 18 Les
1852 2179 84 22 hongres
1950 2181 102 17 recevront

1579 2203 11 18 1
1600 2203 20 18 k.
1628 2203 31 22 1/2
1664 2208 6 17 ;
1680 2203 87 19 Distance
1773 2209 6 12 :
1785 2203 52 19 1.800
1843 2204 70 19 mètres
1919 2205 80 18 environ
2005 2210 6 17 ;
2017 2205 35 19 En-

1580 2228 51 19 trée:
1640 2228 23 18 50
1672 2229 72 18 francs.

1600 2260 49 18 Prix
1656 2260 23 18 de
1688 2260 19 18 la
1713 2260 70 19 Société
1788 2260 178 25 d'Encouragement.
1976 2271 17 5 —
1998 2262 53 19 6.000

1578 2285 73 19 francs.

1601 2310 71 19 Offerts
1678 2316 4 13 :
1690 2311 53 18 4.200
1749 2311 62 19 francs
1816 2317 34 17 par
1858 2312 19 18 la
1883 2312 74 19 Société
1962 2313 89 18 d’Encou-

1577 2337 105 22 ragement,
1691 2337 21 17 et
1720 2337 17 17 1.
1747 2336 33 19 800
1789 2337 63 18 francs
1860 2342 35 18 par
1902 2338 19 17 la
1928 2337 76 20 Société
2018 2340 33 17 des

1577 2366 78 14 courses
1663 2362 105 22 d’Ajaccio;
1778 2362 54 18 4.000
1846 2363 64 18 francs
1922 2368 24 13 au
1960 2366 90 20 gagnant,

1577 2387 53 18 1.200
1638 2387 64 18 francs
1709 2392 24 13 au
1741 2388 107 20 deuxième,
1858 2387 34 19 400
1901 2389 64 18 francs
1972 2394 26 13 au
2006 2390 45 18 troi-

1577 2413 60 18 sième
1644 2414 19 17 et
1672 2412 35 19 400
1715 2413 63 18 francs
1787 2413 11 18 à
1806 2413 94 18 l’éleveur
1905 2414 25 17 du
1939 2417 90 20 gagnant.

1599 2441 49 18 Pour
1655 2441 87 18 chevaux
1751 2441 72 18 entiers
1837 2442 83 21 hongres
1933 2443 21 17 et
1965 2443 85 22 juments

1576 2466 25 18 de
1608 2466 11 18 4
1627 2470 36 14 ans
1672 2468 20 16 et
1700 2467 109 18 au-dessus.
1818 2467 58 18 Poids
1881 2472 6 13 :
1896 2467 12 18 4
1916 2472 42 17 ans,
1967 2468 24 18 55
1999 2468 21 19 k.
2028 2474 5 17 ;
2039 2469 11 18 5

1576 2496 35 13 ans
1619 2493 20 16 et
1646 2492 110 21 au-dessus,
1764 2491 23 18 58
1800 2492 20 17 k.
1829 2491 122 24 Surcharges
1963 2498 88 14 accumu-

1576 2517 41 18 lées
1624 2516 12 18 2
1644 2517 20 17 k.
1675 2521 48 17 pour
1728 2517 73 22 chaque
1809 2521 73 14 somme
1891 2518 24 18 de
1922 2518 53 18 5.000
1986 2519 64 19 francs

1576 2542 80 23 gagnée.
1665 2542 100 18 Distance':
1774 2541 54 20 3.800
1836 2543 71 18 mètres
1921 2544 86 19 environ.
2016 2545 34 18 En-

1576 2567 53 18 trée:
1638 2566 22 19 50
1670 2567 71 18 francs.

1695 2618 102 19 REUNION
1805 2619 31 18 DU
1844 2619 11 18 6
1863 2620 72 18 AVRIL

1599 2654 47 18 Prix
1653 2654 26 18 du
1685 2654 71 19 Conseil
1760 2655 107 23 Municipal,
1874 2665 23 4 —
1908 2655 53 19 3.000
1966 2657 27 18 fr.

1598 2679 70 18 Offerts
1682 2684 36 17 par
1725 2680 18 18 le
1752 2679 74 19 Conseil
1836 2681 103 22 municipal
1949 2681 99 23 d’Ajaccio,

1576 2705 46 17 dont
1630 2703 54 19 1.800
1692 2704 64 19 francs
1764 2709 26 14 au
1797 2705 91 22 premier,
1898 2705 34 19 800
1937 2707 25 17 fr.
1972 2711 25 13 au
2005 2707 44 18 deu-

1575 2729 63 18 xième
1646 2730 20 17 et
1674 2729 35 18 400
1714 2730 62 18 francs
1785 2734 24 14 au
1818 2731 103 18 troisième.

1599 2757 64 19 Course
1672 2763 25 12 au
1705 2759 36 17 trot
1749 2759 59 17 monté
1815 2763 49 17 pour
1874 2760 43 17 tous
1925 2760 87 18 chevaux
2027 2761 22 18 de

1575 2783 12 17 4
1596 2787 34 13 ans
1645 2784 19 17 et
1672 2784 111 20 au-dessus,
1798 2783 34 18 nés
1841 2785 19 16 et
1867 2784 64 18 élevés
1945 2789 24 13 en
1983 2785 65 19 Corse.

1575 2807 58 18 Poids
1640 2813 5 12 :
1659 2808 12 17 4
1679 2812 42 18 ans,
1730 2808 23 17 62
1761 2808 20 18 k.
1789 2813 6 17 ;
1809 2808 49 18 Tout
1866 2810 84 21 gagnant
1962 2811 87 18 reculera

2087 111 24 17 de
2119 111 43 17 cent
2171 110 75 19 mètres.

2109 135 86 19 Distance
2200 141 5 13 :
2214 136 55 18 3.500
2276 138 70 19 moires
2351 149 22 4 —
2379 141 78 24 Entrées
2464 153 5 13 :
2476 151 22 18 40
2504 155 7 16 f

2109 166 47 18 Prix
2160 166 21 19 de
2187 166 18 19 la
2210 166 70 19 Société
2288 168 82 22 Sportive
2375 171 100 21 d'Encan>•„
2512 161 13 14 F‘

2086 201 23 4 —
2114 191 63 18 10.000
2185 191 69 19 francs.
2426 188 4 3 '
2443 184 99 26 wa9e*nm.

2108 219 70 18 Offerts
2185 225 4 12 :
2198 219 54 18 5.000
2257 219 63 19 francs
2326 226 34 17 par
2367 224 18 17 la
2389 224 72 24 Sociélé
2468 232 18 16 St

2085 244 183 23 d’Encouragemenl,
2283 245 54 19 2.000
2342 247 63 21 francs
2414 256 33 17 par
2454 255 17 19 le
2479 258 13 17 (•
2519 245 26 18 ‘Ve

2085 269 101 22 municipal
2194 270 101 22 d’Ajaccio,
2306 272 17 17 el
2333 271 52 20 3.000
2391 275 23 18 fr.
2425 282 33 13 nHr
2489 265 55 22 '°“8e5l

2086 294 19 17 té
2113 295 33 17 des
2154 294 86 19 Courses.
2472 287 10 13 u
2491 287 53 23 s°cié-

2108 318 51 19 7.000
2163 319 64 18 francs
2232 320 20 17 et
2258 320 28 18 les
2292 321 76 19 entrées
2373 328 23 13 au
2404 330 80 17 gagnom
2498 336 9 8 «
2514 338 10 9 „

2085 344 64 18 francs
2156 349 22 13 au
2187 344 106 22 deuxième,
2302 346 20 17 et
2329 346 34 18 500
2371 348 63 21 francs
2442 358 23 14 au
2479 358 5 12 f
2492 364 4 5 ■
2507 361 3 5 •
2522 365 5 4 •

2085 373 41 17 me;
2141 374 21 13 en
2171 370 61 20 outre,
2248 369 15 18 il
2271 374 42 13 sera
2322 371 83 21 attribué
2414 380 37 16 une

2084 393 35 18 500
2124 394 62 18 francs
2193 394 11 18 à
2210 394 93 18 l’éleveur
2311 396 26 17 du
2345 401 89 18 gagnant.
2459 388 6 14 1
2487 388 16 14 111
2504 391 9 14 e
2523 391 16 19 1,(
2538 398 5 12 5

2107 422 49 18 Pour
2171 423 39 17 tous
2225 422 89 22 poulains
2328 424 19 17 el
2355 426 84 21 poliches
2453 433 22 18 de
2483 435 11 18 3

2084 446 34 18 nés
2132 448 19 16 el
2159 445 62 20 élevés
2230 452 23 13 en
2263 447 63 22 Corse,
2343 450 19 17 el
2371 450 51 21 issus
2430 456 23 17 de
2467 444 74 33 jUrT.ails>

2084 471 46 18 liées
2138 472 19 17 el
2164 472 75 18 élevées
2248 477 23 13 en
2280 472 66 23 Corse,
2356 475 20 17 et
2385 477 89 23 d’étalons
2504 468 37 19 CUls

2084 497 46 17 dant
2141 501 23 13 au
2179 496 61 18 moins
2255 496 50 22 25./-
2320 499 24 17 de
2357 504 47 19 sang
2416 506 55 19 arabe
2488 491 55 37 PpS-Sé'

2084 526 85 14 commun
2177 527 5 12 :
2192 522 21 17 62
2220 522 19 18 k.
2252 522 35 18 Les
2296 522 83 24 hongres
2387 527 19 17 cl
2413 528 29 19 les
2455 517 78 33 uonii!^
2534 523 8 14 8

2084 548 98 17 recevront
2195 547 9 18 1
2212 547 19 18 k.
2241 547 41 22 1/2;
2298 547 100 21 Dislance:
2408 552 53 21 l.tfoo
2535 548 8 13 8

2083 571 79 19 Entrée:
2171 572 22 17 50
2200 572 71 18 francs.
2491 565 49 20 etI'es-

2106 601 95 19 Deuxieme
2205 602 47 23 prix
2260 602 25 19 du
2295 603 63 20 Casino
2363 605 109 26 Municipale
2485 616 56 15 mnnn

2083 626 70 19 francs.
2473 626 5 5 '
2511 624 30 16 UUG

2106 654 70 19 Offerte
2184 659 34 18 par
2232 656 18 17 la
2256 656 75 19 Société
2337 658 24 18 du
2369 659 67 20 Casino
2444 663 76 21 Munira
2531 675 5 9 ,

2082 679 47 18 dont
2144 679 51 18 7.500
2202 680 63 19 francs
2274 682 20 17 et
2301 682 29 18 les
2339 684 75 19 entrées
2420 691 24 14 au
2453 675 73 35 goc»»,,?.
2538 689 4 8 ’

2082 703 55 19 2.000
2149 704 62 19 francs
2225 710 24 13 au
2265 707 106 22 deuxième,
2382 711 19 16 et
2415 710 34 20 500
2456 698 84 35 fraim*tS’

2084 729 100 19 troisième.
2505 725 8 13 s
2520 727 20 15 au

2106 758 49 18 Pour
2163 759 40 17 tous
2212 759 86 19 chevaux
2306 761 23 18 de
2337 761 18 18 4.
2364 762 11 18 5
2384 765 19 16 el
2411 764 11 18 6
2430 771 34 14 ans
2480 772 29 18 nés

2082 783 64 18 élevés
2154 788 22 13 en
2185 784 64 18 Corse.
2265 785 56 19 Poids
2329 791 5 13 :
2348 787 11 18 4
2368 793 41 18 ans,
2425 791 22 18 62
2456 793 12 17 k
2488 796 11 17 0

2082 807 46 19 64k.
2136 813 5 16 ;
2150 808 10 17 G
2168 814 41 16 ans,
2219 809 22 18 66
2248 810 19 17 k.
2277 810 36 19 Les
2321 803 219 37 liongres’recevrômÏÏ’

2082 833 32 21 1/2
2119 838 5 16 ;
2129 833 85 19 Distance
2221 839 5 13 :
2233 834 54 19 3.000
2293 836 69 19 métros
2369 840 96 20 environs.
2471 844 50 20 Entr'*

2082 857 24 18 50
2113 858 68 19 francs.
2460 856 5 5 ’
2512 854 27 16 ee:

2104 889 48 17 Prix
2164 889 22 18 de
2199 890 19 18 la
2232 890 70 19 Sociélé
2314 892 31 19 des
2359 894 70 24 Steeple
2434 906 8 5 -
2448 898 60 20 Chase*
2522 907 10 11 ,1

2082 913 75 19 France.
2166 924 22 4 —
2196 915 54 18 6.000
2258 916 71 20 francs.
2521 907 18 18 de

2105 941 76 20 Offerts:
2189 943 51 19 1.430
2246 944 64 19 francs
2316 951 34 17 par
2357 947 19 18 la
2383 947 73 22 Société
2461 953 32 19 des
2498 955 36 19 Ste»

2081 967 110 22 ple-Chases
2198 970 24 17 de
2230 970 79 23 France,
2319 973 20 16 et
2347 972 53 19 4.570
2409 974 63 21 francs
2486 973 54 26 pnrT

2081 992 75 19 Société
2162 994 33 18 des
2203 994 89 20 Courses.
2485 986 11 16 P
2532 990 8 14 a

2104 1020 52 19 4.000
2169 1022 63 19 francs
2247 1029 23 13 au
2285 1028 88 21 gagnanf,
2388 1028 53 19 1.200
2449 1030 60 22 francs

2081 1046 104 23 deuxième,
2193 1049 20 16 et
2220 1048 35 19 400
2262 1049 64 20 francs
2334 1056 24 13 au
2368 1053 100 21 troisième.
2477 1058 25 19 En

2082 1071 35 21 tre,
2126 1071 34 18 300
2168 1072 64 19 francs
2241 1075 10 17 à
2257 1075 92 19 l’éleveur
2357 1078 25 17 du
2391 1083 90 21 gagnant,
2490 1086 50 20 etlOO

2081 1096 64 19 francs
2157 1103 11 12 a
2179 1099 49 17 celui
2237 1100 26 17 du
2272 1101 106 23 deuxième,
2387 1105 47 18 dont
2441 1106 33 19 130
2486 1109 54 19 franr*

2080 1121 68 18 offerts
2156 1127 33 18 par
2195 1124 19 17 la
2222 1124 74 19 Sociélé
2304 1127 34 18 des
2346 1127 156 26 Sleeple-Cliases.

2104 1152 63 19 Course
2175 1154 21 18 de
2205 1155 51 19 haies
2267 1162 48 17 pour
2328 1158 86 20 chevaux
2428 1162 24 18 de
2460 1163 10 18 4
2478 1169 31 14 ans
2524 1172 16 13 PI

2080 1182 25 13 au
2114 1178 75 23 dessus,
2203 1181 35 18 nés
2247 1182 20 17 et
2280 1183 65 18 élevés
2353 1189 24 13 en
2394 1185 65 24 Corse,
2467 1189 48 20 issus
2522 1176 19 35 dl

2079 1205 85 20 juments
2171 1205 45 18 nées
2224 1208 20 16 el
2252 1207 75 19 élevées
2333 1213 24 14 en
2366 1209 64 24 Corse,
2436 1214 20 16 el
2461 1214 81 23 d’étalons

2080 1229 101 21 possédant
2188 1235 23 14 au
2217 1232 61 19 moins
2284 1233 23 18 25
2315 1235 22 21 ./•
2342 1235 24 17 de
2371 1230 48 29 s'ang
2424 1239 117 23 arabe.Poids-

2080 1254 11 18 4
2100 1259 41 17 ans,
2151 1255 21 18 65
2180 1256 19 18 k.
2206 1262 5 16 ;
2221 1257 12 18 5
2240 1263 36 13 ans
2291 1261 20 16 el
2322 1261 103 18 au-dessus
2439 1262 22 19 08
2474 1265 19 18 k.
2501 1266 40 20 Sur-

2080 1280 69 22 charge
2156 1283 108 18 accumulée
2272 1284 24 18 de
2304 1284 9 18 1
2320 1285 20 17 k.
2347 1290 34 17 par
2386 1291 71 15 somme
2465 1290 22 18 de
2494 1291 10 18 2
2511 1292 31 19 006

2080 1305 64 18 francs
2151 1307 71 22 gagnée
2228 1313 5 16 ;
2243 1308 88 19 Distance
2338 1315 5 12 :
2352 1310 64 19 3.2000
2429 1314 74 20 mètres.
2510 1318 32 17 En-

2081 1330 40 18 trée
2128 1335 5 13 :
2140 1330 22 18 50
2165 1331 69 20 francs.

2222 1454 20 37 0
2262 1456 143 47 Bujagbiu

2079 1541 78 22 Quandu
2162 1544 53 17 canta
2224 1544 20 18 lu
2253 1545 64 23 jaddu,
2327 1548 87 19 s’arrizza
2421 1550 20 18 lu
2450 1552 83 24 bujaghiu

2080 1567 9 17 ■\
2095 1568 12 16 à
2112 1567 100 20 circhendu
2219 1570 6 17 i
2231 1571 27 17 so’
2265 1571 45 22 boj.i
2316 1574 108 19 cunduciau
2431 1569 108 32 pagliaghiu'

2167 1594 15 17 E
2189 1595 13 17 li
2211 1596 24 17 dà
2242 1597 63 22 paglia
2313 1603 11 13 0
2333 1598 44 19 fenu
2384 1605 6 17 ;

2079 1618 32 18 Po’
2120 1618 16 18 si
2145 1619 20 17 ni
2173 1620 51 18 voila
2233 1621 21 18 in
2262 1627 44 14 casa
2313 1628 11 13 a
2332 1624 20 18 lu
2361 1626 28 17 so’
2396 1626 114 24 fuculaghiu.

2080 1642 60 20 Chisò
2146 1644 59 19 freddi
2211 1647 94 19 linollidi
2311 1649 227 28 dicemhrieghjnnaghiu:

2167 1671 14 18 E
2189 1673 71 18 Irosciu
2268 1674 11 17 è
2286 1674 21 18 lu
2315 1676 86 19 lerrenu.
2533 1670 5 9 :

2078 1732 83 19 Accanta
2168 1734 20 17 lu
2196 1735 65 21 pilonu
2271 1741 11 14 e
2290 1737 59 23 piglia
2357 1739 20 18 lu
2386 1741 107 23 panchetlu,

2078 1758 77 19 Arrusti
2162 1759 14 18 li
2184 1761 85 23 castagni
2278 1767 11 13 e
2298 1763 17 18 si
2323 1765 61 18 caecia
2392 1766 20 17 lu
2424 1766 64 23 fretta,

2168 1785 82 20 Fendusi
2259 1792 40 14 una
2307 1790 83 18 canlala.

2079 1808 14 18 E
2102 1811 74 21 quandu
2185 1815 10 13 a
2202 1811 85 20 l’orienli
2296 1814 16 17 si
2322 1815 90 23 spigninu
2421 1818 13 17 li
2444 1819 64 22 steddi,

2079 1834 14 18 E
2102 1840 40 13 nun
2150 1836 16 18 si
2175 1837 50 18 senti
2234 1842 70 15 ancora
2311 1845 13 12 u
2333 1842 57 17 canlu
2399 1842 20 18 di
2426 1833 82 29 l’aceddi'

2167 1862 51 18 Parti
2226 1869 11 12 a
2245 1864 19 18 fà
2272 1865 19 18 la
2299 1865 82 22 jurnata.

2079 1917 27 18 Cu
2116 1918 13 17 li
2138 1919 29 22 boj
2176 1924 10 13 a
2194 1920 21 18 lu
2223 1922 59 21 solcu,
2292 1923 88 19 s’attacca
2387 1925 37 18 alu
2432 1928 103 23 cunceghiu,

2078 1943 98 19 Dicenduli
2184 1950 5 13 :
2198 1946 60 22 tireti,
2268 1948 31 17 chi
2308 1949 31 18 eiu
2347 1954 39 14 nun
2395 1951 109 23 m’arreghiu
2508 1953 7 18 1

2167 1970 56 19 Femu
2232 1972 20 17 lu
2262 1977 55 18 passa
2325 1979 11 13 e
2345 1975 67 18 veni...

2079 1994 27 18 Da
2113 1996 18 17 la
2140 1996 49 18 mani
2197 2001 11 13 a
2216 1997 19 17 la
2243 2002 49 17 sera,
2298 1999 60 19 fascia
2364 2000 59 19 fascia
2428 2006 13 13 u
2449 2002 86 20 ’raneddu,

2078 2019 15 18 E
2101 2025 38 13 nun
2148 2021 52 19 cheta
2208 2022 84 23 l’arnasi,
2305 2024 80 24 Bragatu
2396 2031 12 13 e
2418 2027 109 24 Mulineddu,

2167 2046 38 19 Che
2213 2050 77 20 quandu
2299 2055 11 12 a
2318 2051 50 18 notti
2377 2052 51 18 veni.

2078 2108 20 18 Si
2108 2109 62 23 cinghj
2179 2111 17 17 la
2204 2111 98 23 hisgiacca
2310 2118 10 13 e
2329 2114 17 18 si
2355 2114 20 18 ni
2383 2119 24 14 va
2415 2116 84 18 cuntenti

2078 2134 21 18 In
2107 2139 23 13 cu
2136 2136 20 16 lu
2161 2140 67 18 scarpu
2234 2139 79 21 trosciu,
2323 2141 108 18 terrazzosu
2436 2145 11 14 e
2452 2141 86 23 pisenti...

2165 2161 60 19 Pensa
2233 2168 10 13 a
2251 2164 105 22 l’umanità,

2077 2185 32 18 Pe’
2116 2186 20 17 la
2143 2187 50 22 quali
2202 2189 100 23 travaglia,
2311 2195 11 13 e
2330 2191 104 22 ch’aspetta
2442 2193 21 17 lu
2470 2193 47 22 pani.

2078 2211 54 18 l’ieru
2142 2216 10 13 e
2159 2217 45 17 pocu
2214 2214 86 23 stimatu,
2309 2216 67 23 riparti
2385 2222 12 13 u
2408 2218 109 21 lindumani,

2165 2237 98 20 Cantendu
2269 2245 11 13 a
2289 2241 99 20 Liberté...

2232 2279 94 21 Simonu
2335 2282 23 17 di
2368 2281 45 20 San
2421 2282 98 24 Jorghiu.

2076 2391 27 26 E
2114 2392 106 27 isciutu
2228 2402 9 18 :

2111 2453 243 29 L’Almanaccu
2373 2458 33 24 di

2170 2502 25 37 Â
2211 2504 117 38 Barelta
2345 2506 106 47 Misgia

2111 2568 120 27 Rxvista
2241 2573 160 29 populare
2414 2581 96 17 corsa

2076 2628 106 24 Numeru
2194 2638 36 21 32,
2258 2632 283 26 Nuvembre-Dicembre

2283 2673 54 23 1929

2222 2721 175 26 SOMMARIU

2096 2763 86 19 Altore.
2190 2774 23 4 —
2224 2765 97 25 Cantemu,
2334 2774 11 13 0
2356 2770 55 18 Paisà
2418 2771 5 18 !
2436 2770 104 19 Previsione

2075 2788 20 17 di
2106 2794 13 12 u
2130 2790 14 9 “
2151 2790 155 23 Buggiardellu”.
2319 2794 112 25 Cronologia
2447 2800 32 18 per
2493 2793 47 19 1930.

2075 2812 109 21 Calendariu
2192 2816 62 22 (mesi,
2262 2818 51 22 lune,
2318 2819 68 24 -feste).
2394 2821 69 18 Lavori
2470 2821 72 21 Campa-

2075 2839 58 21 gnoli.
2150 2839 110 21 Minicale.
2268 2852 24 5 —
2299 2844 9 17 I
2321 2845 69 18 Bruchi
2404 2846 21 18 in
2438 2846 62 18 Niolu.
2515 2843 25 19 D.

2074 2863 138 21 Maestracci.
2218 2876 23 4 —
2246 2868 17 18 A
2271 2869 56 19 Testa
2336 2871 19 17 di
2363 2876 14 12 u
2383 2871 55 18 Moru
2447 2871 63 23 (Bassu
2517 2868 25 19 ri-

2074 2890 28 17 lie
2104 2891 39 22 vu).
2157 2890 63 19 Paoli
2229 2893 23 17 di
2260 2893 87 24 Taglio.
2355 2905 23 4 —
2390 2897 17 18 U
2417 2894 123 21 Matrimoniu.

2074 2914 68 19 Petru
2150 2915 73 20 Maria
2231 2917 23 18 di
2264 2918 170 22 Casamaccioli.
2443 2931 23 4 —
2473 2921 17 18 U
2501 2920 40 18 Pas-

2075 2941 41 17 tore
2121 2945 11 14 e
2137 2941 123 24 l’Impiegatu.
2266 2944 154 20 Andriettu.—
2426 2947 115 17 Parollesec-

2074 2965 42 19 che.
2133 2966 23 18 Sa
2158 2968 38 17 tara
2206 2968 46 18 d’un
2263 2968 116 21 Effeminatu
2394 2972 77 22 (Vecobj
2479 2968 62 21 Scritti

2074 2990 133 25 Jussaninehi).
2225 2992 28 19 A.
2261 2994 144 21 Manodritta.
2415 3007 22 4 —
2448 2994 92 24 Svegliati,

2074 3015 52 19 Bella
2132 3016 5 18 !
2149 3016 105 25 (Canzona).
2272 3018 25 19 G.
2307 3020 23 19 di
2338 3021 24 18 la
2371 3021 89 19 Grotta.
2469 3031 24 4 —
2501 3020 40 18 Nun

2074 3045 58 17 possu
2139 3042 5 17 !
2158 3042 29 19 M.
2194 3042 134 22 Alessandri
2338 3046 22 18 di
2369 3046 121 19 Chidazzu.
2497 3054 21 4 —
2525 3044 15 18 -4

2074 3071 41 13 unu
2124 3067 32 18 chi
2165 3069 74 22 seappò.
2258 3069 25 19 G.
2293 3071 23 18 di
2324 3071 25 18 la
2357 3071 88 20 Grotta.
2456 3081 22 5 —
2495 3069 47 19 Seri-

2074 3093 46 16 natu
2131 3091 106 21 Giuvenile.
2249 3094 28 19 A.
2286 3095 146 21 Manodritta.
2439 3107 25 4 —
2471 3095 70 20 Corsica

2074 3116 61 19 bella!
2145 3117 105 25 (Canzona).
2259 3119 22 19 S.
2290 3120 146 21 Scarbonchi.
2441 3132 24 4 —
2469 3122 72 21 Rispos-

2075 3143 19 17 ta
2105 3148 11 13 a
2124 3147 27 14 un
2160 3144 73 19 Amicu.
2243 3145 23 19 S.
2275 3146 24 18 di
2307 3146 45 19 San
2360 3147 104 24 Jorghiu.
2470 3157 24 4 —
2502 3145 39 19 Cor-

2074 3167 40 18 sica
2124 3170 67 17 amata.
2205 3169 65 19 Paoli
2279 3171 24 18 di
2311 3171 87 24 Taglio.
2406 3182 23 4 —
2437 3173 78 18 Ritornu
2523 3168 18 19 di

2074 3192 90 23 Bisognu.
2170 3194 75 19 Miserla
2253 3197 82 21 gnarita.
2346 3197 16 18 U
2369 3197 121 19 Matrimoniu
2497 3198 45 16 mar-

2074 3217 49 18 chia.
2142 3218 18 18 U
2170 3218 176 24 Sampetracciu.
2354 3232 22 4 —
2385 3221 122 24 Stalbatogbj.
2523 3217 18 19 U

2074 3242 161 20 Piubbitacciu.
2243 3254 24 5 —
2274 3246 91 19 Lamentu
2376 3249 19 17 di
2404 3254 13 12 u
2425 3252 46 14 cane
2482 3246 60 19 Pasto-

2075 3272 27 13 re.
2112 3267 90 20 Simonu
2211 3269 96 20 d’Aullè.
2315 3281 23 5 —
2346 3273 16 18 U
2369 3274 101 22 Figatellu.
2484 3270 22 19 F.
2513 3268 26 19 A-

2074 3292 103 20 Franchi.
2183 3304 20 4 —
2208 3295 122 21 Malincunia.
2340 3297 22 19 S.
2371 3295 169 22 Scarbonchi.^

2075 3317 77 24 Compra
2159 3319 43 19 d’un
2210 3320 71 19 Fucile.
2290 3322 27 18 D.
2325 3322 144 19 Maestracci.
2472 3331 24 4 —
2500 3320 40 18 Pas*

2074 3344 56 21 quale
2137 3344 51 19 Paoli
2195 3345 67 22 (Bassu
2271 3347 84 24 rilievu).
2365 3347 26 19 G.
2397 3348 24 18 di
2427 3348 25 18 la
2458 3344 81 21 Grotta.

2074 3376 23 5 —
2108 3367 119 21 Canzunetta.
2237 3371 32 18 M.
2277 3372 133 19 Alessandri
2418 3373 24 18 di
2451 3370 88 20 Chidaz-

2074 3397 36 13 zu.
2117 3402 24 5 —
2148 3393 15 19 U
2170 3396 35 16 me’
2215 3395 47 20 Core
2267 3397 4 18 !
2282 3396 23 20 S.
2313 3397 102 25 Arrighi.
2420 3408 23 5 —
2448 3397 52 19 Letia
2506 3392 35 24 (di-

2074 3419 75 22 segnu).
2154 3419 218 26 P.Corizzi.—Ajacciu
2378 3420 163 26 (disegnu).Mon-

2074 3442 78 23 signor
2160 3444 23 18 di
2190 3444 24 19 la
2222 3445 78 20 Foata.
2308 3457 24 4 —
2339 3448 79 19 Predica
2428 3449 20 17 di
2459 3452 10 13 a
2476 3444 65 20 Rusta-

2074 3467 51 22 ghia.
2135 3468 19 18 U
2159 3469 246 24 Culuniale.—Lamentu
2410 3474 45 18 d’un
2458 3469 81 21 Suldatu.

2075 3491 23 19 S.
2105 3492 21 19 di
2133 3493 44 20 San
2183 3495 101 25 Jorghiu.
2289 3508 24 4 —
2318 3499 17 18 U
2343 3498 126 20 Suminadori.
2477 3493 62 21 L'Or-

2074 3521 27 14 su
2108 3518 110 21 d’Orezza.
2222 3530 24 5 —
2250 3522 34 19 Ziu
2290 3523 83 20 Ciccolu.
2383 3524 21 19 S.
2411 3523 23 18 di
2440 3522 46 19 San
2490 3519 50 19 Jor-

2074 3542 61 23 ghiu.
2146 3553 22 5 —
2178 3546 16 17 A
2206 3546 77 19 Maiatia
2297 3549 19 17 di
2333 3551 13 9 “
2352 3546 137 21 l’Inchiostru”
2503 3548 10 13 a
2526 3544 12 14 u

2073 3567 67 20 Corsu.
2145 3570 90 24 Prùverhj
2244 3571 55 20 Corsi
2307 3574 96 23 (disegni).
2409 3583 23 4 —
2437 3571 69 23 Pagine
2510 3566 28 20 IL

2073 3593 30 22 47,
2112 3593 29 20 22.
2152 3594 23 19 G.
2184 3595 25 19 A.
2219 3595 90 22 Canasi.
2313 3609 24 4 —
2342 3597 135 25 (Decurazioni)
2481 3604 23 5 —
2507 3593 32 17 ^a'

2073 3624 46 22 gine
2129 3625 55 23 3,12,
2192 3626 30 19 32.

2112 3664 183 27 Amministrazione,
2304 3669 23 19 38
2336 3670 58 18 Corsu
2401 3666 100 21 Grandval.

2190 3700 70 20 Prezzu
2267 3707 5 14 :
2281 3703 63 18 Vinti
2353 3703 65 18 soldî.

2072 3736 93 19 Comprend!!
2173 3740 14 14 A
2192 3740 55 16 JInvra
2254 3742 107 15 domandatela
2366 3746 11 11 a
2381 3746 11 10 u
2396 3741 57 16 voslrn
2460 3733 78 21 marcante-
