2535 3939
57 159 164 47 Cronaca
243 143 179 48 Aiaccina

20 269 14 11 A
47 254 107 28 G-ripPa

35 299 32 20 rjQ
77 286 105 31 epidemia
195 283 23 20 di
227 281 79 26 grippa
315 280 49 21 face
372 281 67 20 cuzzà
448 280 23 21 in

75 324 6 6 ■
98 320 33 22 trè
145 314 74 28 quarti
227 312 23 20 di
271 318 13 13 a
293 315 77 17 nostra
381 311 93 25 popula-

86 349 62 24 j^ain
152 343 90 24 Aiacciu
249 353 28 5 —
284 341 23 20 in
315 341 92 21 Corsica
415 341 20 20 si
442 342 30 24 pô

15 364 48 40 z{°^_
70 380 64 24 y0n’è
144 380 82 17 ancora
234 372 23 20 di
263 372 194 25 tant’impurtanza
466 377 6 13 :

14 394 73 45 î-saoe
95 408 67 23 calde,
181 410 66 15 ru»u
259 409 13 14 e
280 401 133 26 sudatoghie
425 409 15 13 o
448 402 26 21 fi-

15 446 54 34 gjiôli
75 444 6 21 î
90 449 13 14 e
109 437 100 24 ch'ell’un
218 434 20 21 si
247 433 91 21 tremi...

15 509 105 35 ju>rïvû

36 554 16 21 U
65 557 10 11 a
88 545 59 24 Félix
163 540 122 23 Fraissinet
291 547 12 11 .»
325 539 29 20 ha
368 538 104 22 sbarcatu

37 586 38 19 ntu
79 586 14 13 a
100 574 45 23 cala
147 578 21 17 ta
174 570 100 22 aiaccina
280 569 105 25 parecchi
390 576 83 15 canno-

14 596 35 42 °ie
53 611 56 22 altru
115 602 113 25 materialé
236 601 23 20 di
267 606 81 20 guerra
353 608 7 17 ;
370 606 12 14 e
391 600 82 21 st’arri-

13 627 23 41 °0
43 644 46 21 face
96 633 138 26 chiacchiarà
250 638 13 14 a
271 631 39 25 più
322 630 60 25 pudè
390 632 8 20 ï
406 631 50 26 sgiò
465 639 7 13 :

13 656 77 45 Vümbê!
97 675 13 15 e
117 668 8 20 i
133 665 64 26 sgiô;
211 662 134 22 Atiinzione
351 662 35 21 !...

12 743 25 23 Xf
42 735 99 27 freddti

32 774 17 25 È
56 778 62 18 seccu
131 767 60 27 dipoi
207 773 44 14 una
260 766 131 25 quindicìna
406 772 13 14 e
428 766 43 21 fala

13 812 59 22 nantu
82 803 26 22 sti
118 799 57 26 spini
189 804 66 15 cume
265 798 116 19 bastunate
388 805 6 16 ;
404 798 12 19 è
431 803 41 18 par

25 840 25 22 yè
58 833 75 24 ch'ellu
142 831 19 20 si
170 829 55 21 vede
235 831 47 18 tant
283 827 7 20 i
301 826 127 27 disgraziati
435 828 36 20 cbi

12 866 109 28 biagbianu
132 861 22 21 in
163 865 108 16 traversu.

31 901 17 19 A
56 901 54 17 neve
126 892 27 21 ha
167 893 90 23 fappatu
267 893 56 17 lutte
330 889 22 21 le
360 895 62 15 sarre
430 896 14 13 e
451 889 19 21 si

12 926 95 29 travaglia
120 923 27 21 da
156 925 56 18 tutte
220 920 22 21 le
252 924 61 22 parte
322 927 12 14 a
343 920 21 21 fà
375 920 95 21 tafoni...

12 965 56 20 corne
76 958 7 20 i
91 961 38 19 top
130 953 7 20 i
146 953 22 20 in
178 951 20 20 la
209 951 78 21 farina.

32 991 31 21 Ma
71 982 119 27 l’Aiaccini,
200 989 13 14 a
223 988 57 14 neve
289 988 29 14 un
331 982 20 20 la
364 987 104 16 cunosce-

12 1030 24 16 nU
44 1027 23 14 ca
75 1013 150 31 guardendula
241 1012 140 26 bianchighià
400 1016 70 17 nantu

12 1051 119 25 al’alture...
140 1052 12 14 a
161 1048 47 17 ottu
216 1050 14 13 o
239 1043 54 21 dece
302 1042 120 22 kilometri.

11 1116 24 22 Xj
46 1118 15 15 «
66 1106 117 31 général
190 1106 191 24 Bonaparte»

20 1150 103 25 L/aviamu
129 1150 65 20 persu
203 1143 24 21 di
233 1142 56 22 vista
295 1142 61 26 dipoi
366 1142 103 25 parecchj

10 1181 55 25 mesi,
75 1175 123 26 bench'ellu
209 1174 19 22 si
237 1174 49 21 dica
296 1173 80 21 ch’ellu
385 1174 13 20 è
415 1178 54 16 natu

9 1216 19 20 jn
36 1213 18 20 la
63 1213 74 18 nostra
150 1206 52 22 città
210 1213 6 17 ;
226 1211 13 14 e
247 1204 41 22 ch’i
295 1203 103 22 stranieri
416 1209 54 15 ven-

9 1249 50 22 ganu
67 1248 14 14 a
88 1238 65 22 visita
161 1245 14 13 a
183 1243 26 14 so
218 1243 77 14 casa...
309 1235 35 20 chi
357 1235 50 20 sarà
421 1233 48 26 ghi-

8 1278 65 19 UDtua
81 1271 21 20 fà
107 1271 12 20 ?
126 1268 67 22 Afaci
202 1267 57 21 vede
266 1265 202 23 ch’éfFunn’èancu

9 1308 63 20 mortu
79 1303 13 20 ?

28 1338 101 23 Cum’ella
143 1336 59 25 vogli
215 1335 44 20 ella
276 1335 41 22 sla,
331 1341 15 13 u
359 1332 110 22 Generale

9 1372 115 23 Bonaparte
138 1368 27 20 ha
174 1367 98 25 lampatu
290 1366 97 20 l'ancura
405 1363 23 21 in
446 1364 23 20 lu

8 1406 69 20 nostru
88 1402 73 24 porta.
168 1398 36 21 Ma
218 1396 141 22 unn’abbiate
373 1401 58 20 pene
445 1395 23 21 in

8 1439 60 19 c0rpu
71 1439 8 13 :
85 1438 31 13 un
124 1427 179 24 staràtantulStu
307 1426 93 22 batteilu
404 1425 45 26 (chi
456 1427 14 19 è

6 1467 52 20 statu
66 1461 110 22 fabricatu
188 1467 29 18 pa
232 1466 15 14 u
258 1462 113 22 trasportu
383 1458 24 20 di
416 1458 7 19 i
435 1461 35 17 tu-

8 1493 50 26 risti)
64 1499 32 15 an
102 1493 29 24 pò
139 1491 22 21 fà
175 1497 15 14 u
206 1491 97 21 serviziu
320 1488 114 22 d’Aiacciu
445 1489 25 20 in

8 1524 61 24 duvai
83 1522 74 22 turisti
174 1528 90 15 venenu
280 1527 96 19 sempre.
394 1519 75 22 AHôra

8 1558 65 21 l’banu
94 1560 74 15 messu
185 1552 76 27 sópr’a
273 1552 60 21 lirieà
354 1550 23 21 di
394 1550 75 21 Bastia

8 1586 74 28 parch’i
90 1585 8 21 i
105 1583 74 23 turisti
186 1590 30 15 un
222 1584 20 20 si
250 1582 105 27 sçordtnu
366 1581 22 20 di
405 1580 64 21 visità

9 1626 12 14 u
26 1616 171 25 Gapi-Corsu....

9 1676 120 26 L’alberi

29 1710 11 21 l
50 1710 132 20 cuntaremu
197 1706 37 21 ad
241 1708 108 24 agostu...
363 1704 106 27 risponde

11 1740 113 22 Calavrone
131 1745 14 13 a
153 1737 164 21 Birbantellu...
327 1736 36 21 Ma
372 1742 25 15 se
414 1737 38 20 noi
461 1736 8 20 i

11 1771 86 27 pudemu
105 1769 75 21 cuntà,
189 1775 14 14 o
212 1767 104 23 Càlavrò,
330 1768 50 20 sarà
397 1774 72 18 segnu

11 1802 69 22 chlellu
86 1806 29 15 ne
122 1801 51 19 sarà
178 1798 96 22 fermât»
283 1798 186 26 qualchid’unu...

12 1832 111 25 Btsugnarà
132 1837 14 14 a
160 1830 57 21 bede
224 1830 39 25 poi
270 1830 21 20 si
306 1828 117 23 FAiaccîni
439 1829 29 21 ha

12 1865 102 20 sintaranu
126 1861 23 20 di
161 1860 127 22 st’arrècbia
296 1861 8 20 î
308 1859 20 22 E
345 1866 68 15 cumti
428 1866 43 15 vu-

11 1896 37 20 lete
54 1893 34 22 chi
96 1891 86 26 elli,chi
193 1896 122 24 strpncanu
324 1898 15 14 u
350 1890 80 24 farru,'
438 1891 32 21 ïa-

13 1925 54 21 scinu
75 1923 72 22 întieri
155 1922 181 22 st’alberucci?...
343 1921 76 22 Allora
435 1928 35 15 sa-

13 1958 27 19 rìa
46 1962 12 13 a
62 1955 43 21 fine
113 1953 23 21 di
145 1961 14 14 u
168 1953 85 22 mondu
259 1954 7 20 !

33 1989 17 20 U
62 1994 50 15 veru
120 1988 87 20 ritrattu
218 1987 24 20 di
255 1994 14 15 a
284 1987 148 25 populazione
449 1986 19 22 si

14 2025 53 17 trova
72 2026 12 13 a
94 2018 92 21 l’intrata
195 2018 39 21 cTu
243 2024 68 19 paese
317 2025 7 14 :

34 2057 22 19 In
67 2056 87 21 Aiacciu
162 2062 15 14 u
187 2056 88 20 rittratu
286 2055 23 20 di
327 2054 107 22 rabitantî
448 2054 20 21 si

14 2092 52 16 trova
71 2087 77 21 dentru
155 2094 14 13 u
176 2094 11 11 «
193 2092 85 20 square
287 2086 41 21 des
335 2085 103 27 quaisi?)
447 2094 20 12 ».

15 2118 162 21 Sbarchenduda
186 2124 13 15 u
210 2118 91 21 batteilu
319 2118 19 20 si
348 2118 120 21 vedesubi-

15 2149 82 21 tuinchi
106 2155 88 15 manera
204 2151 13 19 è
226 2149 114 25 rispettata
349 2154 69 16 acosa
429 2156 40 18 pu-

16 2180 57 21 bliai
75 2187 15 14 n
98 2180 77 21 città...

243 2217 18 20 U
266 2216 178 19 Jattu-Pinnutu.

149 2306 169 25 SPAVENTU

31 2730 20 4 —
57 2722 62 26 Cornu,
127 2731 12 13 a
146 2727 59 19 carica
212 2728 72 23 doppia,
294 2733 11 13 o
313 2728 31 18 ziu
351 2726 26 20 Cè
384 2727 32 20 ?...

30 2757 19 5 —
57 2751 43 19 Bau
109 2753 95 26 eiaghiale,
214 2756 17 18 ci
239 2756 49 22 vole,
297 2761 12 13 o
316 2756 18 19 zi
334 2761 11 14 a
351 2755 64 20 Maria.

497 139 185 57 rntiziE
711 151 53 49 DI
791 153 179 53 CORSICA

521 241 95 20 Aiacciu
623 254 24 5 —
654 246 59 19 Morte
721 249 19 17 di
748 253 12 13 u
768 249 42 24 sgiò
818 250 104 20 Ghiacumu
936 252 34 19 Lo-

498 270 57 21 renzi,
564 270 64 23 d’ancf
634 272 29 19 83.

521 307 22 3 —
551 297 58 19 Morte
623 300 21 18 di
658 302 84 19 madama
756 306 75 17 veduvu
846 306 65 22 Zonza,
925 309 44 17 nata

499 323 69 20 Mattéi.
578 326 143 26 Cuuduglianze.

522 362 21 4 —
552 353 102 22 Abbracciu
662 357 20 17 di
690 362 12 13 u
711 359 41 22 sgiô
767 359 73 20 Achille
850 362 86 22 Agostini
945 366 24 15 eu

499 381 126 20 madamicella
633 383 79 21 Clotilda
721 386 84 20 Clauzon.

521 424 110 25 Altagene
638 437 22 5 —
669 429 58 19 Morte
739 430 19 18 di
766 437 13 12 u
788 432 85 22 capitanu
882 432 87 20 Gradassi

499 450 113 26 Ghiuvannî,
622 456 62 19 d’anni
692 457 30 19 45.

521 496 78 21 Bastia
603 508 24 4 —
631 500 60 19 Morte
699 502 19 17 di
735 507 14 13 u
765 503 41 23 sgiò
815 503 105 24 Ghiaseppu
937 505 34 18 Lo-

498 524 76 18 renzini.

521 561 22 4 —
551 552 59 19 Morte
618 554 19 17 di
646 559 13 13 u
671 555 41 23 sgiô
720 556 101 20 Ghiulïanu
829 558 50 18 Lola.

521 589 25 4 —
550 580 59 19 Morte
616 582 20 17 di
646 587 13 13 u
666 583 42 22 sgiò
719 584 86 19 Eduardu
813 585 86 23 RugaaL'
909 599 4 3 .

521 617 22 4 —
551 607 59 20 Morte
623 609 20 19 dj
651 615 13 13 u
673 610 40 24 sgiù
722 611 104 20 Ghiacumu
837 613 94 22 Agustinu
938 614 31 18 Al-

499 634 55 20 îonsi.

522 675 66 20 Corte
596 686 23 4 —
628 677 120 21 Matrimouiu
755 680 20 18 di
783 680 127 19 madamicella
917 682 53 17 Pom-

497 703 32 22 pei
536 708 23 14 eu
568 708 12 14 u
589 705 41 22 sgiô
638 706 71 19 Matteu
719 708 91 18 Vinceaii.

522 742 123 21 Castelîare
654 745 24 17 di
686 744 96 21 Casinca
790 756 23 4 —
818 747 59 19 Morte
881 748 20 18 di
909 748 62 18 mada-

497 772 32 15 flîa
536 770 67 20 Chiara
610 771 58 19 Maria
672 772 95 21 Gabrieüi.

521 812 57 19 Ersa
582 823 23 4 —
613 813 17 18 U
639 815 41 18 focu
688 819 12 15 a
703 817 71 18 struttu
781 821 39 14 una
826 819 69 17 casetta
906 821 64 19 appar-

498 841 74 19 tenente
579 847 12 13 a
604 847 14 13 u
626 843 41 23 sgiô
675 844 70 18 Matteu
753 843 78 24 Simoni,
840 845 129 22 hrusgieuduli

497 873 29 14 ua
532 874 75 15 sumere
614 875 12 13 e
630 876 13 13 a
650 876 22 13 so
679 872 86 22 pruvista
772 872 21 18 di
799 872 54 19 îenu.

519 911 103 20 M/mcale
627 922 23 4 —
655 913 59 19 Morte
722 914 37 17 diu
766 913 40 24 sgiô
815 913 58 19 Petru
876 913 94 19 Marauin"

497 938 38 24 chi,
543 939 62 19 d’auni
612 940 29 19 34.

519 979 143 25 Morsiglia—
675 979 60 19 Morte
746 980 19 18 dì
782 981 84 18 madama
882 980 88 19 Giordani

496 1006 64 22 Maria,
569 1007 68 23 LuiggL
644 1007 90 19 Giordani
740 1012 13 13 e
760 1008 106 23 Ghiaseppu
874 1007 96 19 Pambian-

496 1034 33 19 chi
535 1036 54 17 tutt’e
595 1035 29 18 trè
629 1036 126 22 settegenarii.

496 1073 159 24 Marîgnana—
659 1075 61 19 Morte
726 1075 20 18 di
754 1080 12 14 u
771 1075 44 23 sgio
823 1076 73 19 Versiüi
912 1074 58 19 Ghiu-

495 1102 46 18 vani
547 1102 55 21 Luca,
610 1103 23 17 iu
640 1103 76 23 seguitu
723 1104 56 19 d’una
786 1104 68 18 caduta
868 1108 13 13 a
889 1108 29 13 un
928 1107 41 14 mu-

497 1131 83 22 raglione
586 1130 82 19 rifalatu.

497 1168 162 20 Oletta—Morte
666 1171 20 17 di
695 1175 11 13 a
715 1171 80 22 giovane
811 1171 95 18 Madaleua
924 1170 46 18 San-

496 1198 58 21 tucci,
561 1197 63 19 d’amri
632 1197 31 19 10.

518 1239 84 24 Poggio
609 1239 24 18 di
639 1239 74 20 Nazza
717 1249 24 4 —
745 1240 59 18 Morte
812 1240 20 18 di
840 1245 14 12 u
861 1239 41 23 sgiô
910 1239 57 22 Gatti,

495 1267 63 19 d’auni
566 1267 28 19 71.

519 1307 69 19 Santa
600 1305 72 21 Lucia
685 1305 24 20 di
719 1306 184 19 Tallano—Morte
918 1305 21 19 di
955 1312 14 13 u

495 1336 75 19 duttore
577 1335 53 22 Poli,-
633 1335 63 19 d’anui
704 1335 29 18 32.

519 1375 63 19 Sartè
591 1385 22 4 —
618 1375 59 20 Morte
688 1376 19 18 di
715 1381 12 12 u
745 1376 41 23 sgiô
802 1375 62 20 Marcu
874 1374 92 22 Fracchia,

495 1403 97 20 d’anniiG.

519 1443 41 19 Val
563 1443 20 20 le
593 1444 113 19 d’Alesani
715 1454 21 4 —
743 1444 58 19 Morte
809 1444 20 18 di
839 1449 12 13 u
868 1444 41 22 sgiô
925 1442 42 20 Raî-

495 1471 56 21 faellu
561 1472 95 22 Chippoui.

519 1511 89 19 Venacu
614 1521 22 5 —
641 1512 58 18 Morte
713 1513 18 17 di
744 1513 82 17 madama
841 1512 73 18 veduva
930 1510 37 20 Gu-

495 1539 71 23 glielmi
575 1540 56 18 Maria
640 1540 105 21 Dumenica,
755 1540 62 19 d’anrü
826 1540 28 18 73.

518 1576 22 5 —
548 1567 118 19 Matrimouiu
674 1568 20 18 di
711 1573 14 13 u
733 1569 41 21 sgiô
792 1568 103 19 Ghiacumu
913 1568 53 19 Caste

495 1598 24 15 eu
531 1595 125 19 madamicella
661 1596 57 18 Maria
727 1595 57 24 Seppa
793 1596 82 23 Arrighi.

517 1671 58 26 IOTA
585 1671 25 26 DI
621 1672 16 26 U
650 1671 162 27 COTSSMIiTü
820 1672 25 26 DI
855 1671 92 28 PULIZZA

495 1733 122 30 Étrangers

496 1777 6 8 '
517 1771 17 18 A
544 1770 54 20 dater
605 1772 27 18 du
644 1772 9 17 1
662 1772 77 19 Janvier
746 1772 44 19 1927
800 1773 62 18 toutes
870 1773 27 18 les
905 1774 61 17 cartes

495 1798 96 20 d'identité
598 1799 115 24 d’étrangers
718 1802 95 17 sont'sâns
821 1802 71 18 valeur.

517 1827 50 18 Elles
573 1827 78 19 doivent
657 1828 42 18 être
710 1829 127 19 renouvelées.
877 1841 15 10 v

517 1855 17 18 U
541 1854 41 20 faut
589 1860 21 14 se
618 1856 96 22 présenter
722 1861 24 14 au
755 1855 163 21 Commissariat'lé
922 1857 45 22 plus

496 1882 29 19 tôt
531 1883 88 23 possible.

518 1911 34 19 Les
567 1916 99 18 personnes
684 1913 32 22 qui
733 1912 105 24 emploient.,
862 1914 62 22 logent
942 1918 24 13 ou

495 1938 116 20 nourrissent
619 1940 33 19 des
658 1940 96 24 étrangers
759 1942 42 18 sont
806 1942 116 21 pénalement
928 1946 38 14 res-

495 1967 96 22 ponsables
606 1967 15 19 si
637 1968 47 19 elles
692 1973 24 14 ne
724 1968 93 20 déclarent
826 1974 31 18 pas
867 1970 15 18 la
891 1970 75 23 présen-

494 1998 22 15 ce
524 1996 23 18 de
555 1995 98 24 l’étianger
660 1996 46 19 chez
714 1997 52 19 elles.

641 2069 184 33 SPORTS

517 2141 50 18 Vene
581 2141 20 19 di
619 2141 87 20 furmassi
723 2143 156 20 un’assnciazioue
894 2144 73 20 ciclista

494 2165 54 17 sott’a
554 2168 13 13 u
573 2168 52 14 nome
631 2164 19 18 di
659 2165 14 10 *•'
680 2164 59 19 Etoile
747 2165 82 24 Sportive
837 2166 106 24 Ajaccienne
948 2169 18 18 ”.

494 2185 56 20 Yistu
557 2191 13 13 u
578 2191 21 14 so
607 2191 118 19 programma
740 2192 12 13 e
760 2194 13 12 u
781 2192 80 15 numeru
868 2190 20 17 di
904 2190 64 19 l’assc-

494 2209 31 21 cii,
536 2210 48 18 tuttu
593 2209 17 18 ci
619 2210 24 18 dà
651 2214 10 13 a
670 2211 54 22 s{*erâ
732 2210 30 19 chi
771 2216 20 13 sa
800 2211 70 19 sucietà
878 2212 55 19 averà
941 2218 26 14 un

495 2231 85 19 brillante
587 2232 84 19 avenire.

518 2254 66 18 D’altra
591 2257 60 19 parte,
660 2255 49 18 sium
719 2255 56 19 sicuri
792 2256 20 18 di
819 2256 50 23 pudè
885 2257 83 20 eertificà

493 2277 31 17 chi
541 2280 11 14 e
561 2277 76 19 licenzie
653 2277 73 24 signate
735 2282 32 18 per
776 2275 80 22 l’aniîata
865 2280 44 18 1927
925 2279 48 23 jun-'

494 2300 91 21 ghieranu
602 2304 11 12 a
621 2304 26 14 un
656 2295 86 24 numeru*
752 2301 26 18 fin
786 2302 33 21 qui
837 2302 130 20 incuousciutu

494 2322 23 18 da
527 2326 35 14 una
570 2327 23 13 su
594 2322 28 18 de
623 2324 18 17 te
648 2322 71 19 ciclista
727 2323 20 18 in
755 2324 82 19 Aiacciu.

517 2343 84 20 L’ufîiziu
607 2344 12 19 è
625 2347 98 20 cumpestu
732 2346 23 18 da
763 2346 75 23 giovani
853 2349 12 8 li
874 2347 75 24 sportifs
957 2349 10 8 ”

496 2367 49 22 pieni
554 2367 89 21 d’ardore,
658 2368 25 18 d’i
692 2368 50 22 quali
751 2373 85 20 seguenu
852 2370 6 17 i
868 2371 48 18 nomi
926 2375 11 13 e
946 2371 22 18 ti-

496 2390 36 18 tuli
540 2395 6 12 :

496 2422 107 20 Présidente
612 2428 6 12 :
727 2423 44 24 Sgiô
778 2425 110 23 Nivaggioni
896 2427 73 19 Antone

496 2445 22 19 Vi
519 2445 133 19 ci-Présidente
663 2451 6 13 :
726 2445 44 24 Sgiô
777 2446 19 19 S.
806 2448 58 18 Rocca
874 2453 10 13 e
892 2449 76 22 Prigent

495 2467 104 19 Secrelariu
606 2473 5 13 :
725 2468 44 24 Sgiô
777 2469 74 20 Durand
860 2471 65 24 Luiggi
955 2486 4 4 ,

495 2490 104 20 Secretariu
606 2491 91 23 aghiurilu
709 2497 4 12 :
727 2491 42 23 Sgiô
778 2492 71 19 Folacci
857 2489 61 23 Filice'
954 2504 6 3 -

496 2513 96 19 Tesuriere
601 2518 6 13 :
724 2513 44 23 Sgiô
775 2514 77 20 Fratoni
859 2515 103 20 Dumenieu

519 2553 17 18 A
543 2553 69 21 qualité
619 2553 27 18 d’i
653 2554 95 18 eurridorr
751 2553 76 20 affiliatx
834 2559 11 14 a
852 2554 37 20 l’U:
892 2554 62 20 V:“F.:
958 2558 11 17 é

497 2580 11 13 a
516 2575 78 19 vuluntà
602 2576 20 17 di
630 2576 58 22 quelli
695 2577 33 18 chi
735 2576 109 24 direggenu,
856 2578 113 19 euntrihuis-

497 2601 74 19 eeranu,
580 2602 25 14 ne
612 2603 53 15 se.mu
677 2599 47 21 ccntj.
732 2603 10 14 e
750 2600 64 21 sicuri,
833 2604 11 13 a
851 2605 20 13 u.
881 2605 87 15 successu

497 2621 20 17 di
526 2625 11 14 e
543 2625 99 15 numerose
648 2622 58 21 prôvé
712 2622 31 18 chi
751 2624 30 17 sta
785 2623 73 19 sucietà
863 2624 55 17 conta
922 2623 49 19 d’or-

496 2643 81 23 ganfzzâ.
602 2665 5 4 _
628 2652 4 9 -,
674 2654 13 5 -
729 2651 3 14 ;
738 2643 8 4 "
808 2645 29 20 -A?
946 2661 2 2 .
967 2655 3 2 -

519 2666 18 18 A
542 2664 143 25 rbfüzippienu
692 2667 20 18 di
719 2667 49 18 boaa
772 2666 96 20 iniziativa
875 2672 11 14 e
894 2673 11 12 a
913 2668 56 19 i-eur-

497 2686 58 20 ridôri
563 2689 55 17 dému
626 2689 72 22 augurii
707 2689 21 18 di
737 2689 38 18 hou
782 2690 89 18 successi.

519 2711 17 17 A
541 2710 66 19 Muvia
616 2711 31 18 chi
652 2711 26 19 ha
685 2716 73 18 sempre
765 2713 95 22 seguitatu
868 2716 36 14 cun
909 2712 61 23 piace'

496 2737 22 14 re
526 2733 8 18 i
540 2734 97 23 prugressi
644 2734 19 17 di
672 2738 21 14 sa
699 2735 88 18 valurôsa
795 2735 71 18 sucietà
874 2734 96 19 l’assieura

496 2756 20 17 di
524 2760 14 14 u
545 2760 23 14 so
575 2756 99 23 appoghiu.

1048 155 146 33 Amore
1212 166 23 21 o
1253 156 158 33 düiore?

1016 241 41 19 Una
1064 247 42 14 sera
1113 244 58 18 restai
1176 249 11 12 a
1195 249 14 13 u
1216 242 84 19 fuculare

1017 269 72 22 (Seraia
1096 272 76 21 propriu
1181 275 45 14 nera
1234 275 11 13 e
1251 271 104 23 tenebrosa)
1367 276 8 5 '

1015 296 15 18 E
1037 297 48 22 solu,
1095 299 115 22 scunsulatu,
1219 303 10 12 a
1238 298 93 22 sumiiare,

1016 325 70 17 Lasciai
1092 326 48 17 audà
1146 327 17 17 la
1169 327 62 17 mente
1239 325 101 19 faslidiosa.

1017 364 82 20 Circav’a
1106 367 77 21 peuetrà
1190 367 93 18 l’iinmane
1288 371 45 15 :cosa

1017 392 125 23 Ch’ogn’omu,
1147 395 22 18 iu
1176 394 26 20 sè,
1209 393 65 18 vurria
1281 396 102 19 penelrare:

1016 419 20 19 Si
1046 422 111 21 veramente,
1164 422 20 17 in
1192 421 58 20 tuttu,
1260 422 116 19 un’amurosa

1017 447 29 18 Un
1053 448 24 17 dà
1084 448 36 19 che
1128 449 92 19 dilusioae
1227 453 12 13 e
1243 452 49 18 pene
1298 450 73 19 amare?
1388 461 8 4 -

1016 489 68 18 Truvai
1095 496 11 12 a
1114 491 125 19 stadumanda
1250 490 92 19 soluzione
1353 497 7 16 ;

1017 516 20 21 E,
1043 517 95 23 malgradu
1149 517 165 20 tamant’affezione

1016 543 52 19 Ch’io
1075 549 59 17 possu
1141 546 35 18 avè
1181 551 35 17 per
1221 550 40 13 una
1267 546 87 23 zitellela,

1017 589 89 24 Unpobbi
1113 591 32 19 eiu
1152 592 61 19 ritene
1221 592 59 19 lamiô
1287 597 47 14 voce

1017 617 34 19 Chi
1057 619 62 22 oghie,
1127 623 11 13 a
1144 620 54 22 quale
1206 620 63 23 voglia
1274 621 33 21 sia,
1317 621 57 20 dice:.

1016 647 28 17 «A
1051 647 87 22 passioné
1145 648 19 18 di
1170 652 11 13 a
1189 648 61 18 donna
1258 647 12 20 è
1276 648 116 19 maladetta.»

1282 689 20 19 U
1313 689 128 19 Caualincu.

992 776 106 36 Sunetti
1107 776 32 37 di
1150 789 19 24 u
1185 777 85 37 Puets
1286 777 64 37 LA.
1368 777 97 37 Geotili

1187 857 93 20 SOGNO

1016 896 93 21 Uoroeiva,
1118 896 49 18 allor
1174 896 35 19 che
1216 898 74 21 adorna,
1299 901 12 13 e
1318 897 103 23 folgorante

1017 923 24 19 Di
1047 927 29 14 un
1085 924 82 18 estranio
1175 924 93 23 splenûor,
1275 924 43 24 quai
1324 925 39 18 Dea
1368 924 64 21 ialora,

1017 950 68 19 Ombra
1095 951 28 18 mi
1130 956 86 18 apparve,
1228 952 35 19 che
1270 953 19 18 al
1296 952 58 23 gentil
1363 951 101 18 semblante

1017 978 122 19 Sembrommi
1151 978 20 19 di
1179 979 53 23 colei,
1241 981 35 18 che
1283 980 45 18 vive
1336 983 72 15 ancora.

1016 1023 40 19 Che
1064 1024 45 18 vive
1116 1028 69 14 ancora
1192 1024 21 18 in
1221 1029 37 17 me,
1267 1029 31 14 me
1305 1028 39 14 sem
1345 1025 33 22 pré
1384 1029 11 13 a
1395 1024 66 20 mante,

1016 1051 15 19 E
1038 1052 35 18 che
1079 1052 83 18 vivendo
1170 1051 21 18 in
1198 1052 26 18 lei
1231 1053 27 17 mi
1266 1056 51 14 moro
1325 1056 73 19 ognora,

1016 1079 40 19 Che
1062 1080 71 18 sebben
1141 1079 28 18 sia
1176 1079 95 23 l’Qriginal
1283 1079 103 22 mancante,

1016 1107 102 23 L’Immago
1126 1107 21 18 in
1153 1106 30 19 lui
1190 1108 79 22 scolpita
1276 1108 16 18 il
1299 1111 31 14 cor
1337 1107 62 18 adora.

1015 1152 36 19 Fra
1055 1152 17 18 il
1077 1152 66 18 diletto
1150 1157 12 14 e
1170 1151 15 18 il
1192 1153 65 21 stupor
1264 1152 63 22 restai,
1335 1152 33 18 nol
1374 1152 39 20 çelo
1424 1157 7 12 :

1016 1180 45 18 Essa
1067 1180 97 22 parlommi
1172 1180 53 21 allor,
1233 1181 50 17 tutta
1287 1179 114 20 infiammata

1016 1208 34 18 Kel
1058 1208 54 18 dolee
1120 1208 41 18 viso
1169 1207 19 18 di
1197 1212 85 14 amoroso
1289 1207 39 18 zelo
1334 1213 6 12 :

1017 1258 9 10 «
1037 1252 84 20 Conosci,
1131 1257 12 13 o
1150 1252 38 18 mio
1195 1252 56 21 îedel,
1259 1252 19 17 la
1284 1253 53 17 tanto
1343 1254 61 17 amata

1014 1279 55 18 Alma
1076 1280 73 21 mortal,
1158 1279 97 19 abitatrice
1260 1279 20 18 in
1288 1279 50 19 Cielo
1343 1278 11 20 ?
1362 1285 9 11 »

1015 1306 69 23 Sparve
1097 1307 33 18 nel
1136 1307 30 18 dir
1174 1308 38 18 cosl
1220 1306 81 19 l’Ombra
1305 1306 59 20 beata.

1113 1391 233 33 GIURNALï

992 1472 92 27 Servizj
1096 1472 131 23 marittimi

1015 1505 33 19 Les
1055 1506 81 19 services
1142 1506 100 18 maritimes
1248 1506 47 18 delà
1302 1505 55 20 Corse
1363 1508 41 17 sont
1412 1506 48 24 régis

991 1538 34 19 par
1032 1539 38 14 une
1073 1535 110 18 convention
1188 1534 102 23 provisoire
1296 1534 65 24 depuis
1369 1535 17 19 le
1391 1534 23 19 23
1420 1535 39 22 juin

992 1562 50 20 1920.
1049 1563 27 18 Ou
1083 1569 11 12 a
1100 1563 34 18 fini
1140 1567 33 19 par
1180 1563 90 18 admettre
1276 1563 17 18 le
1302 1563 81 22 principe
1390 1567 35 19 que
1433 1563 26 18 les

991 1591 82 20 services
1081 1591 101 19 maritimes
1188 1593 77 21 postaux
1270 1592 44 18 delà
1322 1591 56 19 Corse
1386 1592 74 18 doivent

991 1620 39 19 être
1044 1619 105 19 considérés
1162 1623 70 15 comme
1246 1620 18 17 le
1277 1619 136 25 prolongement
1427 1621 33 18 des

991 1649 51 18 voies
1051 1648 70 19 ferrées
1133 1649 25 17 du
1167 1648 101 20 continent,
1280 1650 20 17 et
1307 1652 34 18 par
1347 1649 113 19 reconnaître

991 1681 37 18 que
1031 1676 57 19 l’Etat
1094 1675 41 19 doit
1139 1676 102 23 s’imposer,
1248 1680 50 19 pour
1305 1677 55 19 relier
1365 1676 20 20 la
1389 1676 56 20 Corse
1449 1677 12 18 à

990 1705 19 18 la
1019 1705 76 21 France,
1105 1704 33 20 des
1149 1704 95 19 sacrifices
1256 1705 42 18 tout
1304 1709 24 14 au
1336 1705 61 19 moins
1411 1705 51 23 équi-

991 1733 74 19 valents
1072 1734 11 17 à
1091 1737 48 14 ceux
1145 1732 94 19 consentis
1246 1737 34 18 par
1287 1732 69 20 ntalie:
1363 1737 23 15 en
1397 1733 64 19 faveur

991 1761 24 19 de
1019 1761 20 18 là
1044 1760 106 24 Sardaigne.
1157 1761 26 18 Le
1188 1761 59 23 projet
1249 1761 142 19 de-convention
1396 1762 32 22 qui
1433 1766 29 14 se-

991 1794 21 13 ra
1019 1789 72 18 bientôt
1098 1789 71 19 soumis
1177 1794 24 14 au
1208 1789 106 20 Parlement
1321 1791 58 17 devra
1389 1790 72 24 s’inspi-

991 1822 37 17 rer,
1037 1821 141 20 croyons-nous,
1190 1819 25 17 de
1222 1822 31 14 ces
1265 1818 50 18 deux
1321 1817 52 20 idées
1380 1818 83 19 directri-

991 1849 41 16 ces.-
1038 1854 4 3 -

1259 1868 22 19 J.
1287 1868 27 19 B.
1319 1869 120 23 Marcaggi.

992 1890 33 22 (Le
1036 1890 70 24 Temps)
1243 1903 4 3 ■
1268 1895 7 17 \
1281 1903 5 3 -

1065 1935 26 19 Le
1096 1937 75 22 rapport
1178 1936 24 19 de
1212 1936 150 20 Ià:Commission
1370 1938 24 17 de
1401 1937 18 18 la
1426 1937 38 19 Ma-

991 1964 41 18 rine
1039 1963 119 23 (rapporteur
1164 1964 26 18 M.
1199 1964 101 24 CaïtucoliJ
1308 1969 11 14 a
1329 1965 30 18 été
1371 1965 67 22 déposé
1445 1966 19 17 le

990 1991 24 19 40
1024 1991 71 19 février
1110 1996 33 14 sur
1153 1993 19 18 le
1180 1993 70 18 bureau
1261 1993 24 18 de
1293 1993 19 18 la
1317 1993 99 19 Chambre,
1426 1993 16 19 il
1449 1998 15 18 y

991 2020 30 18 est
1029 2019 91 23 toujours.
1128 2020 24 19 Et
1157 2020 41 18 rien
1202 2025 26 14 ne
1233 2020 29 18 dit
1267 2020 46 23 qu’il
1319 2023 34 21 n’y
1356 2023 71 17 restera
1431 2026 33 18 pas

991 2047 113 23 longtemps.
1110 2047 36 20 Les
1150 2047 80 20 causes?
1237 2049 27 18 Le
1267 2048 86 19 Ministre
1359 2049 35 19 des
1400 2049 65 19 Finau-

991 2074 31 21 ds
1033 2076 65 18 refuse
1110 2076 30 19 les
1150 2076 70 19 crédits
1227 2081 48 17 pour
1282 2078 21 17 la
1315 2078 106 18 commande
1432 2078 33 18 des

991 2104 50 19 deux
1053 2104 76 18 navires
1141 2105 46 17 dont
1199 2105 20 18 la
1233 2106 125 18 construction
1369 2106 29 18 est
1409 2106 12 18 à
1431 2110 35 15 son

991 2133 78 22 compte,
1075 2133 72 22 d’après
1157 2133 21 17 le
1181 2133 61 23 projet
1245 2134 24 18 de
1274 2133 32 18 loi.
1312 2133 23 19 Et
1339 2133 71 20 d’autre
1417 2136 47 24 part,

991 2160 19 19 la
1016 2160 108 23 compagnie
1136 2161 161 19 concessionnaire
1310 2163 63 17 refuse
1380 2163 28 20 de.
1414 2167 51 14 sous-

992 2188 49 19 crire
1047 2193 40 14 aux
1100 2189 142 21 modifications,
1248 2190 97 21 apportées
1356 2195 34 17 par
1397 2191 19 17 le
1425 2195 41 19 pro-

991 2215 27 24 jet
1025 2221 38 13 aux
1071 2215 75 23 clausès.
1151 2217 29 18 du
1188 2217 154 23 connaissement,
1355 2220 111 18 concernant

992 2245 19 18 la
1026 2244 142 24 responsabilité
1181 2245 26 19 du
1214 2246 163 23 transporteur......

1013 2273 97 18 L'entente
1113 2278 25 14 ne
1143 2277 21 15 se
1169 2273 88 20 réalisera
1262 2278 37 18 que
1302 2274 16 18 si
1323 2275 19 18 le
1346 2276 60 23 projet
1410 2276 55 18 aban-

993 2302 60 18 donne
1073 2302 19 17 la
1102 2301 128 19 modification
1242 2306 38 14 aux
1303 2302 160 24 connaissements,

992 2332 25 16 Ou
1025 2329 45 18 bien
1077 2329 18 18 si
1098 2328 67 24 .l’Etat,
1170 2331 34 21 qui
1211 2330 82 22 exploite
1301 2330 28 19 les
1336 2331 65 22 lignes,
1407 2333 57 21 prend

992 2358 29 20 les
1035 2358 151 23 responsabilités
1196 2358 27 19 dé
1227 2358 62 23 pertes
1296 2360 19 17 et
1327 2360 73 18 avaries
1410 2360 11 17 à
1431 2363 36 16 son;

993 2388 79 21 compte,
1084 2391 25 14 ou
1116 2386 45 19 bien
1172 2390 67 14 encore
1252 2386 19 18 si
1273 2387 34 19 les
1317 2387 115 19 conclusions
1442 2389 23 17 de

992 2415 19 19 la
1015 2414 112 19 Conférence
1131 2416 29 17 ;de
1170 2414 98 21 Bruxelles
1276 2414 92 24 dégagent
1372 2417 28 17 les
1407 2421 58 14 arma-

993 2444 58 20 teurs,
1061 2447 24 14 en
1097 2443 98 18 modifiant
1200 2442 31 18 les
1235 2442 76 19 clatisés
1318 2444 24 17 de
1352 2445 114 22 responsabi-

992 2471 41 19 lité.
1054 2484 3 3 .
1214 2485 8 8 ...

1015 2499 27 17 En
1050 2498 142 22 attendant,’les
1199 2498 69 18 années
1273 2500 81 21 passent.
1362 2499 49 19 Dans
1416 2500 49 19 deux

993 2532 41 17 ans,
1040 2531 25 14 en
1072 2526 52 21 4929,
1130 2526 47 19 trois
1182 2527 81 21 navires,
1271 2527 30 18 les
1309 2528 46 18 trois
1361 2532 10 12 «
1376 2529 72 17 nantais
1454 2534 9 11 »

993 2556 38 18 ont
1037 2555 68 18 atteint
1116 2554 20 19 lè
1142 2555 71 18 ‘‘terme
1226 2554 130 22 ’d’ntilisâtiQn.
1374 2556 91 22 Qu’est-ce

993 2584 55 23 qu’on
1054 2588 46 13 aura
1104 2587 48 19 pour
1156 2583 29 17 les
1193 2581 114 24 remplacer?
1313 2583 46 19 Rien
1361 2583 29 19 .Et
1394 2584 69 19 alors...

993 2612 29 18 les
1034 2611 48 19 trois
1092 2611 63 19 sabots
1167 2611 131 19 continueront
1310 2612 12 17 à
1334 2612 96 24 naviguer,
1439 2617 26 13 au

994 2639 68 23 mépris
1073 2640 27 18 de.
1109 2639 41 18 tout
1158 2640 20 16 et-
1187 2640 24 17 de
1225 2640 47 20 tous,
1285 2639 73 23 jusqu’à
1366 2644 22 14 ce
1397 2640 68 22 qu’une

994 2667 116 22 catastrophe
1121 2667 72 19 comble
1205 2667 20 18 la
1236 2671 75 14 mesure
1324 2672 45 14 en...
1381 2667 84 22 épuisant

996 2695 41 19 tout
1045 2695 54 18 à-fait
1106 2694 20 19 la
1132 2694 86 24 patience
1231 2695 34 18 dès
1270 2695 105 18 insulaires.

1238 2728 12 4 "
1262 2728 24 18 P.
1295 2724 146 23 AE.'ÿfèdorzü.

996 2756 33 24 fLa
1038 2755 60 24 Corse)

1571 158 38 37 Le
1626 158 70 36 Port
1712 159 36 36 de
1766 159 114 44 Sagone

1512 242 77 18 Lettre
1606 244 95 17 ouverte
1716 243 14 18 à
1737 244 30 19 M.
1783 243 136 24 l'Ingénieur
1933 247 28 14 eu

1492 271 51 19 chef
1550 272 39 19 des
1597 272 240 21 Ponts-et-CJiaussées
1844 275 27 17 de
1880 274 23 18 la.
1909 274 54 18 Cor-

1491 303 31 17 se,
1531 299 15 18 à
1550 299 102 24 Ajaccio:

1546 338 42 19 Mon
1589 339 17 17 si
1607 343 39 14 eu;-.

1513 371 50 18 Vous
1579 373 109 18 connaissez
1699 373 132 20 certainement
1840 375 90 17 l’histoire
1938 374 25 18 la-

1490 399 93 19 mentable
1591 400 23 17 de
1622 400 142 19 l’embarcadère
1771 402 25 17 de
1804 402 76 22 Sagone,
1891 407 46 17 pour
1945 402 19 17 la

1490 427 125 18 construction
1631 428 68 22 duquel
1717 430 32 16 des
1761 429 69 18 crédits
1846 430 116 21 importants.;

1490 453 53 18 votés
1551 457 34 18 par
1593 454 18 18 le
1616 455 133 22 département,
1755 457 34 17 ont
1798 457 29 18 été
1836 457 86 22 gaspillés
1930 461 35 17 par

1489 480 29 18 les
1526 481 81 19 services
1616 483 109 21 techniques
1732 484 24 18 de
1764 486 18 17 la
1791 484 62 23 Corse,
1862 486 46 17 dont
1915 489 48 14 vous

1490 511 46 15 avez
1544 508 19 18 la
1570 509 57 19 haute
1641 510 96 19 direction.

1510 535 80 23 J’ajoute
1595 537 102 18 volontiers
1702 543 36 18 que
1741 543 31 15 ces
1778 540 111 23 gaspillages
1895 546 20 13 se
1920 542 44 17 sont

1490 563 84 21 produits
1579 568 45 14 sous
1627 565 20 17 la
1652 565 90 19 direction
1746 567 23 18 de
1774 568 54 18 votre
1833 568 132 21 prédécesseur

1489 588 26 19 M.
1524 590 80 22 Masson,
1613 592 48 17 mais
1668 591 76 23 j’ajoute
1752 594 59 21 aussi,
1819 599 37 17 que
1861 596 20 17 le
1885 596 79 22 change-

1490 619 51 16 ment
1546 617 24 18 de
1575 618 90 19 direction
1672 621 46 17 dans
1726 625 37 14 une
1768 621 148 20 administration
1921 627 43 15 aus-

1490 644 17 17 si
1515 645 111 22 importante
1634 651 37 18 que
1677 648 30 18 les
1715 649 193 20 Ponts-et-Chaussêes
1915 651 23 17 de
1945 652 19 17 la

1490 671 56 20 Corse
1553 677 25 15 ne
1590 674 39 18 doit
1636 675 128 24 pas'apporter
1771 677 24 18 de
1803 678 81 18 solution
1892 680 23 16 de
1921 683 43 14 con-

1490 699 68 18 tinuité
1567 702 46 17 dans
1621 703 34 17 des
1672 703 96 22 questions
1776 705 52 19 aussi
1845 710 67 18 graves
1928 711 37 17 que

1489 727 46 18 celle
1542 728 33 21 qui
1589 733 47 14 nous
1645 734 76 19 occupe.
1730 731 51 19 Vous
1798 737 24 13 ne
1829 737 72 18 pouvez
1916 734 48 19 doue

1490 753 90 25 échapper
1586 756 12 18 à
1605 757 19 17 la
1631 756 96 21 solidarité
1735 760 19 17 et
1761 765 38 13 aux
1814 762 149 21 responsabilités

1489 783 34 20 qui
1529 787 49 14 vous
1585 784 48 18 lient
1640 785 11 17 à
1661 786 56 19 votre
1724 787 138 22 prédécesseur.

1512 810 25 18 Le
1544 809 23 19 28
1575 811 70 19 février
1652 812 52 23 1923,
1714 818 33 18 par
1751 815 57 18 lettre
1815 819 22 15 u°
1844 816 51 23 7111,
1910 818 54 18 votre

1489 837 137 24 prédécesseur,
1643 840 25 18 M.
1683 840 81 24 Masson,
1781 843 97 22 répondait
1885 844 38 19 ceci
1939 850 23 14 au

1489 863 82 24 «Groupe
1578 867 25 17 de
1609 867 45 18 Vico
1659 874 15 16 »,
1685 868 23 19 de
1716 869 98 22 Marseille,
1821 871 34 22 qui
1865 872 11 17 à
1884 872 79 19 maintes

1490 893 80 22 reprises
1579 895 45 17 s’est
1630 895 93 20 intéressé
1730 897 11 17 à
1748 897 20 19 la
1776 899 93 21 question;

1512 920 49 18 «J’ai
1574 921 99 19 l’honneur
1681 923 24 19 de
1711 928 47 14 vons
1766 925 48 19 faire
1824 928 95 18 connaître
1926 932 37 17 que

1489 946 29 19 les
1526 949 78 18 travaux
1612 950 22 18 de
1648 953 146 18 reconstruction
1802 954 25 18 du
1841 955 122 19 débarcadère

1489 974 26 18 du
1531 977 44 21 port
1583 977 24 18 de
1622 976 79 25 Sagoue,
1711 981 115 19 commencés
1832 986 22 13 en
1862 982 42 22 juin
1910 982 51 24 1922,

1489 1004 33 16 ont
1529 1003 29 18 été
1566 1008 79 19 presque
1658 1006 125 23 interrompus
1789 1010 81 20 pendant
1878 1009 28 19 les
1914 1012 47 18 mois

1489 1029 23 19 de
1519 1031 100 19 l’automne
1624 1034 20 16 et
1652 1034 19 17 le
1679 1036 43 17 sont
1729 1039 66 15 encore
1801 1037 11 17 à
1816 1041 55 14 cause
1879 1038 24 18 de
1910 1038 52 19 l’état

1488 1056 23 19 de
1516 1058 19 18 la
1540 1062 39 15 mer
1592 1060 106 22 toujours
1709 1062 75 23 agitée
1791 1064 12 17 à
1810 1065 49 18 celle
1863 1064 70 24 époque
1937 1067 25 18 de

1487 1087 7 17 j
1500 1085 65 22 année,
1579 1087 55 19 dans
1649 1092 38 14 une
1702 1091 75 18 contrée
1792 1092 169 21 particulièrement

1488 1113 85 22 exposée.

1511 1146 9 11 «
1531 1140 42 19 Ces
1589 1142 99 20 travaux
1703 1146 77 18 seront
1795 1146 95 22 poussés
1903 1152 57 15 avec

1487 1167 64 19 toute
1561 1169 112 20 l’Activité
1686 1172 127 20 nécessaire
1826 1179 59 18 pour
1895 1176 65 20 satis-

1486 1194 58 20 faire
1549 1195 35 20 les
1589 1197 95 20 intérêts
1689 1199 113 24 légitimes
1808 1202 24 18 de
1837 1203 19 18 la
1863 1204 65 22 région
1934 1205 26 19 de

1487 1221 52 24 Vico,
1547 1228 37 18 que
1591 1225 162 20 l’administration
1760 1233 25 14 ne
1792 1231 46 20 perd
1846 1235 33 17 pas
1889 1232 24 18 de
1921 1236 37 15 vue

1487 1250 20 18 et
1514 1251 76 19 suivant
1597 1253 63 18 tontes
1666 1255 121 23 possibilités,
1795 1257 25 18 ils
1828 1260 77 17 seront
1913 1259 45 19 ter-

1486 1278 71 18 minés
1570 1283 53 15 vers
1631 1281 23 17 le
1663 1282 79 18 milieu
1753 1284 28 17 de
1786 1283 53 20 l’été
1847 1287 110 21 prochain

1487 1305 58 22 (4924,
1552 1307 16 17 si
1573 1306 53 19 l’état
1633 1309 88 19 sanitaire
1729 1310 33 19 des
1771 1310 100 25 chantiers,
1881 1315 76 22 exposés

1484 1337 25 15 au
1517 1334 109 23 paludisme,
1641 1339 51 17 reste
1699 1338 56 18 bon».

1507 1369 69 23 Depuis
1592 1371 49 17 cette
1654 1371 44 19 date
1705 1371 30 24 (28
1742 1372 71 20 février
1824 1374 59 22 1923).
1892 1380 64 15 savez-

1485 1400 54 19 vous,
1545 1396 26 19 M.
1576 1398 119 24 l'Ingénieur,
1702 1401 24 18 de
1730 1401 62 21 quelle
1799 1402 54 21 façon
1858 1407 47 15 vous
1910 1408 46 15 avez

1485 1423 65 19 donné:
1554 1430 9 11 «
1566 1426 116 20 satisfaction
1687 1432 37 14 anx
1729 1428 78 20 intérêts
1810 1430 93 23 légitimes
1909 1432 23 18 de
1936 1432 20 20 la

1486 1452 64 24 région
1560 1453 23 19 de
1594 1453 45 19 Vico
1644 1454 9 18 ?
1658 1461 9 11 »
1676 1454 44 20 Les
1733 1457 97 20 travaux
1845 1463 44 19 que
1899 1463 57 16 yoas

1485 1483 55 15 avez
1549 1481 85 21 promis
1645 1487 58 18 pour
1717 1483 50 20 l’été
1778 1485 60 23 1924,
1852 1486 63 20 n’ont
1924 1488 32 22 ja-

1485 1509 58 17 mais
1556 1510 52 21 plus
1619 1509 37 19 été
1666 1512 78 22 repris.
1760 1513 47 18 Sans
1815 1515 62 20 doute,
1891 1516 65 19 «l’état

1485 1536 88 19 sanitaire
1582 1537 35 18 des
1624 1538 94 20 chantiers
1725 1544 24 14 ne
1757 1542 46 17 s’est
1811 1547 33 18 pas
1851 1543 103 20 amélioré».

1485 1562 36 20 Ces
1529 1563 93 20 chautiers
1628 1566 33 22 qui
1668 1567 101 20 n'existent
1773 1573 34 18 pas
1812 1570 5 19 !

1507 1592 28 18 A'e
1541 1596 164 19 comprenez-vous
1715 1600 39 18 pas,
1761 1598 101 22 monsieur,
1872 1599 45 22 qu’il
1925 1604 12 18 y
1945 1605 11 13 a

1485 1619 19 19 là
1511 1624 37 14 une
1559 1621 118 23 plaisanterié
1687 1623 109 20 intolérable
1797 1626 58 19 .Vous
1864 1627 93 23 n’ignorez

1485 1652 34 19 pas
1526 1652 37 19 que
1570 1650 50 18 cette
1629 1651 118 22 plaisanterie
1758 1652 54 24 prive
1818 1654 20 18 le
1845 1656 42 21 port
1894 1655 24 18 de
1925 1655 32 20 Sa-

1486 1680 49 19 gone
1539 1677 24 18 de
1568 1678 73 19 l’escale
1647 1679 144 21 hebdomadaire
1796 1682 33 19 des
1835 1683 92 19 courriers
1931 1684 26 18 du

1487 1706 93 19 continent
1589 1707 21 17 et
1616 1711 37 19 que
1660 1712 23 14 ce
1690 1708 36 19 fait
1731 1708 69 20 affame
1807 1710 29 19 les
1843 1711 31 18 six
1881 1712 77 19 cantons

1486 1733 24 19 de
1518 1735 49 18 cette
1574 1734 70 24 région,
1654 1736 25 18 où
1688 1737 18 18 le
1714 1737 42 22 pain
1764 1742 22 15 se
1793 1738 48 22 paie,
1850 1740 46 18 dans
1904 1741 55 18 beau-

1487 1765 47 20 coup
1541 1762 25 18 de
1571 1767 117 18 communes,
1696 1764 59 20 4fr.S0
1763 1767 19 18 et
1789 1765 37 21 Sti.
1833 1765 20 21 Le
1861 1767 57 24 kilogl
1926 1773 34 18 par

1487 1791 50 18 suite
1544 1791 33 19 des
1583 1790 47 21 frais
1637 1792 24 18 de
1670 1793 111 25 càmionage,
1791 1795 39 19 très
1838 1795 71 24 élevés,-
1913 1800 47 19 pour

1486 1817 21 20 le
1513 1820 95 22 transport
1615 1820 33 18 des
1655 1821 72 19 farines
1735 1822 25 19 du
1768 1824 44 22 port
1818 1824 97 23 d’Ajaccio.

1509 1848 28 18 De
1543 1849 49 17 cette
1600 1848 102 24 situation,,
1705 1850 80 23 quoique
1792 1856 49 15 vous
1848 1853 80 22 puissiez
1936 1858 24 14 en

1489 1875 46 22 dire,
1545 1880 47 15 vous
1600 1876 40 20 êtes
1648 1878 125 23 responsable,
1782 1884 87 15 car.nous
1876 1885 58 15 avons
1942 1882 20 18 la

1488 1903 105 20 conviction
1609 1904 59 20 ferme
1679 1909 37 19 que
1727 1911 47 15 vous
1784 1908 64 18 auriez
1858 1912 26 19 pu
1895 1911 19 17 el
1924 1914 37 18 que

1489 1936 48 15 vous
1544 1932 65 19 n’avez
1616 1937 33 18 pas
1657 1935 60 18 voulu
1725 1939 46 15 vous
1778 1936 108 20 intéresser,
1892 1938 70 19 d’assez

1489 1960 50 21 près,
1547 1961 12 16 à
1567 1962 49 17 cette
1626 1961 72 20 affaire.

1512 1989 51 18 Vous
1570 1989 83 22 préférez
1660 1994 48 15 vous
1718 1997 9 11 «
1733 1992 68 18 atteler
1806 1999 9 11 »
1824 1993 12 18 à
1842 1994 19 17 la
1869 1995 94 18 construc-

1491 2015 39 19 tion
1542 2016 44 18 d’un
1600 2018 76 20 tronçon
1693 2019 24 18 de
1726 2021 55 17 route
1794 2021 120 23 quelconque,
1929 2022 33 20 oui

1489 2044 103 18 n’aboutira
1606 2049 36 18 qae
1655 2046 47 18 dans
1716 2045 22 20 oO
1751 2052 41 17 ans,
1808 2049 46 18 mais
1868 2050 34 22 qui
1914 2054 48 15 vous

1490 2071 67 19 rendra
1568 2072 86 23 agréable
1661 2078 25 14 au
1697 2076 96 18 conseiller
1803 2075 81 25 générai,
1896 2078 68 23 député

1490 2099 25 19 de
1521 2100 9 18 l
1535 2100 79 21 endroit,
1622 2102 46 18 dont
1672 2106 51 16 vous
1730 2104 75 24 soignez
1813 2105 47 19 ainsi
1868 2106 19 19 le
1894 2108 69 18 terrain

1491 2128 87 19 électoral
1587 2130 21 17 et
1615 2130 39 22 qui,
1666 2135 25 14 en
1702 2132 97 22 revanche,
1811 2138 67 18 pourra
1888 2134 75 23 soigner

1491 2157 53 17 votre
1551 2160 121 17 avancement
1680 2159 19 19 ie
1706 2164 31 14 cas
1745 2161 85 19 échéant.

1513 2183 29 20 Ôii
1549 2189 47 15 vous
1603 2190 12 14 a
1621 2187 91 19 demandé
1720 2187 12 18 à
1738 2188 50 19 deux
1795 2190 88 23 reprises,
1897 2189 66 24 depuis

1490 2214 54 17 votre
1560 2214 56 18 lettre
1624 2215 23 18 de
1655 2214 52 23 1923,
1717 2216 23 17 où
1757 2222 24 13 en
1789 2217 46 20 était
1850 2219 19 18 la
1877 2220 86 22 question

1491 2240 24 19 de
1523 2241 78 22 Sagone.
1614 2242 52 19 Vous
1674 2244 64 18 n’avez
1745 2244 62 19 même
1819 2251 34 17 pas
1861 2246 67 25 daigné
1935 2249 29 17 ré-

1490 2269 75 21 pondre.
1584 2270 55 19 Vous,
1648 2275 49 15 nous
1704 2272 51 19 direz
1768 2277 38 18 que
1813 2278 35 14 nos
1855 2275 107 20 conseillers

1480 2312 6 4 .
1490 2297 94 23 généraux
1600 2300 42 17 sont
1654 2300 18 17 là
1680 2304 48 18 pour
1734 2305 48 15 vous
1799 2306 54 20 poser
1861 2302 33 19 des
1909 2307 54 18 ques-

1490 2325 57 18 tions.
1555 2325 47 19 Sans
1611 2327 61 22 doute,
1687 2328 49 19 mais
1748 2333 37 15 nos
1793 2330 107 20 conseillers
1908 2330 56 23 géné-

1490 2357 53 17 raux,
1552 2353 20 19 la
1579 2354 80 23 plupart,
1672 2360 25 14 ne
1705 2356 64 20 valent
1782 2362 34 17 pas
1823 2359 43 21 plus
1874 2359 45 19 cher
1926 2364 37 19 que

1489 2385 55 14 vous.
1551 2381 53 19 Vous
1611 2387 55 14 savez
1672 2384 132 21 parfaitement
1811 2391 47 14 vous
1875 2388 88 18 entendre

1489 2413 48 18 pour
1543 2413 47 15 nous
1599 2410 72 19 berner.
1687 2411 67 20 Sachez
1769 2417 24 14 au
1802 2414 61 19 moins
1871 2420 36 17 que
1915 2420 47 14 nous

1484 2441 31 14 -ne
1523 2441 80 15 sommes
1611 2442 33 18 pas
1651 2440 59 21 dupes
1718 2441 20 17 et
1744 2446 43 17 que,
1797 2442 99 22 peut-être,
1905 2448 26 13 un
1939 2445 24 17 de

1489 2468 32 16 ces
1528 2465 59 23 jours,
1596 2468 54 17 notre
1660 2468 43 18 tour
1709 2467 83 20 viendra.
1825 2483 4 4 .

1829 2500 110 23 VINTÙRA.

1490 2532 12 13 «
1507 2527 26 19 La
1536 2526 57 21 Corse
1599 2534 10 11 »

1489 2583 139 20 Autonomia,
1649 2592 7 3 -

1512 2615 70 24 Malgré
1588 2622 33 14 ses
1625 2619 102 23 avantages
1735 2619 85 20 évidents
1827 2622 53 17 etses
1884 2623 78 21 possibi-

1489 2644 50 21 lités,
1545 2645 54 19 Brest
1601 2647 30 17 est
1633 2646 80 20 délaissé
1716 2651 24 14 au
1745 2648 59 22 profit
1808 2649 99 19 desautres
1910 2652 52 19 ports

1490 2671 80 22 français
1575 2682 23 4 —
1603 2674 24 18 du
1633 2674 63 19 Havre
1705 2674 24 20 eh
1736 2674 114 23 particulier.

1511 2698 62 21 L’Etat
1582 2701 61 19 écarte
1650 2702 151 20 délsiléremment
1806 2704 70 24 projets
1888 2706 19 17 et
1914 2706 49 22 capi-

1490 2729 45 17 taux
1543 2728 93 23 étrangers
1650 2730 33 23 qui
1691 2732 106 21 pourraient
1808 2732 77 23 remplir
1890 2730 19 21 le
1922 2734 40 18 rôle

1489 2761 38 17 que
1534 2757 28 18 lui
1569 2762 25 13 ne
1601 2759 76 21 remplit
1681 2763 34 18 pas
1721 2763 6 13 :
1740 2764 3 4 •

2010 165 10 11 «
2032 159 60 18 Avant
2102 162 69 20 guerre,
2184 157 15 18 il
2207 163 12 12 a
2230 158 63 23 refuse
2302 158 18 18 la
2330 159 100 19 concession
2440 159 24 24 de

1988 186 126 18 VAliénera//h
2119 186 11 17 à
2137 185 114 19 l'Américain
2259 186 86 23 Pierponl
2350 187 76 23 Morgan
2432 188 33 23 qui

1986 213 87 24 projetait
2081 214 40 18 d'en
2130 213 50 22 faire
2187 213 17 19 le
2210 213 87 19 terminus
2307 214 32 19 des
2344 214 48 20 voies
2395 215 69 23 ferrées

1987 244 127 19 continentales
2119 245 18 17 et
2148 244 17 18 le
2172 246 41 21 port
2220 244 163 23 /rembarquement
2388 251 39 13 vers
2438 245 26 19 tes

1988 271 107 19 Etals-Unis
2102 278 10 13 D

2009 300 53 18 Ainsi
2069 306 9 10 «
2085 300 53 17 Brest
2143 299 44 19 était
2192 301 38 17 tout
2235 300 73 24 désigné
2315 306 47 18 pour
2366 302 39 18 'être
2416 301 48 19 l’une

1989 327 22 17 de
2017 333 28 12 ces
2056 326 78 24 grandes
2145 328 67 18 artères
2222 328 23 18 du
2257 334 46 12 crin
2318 330 114 19 commercial
2442 330 23 18 de

1989 355 92 22 L'Europe,,
2085 356 18 17 et
2108 355 59 18 tandis
2178 361 34 17 que
2218 356 31 17 des
2255 356 103 23 ingénieurs
2363 358 101 19 allemands

1988 387 20 12 se
2013 381 89 19 vantaient
2108 381 21 18 de
2131 383 76 22 pouvoir
2212 382 66 19 établir
2283 384 46 19 dans
2339 390 20 13 sa
2370 385 43 18 rade
2419 386 45 18 trois

1986 411 52 21 ports
2040 414 67 14 comme
2109 409 110 25 Hambourg,
2226 411 17 17 le
2246 410 132 19 G-oucernemen
2379 415 7 15 t
2389 414 59 17 écarta
2449 414 15 18 il

1989 435 22 19 de
2016 436 28 18 lui
2049 437 26 18 les
2080 438 78 22 grandes
2163 438 47 17 voies
2220 438 69 22 ferrées
2295 440 33 21 qui
2336 439 73 20 doivent
2414 446 50 13 assu-

1990 469 30 13 rer
2024 464 17 18 le
2047 468 98 16 commerce
2148 466 151 23 transatlantique
2307 472 43 14 avec
2355 467 17 18 le
2377 470 59 17 centre
2441 469 23 18 de

1989 491 84 25 l’Europe
2079 494 17 16 el
2107 491 14 18 T
2121 491 64 20 Orient
2192 499 8 12 »

2012 519 71 23 Opposé
2088 525 24 13 au
2117 520 153 25 développement
2276 524 26 17 du
2307 525 49 20 port,
2363 524 11 18 à
2379 525 43 23 plus
2427 525 38 18 for-

1989 548 20 17 te
2012 548 63 17 raison
2079 548 20 18 le
2104 547 149 21 Gouvernement
2258 556 24 13 ne
2292 550 40 19 fera
2340 556 34 18 pas
2380 554 23 17 de
2410 553 55 18 Brest

1989 574 19 18 le
2013 576 41 20 port
2058 574 53 19 franc
2116 577 32 20 qui
2152 578 100 17 assurerait
2259 583 20 13 sa
2284 578 89 19 réussite.
2385 580 25 17 La
2420 580 45 18 Bre-

1989 602 55 22 tagne
2048 606 13 18 y
2066 602 103 19 trouverait
2172 608 27 14 un
2208 604 75 19 sérieux
2288 607 98 21 avantage,
2392 607 47 18 mais
2444 608 19 17 la

1989 629 89 23 politique
2081 631 151 22 protectionniste
2236 633 24 17 de
2264 633 19 18 la
2289 633 70 19 France
2364 639 11 13 a
2380 635 83 22 toujours

1989 657 30 19 été
2023 659 79 21 opposée
2110 663 39 15 aux
2159 664 55 15 zones
2221 660 95 20 franches,
2324 656 18 24 h
2352 663 34 22 n’y
2393 667 10 14 a
2416 664 47 18 donc

1989 685 41 19 rien
2037 686 12 18 à
2055 687 74 22 espérer
2135 692 44 14 sous
2184 688 19 19 le
2213 688 71 23 régime
2292 690 68 19 actuel.

2009 713 92 19 Attendre
2111 714 20 18 le
2144 715 153 23 développement
2313 718 23 19 de
2344 718 55 20 Brest
2415 720 46 18 dans

1990 744 30 15 ces
2028 742 104 18 conditions
2147 744 28 18 est
2183 743 50 19 vain.
2241 744 17 18 11
2267 750 12 17 y
2286 750 12 13 a
2304 747 64 17 contre
2376 747 55 18 Brest
2438 756 24 4 —

1989 772 70 15 comme
2073 770 63 19 contre
2145 772 52 17 toute
2204 772 19 17 la
2230 772 91 23 Bretagne
2366 779 38 14 une
2412 775 51 18 force

1989 796 42 22 plus
2036 796 95 23 puissante
2136 803 36 18 que
2176 799 20 18 la
2199 800 76 18 volonté
2279 802 34 16 des
2318 802 91 19 hommes:
2417 803 47 18 l’an-

1989 824 77 19 tinomie
2074 826 33 18 des
2115 825 78 20 intérêts
2207 827 81 21 français
2296 829 20 17 el
2322 829 83 19 bretons.
2413 830 51 19 Dans

1989 856 26 14 un
2022 852 42 18 Etat
2072 853 24 18 où
2111 854 28 18 les
2147 854 79 19 intérêts
2234 855 76 19 bretons
2318 862 25 13 ne
2351 859 82 20 peuveut
2440 863 22 14 se

1989 879 47 19 faire
2052 882 95 22 entendre,
2156 882 24 18 où
2188 883 24 18 ils
2221 888 12 17 y
2241 885 43 17 sont
2302 884 85 23 toujours
2395 886 35 18 mis
2438 891 25 13 en

1988 907 86 19 minorité
2077 913 35 18 par
2117 909 32 19 des
2152 910 78 19 intérêts
2239 910 44 23 plus
2287 913 80 23 proches
2376 914 24 17 de
2407 913 55 19 l’Etat

1989 936 20 17 et
2024 936 43 22 plus
2075 937 54 21 forts,
2138 938 19 18 la
2165 937 89 19 situation
2263 940 23 17 de
2293 939 20 18 la
2325 940 92 24 Bretagne
2434 943 30 17 est

1988 967 43 14 sans
2044 964 57 19 issue.
2117 964 39 20 Une
2167 967 53 18 seule
2235 967 50 19 voie
2298 970 29 16 est
2337 971 86 18 ouverte:
2437 974 25 14 ne

1988 992 81 21 compter
2077 997 37 18 que
2123 997 68 16 s.ur-soi
2200 995 65 22 même,
2275 1001 38 18 que
2321 1002 34 14 sur
2364 1002 38 15 une
2408 998 54 18 auto-

1988 1018 36 18 rité
2028 1019 91 19 bretonne
2126 1022 83 22 siégeant
2218 1028 23 13 en
2248 1023 98 24 bretagne,
2355 1026 75 22 propice
2437 1031 25 13 au

1987 1045 151 25 développement
2152 1050 24 17 du
2186 1055 51 18 pays,
2244 1053 20 17 et
2272 1053 69 18 c’ésllà
2349 1053 18 18 la
2372 1054 43 18 voie
2429 1054 33 22 qui

1987 1074 75 18 conduit
2071 1076 11 17 à
2089 1077 124 19 l’autonomie.

2011 1121 8 11 «
2025 1115 68 20 Breiz
2101 1117 60 20 Atao
2169 1125 8 11 »
2186 1120 68 19 Rivisla
2267 1122 86 19 Brelona.

2070 1201 123 25 FAGCÏA.
2208 1206 23 20 A
2248 1204 127 25 FACCIA

2115 1624 72 35 Pui
2207 1625 119 31 Idéal!

2089 1724 267 35 Pubiicazïbne
2387 1749 3 3 -

2007 1802 32 19 La
2047 1802 71 20 Corse
2124 1804 114 24 Agricole.
2244 1815 24 5 ■—
2274 1807 102 19 Sommaire
2384 1808 25 19 du
2415 1809 46 18 mois

1986 1827 23 20 de
2019 1828 75 20 Janvier
2107 1830 59 18 1927.
2176 1840 24 5 ~
2213 1831 98 19 L’activité
2324 1834 27 19 de.
2361 1833 19 19 la
2388 1852 2 3 .
2394 1834 68 19 société

1986 1854 114 22 coopérative
2112 1855 24 19 de
2143 1855 72 20 cédrats
2220 1862 5 12 :
2237 1857 22 18 A.
2267 1855 127 23 GioValucchi:
2400 1869 23 4 —
2432 1859 30 19 !n-

1986 1878 108 23 formations
2110 1882 18 15 et
2142 1881 95 19 actualités
2255 1882 90 24 agricoles
2350 1890 7 12 :
2370 1884 51 19 Pour
2433 1885 29 18 les

1986 1905 95 22 planteurs
2097 1906 23 18 de
2136 1906 62 23 tabac;
2215 1908 123 20 Traitements
2357 1910 105 22 préventifs

1987 1930 63 19 contre
2057 1930 20 19 la
2085 1931 78 19 maladie
2174 1932 24 19 de
2205 1933 78 23 l’encre;
2295 1933 82 21 Sulfatez
2388 1940 35 14 vos
2431 1936 32 22 pê-

1988 1956 53 18 chers
2046 1961 6 17 ;
2069 1956 100 20 Semences
2184 1958 104 19 contrôlées
2304 1960 24 18 de
2344 1964 84 19 pommes
2438 1962 24 18 de

1988 1981 59 22 terre;
2056 1981 68 19 Contre
2132 1984 18 17 la
2159 1983 113 23 spéculation
2280 1984 75 23 illicite;
2363 1986 71 19 Petites
2442 1988 20 17 et

1988 2010 100 18 moyennes
2104 2008 131 23 exploitations
2254 2010 92 23 agricoles
2364 2013 97 21 vacantes;

1988 2030 73 20 Etalons
2069 2033 102 22 autorisés;
2182 2035 26 17 La
2216 2036 63 17 monte
2287 2035 34 19 des
2332 2036 97 19 taureaux.
2438 2047 24 4 —

1988 2056 137 20 Abonnements
2136 2059 19 18 et
2161 2058 155 21 réabonnements
2323 2065 50 19 pour
2380 2061 52 19 4927,
2439 2072 24 4 —

1987 2082 128 23 Agriculteurs
2123 2088 138 16 assurez-vous:
2269 2086 17 18 J.
2294 2085 83 20 CarJoüi.
2386 2097 22 3 —
2414 2087 49 20 Mar-

1988 2112 44 14 rons
2040 2108 23 18 de
2075 2108 56 19 Corse
2136 2115 4 12 :
2152 2109 20 18 L.
2180 2110 66 23 Boyer.
2255 2121 24 3 —
2285 2111 99 24 L’élevage
2394 2114 26 17 du
2428 2118 34 14 ver

1988 2133 12 18 à
2005 2133 44 19 soie.
2053 2133 126 24 -—Soutirage
2185 2136 24 18 de
2216 2137 59 18 sortie
2280 2136 83 20 d’hiver:
2370 2139 90 18 Delorme.

1988 2167 23 5 —
2019 2158 58 19 Cours
2080 2160 38 17 -des
2126 2160 83 23 produits
2216 2162 98 22 agricoles.

2022 2256 44 27 SÒ
2076 2261 127 24 BUTtitet

1988 2319 22 38 E
2023 2319 166 42 CAMZ6ME
2199 2323 38 37 §1
2248 2323 213 41 MÂliîËALE

1989 2380 40 18 un
2041 2373 98 27 album
2155 2374 34 27 de
2204 2381 168 30 0,33X0,19,
2386 2383 74 21 carta

1989 2412 28 26 di
2030 2412 91 32 lussu,
2136 2418 150 32 cupartura
2298 2424 15 18 e
2328 2416 87 27 tltulu
2430 2418 28 26 in

1990 2461 13 16 2
2017 2452 88 26 culori
2121 2461 33 18 eu
2169 2454 108 27 rnusica
2296 2464 20 17 e
2328 2463 139 22 ticoum-,

1988 2492 219 31 paghamenfts
2216 2502 61 22 per
2284 2498 102 27 plamt
2398 2497 62 26 for=

1989 2535 39 22 te.

2022 2575 142 31 Prezzu
2184 2586 10 21 t
2211 2576 39 31 îù
2268 2578 152 33 îr&nchl

2068 2622 132 30 Stampària
2212 2625 23 21 di
2248 2627 20 20 A
2284 2626 95 24 Muvra

2002 2689 238 32 Àiaeciu-StanijHn'i.!
2259 2694 24 21 di
2307 2697 21 20 A
2356 2696 92 22 Muvra

2000 2722 217 32 direltore-goi-enle
2228 2733 6 15 :
2257 2727 70 23 Pelt-u
2341 2727 102 25 ROCCA

15 2852 89 25 foglittinu
110 2860 19 18 di
133 2862 21 18 A
159 2861 105 20 Muvra-—
269 2868 20 13 n-
293 2862 21 19 57
320 2873 24 4 —
352 2863 21 18 d.i
378 2868 14 13 u
397 2861 72 20 10-4-27

37 2887 231 83 PÂSÛÛA1E
301 2919 145 49 PA0L1

202 2992 66 21 OSSIA

52 3026 34 42 U
102 3030 77 39 Rotta
195 3033 32 37 di
241 3035 177 37 PôBtemiovo

19 3074 139 34 SACÔKTO
162 3086 111 25 CORSO
278 3089 60 22 DEL
345 3088 124 24 SECOLO

189 3124 86 24 XVIII
313 3126 5 3 '

222 3165 24 17 DI

96 3194 31 26 F.
141 3196 35 26 D.
192 3198 178 28 Guerra^zi

113 3256 5 3 -
141 3256 5 3 -
168 3247 122 30 (Seguito)

37 3289 78 25 ''Che
123 3297 95 23 cosaho
230 3298 30 23 da
269 3299 109 22 sentire?

28 3322 89 35 ,‘T'^0n
134 3330 26 21 vi
184 3336 58 22 pare
268 3332 44 22 che
332 3337 47 17 una
397 3338 71 20 voce,

18 3353 87 50 ^ami;
126 3362 123 25 Altobello
255 3365 8 21 !
275 3365 124 23 Altobello
409 3365 6 21 !
427 3365 44 23 Di-

34 3388 35 27 hii,
80 3391 83 29 signor
171 3396 127 30 Giacomo,
308 3404 47 17 non
380 3400 23 21 la
414 3405 57 16 sen-

16 3414 35 25 tjt®
65 3425 58 22 voi?

33 3454 60 23 -"^Io
102 3464 124 23 nonsento
235 3466 74 22 nulla.

116 3494 44 22 cbe
178 3497 22 22 la
216 3501 70 20 sento
309 3500 53 22 io...
384 3499 18 23 H
421 3500 49 22 mia

61 3526 50 20 Te...
124 3533 104 20 mamma
235 3532 6 20 !
254 3538 103 17 mamma
364 3533 19 21 F

122 3560 60 27 dico,
191 3564 86 28 signor
280 3566 133 26 Altobello,
420 3572 50 16 non

18 3588 114 49 ta^ef}SSe
141 3595 62 24 «ica
213 3598 24 21 la
247 3600 136 22 tentazione
394 3599 77 24 d’imi-

36 3622 22 15 *e
69 3626 7 15 1
94 3623 84 26 frate...
190 3633 151 24 perainordi
353 3632 50 24 Dio
420 3639 50 16 non

100 3656 131 29 fermatevi.

18 3686 105 49 £ett^S-*°
130 3693 128 39 ^^Pbelio
270 3699 26 21 in
314 3700 110 27 procinto
445 3699 25 22 di

18 3742 37 23 a$e
113 3724 41 27 ^
165 3732 131 25 ^apovolto
312 3733 27 21 in
347 3738 75 20 mare,
445 3733 25 21 lo

55 3754 35 18 170
98 3761 43 20 per
158 3760 23 20 le
196 3761 64 25 falde
269 3771 6 20 ;
293 3766 90 22 invano
401 3765 67 28 perd,

497 2862 45 22 che
563 2863 17 23 il
606 2861 91 24 véstito
721 2868 75 21 cesse,
816 2869 17 16 &
847 2864 18 21 il
884 2865 85 27 signor

494 2893 122 25 Giacomô
628 2896 22 22 si
663 2896 73 23 txovô
748 2902 68 17 corne
836 2898 22 20 la
876 2898 93 27 moglie

497 2930 25 24 d.i
535 2929 116 22 Putifarre
663 2930 96 26 quando
768 2930 66 22 dette
843 2931 103 22 1-assalto
955 2936 13 16 a

497 2963 124 28 Giuseppe
633 2963 73 21 ebreo
715 2970 6 15 :
734 2963 50 22 cosi
806 2964 94 22 aîmeno
918 2969 48 17 rac-

497 2997 105 21 contada
614 2996 91 23 Genesi
721 2997 21 21 al
755 2997 106 26 capitolo
881 2999 88 21 trenta-

496 3031 81 21 nove;r
584 3033 6 5 '
616 3028 3 3 ‘
663 3033 3 3 '

524 3063 83 23 Allora
619 3064 18 22 il
645 3063 87 28 signor
743 3063 119 24 Giacomo
870 3065 20 21 si
899 3066 70 20 volse

497 3097 47 28 agli
562 3097 61 26 altri,
643 3096 98 29 che-gli
765 3097 116 23 facevano
903 3099 65 21 calca

497 3130 155 27 d’intómo,.e
663 3136 51 16 con
722 3135 63 18 voce
795 3132 48 21 alla
854 3131 113 28 predico:

525 3174 27 5 —
559 3163 165 27 ïlsoverchio,
735 3165 162 27 signorimiei,
903 3170 65 16 rom-

497 3203 32 21 pe
543 3197 17 21 il
576 3196 144 28 coperchio;
739 3198 86 22 cotesti
843 3198 46 21 due
908 3203 60 23 gen-

497 3230 130 26 tiluomini,
642 3230 16 22 il
666 3231 84 28 signor
759 3231 59 22 frate
831 3237 14 15 e
857 3232 16 21 il
885 3232 85 27 signor

498 3264 121 22 Altobello
628 3269 49 17 non
696 3264 79 23 hanno
786 3270 12 16 a
817 3265 50 22 mio
885 3270 83 23 parère

497 3297 58 22 fatto
576 3299 87 20 mostra
677 3297 24 22 di
723 3297 64 22 buon
805 3298 133 29 giudizto...
955 3303 13 17 e

497 3336 49 16 non
554 3329 63 23 andò
625 3331 61 21 oltrò
695 3331 45 21 che
749 3332 24 20 lo
785 3329 138 30 interriippe
936 3336 31 17 un

496 3363 78 26 tonfo,
584 3364 40 26 poi
634 3363 56 26 due,
696 3363 43 27 poi
751 3367 49 19 tre:
809 3365 118 21 insommâ
946 3366 23 20 la

497 3398 90 21 smania
610 3397 24 22 di
660 3397 99 22 buttarsi
784 3397 25 21 in
826 3403 76 20 .mare,
925 3403 44 22 per

496 3431 117 28 giungere
624 3435 30 17 un
662 3430 94 22 tantino
768 3430 77 29 prima
856 3436 13 16 a
877 3431 92 22 baciare

495 3465 25 21 la
537 3469 65 17 sacra
620 3466 66 20 terra
702 3464 61 22 délia
777 3464 86 27 patria,
884 3465 85 21 invase

496 3497 55 22 tutti
560 3498 8 21 i
578 3498 139 27 passeggeri
726 3503 14 15 a
751 3497 74 24 mo’di
846 3499 120 26 contagio,

491 3541 35 5 —
533 3536 13 15 e
557 3532 145 28 honpstante
719 3530 45 23 che
778 3531 18 22 il
813 3532 84 27 signor
908 3531 61 22 Bos-

497 3563 78 23 welsi
586 3564 124 28 aggirasse
719 3563 115 23 dintorno
844 3564 122 25 infuriato,

497 3602 71 17 corne
580 3602 50 17 non
644 3596 26 22 fu
677 3598 49 21 mai
735 3598 79 26 prima
830 3597 32 22 nè
881 3597 41 28 poi
941 3598 27 21 in

497 3632 59 21 tutta
566 3631 23 21 lâ
597 3635 44 16 sua
650 3630 57 26 vita,
719 3631 99 22 urlando
825 3637 8 15 :
847 3630 65 22 Siete
932 3630 37 21 di-

497 3663 91 23 ventati
606 3663 8 21 i
631 3663 112 22 montoni
767 3664 24 21 di
811 3663 119 28 Panurgo,
953 3668 15 17 0

498 3697 48 22 Dio
557 3697 34 22 mi
601 3696 111 27 perdoni,
725 3697 26 22 vi
758 3697 14 21 è
779 3698 96 21 entrato
884 3697 18 21 il
917 3696 52 22 dia-

496 3730 59 23 volo
566 3731 26 21 in
612 3735 103 21 corpo...
730 3730 114 22 badatè...
855 3729 27 22 vi
903 3734 66 17 rom-

497 3766 83 26 perete
590 3762 23 22 iè
632 3763 114 27 gambe...
766 3761 23 23 le
812 3762 119 22 braccîa...
938 3762 31 22 -H

995 2863 106 26 collo,—
1107 2861 57 24 ôato
1188 2864 117 26 perduto:;
1328 2863 58 21 vide
1406 2862 57 28 perô

995 2902 46 17 con
1048 2897 112 26 ..piacere,
1181 2896 46 22 che
1238 2897 8 22 i
1269 2897 113 22 marinari
1408 2902 14 15 e
1439 2897 24 21 le

994 2930 232 22 ciurme.restavano-
1233 2936 12 16 a
1254 2931 76 21 bordo
1336 2937 7 19 ;
1355 2936 14 14 e
1377 2930 85 27 perché

994 2965 85 26 questo
1096 2962 120 23 facessero
1233 2960 67 26 bastò
1316 2969 46 16 una
1382 2964 80 27 parola

995 2996 50 22 solâ
1053 3003 5 14 :
1078 2996 13 21 è
1103 3001 59 17 vero
1183 2996 44 22 che
1238 2998 24 21 la
1275 2998 81 26 parola
1375 3002 88 17 sonava

983 3029 75 23 -cosi:
1080 3029 17 22 il
1117 3029 79 27 primo
1216 3029 92 23 ch’esce
1328 3029 38 22 dàl
1385 3030 76 21 bordo

994 3068 208 23 senza,perniesso:
1209 3063 53 22 sarà
1274 3064 126 27 impiccato
1406 3070 6 19 ;
1425 3069 37 17 ma

994 3095 74 24 ihfìnè
1083 3095 35 29 gli
1128 3094 70 24 'dàva
1209 3095 97 29 sèmpre
1322 3096 139 28 argómen'to

995 3129 174 28 dimaraviglia
1187 3130 153 22 considerare
1357 3135 70 17 corne
1444 3131 19 20 il

994 3164 110 27 capitano
1116 3168 47 17 con
1183 3168 46 16 una
1251 3164 82 26 parola
1352 3164 51 21 sola
1422 3169 39 17 era

993 3197 100 22 riuscito
1113 3196 48 22 fars
1162 3196 7 20 i
1194 3195 122 28 obbedire,
1338 3201 40 16 me
1377 3198 53 20 ntre
1447 3203 14 15 a

994 3231 33 22 lui
1041 3231 43 21 che
1096 3235 30 16 ne
1137 3234 74 17 aveva
1224 3229 65 22 dette
1301 3231 65 21 tante
1382 3235 77 17 nessu-

994 3270 31 16 no
1052 3269 75 16 aveva
1154 3262 54 23 dato
1233 3265 58 20 retta
1301 3270 6 19 ;
1327 3263 71 22 ônd'è
1417 3267 43 18 cné

994 3297 141 23 accostatosi
1148 3296 21 21 al
1178 3295 111 27 capitano
1299 3296 50 23 cosi
1364 3297 31 28 gli
1414 3298 47 20 dis-

994 3336 26 17 se
1031 3337 5 14 :

1021 3375 28 4 —
1055 3363 49 22 Voi
1110 3362 144 23 avreteîetto
1263 3363 24 21 di
1297 3365 75 24 certo,
1379 3363 82 28 signor

994 3397 126 27 capitano,.
1134 3396 44 22 che
1199 3396 40 21 nei
1251 3397 75 26 tempi
1342 3396 88 24 antichi
1443 3397 17 21 il

994 3430 90 28 popolo
1096 3429 24 22 di
1139 3429 96 22 Abbera
1254 3428 61 22 duré
1335 3432 73 20 matto
1426 3434 35 19 tre

993 3463 82 29 giorni
1081 3469 8 16 :
1101 3464 84 26 questa
1194 3461 70 22 molti
1272 3465 116 24 reputano
1394 3463 68 23 favo-

993 3498 30 23 la,
1039 3497 31 21 ed
1089 3497 25 21 io
1134 3501 40 16 era
1194 3494 36 23 fra
1251 3494 54 28 lorp
1314 3502 6 4 -
1341 3497 56 27 oggi
1420 3497 40 27 poi

993 3530 66 22 àvrei
1081 3529 171 22 incominciatô
1272 3533 14 15 a
1303 3528 111 27 crederla,
1435 3535 26 15 se

994 3568 47 17 non
1056 3565 96 19 eravate
1164 3562 50 24 voi,
1239 3559 45 23 che
1300 3567 45 16 con
1361 3562 67 22 savio
1447 3568 15 16 e

993 3596 118 28 prudente
1120 3596 120 26 contegno
1246 3595 76 20 .avete
1341 3594 58 23 fatto
1425 3601 34 17 ec-

994 3629 96 22 cezione
1101 3629 36 21 fra
1149 3628 8 21 i
1170 3627 76 23 vostri
1260 3628 160 26 compaesani.

1021 3673 29 4 —
1055 3661 47 23 Per
1108 3666 84 18 .amore.
1206 3659 24 23 di
1242 3658 48 23 Dio
1300 3661 116 22 ..tenetevi
1435 3661 26 21 in

993 3697 65 20 tasca
1076 3695 18 21 il
1118 3695 85 21 vostro
1222 3692 91 27 elogio,
1329 3693 89 27 perché
1436 3694 25 21 io

993 3733 51 17 non
1054 3733 29 16 so
1091 3727 46 24 .chi
1154 3727 36 21 mi
1208 3727 73 24 tenga
1296 3725 45 22 che
1361 3732 49 15 non
1427 3727 33 21 mi

995 3762 59 21 butti
1068 3756 42 31 giù
1128 3759 62 22 dalla
1205 3759 80 27 galera
1306 3764 43 21 per
1368 3763 94 18 corrëre

1490 2863 79 22 dietro
1582 2869 12 16 a
1607 2864 80 28 quegli
1705 2866 62 21 altri.

1515 2908 30 5 —
1551 2895 24 24 O
1584 2899 91 25 tempo,
1690 2904 15 16 o
1717 2896 82 24 dahari
1808 2899 86 22 buttàti
1901 2900 44 25 .via
1953 2900 6 20 l

1489 2929 31 22 Se
1543 2930 88 26 partito
1650 2931 29 21 dà
1701 2932 87 22 hondra
1808 2939 14 15 e
1833 2935 90 20 venuto
1935 2935 24 21 in

1490 2962 99 23 Corsica
1608 2964 24 22 io
1650 2969 48 17 non
1720 2965 20 21 ci
1756 2965 96 22 doveva
1872 2966 89 23 vedere

1488 2997 62 21 altro
1562 2996 45 23 che
1627 2997 62 27 pàzzi
1707 3004 39 16 era
1755 2999 91 28 meglio
1857 3000 45 21 che
1922 3006 38 16 me

1488 3035 31 16 ne
1531 3027 71 24 sièssi
1615 3031 13 21 à
1640 3036 54 16 casa
1717 3031 152 29 sfogandomi
1879 3039 13 15 a
1901 3033 59 22 vis!-.

1487 3065 52 20 tare
1556 3064 100 22 Bedlam
1675 3064 79 22 tutti-i
1767 3065 109 27 giorni...
1892 3072 13 16 e
1914 3072 46 17 con

1477 3108 4 3 -
1489 3097 50 21 mio
1550 3098 113 22 comodo,

1515 3130 91 22 Poichè
1619 3130 24 23 fu
1654 3133 151 27 ormeggiata
1811 3133 23 20 la
1845 3134 80 26 galera
1930 3133 31 22 ed

1487 3164 196 27 acconigliarono
1694 3165 7 21 i
1711 3165 59 22 r.emi
1791 3171 46 16 con
1849 3167 23 20 le
1879 3167 80 22 débité

1488 3198 99 23 cautele,
1600 3197 18 21 il
1630 3198 111 27 capitano
1756 3199 109 28 Angiolo
1881 3199 78 23 invitô

1487 3230 20 21 il
1512 3230 83 27 signor
1604 3230 121 23 Giacomo
1732 3237 12 16 a
1754 3233 90 21 recarsi
1853 3238 44 16 con
1905 3238 53 17 esso

1486 3263 34 21 lui
1545 3265 39 20 nel
1599 3263 136 23 medésimo
1756 3265 78 23 schifo
1854 3271 13 16 a
1887 3269 69 23 terra,

1487 3296 65 22 dove
1564 3298 24 20 in
1601 3297 74 22 breve
1692 3303 41 17 ora
1742 3298 80 28 giunti
1833 3299 124 25 ambedue,

1488 3330 17 20 il
1517 3331 111 26 capitano
1640 3331 21 20 si
1671 3331 71 21 diede
1760 3331 81 22 subito
1854 3331 25 22 in
1891 3338 67 16 cerca

1487 3362 25 21 di
1534 3362 73 27 padre
1625 3363 148 22 Bernardino
1782 3371 5 12 :
1813 3370 45 15 non
1880 3365 34 27 gli
1933 3365 25 22 fu

1487 3395 73 22 arduo
1568 3393 143 30 rinveniriò,
1725 3397 44 22 che
1777 3397 24 21 lo
1811 3397 57 22 vide
1880 3399 78 26 girare

1488 3435 14 15 e
1522 3429 100 28 rigirare
1641 3435 70 17 corne
1730 3436 32 16 un
1775 3431 113 25 arcolaio,
1912 3431 46 22 dis-

1486 3463 124 26 pensando
1622 3469 14 14 e
1648 3461 272 27 ricevendoaÜ’intorho
1925 3470 34 16 un

1487 3496 93 21 diluvio
1587 3496 25 20 di
1620 3495 60 22 baci-.
1686 3496 20 22 Il
1712 3497 246 26 capitanoriconobbe

1487 3529 18 20 il
1516 3528 60 22 frate
1588 3534 43 21 per
1641 3530 23 19 la
1675 3529 89 27 pratica
1773 3531 91 25 grande
1876 3531 44 21 che
1927 3536 31 16 ne

1487 3566 85 21 aveva,
1588 3561 176 27 imperciocchè
1778 3563 181 26 .diversamente

1485 3599 50 17 non
1545 3594 24 21 lo
1581 3594 105 22 avrebbe
1695 3596 94 20 trovato
1803 3596 23 21 in
1837 3601 59 22 capo
1905 3602 14 14 a
1926 3602 32 16 un

1486 3632 78 21 mese;
1580 3626 24 23 dj
1617 3627 32 22 lui
1663 3632 70 16 corne
1744 3628 63 22 dello
1820 3632 90 24 spettro
1934 3629 24 22 di

1486 3660 82 21 Ettore
1579 3660 104 21 avrebbe
1699 3661 65 22 detto
1776 3661 118 28 Virgilio:
1910 3663 49 21 eku

1487 3694 125 26 quantum
1619 3691 115 24 mutaius
1738 3693 30 23 ab
1776 3693 47 23 illo
1827 3700 11 21 ;
1845 3695 24 20 in
1875 3694 83 23 effetto

1486 3725 50 28 ègli
1554 3730 77 16 aveva
1642 3726 120 27 spogliato
1774 3726 23 21 la
1808 3728 93 25 tonaca,
1914 3728 44 22 che

1487 3759 127 27 inzupputa
1626 3758 24 22 di
1659 3762 75 20 acqüa
1741 3759 34 28 gli
1788 3765 40 17 era
1844 3759 114 25 divenuta

1989 2873 54 21 pesa
2053 2874 69 19 corne
2131 2876 26 16 se
2169 2871 64 23 fosse
2243 2874 58 20 stata
2315 2873 23 22 di
2353 2874 105 26 piombo.

1988 2901 29 22 ed
2026 2902 45 21 aile
2084 2907 114 19 consuete
2209 2906 63 21 vesii
2283 2911 32 16 ne
2326 2911 134 19 avevasos-

1987 2934 78 22 tituife
2079 2935 58 23 aître
2146 2938 236 25 tumultuariamehte
2391 2946 68 17 senza

1986 2967 86 24 badare
2091 2974 26 15 se
2133 2971 179 23 -convenissero
2333 2978 16 15 o
2371 2979 42 21 no;
2437 2976 21 20 le

1987 3001 85 28 gambe
2085 3004 120 22 mostraya
2217 3004 99 28 ignude,
2327 3005 39 23 dal
2376 3007 85 27 ginoc-

1987 3033 107 23 chio.alla
2106 3036 92 22 cintura
2209 3037 94 23 andava
2315 3042 99 24 coperto
2434 3042 24 21 di

1986 3073 33 15 un
2027 3069 55 25 paio
2091 3067 23 22 di
2123 3070 112 21 mutande
2242 3071 156 29 bianche.poi
2406 3076 54 20 Ves-

1986 3100 50 22 tiva
2044 3106 48 17 una
2101 3102 124 23 camiciola
2243 3104 23 21 di
2284 3105 54 22 lana
2347 3112 68 17 rossa
2430 3108 28 21 da

1986 3133 128 26 mariharo,
2127 3141 26 16 su
2173 3137 116 27 le'spalie
2309 3141 67 25 porta
2378 3146 30 15 va
2426 3147 31 15 un

1985 3168 114 22 mantello
2108 3169 31 21 da
2145 3170 91 26 pastori
2253 3177 15 15 e
2286 3177 33 16 un
2339 3174 94 26 capello
2444 3180 14 16 a

1986 3202 36 20 tre
2031 3200 66 22 corni
2117 3202 28 22 da
2165 3203 61 27 preti
2236 3209 70 22 sopra
2319 3206 23 21 la
2354 3207 68 25 testa;
2436 3208 22 21 la

1985 3233 73 22 barba
2074 3240 43 16 sua
2138 3236 49 22 cosi
2208 3238 108 27 candida,
2332 3244 13 15 e
2358 3239 17 23 il
2395 3240 62 27 viso,

1985 3269 175 25 presentavano
2171 3269 40 28 più
2219 3270 61 22 tinte
2292 3272 62 21 délia
2364 3274 93 21 tavolo-

1984 3300 84 21 zzadei
2089 3301 91 27 pittori,
2202 3303 185 29 primeggiando
2400 3307 57 26 perô

1985 3333 35 21 fra
2029 3337 53 17 esse
2091 3333 18 21 il
2118 3339 66 22 nero,
2191 3335 19 21 il
2222 3341 44 16 ver
2266 3337 30 21 de
2306 3344 14 15 e
2328 3338 17 21 il
2354 3339 85 27 giallo,
2444 3346 13 16 e

1985 3366 83 27 questo
2074 3367 95 22 invirtù.
2176 3368 62 22 delle
2247 3371 121 22 centïnaia
2376 3372 26 22 di
2409 3373 50 23 lab-

1986 3398 41 22 bra
2034 3399 101 22 colorite
2143 3400 24 21 dï
2174 3401 55 22 erba
2237 3402 76 27 còrsa,
2320 3404 44 22 che
2371 3406 25 21 lo
2403 3412 55 17 ave-

1984 3436 63 17 vano
2054 3432 101 26 baciato,
2175 3434 20 21 Il
2215 3436 111 26 capitano
2350 3440 107 27 Angiolo

1984 3464 33 28 gli
2029 3470 60 21 pose
2097 3466 78 22 ardito
2185 3473 48 16 una
2241 3475 73 17 mano
2327 3476 28 16 su
2363 3473 21 21 la
2398 3475 58 26 spal-

1984 3498 24 20 la
2016 3498 113 23 dicendo:
2140 3500 109 23 —di-voi
2261 3506 107 25 appu'nto
2381 3511 77 18 cerca-

1984 3536 39 16 va.

2014 3575 27 5 —
2046 3564 32 22 Di
2088 3566 57 21 me?
2151 3566 81 28 ripose
2242 3569 16 21 il
2264 3569 62 23 frate
2335 3577 46 17 con
2397 3579 60 17 voce

1984 3598 48 20 mal
2039 3602 78 18 sicura
2125 3601 112 23 temendó
2245 3603 40 22 chi
2294 3610 27 16 sa
2328 3607 57 25 quai
2403 3608 53 21 rab-

1985 3632 66 23 buffo
2057 3633 41 28 pei
2105 3637 52 21 suoi
2164 3638 49 22 mal
2220 3640 80 23 sortit!
2313 3644 101 24 sospetti
2421 3650 35 10 •—

1985 3674 14 14 e
2007 3666 76 24 l’altro
2089 3675 6 14 :

2139 3731 153 30 (Cuntinua)
