2562 3831
73 151 102 24 Ajaccio,
185 151 81 24 Corse;
276 151 31 19 Me
315 150 108 20 Thomas,
430 146 122 21 Sarregue-

72 180 84 22 mines;
166 179 30 19 Mc
202 177 219 24 Peter,Strasbourg;
430 170 102 26 (M'Feui
543 179 9 4 -

73 207 33 19 let
120 206 31 20 du
160 206 94 19 barreau
266 206 30 18 de
305 203 112 22 Ouimper
429 202 24 16 et
469 198 26 18 Zi
515 202 36 12 iox

72 234 159 20 n’assisteront
238 239 45 13 aux
291 231 80 19 débats
383 232 46 19 que
442 224 108 20 demain),

73 261 121 20 soulèvent
203 266 28 13 un
240 258 111 21 incident-
370 254 30 20 Ils
413 253 82 19 deman
505 254 35 13 :eri

73 287 96 21 d’abord
177 293 43 18 que
228 286 67 19 l’acte
309 279 152 24 d’accusation
476 279 45 16 soit
536 280 15 12 u

74 322 29 13 en
112 314 97 20 français
214 317 22 16 et
242 320 28 12 en
278 308 150 24 allemand,ce
434 310 38 19 qui
480 307 54 19 pren

74 348 47 14 une
134 342 77 19 heure.
227 340 30 20 Ils
269 339 52 20 font
332 337 132 20 remarquer
479 334 44 19 que
530 332 21 14 le

74 372 49 17 mot
141 368 218 22 «Schütztruppen»
382 367 13 13 a
413 360 37 18 été
466 355 86 21 traduit

74 403 42 17 par
129 398 91 21 troupes
227 393 114 21 d’assaut.
351 389 40 22 Or,
397 390 36 16 cet
441 390 38 14 mo
498 389 13 12 v

74 424 50 19 dire
132 426 90 21 troupes
230 422 29 19 de
267 417 135 28 protection.
408 413 31 20 Me
530 438 9 13 t

74 453 101 21 proteste
194 452 77 16 contre
288 447 28 19 de
336 441 83 27 pareils
501 442 12 13 e

74 478 56 25 qu’il
136 477 55 24 juge
198 473 160 27 insignifiants.
365 465 112 25 McJaegle
485 469 44 14 insi

74 504 143 24 te,affirmant
225 508 45 18 que
276 501 55 20 c’est
339 495 58 23 ainsi
403 500 30 19 qu
443 498 29 14 on
479 490 73 20 défor-

75 538 37 14 mé
119 530 115 25 l’opinion.

81 581 36 21 Le
130 579 58 23 duel
198 577 113 23 Berthon
320 585 27 5 —
355 570 98 24 Fachot

101 625 36 20 Un
146 623 52 21 duel
204 621 100 22 oratoire
313 626 14 12 a
333 618 46 20 lieu
388 613 93 22 ensuite
487 614 64 17 entre

76 653 31 20 Mc
116 651 112 21 Fourrier,
244 648 31 20 M.
285 646 86 21 Fachot
379 647 23 16 et
410 641 32 21 Me
450 638 100 22 Berthon

76 687 29 13 au
117 679 61 24 sujet
193 677 27 20 de
230 676 22 19 la
267 672 132 26 déposition
416 669 29 19 de
459 668 93 18 conclu-

75 708 66 20 sions
148 705 93 20 tendant
249 704 13 18 à
271 702 123 24 permettre
403 701 45 16 aux
457 699 95 15 accuses

76 736 28 19 de
113 741 26 13 se
148 735 117 19 concerter
273 732 66 17 entre
347 731 52 15 eux.
405 724 31 21 Me
445 723 106 20 Fourrier

76 763 41 20 fait
130 765 130 19 remarquer
274 755 104 27 qu’étant
391 756 95 16 accuses
498 751 54 18 soli-

75 790 129 20 dairement
209 788 27 18 ils
242 785 144 22 doïventpou
389 786 51 14 voir
444 785 25 13 se
474 779 77 18 déten-

76 818 41 20 dre
134 815 178 22 solidairement,
321 814 23 16 et
352 809 16 20 il
383 808 45 20 cite
436 808 14 19 à
466 806 7 19 1
481 810 68 19 appui

76 846 29 19 de
113 850 27 15 sa
148 844 64 20 thèse
217 842 40 20 des
265 837 133 23 circulaires
407 834 145 22 ministeriel-

76 873 42 20 les.
134 872 30 20 AT
173 870 82 21 Fachot
269 868 77 20 refuse
355 866 28 19 de
397 863 58 20 faire
463 862 63 19 droit
538 866 14 13 a

78 904 61 17 cette
147 898 100 25 requête,
259 895 117 21 affirmant
388 891 69 26 qu’on
470 890 23 19 le
500 894 52 18 sup-

77 934 57 19 pose
143 927 52 20 bien
205 924 48 21 naïf
259 924 29 20 de
301 924 124 24 permettre
432 924 45 15 aux
486 922 65 14 accu-

77 957 37 19 sés
123 956 29 19 de
160 953 121 22 continuer
288 951 63 20 leurs
360 951 146 18 manoeuvres
514 950 38 14 an-

77 982 155 22 ti-nationales
250 986 28 14 en
296 978 86 25 prison.
401 976 31 19 AT
451 972 100 22 Berthon

78 1011 89 25 répond
182 1015 53 14 avec
247 1007 64 20 force
323 1008 24 17 et
359 1003 100 25 énergie.
469 1002 19 19 Il
502 1005 51 18 rap-

81 1039 61 25 pelle
158 1039 14 19 à
179 1037 30 20 M.
226 1035 86 21 Fachot
329 1032 55 26 qu’il
400 1038 14 13 a
431 1029 77 25 plaidé
525 1028 28 19 de

78 1066 127 23 nombreux
221 1063 80 25 procès
323 1060 124 26 politiques
469 1060 23 17 et
507 1061 46 20 que

78 1096 100 24 partout,
191 1093 74 20 même
272 1091 14 19 à
295 1090 22 19 la
325 1088 78 22 Santé,
412 1093 31 13 on
457 1084 96 21 accorde

78 1128 45 14 aux
138 1119 142 27 prisonniers
295 1116 124 26 politiques
433 1114 23 20 le
468 1112 86 25 régime

80 1155 113 15 commun.
203 1147 40 23 Or,
253 1147 13 19 à
281 1145 93 20 Colmar
382 1149 30 14 on
420 1143 51 19 leur
485 1141 69 19 inter-

79 1179 34 19 dit
121 1184 27 13 ce
156 1176 92 25 régime.
259 1173 57 21 Bien
332 1172 60 25 plus,
402 1177 29 14 on
446 1168 108 25 empêche

79 1206 35 21 les
122 1206 95 19 avocats
222 1202 29 21 de
259 1201 50 20 voir
314 1200 122 20 librement
440 1198 34 20 les
482 1196 72 21 incul-

78 1235 54 23 pés,
136 1233 42 20 des
182 1230 149 21 surveillants
336 1234 25 14 se
367 1227 85 20 mêlent
456 1226 31 19 de
493 1225 61 19 leurs

79 1259 171 22 conversations
258 1259 43 18 etc.
312 1256 19 20 II
340 1261 28 14 va
377 1255 53 25 plus
439 1253 76 24 loin;il
523 1251 31 21 af-

79 1289 67 20 firme
154 1293 44 20 que
206 1286 29 22 M.
246 1285 86 20 Fachot
345 1283 65 20 vient
423 1282 29 20 de
464 1281 91 25 préten-

79 1317 41 19 dre
129 1315 67 26 qu’au
205 1313 92 21 dernier
305 1314 103 18 moment
416 1310 16 20 il
447 1308 107 26 produira

79 1345 42 20 des
135 1344 75 24 pièces
219 1341 39 25 qui
272 1339 177 26 surprendront.
463 1337 31 20 AT
502 1337 53 20 Ber-

79 1373 57 20 thon
141 1371 33 21 lui
179 1369 110 21 demande
294 1368 28 20 de
326 1367 33 20 les
366 1365 107 26 produire
479 1365 77 20 immé-

79 1400 132 21 diatement.
221 1406 10 11 «
240 1397 64 21 Nous
313 1395 98 20 voulons
419 1394 22 20 la
449 1393 104 22 lumière,

79 1428 69 23 dit-il,
166 1428 21 19 la
202 1425 75 25 pleine
295 1423 104 21 lumière.
417 1422 63 20 Nous
495 1421 60 20 n’ad-

80 1459 114 18 mettrons
202 1459 41 20 pas
252 1459 45 14 une
310 1451 65 25 pièce
383 1456 45 19 que
437 1455 60 15 nous
509 1449 48 19 n’a-

79 1490 61 18 yons
147 1489 52 14 vue.
208 1482 62 20 Nous
278 1479 160 21 examinerons
446 1478 34 19 les
488 1477 69 20 docu-

81 1515 85 20 ments,
183 1516 38 14 car
242 1511 53 21 trop
315 1508 103 21 souvent,
441 1505 62 20 dans
524 1504 33 20 les

80 1540 82 24 procès
165 1537 133 26 politiques;
302 1535 30 20 de
336 1534 92 25 fausses
431 1534 79 24 pièces
517 1534 41 18 ont

82 1568 38 19 été
125 1566 94 26 glissées
232 1563 81 26 parmi
319 1562 34 20 les
367 1562 140 20 documents.
526 1560 31 20 Le

80 1596 181 25 gouvernement
268 1597 14 14 a
296 1593 50 18 tout
361 1590 84 20 intérêt
453 1589 13 20 à
481 1587 77 21 défen-

81 1624 43 19 dre
133 1628 37 15 ses
181 1621 69 23 idées,
260 1623 24 17 et
297 1620 34 19 les
339 1621 95 18 avocats
442 1617 115 25 généraux

82 1657 31 14 ne
121 1654 55 17 sont
183 1655 43 19 que
235 1654 37 14 ses
281 1648 160 20 instruments.
457 1645 50 20 Une
516 1643 43 21 rai-

83 1685 42 14 son
135 1679 29 19 de
173 1678 48 24 plus
230 1682 58 18 pour
297 1681 25 14 se
330 1673 69 21 défier
404 1671 155 25 d’eux.«(Sen-

81 1706 76 20 sation
166 1706 55 19 dans
227 1704 22 19 la
258 1702 68 25 salle)
339 1702 17 20 II
364 1701 111 26 reproche
484 1700 74 20 même

84 1821 173 48 Libraria
280 1819 40 47 di
334 1817 37 48 A-
386 1814 170 51 MUVRA

136 1905 119 24 ULTIME
266 1901 239 26 PUBLICA-ZIONE

105 1959 96 19 Carlotti
207 1959 39 22 (D):
254 1967 24 4 —
286 1956 141 20 Manualettu
435 1953 121 20 diParlata

150 1987 74 18 Corsa.
234 1986 18 18 A
259 1985 61 23 prima
327 1983 121 24 grammatica
458 1981 97 18 dialettale

150 2019 52 14 corsa
209 2014 99 23 publicata.
321 2012 85 18 Guntene
416 2015 11 14 e
437 2009 66 23 régulé
515 2008 19 18 di
544 2013 12 12 a

150 2042 70 22 parlata
227 2041 124 20 cismunlana,
358 2039 11 18 1
377 2039 39 17 vol.
424 2037 24 18 80
456 2042 19 18 p.
510 2035 14 18 5

106 2075 134 20 Codaccioni
248 2075 30 22 (G.
284 2074 30 23 P.)
320 2082 23 5 —
348 2072 111 19 Canzone.
468 2070 87 18 Itaccolta

150 2104 19 17 di
178 2108 10 13 e
196 2103 30 22 più
235 2103 89 22 populare
338 2100 63 23 puesie
414 2100 20 17 di
443 2098 85 18 l’anfarte
536 2096 17 17 di

151 2131 100 18 Proorianu
268 2129 79 22 (Satare,
366 2127 90 20 Lameati,
471 2125 85 19 Canzone

151 2158 87 23 puliiiche
256 2162 32 14 ecc
298 2158 20 21 ..)
338 2156 42 18 c’un
399 2154 79 19 iatroitu
498 2153 19 17 di
537 2151 18 18 U

152 2185 174 23 Sampetracciu.
343 2184 8 18 1
361 2183 38 18 vol.
414 2181 39 19 ia-8
463 2181 21 18 di
494 2179 22 18 96
526 2183 29 18 pa-

152 2215 48 22 gine.
511 2207 13 18 ^

105 2252 115 20 Maistrale
227 2261 21 4 —
254 2251 90 19 Lettare
364 2253 15 14 a
397 2247 158 23 Lumbrigone.

151 2282 78 17 Gronaca
237 2280 75 18 satirica
318 2278 62 23 d’ogni
388 2277 122 18 evenimenlu
517 2278 39 13 cor-

150 2313 29 15 su,
191 2310 81 20 allempu
284 2307 113 18 documculu
410 2304 84 23 preziosu
503 2307 11 12 e
524 2301 32 18 mi-

150 2337 21 18 ni
172 2341 30 14 era
208 2335 101 19 scaccaûi.l
314 2334 60 18 vol.di
377 2332 35 18 220
416 2331 74 24 pagine.
507 2329 25 18 10

104 2381 24 3 —
136 2370 19 18 E
163 2369 102 19 Canzone
276 2368 25 17 di
312 2365 124 20 Maistrale.
448 2365 9 18 I
464 2365 64 17 album
536 2363 20 18 di

151 2399 60 19 lussu,
219 2397 70 21 grande
297 2395 87 18 formatu.
390 2393 87 18 Guntene
482 2397 5 12 :
494 2390 62 19 Addiu

151 2425 21 19 di
179 2430 12 13 u
199 2423 95 22 Cuscrillu,
310 2422 80 19 Canzona
402 2421 21 17 di
430 2426 14 12 u
452 2420 64 20 Cuccu,
526 2417 30 20 Si-

150 2453 61 18 rinalu
218 2457 12 12 a
238 2452 9 17 i
254 2450 60 24 Sposi,
322 2448 138 21 Ninni-Nanna,
468 2447 88 18 Lamer.tu

151 2480 22 19 di
179 2478 93 23 Muvrelia,
286 2478 81 19 Canzona
375 2476 20 19 di
402 2481 14 12 u
423 2477 64 16 conlra
495 2473 61 18 Parli-

150 2510 26 16 lu.
184 2507 71 18 Parole,
266 2506 74 18 musica
347 2510 11 13 e
366 2502 190 24 aceumpagnamenfcu

149 2537 25 22 pè
181 2541 13 13 u
201 2535 112 22 fortepianu.
500 2529 25 18 10

104 2576 84 19 L’Orsu
196 2573 107 20 d’Orezza
306 2582 21 4 —
332 2569 200 21 Primizie.Iiaeeolla
537 2568 19 17 di

152 2608 12 14 e
172 2603 32 23 più
212 2603 50 18 belle
270 2601 67 23 puesie
344 2600 19 17 di
371 2599 87 18 l’anfarte
466 2598 20 17 di
494 2602 11 13 a
514 2596 42 19 Cas-

151 2631 96 23 tagniccia.
261 2630 24 18 Di
298 2630 15 17 A
324 2626 110 21 Cullezzione
446 2625 20 19 di
473 2624 84 24 L'anfarti

150 2658 53 19 corsi.
215 2659 10 16 1
233 2658 38 17 vol.
281 2657 21 18 di
309 2656 23 18 64
341 2661 19 17 p.
520 2657 36 13 a—

107 2698 88 20 Matteu
209 2696 104 19 Cirnensi
330 2695 70 22 (Mallei
415 2694 58 18 Torre
478 2691 77 23 —Que

153 2725 54 19 veut
222 2724 24 18 la
263 2723 81 19 Corse!
364 2722 57 18 Tult’i
438 2720 55 24 punli
509 2719 20 18 di
544 2724 12 12 a

152 2754 15 10 “
173 2752 94 22 Quisüone
274 2751 72 18 corsa”.
354 2749 63 18 Difesa
425 2754 12 13 e
445 2747 111 19 illuslrazio-

153 2785 26 14 ne
185 2780 19 18 di
211 2785 14 12 u
232 2779 106 18 Cursismu.
346 2778 10 17 1
365 2777 38 18 vol.
413 2776 22 18 64
444 2781 18 17 p.
533 2783 24 4 —

104 2821 66 18 Paoli
175 2820 22 18 di
201 2817 157 25 Taglio—Risa
362 2813 175 21 ePianti.Sunetti
541 2817 11 14 e

151 2847 64 19 Poesie
221 2847 52 17 varie
279 2847 44 17 c’un
329 2844 79 19 introitu
414 2843 20 18 di
440 2840 117 21 Maistrale

151 2875 90 23 (Cuntene
254 2879 13 13 u
281 2873 93 18 Lamentu
383 2871 22 17 di
414 2876 14 13 u
442 2870 93 21 Castagnu
545 2873 12 13 a

150 2909 14 12 u
172 2903 71 22 Corsu).
249 2902 10 17 1
268 2902 39 18 vol.
315 2899 39 20 in-8
362 2899 20 18 di
389 2898 35 18 112
431 2904 20 17 p.
513 2895 13 19 5

106 2947 24 4 —
137 2936 62 19 Fiori
206 2939 12 14 e
226 2934 76 23 Spine,
308 2933 67 19 Puesie
382 2932 50 18 varie
441 2932 44 17 c’un
491 2929 66 19 introi-

151 2966 22 16 tu
180 2964 19 18 di
206 2963 68 18 Petru
281 2962 83 19 Rocca.
376 2960 10 18 1
394 2960 39 18 vol.
446 2959 17 18 di
476 2957 22 19 86
506 2957 51 23 pagi-

150 2997 32 13 ne.
510 2985 16 18 ^

106 3031 19 19 U
135 3029 168 24 Sampetracciu
311 3027 147 24 (Ghiannettu
463 3024 92 22 Notini.)

150 3059 64 18 Rime
222 3057 76 22 (Puesie
302 3056 59 20 varie,
368 3054 120 20 Slruîulelte,
496 3052 61 17 Punte

151 3087 21 17 di
178 3086 73 17 Minuta
259 3084 78 20 Grossu,
348 3082 90 21 Canzone,
449 3079 108 20 Induvinel-

151 3115 32 21 le).
189 3113 96 18 L’essenza
293 3112 19 17 di
317 3116 13 12 u
336 3111 33 22 più
375 3114 48 18 puru
431 3109 62 22 spirtu
500 3111 56 14 corsu

151 3142 21 17 in
179 3142 18 17 le
205 3140 21 18 sô
233 3139 33 23 più
274 3138 93 23 originale
375 3135 161 20 manifestazione;
544 3139 12 12 a

151 3169 78 18 schietta
239 3167 111 18 delicalezza
361 3165 20 17 di
388 3170 14 12 u
410 3165 57 21 pueta
477 3162 55 19 unila
538 3163 17 16 a’

151 3195 79 19 severilà
240 3194 21 17 di
267 3199 15 12 u
293 3193 96 18 moralista
400 3196 52 14 eau
460 3194 69 15 savore
536 3190 20 17 di

150 3223 96 18 cuntatore
256 3221 19 17 di
287 3219 120 23 stalbatoghj.
419 3219 47 18 G’un
476 3218 80 18 introitu

151 3251 20 17 di
180 3249 68 19 Petru
255 3249 83 18 Rocca.
352 3248 11 17 1
375 3247 38 18 vol.
427 3247 22 17 di
458 3245 36 19 160
504 3245 52 22 pagi-

151 3283 31 14 ne.
511 3273 13 17 S

108 3321 110 19 Bumandale
225 3326 13 12 u
246 3320 64 18 listinu
317 3319 22 18 di
345 3319 59 17 noslre
410 3316 125 24 publicazionc

577 146 29 13 au
616 140 96 22 parquet
719 136 88 20 d’avoir
815 135 41 20 fait
864 140 30 14 ou
903 132 69 20 laissé
980 130 74 23 dispa-

577 166 71 19 raître
662 170 46 13 une
721 163 64 24 pièce
799 162 147 23 importante,
961 161 93 15 concer-

579 195 57 17 nant
643 191 22 19 la
682 189 118 20 fondation
810 192 23 16 et
847 188 22 19 le
877 187 42 19 but
934 185 30 19 du
979 189 11 11 «
1001 182 53 20 Hei-

577 216 111 22 matbund
696 224 19 11 ».
725 216 32 19 Mc
765 216 105 22 Mazoyer
883 213 97 23 risposte
989 210 65 19 éner-

576 242 257 26 giquement,affirmant
841 246 46 18 que
895 245 27 14 ce
929 237 70 21 serait
1007 242 45 13 une

576 272 71 19 honte
653 270 28 19 de
686 269 75 20 croire
769 269 41 18 des
815 266 131 25 magistrats
953 262 99 23 français

577 297 107 25 capables
693 296 28 19 de
730 295 95 25 pareille
834 293 93 20 vilénie.

602 327 32 19 Me
641 325 100 21 Berthon
757 324 89 20 revient
863 329 40 13 sur
917 327 43 14 son
975 320 77 19 thème

576 360 58 13 avec
641 353 171 20 acharnement:
828 356 10 11 «
846 350 31 19 Le
886 349 89 24 procès,
985 345 66 23 dit-il,

577 388 13 12 a
598 381 47 19 lieu
658 380 57 19 dans
729 379 42 19 des
787 378 172 19 circonstances
974 379 79 17 excep-

576 407 124 21 tionnelles
709 410 23 16 et
739 404 137 21 anormales.
890 403 50 20 Une
948 401 63 20 foule
1024 400 28 19 de

576 435 70 25 petits
662 433 115 20 incidents
789 434 115 22 prouvent
917 429 68 25 qu’on
999 430 53 17 veut

576 461 227 25 systématiquement
811 457 121 26 empêcher
940 457 34 19 les
988 461 65 14 accu-

576 490 39 19 sés
623 489 29 19 de
660 494 26 14 se
702 486 118 22 défendre.
831 486 36 19 On
880 491 13 14 a
908 484 84 20 détenu
1006 488 47 14 cer-

575 517 63 20 tains
647 515 151 25 prisonniers,
808 518 89 15 comme
906 512 83 31 Rossé,^
996 510 57 20 Bau-

577 550 69 14 mann
655 547 23 16 et
686 542 85 21 Kohler
780 547 60 19 pour
847 540 40 20 des
896 538 78 21 motifs
982 536 69 21 insuf-

576 571 87 20 fisants.
683 571 61 19 Pour
758 569 97 20 motiver
873 568 51 19 leut
940 564 110 22 maintien

576 606 29 13 en
614 599 87 25 prison,
712 604 30 13 on
751 596 89 21 affirme
848 594 132 26 qu’accusés
994 593 58 19 dans

576 626 97 21 I’aflaire
681 626 28 19 de
717 626 23 19 la
748 629 11 11 «
766 624 108 24 Sapart»,
881 623 29 20 ils
918 625 53 17 sont
979 620 74 24 impli-

577 655 57 23 qués
646 654 56 19 dans
710 653 22 19 le
741 651 99 24 complot
854 649 162 22 autonomiste,
1030 651 22 16 et

576 683 86 19 d’autre
672 683 57 22 part,
742 679 102 25 qu’étant
857 677 125 25 impliqués
996 675 56 20 dans

576 711 22 19 le
605 709 101 24 complot
713 706 191 23 autonomiste,ils
912 708 53 16 sont
970 710 29 14 en
1007 703 46 20 mê-

577 744 37 14 me
622 741 73 20 temps
703 735 122 25 impliqués
834 734 57 20 dans
899 733 22 19 la
931 736 11 11 «
949 731 102 25 Sapart»:

576 767 17 20 il
602 772 29 14 en
649 767 34 18 est
699 764 29 19 de
744 763 74 20 même
831 767 61 19 pour
909 760 33 20 les
960 759 92 25 espions

577 795 59 19 dans
644 793 22 20 le
680 791 111 25 prétendu
804 790 140 25 espionnage
952 788 29 19 de
996 787 57 20 Bau-

577 827 70 16 mann
665 823 23 17 et
696 818 93 21 Kohler.
808 818 64 20 C’est
880 823 32 13 un
929 815 75 20 cercle
1019 814 32 21 vi-

577 850 67 20 cieux
650 848 55 20 dont
711 854 30 13 on
748 852 29 14 ne
783 849 55 21 peut
845 844 77 22 sortir.
929 843 31 20 Le
965 843 85 25 régime

577 877 112 25 politique
701 882 31 13 ne
749 874 49 20 leur
815 880 13 14 a
845 879 41 19 pas
902 873 37 19 été
955 870 96 22 accordé

577 905 183 25 complètement.
770 902 60 20 C’est
835 907 46 15 une
887 906 74 19 grave
968 899 84 20 attein-

577 936 23 17 te
608 934 16 19 à
633 933 24 19 la
666 931 84 21 liberté
751 930 121 25 politique,
881 929 12 19 à
903 934 86 18 propos
998 927 53 20 d’un

577 961 71 21 crime
656 959 38 26 qui
705 959 35 20 n’a
750 957 71 21 existé
829 963 45 17 que
887 956 58 20 dans
958 955 8 20 1
974 954 79 25 imagi-

578 990 79 19 nation
666 988 28 20 de
703 986 100 21 certains
811 983 183 23 fonctionnaires
1001 986 51 20 trop

578 1017 62 21 zèles
648 1023 11 11 »

603 1046 54 21 MM.
667 1046 73 21 Rossé
756 1049 23 17 et
792 1045 118 20 Baumann
927 1042 127 24 protestent

578 1074 211 27 personnellement
805 1076 80 17 contre
906 1074 61 17 cette
987 1070 65 23 façon

577 1103 81 26 d’agir.
668 1103 36 20 Un
712 1103 125 23 interprète
845 1099 85 21 traduit
940 1099 35 20 les
989 1103 66 19 paro-

578 1132 35 20 les
622 1132 29 20 de
659 1130 30 21 M.
699 1131 128 20 Baumann,
834 1128 30 20 M.
872 1127 73 21 Rossé
953 1126 64 25 parle
1025 1131 28 14 en

578 1159 108 25 français.
696 1157 142 26 (Rappelons
846 1156 68 25 qu’au
929 1154 72 21 début
1013 1154 41 19 des

579 1188 88 23 débats,
676 1188 13 19 à
704 1187 22 19 la
740 1185 111 21 demande
858 1184 32 20 du
905 1182 117 26 président
1035 1181 20 20 si

579 1219 53 17 tous
640 1215 112 25 parlaient
757 1213 169 21 suffisamment
930 1211 22 20 le
958 1209 97 25 français

579 1250 30 14 ou
627 1243 49 20 s’ils
693 1241 162 22 demandaient
868 1246 31 14 un
916 1239 139 21 traducteur,

579 1275 53 17 tous
641 1277 25 14 se
674 1271 104 20 levèrent
783 1275 59 19 pour
846 1274 29 14 en
885 1267 123 21 demander
1016 1272 39 17 un,

579 1301 14 19 à
601 1299 134 25 l’exception
745 1298 40 20 des
794 1296 95 25 députés
898 1295 72 20 Rossé
976 1298 24 16 et
1008 1294 50 20 Ric-

579 1327 70 25 klin.)
676 1338 4 4 •

606 1358 43 20 Les
658 1358 80 20 débats
746 1363 26 14 se
783 1355 161 21 continuèrent
959 1353 98 20 violents

580 1390 24 17 et
611 1385 109 26 agressifs
734 1385 30 19 de
771 1384 22 20 la
810 1386 52 22 part
871 1383 28 20 de
917 1381 30 21 Mc
956 1381 100 21 Berthon

581 1414 59 21 etMe
645 1413 80 25 Jaeglé
733 1412 38 25 qui
780 1411 133 20 insistèrent
923 1416 39 14 sur
973 1409 34 20 les
1012 1414 46 15 ma-

581 1448 54 15 noeu
639 1447 50 14 vres
694 1440 69 21 faites
769 1446 41 18 par
815 1439 23 20 le
844 1439 101 23 Parquet
950 1437 29 20 de
985 1437 73 20 Stras-

581 1471 74 24 bourg
663 1470 68 24 après
739 1474 46 18 que
793 1466 93 21 l’affaire
895 1466 163 24 d’espionnage

581 1499 40 19 eût
629 1498 37 19 été
680 1497 71 20 close.
761 1495 43 20 Les
820 1494 81 20 débats
916 1499 25 14 se
955 1493 104 25 poursui-

581 1529 57 17 vent
651 1524 93 26 jusqu’à
760 1522 55 21 midi
833 1528 55 14 sans
904 1527 46 20 que
958 1522 22 19 la
998 1520 61 21 Cour

583 1559 89 19 prenne
685 1559 46 14 une
748 1551 101 20 décision
865 1556 40 14 sur
922 1550 34 19 les
969 1549 91 20 conclu-

582 1581 73 20 sions.
665 1581 31 20 La
704 1579 113 26 première
831 1578 137 25 impression
983 1580 35 17 est
1030 1582 28 14 en

582 1609 83 20 faveur
681 1608 41 20 des
739 1607 109 20 accusés:
870 1606 40 19 des
926 1605 133 20 défenseurs

582 1637 50 20 très
648 1636 107 25 capables
771 1636 141 24 promettent
928 1633 29 20 de
977 1636 83 17 mettre

583 1671 66 17 toute
655 1666 93 21 l’affaire
758 1666 58 19 dans
824 1671 43 14 son
883 1664 49 20 vrai
939 1664 62 24 jour,
1016 1662 45 21 d’é-

584 1698 84 21 clairer
676 1696 109 25 l’opinion
794 1699 23 16 et
825 1695 29 20 de
867 1700 79 20 passer
954 1693 107 21 àToffen-

200 3393 34 25 Per
251 3393 77 30 iscopre
345 3390 94 31 Surgenti,

161 3430 59 29 Acpe
239 3429 128 29 Sutterranee,
384 3425 95 26 Minerali.

151 3485 107 29 Prete
285 3485 207 33 Casanova

155 3527 141 25 Pievanu
311 3528 34 24 di
360 3526 125 25 Zicavu

114 3576 26 16 dà
147 3580 11 13 a
166 3575 143 18 cnnuscimenta
318 3576 20 17 di
346 3576 60 22 quelli
413 3575 32 18 ebi
450 3575 18 18 ci
474 3578 52 19 ponu

138 3599 55 18 truvà
200 3604 14 12 u
220 3603 21 14 so
249 3600 102 18 interessu.
358 3601 70 17 ch’ellu
436 3604 66 18 scopre

138 3624 89 21 surgenli.
233 3628 60 18 acque
301 3626 114 20 sutteranee,
422 3625 79 18 minière

200 3649 144 21 metallorgicbe
352 3650 23 17 ed
383 3650 54 18 altre.

116 3680 117 18 Infallibüe
245 3689 22 4 —
280 3681 99 18 Pruvate
387 3686 14 14 e
411 3682 114 19 vidarete!

727 2149 184 28 FRATACCI

697 2202 121 30 Bandaglste,
832 2200 111 31 Spécialiste

659 2252 103 20 Avenue
775 2250 34 21 du
826 2255 42 16 ter
882 2247 100 24 Consul

767 2288 104 27 Ajaccio

640 2369 103 26 Strumenti
756 2367 87 26 Musicali
855 2367 63 31 d;ogni
930 2367 71 26 Généré

630 2426 57 50 Y.
718 2423 294 54 Muracciolc

613 2503 170 22 Prufessoredi
799 2503 92 22 Musica
902 2508 13 16 e
929 2501 98 22 Viulinu

684 2548 24 20 g-
713 2548 30 20 rg,
758 2543 40 20 Via
806 2543 64 20 Jules
881 2542 72 21 Cazot

749 2574 51 20 Aies
812 2572 80 25 (Gard)

640 2631 76 20 Viuliui,
723 2631 113 21 Maudulice,
843 2631 102 22 Urganetti,
952 2630 49 18 Fono

691 2664 63 21 Piano,
764 2664 61 22 Banjo,
835 2664 64 18 Jazz...
909 2669 37 13 ecc.

655 2711 86 24 Catalogu
749 2711 70 24 gralisi,
828 2711 59 23 sopr’a
895 2710 89 19 cumanda

657 2797 111 27 Contru
785 2807 17 16 a
814 2798 69 25 Vita
895 2797 73 27 Cara
976 2798 6 24 !

658 2846 103 34 GfiltZE
778 2846 20 33 E
820 2843 165 37 GIÎtZETTE

679 2899 12 12 "
698 2895 98 24 Inusable
813 2895 49 23 Mail
880 2895 81 26 fkier”

764 2933 20 24 Fi
787 2934 19 23 lu
824 2941 52 23 puru

711 2987 110 31 Eleganza,
836 2986 91 24 Solidità

665 3044 67 30 Mma
760 3045 217 36 Fasqoalini

626 3092 39 26 El
674 3091 144 27 ArroucE
834 3092 177 26 Cusiantina

750 3131 137 34 (Algeria)

630 3227 214 60 Stamparia
866 3228 39 47 di

788 3292 31 48 A
841 3292 167 49 MUVRA

638 3377 100 22 Lettere
747 3389 29 4 —
782 3378 106 21 Fattur-e
899 3389 27 5 —
937 3378 73 21 Carte

632 3410 115 26 Biglietti
766 3421 29 5 —
808 3410 164 22 Mëmoranda
976 3422 30 5 —

630 3443 90 22 Affîssi
730 3456 30 3 —
770 3443 74 22 Libri
857 3455 28 5 —
897 3444 118 21 Giurnali

735 3483 73 16 ecc...
823 3483 73 16 ecc...

602 3548 25 28 P
631 3549 108 27 resta
756 3547 94 29 fallu

753 3600 22 20 e
793 3600 25 20 a
835 3591 78 29 bon
929 3594 108 32 paitu

601 3652 207 21 Cunsultateei
815 3656 17 16 e
846 3652 192 21 dnmandate-

707 3682 13 20 i
727 3682 98 21 nostri
831 3683 96 23 prezzi

1079 128 49 20 sive
1146 133 29 14 en
1192 127 119 24 attaquant
1327 123 34 19 les
1378 124 126 21 reporters,
1520 119 34 19 les

1076 154 152 25 journalistes
1240 157 23 16 et
1279 153 51 18 tant
1346 149 98 19 d’autres
1461 147 39 24 qui
1513 149 41 17 ont

1076 182 48 24 jeté
1137 181 108 24 l’opinion
1264 177 110 26 publique
1390 175 58 20 dans
1463 174 41 19 des
1517 179 35 13 er-

1079 214 67 14 reurs
1155 207 151 25 déplorables.

1078 262 38 20 La
1127 261 91 21 séance
1232 262 31 20 de
1273 256 167 28 l’après-midi

1104 307 19 19 A
1131 305 138 21 l’ouverture
1275 304 28 19 de
1308 303 22 20 la
1338 303 82 19 séance
1428 300 29 20 de
1462 300 90 24 l’après-

1079 333 88 23 midi,le
1175 333 115 24 président
1298 330 104 23 Mazoyer
1410 327 90 21 déclare
1507 332 45 18 que

1078 361 23 19 la
1111 360 63 20 Cour
1191 361 79 24 rejette
1285 359 34 19 les
1332 358 59 18 deux
1405 353 147 22 conclusions

1078 388 113 24 déposées
1196 388 56 20 dans
1260 387 22 19 la
1291 384 99 21 matinée
1395 389 41 19 par
1445 382 21 20 la
1475 381 77 20 défen-

1079 421 33 14 se.

1104 443 74 25 Après
1184 442 83 26 l’appel
1277 441 40 19 des
1326 438 99 21 témoins
1436 436 39 25 qui
1494 436 57 20 dure

1079 472 53 24 près
1142 470 28 19 de
1179 470 55 20 trois
1242 471 80 24 quarts
1336 466 94 20 d'heure
1444 468 23 16 et
1474 464 77 19 donne

1078 500 102 19 souvent
1188 503 45 14 une
1240 499 54 18 note
1303 494 53 20 bien
1362 493 51 25 gaie
1421 491 31 26 (la
1459 491 92 20 défense

1079 526 82 20 insiste
1170 525 143 20 notamment
1329 528 59 19 pour
1396 527 46 19 que
1451 520 31 20 M.
1491 518 61 21 Susi-

1079 554 32 21 ni,
1121 552 77 26 préfet
1206 553 30 20 du
1243 550 130 22 Haut-Rhin
1384 548 105 26 paraisse
1500 547 13 20 à
1529 547 22 20 la

1079 582 69 20 barre
1164 586 88 14 comme
1268 576 107 26 témoin),
1393 577 22 19 le
1434 575 118 26 président

1079 609 90 20 déclare
1178 614 46 18 que
1231 607 33 20 les
1278 606 61 20 deux
1355 603 146 21 conclusions
1514 603 38 19 dé-

1079 637 82 25 posées
1169 636 57 19 dans
1234 634 21 20 la
1265 633 99 20 matinée
1374 638 40 18 par
1427 632 22 19 la
1458 630 94 20 défense

1079 667 53 18 sont
1140 663 103 25 rejetées.
1253 662 37 20 On
1300 667 30 14 ne
1337 659 149 21 recherchera
1494 658 58 20 donc

1079 698 41 19 pas
1127 692 174 20 lesdocuments
1307 689 39 25 qui
1352 687 199 24 auraientdisparu

1079 720 57 20 dans
1145 719 23 20 le
1176 719 90 20 fameux
1274 717 88 21 dossier
1376 719 22 16 et
1406 721 30 14 on
1454 715 99 20 n’accor-

1078 749 54 19 dera
1150 753 42 19 pas
1208 746 22 20 le
1243 745 88 26 régime
1339 743 112 26 politique
1459 749 45 14 aux
1516 748 36 14 ac-

1078 776 77 20 cusés.
1164 774 33 21 Ce
1205 773 93 21 dernier
1314 773 65 25 point
1395 778 13 13 a
1426 771 37 20 été
1478 771 75 20 relusé

1078 810 55 14 sous
1150 803 101 25 prétexte
1268 808 46 18 que
1322 801 22 20 la
1361 799 103 21 décision
1477 805 30 14 ne
1515 798 38 20 dé-

1077 832 61 24 pend
1147 837 42 19 pas
1198 830 39 20 des
1245 829 100 21 Assises.

1102 860 74 23 Après
1184 859 28 20 de
1220 856 244 22 nombreuxincidents
1470 860 83 15 encore

1078 888 82 20 causés
1178 893 42 18 par
1239 885 37 20 Me
1291 885 89 25 Jaeglé,
1406 882 101 22 Berthon
1530 885 23 17 et

1079 916 68 20 Peter
1155 915 40 25 qui
1209 913 93 25 exigent
1318 919 45 19 que
1380 912 29 20 de
1426 911 126 20 nombreux

1078 943 251 24 témoins,notamment
1336 941 22 20 le
1365 939 74 26 préfet
1444 939 31 20 du
1484 938 69 20 Haut-

1079 972 71 23 Rhin,
1163 972 23 19 le
1192 971 54 25 juge
1255 968 164 21 d’instruction
1436 967 72 20 North
1525 966 28 20 de

1079 999 146 25 Strasbourg,
1235 998 22 20 le
1271 996 133 26 professeur
1418 994 106 25 Diebling
1531 997 22 17 et

1079 1027 87 25 l’agent
1173 1029 149 23 provocateur
1331 1024 134 24 Fromageat
1470 1022 84 26 parais-

1080 1059 53 18 sent
1140 1057 14 19 à
1163 1056 22 20 la
1192 1056 74 22 barre,

1101 1104 36 21 Le
1146 1104 38 21 Dr
1194 1101 111 28 Ricklin,
1315 1101 32 22 de
1354 1098 179 26 Dannemarie,

1109 1139 40 21 est
1154 1135 112 23 entendu
1270 1133 208 27 commepremier
1481 1131 46 22 des

1260 1167 114 24 accusés.

1108 1217 18 21 II
1135 1224 29 13 en
1174 1218 86 19 ressort
1269 1221 45 19 que
1328 1213 30 21 M.
1377 1212 91 21 Ricklin
1484 1214 34 17 est
1526 1211 29 20 né

1082 1246 30 20 de
1124 1248 95 22 parents
1240 1243 113 25 d’origine
1375 1240 123 25 française.
1524 1238 31 20 Le

1082 1279 109 15 nouveau
1208 1272 85 24 dépüté
1310 1268 126 23 d’Altkirch
1453 1267 103 25 souligne

1083 1308 45 19 que
1136 1307 26 14 sa
1169 1300 88 21 famille
1266 1302 35 17 est
1309 1305 46 13 une
1362 1298 42 19 des
1412 1297 52 24 plus
1469 1295 88 21 vieilles

1083 1331 31 19 du
1123 1329 119 24 Sundgau.
1251 1327 18 21 U
1279 1333 13 14 a
1301 1326 42 20 fait
1358 1331 38 14 ses
1413 1324 81 21 études
1513 1329 43 14 aux

1083 1357 102 25 collèges
1193 1356 29 20 de
1230 1355 93 22 Belfort,
1333 1352 132 22 d'AItkirch,
1470 1352 29 19 de
1506 1350 51 21 Col-

1083 1392 50 15 mar
1142 1391 59 19 pour
1208 1384 59 20 faire
1275 1389 40 14 son
1335 1389 11 12 «
1352 1381 81 21 Abitur
1440 1387 11 11 »
1468 1386 30 14 au
1512 1379 45 20 col-

1083 1415 51 24 lège
1142 1413 30 20 de
1180 1412 156 21 Radisbonne.

1110 1441 17 21 II
1132 1441 37 20 fut
1177 1439 61 22 enfin
1256 1438 104 22 étudiant
1371 1443 28 14 en
1409 1436 120 21 médecine
1545 1435 13 20 à

1085 1470 119 23 Fribourg,
1215 1467 78 21 Berlin
1302 1469 22 18 et
1333 1465 100 21 Munich.
1441 1465 73 24 Après
1528 1469 29 14 un

1085 1498 95 20 brillant
1188 1502 101 16 examen,
1296 1495 17 19 il
1322 1494 75 21 revint
1410 1493 13 20 à
1432 1492 128 21 Dannema-

1085 1526 35 20 rie
1129 1526 29 19 où
1168 1525 17 19 il
1193 1523 98 22 s’établit
1300 1527 89 16 comme
1397 1521 113 20 médecin.

1110 1552 132 22 Président:
1252 1552 90 20 Durant
1355 1555 43 15 vos
1412 1549 82 20 études
1510 1547 50 21 uni-

1087 1581 133 21 versitaires
1237 1585 30 15 ne
1283 1578 149 21 faisiez-vous
1439 1582 47 19 .pas
1502 1575 58 26 parti

1086 1610 54 19 d’un
1146 1614 87 20 groupe
1248 1606 137 21 d’étudiants
1402 1604 159 21 nationalistes

1086 1636 144 21 allemands?

1111 1665 44 20 Dr.
1162 1664 92 22 Ricklin
1261 1670 8 13 :
1277 1662 55 23 Oui,
1339 1661 77 26 j’étais
1424 1660 55 21 bien
1491 1659 71 21 affilié

1087 1694 14 19 à
1109 1692 21 20 la
1140 1692 49 20 dite
1197 1691 149 23 association,
1359 1689 59 21 mais
1427 1689 26 25 je
1461 1691 101 22 proteste

1580 124 56 13 avec
1644 117 21 20 la
1673 117 105 19 dernière
1786 113 94 25 énergie
1888 113 36 24 d’y
1931 110 71 32 avoir^
2008 109 41 19 fait

1579 145 29 19 de
1616 144 21 20 la
1646 144 119 25 politique.
1780 140 93 22 Celle-ci
1891 140 56 20 était
1960 137 89 21 stricte-

1579 175 64 17 ment
1650 171 115 20 interdite.

1604 202 33 19 En
1648 200 158 26 plus,l’accusé
1815 198 101 25 rappelle
1922 203 45 19 que
1976 193 71 28 parmi

1578 230 34 18 les
1620 229 115 20 étudiants
1742 226 124 22 allemands
1872 232 30 13 on
1910 226 23 19 le
1940 222 108 22 nommait

1577 256 106 24 toujours
1693 256 39 20 «le
1741 254 133 23 Français».

1602 286 123 20 Président
1731 293 8 12 :
1747 284 87 21 N’étiez
1843 290 57 13 vous
1919 289 41 19 pas
1968 283 12 18 à
1990 281 59 20 Dan-

1577 314 101 19 nemarie
1686 314 22 19 le
1716 312 116 26 président
1840 311 29 19 du
1876 308 172 27 Kriegerverein

1577 345 23 15 et
1617 347 29 13 ne
1654 340 154 25 portiez-vous
1822 344 40 19 pas
1875 341 98 17 souvent
1985 337 61 20 l’uin-

1576 367 74 21 forme
1658 366 131 22 allemand?

1601 398 91 20 Accusé
1694 405 8 13 :
1711 398 33 23 Si,
1748 397 25 25 je
1780 403 29 13 ne
1814 396 22 20 le
1842 396 69 20 cache
1917 402 40 19 pas
1970 393 78 22 J’étais

1577 431 27 14 en
1613 425 52 20 effet
1670 425 119 25 président
1797 424 29 20 de
1834 422 213 22 laditeassociation

1577 455 23 17 et
1608 453 60 20 voilà
1684 452 122 25 pourquoi,
1816 458 88 14 comme
1921 451 47 20 très
1981 451 67 23 jeune

1577 480 112 23 médecin,
1698 481 62 19 étant
1768 480 12 20 à
1789 480 21 20 la
1820 478 151 26 campagne,il
1977 477 72 20 fallait

1577 508 93 20 d’abord
1680 514 45 18 que
1731 507 25 26 je
1764 507 97 21 cherche
1868 508 13 19 à
1890 510 93 17 trouver
1991 506 28 19 de
2027 505 20 19 la

1577 535 116 25 clientèle,
1702 539 23 17 et
1734 542 28 14 en
1771 536 52 24 plus
1837 535 24 25 je
1875 534 74 20 tenais
1966 533 52 20 bien
2035 534 13 18 à

1577 563 132 27 fréquenter
1722 564 111 25 quelques
1850 563 87 20 cercles
1948 561 101 20 intellec-

1578 593 68 20 tuels.
1654 592 41 23 Or,
1704 592 86 20 ceux-ci
1800 592 85 19 étaient
1890 594 52 16 tous
1950 589 98 25 groupés

1577 620 58 20 dans
1648 620 20 20 la
1678 620 49 19 dite
1734 618 182 21 association.En
1923 617 59 25 plus,
1989 616 25 24 je
2019 622 29 14 ne

1578 648 88 24 portais
1673 647 131 20 l’uniforme
1813 652 46 19 que
1874 646 22 19 le
1909 649 26 20 27
1949 644 98 25 janvier,

1579 675 137 20 c’est-à-dire
1739 674 21 20 la
1786 673 46 21 fête
1856 673 29 20 de
1905 672 143 25 l’empereur.

1579 703 64 24 Mais,
1653 709 28 14 en
1689 709 36 14 ma
1738 702 87 25 qualité
1839 702 28 19 de
1876 700 125 26 président,
2008 699 42 25 j’a-

1578 731 50 21 vais
1634 731 128 20 carrément
1771 730 75 20 refusé
1861 729 117 20 d’assister
1994 734 55 14 avec

1578 759 21 20 la
1607 759 48 20 dite
1662 759 141 20 association
1812 759 13 19 à
1829 757 22 21 la
1859 756 191 24 messe,estimant

1578 794 46 18 que
1632 793 59 14 nous
1700 787 105 20 n’avions
1813 792 41 19 pas
1862 785 80 21 besoin
1953 785 28 20 de
1989 784 61 25 prier

1578 821 59 19 pour
1643 815 23 20 lé
1671 814 123 21 Kaiser.De
1803 815 81 22 même,
1891 813 39 25 j’ai
1938 812 76 21 refusé
2022 812 28 20 de

1578 843 103 20 célébrer
1689 843 21 20 la
1718 842 47 21 fête
1773 843 29 20 de
1810 842 83 23 Sedan,
1899 844 71 22 ayant
1978 841 22 19 la
2008 840 42 20 fer-

1579 877 37 14 me
1632 871 132 20 conviction
1780 877 45 19 que
1841 876 66 17 nous,
1924 869 125 21 Alsaciens,

1578 905 59 14 nous
1645 905 29 14 ne
1682 905 104 20 pouvons
1795 905 40 18 pas
1845 904 58 14 nous
1921 896 87 26 réjouir
2022 896 28 19 de

1578 927 22 20 la
1609 927 83 20 défaite
1708 927 68 20 d’une
1792 928 78 19 armée
1884 926 57 20 dans
1953 924 97 25 laquelle

1578 955 105 20 s’étaient
1690 956 79 20 battus
1782 961 42 14 nos
1839 955 73 24 pères.

1742 1026 13 25 (
1755 1025 126 25 Cuntinua)

1607 1182 77 23 Est-il
1694 1181 149 23 admissible
1854 1181 76 27 qu’au
1940 1181 54 21 XXe
2003 1179 49 23 siè-

1581 1217 47 26 cle,
1639 1223 36 15 un
1687 1217 196 25 gouvernement
1892 1214 160 26 républicain

1581 1257 32 16 ne
1624 1250 106 26 ménage
1740 1255 56 22 pas,
1808 1250 89 21 autant
1908 1254 49 20 que
1967 1247 86 23 l’avait

1581 1283 105 27 ménagé
1691 1284 25 21 la
1722 1283 154 26 monarchie,
1883 1282 38 22 les
1927 1282 126 25 légitimes

1583 1317 196 27 susceptibilités
1786 1317 33 21 de
1824 1316 72 22 l’âme
1901 1315 151 27 alsacienne,

1583 1358 56 21 que,
1646 1357 65 20 pour
1720 1349 139 23 combattre
1870 1349 45 22 des
1927 1348 126 27 opinions,

1582 1385 21 22 il
1612 1390 104 17 recoure
1728 1383 15 23 à
1754 1389 43 16 ces
1808 1382 130 23 méthodes
1953 1382 31 22 de
1995 1382 60 22 bru-

1582 1419 52 22 tale
1644 1417 145 28 répression
1809 1416 62 23 dont
1890 1416 111 22 l’Alsace
2014 1415 40 22 n’a

1583 1453 48 22 fait
1651 1451 89 28 qu’une
1759 1453 58 23 trop
1837 1451 93 25 longue
1953 1451 25 20 et
1996 1451 58 24 trop

1584 1487 75 21 triste
1669 1485 149 27 expérience
1829 1484 93 22 durant
1929 1484 24 22 le
1960 1483 95 26 régime

1584 1519 119 27 prussien
1711 1519 42 22 ?...
1777 1518 59 22 Cela
1855 1520 39 20 est
1916 1517 87 28 inique
2021 1519 34 25 et,

1586 1559 95 16 comme
1703 1554 56 20 tout
1781 1558 29 16 ce
1832 1552 45 26 qui
1901 1553 39 20 est
1962 1551 93 27 inique,

1586 1586 218 23 souverainement
1814 1585 165 27 impolitique.

1737 1630 81 19 Victor
1827 1630 81 22 Basch,

1687 1659 110 18 Professeur
1808 1659 12 17 à
1826 1659 20 18 la
1854 1658 102 22 Sorbonne,

1587 1688 99 19 Président
1693 1688 23 18 de
1723 1686 20 19 la
1750 1687 59 23 Ligue
1817 1687 34 18 des
1859 1687 63 18 Droits
1930 1687 24 18 de
1962 1686 96 18 l’Homme.

2071 111 183 48 MTIZ1E
2281 112 52 46 DI
2363 116 157 71 CORSICA

2483 306 39 30 Lofa,

2094 286 80 18 Bastia
2178 295 23 4 —
2209 286 59 18 Morle
2276 286 19 18 di
2304 292 13 12 u
2325 287 46 24 Sgiò
2379 291 96 26 Dumenim,
2483 306 8 11 T

2073 311 21 17 70
2102 312 52 17 anni.
2466 309 10 11 u
2483 309 34 22 Gofg

2093 348 23 3 —
2121 339 62 18 Morte
2190 339 20 18 di
2217 344 14 12 u
2237 338 44 23 Sgiò
2289 340 60 18 Paulu
2359 342 83 25 Giafferri
2456 353 20 18 ^

2073 392 48 20 relli,
2131 391 21 19 8/
2163 397 51 13 anni.
2495 391 27 19 %

2093 429 23 4 —
2123 420 61 17 Morte
2191 420 20 17 di
2218 419 129 20 Madamicella
2360 423 105 23 AnlunieMo
2478 436 13 10 n

2073 445 54 21 grini,
2137 445 23 17 22
2168 445 51 18 anni.
2478 436 46 26 ^eUe-

2093 482 24 3 —
2123 472 60 19 Morte
2191 473 20 17 di
2218 473 129 20 Madamicella
2354 476 59 25 Jenny
2421 481 65 25 Biasinj

2094 512 125 23 Belgodere
2224 522 23 4 —
2254 513 121 20 Malrimoniu
2384 518 19 18 di
2415 520 72 23 Madanv

2073 537 55 18 Maria
2142 538 102 18 Dumenica
2257 538 91 19 Tabacchi
2357 545 23 14 eu
2392 547 13 14 u
2418 545 42 18 SfriN
2472 534 54 29 Tlcella

2073 562 87 19 Colonna.
2431 555 11 14 b
2471 555 55 27 Lu,ggî
2547 577 3 9 ;

2095 600 128 19 Calenzana
2230 611 23 4 —
2266 603 59 18 Morte
2338 604 21 18 di
2372 608 81 22 madama
2465 619 24 12 v*
2492 620 5 11 1

2073 626 57 18 Maria
2137 627 86 23 Virginia
2231 627 115 24 Buttafoghi,
2356 630 22 18 72
2386 636 43 16 anni
2478 623 49 20 eüUVa

2094 663 19 4 —
2125 654 60 19 Morte
2193 655 20 18 di
2220 660 14 13 n
2243 655 44 23 Sgiô
2294 656 59 19 Petru
2364 658 58 22 Paulu
2434 663 87 27 Santarelii

2076 679 19 18 /2
2102 684 53 13 anni.
2488 679 39 20 iei|i;

2094 707 145 19 —Malrimoniu
2245 709 21 17 di
2273 709 127 21 Madamicella
2405 715 70 21 Agnuli

2074 733 90 18 Antonini
2172 737 23 14 eu
2204 738 12 12 u
2225 733 45 23 Sgiô
2277 735 69 18 Anton’
2355 736 56 21 Petru
2419 740 82 27 LaurenlJ

2095 772 67 19 Calvi
2168 782 23 4 —
2198 773 120 19 Matrimoniu
2327 775 20 17 di
2355 776 123 26 Madamicella
2484 788 20 16 A)

2075 798 88 17 sandrina
2171 797 75 19 Grisoni
2254 803 24 13 eu
2286 804 12 13 u
2308 799 44 24 Sgiô
2357 801 81 23 Vitloriu
2443 808 63 24 Sereno
2521 802 6 5 '

2096 836 102 23 Campile
2205 847 23 4 —
2235 838 60 19 Morte
2303 840 20 17 di
2330 840 126 25 Madamicella
2509 855 5 5 •

2075 866 20 14 sa
2102 862 117 23 Giampietri,
2226 863 24 18 60
2257 864 52 19 anni.
2492 858 38 17 azi0*

2097 901 112 24 Cargiaca
2222 912 22 4 —
2260 903 60 19 Morte
2333 905 21 18 di
2367 911 13 13 u
2394 907 43 24 Sgiô
2450 911 50 23 Carlu
2510 921 9 13 n

2075 927 117 19 Roccaserra.
2510 926 18 14 ae

2097 966 102 19 Cassanu
2204 977 23 4 -
2230 968 60 19 Morte
2297 970 20 17 di
2324 975 14 13 u
2347 970 44 24 Sgiô
2399 972 98 26 Ghiasepnn

2076 993 67 21 satelii,
2153 993 117 19 mulilatu.di
2279 999 76 18 guerra.

2097 1031 103 19 Castîfau
2212 1042 22 4 -
2248 1033 120 20 Matrimoniu
2386 1037 18 17 di
2420 1038 109 25 Madami(*iia

2075 1057 48 18 Rosa
2131 1057 84 19 Catalina
2222 1057 92 20 Grimaldi
2321 1060 78 20 d’Esdra
2405 1067 22 14 eu
2435 1069 13 13 u
2505 1071 11 13 x>

2076 1083 30 17 tru
2113 1082 59 19 Maria
2180 1083 80 19 Corsini.
2471 1079 10 11 0
2505 1076 26 15 *e'

2098 1121 94 19 Corte—
2197 1123 120 19 Matrimoniu
2325 1125 21 18 di
2353 1126 123 23 Madamicella
2483 1133 48 21 Laura

2076 1148 92 22 Mignucci
2176 1153 25 13 eu
2208 1154 14 13 u
2231 1148 44 24 Sgiô
2284 1149 111 21 Sebastianu
2403 1153 74 21 Taddei.

2097 1187 58 19 Ersa
2162 1197 23 4 —
2193 1188 122 19 Matrimoniu
2322 1190 20 18 di
2350 1191 124 22 Madamicella
2485 1197 46 22 Maria

2078 1212 84 20 Serafina
2170 1214 70 19 Antoni
2249 1219 24 13 eu
2279 1220 13 13 u
2301 1215 45 22 Sgiô
2354 1216 69 20 Andria
2430 1220 77 21 Annelli.

2098 1253 70 19 Evisa
2179 1264 24 3 —
2215 1255 60 18 Morte
2288 1256 20 17 di
2324 1255 126 22 Madamicella
2465 1261 66 21 Barbara

2078 1278 91 23 Ceccaldi,
2178 1279 23 19 18
2209 1281 52 18 anni.

2099 1318 104 19 Fozzano
2211 1329 23 4 —
2242 1320 60 18 Morte
2310 1320 20 18 di
2337 1321 84 19 Madama
2428 1323 70 23 Agnula
2504 1328 28 20 Ma-

2078 1345 27 18 ria
2113 1345 59 21 Paoli,
2178 1346 44 17 nata
2231 1345 121 23 Ogliaslroni,
2361 1346 22 18 60
2391 1349 50 18 anni.

2099 1384 108 19 Moltifau
2217 1394 24 4 —
2254 1385 121 19 Matrimoniu
2388 1387 20 18 di
2423 1388 109 24 Madamicella

2079 1410 55 18 Lucia
2143 1410 76 18 Grisoni
2227 1415 23 14 eu
2259 1415 14 14 u
2281 1410 44 23 Sgiô
2332 1412 84 19 Amadeu
2425 1413 76 21 Grisoni.

2100 1449 127 24 Pruprianu
2234 1460 22 3 —
2264 1450 122 20 Matrimoniu
2395 1453 18 17 di
2423 1453 109 24 Madamicella

2079 1476 53 18 Anna
2139 1476 61 18 Pietri
2208 1480 24 14 eu
2240 1481 13 12 u
2261 1476 45 23 Sgiô
2315 1476 68 19 Cesare
2392 1477 92 24 Chipponi.

2100 1515 95 19 Veuacu
2203 1525 22 4 —
2239 1516 59 18 Morte
2313 1516 19 18 di
2346 1516 82 20 Madama
2440 1519 92 22 Antunietta

2080 1541 102 18 Francesca
2189 1541 87 18 Mariani.

2082 1642 98 23 Aiacciu
2188 1654 28 5 —
2228 1641 135 29 Stamparia
2375 1642 23 22 di
2411 1644 23 21 A
2445 1644 84 26 Muvra,

2084 1687 14 15 u
2109 1678 231 24 Direllore-Gerente
2350 1686 7 15 :
2367 1679 70 23 Petru
2445 1681 85 26 ROCCA

1237 1828 159 39 MODE

1201 1939 245 73 Santa

1159 2078 33 18 22
1207 2070 91 26 Corsu
1310 2069 168 34 Napulione

1249 2120 141 31 Ajacciu

1165 2271 82 24 Grande
1264 2271 85 24 Fabrica
1364 2271 20 23 di
1396 2270 72 25 Mobiü

1113 2343 108 25 MARTI
1224 2346 48 23 NU
1303 2343 216 25 BERNARDINI

1156 2381 39 19 San
1206 2382 56 19 Petru
1272 2382 21 19 di
1307 2382 69 19 Venacu
1386 2381 89 24 (Corsica)

1153 2449 81 19 Generi
1242 2450 105 22 semplîci
1354 2454 14 14 e
1375 2450 24 18 di
1406 2449 73 19 Lussu

1254 2512 59 23 Legni
1323 2512 56 18 scelti

1186 2545 53 23 Noce,
1251 2545 100 24 Castagnu,
1362 2545 85 19 Laricciu

1096 2603 113 23 Aperture
1221 2608 12 15 e
1241 2604 54 19 altri
1303 2605 75 18 lavori
1386 2609 40 18 per
1433 2605 103 18 fabriche

1220 2639 75 21 sopr’a
1302 2638 113 19 cumanda

1147 2698 65 15 Prezzi
1220 2699 64 14 ridntti
1293 2703 33 15 per
1335 2703 42 11 case
1386 2700 102 14 cumercali

1206 2727 79 14 Facilità
1293 2727 20 15 di
1323 2728 105 18 pagamenti

1596 1826 323 50 VOUIEZ-VOUS

1964 1820 83 26 avoir
2063 1820 130 35 toujours
2211 1820 50 26 des
2278 1820 133 35 produits
2428 1817 104 31 alimeni

1962 1857 86 32 ^aires
2071 1864 56 24 très
2145 1863 93 34 frais,
2267 1863 35 26 de
2324 1865 65 24 tout
2411 1856 120 42 premier\

1598 1907 95 33 choix,
1708 1910 29 23 et
1752 1907 68 27 bien
1841 1907 131 26 meilleur
1988 1908 116 25 marché
2120 1916 56 27 que
2193 1910 116 33 partout
2326 1908 166 26 ailleurs?./.

1980 1971 94 37 Faites
2098 1983 53 26 vos
2176 1972 102 37 achats
2303 1972 18 37 à
2347 1972 28 37 la

1675 2039 151 49 grande
1855 2039 169 61 Epicerie
2053 2039 151 49 COSTA
2231 2039 63 49 ET
2321 2039 143 49 NEGRI

1860 2113 191 27 Boulevard
2067 2115 59 24 Roi
2141 2114 135 26 Jérome

1634 2217 93 25 Vous
1744 2218 177 25 réaliserez
1938 2218 74 26 ainsi
2030 2218 108 35 chaque
2155 2219 73 26 mois
2247 2227 66 18 une
2330 2220 167 25 économie

1810 2266 55 25 très
1885 2265 125 27 sensible
2028 2272 71 28 pour
2118 2269 80 24 votre
2217 2267 110 35 budget

1866 2359 190 26 Livraisons
2073 2361 20 24 à
2112 2361 156 26 domicile

1171 2855 39 21 An
1213 2854 54 22 date
1278 2861 14 15 a
1303 2858 69 19 veste
1373 2856 26 21 vi
1414 2856 64 21 duve

1229 2900 41 24 Dî
1288 2900 126 25 FARIO

1197 2949 26 16 12
1237 2944 72 21 Corsu
1319 2945 132 26 Napulione

1147 2984 31 19 Pè
1186 2989 17 14 u
1214 2985 13 10 “
1234 2984 51 19 chic
1291 2985 20 23 ”,
1323 2990 13 15 e
1348 2985 150 24 Stofe/scelte,

1187 3018 9 18 i
1207 3019 75 21 prezzi
1293 3020 166 23 raggiunevuli.

1130 3165 6 5 -
1151 3152 84 24 Fabrica
1253 3153 106 25 d’Rrticuii
1379 3155 122 24 Orezzinchi

1157 3215 34 29 o
1218 3215 27 29 F
1276 3216 213 31 PIAZZOLl

1120 3259 48 18 Valle
1176 3260 92 23 d’Orezza,
1274 3267 36 18 per
1316 3263 107 18 Piedicroce
1430 3261 89 24 (Corsica)

1162 3318 46 23 Pipe
1216 3319 19 17 di
1241 3319 62 23 lussu,
1313 3320 69 22 Califfi,
1388 3320 90 19 Bucehini

1200 3346 58 24 Scopa
1266 3348 19 17 di
1293 3348 60 23 prima
1361 3348 72 23 qualità

1140 3393 96 25 Calamari,
1246 3398 59 17 Porta
1311 3402 68 18 penna,
1387 3397 65 22 Taglia
1459 3399 50 16 caria

1189 3451 110 24 Articuli
1310 3453 28 21 di
1349 3453 95 21 Tavula

1094 3497 101 24 iCucchiare
1205 3506 10 13 e
1222 3502 78 18 Furcme
1309 3501 122 23 —Ovagkioli
1435 3511 25 4 —
1463 3502 74 18 Zucche-

1094 3526 3 28 j
1109 3525 78 19 riere—
1197 3527 85 25 Chiarchj
1289 3534 13 13 a
1310 3528 94 24 luvaglioli
1411 3538 22 4 —
1438 3528 89 20 Salinere.

1094 3579 3 36 |
1139 3579 140 21 Assurtimenta
1290 3582 21 17 di
1318 3582 72 17 scatale
1397 3582 104 18 scultarate

1097 3616 34 17 per
1141 3612 81 24 tabaccu,
1231 3616 77 21 polvera
1318 3615 21 17 di
1351 3615 63 21 rîsu,.-
1429 3619 54 14 ecc...
1492 3619 44 14 ecc..

1122 3674 59 16 Ca-cori
1188 3681 46 14 supra
1241 3678 78 14 etimandc
1330 3678 19 13 in
1355 3681 51 14 scopa,
1414 3678 51 16 iussu,
1472 3679 43 14 olitm

1769 2455 33 49 h
1824 2456 223 49 LIBEÂEIÂ
2068 2458 47 48 M
2137 2457 34 50 h
2192 2459 167 50 MUVKÂ

1661 2535 112 36 compta
1784 2538 11 24 ,*

1580 2589 143 29 VECCHJ
1739 2592 256 29 MANUSCRITTI
2011 2609 34 4 —
2062 2596 232 28 INCUNABULI
2315 2612 35 5 —
2363 2595 162 30 EDIZIONE

1674 2631 281 28 INTERESSANTE
1967 2648 35 6 —
2018 2635 166 27 VECCHJE
2198 2636 149 28 STAMPE
2361 2646 76 17 ecc...

1692 2689 61 30 Un
1772 2695 179 27 mane&te
1971 2692 38 30 di
2025 2695 165 30 scrivecî
2208 2698 125 35 prima
2354 2698 38 29 di

1909 2743 125 30 vende
2053 2745 47 30 ad
2124 2745 95 32 altri.

1682 2891 148 27 Antichità
1849 2892 86 28 Corse

1592 2956 213 50 Francescu
1847 2959 181 50 PIETËl

1603 3021 23 26 8,
1639 3022 83 22 Corsu
1736 3022 130 24 Grandvol
1880 3037 29 4 —
1925 3026 104 23 Aiacciu

1592 3085 73 32 Cispre,
1689 3086 49 32 Stili,
1749 3088 77 32 Pistole,
1838 3089 108 35 FiancMne,
1956 3092 74 32 Stampe

1629 3124 58 26 Piatti
1698 3130 9 20 e
1719 3126 58 26 Tazze
1788 3133 25 20 eu
1822 3127 9 26 i
1842 3130 87 31 proverbj
1941 3132 52 25 corsi

1678 3163 71 27 Zucclie
1761 3171 23 20 eu
1793 3167 71 30 sugetti
1874 3168 60 27 locali

2159 2915 127 54 Casa
2322 2913 155 56 RICCI

2110 3009 44 34 38,
2186 3010 91 28 Corsu
2292 3003 204 43 Napulione,38

2186 3079 34 6 —
2243 3067 140 25 Aiacciu
2401 3076 33 6 —

2130 3128 164 27 RICORDI
2317 3119 169 35 AIACCINI

2112 3172 103 28 ARTICULI
2232 3172 112 27 RELIGIOSI
2368 3184 34 6 —
2424 3161 76 33 CUROJîE

2193 3309 86 23 L’Arte
2292 3308 128 28 Religiosu

2128 3350 147 25 Damasu
2289 3340 187 34 Maestracci

2102 3391 85 21 A.rtista
2196 3390 191 24 scuItore,alIievu
2395 3386 21 20 di
2424 3391 13 13 a
2443 3378 55 25 scola

2119 3420 29 19 d’i
2181 3420 76 20 Beaux
2265 3419 70 21 Arts”
2343 3417 23 21 di
2374 3411 110 25 Marsegha

2150 3450 160 23 Occhiatana
2333 3449 12 25 (
2350 3441 108 28 Corsica)

2084 3497 66 19 Statue
2155 3499 88 23 religiose
2248 3498 65 22 d’ogni
2317 3499 68 21 généré
2390 3497 11 14 e
2405 3484 93 26 dimenJ°°

2092 3523 35 18 Via
2135 3525 59 21 cruci,
2203 3524 82 21 cunsole,
2294 3519 100 22 batiisteri,
2403 3518 52 17 moBU
2488 3535 12 13 ^

2099 3548 106 23 fumerarii,
2215 3550 22 18 in
2245 3548 93 25 ghiesgiu,
2348 3547 69 17 stuccu,
2429 3541 33 17 C1JD

2110 3576 81 21 armata,
2201 3575 58 18 simili
2265 3575 60 21 petra,
2333 3571 74 19 eartone
2412 3568 40 16 rum
2485 3570 17 29 ^

2089 3599 91 19 st’ultima
2185 3600 79 19 materia
2273 3599 11 18 è
2289 3594 124 22 ricumandata
2417 3595 22 19 pe
2448 3592 11 13 c

2099 3642 116 20 Monnmenti
2222 3648 12 13 a
2239 3643 8 18 i
2250 3642 58 19 morti
2313 3641 19 17 di
2337 3641 71 22 gnerra,
2414 3634 20 18 i“
2438 3626 55 23 bros#
2492 3626 6 13 1

2160 3673 11 13 0
2179 3673 100 16 marmarn,
2287 3666 61 23 sopr’a
2358 3660 89 22 cumanda.

2095 3709 66 16 Prezzi
2169 3711 90 15 muderati
2270 3707 78 17 Dmnandà
2354 3711 11 10 n
2370 3702 56 18 catalog
2425 3702 10 12 0
2439 3707 9 7 =

2448 3689 54 21 esersl*-

2482 246 41 24 Mep.

2094 222 97 22 Ajacciu
2198 230 21 4 -
2228 222 59 18 Morle
2295 222 20 18 di
2329 228 14 12 u
2352 224 44 24 Sgiô
2403 229 69 24 Anton*

2073 252 29 17 po.
2111 247 21 17 SI
2142 251 59 13 annu.
2462 246 10 9 c
2482 246 41 24 Mep.

2483 363 33 19 aütli

2094 377 22 3 —
2124 368 60 29 ®5rte
2198 367 19 30 ?
2231 372 13 13 u
2252 367 44 23 SSiò
2310 368 69 21 Anl<»’
2388 363 134 42 GMasétJîf'
