2530 3877
247 335 25 37 Â
297 336 143 40 Ceccecca

56 432 18 15 Tn
81 419 92 25 dumenica
180 417 24 17 da
213 419 61 14 mane.

56 455 13 17 lî
75 448 91 22 dicianove
170 440 104 23 ferraghiu,

40 462 59 34 t:Liu
105 466 120 25 unn’èquellu
231 465 29 18 chi
267 469 64 13 manca

56 502 29 20 Ch\
92 497 50 21 nulla
149 494 23 17 da
181 492 20 17 fà
214 490 103 22 unn’aghiu
324 494 5 17 ;

55 531 31 16 Per
92 518 74 24 scriveti
175 516 34 19 dui
216 515 61 23 righe,

55 539 53 35 Jdettu
116 547 17 17 la
141 547 54 15 musa
203 541 20 18 in
232 540 86 22 viaghiu.

56 596 29 21 chi
93 597 38 13 sera
139 590 19 17 lu
170 589 19 16 lo
201 585 78 19 silenziu
287 585 8 17 ?

55 621 39 21 ScI-à
103 614 92 22 turmentu
203 616 11 13 o
223 611 69 23 caffaru
296 611 11 17 ?

54 649 42 17 Co„a
103 647 24 13 un
133 638 48 20 trovi
187 637 32 22 più
225 636 102 18 francliizie

53 675 31 18 Per
90 665 84 24 risponde
181 668 11 12 a
199 663 19 17 lu
228 663 18 16 to
255 666 44 13 caru
306 661 10 18 ?

53 692 87 26 Influante
147 693 36 15 me,
190 687 15 18 ti
214 686 90 23 vergogni

52 725 42 18 D’un
101 721 41 15 omu
149 714 20 18 di
177 714 20 17 lu
206 712 38 18 miô
250 717 53 17 paru.

44 763 74 20 r-ullima
123 757 47 19 cb’io
175 754 70 23 t’aghiu
251 754 72 21 scrittu,

51 792 49 18 porse
107 789 25 14 un
139 780 44 20 l’hai
193 780 90 18 ricevuta.

51 812 71 23 S’ell’un
127 808 43 18 fera
178 806 55 23 junia
239 805 19 17 in
268 809 55 13 manu

51 828 22 33 lii
80 834 72 22 sarcbbe
163 832 16 18 ri
181 836 48 14 venu
233 832 23 17 la.

51 866 22 20 jji
81 858 87 28 spiegarei
175 858 19 17 la
202 856 77 22 ragione

51 890 29 20 Clii
88 888 14 18 li
109 885 55 19 rende
172 883 41 18 cusi
221 883 59 16 muta.

50 935 23 18 pu
79 931 50 22 jornu
138 925 48 19 ch’io
194 924 21 18 sô
224 923 49 23 parti
275 924 20 17 tu

53 957 68 20 .Vviamu
129 952 48 18 fallu
185 950 15 18 li
208 950 30 22 pat
242 949 13 18 ti
258 954 6 16 ;

50 985 21 18 De
79 983 16 16 lo
102 980 101 22 prumesse,
212 979 11 13 o
232 974 62 21 Geccè,

50 1008 47 20 Soltu
104 1004 14 18 li
126 1002 41 23 pedi
175 1001 19 17 le
204 1000 60 22 piatti.

49 1036 18 18 In
72 1029 73 24 risposta
150 1032 11 13 a
168 1031 11 13 u
185 1025 38 18 miô
229 1026 36 17 bon
271 1029 48 14 core.

49 1057 12 22 È
68 1057 36 19 cusi
112 1053 29 19 cbi
150 1054 20 16 tu
179 1051 27 18 mi
214 1050 53 18 trait!
273 1049 8 19 ?

48 1103 25 18 LTn
79 1099 24 19 mi
111 1097 20 18 sò
138 1095 59 18 micca
205 1093 63 23 spiegà

50 1128 18 19 Di
76 1127 16 16 lo
100 1121 54 25 passi,
163 1125 12 12 a
183 1119 103 18 l’andatura
291 1124 5 16 ;

48 1154 12 18 E
67 1148 70 26 quandu
145 1146 14 18 ti
168 1145 21 18 sù
200 1145 86 22 présente

47 1178 22 20 jii
76 1174 33 20 faci
118 1172 47 19 bella
173 1170 69 22 figura,

46 1204 26 18 jla
78 1201 77 18 l’amore,
163 1196 21 18 in
191 1197 45 16 córe.
239 1199 12 13 a
258 1196 26 21 le,

46 1228 29 20 più
80 1227 52 17 d’una
137 1221 88 19 mezz’ora
233 1225 25 13 un
263 1221 54 17 dura.

46 1271 18 19 Di
70 1266 53 21 ridesi
130 1265 19 18 di
155 1265 18 17 la
181 1264 58 23 jente,

45 1295 55 20 Micc’a
108 1291 43 19 tutti
159 1290 14 18 li
183 1290 29 18 stà
220 1289 29 18 bè.

45 1321 55 19 Allora
106 1316 52 24 jugni
166 1321 11 13 a
185 1316 19 17 le
212 1314 43 21 loie,

45 1344 36 22 Élu
89 1346 18 16 lo
115 1342 46 22 majò
169 1340 74 24 piacè...

31 1372 26 20 Cbi
60 1373 18 17 tu
82 1375 23 13 nu
109 1374 13 13 n
128 1366 70 24 suspiri
202 1371 27 13 un
235 1365 81 24 gbiornu

45 1393 128 23 Culumbuccla,
183 1392 33 22 più
225 1390 81 19 came!..

44 1441 20 18 Pè
71 1437 65 20 intarrà
143 1437 21 17 lu
173 1435 38 18 miô
219 1435 72 21 dulore,

44 1463 67 21 Tracciu
119 1463 16 17 la
144 1461 49 19 fossa
202 1462 90 20 stamane;

44 1487 11 23 È
60 1494 31 18 per
98 1486 102 20 meltem’in
205 1486 55 18 l’idea

44 1517 39 18 D’un
91 1512 117 25 pudemmine
216 1512 97 18 scurdane.

43 1538 107 25 Piengbierei
158 1543 11 12 a
176 1538 22 18 lu
207 1538 18 18 to
236 1539 56 16 turnu

44 1566 88 22 Quaud’un
139 1564 50 18 altru
198 1563 93 18 riderane.

42 1612 23 19 Un
72 1611 13 18 ti
93 1615 23 13 ne
126 1609 79 19 ramenli
215 1609 43 22 più?

42 1638 17 18 Ti
65 1641 23 14 ne
95 1636 16 18 si
119 1635 63 23 diggià
189 1635 88 18 scurdata

42 1664 17 18 Di
65 1663 75 18 l’annata
147 1661 49 18 vinli
205 1661 34 21 tre,

43 1689 32 19 Una
81 1692 39 14 sera
127 1692 11 14 a
145 1685 124 19 Pannuttata?

42 1714 26 18 Eiu
76 1711 96 20 maladiscu
181 1712 88 22 quell’ora

42 1739 20 19 Cu
69 1739 71 18 l’anima
147 1737 93 19 stilitlata.

41 1778 50 24 Ogbie
97 1782 53 14 eercu
158 1778 20 17 lu
187 1778 80 18 silenziu

40 1805 45 17 Duve
92 1804 51 17 nulla
150 1808 41 13 nun
199 1808 23 13 ru
224 1807 54 14 mena
284 1808 5 17 ;

40 1830 16 17 In
63 1830 17 17 la
86 1829 37 18 miô
131 1833 73 14 caméra
211 1829 48 21 solu,

40 1855 49 18 Careu
96 1854 19 18 di
123 1855 97 17 turmentu
227 1859 11 13 e
246 1859 53 18 pena,

41 1880 12 18 U
59 1882 17 15 to
84 1881 40 17 solu
132 1880 90 18 suvenire

32 1905 130 18 M’addurmenta
167 1910 11 14 e
187 1906 122 18 m’avvelëna.

38 1945 19 18 Mi
63 1949 46 19 vegu
118 1945 27 18 fra
153 1946 77 22 quattru
238 1946 50 18 mûri

39 1970 20 18 Cu
65 1971 18 17 la
90 1972 51 21 porta
150 1975 11 14 e
169 1971 20 17 lu
195 1972 91 22 purleilu.

38 1995 35 18 (lus!
81 1996 47 23 dogu
133 2001 27 13 un
166 1997 53 22 eolpu
226 1997 84 18 d’occhiu

39 2021 12 17 A
57 2026 11 12 u
76 2026 50 14 mare
133 2022 79 22 limpidu
221 2027 11 13 e
240 2022 57 19 bellu.

38 2046 54 23 Eppoi,
100 2047 74 23 yittima
182 2048 27 18 mi
217 2050 56 16 senfu

37 2072 38 17 D’un
81 2077 50 13 amor
140 2074 66 22 Lroppu
215 2074 71 18 zitellu.

382 416 44 19 Cus)
435 423 44 16 nun,
484 422 65 22 vogliu
560 424 33 22 più
601 427 55 18 crede

380 441 22 18 In
412 444 18 16 to
438 448 10 13 a
450 449 53 15 more
511 452 121 19 passaggeru.

380 466 76 22 Quande
468 471 20 17 tu
500 472 68 18 m’avia
576 474 55 19 deltu

378 491 101 22 Cli’ell’era
484 501 48 17 puru
541 503 11 13 e
559 498 83 24 sinceru,

401 523 10 13 s
412 519 19 17 la
432 520 18 16 la
458 525 35 17 per
502 526 61 15 cresce
570 524 21 18 in
599 530 31 14 me

377 542 22 18 Li
407 544 38 18 miô
452 544 51 23 jorni
516 547 124 25 d'addisperu.

375 585 80 22 Aspettu
462 588 19 17 di
487 588 55 22 jornu
551 591 19 18 in
579 593 81 22 gbiornu

375 610 36 18 Per
418 613 74 18 vedemi
501 614 113 26 rickiamahi,

375 635 50 23 Eppô
433 639 117 21 andaramine
557 643 80 20 luntanu

374 661 27 18 Da
409 667 13 12 u
430 663 44 19 locu
482 665 50 19 duve
540 667 21 18 sô
571 670 53 21 natu,

373 686 97 23 Sperendu
479 690 30 18 cbi
518 696 10 12 a
534 692 20 17 lu
562 693 73 19 ritornu

372 711 26 18 Mi
406 718 24 13 ne
439 716 89 21 seraghiu
536 719 95 19 scurdatu.

372 751 15 17 E
396 753 27 17 tu.
433 758 43 15 core
486 756 94 24 tradilore,

374 777 82 23 Cagione
465 781 24 17 d’i
499 782 37 18 miô
544 784 89 22 malanni,

371 802 42 18 Cbi.
422 808 22 14 eu
456 806 19 17 le
483 807 62 21 grazie
552 808 82 20 d’amore

372 827 108 21 M’incateni
489 836 11 13 e
509 832 24 18 mi
542 834 100 23 cundanni,

371 852 35 19 Chi
415 855 39 18 t’un
461 856 55 18 soffri
522 862 10 13 a
538 858 19 18 lu
565 860 18 16 lo
590 860 56 19 turnu

370 878 27 18 Pô
405 879 51 19 dassi
464 881 32 18 chi
505 883 20 17 tu
533 883 98 23 t’ingannil
648 878 5 8 '

370 920 42 19 Eiu.
421 923 49 19 male
479 929 27 13 un
516 926 13 17 li
538 931 23 13 ne
569 928 72 22 vogliu,

370 946 119 21 L’infurtuna
497 955 26 13 un
532 952 14 17 li
554 953 70 22 salutu,
636 945 4 5 ’

368 972 30 18 Ma
407 973 27 18 mi
441 975 84 22 dispiace
532 977 24 17 d’i
568 979 51 21 passi

358 997 26 32 ^E
393 998 19 17 di
421 1004 13 12 u
443 1001 39 17 miô
492 1002 61 22 lempu
561 1004 80 21 perdulu

357 1021 27 25 Çb
391 1023 18 18 io
413 1023 54 22 jetlai
473 1028 93 21 appress’a
573 1033 27 13 un
608 1034 43 14 core

367 1048 97 20 Traditore
472 1055 11 14 e
491 1051 141 21 incunusciutu.

367 1091 21 18 Si
398 1093 19 17 tu
426 1094 39 17 A'oli
474 1094 66 20 rifiutà

361 1116 32 20 Ciô
399 1118 48 19 cb’io
452 1120 45 19 dieu
505 1126 36 13 cun
549 1122 89 23 primura,

366 1144 26 18 La
399 1145 48 18 farei
453 1146 74 18 riturnà

365 1170 22 18 lu
395 1170 47 19 Tulô
449 1172 30 17 sta
487 1172 39 18 miô
533 1173 93 22 scrittura,

365 1194 16 19 0.
389 1196 55 18 sirinô
452 1197 19 18 la
479 1198 98 18 straccerai

366 1220 68 19 Subitu
443 1222 49 22 dopu
502 1223 74 19 letlura.

364 1263 26 18 Mi
398 1264 82 18 scusarè’
488 1265 35 18 s’io
531 1266 15 17 ti
554 1266 59 18 facciu

365 1288 32 18 S'a
405 1289 68 19 lettera
482 1290 41 18 cusi
534 1292 57 16 coria.

364 1314 30 18 Ma
401 1315 19 17 lu
429 1316 80 22 pedone,
517 1316 23 18 da
549 1317 23 21 te,

363 1340 52 18 Aucu
425 1345 55 14 menu
490 1341 27 18 mi
525 1347 24 13 ne
556 1343 59 21 porla.

363 1365 14 17 E
385 1366 77 22 ghiusta
470 1367 36 18 ebe
513 1372 38 13 nun
560 1368 27 17 mi
599 1368 47 22 pigli

363 1390 103 19 Manch’eiu
476 1393 82 17 tamanla
568 1394 67 18 storta.

373 1420 152 26 L’Artigliore
534 1423 22 18 di
565 1428 16 13 u
590 1424 35 18 38.

375 1507 29 24 Pè
414 1508 4 23 i
429 1508 97 28 5uccessi
537 1510 19 23 di

419 1545 75 24 Natale
501 1545 106 26 Zuccone.

361 1615 93 19 Carisirnu
462 1615 143 25 Sampetracciu,

360 1641 76 18 Aeeetta
444 1642 32 17 stu
484 1642 94 19 letlerinu.

338 1665 20 18 ïi
367 1666 52 18 vulia
428 1667 67 18 manda
504 1672 26 14 un
542 1668 101 23 dispaeexu,

338 1691 37 22 (Ma
383 1692 57 22 ogbie
448 1694 52 17 cosla
509 1698 25 13 un
545 1694 99 24 cinquinu)

360 1716 36 19 Per
404 1717 43 18 dilli
455 1723 12 13 a
473 1719 137 19 suddisfazione

337 1740 78 20 Ch’ebbi
423 1743 102 23 leghiendu
533 1749 11 13 a
557 1745 85 19 Zuccone..

359 1781 45 19 Inde
411 1783 21 17 lu
443 1783 42 23 sgiô
493 1783 100 24 Casanova,

359 1807 27 17 D’i
396 1806 83 20 Successi
486 1808 21 18 di
515 1809 77 19 Zuccone

358 1832 16 18 U
382 1837 91 14 successu
481 1834 17 18 si
505 1835 71 22 rinova,

357 1858 16 17 A
382 1858 51 22 gioia
440 1859 42 18 face
494 1860 103 22 splusione.

358 1883 110 19 Giuvanotti
476 1889 11 14 e
495 1885 110 23 giuvanolte

357 1908 144 20 Ridianu.cume
509 1913 67 21 sporte.

357 1947 79 20 Saveriu
442 1950 17 18 si
468 1950 53 18 ténia
528 1951 49 18 l’iiiu
584 1956 5 17 ;

356 1973 72 23 Marcu,
436 1975 77 22 Agnula
521 1980 10 14 e
538 1976 91 22 Paulelîa,

356 1998 100 24 Nannetta,
462 2000 61 19 Paulu
531 2006 12 14 e
549 2002 54 18 Milia

356 2024 14 18 E
377 2024 66 19 Maria.
452 2026 19 17 la
480 2026 108 23 piuzilella,

356 2050 81 18 Facianu
446 2053 114 21 scaccanale,

357 2074 78 23 Quant’e
447 2076 89 23 Zuccone,
548 2080 91 21 spaccate.

715 351 30 18 En
754 353 14 17 li
777 356 69 16 mandu
852 358 135 24 cumplimenti,

715 376 29 18 Ma
752 378 13 16 li
773 379 65 22 vogliu
844 381 93 22 ringrazià

715 401 23 17 Di
744 403 47 17 tauti
800 405 51 17 dolci
860 409 92 17 mumenti

714 424 34 19 Chi
758 428 20 16 tu
783 428 17 17 ci
808 429 36 18 faci
855 435 61 18 passa,

714 449 14 18 E
736 452 57 18 oredu
802 454 31 17 cbi
842 454 57 20 Cirnu
905 457 71 19 intieru

713 474 21 18 Di
743 476 90 20 Jannetlu
842 484 41 14 sera
891 481 59 19 fieru.

712 530 96 23 Salulami,
819 539 11 12 a
838 535 20 17 lu
868 537 104 23 trent’ottu,

711 554 67 22 Quellu
785 557 32 18 cbi
825 558 74 20 Corsiea
905 566 66 14 onora:

710 580 15 18 U
730 581 81 19 dislïntu
820 585 92 21 patriottu

708 605 57 19 Petru
774 612 23 14 eu
805 609 19 17 la
832 614 22 14 so
862 610 84 24 signora.

685 629 96 21 Mandauu
785 633 143 23 basgiaman’au
934 643 57 18 mare,

706 655 66 20 Strada
780 659 20 17 di
809 660 18 18 le
835 660 124 24 Sanguinare.

712 689 111 21 Culoniba
831 693 23 18 di
863 694 103 20 Casinca.

690 814 11 4 -
712 803 37 17 ©i*
763 797 199 34 l’Accampiî

680 866 10 14 L
695 866 40 15 nllru
741 868 50 18 jornu,
799 870 97 16 truvc-niiu.nl
903 876 10 11 n
917 873 68 17 l’ascosu,

696 886 22 14 Un
724 887 65 17 giurnali
795 892 30 14 par
832 890 49 18 leghia
888 892 21 14 mi
917 892 18 14 fù
940 892 35 15 resù

696 906 21 14 I)a
722 910 21 10 un
752 907 63 18 tipacria
822 911 64 17 superba
894 915 9 11 e
909 912 60 15 udiosu.

695 926 42 14 Tutti
744 926 12 14 ii
762 930 18 11 so
788 929 54 16 paroili
847 930 60 15 m'hanu
911 932 55 14 offesu.

695 944 57 16 C’erun
761 947 96 15 arîicuiacciu
863 950 89 16 scandalosu

678 963 46 15 Cli'ha
726 965 39 15 fattu
767 968 99 17 cumpariscia
868 972 10 11 u
882 969 103 19 Marsegliesu.

695 984 65 15 Pariava
764 985 17 14 la
787 986 62 17 juslizia
855 989 47 17 (juisti
906 989 43 17 jorni
954 994 4 10 :

694 1003 43 15 Hanu
742 1008 45 14 pcesu
799 1006 16 14 la
820 1006 66 16 Muvra.
891 1012 29 14 par
926 1009 6 14 i
937 1011 47 13 corui.

693 1052 17 14 Ti
715 1052 42 18 jura,
764 1053 20 15 Aï
785 1057 51 14 livra,
848 1059 43 12 sacra
901 1057 81 18 inviulata,

693 1072 46 14 Cliim
742 1076 21 10 na
767 1073 39 15 fattu
810 1076 99 14 unustomacu
913 1077 69 18 tamanti,

692 1091 17 14 Di
717 1093 43 13 sente
766 1096 10 10 a
784 1094 16 14 to
807 1094 34 14 voci
849 1096 76 16 pubiicata

693 1112 13 13 A
715 1115 24 11 me
747 1112 24 14 clii
777 1113 17 14 sù
799 1113 17 14 lu
825 1114 31 14 toiu
870 1118 28 12 me
906 1116 74 16 çtnnanti.

692 1131 79 15 Vulintieri
777 1137 30 10 una
814 1134 40 14 bella
858 1136 83 14 cazzuttata

691 1151 94 15 Fatfavaria
792 1156 29 11 cun
832 1153 54 19 quissu
893 1155 78 17 ’gnuranli

691 1171 47 17 Dopu,
746 1175 10 10 u
763 1172 66 14 t'avaria
834 1173 82 17 prisintatu
976 1179 4 11 ;

691 1190 54 14 Pareil!
751 1191 39 14 fnssi
795 1195 10 10 a
811 1192 63 15 tomodn
878 1194 102 17 cundannatu.

690 1238 27 14 Stà
720 1238 47 15 'sente
773 1239 5 14 i
784 1243 23 11 me
811 1240 68 18 cunsigü,
884 1241 95 15 Muvrarella:

690 1258 66 14 Davanli
761 1263 10 9 a
777 1259 110 15 tuttimostrati
894 1261 44 16 fiera,

691 1277 27 15 Clii
723 1277 22 15 sè’
749 1278 22 16 tu,
777 1278 17 14 in
800 1279 17 13 la
824 1279 52 15 nostra
881 1279 98 19 Gursichella,

691 1297 26 14 Chi
723 1297 14 15 ci
743 1297 35 15 devi
786 1298 61 18 diregge
854 1299 14 14 a'
873 1300 15 14 to
895 1303 62 11 manera

689 1316 78 19 Malgradu
775 1318 25 14 clii
807 1321 55 12 ancora
871 1320 15 13 si
890 1319 56 15 zilclla.

689 1337 36 15 Soin
730 1337 15 15 in
751 1338 14 14 to
773 1338 85 15 cunfidemu
867 1342 9 11 a
881 1340 72 16 bandera,

688 1357 12 14 E
706 1357 22 16 sei
734 1358 16 13 ta
755 1357 175 18 padionaeternamenli,

689 1378 42 15 (Juan
733 1377 16 14 lu
755 1377 42 15 csisti
807 1378 17 14 in
829 1378 60 15 Corsiea
897 1379 64 15 viventi-

690 1422 12 14 0
710 1421 149 19 AIuvra,tcnibonu
868 1424 35 14 lato
909 1428 53 15 rampa

689 1441 27 15 Clii
722 1442 55 15 l'onore
785 1442 50 16 riveni
840 1443 14 15 si
862 1444 29 14 i)iu
898 1444 38 15 voli.

689 1461 116 17 QuantuCiruea
810 1462 16 15 in
830 1463 39 14 terra
871 1467 43 11 corsa
919 1468 58 14 campa,

688 1481 19 15 Sè
712 1482 21 14 Tu
741 1482 24 14 cbi
773 1482 76 15 chiamarè
855 1483 10 14 'i
874 1486 18 12 so
898 1483 55 18 figlioli

686 1501 74 15 Mittendu
764 1502 57 18 sempri
826 1503 42 14 sottu
881 1504 35 14 lalo
924 1507 54 15 zampa

687 1520 53 15 Grossi
747 1521 60 15 manzie
815 1522 58 18 putenti
884 1523 93 18 toracchioli,

687 1540 12 14 li
706 1540 5 14 i
716 1541 42 14 corni
763 1541 17 14 ùï
786 1542 49 14 caccia
840 1542 29 14 lien
877 1543 57 17 sunati,

687 1560 92 15 Chiamendu
784 1561 6 14 i
797 1561 54 19 figlioli
856 1562 79 18 rinnegali.

671 1608 33 17 Qui!
711 1608 25 15 clii
740 1609 12 14 ti
757 1612 42 12 vonu
803 1610 38 15 vede
846 1610 6 14 i
856 1610 50 18 gambi
912 1612 64 16 troacbi,

686 1628 54 15 Pareil!
744 1629 48 14 d'essa
798 1630 16 14 la
819 1633 64 11 mamma
889 1631 26 14 bai
921 1631 54 15 dicisu,

685 1648 29 16 31a,
721 1652 10 10 a
738 1649 54 17 paroili
799 1650 44 16 lonti,
849 1650 57 18 areccbj
911 1650 64 17 cionchi;

685 1668 59 14 Faremi
749 1668 19 14 d'i
771 1669 57 14 sumeri
833 1670 6 13 i
845 1673 17 11 so
867 1670 58 17 ronchi,

685 1687 78 15 Mauc'uuu
767 1688 15 14 ci
792 1692 21 11 ne
821 1689 38 15 colla
871 1690 17 14 in
896 1690 78 15 Paradisu.

685 1708 17 14 Li
710 1708 40 14 femu
756 1709 37 14 vede
802 1708 26 15 clii
835 1713 10 10 a
853 1713 17 11 so
878 1713 38 15 poca
929 1710 46 14 stima

685 1727 17 15 Ci
710 1727 21 15 La
736 1731 34 11 resu
779 1728 27 18 più
815 1728 38 15 corsi
858 1729 28 15 cbe
896 1729 17 15 in
918 1730 51 17 prima

867 1757 19 15 L.
893 1757 63 16 Cossu.

134 2139 19 20 A
163 2139 134 21 BARETTA
306 2140 107 22 MïSGIA.
427 2154 27 4 —
467 2142 368 25 GHJNNAGHIU-FERRAGHirj

877 2190 70 23 Pagine

38 2212 133 22 Giovacchini
182 2216 24 19 P.
215 2227 23 3 —
246 2218 34 18 Eiu
289 2219 63 18 canlu.
935 2225 10 17 1

38 2241 81 21 Olivieri
130 2244 113 20 Gbiuvanni.
255 2256 23 4 —
285 2248 38 17 Au
332 2248 37 18 miô
376 2248 68 18 Amicu
455 2248 82 22 Simone,
550 2254 10 13 a
568 2250 120 19 Pentbièvi’e.
935 2252 11 19 2

38 2269 153 25 Sampetracciu
200 2274 37 23 (U).
246 2284 23 4 —
277 2275 63 19 Primu
348 2276 81 19 Amore.-
935 2281 11 18 3

37 2297 60 21 Tiolu.
105 2310 22 4 —
134 2301 16 19 U
157 2302 39 19 miô
204 2307 75 15 sumere
288 2304 99 19 Culombu.
934 2310 12 17 y

38 2324 109 26 Ghjlormu.
158 2340 23 4 —
193 2331 17 18 U
217 2332 38 18 mïô
266 2332 85 19 Passalu.
935 2338 10 18 7

37 2353 41 20 Alzi
85 2356 78 20 ìtiozzu
171 2359 39 23 (d’).
219 2370 23 3 —
250 2361 17 17 A
274 2360 44 19 Vita
325 2361 105 19 Pasturale.
934 2365 11 19 9

37 2381 152 25 Tapunzulincu
198 2388 38 22 (L').
248 2398 21 4 —
279 2388 14 19 U
302 2389 115 24 Muünaghiu
431 2390 143 24 Merusaglincu.
923 2395 22 18 12

37 2410 89 22 Tralasciali
139 2416 100 23 (disegnu).

36 2437 147 29 Pampasgiolu.
197 2454 21 4 —
227 2446 15 16 A
252 2444 55 20 Santa
316 2446 19 18 di
344 2446 61 19 Niolu.
922 2450 23 19 13

36 2466 70 22 Ciruiata
116 2471 119 25 (fotografia).
923 2480 21 17 54

35 2494 108 27 Artigliore
152 2500 21 18 di
185 2506 13 13 u
209 2501 27 19 58
245 2502 42 21 (L’j.
297 2512 21 4 —
327 2503 15 18 U
351 2503 97 19 Uicusalu.

35 2522 86 23 Vecchiu
129 2527 98 21 Sindacu
236 2530 36 23 (L').
286 2540 20 4 —
316 2530 114 20 Cunferenza
443 2532 27 18 fra
479 2533 93 18 l’animali.
922 2536 22 19 1S

36 2549 106 25 Canaîiacu
152 2557 37 22 (IJ).
202 2568 22 4 —
233 2558 105 20 Staccanza.
921 2565 23 17 20

35 2578 136 28 Strampaiatu
180 2586 37 23 (U).
230 2596 21 4 —
263 2589 15 16 A
290 2593 37 13 una
338 2588 100 18 Damieella
920 2592 22 18 21

35 2605 119 26 Codaccioni
163 2614 31 22 (G.
203 2615 34 23 P.).
250 2625 22 4 —
281 2616 88 18 Lamenlu
378 2616 20 18 di
407 2616 115 23 Magliaboia,
534 2622 45 14 cane
588 2618 18 18 di
615 2620 15 16 A
640 2618 70 19 Muvra.
920 2620 23 18 22

37 2638 64 19 H-cchiu
113 2641 72 22 Ajacciu
198 2644 103 23 (disegnu).
920 2648 23 18 23

34 2663 82 27 Antologia
124 2670 18 18 di
151 2670 6 18 i
168 2671 52 19 l»ueti
233 2672 19 18 di
261 2674 16 16 A
286 2672 72 19 Muvra.
919 2676 22 19 24

33 2691 115 25 Assuciazioae
155 2699 20 18 di
183 2700 8 17 i
199 2699 54 19 Pueli
264 2701 90 18 dialellali
364 2702 19 17 di
392 2701 82 19 Corsiea.
919 2704 24 21 24

1184 118 66 48 U
1253 117 232 53 Alsace
1510 123 309 52 balllonée

1049 224 45 20 Nos
1103 226 57 20 amis
1169 231 41 16 ont
1218 228 85 24 appris,
1321 235 87 16 comme
1424 239 67 15 nous,

1024 256 55 15 avec
1086 259 30 13 un
1126 259 127 16 serrement
1262 255 28 19 de
1298 261 70 18 coeur,
1373 259 33 20 les
1413 266 81 18 graves

1024 279 149 22 événements
1181 283 39 23 qui
1229 289 27 13 se
1276 287 52 15 sont
1345 285 102 22 déroulés
1463 295 29 13 en

1024 305 82 21 Alsace
1113 307 22 20 le
1144 309 58 20 mois
1212 310 98 20 dernier.
1328 312 73 25 Après
1408 314 20 20 la
1441 321 53 20 sup-

1025 334 102 21 pression
1137 336 41 20 des
1188 337 116 24 journaux
1320 342 172 24 autonomistes,

1024 359 177 25 l’incarcération
1211 365 41 20 des
1256 365 61 20 chefs
1322 370 170 22 autonomistes:

1023 388 8 17 I
1038 388 82 21 A.sace
1128 395 35 15 est
1176 392 28 19 de
1215 398 104 14 nouveau
1330 394 135 24 bâillonnée!

1049 415 82 24 Quelle
1139 422 35 16 est
1186 419 21 19 la
1216 420 110 21 véritable
1342 423 106 21 situation
1461 432 29 13 en

1022 441 81 22 Alsace
1109 444 12 19 ?
1130 445 17 19 Il
1170 450 34 16 est
1220 447 93 20 difficile
1330 449 29 21 de
1375 452 45 19 s’en
1433 452 58 21 faire

1022 475 45 14 une
1075 470 52 21 idée
1135 477 79 17 exacte
1221 475 13 19 à
1243 479 88 17 travers
1339 477 34 21 les
1386 484 105 19 rapports

1021 498 51 23 trop
1080 500 106 20 'souvent
1199 503 71 23 sujets
1290 503 13 19 à
1315 506 91 20 caution
1422 507 29 20 de
1467 508 22 20 la

1020 529 79 18 presse
1107 525 115 24 officielle.

1045 551 18 30 \
1072 553 58 19 a-t-il
1139 555 114 21 collusion
1271 558 40 20 des
1327 562 162 20 autonomistes

1019 581 23 16 et
1049 580 41 19 des
1099 583 165 22 communistes
1272 585 13 20 ?
1292 586 18 19 A
1327 593 26 14 ce
1366 589 66 25 sujet,
1448 590 42 20 fai-

1018 611 55 15 sons
1082 614 133 21 remarquer
1223 613 48 19 ceci
1277 618 6 13 :
1300 620 26 14 ce
1339 616 57 19 n’est
1409 623 40 18 pas
1464 618 24 20 le

1017 635 63 19 souci
1090 636 29 20 du
1129 638 52 20 bien
1190 645 106 15 commun
1305 648 29 14 ou
1348 643 29 19 de
1392 644 96 22 l’intérêt

1017 662 100 22 national
1126 665 99 25 français
1234 668 40 24 qui
1280 669 68 24 guide
1356 670 22 20 le
1387 671 101 22 Gouver-

1016 695 100 20 nement,
1126 693 57 20 mais
1192 694 22 20 le
1222 696 65 19 souci
1297 697 39 20 des
1352 700 134 22 prochaines

1015 717 109 23 élections
1139 721 38 24 qui
1186 722 95 21 doivent
1289 730 90 15 assurer
1387 732 23 14 sa
1418 729 69 19 stabi-

1015 744 46 21 lité.
1072 746 61 21 C’est
1141 754 26 14 ce
1175 750 64 19 souci
1249 751 39 24 qui
1305 752 32 19 lui
1346 758 13 14 a
1372 753 40 21 fait
1419 762 67 17 pren-

1014 772 41 20 dre
1063 774 40 20 des
1112 781 101 15 mesures
1221 781 80 17 contre
1308 780 33 20 les
1350 784 136 19 communis-

1013 803 42 17 tes.
1065 801 57 21 niais
1131 809 29 13 en
1169 804 83 21 Alsace
1264 805 22 20 le
1302 807 183 24 Gouvernement

1013 833 122 17 rencontre
1144 830 59 21 deux
1211 836 78 17 autres
1294 836 123 23 catégories
1424 838 60 20 d'ad-

1013 856 112 21 versaires
1135 865 6 12 :
1148 858 34 20 les
1190 860 143 26 catholiques
1346 863 29 19 de
1383 864 99 22 l’Ü.P.R.

1012 886 22 16 et
1040 883 34 21 les
1083 887 177 20 autonomistes:
1266 888 16 20 il
1289 889 125 22 s'efforcera
1422 893 61 21 alors

1012 913 50 18 tout
1067 912 147 24 simplement
1218 915 29 20 de
1258 917 125 21 confondre
1388 924 95 17 autono-

1011 938 79 22 mistes
1111 944 24 16 et
1152 943 172 25 communistes,
1342 945 44 20 afin
1404 947 27 21 de
1447 949 34 20 les

1011 966 90 26 frapper
1110 968 53 20 d’un
1174 970 73 20 même
1255 977 57 20 coup
1321 978 5 17 ;
1335 973 16 20 ii
1356 973 124 23 s'efforcera

1011 997 49 17 tout
1068 995 149 25 simplement
1233 998 29 20 de
1279 999 57 21 faire
1349 1007 77 18 passer
1446 1004 35 20 les

1011 1022 141 25 catholiques
1160 1025 28 19 de
1201 1025 99 22 l’U.P.R.
1308 1034 58 18 pour
1374 1029 107 22 desauto-

1011 1050 175 24 nomistes,afin
1196 1053 28 20 de
1230 1054 61 24 jeter
1296 1056 21 19 le
1322 1057 90 20 trouble
1423 1063 23 15 et
1458 1060 21 19 la

1011 1078 95 20 division
1115 1085 29 14 au
1154 1080 51 19 sein
1213 1081 30 20 du
1252 1084 71 22 grand
1333 1084 58 23 parti
1406 1086 75 21 catho-

1011 1106 59 25 lique
1079 1107 101 20 alsacien
1188 1115 7 13 :
1204 1115 34 17 ça,
1256 1109 56 21 c’est
1328 1111 21 19 la
1367 1113 112 26 politique

1011 1134 25 19 du
1046 1134 196 22 Gouvernement.

1032 1164 19 17 D
1060 1166 66 16 autre
1134 1167 58 20 part,
1203 1165 56 19 c'est
1268 1171 30 14 un
1307 1165 49 25 fait,
1369 1167 33 21 les
1418 1175 59 14 com-

1007 1190 111 20 munistes
1123 1195 113 20 prennent
1242 1192 102 25 toujours
1348 1198 23 16 et
1376 1195 101 26 bruyam-

1006 1220 63 16 ment
1083 1218 60 23 parti
1159 1224 60 18 pour
1235 1220 34 19 les
1284 1226 9 10 «
1300 1223 95 23 peuples
1403 1225 74 24 oppri-

1006 1245 47 19 més
1060 1253 19 14 »,
1089 1251 29 13 on
1128 1245 28 19 l’a
1166 1252 30 14 vu
1204 1246 58 20 dans
1272 1247 34 20 les
1317 1248 90 22 affaires
1418 1252 59 20 d’Al-

1005 1272 73 24 gérie,
1087 1272 30 20 du
1127 1272 84 24 Maroc,
1221 1274 42 20 des
1272 1275 92 24 Druses,
1374 1282 60 17 etc...
1445 1280 32 20 Ce

1005 1300 58 20 beau
1089 1300 160 26 dévouement,
1273 1309 172 22 croyons-nous,
1462 1314 13 14 a

1004 1332 50 16 tout
1060 1328 140 21 bonnement
1206 1336 58 19 pour
1269 1331 96 22 mobiles
1369 1334 22 20 le
1398 1334 76 22 besoin

1004 1356 29 20 de
1041 1356 202 22 chambardement
1252 1362 23 16 et
1291 1359 21 19 le
1329 1361 61 21 désir
1407 1363 27 20 de
1449 1371 25 13 se

1003 1384 58 20 faire
1074 1385 30 19 de
1116 1385 22 20 la
1150 1385 120 25 publicité.
1289 1386 30 21 Le
1337 1388 53 25 jour
1406 1392 28 19 où
1451 1392 23 20 le

1003 1417 148 16 mouvement
1157 1413 80 21 breton
1251 1421 29 13 en
1293 1421 50 15 sera
1361 1419 29 19 cù
1405 1423 34 16 est
1451 1421 23 19 le

1003 1445 145 17 mouvement
1155 1442 108 24 alsacien,
1272 1443 32 20 les
1312 1448 161 21 communistes

1003 1473 78 16 seront
1095 1470 34 20 les
1145 1470 95 20 ardents
1262 1471 132 23 défenseurs
1410 1476 27 19 de
1450 1477 22 19 la

1002 1497 82 22 liberté
1104 1498 120 24 bretonne,
1249 1502 23 16 et
1293 1499 21 20 le
1331 1500 54 25 jour
1402 1504 28 19 où
1448 1505 21 19 la

1003 1525 112 25 Bretagne
1124 1532 51 14 sera
1185 1526 66 24 libre,
1260 1527 22 20 la
1290 1528 85 22 société
1384 1530 89 22 breton-

1002 1560 29 13 ne
1040 1554 77 20 n’aura
1122 1560 42 19 pas
1169 1554 166 22 d’adversaires
1339 1557 51 25 plus
1394 1559 78 20 achar-

1001 1582 41 19 nés
1051 1587 45 19 que
1105 1588 38 14 ces
1152 1583 85 20 mêmes
1256 1586 168 21 communistes.

1026 1609 18 22 Y
1053 1610 57 20 a-t-il
1128 1610 112 22 collusion
1255 1616 64 16 entre
1333 1613 34 21 les
1379 1619 93 18 autono-

1000 1637 80 21 mistes
1094 1642 23 16 et
1130 1638 35 20 les
1179 1639 149 22 Allemands?
1346 1642 55 21 Rien
1414 1645 57 20 n’est

1000 1666 75 20 moins
1081 1667 94 25 prouvé.
1185 1666 64 22 Nous
1254 1668 22 20 le
1285 1669 102 22 croirons
1395 1672 76 21 diffici-

1000 1694 98 20 lement:
1116 1695 34 19 les
1168 1695 119 21 Alsaciens
1307 1698 107 22 n’aiment
1430 1707 40 18 pas

1000 1722 33 20 les
1042 1722 141 24 Allemands,
1192 1723 34 21 les
1235 1724 122 23 Prussiens
1366 1732 103 22 surtout;

1000 1756 25 14 ce
1033 1750 71 20 serait
1111 1757 46 13 une
1162 1751 62 21 faute
1233 1752 30 20 de
1271 1753 20 20 la
1301 1758 50 20 part
1359 1755 40 21 des
1407 1761 63 16 auto-

1000 1778 110 20 nomistes
1118 1779 79 21 d’aller
1205 1780 110 22 chercher
1322 1789 45 14 une
1375 1784 95 22 alliance

1000 1806 27 20 de
1043 1806 82 21 l'autre
1142 1808 51 20 côté
1209 1808 30 20 du
1258 1808 68 22 Rhin.
1343 1811 57 21 Mais
1415 1812 54 22 c’est

1000 1841 44 13 une
1050 1835 127 20 excellente
1188 1837 103 25 tactique
1299 1845 58 18 pour
1371 1840 23 20 le
1410 1840 59 22 Gou-

1000 1867 134 16 vernement
1142 1863 29 21 de
1179 1863 57 23 faire
1246 1867 73 20 croire
1324 1873 45 19 que
1380 1868 22 20 le
1407 1876 62 14 mou-

1000 1894 88 16 vement
1096 1892 154 21 autonomiste
1258 1897 35 17 est
1309 1896 67 20 mené
1390 1898 78 23 parles

1000 1918 129 21 Allemands
1137 1921 150 23 eux-mêmes,
1293 1926 22 16 et
1321 1923 59 21 ainsi
1394 1925 27 20 de
1434 1926 34 24 je-

1000 1950 31 16 ter
1038 1947 182 21 lediscréditsur
1228 1949 42 21 lui.

1022 1974 27 20 Et
1057 1974 22 20 le
1087 1975 102 25 complot
1210 1977 99 21 alsacien
1317 1978 12 20 ?
1341 1979 79 22 Citons
1430 1988 9 10 «
1445 1982 19 20 A

1000 2002 79 20 Muvra
1086 2011 20 14 »,
1113 2002 94 26 journal
1220 2007 154 20 autonomiste
1390 2014 75 17 coi.se:

1021 2044 9 10 «
1036 2038 28 17 En
1071 2038 36 18 fait
1115 2039 24 17 de
1147 2040 87 23 complot,
1241 2040 16 18 il
1274 2042 32 23 n’y
1313 2046 40 14 exra
1369 2044 57 22 qu’un
1442 2045 24 18 de

1000 2063 48 18 réel:
1057 2064 47 17 c’est
1111 2064 20 18 la
1138 2065 128 22 conspiration
1275 2067 23 17 de
1311 2067 95 23 Poincaré,
1423 2070 44 18 Bar-

1000 2089 42 19 bon
1051 2089 19 17 et
1078 2088 32 18 Gie
1119 2087 92 21 eontreìa
1218 2091 69 19 liberté
1302 2092 122 21 individuelle
1432 2096 33 18 des

1000 2113 87 23 citoyens.

1017 2138 28 18 Un
1054 2140 71 17 certain
1139 2140 77 18 nombre
1232 2141 25 18 de
1270 2142 122 22 journalistes
1406 2146 19 17 et
1441 2147 24 17 de

994 2167 91 22 patriotes
1096 2168 98 18 alsaciens,
1204 2170 100 22 coupables
1312 2172 23 17 de
1351 2173 41 22 trop
1407 2173 58 20 aimer

994 2192 51 18 leurs
1054 2197 46 18 pays
1108 2194 50 17 natal
1168 2195 18 17 et
1195 2195 23 17 de
1226 2196 96 21 professer
1330 2201 34 14 sur
1381 2198 84 25 l’organi-

994 2217 61 18 sation
1064 2218 70 19 sociale
1142 2220 20 16 et
1170 2219 92 23 politique
1270 2221 33 23 qui
1311 2222 29 20 lui
1352 2224 87 18 convient
1445 2225 19 18 le

993 2242 64 20 mieux
1064 2243 33 19 des
1104 2243 87 23 opinions
1200 2245 111 19 différentes
1328 2247 23 19 de
1366 2249 55 18 celles
1440 2250 24 18 de

993 2268 96 22 Poincaré,
1106 2269 33 17 ont
1156 2269 36 20 été,
1210 2270 55 22 après
1282 2271 32 19 des
1330 2274 133 22 perquisitions

993 2293 75 23 opérées
1076 2294 45 18 chez
1129 2298 44 17 eux,
1180 2295 71 19 arrêtés
1260 2297 152 22 etempiisonnés
1417 2300 45 18 dans

992 2318 29 18 les
1028 2318 64 22 geôles
1100 2319 23 18 de
1132 2319 18 18 la
1158 2319 120 24 République
1290 2322 99 22 française.

1016 2349 9 11 «
1031 2343 22 18 El
1062 2348 47 17 pour
1123 2348 65 15 cox-ser
1203 2346 19 18 le
1238 2347 49 21 tout,
1305 2351 24 14 on
1345 2353 12 13 a
1371 2350 90 22 prétendu

992 2369 52 17 avoir
1052 2369 101 19 découvert
1161 2370 110 21 l’existence
1280 2372 23 18 de
1308 2373 76 23 troupes
1396 2376 66 18 consti-

992 2394 54 19 tuées
1054 2399 33 18 par-
1096 2399 37 13 eux
1140 2400 49 18 pour
1196 2397 88 19 soulever
1297 2397 18 18 la
1327 2400 89 20 province
1423 2401 20 17 et
1450 2405 12 18 y

992 2420 70 18 établir
1069 2425 26 12 un
1103 2423 150 19 gouvernement
1259 2422 59 18 formé
1332 2424 130 20 d’aulonomis-

992 2445 29 17 tes
1029 2445 47 17 dont
1084 2449 25 14 on
1115 2446 65 21 publie
1188 2446 29 18 les
1224 2451 55 14 noms
1294 2450 107 20 empruntés
1408 2450 11 18 à
1426 2451 34 18 des

991 2469 61 22 listes,
1061 2470 146 22 préalablement
1215 2472 105 25 fabriquées
1328 2478 34 18 par
1369 2475 19 18 la
1401 2468 59 30 police

991 2495 100 21 française,
1124 2512 6 5 .

1015 2520 52 18 «Car
1073 2521 16 17 il
1105 2522 56 22 s’agit
1177 2522 31 18 bel
1224 2524 21 17 et
1260 2523 44 18 bien
1321 2525 44 18 d’un
1381 2526 80 22 complot

992 2545 59 18 tramé
1058 2550 34 18 par
1096 2546 19 18 la
1122 2547 61 22 police
1191 2548 111 18 elle-même.
1314 2549 25 18 Le
1355 2550 105 19 Gouverne-

991 2572 58 20 ment,
1058 2571 101 19 redoutant
1167 2572 18 18 le
1192 2572 67 19 succès
1276 2574 33 18 des
1325 2576 134 20 autonomistes

990 2599 38 15 aux
1035 2596 112 22 prochaines
1155 2597 99 22 élections,
1262 2599 32 17 n’a
1306 2599 41 19 rien
1364 2601 66 18 trouvé
1437 2602 23 17 de

991 2620 65 18 mieux
1064 2625 37 18 que
1108 2622 24 17 de
1139 2621 48 19 faire
1200 2622 107 20 incarcérer
1322 2625 52 18 leurs
1392 2626 67 22 princi-

990 2645 127 22 paux^leaders
1122 2651 49 18 pour
1184 2648 42 18 leur
1243 2649 76 19 enlever
1335 2650 43 18 tout
1393 2655 66 19 moyen

991 2671 85 18 d’aclion.
1083 2677 10 11 »

1016 2704 22 22 Si
1050 2713 11 11 «
1069 2707 182 22 communistes»
1268 2712 24 17 et
1305 2709 20 20 si
1340 2709 117 22 «boches»

1521 234 69 23 qu'ils
1602 234 83 24 soient,
1703 236 32 20 les
1752 239 165 20 autonomistes
1938 242 53 17 sont

1521 260 40 20 des
1569 261 111 25 citoyens.
1698 264 62 20 Pour
1776 266 34 19 les
1824 266 135 24 incarcérer,
1975 267 15 19 il

1520 287 48 21 faut
1575 292 50 17 tout
1634 291 28 19 de
1676 292 73 19 même
1767 300 45 13 une
1829 294 83 23 raison,
1929 294 62 20 alors

1520 321 28 14 on
1556 322 29 13 en
1594 316 106 27 fabrique
1710 326 43 14 une
1762 328 6 12 :
1783 321 29 20 ils
1825 325 41 16 ont
1877 322 113 25 comploté

1520 347 79 16 contre
1611 345 21 19 la
1641 347 77 20 sûreté
1731 348 28 19 de
1768 349 69 19 l’Etat
1844 348 6 20 !

1543 370 57 21 Mais
1608 372 41 21 des
1657 376 115 22 preuves?
1779 376 44 20 Pas
1830 377 86 20 besoin.
1924 378 66 20 Lors-

1519 403 44 18 que
1573 399 33 19 les
1623 400 111 22 élections
1749 408 80 15 seront
1844 406 100 22 passées,
1959 412 29 13 on

1518 426 82 19 rendra
1614 434 46 13 une
1677 430 148 21 ordonnance
1837 432 28 20 de
1878 433 109 23 non-lieu,

1518 455 22 16 et
1547 453 61 20 voilà
1616 458 58 17 tout.
1684 457 62 20 C’est
1759 465 46 14 une
1821 460 99 24 tactique
1927 467 62 18 pres-

1517 486 45 17 que
1568 481 135 23 habituelle.

1540 508 20 19 A
1569 515 26 12 ce
1604 515 93 19 propos,
1708 517 10 10 «
1726 513 36 19 La
1778 514 68 20 Croix
1852 519 20 19 »,
1890 515 57 20 dans
1956 523 31 13 un

1516 536 80 19 article
1604 538 127 21 réclamant
1739 540 21 20 la
1772 541 85 24 justice
1873 550 59 17 pour
1952 544 34 20 les

1516 564 165 21 autonomistes
1706 567 119 25 alsaciens,
1843 570 68 20 disait
1926 572 60 19 ceci:

1516 594 10 11 «
1533 589 18 19 Il
1560 589 36 21 fut
1603 598 30 13 un
1643 595 123 24 temps,qui
1776 596 60 21 n’est
1843 604 41 18 pas
1893 598 56 24 loin,
1956 599 29 20 où

1515 623 42 14 nos
1563 617 205 29 Gouvernements,
1778 625 75 23 quand
1860 625 29 20 ils
1894 626 92 21 avaient

1515 643 79 22 besoin
1603 647 52 20 d’un
1666 655 59 19 coup
1733 650 28 20 de
1778 651 63 21 force
1856 653 34 20 les
1907 654 79 20 débar-

1514 677 89 16 rassant
1610 675 165 23 d’adversaires
1791 680 104 23 gênants,
1907 681 79 21 inven-

1513 699 72 21 taient
1593 701 28 20 de
1628 702 55 21 faux
1691 706 112 23 complots
1813 713 58 18 pour
1887 709 98 20 motiver

1513 728 99 24 quelque
1620 732 138 20 arrestation
1777 735 135 23 préventive
1928 738 56 19 utile

1512 760 59 17 pour
1579 756 172 26 lemoment.,.»
1766 761 33 24 (J.
1812 762 118 27 Guibaud),

1535 781 35 21 Ne
1576 790 60 13 nous
1644 786 114 22 étonnons
1767 789 59 20 donc
1836 797 40 18 pas
1884 791 30 20 du
1923 798 61 14 com-

1510 809 49 23 plot
1566 811 108 25 alsacien,

1535 835 81 25 Quelle
1624 846 46 18 que
1682 841 45 20 soit
1742 843 60 20 donc
1817 845 110 21 l’attitude
1941 847 41 21 des

1509 867 169 21 autonomistes
1694 869 113 22 alsaciens
1831 873 103 21 vis-à-vis
1951 875 30 20 du

1509 894 180 24 communisme,
1699 896 183 28 del’Allemagne
1898 905 23 16 et
1950 903 30 19 du

1509 918 187 25 Gouvernement
1709 923 106 26 français,
1837 928 21 19 la
1872 934 68 15 cause
1952 930 29 20 de

1509 946 95 22 l’Alsace
1612 954 62 16 reste
1688 951 92 24 intacte,
1799 958 23 16 et
1838 959 58 17 cette
1913 963 68 15 cause

1509 977 33 16 est
1546 974 70 24 juste.
1627 977 65 21 Voilà
1701 982 113 23 pourquoi
1824 988 58 15 nous
1893 984 87 20 devons

1509 1007 125 16 conserver
1641 1009 68 16 notre
1717 1009 129 24 sympathie
1854 1017 45 13 aux
1914 1012 66 20 Alsa-

1509 1035 61 25 ciens
1579 1031 38 24 qui
1624 1032 86 21 luttent
1718 1038 23 16 et
1754 1036 112 22 souffrent
1883 1045 58 17 pour
1958 1040 21 20 la

1509 1055 79 22 liberté
1597 1058 28 20 de
1633 1059 51 21 leur
1692 1067 63 19 pays.

1532 1084 42 20 Les
1583 1087 76 19 seules
1669 1094 80 15 causes
1754 1091 40 23 qui
1804 1097 106 17 meurent
1924 1099 54 16 sont

1509 1111 66 21 celles
1593 1119 59 18 pour
1668 1115 123 24 lesquelles
1814 1126 29 14 on
1858 1127 29 14 ne
1904 1127 75 16 meurt

1509 1145 46 17 pas,
1562 1146 58 18 pour
1628 1142 122 25 lesquelles
1759 1151 29 14 on
1799 1153 29 14 ne
1836 1148 83 21 souffre
1927 1156 49 19 pas.

1509 1165 102 23 L’Alsace
1628 1173 34 17 est
1675 1171 59 20 donc
1757 1176 94 19 assurée
1867 1176 29 20 de
1913 1179 64 19 vivre

1509 1194 94 25 puisque
1611 1197 44 20 l’on
1663 1198 86 21 souffre
1758 1207 59 18 pour
1826 1203 45 20 elle
1878 1205 6 19 !

1874 1236 29 22 F.
1916 1238 29 21 B.

1525 1260 19 21 (A
1548 1265 17 12 ot
1575 1262 17 16 cl
1601 1262 104 24 Bretagne.)

1628 1377 213 29 Relèvement

1522 1461 20 17 y
1551 1449 103 23 D’ailleurs,
1664 1451 28 19 les
1700 1453 74 21 apôtres
1782 1455 25 17 du
1818 1461 9 11 «
1833 1456 136 21 Relèvement»

1499 1473 32 22 qui
1538 1475 115 19 combattent
1660 1481 25 13 en
1693 1482 22 14 se
1722 1480 66 17 tenant
1796 1480 153 24 soigneusement
1959 1486 11 17 à

1498 1498 85 19 distance
1591 1500 23 18 de
1621 1501 46 22 l’ile,
1672 1502 95 22 déploient
1773 1505 53 19 leurs
1834 1506 66 20 efforts
1905 1510 19 17 et
1931 1514 39 14 ma-

1497 1523 92 19 nifestent
1596 1525 42 18 leur
1651 1527 79 19 activité
1737 1533 25 14 au
1774 1534 56 15 cours
1843 1532 25 18 de
1881 1533 88 20 réunions

1498 1549 31 21 où,
1538 1551 54 17 entre
1600 1555 26 13 un
1636 1550 133 22 black-Bollom
1777 1556 21 17 et
1804 1561 28 12 nn
1839 1557 94 24 yale-blue,
1945 1565 23 13 au

1497 1579 54 14 cours
1560 1576 23 17 de
1597 1576 70 19 soirées
1676 1578 105 23 dansantes,
1798 1585 45 15 avec
1857 1583 78 19 élection
1946 1587 23 17 de

1497 1604 51 14 reme
1562 1601 24 17 de
1600 1601 74 23 beauté,
1690 1604 108 22 organisées
1805 1611 35 17 par
1850 1608 14 17 1’
1871 1614 8 11 «
1886 1609 84 21 Amicale

1497 1626 33 18 des
1537 1625 67 19 Corses
1612 1627 25 18 de
1644 1627 54 20 Paris
1707 1631 19 17 et
1730 1630 25 18 de
1762 1630 19 18 la
1786 1633 70 20 grande
1862 1634 106 20 banlieue»,

1496 1656 25 13 ne
1528 1655 49 14 nous
1585 1652 106 22 paraissent
1699 1655 57 22 guère
1765 1656 89 24 désignés
1861 1663 48 18 pour
1920 1666 48 13 nous

1496 1677 62 22 parler
1566 1677 34 19 des
1607 1678 79 19 misères
1694 1681 20 17 et
1718 1681 33 18 des
1760 1682 116 20 souffrances
1883 1686 24 17 de
1915 1688 54 17 notre

1496 1702 58 22 petite
1562 1703 67 22 patrie.
1634 1704 37 19 Les
1679 1706 62 18 seules
1749 1707 45 19 voix
1802 1709 109 24 autorisées,
1917 1712 11 17 à
1935 1717 33 13 no-

1497 1728 28 17 tre
1532 1728 48 22 avis,
1594 1731 42 16 sont
1644 1730 29 18 les
1681 1731 45 18 voix
1734 1733 23 17 de
1766 1737 48 15 ceux
1822 1735 24 17 de
1853 1740 35 14 nos
1896 1740 73 19 compa-

1495 1752 66 20 triotes
1569 1754 33 22 qui
1608 1754 67 20 vivent
1679 1757 11 17 à
1695 1757 89 19 demeure
1789 1759 48 19 dans
1844 1760 39 19 l’ile
1888 1762 80 21 (hormis

1495 1778 19 18 la
1527 1779 61 19 classe
1604 1781 23 17 de
1643 1785 50 15 ceux
1709 1783 32 22 qui
1752 1784 67 19 vivent
1832 1790 38 14 aux
1883 1789 84 18 crochets

1495 1804 104 20 d’hommes
1614 1807 111 23 politiques)
1742 1809 29 23 s’y
1788 1810 136 21 maintiennent
1943 1819 24 13 au

1494 1834 43 18 prjx
1545 1830 86 20 d’efforts
1638 1832 71 22 inouïs,
1716 1838 12 18 y
1733 1834 68 20 vivent
1805 1836 48 19 dans
1862 1841 34 15 son
1904 1838 65 20 incon-

1494 1855 44 22 fort,
1547 1860 35 14 son
1590 1857 109 23 insécurité,
1709 1863 30 15 ses
1752 1861 95 23 ténèbres,
1856 1867 14 18 y
1881 1864 88 19 bouffent

1494 1881 25 17 de
1529 1885 21 13 sa
1557 1882 59 18 vache
1624 1884 87 22 enragée,
1717 1886 20 17 et
1744 1890 13 18 y
1765 1886 78 19 crèvent
1850 1889 25 17 de
1883 1893 21 14 sa
1911 1890 57 18 mala-

1494 1910 34 13 ria.
1537 1906 77 19 Ceux-là
1622 1911 84 19 peuvent
1716 1911 83 21 parler...
1811 1915 63 20 quand
1886 1914 24 19 ils
1923 1916 44 18 n’en

1494 1933 88 17 meurent
1589 1937 40 18 pas.

1516 1970 85 24 {Corsiea,
1610 1972 80 25 19-2-28)

1523 2067 81 23 Quelli
1615 2069 41 22 chi
1674 2070 117 24 ricevemi
1805 2074 24 22 A
1846 2075 118 25 MUVRA

1492 2117 13 15 e
1523 2112 74 22 cii’un
1614 2114 24 21 si
1653 2115 93 23 volenu
1757 2118 81 23 micca
1854 2119 109 29 abbunà,

1491 2151 128 24 unn’hanu
1627 2160 30 16 ca
1666 2161 16 15 a
1687 2155 119 24 ricusalla
1813 2164 16 16 a
1837 2165 17 15 u
1862 2160 102 25 pidone.

1518 2253 48 23 Les
1584 2255 89 23 Corses
1690 2263 28 16 se
1736 2259 142 28 plaignit,
1898 2264 66 22 mais

1489 2292 48 20 que
1556 2290 160 24 peuvent-ils
1727 2295 88 20 contre
1830 2301 43 17 ces
1891 2297 73 26 quel-

1490 2326 60 20 ques
1568 2322 114 23 hommes
1693 2325 43 26 qui
1756 2332 29 16 se
1802 2329 161 26 soutiennent

1488 2354 190 24 mutuellement
1694 2361 25 19 et
1738 2361 45 24 qui
1804 2365 92 20 savent
1913 2370 49 21 que

1488 2387 54 22 leur
1558 2390 177 26 omnipotence
1748 2399 32 17 ne
1795 2397 62 23 peut
1866 2396 52 23 être
1933 2398 28 22 é-

1488 2420 105 27 branice.
1600 2428 47 21 par
1654 2430 97 18 aucune
1762 2428 106 23 plainte.

1515 2455 21 21 U
1546 2462 19 19 y
1572 2463 16 15 a
1596 2460 120 22 pourtant
1732 2460 45 22 des
1786 2461 51 23 lois
1844 2464 44 25 qui
1902 2467 59 21 sont

1486 2489 156 25 applicables
1658 2497 46 17 sur
1722 2495 56 20 tout
1789 2494 25 25 IQ
1833 2498 127 24 territoire

1486 2521 111 28 français
1603 2526 25 19 et
1637 2525 44 27 qui
1688 2525 140 27 répriment
1833 2532 127 22 certaines

1486 2560 168 19 îïianoeuvres.
1671 2558 129 28 Pourquoi
1816 2563 143 26 n’ont-elles

1486 2594 82 16 aucun
1573 2589 58 23 effet
1638 2597 33 16 en
1678 2592 75 23 Corse
1759 2593 14 22 ?
1783 2594 65 26 Q’egt
1852 2597 26 23 ]a
1886 2603 72 22 ques-

1485 2621 54 22 tion
1554 2629 49 20 que
1619 2630 28 16 se
1658 2628 92 23 posent
1769 2627 33 24 de
1818 2630 141 23 nombreux:

1485 2655 143 26 insulaires,

1512 2713 3 3 .
1521 2713 8 3 _
1550 2714 7 7 ,
1799 2694 40 20 Ch.
1846 2697 87 19 Fraval.

1508 2713 32 22 (le
1546 2714 77 24 Rappel)

2058 121 131 19 COMPAGNIE
2200 121 30 18 DE
2241 122 101 21 CHEMINS
2353 126 30 18 DE
2393 127 44 18 FER

2144 145 216 26 DÉPARTEMENTAUX

2126 172 89 23 RÉSEAU
2225 177 30 18 DE
2265 179 31 17 LA
2307 179 74 20 CORSE

2058 246 95 19 MARCHE
2163 247 30 18 DE
2203 248 84 19 TRAINS
2295 246 149 27 PÉRIODIQUES

2064 287 18 20 (à
2091 285 43 19 litre
2142 286 65 18 d'essai
2214 288 18 16 el
2235 287 59 23 jusqu
2300 290 12 16 ù
2320 290 65 18 nouvel
2392 293 45 21 avis)

2105 314 12 17 à
2124 315 79 22 compter
2210 314 25 18 du
2245 315 25 17 17
2279 316 52 18 Murs
2344 318 54 18 1928

2137 359 33 18 De
2180 358 66 19 Calvi
2254 359 15 18 à
2275 359 82 20 Bastia

2081 393 197 21 Train-Automotrice,
2288 394 64 19 Direct
2359 395 24 18 N°
2390 396 23 18 52

2131 426 99 22 (Première
2238 428 19 16 el
2264 426 20 18 2•
2294 427 73 24 classes)

2081 460 35 17 Les
2123 459 68 23 Lundi,
2203 460 99 23 Mercredi,
2316 461 102 20 Dimanche

2437 497 23 18 H.

2035 525 73 23 Calvi,
2118 527 65 22 départ
2412 530 18 18 8.
2438 530 24 18 05

2034 558 131 19 Ile-jRousse
2410 563 19 17 8.
2437 563 23 18 .37

2435 608 24 18 43

2031 635 98 20 .Novella
2151 640 18 16 .*
2410 640 49 19 9.37

2032 670 161 20 Ponte-Leccia
2398 674 29 18 40.
2435 675 24 18 24

2435 708 24 18 32

2030 736 86 23 Bastia,
2125 738 74 19 arrivée
2396 741 30 18 14.
2434 742 24 17 45

2131 782 33 18 De
2175 783 80 18 Bastia
2265 783 15 18 à
2291 783 65 20 Calvi

2074 815 198 24 Train-Automolrice,
2282 818 63 18 Direct
2352 818 23 18 N*
2384 819 19 18 54

2119 849 107 22 (Premières
2234 852 19 16 el
2264 851 20 17 2•
2293 851 74 24 classes)

2082 882 35 18 Les
2124 882 66 22 Mardi,
2205 883 81 22 Samedi,
2301 885 101 20 Dimanche

2430 921 24 18 H.

2027 947 86 22 Bastia,
2122 949 65 22 départ
2393 953 29 18 13.
2431 954 24 18 55

2027 980 76 23 Borgo
2350 999 5 5 .
2372 999 5 5 .
2389 987 29 17 44.
2429 987 25 19 23

2027 1013 163 21 Ponte-Leccia
2391 1020 30 18 15.
2430 1020 24 19 13

2427 1054 25 17 20

2026 1086 96 19 Noveila
2390 1093 30 18 15.
2428 1093 23 18 59

2024 1119 131 21 Ile-Bousse
2391 1126 29 18 46.
2429 1127 24 18 53

2402 1160 29 18 17.
2441 1166 10 12 »

2024 1185 72 25 Calvi,
2105 1189 74 19 arrivée
2391 1194 29 18 17.
2429 1194 23 18 35

2063 1238 171 22 OBSERVATIONS
2245 1242 161 19 IMPORTANTES

2020 1277 26 17 Le
2063 1277 50 18 train
2129 1283 20 12 n-
2157 1279 24 18 52
2197 1281 31 17 n’a
2243 1281 40 18 lieu
2300 1286 38 18 que
2345 1282 19 18 le
2378 1283 67 22 Limdi,
2454 1283 18 19 le

1998 1309 91 19 Mercredi
2097 1312 21 17 et
2124 1312 20 18 le
2150 1312 109 20 Dimanche.

2019 1343 24 19 Le
2051 1344 51 18 train
2111 1341 19 22 h-
2140 1346 21 18 51
2170 1347 31 17 n’a
2209 1347 40 18 lieu
2258 1352 37 18 que
2304 1349 18 18 le
2330 1349 66 23 Mardi,
2406 1351 19 18 le
2438 1351 32 18 Sa-

1998 1377 49 18 medi
2055 1379 20 17 et
2082 1379 19 17 le
2109 1378 112 20 Dimanche.

2018 1422 34 18 Les
2062 1424 60 17 trains
2129 1428 21 14 n-
2156 1424 22 18 51
2187 1426 20 17 et
2211 1426 23 18 52
2242 1428 45 17 sont
2295 1428 11 17 à
2314 1429 78 18 nombre
2400 1430 24 18 de
2431 1430 40 22 pla_

1996 1453 31 14 ces
2035 1450 119 20 strictement
2165 1452 63 20 limité
2235 1455 21 17 et
2263 1459 25 14 ne
2302 1459 94 18 prennent
2404 1458 23 18 de
2439 1462 34 14 vo-

1995 1482 80 18 yageurs
2080 1483 38 17 que
2122 1484 48 17 pour
2176 1486 26 13 un
2207 1486 90 17 parcours
2303 1484 24 18 de
2332 1483 23 19 50
2360 1485 110 19 kilomètres

1995 1506 20 16 et
2022 1507 107 18 au-dessus.
2138 1508 219 25 (Exceptionnellement,
2369 1513 25 17 ils
2407 1518 65 18 accep-

1996 1534 44 20 tent,
2053 1535 48 18 dans
2109 1535 18 18 la
2140 1536 61 19 limite
2209 1538 33 18 des
2256 1539 62 22 places
2327 1540 122 22 disponibles,
2458 1542 11 17 à

1994 1561 108 19 Ile-Rousse
2110 1565 19 16 et
2136 1564 12 18 à
2156 1563 60 23 Calvi,
2225 1566 35 18 des
2267 1571 109 19 voyageurs
2388 1568 12 18 à
2413 1569 57 18 desti-

1994 1588 65 19 nation
2072 1591 23 17 de
2103 1591 51 18 l’une
2161 1596 26 13 ou
2200 1592 70 19 l’autre
2277 1595 25 16 de
2315 1598 32 14 ces
2355 1595 65 23 villes)
2433 1596 36 18 Les

1993 1617 62 21 places
2063 1620 84 20 peuvent
2154 1618 40 19 être
2201 1621 90 18 retenues
2305 1622 11 17 à
2327 1622 91 23 l’avance,
2426 1628 44 14 seu-

1994 1644 69 18 lement
2071 1646 10 17 à
2089 1646 19 18 la
2120 1651 45 18 gare
2173 1647 92 23 d’origine
2273 1649 25 18 de
2305 1650 74 23 chaque
2392 1652 49 18 train
2449 1654 20 16 et

1993 1676 47 19 pour
2046 1678 28 13 uu
2082 1678 88 18 parcours
2179 1676 100 19 minimum
2293 1678 23 18 de
2325 1678 23 18 75
2358 1678 110 20 kilomètres

1993 1701 46 18 dans
2049 1706 23 14 ce
2081 1702 48 18 train
2136 1708 6 17 ;
2153 1704 18 17 le
2179 1704 44 22 prix
2237 1705 24 18 de
2268 1706 83 18 location
2365 1708 29 17 est
2407 1708 39 18 fixé
2457 1708 11 18 à

1993 1728 12 18 3
2010 1728 24 19 fr.
2039 1728 24 19 35
2071 1734 24 14 en
2103 1730 32 17 l‘~
2144 1731 60 19 classe
2212 1733 20 17 et
2239 1733 12 17 à
2259 1733 42 19 2fr.
2307 1733 24 19 35
2339 1739 23 13 en
2372 1734 18 19 2e
2398 1736 67 18 classe.

2014 1757 34 18 Les
2054 1763 9 11 «
2068 1758 81 23 bagages
2155 1765 9 11 »
2170 1764 25 14 ne
2199 1762 119 21 comportant
2325 1767 37 17 que
2367 1763 33 18 des
2406 1764 61 22 objets

1992 1789 48 18 pour
2051 1786 74 22 l’usage
2142 1789 99 21 personnel
2256 1789 34 19 des
2306 1794 107 19 voyageurs
2423 1793 44 17 sont

1993 1813 51 18 seuls
2058 1814 60 18 admis
2125 1820 6 17 ;
2141 1815 23 18 ils
2179 1816 114 20 bénéficient
2307 1819 24 17 de
2339 1819 18 17 la
2372 1819 95 19 franchise

1993 1841 46 18 dans
2046 1842 30 18 les
2082 1842 71 19 limites
2160 1844 24 18 de
2192 1845 53 21 poids
2254 1845 122 20 habituelles.

2090 1887 34 19 De
2136 1888 64 20 Calvi
2211 1889 16 18 à
2236 1889 132 21 Ile-Rousse

2036 1921 56 19 Train
2100 1922 53 23 léger
2159 1923 23 17 N-
2191 1924 29 18 54.
2234 1924 47 22 (Ire,
2291 1925 26 22 2-,
2324 1925 19 19 3-
2352 1927 70 21 classe)

2418 1961 23 17 H.

2015 1987 65 20 Calvi
2088 1990 66 22 départ
2177 2003 5 5 .
2195 2004 5 4 .
2214 2004 5 4 .
2232 2004 43 6 ...
2289 2006 43 5 ...
2381 1993 29 19 18.
2419 1995 24 17 15

2014 2021 216 22 Calenzana-Lursio
2364 2040 5 5 .
2382 2027 28 18 18.
2418 2028 24 17 25

2013 2056 108 25 Algajola
2380 2060 29 19 18.
2418 2062 23 17 44

2013 2090 134 23 Ile-Rousse,
2156 2092 75 19 arrivée
2380 2094 29 19 19.
2419 2102 10 10 »

2097 2136 158 21 D’Ile-Rousse
2266 2138 14 18 à
2291 2139 66 19 Calvi

2041 2170 57 18 Train
2106 2170 52 23 léger
2165 2171 23 19 N-
2196 2171 24 18 53
2228 2172 46 23 (ire,
2283 2172 27 21 2-,
2318 2173 19 18 2-
2347 2174 68 23 classe)

2415 2214 23 18 H.

2011 2243 138 23 Ile-Rousse,
2158 2245 66 22 départ
2379 2247 29 19 20.
2418 2254 10 11 »

2011 2277 109 23 Algajola
2378 2280 29 19 20.
2417 2281 22 18 17

2011 2310 220 21 Calenzana-Lumio
2379 2314 29 18 20.
2417 2314 22 18 36

2011 2344 71 22 Calvi,
2091 2346 76 18 arrivée
2376 2347 30 19 20.
2415 2348 24 18 45

2051 2390 172 20 OBSERVATIONS
2233 2392 162 19 IMPORTANTES

2009 2428 35 20 Ces
2052 2430 61 18 trains
2120 2430 63 23 légers
2190 2432 54 18 n’ont
2252 2432 40 18 lieu
2298 2437 34 18 que
2337 2437 39 18 par
2380 2432 81 24 quinzai-

1986 2461 29 18 ne,
2022 2458 28 17 les
2058 2458 55 22 jours
2118 2459 91 18 d’arrivée
2215 2461 19 16 et
2240 2460 25 18 de
2270 2460 73 23 départ,
2348 2461 12 17 à
2367 2461 95 19 lle-Rous-

1986 2489 27 17 se,
2021 2485 26 18 du
2055 2486 84 18 courrier
2150 2487 93 18 maritime
2258 2488 73 22 rapide,
2346 2489 24 17 de
2378 2493 23 14 ou
2413 2494 48 17 pour

1986 2512 59 23 Nice,
2054 2514 20 18 le
2081 2513 80 19 Samedi.
2179 2515 26 18 Ils
2213 2517 95 20 prennent
2315 2517 34 18 des
2357 2521 105 19 voyageurs

1986 2541 22 18 de
2017 2542 62 18 toutes
2095 2543 76 21 classes,
2189 2543 50 18 ainsi
2256 2548 38 18 que
2309 2545 53 17 leurs
2379 2545 81 22 bagages

1986 2569 44 18 dans
2036 2570 30 17 les
2074 2570 106 18 conditions
2185 2570 120 23 habituelles,
2311 2577 49 17 pour
2368 2573 28 17 les
2404 2577 57 18 gares

1986 2596 68 18 situées
2062 2601 35 13 sur
2105 2598 43 17 leur
2157 2602 97 17 parcours.

1983 2680 98 23 Àiacciu
2090 2693 30 5 —
2130 2681 135 30 Slamparia
2277 2683 25 23 di
2311 2686 24 20 A
2346 2685 107 24 Muvra.

1984 2719 20 22 U
2014 2719 239 27 Direllore-Gerenle:
2265 2724 72 22 Petru
2347 2725 103 23 ROCCA

21 2793 80 31 ^giìllinu
109 2805 18 17 di
131 2806 19 18 A
155 2806 80 20 Ivluvra
241 2817 21 4 —
270 2813 19 13 n.
296 2808 24 18 84
326 2818 20 4 —
353 2809 19 17 di
378 2814 13 12 u
400 2807 62 19 1-3-28

195 2928 65 20 0SSIA

92 2960 76 40 Mh
186 2965 31 35 di
231 2965 176 39 Poîiknmvd

26 3003 241 36 ^CONTOCORSO
273 3016 186 23 DELSECOLO

181 3048 84 24 XVIII

213 3084 24 18 DI

88 3112 31 19 ^.
132 3110 35 25 D.
185 3112 174 28 Guerreizzi

162 3224 123 32 (Seguitò)

18 3270 129 49 co^eHo,
156 3287 25 16 se
188 3284 26 21 vi
222 3284 101 22 riescirà
331 3284 75 21 averli
416 3289 44 21 per

18 3316 29 32 v,“
56 3311 75 22 entare
153 3319 85 23 questa
254 3323 92 23 povera
368 3317 88 25 donna,

18 3366 8 15 a
41 3342 29 29 .ne
80 3345 51 23 Sarò
140 3349 125 29 obbligato
275 3358 5 20 ;
294 3352 39 27 poi
346 3354 111 18 verremo

17 3373 155 46 re'tln^ra2*arv*
184 3385 43 21 vo*
240 3391 13 15 e
311 3384 98 28 quando
421 3389 37 15 sa-

19 3406 31 40 i:ne
58 3407 115 33 aIloggiati
185 3418 46 21 alla
243 3418 90 22 osteria
347 3418 40 21 del
396 3416 62 23 Vio-

19 3435 40 21 !>no.

17 3468 131 54 40bell°,
161 3485 121 27 seguitato
295 3485 62 23 dalla
372 3484 84 22 madré

17 3510 33 41 cjjj*
78 3509 20 20 al
115 3514 72 25 P^no
207 3521 98 21 terreno
326 3520 38 20 col
382 3522 73 17 cuore

86 3557 5 9 ’
103 3550 93 27 Pareva,
214 3554 30 21 ed
258 3560 41 15 era
310 3555 89 25 troppo
413 3550 42 28 più

17 3593 42 27 $teSe
69 3575 44 33 .C^e
121 3580 93 27 irritato
221 3593 6 19 ;
236 3593 70 15 senza
313 3587 51 21 dire
372 3584 83 29 parola

17 3624 13 21 ci
93 3615 41 19 Suo
146 3620 112 25 cappotto
271 3626 44 22 per
325 3620 22 21 la
358 3621 73 22 terra,
441 3623 13 15 e

17 3659 53 31 pez2aj
85 3643 22 21 to
122 3651 62 20 sotto
204 3658 45 16 una
264 3653 90 28 valigia
362 3657 45 23 per
418 3656 37 16 ca-

17 3677 77 43 sijj^’
106 3680 95 29 Piegate
212 3686 67 28 dipoi
294 3688 23 20 le
326 3685 128 29 ginocchia

70 3710 12 14 6
91 3715 12 14 a
113 3718 99 25 Pregare
223 3726 45 20 per
276 3721 23 20 la
311 3720 91 24 madré,
410 3723 44 22 per

489 2809 27 21 sè
527 2815 13 15 e
550 2810 37 27 peî
602 2815 46 18 suo.
660 2810 137 29 sciagurato
810 2811 102 27 frateJlo,
925 2812 35 22 af-

490 2842 77 22 flncbè
580 2842 49 23 Dio
640 2844 25 22 lo
674 2845 154 21 ravvedesse.
837 2845 30 22 La
876 2846 83 22 madré

489 2878 72 20 stette
581 2883 13 15 a
606 2878 175 27 contemplarlo
792 2879 108 26 estatica,
916 2879 42 27 poi

489 2910 114 28 d’impeto
611 2911 25 21 lo
645 2911 69 22 baciò
720 2916 15 16 e
743 2912 24 21 lo
774 2912 137 26 benedisse,
921 2918 38 16 es-

488 2944 125 22 clamando
620 2951 5 15 :
634 2956 28 4 —
669 2947 26 19 tu
703 2945 35 21 sei
748 2945 17 21 il
775 2945 108 28 ligliuolo
896 2946 62 21 délia

488 2978 48 22 mia
549 2978 177 22 consolazione.

518 3024 25 3 —
555 3011 40 22 Ma
606 3012 49 25 voi,
669 3017 42 16 ora
723 3012 44 22 che
781 3013 21 21 ci
817 3018 84 22 penso,
914 3013 43 21 do-

488 3051 31 16 ve
529 3045 144 25 dormirete,
687 3051 105 16 mamma
802 3047 13 21 ?

515 3091 27 3 —
555 3078 112 22 Dormirò
677 3079 84 21 seduta
769 3091 28 4 —
807 3086 13 14 e
833 3086 68 21 presa
910 3086 47 15 una

487 3112 109 28 scggiola
608 3111 114 23 l’accostò
738 3113 46 21 alla
795 3114 82 21 tavola
887 3112 70 23 âcco-

487 3145 143 23 modandosi
653 3145 92 27 meglio
768 3145 46 21 che
834 3146 123 28 potènè

486 3181 71 20 stette
566 3178 70 28 guari
648 3178 44 22 che
702 3184 103 22 parvero
815 3180 141 22 addormen-

487 3213 41 22 tati
538 3211 117 23 ambedue
663 3219 7 19 ;
677 3212 60 27 perô
746 3213 21 20 la
776 3213 84 21 madré
866 3214 90 27 veglia-

487 3252 30 16 va
525 3253 5 19 ;
538 3246 45 21 ella
595 3245 55 21 leva
662 3247 68 19 cauta
739 3246 20 20 la
772 3247 70 20 testa,
851 3246 105 28 epoicliè

486 3281 37 21 dal
535 3279 96 26 sospiró
646 3278 120 27 profondo
780 3279 20 20 si
813 3282 95 19 accerta
919 3285 37 15 es-

486 3319 53 16 sere
559 3313 16 20 il
594 3317 79 17 son.no
684 3311 96 22 disceso
790 3318 72 21 sopra
873 3313 22 21 le
907 3313 48 27 pal-

485 3347 74 27 pebre
579 3346 40 21 del
638 3345 119 28 ligliuolo,
780 3345 20 21 si
822 3346 47 21 alza
880 3346 73 26 piano

485 3381 72 27 piano
569 3384 13 16 e
591 3378 20 21 si
624 3379 76 20 mette
711 3384 13 15 a
736 3378 97 28 giacere
843 3381 110 19 traverso

484 3415 23 20 la
516 3414 68 26 porta
592 3412 63 21 délia
664 3412 63 20 scala
738 3412 45 21 che
791 3412 109 21 conduce
908 3413 46 20 aile

484 3449 79 19 stanze
574 3445 24 21 di
612 3444 139 22 Mariano...
764 3446 95 20 intanto
869 3445 84 22 ch’el-la

483 3481 22 21 si
513 3480 101 22 chinava
624 3479 155 26 premendosi
789 3484 45 17 con
842 3479 22 21 la
873 3478 79 22 destra

483 3514 19 22 il
512 3515 65 26 petto
590 3512 146 27 bisbigliava
745 3518 6 15 :

511 3558 27 5 —
548 3544 91 23 Perche
651 3547 87 24 questo
746 3546 11 20 ?
766 3545 67 27 Capo
845 3544 59 26 mio,
915 3550 37 16 ca-

482 3586 32 21 po
526 3580 58 24 mio,
597 3578 32 21 oh
638 3577 6 21 !
654 3583 49 16 non
711 3578 63 21 dirlo
784 3584 11 15 a
805 3580 85 25 questo
900 3578 51 21 mio

482 3619 81 16 cuore.

509 3646 45 22 Noi
574 3651 50 16 non
644 3644 157 22 meriteremo
821 3644 24 21 di
868 3649 82 15 essere

481 3680 72 23 messi
574 3679 26 21 in
618 3682 80 17 mazzo
714 3680 36 18 tra
761 3677 103 27 preclari
888 3682 13 15 e
913 3678 36 19 tra

480 3711 154 29 grandissimi
653 3710 107 21 scrittori
780 3709 79 29 (corne
871 3708 78 22 Gual-

986 2814 72 25 tiero,
1080 2815 18 20 il
1115 2814 136 27 marchese,
1270 2816 118 29 eccetera)
1411 2818 44 21 che

985 2849 68 19 tanto
1068 2847 153 23 nobilmente
1239 2849 124 23 dettarano
1381 2851 74 22 storie

985 2880 39 22 dal
1038 2879 53 30 1847
1107 2882 26 20 in
1142 2882 50 26 poi,
1206 2882 31 22 nè
1249 2889 86 17 manco
1344 2885 40 27 pel
1395 2884 58 22 fatto

985 2913 62 22 délia
1060 2914 85 26 verità,
1163 2920 25 16 se
1197 2915 176 24 affermassimo
1385 2917 43 22 che
1437 2918 18 21 il

984 2946 99 28 signore
1105 2947 119 23 Giaccmo
1245 2948 107 24 Boswell
1364 2950 20 22 si
1401 2951 53 21 des-

984 2981 64 20 tasse
1068 2985 45 17 con
1125 2982 25 20 lo
1167 2982 154 24 entusiasmo-
1330 2984 39 22 col
1386 2985 68 26 quale

984 3013 21 21 si
1017 3019 41 15 era
1069 3014 109 21 coricato
1186 3021 6 15 :
1206 3016 52 20 anzi
1269 3016 24 22 di
1306 3019 89 22 quanto
1405 3018 47 20 nel-

982 3047 23 22 la
1018 3048 68 20 nette
1099 3049 85 24 questo
1196 3048 34 28 gli
1244 3054 120 22 scemava,
1377 3050 23 21 di
1421 3051 33 21 al-

982 3081 117 21 trettanto
1107 3080 34 28 gli
1150 3082 252 29 cresceval’appetito,
1412 3088 41 17 on-

984 3114 29 21 de
1024 3113 25 21 fu
1067 3114 122 28 consiglio
1210 3115 82 22 buono
1304 3117 81 27 quello
1404 3117 49 21 del-

983 3146 113 22 l’Alando
1109 3147 24 21 di
1149 3148 152 26 provvedere
1319 3150 25 21 in
1356 3152 95 25 tempo;

983 3179 54 22 cib'ô
1051 3180 17 22 il
1090 3180 100 28 signore
1208 3180 119 25 Giacomo
1346 3184 25 20 di
1390 3185 62 20 tutto

982 3214 183 27 largamente-e
1177 3218 45 17 con
1238 3218 81 24 gusto,
1332 3216 72 22 tornô
1418 3218 43 20 al--

982 3246 102 22 l’usanza
1099 3247 128 21 anticadel
1243 3250 120 24 prendere
1374 3249 78 22 tabac-

983 3285 36 19 co,
1029 3280 134 25 dondplare
1173 3281 21 20 la
1207 3282 91 20 scatola
1309 3288 14 15 e
1334 3283 115 27 ripetere:

982 3312 70 26 bene,
1065 3312 36 22 sia
1113 3312 46 22 che
1171 3313 173 28 c’incastrasse,
1356 3316 34 21 sia
1406 3316 44 22 che

981 3345 21 21 ci
1014 3347 78 19 stesse
1104 3351 70 17 corne
1186 3346 108 22 Barabbà
1305 3349 39 20 nel
1353 3349 95 23 'Passio:

981 3384 102 16 avvezzo
1096 3385 13 15 a
1120 3379 87 22 vivere
1223 3379 35 22 fra
1271 3382 72 26 gente
1355 3382 24 22 di
1392 3384 56 27 ogni

980 3412 114 26 maniera,
1107 3418 13 15 e
1132 3418 45 22 per
1184 3415 84 20 natura
1277 3413 112 28 discreto,
1401 3422 48 16 non

980 3445 137 28 essendogli
1130 3445 60 22 fatto
1202 3448 79 20 motto
1297 3444 40 23 de!
1344 3450 102 26 parenti,

980 3477 51 28 capi
1044 3478 45 22 che
1100 3484 50 16 non
1163 3485 31 16 ne
1211 3480 96 21 doveva
1319 3486 94 18 cercare
1434 3489 14 15 e

978 3516 49 16 non
1037 3517 31 15 ne
1079 3512 71 22 cercò
1160 3518 6 19 ;
1179 3513 54 21 solo
1246 3513 34 26 gli
1293 3516 155 23 parvedisdi-

979 3545 86 21 cevole
1086 3544 129 23 affrettarsi
1232 3552 14 15 a
1258 3551 147 23 consegnare
1423 3550 23 20 al

978 3577 113 28 generale
1097 3578 23 20 le
1128 3578 87 22 lettere
1221 3584 13 15 a
1245 3579 33 21 lui
1286 3579 117 23 confidate
1408 3582 38 21 dal

977 3610 86 28 signer
1071 3609 151 27 Giacomini,
1236 3617 51 16 non
1299 3611 43 21 che
1354 3613 23 20 le
1391 3621 55 20 pro-

977 3643 63 27 prie:
1054 3648 13 15 a
1085 3645 86 25 questo
1194 3649 76 22 scopo
1287 3644 51 21 usci
1351 3646 24 20 di
1392 3652 53 17 casa

977 3678 188 25 accompagnato
1184 3677 31 21 da
1237 3677 125 22 Altobello
1372 3684 6 19 ;
1402 3686 44 20 per

977 3710 38 21 via
1026 3714 113 22 seppero,
1154 3709 44 21 che
1209 3711 24 20 lo
1246 3710 120 22 sciaurato
1372 3711 73 22 Bran-

1482 2819 31 22 do
1531 2826 40 16 era
1583 2824 62 23 sfato
1657 2824 105 23 rimesso
1780 2826 26 22 in
1817 2827 97 25 braccio
1933 2830 22 22 ai

1482 2853 168 29 confortatori,
1660 2862 15 16 e
1684 2859 178 24 altramontare
1871 2862 40 22 del
1919 2869 37 17 so-

1481 2886 22 20 le
1516 2888 101 22 sarebbe
1629 2891 63 21 stato
1705 2892 140 26 giustiziato
1854 2901 5 19 ;
1873 2896 7 20 i
1899 2901 57 16 con-

1481 2919 79 26 giunti
1568 2923 53 20 suoi
1634 2928 75 17 avéré
1720 2928 83 24 sporta
1815 2929 140 26 supplicaal

1481 2954 115 26 generale
1604 2956 90 25 perché
1704 2958 22 21 la
1735 2959 74 21 corda
1814 2963 105 21 mutasse
1928 2963 26 21 in

1480 2985 153 29 fucilazione,
1645 2995 40 16 ma
1697 2996 49 17 non
1755 2997 83 18 essere
1847 2996 108 20 stataac-

1481 3020 62 22 colta
1551 3027 6 18 ;
1576 3021 142 25 fìnalmente
1737 3025 108 23 sboccati
1857 3028 96 22 dinanzi

1481 3053 21 21 al
1512 3054 92 26 palazzo
1616 3055 40 22 del
1673 3056 119 24 Governo
1810 3060 85 22 videro
1912 3068 42 21 pa-

1481 3087 80 21 recclii
1572 3090 136 25 capannelli
1715 3091 116 23 dintorno
1843 3094 47 21 aile
1897 3100 56 22 por-

1480 3122 32 24 te,
1525 3126 13 15 e
1549 3120 26 22 in
1587 3127 79 16 mezzo
1679 3124 54 22 loro
1750 3131 48 16 una
1807 3128 100 21 ventina
1926 3128 24 22 di

1479 3154 93 21 uomini
1584 3160 14 15 a
1607 3156 95 22 cavallo
1711 3163 5 20 ;
1734 3159 80 26 questi
1826 3160 84 22 vestiti
1926 3161 25 21 di

1479 3186 75 22 assisa
1578 3188 135 23 soldatesca
1724 3197 50 15 non
1787 3192 20 21 si
1828 3196 123 23 pôtevano

1479 3219 66 26 dire;
1562 3222 130 22 tutiavolta
1704 3226 138 24 portavono
1854 3226 98 23 abitou-

1478 3253 105 22 niforme
1599 3254 23 21 di
1640 3261 64 21 pano
1725 3262 80 22 scuro,
1833 3260 119 27 schioppo

1478 3290 13 16 e
1516 3286 157 27 banderuola,
1692 3290 116 25 sciabola,
1829 3292 89 26 pistola
1937 3299 13 14 e

1477 3318 101 22 stilletto
1588 3326 6 19 ;
1605 3320 25 20 in
1642 3326 62 21 capo
1714 3328 31 15 un
1758 3323 141 22 berrettone
1909 3330 42 16 ne-

1476 3356 28 17 ro
1514 3354 131 25 appuntato
1653 3359 48 16 con
1711 3360 79 23 nappa
1801 3357 27 21 in
1839 3358 63 21 cima
1909 3364 42 21 pa-

1476 3384 105 22 rimente
1590 3391 58 16 nere
1655 3392 6 20 ;
1675 3390 149 21 montavano
1842 3391 56 21 tutti
1911 3396 38 16 ca-

1475 3418 58 21 valli
1546 3418 64 22 côrsi
1620 3421 76 21 scarsi
1706 3422 23 21 di
1741 3423 87 21 altezza
1837 3430 13 15 e
1862 3424 25 22 di
1900 3430 49 16 car-

1475 3457 39 19 ne,
1527 3452 24 20 di
1564 3453 55 26 pelo
1640 3454 23 21 la
1672 3455 43 25 più
1729 3458 69 24 parte
1810 3462 80 21 sauro,
1906 3464 44 20 pe-

1474 3484 27 21 rô
1512 3484 102 28 inquieti
1626 3492 13 15 e
1655 3487 26 21 di
1693 3489 145 25 guardatura
1848 3491 101 21 salvati-

1474 3522 27 16 ca
1510 3524 5 18 ;
1528 3519 54 20 altri
1594 3519 37 21 sei
1642 3520 87 22 cavalli
1739 3521 43 26 più
1793 3524 155 25 appariscen-

1473 3552 19 19 11
1502 3555 13 15 e
1527 3552 184 27 avvantaggiati
1719 3555 103 21 stavano
1835 3556 23 20 in
1868 3562 79 16 mezzo

1473 3583 174 23 bardamentati
1670 3586 24 20 di
1715 3588 63 20 tutto
1798 3591 84 24 punto,
1907 3595 39 16 ma

1473 3616 67 21 vuoti
1551 3622 6 19 ;
1569 3618 37 20 tra
1629 3619 81 26 questi
1721 3620 113 22 mirabile
1850 3627 50 16 uno
1920 3622 24 21 di

1473 3654 62 15 razza
1558 3650 80 26 araba,
1651 3654 85 19 storno
1760 3658 47 16 con
1825 3660 83 16 morso
1930 3661 14 15 e

1473 3682 67 21 staffe
1549 3682 47 21 alla
1605 3686 68 19 turca
1684 3685 25 20 di
1722 3689 108 24 argento,
1840 3688 23 20 la
1877 3689 68 26 gual-

1473 3715 88 27 drappa
1573 3716 25 20 di
1609 3717 95 21 velluto
1716 3717 155 24 chermesino
1882 3721 62 21 rica-

1982 2835 65 20 mato
2062 2834 25 21 in
2109 2840 44 17 oro
2164 2836 48 20 alla
2227 2837 101 26 grande.
2346 2836 112 23 Natural-

1982 2869 80 19 mente
2069 2872 64 16 vene
2141 2867 60 23 fatto
2209 2869 23 21 ai
2239 2870 78 20 nostri
2325 2875 132 23 personag-

1981 2899 25 27 gi
2017 2900 25 20 di
2055 2900 147 22 domandare
2214 2903 23 19 la
2252 2908 72 15 causa
2335 2903 23 21 di
2373 2904 85 21 codes-

1981 2934 24 19 ta
2014 2932 111 27 adunata,
2136 2939 14 15 e
2159 2934 38 21 cui
2204 2937 205 25 appartenessero
2417 2942 40 16 co-

1980 2965 56 21 testi
2049 2967 88 21 cavalli
2146 2973 6 15 :
2165 2967 30 21 da
2206 2968 125 28 principio
2343 2974 49 17 non
2405 2972 52 20 tro-

1980 3003 93 17 varono
2081 2999 39 21 chi
2127 3001 97 21 volesse
2232 3002 56 21 loro
2301 3002 153 27 rispondere,

1980 3036 38 16 ma
2029 3033 97 25 quando
2139 3033 172 23 dicluararono
2324 3041 50 16 uno
2383 3036 24 21 di
2418 3042 38 16 es-

1980 3064 20 21 si
2017 3064 130 23 forestiero
2160 3072 14 15 e
2186 3066 78 23 Taltro
2281 3068 89 27 giunto
2388 3070 66 27 dopo

1978 3097 71 28 lunga
2062 3104 97 16 assenza
2167 3100 18 20 il
2195 3100 91 27 giorno
2296 3103 157 25 precedente,

1978 3136 105 21 seppero
2098 3132 23 21 la
2132 3134 123 21 cavalcata
2272 3134 99 22 doveva
2386 3142 68 16 mor-

1979 3164 64 21 versi
2052 3170 14 16 a
2075 3165 111 22 ricevere
2192 3166 205 29 l’ambasciatore,
2408 3170 45 21 che

1978 3196 18 21 il
2006 3202 27 16 re
2044 3197 26 21 di
2082 3197 101 23 Francia
2193 3201 88 21 manda
2282 3207 31 16 va
2319 3203 26 20 al
2356 3202 97 22 Gover-

1978 3235 32 16 no
2019 3230 24 21 di
2059 3230 113 27 Corsiea,
2187 3235 87 21 cotesti
2288 3236 88 21 cavalli
2386 3239 67 24 spet-

1977 3264 50 20 tare
2043 3264 25 21 ai
2080 3266 154 22 comandanti
2248 3267 137 27 Valentini,
2398 3268 56 22 Ser-

1977 3296 103 26 pentini,
2093 3296 99 23 Saliceti
2210 3299 31 21 ed
2255 3300 44 21 alri
2307 3307 6 19 ;
2329 3301 90 22 l’arabo
2436 3308 15 15 a

1976 3333 41 15 sua
2037 3330 134 21 eccellenza
2191 3332 18 21 il
2229 3334 115 25 generale
2352 3340 6 19 ;
2380 3340 71 17 aver-

1976 3361 73 27 glielo
2062 3363 115 22 mandato
2189 3370 13 15 a
2211 3367 111 26 regalare
2336 3367 17 21 il
2365 3367 52 29 Bey
2425 3369 25 21 di

1975 3393 94 27 Tunisi,
2088 3396 92 26 perché
2191 3397 17 21 il
2224 3400 117 25 generale
2356 3400 93 28 impedi

1975 3427 214 28 saccheggiassero
2205 3436 47 16 una
2265 3437 44 16 sua
2320 3438 64 18 nave
2395 3436 56 21 data

1974 3459 26 21 in
2010 3465 71 16 secco
2093 3467 30 15 su
2133 3463 24 20 la
2168 3463 112 29 spiaggia
2288 3465 25 22 di
2325 3467 93 27 Aleria,
2433 3475 15 15 e

1972 3495 220 22 manomettessero
2203 3497 24 20 la
2241 3498 107 28 ciurma;
2362 3501 25 21 in
2405 3508 43 16 co-

1972 3527 62 20 testa
2053 3528 131 21 occasione
2206 3535 84 18 essere
2314 3534 80 22 uscito
2414 3542 32 15 un

1972 3558 79 22 bando
2060 3560 144 28 bellissimo,
2215 3563 96 28 ilquaîe
2319 3567 132 23 insostan-

1970 3597 27 15 za
2006 3592 94 26 diceva,
2115 3593 44 22 che
2170 3594 93 25 Fuomo
2272 3600 95 27 colpito
2385 3602 64 21 dalla

1971 3623 96 22 fortuna
2084 3631 51 16 non
2148 3627 62 22 deve
2227 3631 43 26 più
2282 3633 166 24 considerarsi

1970 3658 216 27 turco,ebreo,anzi
2193 3665 98 21 nemico
2298 3666 71 22 bensì
2375 3673 71 17 sven-

1970 3691 87 25 turato,
2068 3697 13 15 e
2087 3697 70 18 corne
2164 3696 49 21 taie
2222 3702 97 17 correre
2326 3699 123 29 l’obbligo

1970 3728 12 15 a
1994 3724 55 21 tutti
2059 3725 24 21 di
2093 3727 157 24 confortarlo.

2193 3763 11 28 (
2208 3763 148 33 Cuntinua)
