2484 3859
323 109 444 53 GIURNALÏ

100 238 36 20 La
147 236 88 21 faillite
248 235 30 21 de
288 231 218 24 l’administration

248 273 30 14 en
290 266 76 21 Corse

96 321 44 20 Les
148 319 127 20 conditions
289 318 62 18 dans
367 315 120 24 lesquelles
503 314 35 19 les

69 347 113 22 Pouvoirs
186 345 90 25 publics
286 343 124 21 entendent
417 342 74 24 régler
498 340 39 20 dé-

68 375 152 24 finitivement
243 372 31 19 les
296 370 111 21 relations
433 368 105 24 postales

69 401 126 21 maritimes
203 402 62 17 entre
272 398 24 20 la
308 398 69 19 Corse
384 398 24 17 et
421 396 23 19 le
463 394 75 20 Conti-

68 431 57 18 nent
133 427 144 24 témoignent,
288 431 45 13 une
340 424 46 24 fois
395 423 30 19 de
431 422 63 24 plus,
504 422 33 18 du

69 456 84 24 mépris
170 460 57 14 avec
239 452 76 25 lequel
333 453 52 17 sont
397 449 100 22 traitées,
520 449 16 19 à

69 483 76 21 Paris,
155 482 34 19 les
194 480 114 25 questions
324 477 93 21 d'ordre
425 476 112 20 économi-

68 516 46 18 que
135 509 43 24 qui
201 507 133 20 intéressent
351 507 65 18 notre
432 504 106 23 départe-

68 538 68 18 ment.
146 536 31 20 Et
182 536 53 19 c'est
244 537 59 21 pour
310 539 59 14 nous
388 538 45 13 une
446 530 92 25 profon-

68 564 30 20 de
106 562 145 21 humiliation
257 561 28 19 de
292 560 88 20 relever
390 558 148 25 Vindifféren-

68 598 26 13 ce
106 591 32 19 du
149 590 176 24 gouvernement
342 588 29 18 de
386 587 26 19 la
427 585 111 24 Républi-

68 624 52 19 que,
137 619 90 18 surtout
256 615 90 23 lorsque
361 619 59 14 nous
436 612 102 20 considé-

68 651 54 14 rons
138 643 84 24 l'effort
230 642 138 24 prodigieux
383 645 46 19 que
447 639 48 24 fait
515 638 22 19 le

66 672 177 24 gouvernement
261 668 81 20 italien
359 674 27 13 en
399 666 85 25 faveur
496 666 42 19 des

67 699 43 20 îles
117 697 221 21 méditerranéennes

92 726 36 20 En
145 724 84 21 dehors
243 724 40 19 des
298 722 111 20 relations
431 726 107 15 commer-

67 753 71 20 ciales
155 752 143 25 qu’assurent
314 750 42 19 des
372 749 74 24 lignes
462 747 76 21 multi-

66 781 58 24 ples,
134 786 28 13 en
171 778 83 21 dehors
273 777 41 20 des
331 776 97 20 services
447 775 42 25 qui
504 781 34 14 re-

67 809 57 19 lient
128 807 145 20 directement
280 806 16 18 à
308 804 78 23 Gênes,
395 804 16 19 à
419 802 94 26 Naples,
521 808 17 13 a

67 835 121 22 Livourne,
204 834 17 19 à
237 832 113 25 l’Afrique
364 832 32 19 du
409 831 67 20 Nord
487 832 51 17 tous

66 863 35 19 les
105 864 67 22 ports
176 861 43 19 des
223 860 120 25 provinces
356 859 123 20 insulaires
492 858 51 19 ita-

66 890 94 22 liennes,
185 894 58 14 nous
261 893 87 14 savons
364 886 72 25 qu’un
453 885 86 20 service

67 916 118 26 quotidien
199 916 17 19 à
227 915 88 24 grande
327 915 83 19 vitesse
431 912 108 21 rattache

68 944 26 20 la
120 943 134 24 Sardaigne
273 942 16 19 à
314 937 96 24 FÎtalie:
429 947 59 14 nous
501 946 38 14 sa-

66 977 57 14 vons
146 977 45 18 que
221 969 52 25 déjà
295 971 75 18 avant
399 969 25 19 la
448 974 89 19 guerre,

65 999 42 19 des
127 998 93 20 navires
230 997 29 20 de
266 997 53 19 luxe
334 997 16 19 à
364 997 65 23 vingt
457 995 82 20 noeuds

66 1027 108 19 reliaient
183 1025 103 21 Palerme
297 1025 16 19 à
322 1024 94 24 Naples,
424 1026 25 18 et
456 1024 22 19 le
484 1029 55 18 gou-

61 1055 137 19 vernement
220 1052 77 20 italien
332 1058 25 13 se
383 1054 99 22 propose
509 1051 31 19 de

65 1084 80 22 porter
156 1082 16 19 à
181 1080 61 20 deux
249 1080 97 20 services
350 1082 47 22 par
402 1079 56 25 jour
465 1079 22 20 le
494 1084 45 14 ser-

66 1109 50 20 vice
126 1108 85 25 rapide
219 1110 61 17 entre
288 1107 25 20 la
323 1107 69 20 Sicile
405 1109 23 17 et
444 1106 93 20 l’Italie.

91 1136 32 20 Le
141 1137 175 24 gouvernement
330 1135 30 19 de
382 1132 32 23 M.
419 1133 122 22 Mussolini

64 1163 49 25 fait
130 1164 85 19 mieux.
224 1163 86 23 Depuis
331 1162 111 25 quelques
457 1161 83 20 semai-

65 1198 48 15 nes,
127 1191 21 20 il
153 1197 17 13 a
178 1190 106 21 rattaché
294 1190 25 19 la
337 1189 132 25 Sardaigne
482 1189 16 19 à
515 1188 24 20 la

69 1219 67 20 Corse
158 1221 48 22 par
221 1225 31 13 un
271 1218 87 19 service
378 1217 126 25 quotidien.
518 1216 24 20 Il

65 1247 117 23 s’apprête
193 1247 17 19 à
224 1245 64 21 relier
304 1245 84 20 Bastia
393 1245 17 19 à
426 1244 114 20 Livourne

63 1277 49 21 par
122 1280 31 13 UÎÎ
172 1274 85 20 serz>ice
267 1272 216 21 bi-hebdomadaire
498 1272 43 24 qui

65 1301 126 20 deviendra
203 1307 56 14 sans
265 1301 70 19 doute
344 1300 118 25 quotidien
467 1302 25 17 et
498 1300 43 24 qui

65 1335 53 14 sera
126 1328 98 25 effectué
226 1332 46 21 par
280 1328 43 20 des
336 1328 91 20 navires
446 1327 29 20 de
487 1327 53 20 luxe

66 1357 15 19 à
93 1357 91 24 grande
192 1357 86 19 vitesse.

94 1384 118 20 Comment
218 1386 89 18 veut-on
319 1389 47 19 que
373 1382 109 26 l’opinion
497 1386 43 21 pu-

65 1412 79 24 blique
151 1418 30 14 ne
188 1412 46 20 soit
238 1414 45 22 pas
291 1412 65 19 émue
364 1417 27 14 en
407 1413 133 18 constatant

64 1439 67 20 l’état
141 1439 138 20 "d'abandon
301 1439 62 20 dans
379 1438 78 25 lequel
466 1438 74 20 l’Etat

63 1466 106 25 français
177 1473 58 14 nous
246 1467 68 20 laisse
323 1473 57 14 avec
391 1473 32 13 un
435 1467 104 23 désespé-

64 1497 55 18 rant
123 1495 125 24 parti-pris
254 1494 13 20 ?

92 1523 82 23 Certes,
184 1529 57 13 nous
248 1523 97 20 h’avons
361 1523 64 19 cessé
442 1522 30 20 de
485 1525 54 21 pro-

65 1550 87 20 clamer
158 1553 25 17 et
189 1556 58 14 nous
254 1550 21 20 le
290 1550 147 24 proclamons
458 1556 80 14 encore

64 1584 46 18 que
121 1578 26 20 la
158 1578 89 20 France
255 1584 15 14 a
280 1578 49 24 fait
336 1578 30 20 de
373 1577 79 20 lourds
467 1578 71 19 sacri-

63 1606 56 24 fices
131 1609 61 21 pour
205 1605 25 21 la
246 1605 72 23 Corse,
338 1605 83 25 qu’elle
438 1612 30 13 en
490 1605 49 24 fait

64 1636 51 17 tous
122 1634 34 19 les
160 1633 74 25 jours.
242 1633 61 20 Mais
310 1640 43 13 son
354 1633 74 25 effort
435 1636 35 17 est
481 1633 56 20 vain

61 1664 72 21 parce
149 1661 85 25 qu’une
255 1661 186 20 administration
454 1664 84 21 coupa-

63 1689 39 19 ble
113 1689 91 24 relègue
212 1695 31 14 au
247 1688 90 21 dernier
345 1689 67 24 plan,
430 1688 35 20 les
477 1688 60 21 solu-

63 1717 60 19 tions
140 1716 90 21 d’ordre
245 1718 151 23 économique,
414 1716 34 20 les
463 1716 74 20 seules

66 1745 43 24 qui
117 1760 3 3 .
131 1751 28 13 en
173 1744 115 24 définitive
298 1747 102 22 peuvent
413 1750 57 14 nous
484 1747 52 21 per-

64 1774 80 18 mettre
151 1772 31 20 de
188 1772 68 20 sortir
265 1772 31 20 du
310 1778 115 14 marasme
437 1772 61 20 dans
504 1772 32 20 le-

64 1800 55 24 quel
127 1806 60 14 nous
193 1805 58 15 nous
267 1800 123 20 débattons
406 1799 130 25 désespéré-

62 1829 70 18 ment.

90 1855 31 20 Et
128 1861 88 14 comme
219 1858 57 22 pour
282 1856 118 24 souligner
407 1856 25 19 la
441 1861 95 14 carence

62 1883 42 20 des
111 1883 112 20 Pouvoirs
231 1883 96 24 publics,
343 1890 29 13 on
380 1889 58 14 nous
446 1883 87 24 envoie,
545 1890 2 13 \

64 1917 33 13 au
105 1916 52 15 nom
166 1911 29 19 de
210 1911 24 19 la
243 1911 91 20 Société
339 1911 41 20 des
385 1910 150 24 Nations,des

63 1938 101 20 hommes
196 1939 109 19 éminents
341 1939 42 24 qui
390 1939 145 23 proclament

64 1966 49 20 urbi
128 1969 23 17 et
166 1966 51 20 orbi
241 1966 33 20 les
283 1966 140 25 prodigieux
436 1967 98 24 progrès

62 1994 56 24 qu’a
126 1994 125 24 accomplis
262 1994 86 20 l'Italie
364 1994 61 20 dans
442 1994 25 20 la
475 1994 59 20 lutte

62 2024 78 17 contre
148 2021 22 20 le
176 2021 136 25 paludisme.
322 2022 45 20 Les
382 2023 84 19 mêmes
470 2021 63 21 hom-

63 2055 49 14 mes
127 2051 129 18 constatent
274 2056 58 14 avec
356 2055 45 14 non
417 2050 74 20 moins
502 2050 31 19 de

61 2076 118 23 solennité,
193 2079 25 18 et
222 2079 55 23 peut
284 2078 48 19 être
338 2080 49 22 trop
395 2077 138 25 légèrement

61 2110 46 18 que
114 2104 94 21 l’oeuvre
216 2105 28 19 de
251 2105 23 20 la
290 2105 96 22 France,
396 2111 29 14 en
440 2105 44 20 Cor
482 2111 50 18 se,a

64 2132 83 20 abouti
153 2133 17 19 à
178 2133 25 20 la
211 2132 83 25 faillite
302 2133 102 20 absolue.

90 2159 86 21 Tandis
184 2167 45 18 que
236 2161 44 20 l’on
283 2161 107 24 poursuit
400 2161 30 20 de
448 2161 84 20 l’autre

61 2188 52 19 côté
117 2188 34 20 du
158 2188 85 21 détroit
255 2189 160 24 d’importants
430 2191 102 18 travaux

61 2215 101 20 d’utilité
170 2216 117 24 publique,
302 2217 108 23 pendant
422 2222 46 19 que
484 2217 46 20 Von

61 2244 111 19 construit
179 2244 41 20 des
235 2244 62 20 voies
308 2244 94 25 ferrées,
420 2250 46 19 que
483 2244 46 21 l’on

60 2271 86 20 achève
154 2271 22 20 le
184 2272 80 19 réseau
279 2271 42 21 des
330 2275 81 19 routes,
421 2278 46 18 que
483 2273 47 20 l’on

60 2298 55 20 dote
122 2298 52 21 Vile.
183 2299 86 20 voisine
277 2299 57 20 d’un
341 2299 139 26 formidable
488 2307 42 14 ou-

60 2326 88 24 tillage,
170 2327 31 20 ici
215 2327 43 21 l’on
275 2330 85 22 oppose
376 2334 56 13 avec
449 2335 32 13 un
495 2335 35 18 cy-

61 2354 74 20 nisme
143 2355 114 19 révoltant
263 2357 62 18 toute
338 2356 23 19 la
369 2355 62 25 force
447 2356 83 20 d’iner-

64 2382 31 18 tie
103 2381 69 21 d’une
181 2382 185 21 administration
382 2384 146 21 somnolente.

84 2409 70 21 Alors
167 2416 47 19 que
229 2410 24 20 la
267 2410 131 25 Sardaigne
415 2417 15 14 a
448 2412 84 21 réalisé

60 2439 59 17 cette
134 2438 140 24 magnifique
290 2444 78 15 oeuvre
384 2439 32 20 du
428 2439 102 26 barrage

60 2465 32 19 du
111 2464 72 24 Tirzo,
205 2466 61 19 alors
280 2466 82 24 qu'elle
374 2467 106 24 poursuit
496 2468 34 21 les

62 2494 100 19 travaux
174 2493 32 20 du
217 2493 120 25 Coghinas,
347 2494 33 20 du
395 2494 43 22 Rio
447 2493 80 25 Manu,

60 2519 33 20 du
102 2520 154 21 Flumendosa
264 2522 41 24 qui
320 2523 92 19 coûtent
423 2523 42 20 des
478 2530 51 14 cen-

61 2548 77 20 taines
145 2549 31 19 de
183 2549 104 22 millions,
297 2550 32 20 ici
336 2557 29 13 on
374 2557 95 14 renonce
477 2558 49 14 aux

60 2576 138 20 minuscules
215 2577 85 24 projets
319 2578 33 20 du
363 2578 114 24 Lancone,
495 2580 33 20 du

61 2603 60 22 Golo,
134 2604 30 19 de
186 2604 26 20 la
227 2604 105 21 Gravona
353 2612 54 14 sous
422 2607 42 20 des
474 2608 54 24 pré-

61 2633 72 18 textés
140 2632 137 21 malhabiles
284 2634 44 23 qui
336 2634 96 20 cachent
446 2635 50 20 mal
501 2635 26 20 la

61 2658 92 20 volonté
158 2659 31 20 de
202 2666 30 13 ne
247 2660 47 21 rien
309 2661 63 24 faire
389 2665 62 22 pour
466 2664 62 19 amé-

59 2686 68 20 liorer
134 2686 23 21 la
163 2687 109 21 situation
278 2688 29 21 de
315 2689 55 21 File.

589 229 69 20 Alors
675 234 44 19 que
747 227 186 24 l’électrification
961 225 30 19 de
1008 224 26 19 la

564 256 132 24 Sardaigne
713 262 16 12 a
751 256 37 18 été
799 254 96 20 réalisée
911 253 61 19 dans
993 251 41 20 des

563 283 129 19 conditions
708 282 65 19 telles
790 287 45 18 que
856 280 25 19 la
896 279 137 25 production

563 310 116 24 d’énergie
687 309 121 24 électrique
821 308 98 23 dépasse
936 309 51 17 tous
999 306 34 19 les

562 337 98 22 besoins,
669 336 36 21 ici,
711 336 56 20 rien,
777 334 144 20 absolument
928 334 49 19 rien
994 333 38 19 n'a

562 365 38 18 été
603 363 48 24 fait
659 365 24 17 et
687 369 58 13 nous
761 368 58 14 nous
832 361 143 20 demandons
996 360 39 19 s'il

562 397 29 13 ne
597 390 89 24 faudra
691 393 47 21 pas
746 395 32 14 un
783 389 54 24 jour
842 391 104 21 accepter
959 387 74 24 l'offre

562 417 136 20 humiliante
706 417 42 24 qui
755 423 58 13 nous
820 422 17 14 a
845 417 39 18 été
883 416 61 24 faite
952 416 29 19 de
999 421 34 13 re-

562 445 75 19 cevoir
648 445 16 19 à
673 446 88 18 travers
771 444 23 19 le
809 443 84 20 détroit
908 442 126 21 l'excédent

562 472 29 20 de
599 472 107 24 l’énergie
716 471 122 25 électrique
846 471 30 19 de
881 470 24 20 la
925 470 108 25 province

562 499 30 20 de
600 499 109 20 Sassari!

587 529 63 20 Mais
671 535 58 14 nous
747 535 97 14 sommes
861 528 106 25 gratifiés
986 530 48 22 par

563 559 77 18 contre
657 557 225 20 d’administrateurs
889 556 58 20 doîit
957 562 30 13 on
1003 562 30 13 ne

563 587 53 16 veut
628 584 62 19 dans
703 591 76 13 aucun
793 584 164 24 département,
976 583 58 19 dont

562 611 34 19 les
603 612 82 22 nègres
702 618 30 12 ne
748 611 92 19 veulent
856 614 53 20 pas,
920 616 32 14 au
966 610 68 24 point

563 638 59 24 qu’il
631 644 60 13 nous
704 640 35 17 est
752 638 87 24 permis
854 638 30 19 de
900 638 72 19 croire
987 643 46 18 que

562 665 34 19 les
602 665 113 20 Pouvoirs
720 666 92 23 publics
819 666 63 19 n'ont
887 668 47 22 pas
955 667 49 18 tout
1015 665 17 19 à

561 692 47 24 fait
615 692 79 20 oublié
699 692 25 20 la
735 693 68 20 Corse
807 693 124 24 puisqu’ils
941 698 92 14 consen-

563 722 48 17 tent
622 720 17 19 à
660 720 25 19 la
702 720 128 20 considérer
853 726 81 15 encore
948 726 85 14 comme

563 753 31 14 un
602 747 109 25 dépotoir.

590 781 42 19 Ces
640 782 168 23 représentants
815 781 33 20 du
855 782 179 20 Gouvernement

557 809 22 19 -à
587 808 25 20 la
618 808 73 20 vérité
697 811 41 17 ont
744 809 51 19 leur
802 809 93 20 mission
908 810 17 19 à
932 809 100 25 remplir;

563 836 30 20 ils
600 838 41 17 ont
654 836 41 20 des
707 842 114 14 rancunes
833 837 16 19 à
857 835 122 24 *assouvir,
992 837 43 20 des

564 863 97 25 budgets
668 864 17 19 à
689 866 79 17 mettre
776 870 32 14 au
813 864 97 25 pillage,
912 865 43 19 des
959 864 76 21 électi-

564 897 42 14 ons
616 891 16 19 à
645 891 128 25 fabriquer.

588 921 59 22 Rien
654 928 30 13 ne
691 921 34 20 les
732 925 79 18 rebute
817 930 6 13 :
833 924 60 19 abus
900 923 41 20 des
949 923 44 20 lois
1000 930 35 14 so-

565 949 77 23 ciales,
670 950 99 24 gabegie
794 950 100 25 éhontée,
918 951 117 24 pressions

564 976 164 21 scandaleuses
734 979 31 22 et,
776 978 113 21 brochant
895 985 41 14 sur
947 979 22 20 le
976 981 58 21 tout,

564 1004 124 21 scandales
716 1005 41 20 des
784 1008 91 18 carnets
905 1007 128 24 médicaux,

565 1032 111 20 scandale
699 1033 30 19 de
757 1033 159 24 l’Assistance;
931 1034 40 20 les
992 1035 44 20 lois

565 1059 97 21 sociales
669 1060 116 20 devenant
789 1062 149 24 uniquement
942 1062 42 20 des
992 1062 44 21 lois

565 1087 132 21 électorales
703 1094 55 14 sous
762 1088 83 25 l’égide
852 1092 24 17 et
880 1096 57 14 avec
942 1090 25 20 la
977 1097 59 13 com-

563 1115 81 24 plicité
654 1115 42 21 des
702 1117 169 23 représentants
883 1118 33 20 du
935 1118 102 20 Pouvoir

566 1143 93 20 central.

593 1173 112 26 Qu’est-ce
711 1180 45 19 que
764 1175 50 20 cela
821 1176 48 24 fait
877 1176 11 20 ?
896 1176 61 21 C’est
963 1176 74 21 l’Etat

566 1202 41 24 qui
608 1204 69 22 paye.
688 1202 83 21 L’Etat
786 1204 42 24 qui
843 1204 40 20 n’a
894 1204 70 24 point
974 1204 63 21 d’ar-

564 1232 55 21 gent
628 1232 63 21 pour
707 1236 59 14 nous
781 1231 87 20 donner
888 1232 34 20 les
939 1233 98 20 services

566 1257 126 20 maritimes
699 1258 58 24 qu'il
762 1265 58 14 nous
825 1258 56 25 faut
885 1267 10 15 ;
910 1260 74 20 l’Etat
995 1261 43 24 qui

566 1287 34 17 est
604 1284 50 25 fort
658 1288 90 21 pauvre
756 1289 61 22 pour
824 1287 100 20 détruire
932 1288 22 19 le
971 1288 65 24 fléau

565 1313 42 23 qui
617 1312 87 21 décime
724 1319 43 14 nos
772 1313 100 25 plaines,
891 1315 61 20 mais
963 1316 74 20 l’Etat

565 1340 42 24 qui
613 1342 36 18 est
656 1346 67 15 assez
730 1341 64 20 riche
802 1345 60 22 pour
881 1343 70 24 qu’on
956 1343 80 25 puisse

562 1368 81 23 puiser
650 1369 16 19 à
672 1368 91 25 pleines
774 1370 77 20 mains
858 1371 62 20 dans
933 1377 37 14 ses
977 1371 59 20 cais-

564 1401 45 17 ses;
615 1396 43 24 qui
664 1402 26 14 se
695 1396 70 21 laisse
770 1404 91 18 gruger,
868 1399 63 19 voler
936 1402 60 21 pour
1010 1399 26 20 la

564 1423 61 20 seule
632 1424 146 24 satisfaction
787 1426 29 20 de
830 1427 134 20 misérables
976 1427 60 20 inté-

564 1452 46 19 rêts
614 1451 136 22 électoraux.

588 1481 32 21 Et
628 1488 47 19 que
682 1482 46 21 l’on
741 1490 29 14 ne
786 1485 33 24 s’y
833 1487 87 23 trompe
929 1488 53 22 pas,
996 1486 39 19 l’é-

564 1511 37 18 tat
616 1510 31 20 de
671 1510 77 21 choses
769 1518 46 19 que
831 1519 59 14 nous
905 1513 130 25 dénonçons

564 1537 58 20 n’est
625 1541 49 21 pas
684 1539 124 21 seulement
819 1540 181 25 d’aujourd’hui;
1016 1541 21 20 il

563 1565 58 20 n’est
625 1569 48 21 pas
680 1566 83 24 d’hier;
768 1567 21 21 il
799 1568 53 20 s’est
864 1569 124 24 manifesté
996 1569 39 20 de-

560 1593 55 24 puis
619 1594 57 24 plus
683 1594 54 20 d’un
750 1595 68 20 siècle
823 1599 29 19 et,
860 1603 14 13 c
879 1599 35 17 est
917 1597 53 20 bien
978 1597 26 20 là
1008 1597 25 20 la

560 1620 67 25 faute
633 1621 80 21 lourde
719 1624 105 19 commise
827 1627 48 21 par
880 1627 51 17 tous
938 1624 34 21 les
977 1630 57 19 gou-

562 1652 141 18 vernements
716 1651 44 24 qui
773 1651 112 21 semblent
897 1652 133 22 considérer,

561 1677 96 20 suivant
663 1678 147 25 l’expression
816 1681 72 19 même
895 1680 57 20 d’un
960 1680 73 20 admi-

562 1705 125 20 nistrateur
690 1707 43 23 qui
739 1707 96 20 écrivait
842 1707 20 20 il
869 1714 17 19 y
891 1715 16 13 a
920 1710 52 18 cent
987 1714 45 14 ans

563 1737 13 11 «
583 1738 46 19 que
645 1732 51 21 Vile
709 1740 16 13 a
739 1735 38 19 été
785 1735 60 24 faite
853 1738 61 22 pour
927 1742 38 14 ses
983 1742 48 14 ma-

559 1760 97 24 gistrats
672 1763 24 18 et
711 1768 46 13 non
769 1768 38 14 ses
826 1764 134 24 magistrats
970 1767 62 21 pour

561 1787 42 21 elle
610 1795 9 10 »
631 1788 83 21 C’était
721 1790 64 20 M.de
793 1790 128 21 Beaumont
927 1792 43 25 qui
976 1793 55 20 écri-

561 1816 50 19 vait
615 1823 8 13 :
641 1821 11 11 «
660 1817 37 20 En
735 1818 107 21 arrivant
869 1819 36 23 ici,
940 1819 90 26 chaque

558 1843 170 24 fonctionnaire
738 1849 126 17 commence
865 1850 47 21 par
926 1847 62 25 faire
1004 1848 25 20 la

560 1873 92 19 tournée
660 1872 30 20 de
697 1873 99 24 rigueur.
802 1874 23 20 Il
831 1875 94 20 observe
933 1876 56 24 plus
998 1883 30 14 ou

560 1901 73 19 moins
648 1901 61 23 bien,
722 1902 106 20 raisonne
839 1903 55 24 plus
907 1909 30 14 ou
955 1905 74 20 moins

557 1927 68 25 juste,
633 1928 86 24 adopte
726 1929 42 20 des
778 1930 72 25 plans
851 1931 55 25 plus
914 1937 30 14 ou
955 1933 73 20 moins

559 1956 129 24 ingénieux;
695 1957 55 23 puis
757 1957 21 20 il
780 1958 160 21 s’abandonne
953 1960 74 21 insen-

557 1983 121 20 siblement
685 1990 47 15 aux
745 1985 110 22 douceurs
862 1986 30 21 de
904 1987 26 20 la
938 1989 89 20 routine

558 2011 190 22 administrative.

559 2045 11 11 “
581 2039 64 21 Cette
664 2041 69 24 règle,
743 2042 16 19 à
768 2041 25 20 la
806 2043 79 23 vérité,
906 2044 59 20 n’est
979 2047 48 22 pas

556 2073 57 14 sans
635 2068 162 22 d’honorables
815 2071 137 24 exceptions,
966 2073 61 20 mais

557 2094 55 21 elles
617 2098 54 18 sont
687 2103 64 14 rares
759 2099 24 18 et
796 2098 46 20 l’on
853 2105 16 14 a
885 2102 34 22 pu
933 2100 50 20 dire
996 2100 30 21 de

554 2125 101 23 presque
663 2126 51 19 tous
722 2125 33 20 les
759 2132 122 15 nouveaux
887 2128 140 25 débarqués:

583 2163 11 11 «
603 2154 23 21 Il
629 2155 56 23 voit,
691 2155 48 24 fait
741 2156 42 20 des
788 2157 94 25 projets,
889 2158 74 25 ferme
970 2160 58 20 l’oeil

556 2184 23 18 et
585 2183 19 19 d
604 2183 87 20 endort-
701 2191 12 11 »

580 2213 80 24 Hélas,
677 2220 58 14 nous
751 2221 28 14 en
798 2223 97 15 sommes
911 2218 17 20 à
941 2221 85 22 regret-

556 2243 34 17 ter
603 2247 46 19 que
662 2242 34 20 les
706 2242 200 24 administrateurs
920 2246 29 20 de
961 2248 65 18 notre

555 2271 73 22 temps
641 2276 30 14 ne
687 2271 151 21 s’endorment
841 2275 47 22 pas
897 2273 58 21 d'un
967 2280 59 14 som-

555 2297 55 20 meil
617 2297 155 26 léthargique.
781 2299 52 21 Non
841 2302 126 20 seulement
976 2303 50 20 leur

554 2325 76 20 action
642 2326 57 20 d’est
703 2329 48 22 pas
759 2327 97 24 féconde
871 2330 61 20 mais
938 2330 43 20 elle
991 2333 35 18 est

554 2353 96 25 néfaste’,
659 2354 51 20 leur
716 2355 63 20 seule
796 2357 177 25 préoccupation
991 2361 36 17 est

555 2380 30 20 de
591 2382 126 20 surexciter
730 2383 88 25 l’esprit
831 2384 29 20 de
868 2385 68 24 parti
948 2392 28 13 en
987 2386 38 24 fa-

555 2409 104 20 vorisant
676 2410 33 20 les
726 2417 45 14 uns
789 2414 23 17 et
830 2418 28 14 en
871 2413 108 20 écrasant
991 2414 35 20 les

555 2439 77 18 autres
640 2438 30 19 de
682 2438 53 21 telle
746 2440 103 19 manière
864 2441 70 23 qu’ils
945 2447 29 14 en
988 2448 37 13 ar-

554 2464 74 21 rivent
636 2466 16 19 à
666 2467 122 20 exacerber
804 2467 34 20 les
848 2468 110 24 passions
971 2472 24 17 et
1008 2470 16 20 à

553 2493 62 19 créer
627 2493 62 20 dans
705 2494 22 20 le
738 2497 62 22 pays
815 2501 32 14 un
860 2496 50 19 état
930 2496 96 25 d’esprit

553 2520 43 24 qui
602 2520 93 21 demain
704 2523 115 23 pourrait.
831 2523 95 20 devenir
938 2524 87 25 dange-

552 2553 66 15 reux.

582 2578 73 26 Qu'on
663 2586 31 14 ne
700 2580 50 19 dise
765 2583 46 21 pas
821 2586 46 19 que
874 2587 59 15 nous
949 2582 76 21 allons

553 2609 52 22 trop
614 2607 55 24 fort,
675 2609 71 18 certes
752 2607 69 20 Paris
842 2611 35 17 est
885 2609 73 20 loin...
972 2613 52 22 trop

552 2635 59 22 loin;
620 2634 62 21 mais
701 2640 46 18 que
763 2635 93 20 demain
870 2636 34 20 les
917 2637 108 25 délégués

553 2663 33 19 du
600 2662 102 21 Pouvoir
713 2663 91 20 central
814 2670 26 13 se
856 2663 84 22 livient
961 2666 32 19 ici
1007 2667 16 19 à

553 2696 44 14 une
623 2691 103 24 enquête.
749 2690 33 20 Ils
803 2693 156 20 constateront
978 2700 46 18 que

58 2782 102 23 Fuglillinu
168 2784 19 17 di
192 2784 21 18 A
222 2783 100 19 Muvra—
328 2790 20 13 n-
360 2784 23 19 29
388 2795 23 4 —
418 2785 18 18 di
447 2790 14 13 u
467 2784 61 19 7-8-26

85 2848 240 53 PÂSCtMLB
359 2850 143 48 PÂÔL1

259 2914 65 19 OSSIÀ

104 2948 38 35 La
159 2949 81 36 Rôfk
257 2950 29 35 di
300 2950 176 36 Pmtmuovo

58 3000 160 23 RACONTO
223 3001 107 23 CORSO
337 3002 58 22 DEL
402 3002 124 22 SECOLO

248 3043 84 22 XVIII

279 3084 24 17 DI

153 3121 13 20 è
165 3123 20 18 1.
199 3117 36 24 D.
252 3116 174 27 Guerrâk&i

227 3171 11 26 (
238 3170 110 29 Seguito.)

87 3208 23 21 E’
126 3208 24 20 fu
162 3209 26 20 in
209 3210 81 25 questo
308 3212 89 24 tempo,
417 3210 39 21 chi
468 3211 7 21 i
489 3217 38 15 ca-

58 3241 73 26 pitani
146 3241 23 21 di
183 3241 87 26 Arrigo
285 3241 23 22 II
321 3242 25 21 di
358 3241 105 28 Francia,
475 3249 52 16 rac-

57 3273 78 21 coltisi
155 3279 14 15 a
182 3273 145 28 Castiglione
348 3275 60 21 délia
420 3275 104 27 Pescaia,

57 3305 91 21 misero
171 3306 87 26 partito
269 3312 26 15 se
310 3308 103 20 dovesse
427 3307 56 23 farsi
502 3310 23 20 la

57 3342 103 21 impresa
185 3339 24 20 di
223 3338 106 28 Corsica,
342 3346 13 14 e
378 3340 25 21 fu
416 3341 70 22 vinto
500 3342 25 21 di

57 3369 29 25 si,
107 3370 87 25 perché
207 3371 23 20 di
242 3371 76 22 utilità
339 3373 88 26 grande
438 3379 14 15 a
460 3380 66 15 man-

56 3403 84 19 tenere
159 3403 59 20 viva
238 3403 22 20 la
276 3409 86 22 guerra
378 3405 44 21 che
433 3406 8 21 i
455 3406 72 22 Fran-

57 3439 51 15 cesi
116 3434 181 23 corribattevano
303 3438 154 26 grossissima
468 3444 57 16 con-

57 3467 38 19 tro
118 3466 23 19 le
158 3467 61 20 arrni
239 3467 116 27 imperiali
374 3476 25 15 su
425 3472 54 25 quel
500 3471 24 21 di

59 3496 79 26 Siena,
157 3498 31 20 ed
211 3499 23 20 in
257 3501 57 20 altre
344 3502 59 26 parti
424 3502 100 22 dTtalia.

58 3528 149 23 Mandarono
221 3531 90 22 innanzi
324 3534 123 21 Altobello
460 3535 66 21 Gen-

56 3560 38 21 tili
110 3563 63 20 sotto
185 3563 80 21 colore
276 3565 23 20 di
309 3566 100 21 visitare
422 3567 7 20 i
442 3573 83 20 paren-

57 3595 26 21 ti,
92 3598 39 15 ma
138 3600 24 14 in
174 3597 103 19 sostanza
285 3602 14 15 a
309 3598 154 22 riconoscere
469 3606 57 20 qua-

56 3625 18 20 li
85 3625 25 20 le
123 3625 76 22 difese
213 3633 12 14 e
236 3628 33 26 gli
281 3630 78 20 umori
382 3630 38 20 dei
440 3633 86 19 terraz-

56 3657 52 20 zani
120 3664 6 13 :
142 3660 102 24 tornato,
264 3661 46 25 egli
331 3662 100 21 referiva
444 3664 23 20 le
478 3665 48 25 pri-

553 2791 40 16 me
611 2785 110 27 inferme,
740 2792 48 16 non
809 2789 95 21 avversi
920 2789 7 22 i
940 2796 84 16 secon-

553 2819 33 25 di,
606 2819 95 22 almeno
714 2820 24 20 in
750 2822 75 25 parte.
839 2821 83 22 Allora
933 2823 8 21 i
955 2822 69 23 Fran-

554 2851 57 26 cesi,
626 2858 118 20 vennero,
765 2854 29 21 ed
815 2855 167 26 acquistarono
1006 2857 17 21 il

553 2889 71 21 paese
646 2890 49 16 non
713 2891 68 16 senza
802 2888 87 23 valore.
913 2889 109 22 com’essi

553 2919 159 25 côstumanOjv
718 2924 39 16 ma
769 2925 44 16 con
825 2922 75 20 moite
911 2922 112 28 lusinghe

552 2950 89 26 altresi,
655 2957 14 15 e
682 2957 45 16 con
738 2952 68 22 frode
824 2958 50 17 bon
886 2960 60 21 poca
954 2961 5 16 :
972 2956 50 21 indi

553 2988 110 17 successe
675 2990 47 15 una
732 2990 85 22 guerra
832 2992 143 23 promiscua,
987 2995 34 15 za-

553 3021 62 21 rosa,
640 3017 71 27 piena
733 3018 26 21 di
786 3020 133 27 sterminio,
950 3023 73 20 vuota

553 3048 25 21 di
590 3051 119 24 concetto,
723 3051 177 27 imperciocchè'
905 3054 9 21 i
924 3054 98 21 France-

553 3081 29 25 si^
606 3082 71 21 intesi
704 3084 151 22 unicamente
879 3091 15 16 a
909 3087 114 27 divagare

552 3113 151 29 grimperiali
709 3115 99 28 dTtalia,
814 3123 49 16 non
873 3124 29 15 ne
909 3125 113 16 avessero

552 3147 85 21 alcuno
650 3148 45 21 che
714 3148 65 22 fosse
790 3150 81 22 buono
884 3152 39 26 pei
935 3152 71 22 Côrsi
1015 3159 6 19 ;

552 3179 31 21 né
595 3181 86 25 questi,
702 3186 13 15 a
728 3182 37 20 cui
778 3188 56 21 pare
836 3189 30 15 va
889 3190 80 16 essere
977 3187 46 20 sta-

552 3211 19 21 ti
585 3213 73 21 messi
682 3214 46 20 allô
749 3215 118 28 sbaraglio
888 3222 70 17 senza
968 3223 52 22 pro,

551 3245 43 20 nol
599 3247 113 25 tacquero
719 3247 22 20 al
750 3247 106 22 Termes.
863 3248 29 22 In
898 3249 52 23 fatti
956 3256 67 16 men-

551 3276 77 23 tr’essi
652 3279 128 23 vedevano
801 3282 135 22 succedersi
949 3290 14 14 a
970 3289 53 15 sos-

551 3310 81 21 tenere
644 3311 23 20 la
690 3316 84 21 guerra
785 3319 44 21 per
839 3316 68 24 parte
925 3315 24 21 di
966 3315 57 21 Car-

551 3342 25 20 lo
586 3341 24 21 V
617 3343 116 26 tedeschi,
741 3344 91 22 italiani
843 3352 13 14 e
864 3347 97 27 bisogni
970 3354 53 20 spa-

551 3375 92 25 gnuoli,
664 3375 25 20 di
700 3375 101 23 francesi
821 3384 50 15 non
883 3385 30 15 ne
933 3381 89 20 arriva-

604 3407 29 20 ei
647 3408 71 26 pochi
730 3409 45 21 che
787 3411 21 20 ci
827 3416 71 16 erano
921 3413 101 21 andava-

550 3443 33 16 no
607 3440 101 21 stracchi
726 3441 22 20 ai
767 3442 95 22 cimenti
875 3449 5 18 ;
891 3444 17 21 il
923 3445 97 22 Termes

551 3471 61 20 dava
623 3472 54 21 loro
699 3473 57 21 erba
782 3476 116 26 trastullo,
921 3483 13 15 e
945 3479 75 21 molto

551 3503 18 20 li
590 3505 135 20 tratteneva
746 3512 46 15 con
815 3508 23 20 la
855 3514 112 21 speranza
982 3511 39 21 del

551 3540 112 18 soccorso
679 3537 38 21 dei
729 3537 96 23 Turchi.
841 3540 114 24 Vennevi
967 3544 54 20 An-

551 3568 56 20 drea
630 3568 84 26 Dona,
739 3572 102 21 vecchio
864 3573 24 21 di
900 3580 84 20 presso
1007 3582 14 15 a

550 3601 162 25 novant’anni,
723 3605 112 24 generale
844 3605 24 20 di
877 3607 59 20 tutta
945 3608 23 20 la
976 3608 45 20 im-

550 3637 77 21 presa,
650 3640 14 14 e
683 3636 147 22 assediando’
837 3637 46 21 San
906 3638 114 23 Fiorenzo

551 3664 90 22 sminui
651 3667 24 20 la
697 3672 42 15 sua
759 3669 84 26 gloria,
863 3672 157 24 governando

1060 104 59 14 nous
1130 103 99 14 sommes
1245 96 51 20 bien
1314 93 135 20 au-dessous
1460 90 30 20 de
1507 89 26 20 la

1060 125 77 22 vérité,
1161 125 71 24 qu’on
1248 129 29 14 ne
1291 123 58 23 peut
1368 125 57 14 sans
1445 118 90 23 danger

1059 152 84 19 laisser
1155 151 43 19 des
1208 148 199 22 administrateurs
1428 143 106 26 poursui-

1059 185 39 13 vre
1115 178 51 19 leur
1183 183 76 14 oeuvre
1279 173 146 22 destructrice
1439 174 24 17 et
1477 170 59 25 qu'il

1059 205 107 20 convient
1173 208 61 21 pour
1246 203 120 20 l’honneur
1376 201 72 19 même
1462 199 30 19 de
1507 198 25 19 la

1058 233 98 22 France,
1170 232 30 19 de
1211 232 86 19 donner
1315 229 15 19 à
1344 234 25 13 ce
1374 230 64 21 pays,
1446 226 42 25 qui
1499 225 33 19 lin

1058 260 107 19 demeure
1177 259 24 20 si
1205 256 175 27 profondément
1393 253 102 21 attaché,
1507 252 25 19 la

1055 286 90 24 justice,
1162 289 62 17 toute
1232 286 24 19 la
1262 285 83 24 justice
1356 283 16 18 à
1383 280 99 26 laquelle
1488 279 20 20 il
1516 285 16 14 a

1058 314 68 19 droit.

1261 339 80 23 Henri
1351 337 151 25 Pierangeli.

1094 380 9 25 (
1114 381 86 20 L’Eveil
1214 380 53 20 delà
1277 378 70 20 Corse
1355 375 102 25 26-2-26.)

1085 461 123 19 Certaines
1219 466 57 19 gens
1284 459 113 24 poussent
1414 457 33 20 les
1461 456 71 20 hauts

1057 488 46 20 cris
1127 488 43 20 dès
1189 489 69 23 qu’on
1279 485 69 25 parle
1376 484 156 20 d’autonomie

1058 522 69 14 corse.
1137 516 35 19 Ils
1180 515 108 24 affectent
1297 513 30 19 de
1334 513 125 24 confondre
1466 515 66 17 auto-

1057 543 76 20 nomie
1150 546 24 16 et
1186 541 151 26 séparatisme
1344 548 7 14 :
1360 547 30 14 ou
1402 541 62 23 bien,
1481 540 50 20 s’ils

1057 577 29 14 ne
1101 570 141 25 confonderrt
1255 572 54 22 pas,
1333 569 30 20 ils
1380 568 103 21 donnent
1499 575 33 13 au

1057 600 48 18 mot
1121 597 154 20 «autonomie»
1293 603 32 13 un
1342 603 53 13 sens
1410 596 90 23 absolu,
1509 598 24 18 et

1058 625 43 24 qui
1123 627 36 18 est
1175 625 32 19 du
1222 627 58 17 reste
1305 624 228 25 étymologiquement

1057 655 74 20 exact,
1141 659 29 13 en
1179 652 22 19 le
1216 652 134 20 traduisant
1355 654 47 22 par
1410 658 6 13 :
1427 651 59 20 droit
1503 652 29 19 de

1057 686 25 14 se
1089 685 127 20 gouverner
1225 679 123 21 soi-même.

1086 708 30 20 Ce
1128 707 59 20 n'est
1196 710 47 21 pas
1252 708 61 19 dans
1325 714 26 13 ce
1358 713 53 14 sens
1421 713 46 19 que
1474 713 59 14 nous

1057 735 12 20 l
1073 735 129 25 employons
1214 735 37 19 ici.
1263 735 88 26 Quand
1367 741 59 14 nous
1435 734 98 26 parlons

1058 762 162 23 d’autonomie,
1231 769 57 14 nous
1295 766 30 17 né
1342 764 82 19 rêvons
1431 766 45 22 pas
1486 763 47 20 d’ê-

1058 794 34 16 tre
1113 790 150 21 administrés
1273 791 64 22 selon
1354 790 42 20 des
1412 791 44 20 lois
1461 790 73 25 faites

1058 824 40 19 par
1106 824 65 18 nous,
1181 819 61 19 mais
1252 818 54 21 bien
1314 818 64 21 selon
1386 819 42 20 des
1436 819 45 20 lois
1486 818 48 25 fai-

1059 848 34 18 tes
1099 852 58 18 pour
1170 852 66 17 nons.
1244 847 20 19 A
1274 853 45 13 une
1327 847 111 20 situation
1445 846 89 25 spécia-

1059 873 29 23 le,
1102 874 20 19 il
1126 873 57 24 faut
1198 880 32 14 un
1246 874 85 24 régime
1349 874 93 25 spécial.
1460 874 36 20 On
1504 880 30 13 ne

1059 902 96 19 saurais
1167 902 106 22 discuter,
1292 908 58 14 sans
1363 902 121 20 mauvaise
1499 901 37 25 foi

1060 937 29 13 ou
1108 929 167 25 aveuglément,
1291 933 54 21 que'
1351 930 25 20 la
1394 930 68 20 Corse
1477 929 58 20 n’est

1057 965 46 21 pas
1117 960 418 25 assimilable,—géographiquement

1060 991 23 18 et
1088 989 60 20 donc
1155 988 210 25 économiquement
1371 999 27 5 —
1402 994 50 14 aux
1456 990 79 17 autres

1060 1017 172 24 départements
1260 1015 112 26 français.
1393 1016 31 20 Ce
1448 1016 86 24 régime

1059 1044 92 25 spécial
1156 1046 37 18 est
1204 1043 16 20 à
1229 1044 88 20 étudier
1324 1051 10 15 ;
1342 1045 59 19 mais
1409 1046 51 17 tout
1467 1043 68 24 effort

1060 1073 61 19 dans
1131 1078 27 14 ce
1168 1077 55 15 sens
1234 1071 50 20 doit
1295 1073 48 18 être
1354 1071 62 20 suivi
1422 1073 24 18 et
1453 1075 81 16 encou-

1060 1101 59 23 ragé
1130 1102 50 22 par
1189 1099 128 25 quiconque
1325 1099 126 20 s’intéresse
1460 1099 73 20 sincè-

1060 1130 89 18 rement
1157 1134 33 14 au
1198 1129 48 18 sort
1253 1128 29 19 de
1289 1127 26 20 la
1326 1128 73 20 Corse.

1089 1156 34 20 Un
1132 1157 124 23 argument
1262 1155 68 25 qu’on
1342 1156 98 23 invoque
1448 1161 31 14 un
1485 1157 48 21 peu

1061 1186 51 22 trop
1119 1183 124 20 volontiers
1246 1183 98 20 estcelui
1348 1182 33 21 du
1381 1182 151 25 patriotisme:

1063 1211 76 21 «Nous
1151 1217 98 14 sommes
1266 1211 115 23 Français
1384 1217 10 16 ;
1399 1212 62 18 toute
1472 1216 62 13 cam-

1059 1242 80 22 pagne
1148 1239 98 20 tendant
1254 1239 15 19 à
1275 1238 104 20 relâcher
1386 1238 33 20 les
1424 1238 59 19 liens
1492 1237 43 25 qui

1060 1273 59 14 nous
1137 1266 105 21 unissent
1256 1266 16 20 à
1290 1266 26 19 la
1337 1266 90 20 France
1441 1267 36 18 est
1488 1271 45 14 une

1061 1297 131 21 campagne
1210 1293 173 24 antifrançaise.
1392 1299 9 10 »
1418 1293 39 23 Or,
1472 1292 20 20 il
1503 1298 30 14 ne

1059 1322 71 24 s'agit
1143 1321 126 21 nullement
1278 1321 31 20 de
1325 1321 49 20 cela
1384 1327 6 15 \
1395 1320 138 24 Vargument

1059 1350 73 20 serait
1139 1349 96 20 valable
1242 1355 32 14 au
1279 1354 41 15 cas
1326 1348 69 21 d’une
1403 1350 130 22 campagne

1059 1377 210 25 séparatiste.Mais
1276 1376 145 21 viendra-l-il
1424 1376 15 20 à
1444 1375 89 25 l’esprit

1060 1406 29 19 de
1105 1405 131 25 quiconque
1262 1404 28 21 de
1313 1404 122 25 prétendre
1461 1404 70 25 qu’un

1059 1433 115 24 Français
1201 1432 115 25 d’Algérie
1333 1434 35 18 est
1390 1432 75 20 moins
1484 1432 46 20 bon

1058 1461 115 24 Français
1183 1461 70 25 qu'un
1260 1461 114 24 Français
1386 1460 32 20 du
1426 1459 105 25 Langue-

1059 1490 49 22 doc,
1116 1492 75 22 parce
1205 1495 45 18 que
1257 1488 109 24 l’Algérie
1374 1490 35 18 est
1419 1489 61 24 régie
1483 1491 49 21 par

1058 1524 31 13 un
1095 1519 77 18 statut
1179 1517 43 25 qui
1228 1517 35 20 lui
1268 1519 36 18 est
1308 1516 136 25 particulier
1448 1516 13 20 ?
1470 1530 15 7 ..

1083 1545 64 20 Mais
1160 1545 58 25 quel
1232 1545 83 25 régime
1331 1544 35 21 lui
1372 1544 88 21 donner
1470 1545 61 20 C’est

1058 1579 45 14 une
1111 1575 68 18 autre
1190 1572 98 21 histoire.
1296 1573 35 20 En
1349 1575 49 17 tout
1413 1579 48 16 cas,
1470 1572 61 21 celui

1057 1607 55 14 sous
1132 1601 79 24 lequel
1225 1601 42 20 elle
1280 1601 35 20 vit
1328 1602 169 23 présentement
1503 1608 26 13 se

1057 1628 74 20 révèle
1140 1629 194 24 catastrophique.
1351 1628 95 26 Chaque
1454 1630 75 20 année

1057 1662 97 19 marque
1160 1663 42 14 sur
1211 1656 25 21 la
1250 1657 136 25 précédente
1399 1663 45 14 une
1460 1659 68 23 étape

1056 1685 30 20 de
1093 1685 135 24 régression.
1234 1686 35 19 La
1277 1684 68 21 Corse
1350 1692 25 13 se
1380 1688 75 18 meurt
1458 1685 70 21 lenter

1056 1715 68 20 ment,
1131 1713 62 20 mais
1204 1714 119 19 sûrement.

1080 1742 35 20 La
1120 1741 133 26 politique?
1257 1741 33 20 Le
1295 1741 147 25 paludisme?
1450 1742 77 21 Frais-

1054 1769 77 21 sinet?
1149 1769 233 22 L’administration?
1402 1771 125 25 L’émigra-

1054 1801 48 20 tion
1108 1800 13 20 ?
1128 1801 33 20 Le
1167 1801 206 24 fonctionnarisme
1378 1801 12 21 ?
1401 1801 52 23 Oui,
1471 1803 56 19 c’est

1053 1829 26 20 la
1084 1829 70 24 faute
1161 1830 31 19 de
1200 1832 52 17 tout
1258 1829 58 24 cela,
1326 1832 24 18 et
1365 1830 103 20 d’autres
1473 1829 53 21 cho-

1052 1864 37 14 ses
1097 1858 67 20 aussi
1174 1864 58 14 sans
1245 1858 76 21 doute.
1339 1858 24 20 Il
1369 1858 109 25 faudrait
1492 1865 34 13 re-

1053 1886 110 20 médier...

1312 1917 76 21 l’Eveil
1397 1917 91 21 26-2-26-

1637 85 24 21 A
1672 89 93 21 propos
1777 77 174 26 d’Autonomie

1583 131 64 20 Nous
1655 133 95 16 sommes
1755 125 166 26 parfaitement
1926 123 102 20 heureux

1558 164 45 19 que
1611 156 79 21 l’Eveil
1698 162 25 13 se
1731 153 67 21 rallie
1806 159 16 13 a
1834 152 67 20 l’idée
1905 150 31 20 de
1946 150 81 20 l’auto-

1558 186 74 20 nomie
1640 181 184 23 administrative
1832 180 30 20 de
1867 179 25 21 la
1903 179 74 22 Corse,
1983 177 44 21 l’E-

1558 213 42 20 veil
1609 212 37 20 dit
1657 210 77 23 bien,à
1743 216 25 13 ce
1771 211 92 22 propos,
1876 206 60 25 qu’il
1946 212 29 14 ne
1984 206 43 20 s'a-

1556 241 36 24 git
1597 243 47 22 pas
1658 239 29 19 de
1703 237 43 20 lois
1760 237 16 19 à
1791 235 62 25 faire
1861 241 40 19 par
1909 234 25 20 la
1951 234 73 21 Corse,

1557 268 60 20 mais
1625 273 57 18 pour
1691 265 24 20 la
1727 265 73 21 Corse,
1813 262 122 21 excellente
1941 262 86 25 formu-

1557 296 22 20 le
1584 295 43 25 qui
1633 301 26 13 ce
1668 292 109 25 complète
1782 294 47 22 par
1837 290 55 21 celle
1900 290 35 20 ci:
1940 290 22 20 le
1970 289 56 25 régi-

1557 330 35 13 me
1600 321 89 26 spécial
1695 327 45 19 que
1748 326 58 14 nous
1819 318 144 21 demandons
1968 321 59 21 pour

1556 354 25 19 la
1592 353 69 20 Corse
1673 352 58 20 n’est
1736 354 53 22 pas,
1797 351 16 19 à
1816 351 147 24 proprement
1971 351 56 22 par-

1556 382 40 22 ler,
1606 387 32 13 un
1651 380 84 24 régime
1743 381 128 19 autonome,
1887 379 47 19 mot
1942 377 42 25 qui
1989 375 38 25 fa-

1557 408 60 21 cilite
1626 408 34 20 les
1671 407 80 25 fauses
1765 405 191 26 interprétations,
1968 403 59 21 mais

1557 443 31 14 un
1599 436 86 24 régime
1706 434 113 23 insulaire,
1838 433 131 25 expression
1986 431 42 25 qui

1556 470 98 19 marque
1664 464 33 20 les
1707 463 128 20 caractères
1842 460 148 26 particuliers
1997 459 30 20 de

1556 493 25 20 la
1601 492 68 20 Corse
1685 498 32 14 au
1727 491 67 25 point
1807 490 30 20 de
1851 496 43 14 vue
1905 488 120 26 physique,

1555 520 179 26 géographique,
1749 521 24 18 et
1794 518 43 26 qui
1856 517 116 25 s’emploie
1981 519 46 22 par

1556 548 129 26 opposition
1696 548 16 20 à
1724 546 143 21 continental.
1886 546 63 20 Cette
1963 543 64 26 diffé-

1556 583 67 15 rence
1630 576 104 21 entraine
1741 575 42 20 des
1790 575 164 23 conséquences
1967 572 60 20 dans

1557 605 83 20 l’ordre
1653 603 152 24 économique,
1816 604 50 17 tout
1875 607 17 13 a
1897 601 49 23 fait
1953 599 73 20 exclu-

1556 633 34 24 sif
1607 632 30 20 de
1652 631 82 20 l’ordre
1747 629 121 25 politique,
1884 630 23 17 et
1918 627 56 20 c’est
1987 632 40 14 sur

1557 662 58 18 cette
1623 659 57 20 base
1687 664 45 19 que
1740 657 50 20 doit
1803 657 48 19 être
1863 654 79 21 étudié
1948 660 31 14 un
1993 654 34 20 ré-

1555 688 62 25 gime
1624 687 44 25 qui
1674 686 78 20 aurait
1760 685 32 20 dû
1800 685 48 19 être
1859 683 112 26 appliqué
1980 682 16 20 à
2001 682 28 33 la^

1560 717 67 20 Corse
1635 722 32 13 au
1679 716 99 19 moment
1785 714 72 20 même
1870 712 31 20 où
1910 710 43 21 elle
1963 717 16 13 a
1990 710 39 22 été

1557 743 130 25 incorporée
1703 743 15 19 à
1728 742 25 20 la
1761 742 97 20 France.
1884 754 6 5 .
1918 754 6 5 .
1952 753 6 5 •
1986 752 6 6 •
2019 751 6 5 ■

1585 771 88 27 Quand
1683 771 16 19 à
1710 770 25 20 la
1750 768 119 22 mauvaise
1880 766 147 21 administra-

1558 800 48 20 tion
1615 799 30 19 de
1653 798 24 20 la
1688 798 74 23 Corse,
1775 796 43 20 elle
1829 796 59 20 h’est
1899 793 126 22 mauvaise,

1558 828 17 19 à
1590 830 66 17 notre
1669 832 58 16 sens,
1746 831 45 19 que
1802 820 155 28 parcequ’elle
1965 827 16 13 a
1995 825 31 14 un

1559 855 82 24 défaut
1661 853 101 25 originel,
1773 851 59 21 celui
1846 850 29 20 de
1885 855 42 15 son
1935 847 91 25 impuis-

1558 890 70 14 sance
1640 881 114 21 résidtant
1762 880 29 20 de
1800 876 177 23 l’assimulation
1986 875 41 19 ab-

1557 911 69 20 surde
1635 914 115 21 parceque
1764 906 95 21 absolue
1871 907 64 18 entre
1943 910 31 13 un
1987 902 40 20 dé-

1556 940 132 24 partement
1697 934 143 22 continental
1846 935 23 17 et
1882 938 30 14 un
1922 931 104 25 départe-

1558 968 63 19 ment
1628 964 110 22 insulaire
1742 970 6 13 :

1603 1007 66 24 LM.,
1677 1006 35 21 La
1720 1006 74 20 Jeune
1805 1003 67 21 Corse
1879 1001 96 21 28-2-26.

1558 1091 93 25 Vecchj
1662 1089 102 22 iamenti

1579 1171 138 36 lamenfu
1733 1168 87 37 d’una
1837 1168 165 44 giuvanetta

1634 1225 95 46 sopr’a
1747 1236 20 24 u
1784 1223 43 37 ss’
1837 1223 115 45 frakllu

1583 1332 96 22 Ouandu
1686 1333 66 25 junse
1760 1333 21 20 la
1790 1332 89 21 nuvella

1582 1364 42 20 Chi
1633 1370 41 19 per
1682 1367 74 17 nostra
1766 1364 57 20 mala
1832 1364 62 24 sorti,

1582 1395 20 20 O
1612 1401 53 14 caru
1674 1394 22 20 di
1705 1394 21 21 la
1735 1395 88 24 surella,

1581 1426 26 20 Ti
1618 1426 57 20 dicia
1683 1426 87 24 speditu
1779 1432 12 14 a
1801 1426 72 24 morti,

1581 1458 58 21 Ghià
1647 1458 22 20 la
1678 1464 56 15 neve
1742 1458 43 21 alla
1793 1462 119 21 montagna

1581 1489 86 21 Chiusu
1675 1495 13 14 a
1689 1490 35 19 via
1733 1489 50 21 tutti
1792 1489 22 21 le
1821 1489 66 26 porti.

1580 1549 32 20 La
1620 1549 81 21 surella
1710 1549 155 25 appassiunata

1580 1580 52 20 Nun
1641 1581 45 24 può
1695 1580 55 20 mori
1761 1580 22 20 di
1792 1579 72 21 dulori
1870 1587 6 13 :

1579 1610 51 21 Nun
1638 1611 18 19 ti
1665 1611 27 20 ha
1702 1611 85 24 pudutu
1795 1611 122 23 abbraccià,

1580 1642 16 20 E
1605 1642 19 20 si
1634 1642 57 20 senti
1700 1641 56 20 andà
1768 1642 21 20 lu
1799 1642 47 20 cori
1853 1649 6 16 ;

1578 1673 113 20 Scatinoni
1701 1678 56 15 ancu
1764 1672 94 21 stamani

1578 1703 171 21 Ouest’invernu
1759 1703 107 20 traditori.

1579 1763 16 20 E
1605 1770 46 13 nun
1661 1763 65 25 pudia
1735 1763 88 20 almenu

1578 1793 53 22 Esse
1641 1798 70 16 mortu
1721 1800 12 14 a
1745 1801 13 13 u
1769 1794 28 20 to’
1807 1794 59 24 paesi

1578 1825 23 20 In
1612 1825 88 20 bracciu
1709 1831 12 14 a
1731 1824 19 20 la
1761 1825 28 20 to’
1798 1824 79 21 surella
1884 1824 12 20 ?

1577 1855 35 21 Oh
1622 1856 64 20 morti
1696 1855 45 21 cusì
1751 1855 92 21 scurtesi
1852 1855 5 20 !

2079 75 32 20 Tu
2120 75 82 20 l’onore
2211 74 23 20 di
2247 74 21 20 la
2277 74 71 25 pieve,

2079 106 97 24 Rispettu
2186 104 22 21 di
2218 104 15 20 li
2243 106 92 23 parenti,

2078 136 90 24 Sempre
2176 135 103 20 arrubavi
2289 135 22 20 lu
2320 137 46 20 cori

2079 165 118 21 Dell’amici
2206 172 13 13 e
2225 171 154 17 cunnuscenti.

2078 197 80 20 Ouesta
2168 203 74 16 mane,
2252 203 13 13 u
2276 203 35 14 me
2320 197 94 29 fratellu,

2078 228 24 20 Ci
2110 227 51 20 lasci
2171 227 49 20 tutti
2230 228 118 22 scuntehtb

2079 276 81 21 Perché
2169 276 41 20 stai
2217 276 47 20 cusi
2274 281 61 15 mutu

2079 307 31 20 Da
2120 307 75 20 ricacci
2206 306 134 25 dispiaceri?

2079 337 81 23 Levati,
2167 337 22 19 lu
2199 337 42 20 me’
2250 336 94 23 fratellu,

2078 368 31 20 Ad
2119 368 70 24 empia
2204 367 21 20 lu
2236 371 22 16 to
2267 367 76 20 duveri
2355 375 6 13 :

2078 398 48 21 Nun
2136 398 14 20 ti
2161 404 109 14 mancanu
2280 398 123 24 sprissioni.

2079 429 30 19 Lu
2116 429 40 20 me’
2166 429 74 25 degnu
2250 428 111 21 cavalieri.

2079 476 30 20 Lu
2120 476 42 20 me’
2171 475 41 20 fior
2220 475 22 20 di
2250 475 131 25 primavera,

2078 506 40 20 Chi
2127 510 107 21 spuntava
2244 512 12 13 a
2266 505 20 20 la
2295 512 128 20 campagna,

2079 538 30 20 Lu
2120 537 39 20 fior
2167 537 22 20 di
2200 537 14 19 li
2224 536 105 20 zittelloni

2078 567 144 21 Ch’adurnavi
2233 567 20 20 la
2263 570 128 21 muntagna.

2079 599 25 19 Di
2114 598 19 19 la
2143 598 29 19 to’
2180 597 90 22 morti,ò
2280 596 93 25 fratellu,

2079 628 29 19 Lu
2119 627 57 25 paesi
2187 627 13 19 è
2209 631 57 15 tuttu
2276 626 22 21 in
2308 627 73 25 Iagna.

2079 674 78 26 Quellu
2164 673 69 25 jornu
2243 673 35 20 chi
2287 675 88 24 spirasti

2077 704 99 22 Adunisti
2185 704 7 19 i
2199 703 32 21 to’
2238 704 91 22 sculari!

2078 737 61 19 Ancu
2147 735 68 20 allora
2225 735 142 22 l’ammunisti

2078 766 32 20 Cu
2120 766 14 19 li
2140 766 32 19 to’
2180 766 95 25 cunsigli
2285 767 42 20 rari
2334 775 7 13 :

2079 796 41 21 Per
2127 796 21 20 la
2157 796 35 20 via
2202 796 36 21 d’u
2252 797 105 21 Paradisu

2079 827 23 19 Li
2111 826 76 26 sapisti
2197 827 132 22 indirizzari.

2078 874 56 25 Quai
2142 876 50 19 sarà
2201 879 55 17 stata
2263 876 21 20 la
2293 876 76 21 frebba

2078 905 66 21 Ch’ha
2153 909 102 18 truncatu
2264 907 22 20 la
2294 907 29 20 to’
2331 908 45 21 vita
2384 909 13 20 ?

2078 936 20 20 O
2106 943 52 14 caru
2167 936 22 21 di
2198 937 21 20 la
2229 937 88 23 surella,

2079 967 28 20 La
2117 968 40 20 me’
2165 968 119 20 amandula
2292 967 79 26 fiorita,

2079 997 31 21 Lu
2120 999 41 19 me'
2170 999 118 25 impastatu
2294 999 22 20 di
2325 1001 58 20 mele

2079 1029 60 20 Fattu
2148 1036 27 13 cu
2185 1030 22 20 la
2215 1029 109 22 calamita.

2078 1076 72 21 T’avia
2159 1077 55 21 fattu
2223 1078 22 20 la
2254 1082 77 17 natura

2079 1108 17 20 A
2104 1108 23 20 lu
2135 1112 73 19 tornu,
2218 1115 14 14 a
2240 1109 23 20 lu
2273 1109 98 25 pinnellu
2379 1118 8 16 ;

2079 1139 17 20 E
2104 1139 20 20 la
2133 1139 61 21 ladra
2203 1140 21 20 di
2234 1140 21 20 la
2266 1141 65 20 morti

2079 1169 25 21 Ti
2113 1170 66 25 pigliô
2188 1171 48 20 cusi
2244 1171 83 21 ziteîlu.

2078 1200 50 21 Nun
2137 1201 55 21 c’era
2201 1202 79 25 coppia
2289 1202 19 20 si
2317 1209 50 14 cara

2079 1231 97 26 Cum’eju
2185 1239 14 13 e
2207 1232 23 21 lu
2240 1233 44 20 me’
2294 1232 97 22 fratellu.

2079 1280 69 20 Gente
2156 1280 22 20 di
2187 1284 81 22 questu
2280 1288 66 18 paese

2079 1310 32 21 Or
2118 1311 93 25 prigheti
2221 1312 39 24 qui
2269 1312 22 19 di
2300 1312 46 20 côri

2079 1342 36 20 Pe’
2123 1342 21 20 lu
2154 1342 43 21 me’
2205 1348 54 14 caru
2267 1342 96 25 fratellu,

2079 1373 87 20 Perch’a
2175 1373 51 20 tutti
2235 1376 62 18 stava
2306 1380 13 13 a
2327 1374 54 23 côri,

2079 1404 82 20 Ch’ellu
2169 1404 52 25 godi
2232 1404 23 20 in
2263 1404 68 21 I’altra
2342 1404 45 21 vita

2078 1434 56 26 Cijfh
2143 1434 63 21 Santi
2215 1441 13 14 e
2241 1435 22 20 lu
2273 1435 97 25 Signori.

2065 1501 122 23 Aiaceiu-S
2189 1504 46 19 tain
2237 1502 64 29 paria
2320 1502 23 22 di
2365 1504 24 21 A
2413 1504 71 24 Muvr,

2052 1534 22 22 U
2085 1534 213 30 diretLore-gerente
2308 1543 6 15 :
2335 1536 71 23 Petru
2417 1537 67 24 ROCC

2116 1618 193 31 Antichità
2331 1618 118 33 Corse
2461 1635 6 7 *

2067 1676 210 49 Fraticêscu
2318 1677 165 50 PIETE!

2079 1742 21 26 8,
2113 1742 52 22 Cor
2164 1748 31 16 su
2209 1742 131 23 Grandval
2353 1755 30 4 —
2398 1743 86 25 Aiaccii

2064 1813 70 33 Cispre,
2156 1814 51 32 Stili,
2217 1814 77 33 Pistole,
2305 1815 108 32 FiancMne,
2421 1816 53 31 Stamj

2101 1853 56 26 Piatti
2168 1859 10 19 e
2190 1854 59 25 Tazze
2260 1859 24 20 cu
2294 1854 8 25 i
2313 1854 89 31 proyerbj
2413 1855 50 26 corsi

2150 1892 72 27 Zucche
2234 1898 24 21 cu
2266 1893 71 31 sugetti
2347 1893 59 26 locali

1655 2072 236 51 CORSI
1915 2073 14 48 1

1119 2158 196 41 Giisvaiiasîri,
1333 2157 174 36 Pulîaslroai
1527 2170 17 23 e
1559 2157 106 46 Vecchj
1683 2158 183 35 buzza&iK...
1892 2157 154 37 11GEJTE
2062 2156 113 38 TUTTI
2194 2171 16 24 e
2226 2159 60 45 fate
2303 2159 135 38 LEGHJE
2452 2170 10 25 :

1327 2227 77 93 A
1479 2225 383 97 Baretta
1929 2225 331 121 Misgia

1564 2343 132 22 RIVISTA
1715 2343 176 22 POPULARE
1915 2343 103 23 CORSA

1118 2394 100 27 Scritta
1230 2395 183 26 interamente
1423 2395 30 25 in
1466 2403 80 18 corsu
1559 2395 35 26 da
1607 2396 9 24 i
1629 2395 49 35 più
1692 2396 152 26 talentuosi
1857 2396 121 27 scrivani
1990 2405 15 18 e
2017 2397 99 26 anfarti
2129 2398 137 26 nustrani.

1118 2438 132 27 Cuntene
1262 2440 74 25 belle
1349 2439 404 35 puesie,pruverbj,cuntrasti,
1768 2441 126 31 Iamenti,
1908 2445 97 28 satare,
2020 2443 182 25 cummidiòle
2219 2451 16 17 e
2247 2443 180 35 stalbaloghj.

1118 2497 47 26 Da
1170 2497 37 35 fà
1211 2501 86 31 passa
1309 2498 129 25 cuntenti
1452 2499 121 24 istatina
1585 2507 14 16 o
1616 2498 158 26 imbernata
1785 2508 15 16 e
1817 2500 37 25 da
1862 2499 36 36 fà
1909 2500 119 35 sciuppà
2041 2501 45 25 d'a
2100 2502 58 25 visa
2170 2510 74 17 ancu
2258 2510 15 17 e
2285 2504 172 33 castagne....

1506 2558 25 25 K
1550 2565 43 18 un
1616 2561 92 22 Costa
1728 2566 41 17 ca
1789 2559 83 26 dece
1890 2560 84 25 soidi
1991 2560 17 25 !!

1357 2610 2 3 •
1407 2613 26 6 ...
1515 2604 2 3 ■
1525 2606 4 12 f
1545 2604 6 4 -
1872 2602 4 4 '
2189 2616 2 2 .
2214 2612 7 4 ..
2379 2613 15 7 _.
2424 2607 4 4 *
2437 2598 35 25 ||3

1215 2648 9 10 ,
1236 2647 25 11 77
1442 2623 9 35 (
1489 2621 112 27 Corsica
1828 2624 51 32 (un
1892 2625 89 33 annu)
2018 2642 139 8 ....
2183 2626 30 24 .5
2231 2626 128 26 franchi

1202 2650 208 23 Abbunamenti
1440 2659 6 11 <

1441 2672 8 31 (
1491 2672 29 25 In
1535 2673 80 25 altro.
1655 2692 138 6 ....
1897 2683 16 16 »
2020 2693 6 6 .
2065 2693 94 7 ...
2197 2676 18 24 6
2284 2686 15 16 »

1049 2791 24 22 le
1087 2792 60 21 altre
1164 2790 112 22 faccende
1300 2790 86 22 crebbe
1408 2790 19 20 il
1448 2794 73 16 nome

1049 2824 26 21 di
1086 2824 113 27 spietato,
1215 2823 174 28 imperciocchè
1408 2823 64 21 nello
1485 2828 36 15 as-

1049 2857 68 22 sedio
1138 2857 155 21 dimostrasse
1306 2857 76 21 senile
1396 2856 125 21 ostinatez-

1364 2880 12 9 y

1048 2896 33 20 za,
1089 2896 51 16 non
1149 2890 40 28 già
1199 2890 91 27 perizia,
1305 2896 14 15 e
1330 2890 62 21 nelia
1402 2890 119 21 rimanen-

1048 2925 26 20 te
1093 2923 220 22 amministrazione
1330 2923 81 21 rabbia
1431 2922 24 21 di
1471 2927 49 16 non

1048 2958 71 25 poter
1138 2955 108 23 viricere.
1268 2956 94 21 Intanto
1386 2956 8 21 i
1407 2955 109 21 Francesi

1048 2989 174 28 accorgendosi
1235 2994 68 17 corne
1314 2989 64 21 male
1389 2989 8 21 i
1411 2987 70 23 Corsi
1500 2988 20 21 si

1049 3027 140 21 pascessero
1210 3022 24 21 di
1247 3023 88 26 parole,
1348 3022 148 22 mandarono
1507 3027 13 15 a

1049 3054 121 28 chiarirgli
1190 3056 190 24 solennemente,
1393 3054 44 22 che
1455 3054 18 21 il
1495 3059 25 15 re

1048 3093 43 21 per
1102 3088 82 21 levare
1196 3088 52 21 loro
1267 3088 39 21 dal
1317 3088 98 25 dubbio,
1426 3093 13 15 e
1452 3088 8 20 i
1473 3086 47 22 Ge-

1048 3121 85 21 novesi
1158 3121 25 20 di
1204 3124 117 23 sperànza,
1346 3126 45 15 ave
1393 3126 30 15 va
1443 3120 77 22 incor-

1048 3155 85 26 porato
1154 3154 78 21 l’isola
1251 3155 45 20 alla
1306 3153 95 22 Corona
1413 3154 24 21 di
1451 3153 69 22 Fran-

1049 3187 36 20 cia
1098 3193 6 19 ;
1118 3192 57 16 cosa
1190 3192 49 16 mon
1265 3187 133 21 consentita
1420 3187 47 21 mai
1489 3193 31 15 ne

1048 3220 77 26 prima
1141 3219 31 22 nè
1185 3220 64 27 dopo
1272 3220 45 20 aile
1344 3220 58 21 altre
1422 3220 99 26 provin-

1048 3252 37 21 cie
1097 3252 30 21 da
1139 3253 35 21 lui
1187 3253 149 26 conquistate
1347 3259 5 19 ;
1365 3259 14 15 e
1389 3253 38 21 cio
1439 3258 81 16 essere

1048 3287 122 19 avvenuto
1184 3285 119 22 mediante
1314 3286 87 26 partito
1422 3286 40 21 del
1474 3291 44 16 suo

1048 3318 120 26 consiglio
1190 3320 70 23 reale,
1285 3318 70 21 vinto
1375 3324 45 15 con
1442 3319 57 20 tutti
1511 3319 6 20 i

1047 3350 51 21 voti
1107 3349 147 28 favorevoli;
1262 3350 58 22 fatto
1330 3351 78 26 degno
1418 3350 23 21 di
1449 3356 70 21 gnm-

1047 3382 101 22 dissima
1179 3383 203 25 considerazione,
1410 3383 109 21 concios-

1047 3415 81 21 siachè
1140 3416 49 26 egli
1210 3417 65 21 d’ora
1286 3416 26 20 in
1324 3415 41 27 poi
1385 3421 46 16 non
1451 3418 68 25 pote-

1047 3454 28 14 se
1096 3448 180 25 abbandonarli,
1287 3453 27 16 se
1322 3449 77 26 prima
1417 3454 49 16 non
1478 3450 41 21 ab-

1046 3480 151 26 bandonarli,
1205 3487 26 15 se
1241 3482 78 27 prima
1326 3486 51 17 non
1387 3482 132 22 abbandos-

1047 3518 27 15 se
1095 3514 24 20 la
1129 3514 100 26 propria
1249 3518 96 17 corona.
1370 3514 93 26 Questo
1478 3516 41 20 nel

1049 3551 63 22 1557.
1128 3545 138 24 Tuttavolta
1282 3551 50 16 non
1351 3547 111 21 vedendo
1473 3548 45 20 alla

1046 3577 172 27 magnificenza
1234 3579 60 21 délié
1313 3584 125 21 promesse
1462 3585 57 16 con-

1047 3610 119 26 seguitare
1185 3611 34 27 gli
1235 3611 63 21 effeti
1311 3612 7 20 i
1332 3611 69 22 Côrsi
1419 3615 99 20 stavano

1046 3642 26 20 di
1090 3643 64 20 mala
1172 3644 82 26 voglia
1264 3650 6 18 ;
1282 3643 9 21 i
1303 3644 83 22 timori
1392 3658 3 2 -
1403 3645 114 22 crebbero

1047 3674 65 27 dopo
1124 3675 7 20 i
1144 3677 118 20 rovescio-
1270 3678 95 20 toccato
1378 3678 36 20 dai
1428 3678 7 20 i
1448 3678 71 22 Fran-

1548 2790 48 20 cesi
1610 2795 14 16 a
1633 2795 42 16 san
1692 2789 100 27 Quinto,
1818 2791 90 27 epperò
1920 2792 8 21 i
1948 2797 68 22 capo-

1547 2823 43 21 rali
1619 2823 20 21 si
1664 2824 146 22 condussero
1841 2825 30 21 da
1892 2824 124 23 Giordano

1548 2854 83 23 Orsini
1644 2858 149 25 pervenirne
1806 2858 24 21 in
1844 2858 89 22 chiaro.
1944 2859 72 22 Gior-

1548 2889 62 21 dano
1622 2889 16 21 li
1662 2890 108 22 conforté
1789 2897 13 15 a
1822 2897 49 16 non
1891 2892 107 22 dubitare
2009 2899 6 15 :

1548 2923 79 26 quegli
1639 2923 130 28 avendogli
1782 2925 66 21 detto
1857 2926 83 21 volere
1951 2932 66 15 man-

1547 2952 56 25 date
1626 2958 72 25 gente
1709 2957 22 21 al
1743 2963 26 15 re
1781 2963 43 21 per
1839 2959 178 21 raccomandar-

1547 2989 42 26 gli,
1614 2990 100 26 rispose,
1736 2996 49 16 non
1807 2991 137 23 cadercene.
1953 2992 18 21 il
1982 2992 34 22 bi-

1547 3027 84 22 sogno,
1642 3029 59 21 pure
1711 3023 109 22 mandalo
1832 3030 49 16 non
1891 3025 124 22 farebbero

1547 3055 59 21 altro
1630 3056 45 21 che
1687 3056 61 21 bene
1762 3063 6 15 :
1781 3057 123 22 senonchè
1923 3059 23 21 la
1958 3065 57 21 pace

1547 3093 30 16 ce
1588 3094 39 16 era
1642 3088 40 28 già
1701 3091 59 20 stata
1772 3091 61 21 bella
1854 3097 13 15 e
1888 3092 127 22 conchiusa

1547 3127 12 15 a
1574 3120 105 24 Castello
1697 3122 136 28 Cambrese,
1851 3130 13 15 e
1880 3124 102 23 l’Orsini
1992 3126 23 21 la

1547 3156 94 25 sapéva,
1655 3161 38 16 ma
1701 3156 23 20 la
1738 3156 125 23 dissimulé
1875 3163 43 21 per
1929 3164 87 22 vergo-

1546 3193 47 21 gna
1614 3193 14 16 0
1640 3194 43 20 per
1695 3194 79 21 paura.
1785 3189 41 22 Sul
1841 3191 68 26 quale
1926 3197 89 22 propo-

1546 3220 46 21 sito
1610 3222 66 21 certo
1688 3221 89 22 storico
1792 3228 122 22 genovese
1929 3230 86 22 scappa

1546 3252 61 23 fuori
1620 3260 45 15 con
1676 3254 46 22 due
1734 3257 118 26 sentenze,
1864 3263 47 16 una
1925 3258 87 27 buona,

1545 3286 75 22 l’altra
1631 3288 86 21 cattiva
1728 3294 6 19 ;
1748 3288 80 23 buona
1839 3291 77 26 quella
1931 3297 46 17 con
1991 3293 23 21 la

1546 3320 69 25 quale
1634 3326 132 21 rampogna
1776 3321 108 28 l’Orsini,
1906 3324 18 21 il
1936 3326 76 25 quale,

1546 3356 25 16 se
1591 3355 138 19 veramente
1750 3354 114 23 cristiano
1873 3362 14 15 e
1895 3358 120 26 gentiluo-

1545 3389 40 16 mo
1603 3391 49 19 era,
1676 3391 48 16 non
1750 3387 96 23 doveva
1869 3390 78 26 patire
1970 3390 44 22 che

1545 3419 72 25 gente
1634 3424 28 15 m
1684 3419 108 26 procinto
1802 3421 24 22 di
1835 3428 79 15 essere
1926 3423 88 22 abban-

1545 3450 87 21 donata
1650 3451 29 21 da
1698 3452 41 26 lui,
1759 3453 100 23 aizzasse
1867 3460 46 16 con
1933 3461 81 17 nuove

1546 3484 103 25 mgiurie
1668 3484 96 23 l’animo
1777 3486 38 22 dei
1827 3488 92 27 signori
1932 3488 81 23 abbas-

1545 3517 63 19 tanza
1634 3516 140 29 inacerbito,
1798 3521 113 21 massime
1926 3521 45 22 che
1990 3523 23 21 le

1546 3548 74 21 ofîese
1640 3549 93 23 fresche
1762 3553 102 21 cociono
1890 3554 43 26 più
1952 3555 61 22 delle

1544 3579 101 25 vecchie
1653 3589 7 15 :
1675 3584 87 21 cattiva
1772 3585 76 22 l’altra
1860 3592 45 16 con
1925 3588 23 21 la
1957 3594 57 17 qua-

1544 3614 24 21 le
1588 3616 82 26 sgrida
1685 3616 18 21 il
1710 3622 26 15 re
1746 3617 85 23 Enrico
1844 3619 24 22 di
1877 3625 73 18 avéré
1962 3628 52 21 pre-

1545 3652 27 16 so
1584 3648 23 20 le
1622 3650 62 25 parti
1699 3650 39 21 dei
1759 3650 78 28 Côrsi,
1856 3658 49 16 non
1923 3654 90 22 doven-

1545 3680 32 22 do
1589 3682 47 26 egli
1664 3684 140 22 scomodare
1822 3686 24 20 la
1867 3686 97 22 Francia
1974 3689 39 25 pei

2044 2791 50 23 fatti
2112 2793 82 22 nostri.
2216 2792 46 23 Nel
2274 2795 136 22 raccontare
2426 2797 33 23 qu<

2043 2828 129 20 avventure
2178 2827 34 22 mi
2226 2827 105 28 pigliano
2340 2828 8 21 i
2359 2826 80 23 sudori
2446 2824 13 22 fi

2043 2860 32 25 di,
2089 2866 13 15 e
2113 2859 166 28 l’attaccherei,
2293 2861 47 22 Dio
2353 2862 35 21 mi
2399 2858 60 30 perth

2043 2893 74 21 anche
2136 2893 35 22 co’
2183 2894 63 21 santi
2258 2901 7 14 :
2278 2900 39 16 ma
2331 2894 128 28 sopratutto

2042 2926 34 21 mi
2085 2927 117 21 arrovello
2219 2932 46 17 con
2279 2927 131 28 Sampiero,
2425 2926 34 25 ilc.

2042 2959 30 26 le,
2095 2965 12 15 a
2116 2960 53 26 quei
2181 2961 85 27 tempi,
2276 2966 48 21 era,
2336 2961 23 22 si
2370 2958 89 24 direbbe

2043 2993 121 26 sopracciô
2191 2994 62 21 délia
2284 2993 107 23 Corsica.
2425 2991 31 23 Co

2043 3026 92 22 avendo
2155 3027 103 22 militato
2271 3028 157 21 nelia-ultima
2438 3029 21 23 gi

2042 3064 25 16 ra
2080 3059 58 22 délia
2148 3060 140 27 repubblica
2306 3062 23 20 di
2345 3061 96 22 Firenze
2450 3062 9 15 c

2041 3091 224 29 trO'-l-Imperàtore,
2277 3095 94 21 doveva
2392 3096 67 20 ramffl

2042 3126 56 20 tarsi
2118 3131 68 17 corne
2199 3127 7 21 i
2215 3127 86 28 poveri
2313 3125 130 25 Fiorentini
2456 3130 3 14 :

2041 3159 90 22 tassero
2141 3160 70 21 conci
2228 3161 38 21 dai
2284 3161 119 21 Francesi.
2422 3158 36 22 An

2042 3192 71 21 allora
2124 3198 25 16 re
2164 3192 138 28 Francesco,
2313 3199 47 17 con
2374 3193 67 22 mille
2451 3196 8 20 l

2041 3225 108 23 missioni
2162 3232 13 15 e
2185 3227 152 27 giurament-i,
2354 3227 33 27 gli
2399 3224 59 23 assic

2040 3263 50 17 non
2104 3259 33 28 gli
2153 3259 105 21 avrebbe
2270 3260 47 21 mai
2329 3258 130 23 abbandunî

2039 3292 86 26 giunse
2140 3291 94 27 perfino
2254 3298 14 15 a
2280 3292 57 26 dire,
2358 3292 45 22 che
2419 3294 40 18 avr

2040 3324 30 20 be
2092 3324 113 26 preferito
2230 3325 100 27 pérdere
2341 3326 9 20 i
2361 3321 98 32 figliuoli

2041 3355 98 29 Ispagna
2163 3356 45 23 che
2224 3358 169 22 abbandonare
2406 3358 8 21 i
2427 3360 32 17 coi

2040 3389 74 22 derati
2127 3396 6 19 ;
2150 3396 14 15 e
2181 3393 85 21 questo
2294 3397 50 16 non
2366 3392 71 22 toise,

2040 3422 50 21 indi
2100 3428 15 15 a
2136 3423 72 27 pochi
2231 3424 79 27 giorni
2334 3425 18 21 li
2372 3422 87 24 tradiss^

2041 3454 132 27 Cambraio,
2195 3462 14 15 e
2226 3458 51 20 cosi
2299 3458 160 27 vituperosam

2038 3489 33 25 te,
2092 3488 42 22 che
2163 3488 81 23 Giuda
2265 3492 77 20 stesso
2368 3495 48 16 non
2439 3491 20 16 ^

2039 3522 95 26 peggio.

2150 3587 153 29 (Cuntinua)
