2712 3948
173 374 42 50 U
241 376 68 52 Rò
336 378 50 50 di
410 378 202 53 Corsica

325 449 132 29 (Seguitu)

368 532 40 20 XII

162 577 34 21 Or
204 578 111 25 guardate
323 586 68 13 cumu
401 586 61 14 vanu

204 609 30 20 Le
243 615 53 14 cose
305 609 23 20 di
337 613 35 17 stu
379 610 85 20 mondu
471 611 6 19 !

162 639 56 21 Giru
228 639 23 20 in
260 640 52 25 giru
322 647 13 12 e
343 640 72 20 tondu
424 640 23 20 in
461 641 74 19 tondu

201 670 27 20 Di
234 670 24 20 lu
269 671 80 25 Rcgnu
359 671 115 20 Cirneanu

199 701 88 25 Sguillò
296 702 24 20 in
330 708 60 13 vanu

163 733 18 20 U
190 734 67 23 gridu
266 734 70 20 d’una
346 738 73 17 matre
428 735 23 20 in
460 735 61 24 pien’
530 735 95 24 culpita.

161 763 46 20 Per
215 763 91 21 bindicà
316 765 23 19 lu
348 771 89 18 sangue
447 772 11 13 e
467 765 22 20 la
499 765 78 23 ferita,

199 793 91 21 Nisunu
300 795 51 20 alzô
359 795 22 20 la
390 802 69 13 manu
467 796 6 20 !

161 823 139 22 Nemmancu
310 832 15 13 u
334 825 74 20 Corsu
421 825 91 21 intaccò
521 826 48 21 lita.

200 854 230 25 L'omu-puliticante,

199 884 71 21 Cume
280 885 83 24 Pilatu,

161 915 24 21 Si
195 915 84 21 rivultò
288 916 29 20 da
326 916 75 21 l’altru
411 917 54 23 Ialu,

163 946 17 21 E
186 952 28 13 eu
222 946 22 20 la
253 946 57 20 tinta
320 947 22 20 di
352 947 21 20 le
381 948 85 25 piante,

164 977 18 20 U
190 976 68 21 dente
267 977 20 20 si
295 977 61 24 lavò,
365 983 150 17 caravunatu.

200 1007 19 20 A
227 1007 239 26 Stampa-canavacciu

162 1038 24 20 Si
196 1044 75 14 messe
280 1039 119 21 lucchettu
409 1047 60 14 novu
480 1048 12 14 a
502 1042 23 20 lu
536 1043 134 20 mustacciu.

161 1068 57 21 Solu
224 1079 26 4 —
256 1070 42 20 s’io
307 1077 31 14 un
348 1070 75 22 facciu
433 1073 91 25 sbagliu
530 1085 25 4 —

202 1100 33 20 Un
245 1100 115 22 Culombu

160 1130 115 26 Scappatu
285 1139 41 18 per
335 1132 93 22 furtuna
438 1134 27 19 da
474 1134 23 20 lu
508 1135 103 24 piombu,

160 1161 137 21 Piensecun
307 1163 50 20 Ella
370 1164 23 19 in
405 1164 87 25 Tagliu,

200 1193 108 25 Indarnu,
318 1194 22 20 al
350 1194 77 25 bentu,

161 1223 146 22 Cunfidendu
317 1232 14 13 u
341 1231 26 14 so
376 1225 111 21 lamentu.

158 1255 38 20 Ma
206 1255 36 20 chi
251 1256 66 25 parlu
326 1256 23 19 di
359 1256 120 21 vindetta?

198 1286 19 19 U
226 1286 68 24 Pinu,

198 1316 102 21 Fratellu
308 1324 13 13 e
330 1317 77 21 bicinu

159 1347 28 20 Di
196 1354 14 13 a
219 1347 81 21 Pianta
309 1348 120 21 fulminata
438 1356 13 14 e
459 1349 132 24 benedetta,

159 1377 61 26 Soga
228 1379 100 20 trinnicò
337 1380 120 20 manc’una
465 1384 63 17 velta
534 1380 12 21 ?

158 1408 74 22 Centu
242 1416 12 14 e
261 1413 36 17 tre
305 1414 68 17 centu
383 1411 68 24 volte,
459 1412 45 20 diu
514 1418 139 19 cumpagnu,

196 1440 19 20 A
224 1447 15 14 u
248 1440 111 22 fisculime
366 1442 22 20 di
396 1442 23 20 le
426 1442 69 25 piole,

158 1471 86 25 Propiu
252 1472 23 20 in
286 1476 64 21 pettu
358 1473 17 20 li
384 1473 87 20 bulonu
481 1473 23 21 le
513 1474 120 25 scagliole.

157 1501 62 24 Ellu,
228 1503 83 20 dentru
320 1503 22 21 le
350 1510 26 14 so
385 1504 134 25 telaghiole,

157 1532 96 21 Durmia
262 1540 68 14 cume
339 1541 31 13 un
380 1541 82 19 ragnu.

157 1563 150 26 Sottu-sottu,
316 1569 111 17 cuntentu
438 1572 37 14 era

158 1595 28 20 Di
197 1596 56 19 vede
261 1596 132 20 acchiarinà
402 1596 21 20 la
433 1597 124 24 pullunera

157 1625 18 20 E
184 1626 121 21 butulava:
316 1627 43 20 «In
369 1627 129 24 locunettu,

156 1657 113 25 Spacchiu
279 1658 23 19 di
312 1658 75 25 Bugni
395 1664 14 14 a
417 1658 154 25 granaghioli,

154 1688 75 25 Speru
239 1689 104 20 d’accasà
352 1689 63 20 mille
423 1688 103 25 figliolî.»

192 1729 27 4 —
224 1719 46 20 Per
277 1719 143 21 Macumettu
425 1720 12 20 !

154 1749 73 25 Spera
236 1757 67 17 puru,
310 1750 70 26 ughiô
388 1751 24 19 lu
422 1750 104 24 Ciocciu,

156 1781 36 20 Un
203 1781 51 20 bedi
263 1782 100 24 preparà
371 1788 14 13 u
395 1785 23 16 to
427 1782 111 20 cataletlu
545 1782 12 20 ?

154 1811 28 20 Di
192 1811 60 23 fatti,
262 1812 67 20 tardé
338 1818 68 19 pocu.
417 1812 35 20 Un
465 1813 71 19 sordu
546 1812 119 21 scrocchiu

155 1842 153 21 Cuminciede
316 1849 13 14 a
338 1843 142 20 chiucchittà
488 1844 30 24 pè
526 1843 22 20 le
556 1844 88 24 pinete.

155 1873 72 21 Passa
236 1880 13 13 e
258 1874 59 20 bene
325 1873 58 21 facia
391 1881 13 13 a
413 1874 188 24 schirtchi-secca,

193 1904 18 20 E
220 1904 36 20 !nu
265 1911 14 13 e
287 1911 26 13 so
323 1908 56 20 rete,

193 1936 20 19 A
220 1935 199 24 chiecca-chiecca,

155 1966 139 25 Stracquava
303 1966 49 25 pini
361 1973 14 13 e
382 1967 81 25 largie,
473 1973 12 13 a
495 1967 113 25 cegaloni.

193 1996 43 19 Per
244 1997 141 22 Fumbrionî,

192 2026 155 24 Tumbulioni,

154 2056 46 21 Tra
210 2057 6 20 i
226 2057 82 21 ronchi
317 2058 23 20 di
347 2058 22 20 le
377 2058 57 23 fere,

192 2089 20 19 A
221 2088 136 24 muntinere,

152 2118 86 21 Falava
247 2120 54 20 bare
309 2120 86 25 longbe
405 2120 98 20 bianche
512 2126 14 14 e
534 2126 63 14 nere.

193 2150 28 20 Di
230 2154 66 16 tantu
306 2151 24 19 in
341 2155 74 19 tantu,

155 2181 18 20 U
184 2181 33 20 Rè
225 2182 21 19 si
255 2182 58 19 dava
323 2188 31 14 un
365 2181 107 21 affaccata

191 2212 26 19 In
227 2212 93 25 qualchi
330 2213 96 24 burgata

190 2242 133 25 Spurettata
330 2251 7 16 ;

153 2272 25 23 E,
189 2273 64 21 bistu
262 2281 14 13 u
286 2274 76 20 frescu
373 2278 160 21 campusanlu,

153 2304 66 20 Dicìa
227 2305 144 20 scherzendu
379 2312 6 13 :
396 2305 76 20 «Cara
481 2309 106 21 spusata,

189 2335 46 20 Mia
244 2336 123 25 mugliere.

152 2365 132 21 Cantemuli
293 2367 90 20 inseme
392 2374 14 12 u
414 2367 128 20 Miserere!
548 2372 11 11 »

152 2396 81 26 Eppoi,
243 2397 22 20 di
275 2397 116 21 burdinali
398 2404 68 14 senza
475 2401 70 21 torte,

193 2427 73 21 Carcu
276 2435 13 13 a
298 2432 75 17 morte

154 2459 18 20 E
181 2459 24 20 di
214 2459 89 21 tronchi
312 2460 78 25 d’ogni
399 2464 70 19 sorte,

188 2490 169 25 Trinnighellu,

190 2521 99 21 Fendusi
299 2522 71 22 bellu,

190 2552 34 20 Da
233 2556 78 17 monte
320 2559 13 13 a
341 2559 64 14 mare

188 2582 140 22 Trascinava
337 2584 53 20 bare
399 2590 13 14 e
420 2583 62 21 bare.

344 2625 113 21 Martinu
468 2625 188 25 Appinzapalu.

344 2669 13 25 (
357 2670 126 25 Cuntinua)

784 387 52 25 Un
845 388 116 25 Salutu

801 431 13 17 A
823 436 12 12 u
840 431 103 24 Papagallu
950 432 21 18 di
977 433 50 18 Péri.

745 459 15 18 0
767 460 54 18 Musa
827 462 19 17 la
854 463 35 17 me’
895 463 66 21 arnica,

744 484 15 17 0
765 485 53 18 Musa
823 486 17 17 la
846 487 36 17 me’
887 492 113 18 cumpagna,

743 509 41 17 Sari
786 514 12 12 a
803 515 64 13 mezzu
872 512 35 17 che
913 516 32 14 ora

743 533 36 17 Chi
785 535 20 16 tu
810 535 78 21 partissi
894 536 21 17 in
919 541 109 18 campagna,

744 557 80 19 Parch’a
829 559 28 17 ciò
863 560 88 22 ch’aghiu
957 562 71 22 eapitu,

744 581 79 21 Qualchi
828 584 62 17 amicu
897 584 16 18 si
918 585 21 17 ni
944 585 62 22 lagna.

721 620 85 23 Dunqua,
818 624 79 20 portalu
903 624 124 22 honghiornu,

743 647 21 16 lu
770 646 65 23 Cirnu,
844 653 11 12 a
863 648 15 18 li
883 649 28 17 so’
917 649 99 22 oampioni,

743 671 56 19 Pueti
806 673 20 17 di
835 673 37 18 bon
882 674 74 18 lalenlu

743 696 14 17 E
763 697 20 17 di
789 697 44 19 boni
841 699 115 21 cundizioni,

741 721 121 20 Ammirator’
870 724 20 17 di
899 724 104 22 Sampieru,

741 746 32 18 De’
778 747 53 18 Paoli
839 752 11 14 e
858 748 107 23 Napulioni.

742 786 22 17 In
772 786 67 22 prima,
846 788 65 17 salutu
919 793 11 12 a
936 788 68 20 Eocca,

742 810 22 18 Di
770 816 9 11 «
786 812 17 17 A
807 812 66 18 Muvra
878 819 9 10 »
893 813 92 21 Dirittori,

742 835 89 19 Gursislu
837 837 19 18 di
865 838 17 17 la
889 838 89 22 prim’ora

742 860 102 20 Chimaiha
849 862 104 19 cummissü
959 863 67 18 errori.

742 885 22 18 In
768 887 45 22 ogni
819 888 27 17 so’
852 887 50 18 fattu
907 892 11 13 o
924 889 54 17 dettu

743 910 141 24 Cimettipunta
890 913 79 18 d’onori.

743 950 110 19 S’ell'haun
862 952 89 22 frisgeltu
960 956 56 14 rossu

742 975 81 23 Cusgitu
827 981 11 13 a
843 977 19 17 la
870 976 110 22 buLtuniera,

742 1000 29 18 Un
775 1001 22 17 lu
802 1001 44 18 devi
852 1001 36 19 avè
896 1003 95 21 guadantu

742 1026 88 18 Luntanu
836 1027 23 17 da
864 1027 19 17 la
890 1027 101 21 fruntiera,

741 1051 139 23 Pustighiendu
884 1052 17 17 li
906 1052 69 22 balisgi

741 1076 81 18 Annant’
828 1081 11 13 a
846 1077 19 17 la
874 1076 117 19 Cannabiera.

742 1116 67 18 Salutu
817 1117 22 17 lu
847 1117 36 17 me’
888 1116 104 18 amicacciu

741 1141 115 23 Pappagallu
864 1142 20 17 di
891 1142 17 17 li
918 1141 50 22 Péri,

741 1165 132 19 Ghiuvanottu
879 1166 128 23 indipindenli

741 1194 61 18 Ch’un
806 1195 39 18 dici
853 1199 22 14 ca
880 1195 40 18 cosi
925 1195 49 21 veri;

740 1219 139 23 Fustighiendu
885 1220 16 18 li
909 1219 103 21 ciamhotti,

740 1244 61 19 Unn’è
805 1245 36 18 che
844 1245 22 18 lu
872 1246 26 17 so’
904 1245 74 18 duveri.

740 1283 65 18 Salutà
810 1284 66 22 vogliu
883 1284 41 17 anc’
928 1288 12 13 a
944 1283 40 21 voi,

740 1308 49 18 Orsu
795 1309 83 18 dorezza
883 1313 11 13 e
899 1308 102 20 Muvrellu,

737 1333 39 18 Per
781 1334 6 17 i
795 1338 35 14 vos
832 1334 24 18 tri
861 1333 76 18 ardenti
944 1333 53 18 versi

739 1359 105 18 Indrizzatu
851 1364 12 13 a
868 1360 19 17 lu
892 1359 70 18 eatellu

740 1384 40 22 Chi,
787 1385 29 22 pa’
825 1385 9 17 i
844 1385 27 17 so’
878 1383 145 23 lumbrigunati,

739 1410 90 18 Lisciveti
836 1415 11 13 a
851 1410 23 17 lu
881 1409 97 18 ciarbellu.

738 1449 30 18 Un
772 1449 67 23 vogliu
844 1449 101 18 diminticà

737 1474 85 19 Minicali
827 1479 23 13 eu
856 1475 21 17 lu
884 1474 52 18 stolu

738 1500 23 17 Di
765 1500 5 9 ’
776 1497 90 25 premiati
873 1499 20 18 di
904 1499 108 22 quist’annu

737 1525 18 18 A
760 1525 18 18 la
786 1525 58 18 Santa
850 1524 88 21 diNiolu,

736 1551 98 22 Malgradu
842 1550 8 18 i
854 1549 125 19 bavacciulati

737 1575 24 18 Di
766 1575 15 18 li
785 1575 54 22 ruspi
844 1575 31 18 chi
881 1575 22 17 sò
908 1575 20 17 in
936 1574 53 18 dolu.

737 1614 48 18 Siati
794 1614 57 19 saluti
858 1614 55 22 tutti,

737 1640 24 17 Di
768 1640 20 18 la
793 1640 70 20 Muvra,
869 1639 15 18 li
892 1638 96 22 muvroni,

736 1665 53 18 Tutti
794 1665 55 23 quilli
854 1665 32 18 chi
893 1664 88 18 zuccheti

736 1690 17 18 U
760 1690 71 23 spinali
837 1695 11 13 a
855 1689 128 23 Lumbrigoni,

737 1715 48 18 Omu
793 1716 31 18 chi
831 1716 25 17 ha
863 1720 34 18 per
898 1720 23 14 su
928 1715 53 18 tuttu
988 1719 5 13 :

736 1740 59 19 Onori
801 1745 10 14 e
819 1741 121 22 riputazioni.

823 1765 176 19 L’Osservatori.

716 1820 89 26 Quandu
814 1827 55 19 sona
878 1820 142 24 l’Rve-Maria

715 1873 79 22 Quandu
802 1873 18 18 la
825 1874 53 17 notte
883 1878 57 13 scura
945 1873 75 19 scende,

736 1899 80 21 Quandu
819 1903 47 14 sona
870 1898 128 21 l’Ave-Maria,

714 1923 26 18 La
745 1924 62 22 prima
821 1924 55 18 Stella
882 1924 27 17 mi
915 1924 106 22 surprende

736 1949 17 18 U
760 1954 44 13 core
809 1949 50 23 pien’
864 1949 20 18 di
888 1948 98 23 nustalgia
992 1954 5 16 ;

736 1974 15 18 E
760 1976 58 16 canlu
826 1979 37 13 cun
871 1974 117 18 malincunia

734 2000 82 20 Quandu
824 2003 47 14 sona
879 1999 127 18 l’Ave-Maria.

735 2038 53 18 Dolci
794 2038 61 23 picehj
861 2039 137 22 dilacampana

736 2063 36 18 Chi
779 2064 67 17 ludate
853 2064 21 18 la
881 2064 59 18 Santa
948 2064 63 21 Croce,

713 2090 36 17 Voi
752 2089 27 17 mi
787 2090 100 20 sembrata,
897 2093 44 14 cosa
948 2090 70 21 strana,

734 2114 24 17 Di
764 2114 18 17 la
791 2118 30 13 me
830 2114 95 20 bmnetta,
938 2114 19 17 la
963 2118 54 14 voce.

734 2139 46 17 Esse
785 2143 38 13 cun
832 2139 37 17 ella
876 2139 33 17 eiu
916 2139 66 17 vurria

734 2164 80 22 Quandu
818 2168 47 14 sona
870 2164 127 18 l’Ave-Maria.

735 2203 14 18 0
758 2204 18 17 la
785 2204 35 17 me’
830 2204 89 17 culumba
929 2203 66 18 divina
1001 2203 5 18 !

733 2229 35 21 Tu,
777 2229 20 17 la
802 2232 43 14 rosa
849 2228 38 17 mai
892 2228 103 23 appassita,

734 2251 23 18 In
764 2253 69 20 questa
840 2251 54 18 dolce
903 2251 92 22 seratina,

734 2275 26 19 Se
766 2276 71 18 vulissi
845 2277 23 17 tu
873 2277 19 17 la
901 2277 36 17 me’
942 2276 48 22 vita,

734 2301 60 18 Senza
802 2302 107 22 rimpiantu
915 2307 11 13 a
934 2302 17 18 ti
957 2302 60 22 daria,

734 2326 79 21 Quandu
818 2327 177 18 sonal’Àve-Maria.

712 2366 43 18 Nun
760 2370 58 18 possu
823 2367 49 17 vede
877 2367 33 17 un’
914 2367 104 22 abbrugata

712 2391 58 18 Senza
776 2392 81 17 sentemi
864 2392 74 23 strigne
945 2397 14 12 u
967 2396 50 18 core,

734 2416 61 19 Senza
799 2421 58 17 pensa
860 2421 12 13 a
875 2417 18 17 la
899 2418 36 17 me’
940 2418 68 20 amata,

733 2440 18 17 A
756 2440 62 22 quella
821 2440 55 17 ch’ha
880 2441 23 17 lu
907 2440 36 18 me’
947 2444 69 14 amore.

733 2464 38 18 Sol’
777 2469 12 13 a
798 2466 18 16 te
825 2469 67 18 pensu,
898 2470 12 13 o
915 2469 43 14 cara
963 2466 46 21 mia,

734 2489 80 22 Quandu
831 2494 48 14 sona
890 2490 127 18 l’Ave-Marïa.

712 2528 87 23 Quandu,
804 2530 67 17 stancu
876 2530 53 18 d’avè
933 2531 84 21 cantatu,

733 2554 83 18 L’acellu
824 2556 55 17 torna
883 2560 12 12 a
900 2555 21 17 lu
930 2556 27 17 so’
962 2555 55 22 nidu,

733 2577 16 17 A
757 2578 18 17 te
780 2578 48 20 sola,
834 2582 11 13 o
849 2578 44 18 fior’
900 2578 117 22 profumatu,

711 2601 78 19 Pensau
792 2603 80 18 me’core
875 2604 75 17 amante
954 2608 11 13 e
968 2603 49 22 fidu;

732 2626 16 18 E
753 2632 38 13 cun
799 2628 53 21 placé
857 2628 16 17 ti
880 2628 103 22 basgiarla,

733 2651 81 20 Quandu
831 2656 45 14 sona
888 2652 128 18 l’Ave-Maria.

735 2677 142 16 M.Alessandri
885 2679 21 14 di
919 2678 98 16 Chidazzu.

1058 168 103 23 Cullana
1170 170 100 22 Storica
1281 170 28 22 di
1319 169 24 22 A
1351 170 91 23 Muvra

1112 228 23 36 A
1153 231 158 45 Cunquista
1328 230 141 37 Francese

1191 286 31 35 di
1238 298 18 24 a
1275 286 120 35 Corsica

1106 335 46 29 (Da
1162 344 31 15 un
1210 338 121 22 Giurnale
1342 338 25 21 di
1379 338 103 29 l’Epuca)

1222 401 130 29 (Seguitu)

1084 466 40 22 On
1138 473 31 16 ne
1181 468 54 22 voit
1243 468 89 28 jamais
1341 473 45 16 son
1394 469 66 22 front
1467 474 57 16 cou-

1056 498 55 19 vert
1129 498 30 20 de
1178 504 101 22 nuages,
1292 498 23 22 &
1334 498 17 21 il
1371 498 91 28 inspire
1480 504 44 22 par

1055 531 27 15 sa
1094 526 109 27 fermeté,
1216 529 22 21 la
1249 530 57 25 plus
1317 529 91 27 grande
1420 529 104 22 confian-

1054 561 28 15 ce
1094 554 13 23 à
1119 562 39 16 ses
1176 563 70 21 gens.
1268 558 171 23 L’évènement
1455 559 69 21 vient

1054 585 31 21 de
1098 585 60 23 faire
1176 589 127 22 connoître
1320 589 24 21 le
1359 590 128 25 contraire,
1501 588 22 21 &

1054 615 50 22 l’on
1115 623 75 21 pense
1202 618 32 22 ici
1246 625 48 21 que
1304 621 53 20 tout
1366 620 111 27 l’Europe
1485 625 39 16 re-

1053 647 104 22 viendra
1169 649 31 21 de
1211 649 74 22 l’idée
1297 650 73 28 qu’on
1383 651 68 22 avoit
1466 657 58 15 con-

1053 684 31 22 çu
1091 679 29 21 de
1128 679 34 21 lui
1172 679 32 22 La
1212 679 91 22 Nation
1312 687 30 14 ne
1349 680 98 23 l’auroif
1455 681 69 27 point

1055 708 154 28 abandonné,
1239 716 94 17 comme
1362 711 19 22 il
1409 711 50 22 s’en
1486 713 37 19 est

1054 739 84 27 plaint,
1151 739 41 23 s’il
1203 740 41 22 eût
1255 747 60 21 paru
1327 740 13 23 à
1350 742 24 21 la
1386 742 48 21 tête
1446 742 29 21 de
1484 747 38 16 ses

1053 769 107 28 Troupes
1171 777 6 19 ;
1191 771 61 21 mais
1264 772 19 21 il
1291 771 38 22 n’a
1339 778 42 21 pas
1390 773 133 21 seulement

1053 801 50 26 pris
1115 801 23 21 la
1149 801 74 27 peine
1234 802 31 21 de
1278 807 26 16 se
1315 804 118 24 montrer,
1455 802 21 21 &
1494 808 28 15 ce

1053 831 42 26 qui
1116 837 13 15 a
1142 831 44 22 fait
1201 831 133 22 résistance
1351 833 61 21 dans
1430 833 35 21 les
1482 838 40 16 en-

1052 861 78 22 droits
1142 861 74 28 qu’on
1227 868 13 15 a
1252 862 89 27 forcés,
1362 869 29 15 ce
1412 865 56 19 sont
1479 863 43 20 des

1052 897 61 22 gens
1129 893 42 26 qui
1191 892 126 23 n’avoient
1327 894 56 21 rien
1397 892 14 22 à
1426 893 94 28 perdre.

1107 944 82 19 Numéro
1197 945 27 18 du
1231 945 96 19 Vendredi
1335 945 11 18 9
1353 946 47 18 Juin
1409 945 51 19 1769.

1231 979 27 18 De
1265 980 19 18 la
1293 980 51 22 Haye
1351 980 19 18 le
1378 979 23 18 25
1412 979 43 18 Mai.

1081 1015 40 22 On
1140 1022 26 15 se
1187 1016 120 22 demande
1318 1016 32 22 ici
1367 1016 39 21 s'il
1417 1021 17 22 y
1444 1016 78 22 auroit

1051 1047 105 26 quelque
1168 1047 117 28 ombrage
1294 1049 67 19 entre
1370 1047 23 21 la
1403 1046 89 22 France
1500 1046 22 22 &

1050 1076 24 21 la
1086 1076 233 28 Grande-Bretagne
1329 1083 6 20 ;
1348 1077 22 22 &
1382 1082 32 16 on
1426 1076 36 29 s’y
1469 1078 53 20 sent

1051 1107 108 22 autorisé
1173 1113 42 16 sur
1226 1113 27 16 ce
1265 1107 74 28 qu’on
1350 1112 83 17 assure
1445 1113 46 21 que
1499 1108 22 21 la

1051 1137 92 22 France
1154 1144 14 15 a
1180 1138 44 22 fait
1234 1138 63 22 faire
1308 1144 30 15 en
1356 1137 101 22 dernier
1471 1138 50 21 lieu

1051 1168 30 21 de
1100 1167 124 23 sérieuses
1241 1167 212 28 représentations
1471 1167 14 22 à
1498 1168 22 21 la

1051 1198 68 22 Cour
1128 1199 31 21 de
1174 1199 109 22 Londres
1304 1199 31 21 de
1355 1204 29 16 ce
1404 1204 48 22 que
1469 1199 53 26 plu-

1050 1229 81 22 sieurs
1143 1230 106 27 Anglois
1261 1231 45 20 ont
1319 1228 83 22 fourni
1417 1228 21 22 &
1457 1228 65 22 four-

1049 1260 97 22 nissent
1164 1266 92 16 encore
1276 1260 44 21 des
1339 1259 137 22 munitions
1491 1259 30 21 de

1049 1295 88 22 guerre
1147 1290 28 21 &'
1182 1291 44 21 des
1236 1290 140 27 provisions
1388 1290 31 21 de
1426 1289 94 22 bouche

1050 1326 49 16 aux
1111 1320 99 27 Corses,
1223 1320 22 22 &
1258 1326 80 17 sur.ee
1349 1319 74 28 qu’on
1439 1320 82 21 attend

1049 1357 32 16 en
1092 1352 147 28 Angleterre
1246 1352 25 21 le
1281 1351 87 22 Comte
1378 1351 143 22 d’Harcourt

1049 1382 184 22 Ambassadeur
1243 1383 32 20 de
1287 1381 25 22 S.
1322 1381 34 22 M.
1367 1381 27 22 B.
1408 1388 30 15 en
1449 1381 72 22 Eran-

1049 1419 38 20 ce,
1099 1413 23 21 &
1134 1419 47 21 que
1200 1414 24 20 le
1245 1412 88 23 Comte
1353 1413 33 20 du
1400 1412 121 22 Châtelet-

1050 1443 104 22 Lomont
1163 1443 184 22 Ambassadeur
1358 1443 160 22 deS.M.T.C.

1049 1474 55 22 doit
1122 1480 113 21 repasser
1255 1475 61 21 dans
1339 1479 27 16 ce
1385 1473 134 29 Royaume.

1050 1504 145 28 Cependant
1213 1505 24 22 le
1249 1504 129 22 Ministère
1390 1504 104 28 Anglois
1507 1511 13 14 a

1049 1535 44 22 fait
1098 1542 48 15 aux
1151 1535 217 28 Représentations
1381 1535 30 21 de
1419 1536 23 21 la
1451 1535 69 22 Fran-

1049 1572 28 16 ce
1088 1572 50 16 une
1149 1566 107 28 réponse
1278 1566 41 27 qui
1339 1564 39 23 n’a
1398 1572 43 21 pas
1460 1572 59 21 paru

1049 1597 89 22 devoir
1148 1596 91 23 altérer
1248 1598 24 21 la
1284 1597 81 22 bonne
1385 1596 135 28 intelligen-

1049 1633 28 15 ce
1088 1630 68 20 entre
1167 1629 37 21 les
1217 1628 66 21 deux
1295 1627 87 26 Cours,
1394 1627 125 28 puisqu’on

1048 1664 14 15 a
1074 1659 38 20 dit
1122 1664 47 22 que
1181 1659 61 21 celle
1254 1659 32 21 de
1303 1657 109 22 Londres
1427 1658 93 22 n’avoit

1046 1689 88 27 jamais
1145 1689 84 22 fourni
1241 1695 79 16 aucun
1332 1694 101 16 secours
1452 1689 14 21 à
1479 1694 40 15 ces

1048 1720 131 22 insulaires
1188 1726 6 20 ;
1214 1720 23 21 &
1257 1726 48 21 que
1325 1719 82 28 quand
1425 1718 13 23 à
1458 1725 61 16 ceux

1048 1750 74 27 qu’ils
1132 1753 111 24 peuvent
1254 1750 72 22 avoir
1336 1756 57 22 reçu
1405 1750 43 21 des
1464 1750 55 22 Par-

1046 1781 118 26 ticuliers,
1179 1782 48 21 elle
1238 1781 95 22 n’avoit
1343 1787 33 21 pu
1387 1780 37 29 s’y
1443 1786 76 22 oppo-

1047 1817 48 16 ser.
1109 1811 68 22 C’est
1189 1811 35 22 M.
1236 1812 117 25 Boswell,
1366 1817 42 22 qui
1420 1817 13 16 a
1442 1810 76 23 formé

1047 1847 63 22 pour
1121 1848 48 16 eux
1180 1841 14 22 à
1206 1843 110 21 Londres
1327 1848 49 15 une
1395 1842 123 27 Souscrip-

1045 1873 56 21 tion
1112 1873 61 21 dont
1183 1874 37 20 les
1230 1873 74 22 fonds
1315 1873 52 21 leur
1379 1875 44 20 ont
1432 1871 39 23 été
1481 1878 38 15 re-

1046 1903 48 22 mis
1103 1910 8 19 ;
1122 1903 23 22 &
1152 1904 18 21 il
1182 1909 14 16 a
1206 1904 82 22 même
1296 1904 87 27 depuis
1390 1904 128 21 renouvel-

1045 1933 25 22 lé
1082 1940 40 15 ses
1131 1934 123 22 instances
1274 1934 87 28 auprès
1382 1935 34 21 du
1434 1934 84 22 Public

1046 1970 63 22 pour
1119 1964 125 29 l’engager
1255 1965 14 22 à
1281 1965 107 22 ranimer
1406 1971 44 16 son
1468 1964 49 22 zèle

1046 2001 31 16 en
1089 1997 56 20 leur
1155 1996 95 26 faveur,
1264 2002 32 15 en
1311 1995 163 29 s’expliquant
1487 2002 30 15 en

1046 2031 41 16 ces
1099 2028 94 20 termes
1202 2033 7 15 :

1072 2064 14 13 «
1096 2056 45 22 Les
1153 2056 91 23 Corses
1253 2059 45 20 ont
1306 2057 30 21 de
1345 2057 104 27 grandes
1457 2057 61 21 obli-

1044 2087 98 28 gations
1153 2087 14 22 à
1179 2093 63 16 ceux
1253 2088 42 26 qui
1306 2088 53 20 leur
1376 2089 45 20 ont
1435 2087 79 22 fourni

1044 2118 44 20 des
1100 2123 116 20 secours;
1228 2118 56 21 leur
1297 2118 95 21 illustre
1412 2116 105 23 Général

1043 2147 24 22 &
1078 2153 39 16 ses
1129 2148 89 21 biaves
1231 2147 181 28 Compatriotes
1423 2154 30 15 en
1461 2150 56 20 sont

1044 2178 129 22 vivement
1204 2179 201 22 reconnoissans.
1431 2179 85 22 Puisse

1043 2210 54 20 leur
1109 2209 81 22 Cause
1201 2209 124 28 glorieuse
1342 2210 108 21 ranimer
1461 2212 54 19 tous

1043 2240 37 21 les
1100 2240 62 21 bons
1186 2240 123 27 partisans
1328 2240 30 22 de
1379 2240 23 21 la
1421 2240 94 22 Liberté

1044 2271 60 21 dans
1114 2271 24 21 la
1151 2270 236 28 Grande-Bretagne
1398 2270 14 22 à
1423 2271 94 22 donner

1043 2302 32 21 de
1086 2307 135 16 nouveaux
1231 2307 101 17 secours
1349 2307 48 16 aux
1416 2301 99 23 Veuves

1043 2331 23 22 &
1077 2338 47 15 aux
1135 2332 116 22 Familles
1260 2332 31 22 de
1300 2338 41 16 ces
1348 2332 91 22 braves
1447 2332 67 22 Insu-

1042 2363 75 21 laires
1128 2363 62 21 dans
1201 2364 63 20 cette
1276 2363 159 27 conjoncture
1452 2363 64 22 criti-

1043 2399 57 22 que.
1114 2393 71 22 Ceux
1204 2399 48 22 que
1271 2394 25 21 la
1315 2393 140 29 générosité
1471 2395 43 21 des

1043 2423 89 29 Sugets
1143 2424 107 28 Anglois
1259 2425 54 21 leur
1321 2431 14 14 a
1346 2424 55 28 déjà
1409 2424 44 22 fait
1462 2430 53 22 pas-

1043 2461 48 20 ser,
1097 2455 37 21 les
1144 2457 44 19 ont
1198 2455 47 21 mis
1257 2461 32 16 en
1301 2455 51 22 état
1362 2456 32 20 de
1405 2455 61 22 faire
1472 2456 43 21 des

1043 2485 84 23 efforts
1146 2486 113 27 capables
1271 2485 111 23 d’attirer
1399 2485 115 23 l’admira-

1043 2516 53 22 tion
1108 2516 30 22 de
1148 2518 70 20 toute
1236 2516 121 27 l’Europe.
1379 2515 25 23 Si
1424 2516 91 22 chacun

1042 2547 98 22 vouloit
1151 2547 145 22 contribuer
1307 2547 67 22 selon
1394 2552 45 17 son
1455 2553 60 21 pou-

1042 2578 66 25 voir,
1121 2583 32 16 on
1164 2578 82 21 auroit
1257 2577 97 22 bientôt
1363 2584 50 15 une
1423 2582 92 17 somme

1043 2608 101 27 capable
1155 2608 31 21 de
1197 2609 110 21 soutenir
1315 2609 35 21 les
1361 2607 112 23 Familles
1485 2609 29 21 de

1043 2644 64 16 ceux
1117 2639 42 26 qui
1171 2641 45 19 ont
1227 2638 39 22 été
1276 2638 81 23 forcés
1368 2638 147 22 d’abandon-

1043 2674 45 16 ner
1099 2669 65 21 leurs
1176 2669 73 21 biens
1261 2669 23 22 &
1295 2670 64 21 leurs
1378 2669 135 22 domiciles.

1550 170 71 23 Cette
1632 176 134 22 campagne
1777 169 112 22 décidera
1900 169 120 27 peut-être

1549 201 33 21 du
1594 203 52 20 sort
1662 202 30 21 de
1705 201 23 21 la
1741 200 78 22 Corse
1835 199 23 22 &
1874 200 146 22 convaincra

1549 231 124 22 l’Univers
1685 231 76 28 qu’on
1772 237 13 15 a
1797 230 123 27 entrepris
1930 229 90 22 envain

1549 261 30 21 de
1599 262 135 28 subjuguer
1753 267 34 15 un
1811 261 92 27 Peuple
1925 260 41 28 qui
1990 266 30 15 ne

1551 293 59 20 veut
1620 292 70 22 vivre
1702 291 123 28 qu’autant
1841 290 58 28 qu’il
1910 293 38 19 est
1957 291 64 21 libre

1549 321 22 21 &
1583 321 165 28 indépendant
1756 329 13 13 »
1787 321 23 22 &
1826 322 64 20 cette
1908 321 113 22 exhorta-

1549 351 53 21 tion
1614 358 13 15 a
1639 352 101 27 produit
1750 358 33 15 un
1794 351 111 22 très-bon
1916 351 65 22 effet.

1606 415 82 19 Numéro
1696 417 27 17 du
1731 415 95 19 Vendredi
1834 415 11 18 9
1853 415 46 19 Juin
1907 415 52 19 1769.

1721 452 27 18 De
1755 452 19 17 la
1782 452 63 18 Bastia
1853 452 19 17 le
1880 451 23 18 30
1910 452 43 18 Mai.

1577 489 31 22 La
1627 491 151 22 soumission
1798 491 30 22 de
1846 492 23 21 la
1891 491 86 26 Corse,
1991 496 30 15 au

1550 520 53 21 dire
1620 521 30 21 de
1666 522 58 21 bien
1745 523 43 21 des
1808 528 70 23 gens,
1898 522 62 22 étoit
1973 527 47 16 une

1549 551 136 26 entreprise
1705 553 44 20 des
1767 553 55 27 plus
1843 552 120 22 difficiles.
1980 551 40 22 On

1548 580 162 30 n’employoit
1721 583 72 27 point
1804 582 67 23 assés
1883 584 30 20 de
1930 582 91 23 monde

1548 616 64 21 pour
1623 614 64 19 cette
1696 613 145 27 expédition
1851 620 6 19 ;
1871 619 32 16 on
1913 614 69 21 alloit
1988 614 33 20 at-

1548 642 87 25 taquer
1651 642 43 22 des
1714 643 113 22 hommes
1846 642 150 24 déterminés
2007 642 14 22 à

1548 671 108 22 sacrifier
1662 673 67 22 leurs
1738 674 71 22 biens
1818 674 22 21 &
1848 675 54 21 leur
1909 674 41 21 vie
1959 680 63 21 pour

1547 701 24 21 la
1583 701 101 23 défense
1696 704 30 21 de
1737 705 55 21 leur
1808 704 97 26 liberté,
1919 705 58 21 dans
1988 710 32 15 ur.

1549 731 57 22 Païs
1618 736 103 19 couvert
1733 735 30 20 de
1774 735 56 21 bois
1842 734 23 22 &
1878 734 93 22 hérissé
1991 735 30 21 de

1549 761 156 30 Montagnes,
1727 765 32 21 où
1781 771 29 16 20
1828 765 113 22 hommes
1961 771 61 21 pou-

1547 793 88 22 voient
1643 794 142 23 facilement
1793 801 30 16 en
1832 796 92 21 arrêter
1936 801 83 16 10000.

1549 825 66 23 Paoli
1626 828 69 21 avoit
1705 834 43 22 sçu
1760 829 107 26 inspirer
1875 828 13 22 à
1897 835 39 15 ses
1944 828 77 22 Trou-

1548 862 43 21 pes
1604 859 63 20 cette
1679 858 143 28 intrépidité
1834 859 61 22 dont
1906 860 19 21 il
1941 865 27 16 se
1979 865 42 21 pa-

1547 887 51 21 roit
1608 893 6 19 ;
1627 888 18 21 il
1656 889 36 20 les
1704 889 70 21 avoit
1784 890 81 21 même
1886 889 107 28 engagés
2007 889 13 22 à

1547 916 82 27 prêter
1649 920 110 20 serment
1778 918 72 28 qu’ils
1871 926 30 15 ne
1922 926 26 15 se
1968 926 53 16 ren-

1548 947 96 23 droient
1653 949 97 27 jamais,
1765 949 22 22 &
1799 956 39 15 ses
1850 951 119 26 partisans
1986 952 35 20 al-

1547 978 79 22 loient
1631 979 98 27 jusqu’à
1740 981 69 20 taxer
1820 980 30 21 de
1860 980 114 22 témérité
1985 981 36 22 l'i-

1548 1007 45 23 dée
1605 1009 30 21 de
1647 1010 109 27 pouvoir
1768 1013 136 24 remporter
1916 1012 104 27 quelque

1548 1041 119 27 avantage
1680 1040 169 23 considérable
1859 1047 42 16 sur
1909 1042 43 21 des
1960 1047 60 22 gens

1547 1069 31 21 de
1584 1071 63 20 cette
1653 1071 96 27 espèce.
1755 1071 149 22 Néanmoins
1912 1078 28 15 20
1949 1072 71 28 jours

1547 1100 32 21 de
1594 1102 71 25 tems,
1686 1104 44 20 ont
1749 1102 56 22 suffi
1816 1108 64 22 pour
1891 1109 26 15 se
1931 1103 89 22 rendre

1547 1130 86 22 maître
1645 1131 31 22 de
1687 1133 23 20 la
1722 1133 79 26 partie
1812 1133 30 21 de
1854 1133 75 26 Tlsle,
1940 1134 41 27 qui
1991 1134 29 21 de

1547 1167 13 22 9
1573 1161 89 22 Pièves
1674 1168 31 15 en
1720 1163 59 27 quoi
1791 1164 48 20 elle
1859 1166 38 19 est
1916 1163 102 27 divisée,

1547 1197 32 15 en
1599 1193 134 26 comprend
1753 1200 13 22 9
1785 1193 24 22 &
1827 1193 33 22 où
1877 1194 19 21 il
1914 1200 18 22 y
1951 1195 70 21 avoit

1547 1221 75 29 21875
1643 1223 113 22 hommes
1775 1230 30 15 en
1825 1223 50 23 état
1887 1224 30 22 de
1936 1227 84 25 porter

1546 1252 37 21 les
1593 1258 80 16 armes
1683 1259 6 15 :
1701 1254 80 27 partie
1791 1255 24 20 la
1825 1255 56 26 plus
1893 1256 128 21 essentiel-

1545 1283 34 25 le,
1591 1282 33 22 où
1635 1286 58 19 sont
1703 1285 38 21 les
1752 1284 147 27 principaux
1910 1285 109 22 endroits

1546 1314 162 26 susceptibles
1720 1315 30 21 de
1762 1314 108 26 défense,
1883 1315 22 21 &
1917 1315 32 22 où
1960 1316 59 21 dans

1545 1343 38 21 les
1594 1343 141 23 différentes
1747 1347 111 26 attaques
1870 1345 73 28 qu’on
1956 1353 13 14 a
1981 1345 39 23 été

1546 1374 83 29 obligé
1640 1375 31 21 de
1683 1374 71 28 faire,
1767 1381 33 16 on
1820 1375 39 22 n’a
1880 1383 52 21 pas.
1942 1377 78 27 perdu

1548 1411 41 23 150
1600 1405 120 22 hommes.
1728 1406 69 22 Paoli
1809 1412 32 16 ne
1847 1406 60 22 s’est
1912 1407 44 22 fait
1963 1408 56 21 voir

1545 1437 68 20 nulle
1632 1439 61 24 part,
1714 1436 23 22 &
1757 1436 89 23 s’étant
1865 1437 74 22 retiré
1959 1439 59 21 dans

1546 1465 83 27 Corté,
1642 1466 18 22 il
1671 1473 14 15 a
1701 1467 146 22 abandonné
1865 1469 64 21 cette
1946 1468 72 22 Place

1545 1502 32 16 au
1587 1499 111 20 moment
1708 1497 60 28 qu’il
1778 1504 13 15 a
1804 1504 43 22 sçu
1863 1498 73 27 qu’on
1955 1505 64 16 mar-

1546 1527 69 22 choit
1625 1528 14 21 à
1650 1528 34 21 lui
1694 1535 7 19 ;
1715 1528 19 22 il
1745 1528 94 23 n’avoit
1849 1530 81 21 même
1944 1529 74 23 laissé

1545 1558 61 21 dans
1618 1559 23 21 le
1653 1558 111 23 Château
1777 1565 47 22 que
1840 1566 30 21 30
1882 1559 14 23 à
1906 1566 28 21 40
1950 1561 69 22 hom-

1545 1595 62 15 mes.
1621 1589 33 22 Ils
1664 1595 18 22 y
1696 1591 45 20 ont
1751 1589 45 22 fait
1813 1591 104 27 quelque
1935 1593 84 20 conte-

1544 1625 78 16 nance
1633 1620 106 22 environ
1751 1626 28 21 24
1790 1620 90 22 heures
1890 1627 7 20 ;
1909 1621 23 22 &
1943 1629 11 21 5
1967 1622 51 23 Sol-

1545 1650 53 22 dats
1617 1652 74 27 ayant
1710 1650 40 22 été
1762 1650 93 23 blessés
1874 1652 60 22 dans
1955 1655 63 20 cette

1544 1681 139 26 intervalle,
1696 1687 66 22 pour
1775 1688 32 15 ne
1820 1688 44 21 pas
1882 1683 89 27 perdre
1983 1690 34 16 un

1544 1714 119 24 moment,
1676 1713 26 21 ni
1715 1719 33 15 un
1761 1713 54 21 seul
1825 1713 119 28 chapeau,
1961 1721 32 15 on
2004 1721 13 15 a

1544 1743 60 22 bien
1624 1744 76 21 voulu
1719 1747 113 24 accepter
1848 1744 78 23 l’offre
1946 1745 71 28 qu’ils

1544 1776 45 20 ont
1599 1774 43 22 fait
1651 1775 30 20 de
1690 1781 27 15 se
1725 1775 89 21 rendre
1822 1781 60 16 sous
1890 1776 127 22 condition

1544 1805 31 21 de
1585 1805 76 22 sortir
1680 1811 62 16 avec
1758 1806 66 21 leurs
1843 1812 88 16 armes.
1948 1806 41 22 On
2003 1813 13 16 a

1543 1835 91 22 trouvé
1645 1836 58 21 dans
1716 1842 28 16 ce
1756 1836 109 26 château,
1872 1842 61 17 avec
1944 1843 73 22 quan-

1543 1865 46 22 tité
1607 1866 30 22 de
1655 1866 137 22 munitions
1804 1867 31 21 de
1848 1867 104 27 Guerre,
1973 1869 44 21 des

1543 1897 87 22 vivres
1643 1903 64 22 pour
1716 1898 56 27 plus
1784 1898 30 21 de
1826 1906 14 18 4
1858 1898 72 26 mois,
1945 1898 73 23 beau-

1544 1933 63 22 coup
1619 1928 30 21 de
1660 1928 111 22 meubles
1782 1928 120 28 précieux
1921 1935 31 17 en
1967 1930 50 21 Da-

1543 1964 52 16 mas
1615 1959 23 21 &
1654 1965 31 16 en
1702 1958 107 23 Velours
1829 1961 161 26 appartenant
2002 1960 14 22 à

1543 1990 78 26 Paoli,
1634 1990 22 21 &
1667 1996 33 15 un
1719 1990 82 22 Trône
1812 1990 61 28 qu’il
1890 1991 69 22 avoit
1972 1992 45 21 fait

1543 2021 104 25 dresser,
1669 2026 42 16 sur
1729 2021 83 27 lequel
1822 2021 20 21 il
1859 2021 82 22 s’étoit
1960 2028 56 16 sans

1542 2052 73 21 doute
1623 2050 56 22 flaté
1688 2050 96 23 d’avoir
1791 2057 49 16 une
1848 2052 70 27 place
1926 2053 77 21 stable
2009 2059 6 20 ;

1542 2085 62 22 mais
1614 2085 31 21 où
1655 2084 50 22 l’on
1718 2085 38 21 dit
1766 2084 59 28 qu’il
1836 2091 31 15 ne
1880 2084 58 23 s’est
1954 2086 62 22 assis

1542 2115 89 28 qu’une
1644 2115 57 22 fois.
1719 2115 32 22 Le
1763 2115 92 28 Peuple
1873 2116 36 22 fat
1926 2116 90 22 alarmé

1542 2152 31 15 en
1585 2146 35 28 l’y
1629 2147 94 27 voyant
1731 2152 6 19 ;
1750 2145 23 22 &
1785 2151 31 16 en
1826 2146 84 22 habile
1929 2147 85 21 Politi-

1542 2183 47 22 que
1608 2176 17 22 il
1642 2175 97 23 déclara
1760 2175 59 28 qu:il
1839 2176 89 23 n’étoit
1946 2176 70 23 élevé

1542 2206 52 29 qu’à
1606 2208 24 20 la
1641 2206 98 23 Liberté
1749 2213 6 20 ;
1772 2208 37 21 les
1820 2208 83 21 moins
1914 2207 102 23 éclairés

1541 2239 24 20 le
1576 2240 98 19 crurent
1688 2243 43 16 sur
1742 2243 26 16 sa
1779 2239 93 26 parole,
1885 2238 63 22 mais
1961 2240 55 26 plu-

1542 2269 80 21 sieurs
1633 2274 32 15 ne
1676 2268 84 22 furent
1770 2274 43 22 pas
1823 2269 24 21 la
1859 2269 64 27 dupe
1935 2269 30 22 de
1975 2275 40 17 ses

1540 2308 72 16 vues.
1634 2302 45 21 Les
1698 2302 79 21 bruits
1798 2302 30 21 de
1846 2308 46 16 son
1912 2302 103 23 évasion

1540 2333 71 22 n’ont
1620 2333 73 28 point
1700 2332 40 22 été
1749 2332 140 23 confirmés.
1899 2333 41 22 On
1948 2334 25 21 le
1981 2334 34 22 dit

1540 2370 31 15 au
1581 2364 122 21 contraire
1715 2363 76 22 retiré
1803 2364 71 21 selon
1888 2364 36 22 les
1940 2370 47 16 uns
2001 2366 14 20 à

1540 2394 106 23 Vivario
1657 2393 14 23 à
1682 2394 106 22 environ
1800 2394 13 21 6
1824 2394 78 22 lieues
1915 2395 29 21 de
1954 2395 62 22 Cor-

1540 2427 34 24 te,
1597 2424 23 23 &
1639 2426 70 21 selon
1730 2425 106 22 d’autres
1856 2424 14 23 à
1894 2425 119 27 Chisone,

1541 2456 67 22 deux
1618 2461 32 17 ou
1669 2456 65 21 trois
1753 2456 80 21 lieues
1846 2457 56 26 plus
1913 2457 53 21 loin
1973 2463 6 19 ;
1992 2456 23 22 &

1540 2486 50 22 l’on
1605 2486 82 28 ajoute
1707 2485 61 28 qu’il
1786 2492 19 23 y
1822 2488 39 20 est
1878 2492 61 16 avec
1952 2492 62 17 2000

1540 2517 114 22 hommes
1666 2517 42 27 qui
1728 2522 27 16 se
1775 2520 57 19 sont
1851 2517 164 22 entièrement

1540 2547 107 22 attachés
1658 2547 14 22 à
1681 2553 26 16 sa
1718 2553 132 22 personne.
1863 2547 44 23 S’il
1918 2550 96 26 compte

1541 2578 31 22 de
1583 2579 107 26 pouvoir
1699 2584 18 23 y
1730 2579 67 21 tenir
1807 2578 87 27 ferme,
1907 2579 19 21 il
1941 2585 73 21 pour-

1540 2609 49 21 roit
1599 2614 27 16 se
1636 2611 112 25 tromper
1758 2615 6 19 ;
1783 2614 34 17 on
1827 2610 80 26 prend
1924 2610 90 21 actuel-

1539 2639 93 21 lement
1642 2639 44 21 des
1696 2645 112 15 mesures
1823 2645 65 22 pour
1905 2639 50 22 l’en
1974 2639 39 22 dé-

1540 2669 115 28 busquer.
1668 2669 35 22 M.
1715 2670 24 21 le
1752 2669 88 22 Comte
1851 2670 31 21 de
1894 2669 72 22 Vaux
1982 2676 31 15 va

2045 173 17 22 y
2074 166 59 22 faire
2145 166 112 22 marcher
2269 166 35 21 les
2317 163 160 25 Grenadiers,
2486 162 35 21 les

2047 197 135 22 Chasseurs
2202 197 22 21 &
2247 197 35 21 les
2306 194 160 22 Volontaires
2489 193 30 21 de

2046 227 115 26 l’Armée,
2174 227 41 27 qui
2227 227 142 22 fouilleront
2382 224 139 29 par-tout,&

2047 260 99 20 sauront
2157 264 97 22 rompre
2266 264 38 15 ses
2316 262 119 16 mesures.

2075 292 32 22 Ils
2126 294 44 20 ont
2187 291 53 29 déjà
2251 291 45 22 fait
2309 290 58 22 voir
2378 290 57 27 plus
2447 288 73 22 d’une

2048 323 47 21 fois
2107 329 46 21 que
2165 323 36 21 les
2212 323 55 27 plus
2287 320 90 29 grands
2398 319 121 23 obstacles

2047 360 31 15 ne
2089 353 126 22 sauroient
2225 354 37 20 les
2273 353 106 22 rebuter.
2392 351 66 22 Dans
2471 356 49 15 cer-

2047 384 64 21 tains
2123 384 118 26 endroits,
2254 384 31 21 ils
2297 389 25 15 se
2334 383 57 21 sont
2408 381 44 22 fait
2467 381 55 28 jour

2047 420 30 16 au
2086 416 94 20 travers
2189 415 43 21 des
2238 414 59 22 Bois
2307 413 40 28 qui
2355 412 166 29 paroissoient

2047 444 186 29 impénétrables
2242 451 6 18 ;
2258 445 60 21 dans
2327 443 106 22 d’autres
2442 449 32 16 on
2483 443 36 21 les

2048 482 13 15 a
2072 482 33 16 vu
2120 476 86 28 gravir
2225 475 43 21 des
2289 474 109 23 Rochers
2419 474 100 24 affreux,

2048 507 40 28 qui
2100 507 110 22 auroient
2220 507 120 27 peut-être
2352 504 39 23 été
2411 504 110 28 imprati-

2048 538 80 21 cables
2158 543 50 16 aux
2233 536 90 22 Corses
2357 536 161 21 eux-mêmes.

2048 568 80 27 Après
2139 568 72 21 avoir
2221 567 20 22 si
2253 567 58 22 bien
2324 565 144 23 commencé
2484 571 36 16 se-

2046 599 93 21 roit-on
2152 605 31 15 en
2195 598 71 27 peine
2286 598 30 21 de
2329 598 37 21 les
2386 597 59 21 voir
2465 596 56 22 finir

2048 629 30 22 de
2089 630 79 21 même
2178 630 12 21 ?

2074 663 23 22 Si
2111 663 67 22 Paoli
2191 669 26 15 se
2228 662 56 22 flate
2294 662 30 21 de
2333 667 93 22 gagner
2435 661 85 21 Porto-

2048 693 94 22 Vechio
2154 699 63 22 pour
2228 693 37 28 s’y
2273 693 151 27 embarquer,
2431 691 22 22 &
2462 691 58 28 qu’il

2046 730 18 22 y
2073 723 149 27 réussisse,il
2232 726 115 19 trouvera
2359 729 90 16 encore
2464 722 57 22 bien

2047 755 43 21 des
2101 754 130 22 difficultés
2241 754 14 22 à
2267 754 108 28 pouvoir
2390 753 128 28 échapper.

2046 785 108 22 Nombre
2166 785 31 21 de
2208 785 125 21 Bâtimens
2346 786 58 20 sont
2416 790 30 15 en
2459 783 61 22 croi-

2047 815 72 26 sière,
2139 815 23 22 &
2182 816 19 20 il
2223 821 54 15 sera
2301 816 57 21 bien
2378 815 83 21 habile
2481 813 39 22 s’il

2046 848 94 25 trempe
2160 846 54 21 leur
2232 846 131 27 vigilance.
2388 844 132 23 D’ailleurs

2047 876 61 21 M.le
2119 875 88 22 Comte
2218 876 30 21 de
2258 876 72 21 Vaux
2339 882 13 15 a
2361 876 45 21 fait
2415 875 103 28 publier,

2047 915 47 21 que
2105 915 56 15 sans
2171 909 35 22 lui
2218 909 62 22 faire
2292 915 77 16 aucun
2388 909 56 26 mal,
2467 909 51 26 qui-

2047 945 94 21 conque
2151 939 131 26 l’arrêtera,
2295 946 57 15 aura
2367 946 49 15 une
2428 938 92 23 récom-

2046 975 77 22 pense
2133 970 31 21 de
2178 976 73 16 12000
2263 971 86 25 livres,
2366 976 33 15 ne
2418 970 102 22 voulant

2047 1006 47 21 que
2106 999 118 23 s’assurer
2234 1001 31 21 de
2277 1007 25 15 sa
2321 1006 133 22 personne,
2474 1000 47 22 afin

2046 1030 58 28 qu’il
2114 1037 30 15 ne
2156 1031 83 27 puisse
2250 1031 72 27 point
2341 1031 131 22 continuer
2489 1031 31 21 de

2047 1066 80 17 semer
2136 1062 24 20 la
2171 1061 111 22 division
2303 1062 60 21 dans
2381 1062 74 26 l’Isle,
2478 1060 43 23 s’é-

2047 1093 93 20 cartant
2151 1092 33 21 du
2198 1092 124 22 Proverbe
2333 1092 16 22 à
2362 1092 105 22 Nemico
2477 1092 43 21 che

2041 1121 81 29 fugge
2132 1122 79 22 Ponte
2220 1122 71 22 d'oro
2298 1129 10 15 :
2316 1123 63 21 ainsi
2390 1123 67 22 Paoli
2468 1123 52 21 doit

2046 1154 82 20 autant
2138 1153 111 21 craindre
2260 1153 38 21 les
2311 1153 91 22 Corses
2423 1160 47 21 que
2483 1154 36 21 les

2046 1182 123 29 François,

2074 1216 21 22 Il
2105 1216 64 22 n’est
2175 1217 54 27 plus
2241 1218 115 26 question
2367 1218 152 22 maintenant

2046 1253 47 21 que
2105 1247 30 21 de
2146 1247 62 21 faire
2220 1253 105 17 avancer
2335 1249 37 21 les
2388 1248 132 22 Divisions

2046 1283 48 16 aux
2104 1278 85 21 ordres
2201 1278 30 21 de
2243 1277 36 22 M.
2291 1279 24 20 le
2325 1278 111 28 Marquis
2450 1279 69 22 d’Ar-

2046 1308 92 21 cambal
2149 1308 23 21 <&
2184 1309 30 20 de
2227 1308 33 21 M.
2273 1309 25 21 le
2311 1308 89 23 Comte
2412 1310 31 21 de
2457 1309 61 22 Nar-

2045 1338 89 26 bonne,
2161 1344 63 22 pour
2254 1344 47 22 que
2328 1339 102 22 réunies
2459 1341 60 21 elles

2044 1371 147 25 parcourent
2204 1371 24 20 la
2244 1371 78 26 partie
2334 1370 124 22 d’au-delà
2475 1371 43 21 des

2046 1399 90 27 Monts,
2146 1400 49 22 afin
2206 1400 40 29 d’y
2256 1402 114 21 recevoir
2381 1402 23 21 la
2414 1402 105 21 soumis-

2045 1431 55 21 sion
2112 1431 30 21 de
2155 1437 63 16 ceux
2229 1432 41 27 qui
2283 1439 31 14 ne
2325 1432 63 22 l’ont
2399 1433 71 27 point
2478 1439 41 15 en-

2045 1466 57 17 core
2113 1461 58 23 faite
2184 1468 27 15 ce
2223 1463 42 26 qui
2277 1469 32 15 ne
2318 1464 101 21 coûtera
2430 1463 88 28 guères

2044 1497 49 22 que
2102 1493 24 20 la
2136 1493 74 26 peine
2221 1493 30 21 de
2263 1499 27 16 se
2301 1496 120 20 montrer.
2444 1494 35 21 M.
2494 1495 23 20 le

2045 1522 109 28 Marquis
2161 1523 102 22 d’Antin
2272 1524 129 29 Brigadier
2408 1525 24 22 &
2442 1525 75 22 Lieut.

2045 1553 104 23 Colonel
2160 1555 32 21 du
2204 1554 130 28 Régiment
2346 1556 30 21 de
2386 1555 132 29 Rouergue

2044 1584 42 28 qui
2097 1585 143 22 commande
2252 1587 174 21 actuellement
2439 1587 33 21 ici
2487 1593 31 15 en

2044 1618 90 27 qualité
2155 1619 31 21 de
2209 1619 146 23 Lieutenant
2374 1621 31 21 de
2426 1620 56 26 Roi,
2504 1627 13 16 a

2044 1648 96 30 envoyé
2151 1656 33 15 un
2196 1649 172 23 détachement
2379 1657 14 16 a
2407 1652 24 21 la
2451 1651 66 22 Tour

2044 1679 117 27 d’Aleria,
2173 1680 24 21 &
2207 1686 31 16 on
2252 1680 85 23 établit
2348 1683 56 21 tout
2418 1682 23 21 le
2457 1683 61 27 long

2044 1711 30 21 de
2085 1711 23 21 la
2120 1710 62 22 Côte
2195 1711 42 22 des
2250 1711 127 28 Magasins
2389 1713 31 21 de
2431 1713 86 22 vivres

2043 1741 23 22 &
2077 1741 30 22 de
2126 1741 114 29 fourages
2259 1748 64 22 pour
2332 1743 25 21 le
2372 1742 82 29 Corps
2469 1750 47 16 aux

2043 1772 84 22 ordres
2147 1772 31 21 de
2198 1772 35 22 M.
2253 1774 24 20 le
2290 1773 89 22 Comte
2400 1774 30 21 de
2451 1774 65 22 Mar-

2043 1802 74 26 boeuf,
2137 1803 83 22 tandis
2240 1803 74 28 qu’on
2327 1805 114 22 travaille
2456 1806 60 21 dans

2044 1833 76 23 Corte
2130 1833 14 22 à
2155 1836 56 20 tous
2222 1835 36 21 les
2271 1834 188 24 établissemens
2475 1836 42 22 né-

2044 1864 117 22 céssaires
2175 1871 62 22 pour
2255 1865 109 23 l’Armée
2385 1867 31 21 de
2437 1867 35 22 M.
2492 1868 24 21 le

2044 1895 88 22 Comte
2152 1896 30 21 de
2202 1896 80 22 Vaux.
2303 1896 34 22 M.
2358 1897 31 22 de
2409 1898 107 21 Bourcet

2042 1926 260 23 Lieutenant-Général
2313 1928 58 22 chef
2383 1929 32 21 du
2435 1928 80 22 Génie

2043 1964 13 15 a
2068 1956 54 28 déjà
2134 1957 81 22 donné
2225 1958 24 21 le
2260 1959 59 26 plan
2330 1959 44 21 des
2390 1959 127 22 Fortifica-

2043 1989 65 21 tions
2120 1988 74 27 qu’on
2205 1989 53 21 doit
2273 1989 60 22 faire
2353 1997 31 14 au
2405 1990 111 22 Château

2043 2019 31 21 de
2086 2018 83 27 Corte,
2182 2025 63 21 pour
2253 2020 25 21 le
2294 2020 89 22 rendre
2395 2027 48 16 une
2462 2021 54 22 Pla-

2043 2055 27 16 ce
2083 2050 99 26 capable
2194 2050 55 22 d’en
2260 2051 109 27 imposer
2381 2052 60 22 dans
2460 2052 56 22 Tin-

2042 2079 92 23 térieur
2154 2080 30 21 de
2204 2080 65 22 lTsle
2279 2087 6 17 ;
2301 2081 23 22 &
2344 2088 97 16 comme
2461 2084 55 21 rien

2042 2110 117 28 n’échape
2170 2110 14 22 à
2195 2112 23 20 la
2229 2112 125 28 vigilance
2364 2113 32 21 du
2409 2113 108 22 Général

2043 2141 29 21 de
2083 2143 54 20 tout
2148 2147 28 16 ce
2189 2142 41 27 qui
2248 2145 58 24 peut
2325 2144 145 22 contribuer
2486 2150 30 16 au

2042 2172 83 21 succès
2136 2172 31 21 de
2177 2173 25 21 la
2213 2173 108 22 Mission
2332 2174 63 22 dont
2408 2175 19 21 il
2445 2181 15 15 a
2477 2174 39 23 été

2043 2202 97 29 chargé,
2154 2203 19 22 il
2185 2210 13 14 a
2209 2204 112 21 ordonné
2341 2205 31 21 de
2390 2206 128 22 travailler

2041 2234 15 20 à
2067 2234 42 21 des
2122 2233 111 23 chemins
2245 2235 30 21 de
2288 2236 210 22 communication
2509 2243 6 19 ;

2042 2272 32 17 on
2086 2267 37 29 s’y
2132 2273 92 22 occupe
2236 2274 61 16 avec
2304 2270 54 21 tant
2369 2270 31 21 de
2412 2269 103 29 diligen-

2042 2303 28 16 ce
2082 2297 73 28 qu’on
2167 2298 86 27 espère
2264 2304 58 17 sous
2340 2306 25 22 15
2385 2300 78 27 jours,
2484 2302 31 21 de

2041 2328 108 27 pouvoir
2168 2330 62 21 aller
2247 2336 30 15 en
2298 2330 107 23 Voiture
2427 2331 56 22 d’ici
2502 2332 20 22 à-

2042 2358 83 22 Corte.
2138 2359 49 22 Ces
2204 2360 111 22 chemins
2330 2364 88 19 seront
2438 2363 78 21 conti-

2041 2388 60 22 nués
2113 2390 30 21 de
2154 2391 80 21 même
2246 2391 60 22 dans
2317 2393 70 21 toute
2397 2392 76 27 l’Isle,
2486 2399 27 15 ce

2041 2421 42 26 qui
2098 2426 32 16 en
2146 2426 55 17 sera
2217 2422 24 21 la
2254 2422 81 22 sûreté
2348 2423 23 21 &
2383 2429 131 22 procurera

2041 2457 31 16 en
2091 2452 154 22 même-tems
2266 2454 24 21 le
2313 2454 59 21 bien
2396 2455 52 21 être
2472 2455 43 22 des

2039 2482 122 22 habitans.

2239 2541 11 26 (
2253 2541 148 28 Cuntinua)

2039 2636 98 22 Aiaeciu
2145 2649 29 4 —
2187 2636 134 30 Stamparia
2333 2638 25 22 di
2372 2640 23 21 A
2406 2640 105 27 Muvra,

2040 2676 15 15 u
2067 2669 242 25 Diretlore-Gerente:
2318 2671 72 23 Petru
2400 2672 112 24 ROCCA.

54 2776 101 24 Fuglittinu
163 2778 276 19 diAMuvra—û.l20-diu
447 2779 73 18 14-4-29

76 2837 241 54 PâSQUALE
351 2837 143 48 PAÛL1

252 2908 72 20 OSSIA.

97 2945 34 35 La
148 2948 78 37 Rotla
243 2948 31 36 di
288 2947 175 37 Pontenuovo

56 3003 268 31 RACONTOCORSO
331 3008 186 24 DELSECOLO

239 3049 83 23 XVIII

270 3093 24 17 DI

141 3130 33 24 F.
188 3131 36 24 D.
242 3130 174 25 Guerrazzi

68 3203 111 21 Emularono
188 3207 58 17 moite
253 3206 5 18 i
266 3206 52 22 gesti
326 3206 58 21 avili,

90 3231 70 18 Adesso
170 3233 42 17 teco
219 3231 38 23 agli
265 3231 147 19 ultimicimenti

91 3255 18 18 ïo
119 3256 25 17 mi
151 3258 109 18 commetto,
269 3260 11 14 e
289 3256 18 18 le
316 3256 31 22 più
357 3260 31 14 ree
397 3257 75 17 fortune

90 3280 70 22 Patirò;
173 3281 74 22 spirerô
255 3281 77 18 l’anima
340 3283 47 19 teco,

90 3304 27 18 Tu
126 3306 48 18 duea
183 3306 44 20 mio,
237 3308 21 15 tu
267 3306 88 21 padre....

74 3343 24 21 E’
110 3349 66 22 pare,
187 3349 48 16 non
249 3343 39 22 vo’
303 3345 110 26 negarlo,
426 3344 44 21 che
482 3345 35 19 ai-

48 3374 19 22 le
78 3377 81 21 donne
172 3377 20 22 si
207 3377 116 22 addicano
345 3378 65 21 studi
420 3377 41 28 più
472 3377 46 22 mi-

47 3408 25 26 ti,
82 3416 37 16 ma
131 3411 22 21 le
166 3416 68 16 corse
247 3416 43 16 use
300 3412 45 21 aile
357 3411 98 27 fatiche,
464 3411 54 21 nel-

47 3440 21 22 le
76 3444 64 26 quali
158 3444 21 21 si
188 3444 153 28 travagliano
364 3447 89 25 troppo
473 3445 45 28 più

48 3473 61 30 ùegli
116 3477 103 26 uomini,
227 3479 133 21 trattarono
368 3479 89 21 learmi
464 3484 53 17 non

47 3511 42 21 Per
99 3510 102 22 andazzo
213 3510 25 21 di
249 3511 86 26 tempî,
348 3517 15 16 o
375 3517 44 22 per
432 3512 86 22 mulie-

47 3538 40 24 bre
97 3543 83 22 vanità
190 3543 70 22 bensi
271 3544 91 27 perché
374 3545 21 21 ci
408 3545 20 21 si
441 3546 77 21 senti-

47 3576 61 21 vano
117 3578 56 25 atte;
187 3577 25 21 di
223 3582 60 15 vero
292 3582 73 21 parée
368 3578 54 21 chie
426 3578 92 27 impre-

48 3609 24 17 Se
77 3608 99 24 vinsero
183 3610 61 26 sole;
256 3611 64 20 tutte
325 3610 39 27 poi
371 3613 145 20 sostennero

48 3639 206 29 stupendamente.

74 3672 85 27 Dietro
171 3678 36 27 gli
217 3676 85 23 armati
315 3676 91 23 veniva
415 3678 24 21 la
447 3677 68 22 varia

546 2780 187 22 moltitudinedi
741 2780 108 26 veechie,
863 2781 23 21 di
901 2780 117 26 fanciulli,

547 2819 14 16 e
573 2814 25 21 di
610 2814 91 25 donne,
715 2820 13 15 e
740 2814 26 21 in
777 2820 79 16 mezzo
878 2820 13 15 a
905 2816 84 25 questa
1001 2814 18 21 il

547 2847 125 28 deputato,
681 2853 15 16 o
707 2848 127 28 vogliamo
842 2847 52 22 dire
906 2848 17 21 il
932 2852 87 23 procu-

546 2883 81 19 ratore
645 2881 40 21 del
707 2886 112 21 comune;
834 2881 7 21 i
850 2880 42 28 più
910 2881 107 27 pedestri

546 2914 83 22 vestiti
639 2920 68 16 corne
719 2915 34 27 gli
763 2914 63 26 altri,
839 2914 44 22 chè
894 2915 25 21 lo
928 2914 90 27 stipen-

546 2948 41 21 dio
599 2948 25 21 di
636 2954 47 15 una
693 2948 46 21 lira
751 2949 22 20 al
784 2948 88 28 giorno
892 2953 51 16 non
959 2953 59 16 con-

546 2980 95 22 sentiva
662 2981 67 21 lusso
752 2981 134 28 maggiore;
899 2981 10 21 i
927 2982 90 26 troppo

544 3014 87 22 vecchi
644 3014 171 27 procedevano
838 3019 73 22 sopra
924 3014 92 27 piccoli

544 3047 70 26 muli,
639 3053 13 15 e
663 3048 84 21 taluno
770 3048 26 21 di
807 3048 55 21 loro
882 3047 100 21 davanti
994 3047 21 21 si

544 3086 89 17 recava
653 3087 33 15 un
714 3083 86 20 tenero
828 3082 142 27 ragazzetto,
990 3081 26 21 in

544 3120 94 22 groppa
644 3120 47 16 una
697 3115 82 21 donna
791 3114 170 29 mingherlina;
967 3114 49 21 taie

544 3148 62 22 altro
628 3150 69 20 stava
714 3148 87 22 seduto
824 3148 26 21 in
878 3147 74 22 modo
986 3147 30 22 da

544 3181 195 27 permettereche
747 3181 40 22 dal
793 3181 68 22 basto
868 3181 147 28 pendessero

544 3216 117 20 attaccate
673 3215 46 21 due
731 3217 74 23 ceste,
814 3215 86 21 dentro
915 3215 24 21 le
950 3215 65 27 quali

543 3253 50 16 uno
605 3254 45 21 per
659 3250 69 25 parte
750 3248 134 28 giacevano
905 3248 47 21 due
963 3254 53 21 par-

543 3282 60 27 goli:
613 3281 105 22 lemadri
726 3281 267 27 seguitavanofilando,
1002 3287 14 16 e

543 3315 24 20 al
577 3315 80 25 primo
669 3314 94 26 gemito
782 3314 114 21 recatisii
906 3314 108 21 bambini

543 3346 26 21 in
580 3346 64 21 collo
653 3346 229 27 porgevanolorola
889 3347 127 20 mammel-

542 3380 32 21 la:
586 3378 134 22 avrebbero
732 3379 86 21 voluto
831 3385 13 16 a
861 3385 32 16 un
904 3381 75 26 punto
987 3379 28 22 fi-

543 3413 59 25 lare,
615 3413 154 24 camminare,
780 3419 15 15 e
803 3413 117 25 allattare,
933 3419 15 15 e
959 3413 23 21 ci
993 3412 21 22 si

544 3451 73 17 erano
634 3447 110 25 provate;
765 3451 40 16 ma
828 3446 142 22 conosciuto
996 3446 19 21 il

542 3479 119 28 pericolo,
669 3483 50 16 non
727 3484 71 16 senza
807 3480 147 21 rammarico
962 3485 51 15 era-

542 3518 34 16 no
587 3512 101 22 rimaste
698 3511 30 21 da
739 3511 74 23 filare.
824 3512 74 22 Forse
909 3513 25 21 di
943 3518 72 21 ques-

542 3547 25 21 te
579 3551 57 16 cose
641 3545 83 21 taluno
735 3545 130 26 sorriderà,
874 3552 13 15 e
895 3546 119 21 tuttavol-

542 3580 32 24 ta,
587 3578 26 22 in
623 3578 50 21 fino
685 3576 75 26 d’ora,
771 3578 27 21 lo
808 3581 111 22 avverto,
934 3578 44 22 che
986 3584 28 16 se

541 3612 26 21 lo
577 3610 141 23 universale
728 3610 40 21 dei
782 3610 70 23 Côrsi
865 3617 87 16 avesse
960 3617 53 21 pra-

541 3645 75 21 ticato
628 3644 103 22 costumi
743 3648 51 17 non
802 3644 93 22 diversi
908 3645 30 21 da
944 3650 70 22 ques-

541 3678 29 25 ti,
582 3678 24 21 la
617 3677 101 22 Francia
729 3677 104 22 sarebbe
843 3680 169 20 venutameno

1046 2782 87 21 contro
1143 2781 23 21 la
1178 2780 66 23 virtù
1266 2781 26 21 di
1307 2782 55 27 quel
1385 2786 82 22 pugno
1490 2780 23 22 di

1044 2816 84 26 gente.
1353 2814 5 28 ;

1072 2847 97 23 întanto
1193 2848 40 22 dal
1244 2848 94 27 palazzo
1350 2848 41 22 del
1401 2847 112 28 generale

1044 2881 114 22 uscirono
1179 2881 60 22 frate
1259 2881 131 26 Damiano,
1418 2880 95 22 Minuto

1045 2913 103 28 Grosso,
1160 2915 147 28 Ambrogio,
1316 2915 31 21 ed
1353 2914 56 22 altri
1415 2913 99 22 familia-

1043 2949 21 20 ri
1077 2948 24 21 di
1110 2949 42 25 lui,
1165 2949 9 21 i
1187 2949 65 26 quali
1264 2948 226 25 andando.attorno,
1499 2952 14 16 e

1043 2982 155 21 mescendosi
1211 2982 23 21 ai
1257 2982 54 22 varî
1322 2980 146 29 capannelli,
1475 2986 39 16 as-

1042 3015 37 21 sai
1098 3015 164 21 destramente
1279 3015 141 28 pigliavano
1430 3014 82 27 lingua

1042 3048 41 22 dei
1105 3048 77 26 nomi,
1203 3050 63 20 stato
1278 3048 26 22 di
1312 3047 118 28 famiglia,
1454 3048 56 25 casi;

1042 3081 121 22 insomma
1198 3081 44 28 più
1264 3081 45 22 che
1328 3084 125 25 potevano
1471 3080 39 21 dei

1042 3115 108 27 caporali
1163 3114 26 22 di
1201 3116 93 21 cotesta
1304 3114 166 26 moltitudine;
1485 3114 25 22 in

1042 3148 81 22 simile
1142 3148 117 22 faccenda
1273 3154 72 22 sopra
1367 3147 56 22 tutti
1434 3147 77 21 sbrac-

1042 3181 92 22 ciavasi
1145 3180 62 23 frate
1222 3181 120 22 Damiano
1353 3186 46 17 con
1412 3181 55 26 quel
1477 3180 34 21 fa-

1041 3220 27 16 re
1084 3215 219 26 procaccevolone,
1327 3214 44 22 che
1393 3213 40 21 nei
1456 3212 53 23 frati

1041 3248 100 22 diventa
1159 3250 96 23 natura;
1286 3248 52 27 egli
1357 3251 108 24 porgeva
1486 3247 23 21 ai

1041 3281 110 21 fanciulli
1161 3281 112 26 lamano,
1284 3281 47 21 aile
1339 3281 81 21 donne
1427 3280 24 20 la
1459 3285 50 16 cro-

1041 3319 28 16 ce
1081 3314 64 20 délia
1159 3319 90 16 corona
1261 3319 14 16 a
1286 3314 103 23 baciare;
1402 3312 50 28 agli
1467 3318 42 16 uo-

1040 3346 63 21 mini
1125 3346 41 27 poi
1187 3347 25 20 lo
1224 3343 127 25 scatoloné
1360 3345 26 21 di
1401 3345 106 26 tabacco,

1041 3378 45 22 che
1097 3385 69 16 senza
1179 3379 106 28 empietà
1297 3380 20 22 si
1329 3378 102 22 sarebbe
1439 3381 70 25 potu-

1040 3414 27 20 to
1074 3415 103 19 mettere
1186 3419 14 15 a
1206 3415 68 25 petto
1284 3419 46 16 con
1340 3412 24 21 la
1373 3412 136 25 miseriçor-

1040 3446 41 21 dia
1101 3446 24 21 di
1146 3445 58 27 Dio,
1231 3444 182 29 imperciocchè
1441 3451 67 16 corne

1040 3479 80 27 quella
1127 3484 94 22 pareva
1241 3485 52 16 non
1312 3478 105 21 dovesse
1436 3484 72 16 avéré

1039 3513 49 20 mai
1100 3512 57 21 fine.
1170 3511 106 26 Quando
1291 3511 90 22 ebbero
1392 3511 62 22 fatto
1461 3511 48 22 suf-

1039 3545 99 22 ficiente
1149 3546 115 25 raccolta,
1277 3551 27 15 se
1314 3544 24 21 la
1358 3544 149 28 svignarono

1039 3578 111 22 andando
1169 3584 15 15 a
1204 3578 99 22 riferire
1324 3575 60 28 o’gni
1410 3583 55 16 cosa
1484 3578 24 21 al

1039 3611 120 28 generale,
1173 3610 54 27 che,
1238 3611 66 27 dopo
1314 3610 77 21 averli
1412 3611 95 21 ascolta-

1038 3645 20 21 ti
1069 3651 45 21 per
1123 3644 72 25 bene,
1208 3645 22 20 si
1249 3644 101 27 dispose
1358 3648 14 15 a
1391 3644 116 21 scendere

1038 3684 13 15 a
1065 3684 44 15 sua
1115 3679 71 26 posta
1196 3677 26 22 in
1230 3677 99 22 istrada.
1342 3680 13 16 e
1366 3676 140 22 mescolarsi

1541 2780 37 21 fra
1602 2781 126 27 ilpopolo.
1756 2781 51 22 Ora
1818 2782 82 21 vuolsi
1928 2787 85 22 sapere

1541 2818 70 17 corne
1622 2814 19 21 il
1652 2814 66 21 Paoli
1731 2815 145 26 possedesse
1894 2815 119 22 memoria

1540 2851 50 17 non
1599 2846 129 23 affermerò
1737 2848 127 27 superiore
1871 2854 13 15 a
1893 2849 78 26 quella
1987 2848 25 21 di

1540 2879 85 23 Giulio
1650 2880 77 22 Guidi
1739 2886 44 17 suo
1804 2882 169 27 compatriotta
1981 2882 31 21 da

1540 2912 82 27 Calvi,
1630 2913 45 22 che
1687 2914 62 22 ebbe
1758 2915 17 20 il
1784 2919 162 23 soprannome
1957 2914 55 22 dal-

1539 2946 26 22 la
1571 2947 98 28 grande
1674 2952 134 21 memoria,,
1817 2954 15 15 e
1840 2948 89 22 mandò
1936 2950 75 20 trase-

1539 2980 107 22 colatoil
1656 2981 98 22 Mureto
1766 2982 65 21 nella
1842 2981 136 23 università
1985 2982 25 22 di

1539 3012 107 28 Padova,
1658 3020 40 16 ma
1724 3017 67 20 certo
1804 3015 31 21 da
1858 3017 64 20 stare
1933 3022 13 15 a
1957 3016 53 27 pari

1538 3052 47 16 con
1600 3047 156 26 Temistocle,
1766 3048 133 27 Teodosio,
1912 3049 33 22 od
1954 3049 55 22 altri

1537 3079 88 23 famosi
1637 3080 138 22 dell’antica
1786 3087 14 16 e
1811 3082 65 22 délia
1892 3083 118 21 moderna

1537 3114 84 25 storia;
1630 3113 60 28 però
1702 3114 145 29 bisognava,
1861 3114 45 23 che
1915 3116 94 27 perim-

1537 3152 86 22 parare
1643 3147 23 21 le
1687 3152 57 17 cose
1757 3154 13 14 a
1781 3150 83 20 mente
1890 3149 119 26 qualcuno

1536 3180 83 27 gliene
1651 3180 104 26 dicesse;
1770 3187 14 15 é
1795 3182 47 20 talé
1854 3182 155 22 incombenza

1536 3215 109 25 appunto
1657 3215 163 21 commetteva
1841 3214 22 22 ai
1874 3215 54 21 suoi
1938 3215 72 22 fami-

1535 3246 143 26 liari;'onde
1698 3247 50 27 egli
1771 3249 90 25 poteva
1875 3248 104 22 salutare
1995 3254 14 16 a

1535 3284 75 16 nome
1621 3279 95 22 infinité
1730 3285 105 22 persone
1846 3281 162 22 mostrandosi

1535 3312 108 22 eziandio
1650 3313 169 27 ragguagliato
1824 3313 26 21 di
1855 3314 75 21 moite
1937 3314 73 27 parti-

1535 3345 266 22 colaritàconcernenti
1810 3346 46 21 aile
1864 3347 143 21 medesime.

1535 3378 95 26 Questa
1640 3379 93 27 pratica
1744 3379 35 27 gli
1791 3379 135 22 conciliava
1933 3380 76 21 bene-

1534 3412 110 24 volenza,
1661 3418 15 15 e
1706 3412 94 22 credito
1833 3412 173 27 inestimabile,

1533 3445 159 27 reputandosi
1709 3445 60 28 ogni
1788 3450 77 17 uomo
1886 3446 39 21 col
1935 3447 72 26 quale

1535 3480 102 20 entrava
1648 3479 26 20 in
1684 3477 86 29 parole
1781 3478 145 22 conosciuto
1937 3479 69 21 dalui

1534 3511 184 27 specialmente,
1731 3517 14 15 e
1757 3516 97 22 sempre
1863 3511 45 28 più
1916 3505 105 28 confer-/

1534 3544 89 21 mar.do
1631 3544 24 21 la
1664 3544 127 27 opinione,
1801 3544 45 21 che
1853 3550 45 21 per
1904 3543 103 24 volontà

1534 3576 24 22 di
1570 3576 50 22 Dio
1631 3583 14 15 a
1656 3577 35 20 lui
1713 3576 96 22 fossero
1820 3577 100 22 rivelati
1943 3578 8 21 i
1963 3577 44 28 più

1533 3610 89 27 riposti
1633 3609 102 28 segreti.
1750 3608 32 23 Se
1794 3610 9 21 i
1814 3611 78 26 tempi
1903 3611 25 21 lo
1936 3616 71 16 aves-

1533 3648 56 16 sero
1601 3643 139 21 consentito
1759 3642 14 21 è
1783 3642 31 22 da
1823 3643 115 25 credersi,
1959 3643 46 22 che

1533 3676 50 27 egli
1593 3675 108 23 avrebbe
1711 3677 71 20 osato
1795 3676 24 21 di
1831 3675 52 28 più,
1896 3676 45 22 chè
1950 3682 55 16 sen-

2039 2788 26 15 za
2078 2788 32 15 un
2121 2782 41 27 po’
2174 2783 25 21 di
2213 2784 179 28 maraviglioso
2399 2786 34 26 gli
2447 2786 66 22 ordi-

2039 2814 108 22 namenti
2159 2815 40 21 dei
2221 2815 137 28 legislatori
2378 2818 38 20 tra
2428 2818 85 27 popoli

2038 2844 61 21 rozzi
2123 2850 49 16 non
2192 2845 188 26 attécchiscono,
2404 2847 31 21 ed
2454 2848 22 21 ei
2485 2849 25 21 lo

2038 2879 91 22 sapeva
2138 2881 6 19 ;
2154 2880 13 16 e
2176 2875 32 21 nè
2220 2876 77 22 anche
2308 2876 95 22 andava
2415 2877 40 22 del
2463 2880 49 20 tut-

2038 2906 26 19 to
2075 2905 110 22 immune
2195 2906 29 21 da
2238 2908 67 20 certe
2326 2912 43 16 sue
2393 2909 119 26 supersti-

2036 2935 65 22 zioni
2110 2937 49 20 aile
2179 2938 64 26 quali
2261 2944 60 21 pure
2328 2939 129 28 partecipò
2465 2940 47 21 Na-

2036 2966 107 26 poleone
2166 2967 163 28 Buonaparte;
2361 2969 36 21 sia
2422 2970 45 21 che
2488 2971 24 21 la

2037 2995 170 24 Provvidenza
2233 2999 127 22 lasciando
2386 3000 126 23 insinuare

2036 3028 65 26 negli
2109 3028 128 27 altispiriti
2246 3029 75 22 simili
2330 3030 130 22 dèbolezze
2468 3038 42 16 vo-

2036 3058 50 27 glia
2116 3059 138 27 insegnarci
2279 3066 71 16 corne
2372 3062 87 21 niente
2484 3062 26 22 di

2035 3089 105 27 perfetto
2148 3091 76 21 esista
2235 3097 29 16 su
2272 3095 85 24 questa
2367 3094 75 25 terra,
2464 3094 44 25 sia,

2036 3125 69 17 corne
2127 3121 74 22 credo
2218 3122 128 27 piuttosto,
2360 3123 46 22 che
2417 3124 9 21 i
2435 3124 75 27 primi

2035 3152 79 26 germi
2136 3152 65 21 délia
2213 3153 147 22 educazione
2385 3154 21 21 ci
2427 3155 84 21 rimet-

2034 3182 58 21 tano
2103 3184 86 20 nostro
2205 3183 123 28 malgrado
2341 3184 18 21 il
2370 3185 62 21 tallo
2440 3184 69 22 nell’-

2035 3215 94 25 animo;
2136 3221 14 15 e
2156 3215 8 21 i
2171 3215 154 23 Côrsiallora
2333 3222 76 17 erano
2426 3224 83 21 super-

2035 3248 170 26 stiziosissimi,
2214 3249 30 21 ed
2253 3249 149 28 ancheoggi,
2414 3256 96 17 comec-

2034 3280 46 22 chè
2087 3282 77 21 molto
2175 3287 83 21 meno,
2272 3288 70 16 sono.
2367 3283 115 23 Pertanto
2490 3285 18 21 il

2035 3313 67 22 Paoli
2126 3319 47 22 qua
2186 3320 14 16 e
2212 3315 25 21 là
2259 3316 169 27 aggirandosi,
2460 3323 49 16 con

2033 3347 144 27 maraviglia
2182 3348 52 26 pari
2239 3348 24 21 al
2269 3350 117 21 contento
2395 3350 25 21 di
2428 3352 79 20 cotes-

2033 3379 20 22 ti
2063 3379 55 22 fieri
2129 3380 98 26 isolani,
2251 3382 73 26 quale
2344 3381 127 24 chiamava
2494 3390 14 16 a

2033 3418 81 20 nome,
2133 3415 72 25 quale
2219 3415 40 20 col
2271 3420 43 16 suo
2325 3416 156 27 nomignolo,
2494 3423 14 16 e

2033 3450 14 15 a
2060 3446 80 26 quelle
2153 3446 119 22 chiedeva
2290 3450 113 20 contezza
2416 3449 39 22 del
2467 3456 40 21 pa-

2033 3477 44 22 dre
2087 3478 113 27 infermo,
2224 3480 65 22 délia
2299 3482 93 27 moglie
2403 3482 101 27 incinta,

2033 3511 41 22 del
2082 3513 152 26 garzoncello
2254 3517 131 24 spoppato,
2398 3521 12 15 a
2419 3519 86 24 questo

2033 3544 40 22 del
2093 3545 108 26 pastino,
2222 3546 66 27 degli
2309 3547 60 22 olivi
2392 3549 114 26 piantati,

2032 3578 64 21 délia
2106 3578 76 28 vigna
2194 3580 91 25 potata,
2296 3580 161 23 adaltrialtre
2466 3588 39 17 co-

2032 3616 35 21 se,
2080 3617 14 15 e
2104 3611 42 27 poi
2156 3611 32 21 ad
2198 3617 33 16 un
2243 3613 76 21 tratto
2338 3614 19 21 li
2367 3615 100 22 tastava
2478 3616 27 21 di

2031 3645 98 21 scancio
2139 3645 99 21 intorno
2258 3646 23 20 ai
2291 3647 49 20 casi
2353 3647 151 23 imminenti.

2189 3678 11 26 (
2202 3678 146 29 Cuntinua)
