2584 3952
132 192 64 20 tieru
208 191 43 20 che
262 190 84 22 l’Italia
359 191 13 20 è
384 195 96 21 sempre
492 189 77 25 degna
581 186 24 19 di

134 220 86 25 Roma;
233 220 24 20 di
266 221 77 25 quella
356 220 78 21 Roma
446 218 38 21 chi
494 215 112 27 cunquis-

132 250 26 21 tô
167 250 172 21 l’Universu.A
348 255 63 16 razza
420 248 105 22 italiana,
537 243 70 22 unn'è

133 280 78 21 micca
222 286 46 14 una
279 286 64 14 razza
356 276 164 24 imbasterdita
533 280 14 14 e
562 279 45 15 îm-

133 311 109 25 putente,
251 315 38 15 ma
297 309 14 21 è
323 314 97 21 sempre
429 307 71 27 piena
513 304 24 21 di
547 303 58 22 vita,

134 338 121 28 d:energia
267 345 13 14 e
291 339 24 20 di
328 339 95 26 vigore.

163 370 65 21 Certi
250 371 129 21 crederanu
401 369 67 21 ch’eo
489 363 118 27 travagliu

135 406 42 21 per
189 400 135 21 Mussolini.
341 400 41 21 Ma
397 399 38 21 chi
450 395 137 26 m'importa
595 392 12 19 ?

135 430 32 21 Eo
175 431 118 26 travagliu
302 436 44 21 per
355 436 13 14 a
378 427 77 23 verità
464 433 13 14 e
486 431 13 15 a
509 421 78 26 yerità
594 421 13 21 è

134 459 59 27 què:
202 461 22 19 A
233 459 97 22 Corsica
342 459 26 21 fù
380 459 56 21 fatta
448 456 109 21 francese
565 457 43 21 per

134 489 71 27 fqrza.
219 489 23 22 U
255 495 68 16 corsu
336 488 89 21 unn’ha
437 486 23 21 di
474 491 14 14 u
500 483 108 21 francese

134 519 31 21 nè
177 525 16 14 u
208 525 96 21 sangue,
318 519 31 20 nè
361 524 13 15 a
385 518 91 25 lingua,
489 513 31 21 nè
537 512 7 20 i
557 516 51 15 cus-

134 549 70 21 tumi.
214 549 24 20 A
250 548 98 21 Corsica
360 546 70 22 unn’è
443 545 77 21 micca
528 547 32 15 un
573 540 35 21 di-

135 579 145 27 partimentu
292 578 117 23 francese,
423 575 14 21 è
447 577 48 18 üna
507 571 102 22 nazione

135 609 68 21 vinta
215 608 67 21 ch’ha
294 609 29 20 da
334 608 105 20 rinasce.

163 639 18 20 E
192 637 118 22 rinascerà
322 644 15 13 u
356 637 70 20 iornu
439 635 23 20 di
480 633 130 21 l'Autono-

135 669 56 20 mia.
205 667 40 22 Sta
254 667 76 21 verità
338 666 32 27 pò
381 666 75 26 piace,
468 669 14 15 o
492 661 114 27 dispiace,

135 704 39 15 ma
192 698 14 20 è
221 703 45 15 una
283 696 78 21 verità
370 702 5 19 ;
390 701 13 14 e
415 701 13 13 «
436 694 46 20 Per
492 693 23 20 la
532 688 76 23 verità

135 728 92 25 perisca
240 727 16 20 il
267 726 89 22 mondo

505 754 25 21 S.
550 753 26 20 C.

220 808 75 24 Corti,
309 815 20 15 u.
337 814 11 21 5
362 806 83 27 Lugliu
460 810 62 22 1927.

206 852 63 21 Caru
278 850 168 28 cumpatriotta
458 855 14 14 e
484 847 88 24 amicu,

163 891 67 21 Simu
243 896 11 15 a
265 889 36 21 un’
311 894 75 22 epuca
400 888 23 20 di
436 885 171 23 scrivacciulu-

135 924 32 21 mi
180 924 65 20 duve
261 925 64 18 tanta
345 923 64 19 caria
423 921 61 20 tinta
502 923 30 16 un
549 916 58 22 suda

135 957 44 21 che
202 956 78 27 bugia,
304 954 125 21 mettendu
443 952 19 21 a’
475 953 54 20 luce
541 950 66 21 fosca

135 990 32 21 d’i
179 990 31 21 sti
226 988 73 21 nostri
312 987 66 27 jorni
391 986 41 27 più
448 985 44 21 che
506 983 100 25 torbidi,

135 1026 72 18 centu
221 1022 56 21 mila
291 1021 62 24 idee,
375 1024 97 22 ognuna
487 1016 120 23 cuntraria

135 1062 13 15 a
161 1063 13 14 u
189 1061 59 15 veru
261 1055 158 27 pensamentu
437 1052 24 21 di
475 1057 14 15 u
502 1051 106 21 scrivac-

135 1090 95 21 ciulone
243 1088 36 21 chi
289 1093 30 15 ne
331 1087 13 20 è
356 1086 109 22 l'autore.

163 1122 18 21 E
194 1128 47 15 unu
253 1121 113 21 cuntinua
379 1119 24 21 di
415 1117 91 29 sbaglià
520 1117 86 25 l’altru,

136 1162 14 15 o
162 1161 45 21 per
219 1154 88 27 megliu
322 1152 25 22 di
357 1152 72 22 cre'de
443 1152 24 20 di
481 1150 126 28 sbagliailu

135 1195 29 15 eu
179 1189 8 20 i
203 1194 27 15 so
244 1187 61 28 gridi
323 1185 114 22 d’evviva
456 1184 43 27 più
513 1183 93 28 puhtici

136 1222 44 21 che
198 1220 136 28 patriottici,
356 1225 29 15 eu
397 1225 15 14 u
425 1223 27 16 so
467 1219 73 26 lagnu
556 1215 52 23 ch’è

136 1256 117 27 piuttostu
267 1253 106 27 allegria,
393 1257 14 16 0
420 1251 69 21 c’una
503 1250 105 22 meludia

136 1289 144 27 qualunque,
301 1286 41 27 più
355 1286 24 20 in
392 1285 82 21 brama
480 1282 101 23 .d’allinà
593 1289 14 14 u

136 1322 67 21 noda
221 1320 69 22 d’una
303 1319 123 21 sacchetta
446 1317 45 22 che
505 1317 104 21 d’inten-

137 1354 51 21 neri
203 1355 6 20 i
222 1354 49 21 cori
285 1353 109 21 umani...

166 1387 48 24 Ma,
227 1393 13 15 a
253 1386 61 27 majô
330 1388 67 24 parte
405 1391 4 14 :

215 1420 101 22 Forme?
331 1424 43 16 vos
388 1417 127 23 batalïons
524 1418 4 19 !

193 1452 166 22 Maachons...
372 1451 179 21 manchons'....

165 1486 17 22 E
191 1488 20 20 si
220 1492 65 15 cerca
294 1486 23 21 di
328 1485 143 25 mpstucà...
478 1486 63 19 tuttu
550 1488 58 16 mar-

137 1520 131 22 chiendu...
280 1524 36 16 ma
329 1524 73 15 versu
414 1518 82 20 duve?

165 1553 56 25 Aiò,
239 1552 45 24 aiò,
301 1553 119 25 iampemu
437 1553 36 19 ste
489 1551 80 20 visere
585 1549 23 21 in

137 1587 72 27 pianu
231 1593 13 14 e
261 1585 112 27 appiamu
395 1591 12 14 u
428 1584 125 28 curaggiu,
577 1583 30 21 sti

137 1620 70 27 pochi
222 1619 67 22 Corsi
308 1618 38 21 chi
361 1624 32 16 no
405 1618 70 24 simu,
489 1617 30 21 -di
533 1616 24 22 dì
569 1617 39 20 cio

136 1654 38 21 chi
188 1654 41 20 noi
246 1657 114 22 pensemu
376 1657 13 15 e
401 1651 39 21 ciò
452 1651 38 21 chi
508 1650 41 22 noi
565 1656 43 15 vu-

136 1687 63 21 lemu
210 1687 4 19 !

164 1720 126 26 Sappiamu
303 1719 128 20 ricunosce
440 1717 38 21 chi
487 1722 13 16 a
511 1716 97 22 Francia

136 1753 29 21 ha
177 1753 88 27 ajutatu
278 1758 12 14 a
302 1750 92 22 scatinà
412 1756 45 15 una
471 1754 96 24 stragge
579 1755 28 15 eu

137 1787 5 20 i
165 1792 27 15 so
213 1785 129 27 miagulimi
368 1784 23 21 di
413 1784 195 21 rivendicazione

136 1824 72 22 sopra
229 1825 29 14 un
271 1823 68 22 pezzu
356 1817 24 21 di
396 1820 61 18 terra
478 1817 88 21 abitata
579 1816 28 21 da

136 1858 30 15 un
183 1853 89 26 populu
291 1851 37 21 chi
347 1851 80 20 brama
448 1849 77 22 d:esse
546 1852 60 18 tuttu

136 1885 37 22 ciò
183 1885 94 22 ch’.omu
288 1884 118 25 vole,fora
416 1883 44 22 che
468 1883 138 27 francese..

136 1918 24 26 E,
173 1918 123 28 sappiamu
312 1918 127 20 ricunosce
450 1916 38 22 chi
503 1922 13 16 e
528 1916 79 21 riven-

136 1952 115 21 dicazioni
267 1950 55 21 d’un
335 1950 129 21 Mussolini
481 1949 28 22 sò
521 1949 86 22 tutt’al-

135 1985 113 21 trimente
262 1983 126 28 Ieghjtime
403 1982 64 22 s’ellu
484 1983 54 21 dice
551 1988 15 15 o
578 1982 29 22 ha

137 2018 67 21 dettu
217 2017 38 21 chi
268 2023 12 14 a
293 2016 100 22 Corsica
405 2017 62 20 deve
477 2015 21 22 fà
509 2018 66 25 parte
583 2016 23 20 di

136 2054 11 16 e
161 2045 70 25 terre’
239 2043 44 26 frré
284 2049 66 19 demi
360 2048 5 20 !
373 2047 14 27 “(
392 2047 18 27 1}

166 2081 37 23 Un
221 2082 104 27 pariemu
341 2081 97 26 dunque
454 2080 154 22 Autonomia

136 2120 14 16 0
171 2116 99 26 sippuru
290 2115 41 21 noi
356 2114 96 21 vulemu
477 2113 97 22 mentuà
595 2119 12 15 e

135 2148 81 22 bramà
237 2151 35 18 stu
293 2153 66 16 novu
379 2147 99 28 régime,
501 2150 107 18 mentue-

135 2182 66 21 mulu
213 2187 13 15 e
241 2181 148 22 brameihuiu
402 2186 70 16 cumu
485 2181 20 20 si
519 2180 75 21 deve:

161 2211 163 28 Autonomia,
338 2221 13 13 e
362 2215 81 20 micca
452 2215 70 20 sottu
534 2213 75 21 t'utei-

134 2247 26 22 la
171 2248 30 22 di
211 2254 16 15 a
238 2247 117 22 Francia..

163 2280 47 22 Chi
223 2286 83 16 uvemu
317 2281 23 20 di
355 2286 70 16 cumu
429 2286 30 15 nu
470 2286 27 15 eu
510 2281 5 20 i
526 2279 81 22 Galii?

162 2316 22 19 A
205 2318 79 18 nostra
304 2315 83 24 storia,
410 2313 102 21 cum’elli
533 2316 75 18 ralac-

135 2348 86 21 chianu
235 2348 39 20 uni
288 2347 71 27 pochi
369 2347 23 21 di
408 2347 78 20 vittuli
505 2352 103 21 pruven-

135 2381 71 27 daghj
214 2382 12 20 ?

162 2409 103 25 Quaichi
279 2409 88 27 hgame
379 2408 23 20 di
417 2413 101 20 razzmu,
530 2413 60 21 soga
597 2413 11 15 r

162 2444 21 19 A
195 2442 98 22 minima
302 2442 157 26 sumigiianze
469 2441 23 21 di
502 2441 106 27 parlata?

162 2476 102 21 Listessa
280 2474 188 28 iniupizzatura?

162 2508 288 22 Listessu-sciarnimentu
465 2507 29 28 pè
505 2514 30 15 un
550 2513 56 21 pun-

134 2545 25 19 tu
169 2542 100 22 d’onore
281 2546 14 17 0
308 2542 22 20 di
345 2541 143 27 vergogna?

164 2575 151 28 ün’ignicula
335 2576 24 20 di
385 2574 120 27 simpatia,
529 2574 77 22 s’omu

135 2609 119 21 ailuntana
266 2608 135 21 l’interessu
414 2613 15 16 o
442 2614 12 14 a
468 2607 126 28 cupidità?

162 2642 57 25 Aiò,
233 2641 48 23 aiò!
293 2641 39 22 chi
343 2642 7 20 i
363 2641 110 21 Francesi
484 2642 28 21 sò
519 2647 13 15 e
543 2646 62 16 sera-

134 2681 31 15 nu
178 2680 96 22 sempre
297 2681 42 21 per
364 2681 41 15 noi
431 2675 5 20 i
457 2676 106 26 pin^uti
582 2675 22 21 di

135 2707 159 22 Pont6ïiovu!
315 2708 16 20 E
341 2708 41 21 noi
399 2713 94 15 seremu
512 2713 95 21 sempre

134 2746 42 22 per
194 2741 41 21 elli
255 2740 67 21 voilà
341 2746 91 16 encore
453 2746 35 15 un
512 2740 81 22 Corse
601 2742 4 19 !

176 2773 139 26 Napulione
333 2775 5 19 !
369 2773 207 28 predicheghianu
600 2774 5 21 i

136 2807 70 23 Corsi
219 2813 70 16 menu
305 2807 168 27 bonapartiste
488 2807 115 26 Napulio-

135 2847 31 15 ne
177 2842 22 20 ci
208 2841 30 21 ha
257 2844 104 18 marcatu
375 2841 116 20 ineternu
505 2840 24 20 di
542 2846 13 14 u
568 2845 39 15 su-

135 2875 57 21 cillu
205 2874 114 22 francese.

162 2908 16 21 E
188 2908 87 27 perché
281 2907 11 21 ?
299 2912 81 16 mansa
389 2906 139 22 d’accattani
538 2907 5 19 !
555 2906 52 21 Per-

134 2941 43 21 ché
190 2942 20 20 si
223 2941 69 21 stessi
310 2940 110 22 Francesi
438 2945 30 15 un
482 2940 58 21 funu
551 2945 56 15 cun-

132 2976 59 20 lenti
205 2982 12 14 e
229 2980 29 16 un
272 2974 123 27 rispironu
407 2973 44 21 che
464 2973 64 27 dopu
539 2973 68 21 d'avè

133 3008 90 27 ajutatu
239 3015 12 14 a
271 3007 55 22 fallu
341 3012 69 17 more
426 3012 69 22 sopra
513 3012 31 16 un
556 3011 52 16 sco-

134 3042 50 26 gliu
193 3042 13 20 ?

162 3070 41 21 Un
213 3069 110 26 tirannu,
334 3075 37 15 un
382 3070 150 23 usurpatore
545 3069 63 19 stra-

133 3102 84 21 nier-e!
227 3102 58 21 Eccu
299 3102 37 21 ciò
350 3102 39 21 chi
402 3100 142 27 Napoleone
556 3100 52 21 serà

133 3141 97 22 sempre
250 3136 24 20 in
288 3135 21 20 la
330 3137 81 19 mente
432 3134 23 21 di
476 3134 21 21 si
517 3134 90 27 pinzuti

134 3168 109 22 ch’eU’îia
256 3168 143 24 annubilitu,
412 3172 15 16 o
440 3166 71 22 Corsi
520 3167 89 21 imbas-

133 3202 83 20 tarditi
224 3202 6 20 !

161 3228 100 22 Renditi
273 3228 30 20 bè
316 3230 74 19 contu
401 3227 40 21 chi
454 3227 155 22 l'ambizizio-

134 3267 32 15 ne
188 3261 57 21 d’un
265 3259 141 28 Napuleone
432 3262 58 19 natu
512 3259 96 28 qualchi

134 3300 64 21 pocu
220 3298 81 23 tempu
324 3294 82 21 avanti
434 3299 30 15 un
488 3293 120 21 averebbe

135 3327 106 22 differitu
257 3327 23 21 di
300 3328 81 26 quella
401 3326 55 21 d’un
479 3326 128 21 Mussolini

134 3360 110 27 d’oghie.

165 3388 40 21 Un
217 3388 100 21 serebbe
336 3390 62 19 stata
415 3387 154 21 l’ambizione
584 3386 24 21 cli

135 3419 23 21 fà
172 3421 26 20 di
218 3421 95 27 Pariggi
331 3428 15 14 u
368 3422 84 20 centru
476 3420 131 24 mundiale,

136 3458 39 15 ma
186 3454 115 25 piuttostu
316 3455 23 20 di
353 3455 97 20 rimette
466 3459 13 15 a
491 3453 79 21 Roma
582 3453 25 20 in

135 3485 64 26 pede
210 3486 31 26 pè
249 3492 11 14 a
270 3487 104 21 seconda
383 3486 125 22 volta!...E
515 3486 92 21 tandu..

133 3515 105 24 l’ultimu
249 3519 23 20 di
282 3519 7 20 i
298 3519 72 22 Corsi
376 3518 81 23 averia
463 3520 143 26 appruvatu,

135 3549 61 22 fieru
207 3551 24 20 di
240 3551 61 20 vede
311 3557 46 16 una
366 3553 64 20 linea
442 3552 166 27 d’imperatori

134 3582 110 26 guvernà
257 3589 31 14 un
300 3585 91 25 populu
412 3585 25 20 di
448 3591 15 14 u
477 3591 28 16 so
517 3590 91 22 sangue

136 3620 13 14 e
161 3615 25 20 di
200 3621 12 14 a
224 3621 28 15 so
263 3621 63 15 razza
335 3616 6 20 1

152 3660 4 4 •
164 3646 41 21 Ma
217 3647 38 21 ciò
267 3647 38 21 chi
319 3648 63 21 deve
397 3650 87 21 accade
494 3650 115 21 accaderà

156 3702 26 21 (1)
200 3711 13 3 -
223 3701 34 18 Mai
266 3701 20 17 di
294 3701 37 18 mai
338 3706 14 13 u
361 3702 49 18 Duce
419 3702 24 17 ha
454 3703 54 18 dettu
522 3708 44 14 cosa
583 3705 25 17 si'

134 3728 45 17 mile
187 3728 6 18 !
206 3729 29 21 (P.
249 3729 35 21 R.)

632 191 13 14 e
658 184 39 21 ciò
712 183 37 21 chi
764 188 32 14 un
812 181 81 21 seculu
913 180 31 20 ha
964 178 98 20 risicatu
1081 176 24 20 di

632 217 72 23 vede,
716 221 30 14 un
758 215 62 20 altru
832 213 82 20 seculu
924 217 13 14 a
949 209 83 22 viderà
1044 209 63 20 sicu-

633 249 109 21 ramente
750 247 5 19 1

661 280 18 20 E
690 279 41 20 noi
744 278 53 20 altri
811 276 72 27 pochi
896 273 157 22 cursacchioli
1066 272 39 20 chi

633 312 74 27 oghie
727 315 85 16 osemu
833 308 84 21 alzacci
939 305 102 22 davanti.
1051 310 13 15 a
1080 309 25 15 sa

633 344 57 21 folia
714 343 23 20 di
760 341 100 21 venduti
885 346 13 14 e
921 336 183 23 d’imbastarditi

633 374 129 29 gridemuli
777 373 161 21 francamente
951 371 25 20 in
988 369 74 21 faccia
1070 374 6 14 :

763 406 30 21 Ea
799 406 6 20 !
822 405 30 21 Ea
861 404 5 20 !
883 403 78 21 Allala
971 402 5 20 !

633 442 94 19 mentre
740 438 78 21 ch’elli
833 434 202 28 barbutteghianu
1042 440 5 14 :

633 468 36 21 La
682 467 128 21 France...
824 464 107 22 nochire
942 460 161 24 Pachlmel...

705 499 32 20 Vi
750 498 90 24 Salutu,

1008 528 28 20 B.
1045 527 29 20 L.

669 587 88 25 Avete
773 586 71 24 lettn
851 584 16 25 ?
888 582 79 26 Bccû
982 582 124 26 Variette

635 626 44 24 clf
681 634 63 16 omu
748 624 69 34 face
825 624 84 24 cantà
918 622 32 25 in
958 623 146 31 stupaese.

634 664 28 25 A
676 663 90 34 quelli
778 661 49 26 chi
837 661 79 25 hanu
926 660 98 25 datuu
1037 660 70 23 tonu

635 710 38 17 un
685 702 26 24 li
722 702 75 23 resta
810 699 51 25 che
871 707 17 17 a
897 697 162 27 mucciassi.

667 740 27 25 jE
705 741 96 23 nostre
815 738 118 33 ragione
951 737 155 24 bastavanu

630 782 57 30 per
700 777 37 35 fà
752 778 169 32 contrapesu
934 776 25 25 a’
971 775 92 34 spada
1074 774 33 25 di

633 817 130 30 Brennu;
779 824 46 17 ma
835 815 82 25 s'ellu
927 814 28 26 si
967 814 98 33 lampa
1074 813 37 25 in

635 856 30 24 la
680 855 126 25 bilancia
824 854 75 25 altri
913 854 165 33 argumenta
1090 860 17 16 a

632 903 40 16 un
693 895 121 24 cantaru
831 893 100 28 Vunup
941 900 41 17 un
997 890 109 35 ghiova

634 936 34 22 nè
677 932 92 35 spada
781 935 35 22 nè
826 932 90 24 elmul

666 971 63 26 Noi
737 970 128 26 chiremu
870 979 18 16 a
896 969 135 26 limosina
1037 968 68 25 d’un

634 1010 132 35 ignicitla
777 1009 34 25 di
821 1009 115 25 libertà.

668 1049 107 34 Parigi
786 1047 68 35 face
864 1056 20 17 u
896 1048 100 25 cioncu
1007 1055 14 16 e
1031 1049 76 30 pone

633 1097 19 17 a
663 1088 153 34 quistione:
828 1087 47 25 Da
887 1095 18 17 a
918 1087 69 33 lupa
995 1093 42 17 au
1045 1085 59 34 jal-

634 1127 31 25 la
676 1127 90 33 quaVè
782 1126 48 26 chi
840 1135 19 17 a
871 1124 153 27 vinciarà?

649 1187 3 2 .
670 1165 84 26 Certi
761 1168 61 32 par
821 1165 90 34 agoni
922 1173 39 17 un
972 1165 56 24 s'av
1029 1165 78 23 aria-

634 1213 40 17 nu
685 1205 38 25 da
732 1204 77 35 falli
819 1204 47 35 fà.

667 1244 161 26 Marianna
839 1243 109 26 insiste.

668 1283 51 25 Ad
729 1283 85 34 asgiu
824 1283 82 33 sojul

848 1334 92 24 Psîru
952 1333 120 25 Rocca.

792 1431 156 30 Voceru

660 1523 20 20 A
690 1523 128 24 manivogu
827 1529 15 13 a
848 1522 30 25 fà
883 1525 73 21 pasce
964 1525 101 21 epecure
1072 1528 36 14 so-

632 1556 47 22 pra
692 1554 10 19 i
716 1554 75 20 monti
797 1553 46 20 alti
852 1560 13 13 e
872 1556 82 21 scopru
963 1560 16 13 u
991 1559 64 14 mare
1070 1552 39 20 chi

634 1584 51 20 s'ha
690 1587 98 22 purtatu.
792 1585 40 19 via
838 1591 16 12 u
859 1584 46 20 miò
908 1584 101 24 figliolu;
1013 1590 15 13 v
1033 1583 75 20 mala-

634 1615 68 21 discu
715 1622 27 13 su
751 1615 67 22 mari,
825 1621 14 13 e
850 1615 134 24 ghiastemu
995 1621 15 13 u
1019 1614 44 20 soli
1070 1614 40 20 chi

631 1649 46 21 per
684 1647 37 19 mè
724 1646 50 20 mai
777 1646 43 24 più
828 1646 33 19 s'è
871 1645 85 20 livatu!

663 1676 102 27 Quandu
780 1676 33 20 mi
822 1678 97 22 strappa
932 1682 16 13 u
963 1676 70 24 fiatu,
1043 1682 64 13 mun-

633 1707 58 24 ghiu
704 1714 16 12 a
731 1707 96 24 sgiotta;
837 1713 39 13 ma
886 1707 33 19 mi
925 1709 97 22 scappa,
1037 1713 14 12 e
1058 1712 29 14 eu
1099 1710 10 20 /

635 1738 54 19 tetti
702 1738 67 23 pieni
775 1738 23 19 si
809 1737 87 24 cappia
905 1737 34 24 pà
947 1737 11 19 i
964 1737 117 19 strittoni..

644 1784 7 6 ,
661 1768 33 21 Su
703 1769 56 19 latti
765 1768 40 20 chi
811 1770 40 17 'era
858 1770 48 21 par
913 1769 29 20 te,
947 1770 45 21 per
1007 1767 40 20 noi
1058 1768 47 23 qui,

635 1799 158 20 usolubeie...

663 1829 102 26 Quandu
772 1836 13 12 e
791 1832 23 17 to
820 1829 84 19 labhré
909 1829 22 19 si
937 1829 26 19 sò
972 1828 134 20 inchiudate

634 1867 32 13 un
672 1860 91 25 pudisti
770 1866 84 14 mancu
859 1859 99 27 piùdi...
969 1859 112 20 mamma'

660 1891 41 20 Ma
712 1890 91 25 perché,
813 1890 87 21 dimmi,
918 1890 98 24 quandu
1025 1896 15 13 u
1057 1890 49 19 sole

631 1925 75 21 passa
719 1924 70 21 sopra
802 1927 15 13 u
831 1923 84 21 campu
927 1920 27 19 di
961 1927 17 16 q
986 1923 77 20 morte,
1073 1927 32 13 un

634 1952 81 20 finv'ia
724 1958 16 13 u
747 1958 26 14 so
779 1952 55 24 focu
842 1957 13 13 e
861 1951 134 24 ghiacciatu
1003 1951 21 20 ti
1029 1951 57 24 laga
1094 1951 12 20 ?

658 1983 29 20 Jn
696 1983 62 19 duva
767 1983 14 18 è
788 1989 16 12 u
817 1984 22 17 to
849 1982 85 22 vaiiori,
944 1988 15 13 u
968 1988 36 13 me
1012 1982 94 20 Paulu?

633 2013 74 21 N’hai
713 2012 73 20 avuiu
792 2015 70 17 tantu-
872 2019 16 12 a
897 2012 24 20 la
928 2018 87 18 guerra
1019 2019 12 12 e
1039 2013 68 19 avali

634 2043 100 18 unnhai
738 2043 43 22 più
792 2043 12 17 !
830 2047 6 2 -

661 2073 35 19 Un
703 2072 42 24 poi
760 2072 104 23 trapanà
872 2077 16 14 a
901 2073 62 18 terra
972 2072 30 19 nè
1018 2070 86 25 francà

633 2102 90 25 Vacque
733 2102 35 20 !...

659 2134 20 20 A
691 2140 15 13 u
714 2133 52 19 calà
775 2133 27 19 di
809 2139 16 13 u
835 2132 49 20 sole
892 2132 77 25 vogliu
982 2132 25 20 di
1016 2134 60 18 tuttu
1089 2139 15 13 u

632 2167 60 21 pesu
700 2164 26 19 di
738 2170 15 13 u
769 2170 36 13 me
812 2163 194 20 dulore...Ch'ellu
1017 2162 47 25 fali
1079 2163 27 19 di

632 2195 94 24 {rombu
736 2195 24 19 in
773 2200 64 14 mare
845 2200 13 13 e
866 2194 39 19 chi
920 2194 49 20 mai
975 2194 43 24 più
1033 2193 74 22 ell’un.

634 2225 89 20 rinasci
729 2224 11 20 !

659 2256 39 19 Ai
707 2261 26 14 so
746 2255 76 20 ultimi
828 2255 103 24 spasimi,
947 2255 96 25 quandu
1051 2255 53 19 serà

634 2287 61 19 tintu
704 2286 25 19 di
734 2292 71 15 rossu,
812 2286 32 19 mi
852 2292 14 13 n
871 2285 150 25 ’anderaghiu
1029 2285 24 20 in
1062 2286 43 19 cie-

634 2317 25 22 ii,
677 2324 13 12 e
700 2316 61 24 majò
778 2317 55 19 sarà
851 2322 16 13 a
880 2322 35 14 me
924 2316 102 25 alligria,
1036 2323 15 12 u
1068 2323 37 13 me

634 2348 85 21 Paulu,
729 2347 67 20 ch’un
808 2353 28 13 sa
838 2348 24 18 ré
872 2347 42 24 più
922 2347 52 19 solu
982 2353 15 13 a
1004 2353 30 13 un
1043 2347 60 20 veda

633 2385 15 13 a
658 2378 70 20 luci...
747 2378 61 20 Sarà
824 2378 52 24 spin
877 2381 25 16 ta
918 2381 42 21 per
974 2384 29 13 un
1019 2378 85 20 tnondu

633 2409 24 20 in
659 2409 59 20 tieru
725 2409 11 19 !

749 2506 240 22 3IBLIOGRAFIA

655 2564 15 18 U
676 2566 66 16 nostru
747 2565 131 22 cumpatriotia
884 2565 58 17 Paulu
949 2564 153 21 Piazza,avucatu

633 2591 19 16 in
662 2590 69 22 Parigi.
740 2590 131 22 publicbeghia
881 2590 118 22 uu’eleganle
1010 2590 94 21 piastrella

634 2615 94 17 intituiata
738 2614 120 24 Lalvi-Plage,
869 2615 18 17 in
895 2615 17 17 la
921 2615 55 22 quale
982 2615 38 17 ellu
1028 2614 76 18 haesal-

634 2642 39 16 latu
682 2645 11 12 a
702 2640 69 22 gentiie
780 2640 45 18 citlà
832 2640 21 17 in
862 2640 11 17 d
880 2640 42 18 ell’è
927 2642 53 16 natu.

656 2665 151 18 St’interessante
815 2665 134 23 publicazione,
959 2670 23 13 eu
994 2665 78 18 introitu
1084 2665 19 17 di

634 2695 12 13 u
655 2690 41 22 sgiô
705 2690 57 18 Paulu
773 2691 87 18 Doumer,
868 2690 103 22 prisidente
977 2690 19 17 di
1005 2695 12 11 u
1027 2690 76 21 Senatu,

633 2717 81 15 cunteue
723 2714 43 18 belli
775 2714 73 23 disegni
857 2715 18 16 di
885 2714 78 18 Pariista
972 2716 21 16 A.
1003 2715 101 17 Monceaux

633 2744 10 13 e
652 2743 99 14 numarose
759 2739 131 18 illustrazioni.

656 2765 8 16 I
673 2764 59 18 nostri
742 2764 68 18 sinceri
815 2764 68 22 auguri
890 2764 19 17 di
918 2768 95 14 successu.

670 2883 6 46 |
695 2889 142 33 Produit
847 2888 208 44 hygiénique
1069 2880 7 45 !

772 2933 86 23 d’une
866 2933 111 28 qualité
1069 2925 7 35 \

791 2962 167 27 supérieure

696 2993 134 26 l’alcool
846 2992 45 27 de
907 2993 144 26 menthe

690 3022 373 133 HEÎLlf

725 3153 56 33 est
795 3152 228 39 économique

665 3271 76 21 ....En
757 3271 84 27 Corse,
851 3271 74 26 grâce
943 3272 15 21 à
965 3273 26 21 la
1004 3273 100 22 consci-

634 3310 63 16 ence
705 3304 31 21 de
751 3305 67 27 clan,
830 3305 38 21 les
878 3305 48 21 lois
938 3308 59 19 sont
1008 3306 97 22 anéan-

634 3338 58 21 ties.
710 3338 56 21 Une
774 3337 88 22 moitié
878 3338 45 22 des
935 3340 115 25 citoyens
1058 3340 47 26 .s’y

635 3371 162 28 soustraient,
820 3377 62 16 avec
892 3372 24 21 le
932 3379 125 16 concours
1072 3374 33 21 de

633 3405 70 20 leurs
707 3404 197 25 représentants,
912 3407 25 18 et
943 3405 61 22 elles
1010 3412 32 15 ne
1047 3409 59 19 sont

634 3438 88 20 contre
730 3436 23 21 le
760 3439 69 19 reste
834 3443 48 19 que
891 3437 44 21 des
940 3438 165 22 instruments

634 3470 33 21 de
677 3469 142 22 vexations.

634 3503 23 21 Il
666 3502 44 26 n’y
717 3508 17 15 a
744 3502 28 21 ni
781 3503 75 24 droit,
866 3502 29 22 ni
900 3502 101 28 justice;
1012 3503 37 22 les
1057 3504 48 21 ad-

633 3536 187 21 ministrateurs
831 3538 58 19 sont
903 3536 102 26 frappés
1014 3537 92 22 d’iner-

634 3569 36 21 tie
686 3574 48 19 par
748 3568 25 21 la
788 3575 64 19 peur
863 3569 32 21 de
913 3572 193 23 compromettre

634 3601 58 22 leur
700 3601 118 27 carrière;
830 3602 38 21 les
874 3602 164 22 administrés
1047 3606 59 20 sont

635 3634 148 26 persuadés,
795 3641 47 20 par
861 3635 166 26 l’expérience
1041 3643 65 19 quo-

634 3668 123 25 tidienne,
767 3674 49 20 que
823 3668 56 21 rien
893 3674 33 15 ne
941 3675 27 15 se
980 3669 69 25 règle
1058 3676 48 15 au-

634 3702 110 20 trement
752 3707 48 20 que
807 3707 49 20 par
865 3701 27 21 la
903 3701 96 22 faveur.

922 3733 59 19 Paul
987 3734 97 19 Bourde.

1317 174 186 53 Signe
1537 165 116 47 des
1680 154 382 60 Temps^ri^

1162 305 46 23 “Te
1214 301 115 24 merends
1335 300 60 26 pour
1399 294 23 20 la
1429 287 174 25 France'’'avait

1132 334 79 24 clamé
1222 333 31 21 du
1264 332 59 20 haut
1331 329 31 22 du
1375 324 86 22 balcon
1474 319 30 21 de
1538 318 8 19 1
1555 317 36 20 Ac

1132 367 53 21 tion
1194 361 132 29 française”
1335 361 22 20 le
1363 349 241 35 grandtoato;roya-

1132 397 57 21 liste
1199 399 48 16 aux
1256 383 228 35 quelques-nfilliers
1493 379 30 21 de
1541 377 50 27 poli

1133 427 63 21 ciers
1226 428 45 22 que
1294 423 36 19 les
1360 419 59 25 gens
1443 417 28 15 au
1497 411 107 25 pouvoir

1133 456 101 22 avaient
1241 448 111 26 mobilisé
1365 450 48 18 aux
1426 441 79 22 seules
1516 438 47 21 fins
1572 436 31 20 de

1133 488 64 20 cette
1204 484 83 21 chasse
1294 481 14 21 à
1313 470 187 32 l’homme.Léon
1508 466 95 23 Daudet

1132 513 179 25 voulaitéviter
1318 510 67 22 toute
1395 503 105 22 effusion
1507 500 30 21 de
1544 505 59 21 sang

1132 552 64 21 pour
1205 549 47 17 une
1264 547 71 16 cause
1349 536 59 29 qu’il
1423 533 94 28 jugeait
1532 537 13 14 a
1553 532 49 19 tort

1133 584 31 16 ou
1175 576 13 21 à
1205 575 81 22 raison
1298 574 55 22 trop
1368 563 164 31 personnelle;
1541 566 61 16 mais

1133 604 112 29 emporté
1253 609 41 21 par
1302 600 69 23 l’élan
1380 597 30 21 de
1419 601 26 15 sa
1453 598 91 24 pensee
1554 597 49 16 ma-

1133 634 178 28 gnifiquement
1316 627 123 25 humaine,
1446 626 18 20 il
1470 623 83 28 perdai
1557 625 9 18 t
1572 622 29 21 de

1133 674 49 18 vue
1193 672 46 20 que
1251 664 54 21 tout
1321 665 27 15 ce
1356 658 42 27 qui
1414 655 156 22 concrétisait
1579 654 22 20 la

1134 699 92 21 France
1239 701 25 15 se
1281 689 108 25 trouvait
1407 691 92 23 groupe
1517 685 86 19 autour

1134 730 29 21 de
1173 728 43 24 lui,
1226 722 104 25 derrière
1344 719 33 21 lui
1387 720 25 19 et
1420 722 46 22 que
1479 720 62 22 pour
1556 720 45 21 que

1133 761 64 20 cette
1207 756 89 22 France
1303 751 68 24 vive,
1380 749 18 21 il
1405 747 57 22 était
1479 747 122 25 opportun

1133 792 25 19 et
1163 789 61 21 utile
1231 787 30 20 de
1268 789 31 16 ne
1305 787 42 21 pas
1356 785 26 16 se
1389 779 75 21 livrer
1471 774 131 23 bénévole-

1134 820 69 22 ment
1213 817 13 21 à
1238 821 39 16 ses
1294 810 119 23 ennemis.
1432 808 43 21 Les
1485 806 116 22 camelots

1133 851 33 21 du
1186 848 56 24 Roi,
1264 841 137 25 conscients
1418 845 46 21 que
1477 839 53 20 leur
1547 836 56 21 chef

1134 880 84 22 venait
1236 876 73 22 d’être
1330 872 62 26 dupe
1413 871 30 20 de
1459 875 45 15 son
1525 867 76 28 grand

1133 916 77 19 coeur,
1221 909 42 21 ont
1274 901 85 30 réparé
1366 907 45 22 par
1421 907 32 15 un
1466 905 63 21 coup
1537 898 63 21 d’au-

1134 943 60 20 dace
1207 937 94 30 géniale
1317 934 36 21 les
1371 931 181 27 conséquences
1571 929 30 21 de

1130 972 104 22 -l’erreur
1244 963 169 26 sentimentale
1421 962 29 21 de
1460 960 142 22 Léon-Dau-

1135 1003 49 21 det:
1196 1001 30 21 ils
1237 998 34 22 lui
1286 997 45 21 ont
1341 995 87 21 ouvert
1442 994 81 20 toutes
1531 997 71 22 gran-

1133 1034 44 21 des
1193 1032 36 21 les
1241 1029 83 27 portes
1339 1025 29 21 de
1377 1026 23 20 la
1413 1022 79 26 Santé,
1502 1023 41 26 qui
1563 1029 39 14 au-

1133 1064 47 21 rait
1189 1068 34 21 pu
1232 1058 101 24 devenir
1342 1061 62 22 pour
1414 1055 23 21 le
1446 1054 58 27 père
1517 1054 31 21 du
1561 1059 41 21 pe-

1132 1095 30 21 tit
1170 1092 113 26 Philippe
1295 1087 64 23 aussi
1371 1087 102 21 muettes
1483 1086 24 19 et
1515 1083 87 29 mysté-

1133 1125 95 22 rieuses
1239 1126 46 22 que
1289 1117 106 24 l’arrière
1409 1116 116 26 boutique
1532 1115 30 21 de
1572 1114 31 22 Le

1125 1150 4 4 '
1135 1155 132 22 Flaoutter.

1161 1185 110 25 L’affaire
1284 1183 96 22 Daudet
1400 1179 116 24 renversé
1523 1181 80 20 toutes

1133 1225 46 16 nos
1192 1217 100 22 notions
1303 1211 166 29 acquises-qui
1487 1212 57 20 sont
1551 1209 13 22 à
1580 1210 23 21 la

1134 1251 57 21 base
1208 1249 30 21 de
1252 1245 88 23 l’ordre
1352 1242 98 23 sociale.
1468 1241 51 22 Elle
1530 1241 73 27 opère

1133 1283 23 20 le
1168 1276 215 26 bouleversement
1394 1273 30 22 de
1430 1273 23 21 la
1460 1272 144 22 conscience

1134 1314 24 20 et
1171 1312 31 21 de
1210 1306 175 29 l’imagination
1391 1304 137 27 populaire.
1534 1302 69 22 Cette

1132 1342 91 29 justice
1239 1337 165 29 républicaine
1421 1340 63 16 nous
1498 1340 63 16 nous
1572 1340 30 15 en

1133 1377 109 18 sommes
1251 1369 110 27 toujours
1372 1365 79 26 méfié,
1464 1371 97 15 comme
1574 1365 29 20 de

1134 1409 41 16 ces
1182 1403 79 20 autres
1269 1398 89 29 grands
1378 1398 64 20 mots
1458 1396 117 26 auxquels
1586 1396 18 20 il

1134 1434 82 22 arrive
1228 1432 29 21 de
1266 1431 94 20 donner
1366 1428 169 27 bruyamment
1545 1426 59 21 asile

1133 1465 13 22 à
1158 1465 32 21 de
1198 1461 110 24 mauvais
1318 1456 286 25 instincts.Ces.derniers

1133 1499 81 23 temps
1224 1494 45 20 elle
1279 1498 13 14 a
1301 1490 50 28 pris
1368 1489 54 21 soin
1438 1488 29 21 de
1480 1493 26 15 se
1519 1487 86 22 définir

1134 1525 139 23 elle-même
1285 1524 25 19 et
1324 1519 125 23 d’exhiber
1459 1517 13 22 à
1485 1524 33 14 nu
1525 1518 22 21 là
1568 1518 37 21 vi-

1133 1558 66 21 laine
1208 1553 141 26 mécanique
1361 1551 30 20 de
1404 1555 39 16 ses
1454 1554 104 22 rouages
1568 1549 37 21 in-

1133 1588 84 22 times.
1225 1585 32 22 La
1266 1582 91 28 Justice
1368 1579 237 28 républicaine,nous

1133 1620 23 20 la
1163 1621 91 18 savons
1260 1613 151 23 maintenant
1416 1611 114 20 servante
1534 1610 71 21 d’une

1134 1649 80 27 police
1230 1649 144 21 corrompue
1384 1649 6 19 ;
1404 1642 35 20 les
1462 1641 56 27 plus
1535 1641 71 21 hauts

1134 1678 207 29 magistrats,nous
1352 1677 94 17 venons
1453 1672 31 21 de
1499 1673 37 20 les
1554 1672 52 21 voir

1135 1706 146 26 maneuvrés
1309 1711 42 22 par
1374 1704 36 21 les
1433 1709 113 15 menaces
1574 1703 31 21 de

1133 1740 118 23 vexation
1263 1743 32 16 ou
1303 1737 31 21 de
1345 1735 118 27 chantage
1474 1739 48 22 que
1529 1734 22 21 la
1562 1739 43 22 po-

1134 1773 47 21 lice
1191 1771 63 21 tient
1266 1766 150 28 suspendues
1435 1770 42 16 sur
1489 1765 65 21 leurs
1570 1766 37 20 to-

1133 1808 69 22 ques.

1161 1836 123 27 Pourquoi
1302 1840 30 15 en
1344 1838 101 19 somme,
1457 1833 68 20 toute
1546 1833 60 20 cette

1132 1869 99 28 passion
1239 1869 24 18 et
1272 1871 27 15 ce
1307 1864 49 22 zèle
1365 1868 61 22 pour
1435 1869 46 14 une
1488 1862 81 22 affaire
1578 1863 29 21 de

1132 1898 158 25 diffamation;
1301 1901 61 22 pour
1369 1895 135 27 quiconque
1511 1894 97 22 connaît

1131 1933 36 20 les
1174 1930 134 23 rudiments
1315 1926 29 21 de
1350 1926 23 21 la
1379 1925 42 21 loi.
1429 1925 22 21 la
1456 1924 149 22 diffamation

1131 1964 38 19 est
1181 1967 28 15 ce
1227 1958 71 28 qu’on
1313 1956 94 28 appelle
1419 1962 31 14 un
1462 1954 147 29 déiitprivé..

1129 1991 109 23 Demain
1251 1990 16 20 il
1277 1993 62 17 vous
1349 1986 124 28 prendrait
1493 1985 113 23 fantaisie

1132 2024 29 20 de
1171 2019 137 28 vilipender
1318 2018 58 20 dans
1389 2023 49 15 une
1447 2017 83 21 feuille
1541 2019 67 25 quel-

1131 2047 227 29 conquefquë’vous
1366 2047 240 20 aurrêz"iil6me'créée

1131 2082 13 21 à
1156 2082 65 20 cette
1233 2077 127 26 intention,
1375 2082 32 15 un
1419 2076 75 21 brave
1505 2076 100 23 homme

1131 2113 29 21 de
1168 2109 143 29 particulier
1323 2110 23 19 et
1367 2107 138 21 d'articuler
1514 2107 92 28 chaque

1127 2144 56 27 jour
1189 2143 85 20 contre
1279 2139 34 21 lui
1319 2140 54 20 tout
1382 2144 28 15 ce
1417 2138 40 27 qui
1465 2141 38 18 est
1510 2144 96 22 suscep-

1130 2174 59 21 tible
1198 2172 31 21 de
1234 2170 117 22 le.rendre
1355 2169 91 21 odieux
1453 2174 31 16 ou
1494 2170 109 25 ridicule,

1131 2205 30 21 eh
1170 2204 6 20 1
1197 2203 56 21 bien
1266 2207 27 15 ce
1313 2201 72 21 brave
1412 2199 98 22 homme
1525 2200 80 23 n’aura

1130 2236 81 20 même
1232 2238 41 22 pas
1285 2233 22 20 la
1326 2237 126 16 ressource
1472 2232 30 21 de
1524 2235 81 24 porter

1132 2266 92 27 plainte
1249 2269 28 15 au
1297 2262 118 27 Parquet:
1436 2263 33 21 les
1492 2266 113 24 parquets

1130 2297 118 21 mettront
1257 2300 29 15 en
1295 2295 157 20 mouvement
1462 2294 36 20 les
1505 2295 100 25 gendar-

1130 2333 53 16 mes
1196 2330 61 23 pour
1265 2330 46 22 peu
1324 2330 46 21 que
1381 2323 67 23 vous'
1460 2324 101 28 -ayezété
1568 2331 38 15 se-

1131 2357 62 23 coué
1210 2363 31 16 ou
1255 2355 113 22 bousculé
1377 2355 60 21 dans
1450 2356 20 20 la
1479 2361 51 19 rue;
1545 2357 60 20 mais

1131 2390 30 20 ils
1169 2394 32 16 11e
1208 2387 80 22 feront
1295 2392 76 15 aucun
1380 2391 42 22 pas
1431 2392 60 21 pour
1497 2386 60 22 faire
1569 2386 37 22 ré-

1130 2420 95 27 primer
1245 2423 46 15 une
1307 2417 102 21 atteinte
1428 2422 73 22 grave
1514 2416 13 22 à
1536 2420 70 19 votre

1130 2451 114 21 honneur
1258 2454 30 16 ou
1310 2448 13 21 à
1336 2449 69 20 votre
1417 2447 188 23 considération.

1131 2481 148 21 Admettons
1285 2479 150 21 maintenant
1440 2484 46 21 que
1492 2481 39 19 cet
1538 2479 68 22 hom-

1130 2503 139 35 niepïacide
1282 2515 47 22 que
1338 2515 62 16 vous
1412 2514 70 16 aurez
1487 2509 51 28 jeté
1546 2510 59 22 .cha-

1130 2549 48 21 que
1195 2541 74 22 matin
1280 2546 31 15 en
1330 2541 85 27 pâture
1423 2539 15 22 à
1446 2541 22 20 la
1488 2541 117 23 curiosité

1131 2572 116 22 malsaine
1256 2571 32 21 du
1302 2572 89 26 public,
1409 2577 91 21 prenne
1510 2571 97 23 l’initia-

1129 2604 52 21 tive
1194 2603 115 21 coûteuse
1321 2603 29 21 de
1368 2607 62 16 vous
1440 2603 143 26 poursuivre
1593 2603 13 21 à

1130 2640 40 16 ses
1182 2633 60 22 frais
1251 2639 5 19 ;
1270 2633 36 21 les
1318 2633 131 21 tribunaux
1459 2637 148 23 pousseront

1130 2665 58 22 bien
1194 2665 24 20 la
1225 2664 213 21 condescendance
1442 2664 95 27 jusqu’à
1544 2670 62 16 vous

1130 2696 93 21 allouer
1229 2695 114 27 quelques
1351 2695 141 27 dommages
1499 2695 107 23 -intérêts

1131 2727 47 27 qui.
1185 2732 31 14 ne
1226 2727 188 25 compenseront
1430 2725 86 27 jamais
1527 2727 80 21 toutes

1130 2758 35 21 les
1187 2756 101 22 sottises
1311 2761 46 21 que
1368 2756 105 22 l'avocat
1485 2757 31 20 de
1535 2755 71 23 vôtre

1130 2787 152 21 diffamateur
1297 2792 56 15 aura
1365 2786 87 22 faculté
1462 2787 31 22 de
1514 2787 93 22 débiter

1130 2824 42 15 sur
1192 2821 70 18 votre
1273 2819 98 24 compte
1386 2824 31 15 en
1431 2818 66 27 plein
1515 2819 88 26 public.

1132 2848 63 22 Mais
1205 2849 23 20 la
1245 2848 70 27 peine
1331 2849 96 25 requise
1445 2851 24 19 et
1482 2854 123 17 encourue

1130 2885 31 15 ne
1170 2884 54 16 sera
1231 2878 86 27 jamais
1325 2877 88 27 qu’une
1426 2879 88 27 simple
1526 2886 79 15 amen-

1130 2910 30 21 de
1168 2909 100 28 mitigée
1276 2910 24 20 le
1309 2909 54 26 plus
1375 2912 105 19 souvent
1488 2911 72 27 parla
1570 2911 34 21 loi

1130 2940 31 21 de
1179 2940 84 21 sursis.
1278 2938 176 24 Estimez-vous
1461 2940 111 22 heureux
1582 2947 24 15 a-

1130 2970 57 27 près
1200 2976 35 22 ça,
1254 2969 74 28 qu’un
1338 2975 131 22 procureur
1485 2971 121 22 facétieux

1128 3001 123 27 jouissant
1255 3000 31 22 de
1293 3001 71 20 votre
1372 3000 158 23 déconvenue
1540 3002 66 22 n’ail-

1130 3032 22 21 le
1165 3036 65 16 vous
1245 3030 91 22 inviter
1348 3029 14 23 à
1371 3032 127 27 apprécier
1518 3039 44 21 par
1582 3034 24 20 le

1131 3062 35 21 cri
1178 3061 32 21 de
1216 3061 81 22 «Vive
1308 3061 23 21 la
1343 3060 104 24 France»
1453 3064 23 20 la
1483 3063 71 28 façon
1565 3063 41 22 dé-

1131 3091 226 22 concertante-dont
1365 3093 36 21 les
1409 3094 48 21 lois
1465 3096 59 19 sont
1529 3095 77 26 appli-

1131 3121 76 28 quées
1219 3128 57 16 sous
1285 3122 23 21 la
1316 3121 45 22 IÏIC
1372 3123 163 28 République.

1158 3157 75 22 Voilà
1245 3164 30 15 en
1283 3160 122 21 raccourci
1413 3161 23 20 la
1447 3160 159 28 psychologie

1131 3190 24 19 et
1163 3189 24 20 la
1200 3187 113 23 moralité
1325 3188 56 23 d’un
1390 3190 87 27 procès
1490 3197 32 15 en
1536 3191 69 21 diffa-

1131 3218 92 22 mation
1228 3225 62 21 pour
1294 3219 24 21 le
1326 3224 113 18 commun
1446 3221 42 21 des
1495 3223 109 20 mortels.

1132 3248 65 21 Mais
1207 3250 22 20 le
1236 3248 123 23 chauffeur
1364 3251 77 27 Bajot,
1445 3257 27 15 au
1476 3252 56 26 quel
1541 3251 63 22 Léon

1132 3279 97 21 Daudet
1241 3280 139 27 reprochait
1391 3282 80 21 d’être'
1484 3284 122 20 constam-

1131 3311 69 19 ment
1207 3315 29 16 en
1245 3311 178 22 contradiction
1430 3317 61 16 avec
1495 3313 38 20 les
1540 3313 63 26 faits,

1131 3345 63 16 avec
1204 3340 36 21 les
1252 3343 81 19 autres
1341 3341 107 23 témoins
1456 3344 26 19 et
1489 3348 61 16 avec
1559 3343 47 21 lui-

1131 3370 91 25 même,
1231 3370 206 28 n’appartenait-il
1451 3378 43 21 pas
1503 3378 30 15 au
1540 3377 66 18 com-

1131 3406 58 15 mun
1199 3401 44 20 des
1256 3403 99 21 mortel?
1377 3402 228 27 Détrompez-vous!

1133 3429 109 22 D’abord
1252 3431 23 20 le
1287 3433 111 21 ministre
1408 3433 30 20 de
1447 3431 134 24 l’intérieur
1593 3441 13 14 a

1132 3459 111 27 éprouvé
1254 3461 22 20 le
1288 3461 85 23 besoin
1387 3463 31 21 de
1423 3463 24 20 le
1456 3462 149 27 qualifier-dè

1133 3489 89 27 «digne
1229 3490 207 29 homme»,l’autre
1443 3492 102 27 jouràla
1554 3494 53 21 Tri-

1132 3520 67 20 bune
1217 3520 30 21 de
1264 3521 23 21 la
1305 3523 121 25 chambre,
1440 3522 57 21 bien
1510 3529 47 18 que
1579 3530 28 15 ce

1131 3550 77 27 digne
1227 3550 99 24 homme
1343 3555 42 23 ait,
1398 3552 166 27 paraît-il,une
1575 3555 30 21 de

1132 3586 41 15 ces
1186 3580 186 28 physionomies
1393 3583 30 20 de
1437 3582 131 28 chauffeur,
1586 3585 21 21 si

1132 3614 49 23 peu
1186 3615 162 23 engageantes
1354 3613 73 27 qu’on
1432 3612 79 22 hésite
1518 3613 12 22 à
1536 3620 72 21 pren-

1132 3641 133 25 dre,même
1274 3643 124 28 lorsqu’on
1411 3645 38 19 est
1454 3643 50 21 très
1516 3644 90 27 pressé.

1132 3671 28 21 Et
1181 3671 22 21 si
1216 3672 23 20 le
1249 3673 113 22 ministre
1374 3673 107 21 Barthou
1496 3679 15 15 a
1523 3674 85 22 témoi-

1133 3700 49 29 gné
1207 3702 183 28 publiquement
1413 3704 31 20 de
1455 3709 45 15 son
1522 3706 87 20 estime

1134 3737 65 21 pour
1210 3733 24 20 le
1243 3732 122 23 chauffeur
1381 3733 78 27 Bajot,
1482 3733 59 22 c'est
1562 3741 47 21 que

1630 283 105 21 derrière
1746 282 23 21 le
1781 279 117 29 paravent
1906 277 30 20 de
1951 280 44 16 son
2012 273 50 22 taxi
2074 277 26 16 se

1629 312 146 22 dissimulait
1781 311 66 21 toute
1854 309 22 20 la
1886 306 79 28 police
1972 304 127 27 politique.

1630 343 27 21 Et
1665 343 58 20 c'est
1731 343 22 19 la
1761 342 78 20 même
1847 335 141 26 raison,très
1997 333 103 27 simplis-

1629 376 32 22 te,
1686 372 40 27 qui
1740 377 60 15 vous
1812 368 115 27 explique
1939 371 28 15 ce
1992 364 41 21 fait
2045 368 55 16 sans

1629 402 132 28 précédent
1769 401 59 20 dans
1836 400 36 20 les
1884 396 98 21 annales
1992 392 109 29 judiciai-

1629 438 47 16 res:
1683 430 94 23 l’octroi
1790 430 30 20 de
1833 429 56 25 cinq
1900 426 64 22 mois
1973 426 30 20 de
2016 424 82 27 prison

1628 468 62 22 pour
1702 467 31 16 un
1745 459 118 29 prétendu
1875 456 59 23 délit
1946 457 30 20 de
1989 454 108 22 diffama-

1629 494 51 21 tion
1692 490 169 23 n’intéressant
1870 493 42 22 pas
1919 486 88 22 l’ordre
2013 484 85 22 social.

1657 521 170 29 L’application
1853 518 83 22 stricte
1962 516 31 21 de
2015 516 23 20 la
2066 513 33 22 loi

1628 553 161 24 commandait
1796 549 191 29 l’acquittement
1994 547 30 20 de
2033 544 64 23 Léon

1629 585 101 25 Daudet,
1736 589 40 16 car
1787 583 17 21 il
1814 582 40 28 n’y
1865 587 14 15 a
1891 585 41 22 pas
1948 584 31 15 un
1992 576 109 22 étudiant

1628 623 30 15 en
1668 615 64 22 droit
1738 614 40 27 qui
1788 614 87 26 ignore
1887 615 46 23 que
1945 609 21 21 la
1974 610 125 19 mauvaise

1628 648 34 21 foi
1671 649 37 19 est
1717 651 33 16 un
1758 643 106 23 élément
1873 639 115 24 essentiel
1995 639 31 20 du
2039 635 60 22 délit

1628 679 30 20 de
1668 675 154 23 diffamation:
1830 675 24 19 et
1866 671 124 23 comment
1999 670 22 20 la
2033 673 66 16 mau-

1628 708 68 21 vaise
1704 706 34 22 foi
1759 704 116 29 peut-elle
1887 702 92 21 exister
1992 699 57 21 chez
2069 703 31 14 un

1627 739 58 27 père
1691 738 41 27 qui
1740 741 85 22 essaye
1837 734 30 21 de
1875 731 144 30 poursuivre
2029 730 23 21 la
2060 727 41 22 vé-

1627 769 46 23 rité
1681 774 41 17 sur
1729 769 23 20 la
1761 769 63 19 mort
1833 766 30 20 de
1874 770 43 16 son
1927 762 90 22 enfant.

1644 797 104 30 'Malgré
1759 799 61 23 tout,
1835 795 95 23 Daudet
1939 789 136 26 condamné
2088 788 14 22 à

1626 831 123 25 tort,cette
1759 828 72 28 peine
1842 827 169 21 monstrueuse
2022 827 32 16 ne
2063 820 38 21 de-

1627 862 51 22 vait
1695 866 45 22 pas-
1757 855 184 26 être-exécutée.
1954 855 31 21 Le
2004 853 99 21 docteur

1628 893 92 22 Closon
1729 891 40 27 qui
1782 889 66 22 avait
1855 883 173 27 férocement,à
2040 882 63 22 Mar-

1627 920 151 29 seille,crevé
1791 926 30 15 un
1832 919 43 22 oeil
1885 918 13 22 à
1913 923 31 16 un
1957 916 75 21 vieux
2049 913 54 28 prê-

1627 957 37 19 tre
1676 955 23 20 et
1710 958 106 16 encouru
1825 955 62 23 pour
1898 951 39 19 cet
1950 949 52 20 acte
2009 946 30 21 de
2051 949 52 17 sau-

1628 985 99 27 vagerie
1737 989 46 15 une
1796 982 71 27 peine
1876 976 166 26 dérisoire,fut
2050 980 53 22 gra-

1629 1015 37 22 cié
1686 1020 70 22 parce
1775 1019 47 21 que
1839 1009 98 30 protégé
1961 1009 32 20 du
2013 1005 89 23 Cartel.

1630 1046 63 22 Mais
1704 1051 63 21 pour
1777 1045 36 20 les
1827 1043 92 21 mêmes
1941 1040 96 21 raisons
2053 1035 51 23 mé-

1629 1076 117 29 prisables
1758 1075 29 21 de
1797 1073 118 28 politique
1933 1069 131 23 intérieure
2083 1068 21 19 le

1628 1106 194 30 gouvernement
1833 1103 80 22 refuse
1929 1101 13 22 à
1963 1100 62 22 celui
2046 1099 58 21 dont

1630 1138 116 22 l’instinct
1766 1136 30 21 de
1818 1132 119 30 paternité
1952 1138 13 16 a
1986 1129 63 23 dicté
2069 1129 35 21 les

1629 1171 65 20 actes
1702 1169 23 20 la
1737 1171 95 18 mesure
1841 1165 31 21 de
1887 1163 122 22 clémence
2021 1165 82 17 accor-

1630 1199 44 22 dée
1682 1198 13 22 à
1707 1198 62 22 celui
1779 1197 41 27 qui
1830 1203 13 15 a
1853 1194 104 23 satisfait
1966 1199 31 15 un
2007 1191 99 22 instinct

1630 1231 30 21 de
1672 1231 77 21 brute.

1658 1258 69 22 Cette
1738 1256 99 28 parodie
1861 1255 30 21 de
1914 1254 21 21 la
1955 1252 88 28 justice
2064 1255 40 22 qui

1630 1290 93 22 aboutit
1729 1287 14 23 à
1751 1289 22 21 la
1782 1285 172 31 mystification
1961 1284 29 21 de
2002 1284 22 20 la
2034 1279 72 24 Santé

1629 1320 93 28 liquide
1728 1321 55 20 tous
1790 1319 36 20 les
1836 1315 113 29 préjugés
1960 1320 42 16 sur
2010 1315 23 20 la
2044 1312 63 26 judi-

1630 1354 92 22 cature;
1732 1350 46 21 elle
1789 1354 62 16 nous
1859 1347 81 22 révèle
1948 1347 23 21 le
1982 1343 124 29 parti-pris

1630 1385 25 19 et
1662 1382 23 22 la
1697 1380 97 29 passion
1806 1379 118 28 politique
1936 1375 107 23 installés
2059 1374 14 21 à
2084 1375 22 20 la

1631 1414 67 27 place
1710 1412 29 21 de
1751 1411 22 21 la
1783 1410 97 28 justice.
1891 1409 50 21 Elle
1954 1412 77 17 sonne
2042 1404 63 23 aussi

1630 1445 23 21 le
1661 1444 53 28 glas
1732 1443 42 21 des
1786 1441 85 22 idoles.
1887 1438 63 23 Tués
1967 1443 59 17 sous
2040 1438 23 20 le
2075 1436 32 21 ri-

1631 1475 87 24 dicule,
1734 1475 57 19 tous
1798 1478 40 15 ces
1847 1472 70 21 nains
1929 1468 127 29 rabougris
2066 1467 40 28 qui

1631 1506 100 22 mènent
1737 1505 24 21 la
1773 1503 90 22 France
1875 1501 164 28 apparaissent
2047 1499 60 21 dans

1631 1538 53 20 leur
1694 1534 84 23 nudité
1784 1532 170 29 grotesque.Le
1967 1532 47 21 bon
2025 1530 82 28 public

1631 1565 142 30 s’approche
1786 1565 150 21 maintenant
1943 1563 31 21 de
1992 1568 40 15 ces
2050 1561 57 22 bau-

1631 1597 103 23 druches
1753 1594 145 29 dégonflées,
1917 1595 36 21 les
1964 1592 89 23 touche
2075 1592 31 21 du

1632 1629 69 27 doigt
1705 1630 25 19 et
1737 1633 27 16 se
1771 1627 62 21 rend
1838 1627 97 26 compte
1944 1630 46 22 que
1997 1629 62 16 ceux
2066 1623 39 28 qui

1632 1658 183 31 symbolisaient
1819 1658 24 21 la
1852 1656 89 22 France
1950 1662 48 15 aux
2003 1660 67 23 yeux
2077 1655 31 21 de

1631 1691 129 26 l'étranger
1774 1694 31 16 ne
1821 1687 169 28 représentent
2009 1687 60 21 dans
2084 1686 22 20 la

1632 1720 83 24 réalité
1737 1721 42 21 des
1799 1719 88 22 choses
1907 1724 47 22 que
1973 1719 22 20 la
2010 1717 96 28 portion

1633 1750 147 25 d’humanité
1792 1752 22 20 la
1833 1751 53 26 plus
1903 1749 128 27 mesquine
2042 1750 25 19 et
2084 1749 23 20 la

1634 1785 53 27 plus
1698 1783 72 21 laide.

1663 1812 63 21 Pour
1732 1810 116 28 quelques
1861 1815 44 15 uns
1915 1810 30 20 de
1954 1814 41 16 ces
2006 1813 102 22 person-

1634 1848 79 23 nages-
1720 1843 22 21 la
1755 1841 137 22 conviction
1903 1840 115 27 publique
2035 1839 73 21 serait

1634 1874 57 22 faite
1697 1872 16 23 à
1724 1871 160 29 l’expérience
1891 1872 43 21 des
1942 1870 164 25 évènements;

1634 1906 35 21 les
1687 1906 53 26 plus
1753 1903 61 22 naïfs
1826 1903 97 21 avaient
1933 1902 42 21 fini
1989 1908 42 21 par
2043 1907 65 16 com-

1634 1936 103 28 prendre
1750 1940 46 22 que
1813 1933 138 22 «l’Homme
1973 1933 31 21 de
2024 1933 84 21 Locar-

1634 1965 223 24 no»continuaitles
1865 1964 129 22 traditions
2003 1964 31 21 de
2043 1969 66 17 com-

1635 1997 152 29 promission'
1797 1995 143 29 inaugurées
1959 2002 42 21 par
2020 1996 88 21 certai-

1634 2035 43 15 nes
1685 2028 30 22 de
1723 2033 39 16 ses
1773 2026 336 28 prédécesseurs;qu’Herriot

1634 2058 83 22 n’était
1741 2057 71 28 qu’un
1838 2057 135 27 imposteur
1996 2057 60 22 dont
2074 2059 33 20 Te

1633 2089 105 28 système
1755 2087 133 22 d’inflation
1903 2089 94 20 occulte
2016 2089 92 21 menait

1632 2120 65 22 droit
1708 2119 14 22 à
1742 2120 23 20 la
1780 2119 95 25 faillite;
1888 2124 47 22 que
1951 2119 156 28 l’incompré-

1632 2151 101 21 hension
1743 2150 99 21 absolue
1850 2150 60 21 dont
1922 2149 56 22 P.P.
1993 2150 116 22 Painlevé

1633 2184 37 19 est
1679 2180 81 29 affligé
1771 2186 31 16 en
1815 2180 78 22 faisait
1904 2186 50 16 non
1971 2182 137 27 seuiemen_

1632 2219 32 15 un
1672 2214 51 20 être
1734 2212 108 26 ridicule,
1852 2212 61 21 mais
1924 2212 146 29 dangereux.

1660 2244 62 21 Mais
1734 2242 117 23 Poincaré
1862 2249 43 21 par
1916 2244 23 20 le
1951 2244 52 21 seul
2010 2244 57 21 effet
2076 2245 30 21 de

1632 2275 22 21 la
1666 2277 69 19 vertu
1750 2274 42 21 des
1805 2276 64 19 mots
1879 2274 133 22 continuait
2024 2274 13 22 à
2042 2275 67 27 jouir

1632 2306 29 20 de
1673 2311 25 16 sa
1705 2304 136 28 réputation
1858 2304 110 28 usurpée;
1979 2307 23 20 le
2011 2310 57 18 nom
2079 2307 30 21 de

1633 2335 117 23 Poincaré
1762 2335 93 22 associé
1864 2336 69 27 parla
1947 2336 116 23 crédulité
2075 2344 33 16 ou

1632 2368 22 20 la
1666 2367 78 22 bêtise
1759 2366 13 22 à
1784 2367 62 21 celui
1865 2366 30 22 de
1907 2367 123 22 confiance
2043 2369 66 23 avait

1632 2404 48 15 une
1691 2400 70 19 vertu
1773 2397 119 28 magique,
1917 2397 102 28 opérant
2032 2406 42 20 par
2086 2401 23 21 le

1633 2427 102 29 procédé
1750 2428 29 21 de
1789 2428 234 28 l'auto-suggestion.
2038 2429 70 24 Seuls

1632 2460 41 21 les'
1692 2460 88 26 esprits
1800 2459 111 22 habitués
1933 2459 13 22 à
1970 2466 27 15 se
2020 2463 86 21 rendre

1633 2492 96 26 compte
1751 2496 28 15 ne
1794 2496 26 16 se
1838 2491 164 22 contentaient
2013 2499 43 20 pas
2079 2494 30 21 de

1633 2523 62 20 cette
1703 2521 83 21 valeur
1794 2521 123 22 fiduciaire
1928 2524 25 19 et
1961 2523 149 24 attendaient

1634 2552 29 21 de
1676 2552 54 21 voir
1744 2557 27 16 ce
1780 2551 59 28 qu’il
1849 2558 19 22 y
1874 2553 66 21 avait
1952 2553 60 22 dans
2024 2555 22 20 le
2059 2555 51 22 cof-

1634 2582 102 22 fre-fort.

1661 2612 37 22 Or
1719 2619 32 15 un
1772 2613 83 27 public
1875 2614 29 21 de
1928 2615 54 27 plus
2003 2622 29 15 en
2055 2618 54 26 plus

1633 2646 68 20 vaste
1710 2649 141 17 commence
1860 2644 14 22 à
1882 2644 164 28 s’apercevoir
2051 2648 57 27 qu’il

1633 2674 42 29 n’y
1691 2681 13 15 a
1716 2681 43 21 pas
1770 2675 159 27 grand’chose
1940 2678 61 21 dans
2012 2679 24 21 le
2055 2679 53 22 cof-

1633 2704 95 23 fre-fort
1738 2705 31 21 de
1778 2705 174 24 Poincaré.Cet
1962 2708 99 22 homme
2071 2711 37 21 est

1633 2736 23 21 le
1666 2737 53 20 seul
1730 2736 40 27 qui
1780 2736 59 21 n’ait
1847 2743 43 20 pas
1901 2737 105 23 l’excuse
2018 2740 31 21 de
2061 2741 48 21 n’a-

1635 2767 53 20 voir
1694 2772 43 21 pas
1746 2772 40 21 pu;
1798 2766 16 22 il
1821 2768 101 26 pouvait
1930 2770 54 21 tout
1995 2770 113 28 puisqu’il

1632 2797 65 21 avait
1716 2798 36 20 les
1764 2797 154 23 décrets-lois
1933 2799 13 22 à
1958 2806 25 16 sa
2004 2802 104 27 disposi-

1633 2829 60 20 tion.
1703 2827 64 26 Quel
1774 2834 73 22 usage
1855 2835 31 16 en
1893 2830 41 22 a-il
1945 2831 56 22 fait?
2007 2832 21 22 Il
2035 2834 72 21 abou-

1632 2858 30 22 tit
1681 2858 14 22 à
1717 2864 48 15 une
1785 2860 160 23 stabilisation
1967 2862 86 23 factice
2076 2866 31 21 du

1633 2889 66 21 franc
1719 2889 41 27 qui
1776 2895 30 16 ne
1828 2891 110 22 diminue
1958 2899 31 15 en
2009 2894 52 22 rien
2084 2897 24 21 la

1633 2919 82 22 cherté
1726 2920 31 21 de
1767 2920 150 23 l’existence.
1927 2922 21 22 Il
1959 2923 119 29 équilibre
2084 2928 23 20 le

1633 2950 89 28 budget
1732 2956 43 21 par
1786 2957 33 15 un
1832 2952 102 27 procédé
1947 2955 41 26 qui
2001 2959 43 19 est-
2057 2956 14 22 à
2082 2959 23 20 la

1632 2981 84 27 portée
1727 2982 33 20 du
1771 2982 97 22 dernier
1879 2984 43 22 des
1933 2984 61 23 flics:
2007 2988 36 20 les
2050 2994 58 16 con-

1631 3012 133 22 tribuables
1773 3015 56 19 sont
1834 3013 101 23 étouffés
1944 3021 57 17 sous
2009 3018 22 21 la
2041 3025 66 20 pres-

1632 3043 55 21 sion
1700 3043 30 20 dè
1744 3042 88 23 l’écrou
1846 3044 74 27 fiscal;
1928 3047 36 21 les
1976 3048 91 22 classes
2075 3051 33 20 la-

1633 3073 124 22 borieuses
1768 3076 57 19 sont
1842 3077 86 21 tenues
1950 3077 157 26 d’entretenir

1632 3104 22 21 la
1666 3104 62 21 foule
1734 3104 173 25 .innombrable
1919 3108 42 22 des
1969 3110 137 24 mendiants

1632 3136 25 19 et
1666 3135 44 21 des
1721 3136 116 25 parasites
1849 3137 40 27 qui
1897 3140 149 23 constituent
2053 3142 54 22 l’ar-

1632 3164 54 22 mée
1712 3164 134 24 électorale.
1868 3167 31 22 Le
1922 3172 110 21 scandale
2064 3174 42 21 des

1632 3195 117 27 pensions
1761 3196 112 23 abusives
1884 3202 25 18 et
1927 3201 23 20 le
1972 3204 134 28 gaspillage

1632 3225 116 22 résultant
1760 3227 42 21 des
1813 3231 95 20 carnets
1919 3231 128 24 médicaux
2070 3237 37 20 est

1632 3257 54 26 plus
1694 3256 78 22 criard
1786 3263 47 22 que
1843 3259 93 27 jamais.

1635 3294 4 3 •
1658 3286 21 21 C
1688 3289 36 19 est
1732 3289 55 20 tout
1798 3289 63 26 juste
1870 3291 19 21 si
1899 3297 32 16 on
1940 3299 31 15 ne
1980 3300 76 23 songe
2063 3302 42 21 pas

1631 3316 14 21 à
1659 3316 67 23 créer
1738 3324 32 16 un
1779 3325 111 18 nouveau
1901 3316 129 31 ministère'
2042 3327 30 21 de
2083 3329 22 20 la

1632 3348 137 22 mendicité.

1660 3378 117 24 Poincaré
1789 3383 41 25 qui
1845 3384 77 22 aurait
1930 3391 32 21 pu
1980 3390 125 21 restaurer

1632 3409 35 21 les
1686 3409 106 23 finances
1811 3418 31 15 en
1862 3414 87 23 cédant
1967 3416 14 21 à
2006 3417 100 24 l’indus-

1631 3439 48 21 trie
1688 3440 85 26 privée
1790 3443 35 20 les
1837 3444 104 22 ruineux
1960 3451 145 25 monopoles

1633 3469 16 20 d
1656 3471 56 24 état,
1736 3472 94 21 sacrifie
1855 3479 39 16 ces
1920 3479 185 23 merveilleuses

1634 3505 138 17 ressources
1789 3508 28 14 au
1838 3507 96 24 respect
1951 3508 102 23 absurde
2073 3512 31 20 du

1633 3530 89 27 dogme
1733 3531 31 21 de
1774 3531 70 23 l’Etat
1861 3537 86 24 patron
1957 3544 5 19 ;
1985 3540 17 20 il
2011 3541 63 21 tient
2091 3541 13 22 à

1634 3565 131 17 conserver
1774 3559 36 24 ies
1819 3567 144 25 monopoles
1971 3572 25 19 et
2002 3572 56 20 tous
2067 3573 36 21 les

1635 3590 70 22 biens
1725 3591 98 23 inutiles
1833 3594 30 22 de
1871 3594 68 24 l’Etat
1958 3605 71 21 parce
2055 3608 46 21 que

1634 3621 23 20 le
1679 3621 81 22 Cartel
1779 3623 34 21 lui
1835 3629 142 22 commande
1998 3632 30 21 de
2048 3633 56 22 lais-

1634 3656 40 16 ser
1682 3651 12 21 à
1703 3658 39 15 ses
1752 3652 120 24 créatures
1879 3657 36 21 les
1920 3659 81 25 places
2005 3662 99 23 inutiles

1635 3683 24 19 et
1676 3682 36 21 les
1721 3682 134 27 prébendes
1868 3689 166 24 scandaleuses
2055 3693 50 23 Va-

1635 3717 75 15 renne
1716 3715 114 21 retourne
1838 3722 30 15 en
1876 3716 152 28 Indo-Chine
2037 3726 24 19 et
2069 3725 35 21 les

1634 3742 197 26 parlementaires
1847 3750 43 19 ont
1908 3750 64 23 leurs
1990 3755 112 26 45ooofrs.

2115 149 7 19 S
2130 141 78 23 Suant
2227 141 12 21 à
2259 143 20 20 la
2301 141 104 23 réforme
2411 145 107 34 judiciajr

2115 175 7 19 S
2130 172 167 27 Sompe-l'oeil,
2308 178 30 15 en
2361 172 43 23 fait
2424 168 146 42 decon0e’-Ce

2126 204 36 19 est
2169 203 64 20 aussi
2243 202 115 21 coûteuse
2370 209 46 21 que
2426 207 79 29 l’ancie

2125 235 91 24 tu-quo.
2507 225 12 15 n
2535 229 33 24 %

2551 177 19 18 ce

2152 262 72 21 Voici
2233 261 100 22 l’oeuvre
2343 263 30 21 de
2386 268 38 19 cet
2435 268 100 32 homme'

2126 292 160 23 Clémenceau
2310 291 134 28 définissait
2470 307 33 21 spj
2534 291 34 23 ^

2126 325 88 20 lement
2236 328 41 21 par
2296 324 62 20 cette
2372 324 108 30 boutade:

2125 360 31 15 un
2168 360 26 22 75
2202 353 61 21 dans
2273 359 46 14 une
2327 359 62 21 peau
2399 356 30 22 de
2434 359 62 29 lapin
2501 375 11 13 2,
2521 345 17 19 L
2544 353 26 22 6st

2153 383 62 22 Mais
2232 383 108 27 pendant
2356 390 47 21 que
2419 388 22 21 le
2457 398 74 23 g0Uve

2125 416 65 20 ment
2209 415 69 20 court
2290 419 49 15 aux
2355 416 108 26 trousses
2473 425 28 22 de

2126 444 95 22 Daudet
2237 446 27 19 et
2279 449 46 21 que
2338 450 45 16 nos
2398 441 136 41 parlementa
2536 441 33 22 6011

2126 473 150 24 indifférents
2285 473 14 22 à
2305 476 65 20 toute
2376 479 67 21 autre
2450 482 67 27 chose
2535 478 35 24 >s

2125 505 121 28 cupentde
2254 499 280 41 découperleursfìefSé]S
2541 502 30 18 °c'

2125 536 90 26 raux,la
2222 535 143 22 conscience
2375 539 111 30 publique
2494 528 59 42 se^
2553 535 18 16 0'

2125 567 30 21 fie
2163 567 30 21 de
2202 566 90 28 dégoût
2304 568 24 19 et
2341 567 30 20 de
2384 570 85 24 colère.
2525 559 46 22 ^°n-

2153 596 178 28 L’expérience,
2341 597 132 31 historique

2126 627 56 28 qu’il
2190 627 51 21 faut
2248 633 48 14 une
2305 626 166 30 échappatoire
2478 636 13 22 à
2495 640 20 22 la
2520 619 51 45 flri31e

2126 659 41 20 des
2181 658 146 21 sentiments
2340 661 141 26 populaires.
2492 669 18 22 B
2542 653 30 35 rc?

2127 689 109 21 craindre
2251 694 47 21 que
2309 689 24 20 le
2344 689 51 22 film
2408 691 28 22 de
2445 694 20 22 la
2476 681 97 43 SanrSt^

2127 725 25 15 se
2158 719 104 21 termine
2273 724 41 15 sur
2323 725 32 15 un
2366 719 99 28 épisode
2471 711 55 43 trao-j
2529 711 11 15 6
2549 715 24 18 ^

2291 755 69 22 Amtò
2369 756 68 24 Simô
2445 761 102 33 Franchi
2554 747 17 16 ''’

2155 849 47 21 «Je
2227 847 54 22 suis
2310 849 89 26 traqué
2424 855 148 35 actuellement

2130 888 57 16 avec
2201 881 87 22 Delest
2302 887 96 17 comme
2406 890 35 16 un
2454 890 85 27 maifait

2130 922 42 19 par
2180 916 35 21 M.
2232 915 120 27 Delange,
2365 918 138 27 contrôleur
2513 904 58 50 gé^

2130 949 36 22 rai
2187 949 45 21 des
2240 948 149 23 recherches
2399 950 16 22 à
2422 951 25 23 la
2455 954 79 28 Sûreté

2130 982 89 26 nérale,
2229 982 102 21 celui-là
2339 982 79 24 même
2430 992 44 20 que
2483 989 85 34 j’accuse

2130 1016 87 26 depuis
2226 1017 89 25 quatre
2328 1016 103 28 années,
2438 1020 85 27 devant
2528 1008 40 45 toj

2130 1052 35 19 tes
2174 1050 38 21 ies
2218 1049 170 27 juridictions,
2398 1051 92 26 d’avoir
2497 1060 73 30 trempé

2130 1083 62 22 dans
2198 1083 25 22 le
2234 1082 85 22 forfait
2330 1083 24 21 le
2366 1084 58 25 plus
2432 1086 94 33 hideux,
2538 1102 33 17 au-

2130 1116 125 27 jourd’hui
2261 1117 23 20 le
2290 1116 58 26 plus
2353 1116 108 30 évident,
2467 1122 105 34 destemps

2130 1151 139 21 modernes.
2276 1150 105 22 L’ordre
2389 1151 32 22 de
2429 1153 24 22 la
2460 1155 78 27 Sûreté
2543 1165 23 24 gé

2130 1184 83 23 nérale
2229 1186 72 24 porte
2312 1184 75 26 qu’on
2398 1185 53 23 doit
2462 1189 112 31 s’emparer

2130 1219 31 21 de
2178 1218 88 22 Delest
2282 1219 25 20 et
2319 1217 31 22 de
2365 1220 53 21 moi
2432 1227 45 19 par
2484 1225 51 24 tous
2547 1229 28 24 les

2130 1258 111 20 moyens.
2260 1251 63 22 C’est
2336 1251 24 22 le
2368 1252 79 24 même
2462 1258 67 23 ordre
2538 1268 37 20 que

2130 1292 63 21 pour
2200 1292 61 15 mon
2269 1285 40 22 fils
2319 1285 25 22 le
2352 1285 99 25 Samedi
2456 1289 31 22 24
2493 1297 82 22 novem-

2130 1320 45 22 bre
2185 1319 97 22 1923.»

2289 1352 92 19 Lettera
2388 1353 24 19 di
2420 1354 57 20 Leon
2484 1357 81 24 Daudet.

2180 1432 171 48 Êrosaca
2373 1431 166 55 Âkccina

2152 1522 65 19 Pesci
2222 1522 53 19 —Sò
2288 1527 13 13 a
2308 1522 37 18 bon
2355 1524 54 20 pattu
2419 1525 88 20 parch’elli
2516 1528 19 18 sô
2540 1529 35 20 bun-

2132 1549 57 18 danti.

2153 1574 82 19 Sarde-ne
2242 1578 12 13 e
2265 1573 99 18 sardinelle
2372 1573 18 19 si
2397 1575 84 18 vendenu
2488 1581 11 13 a
2507 1579 65 20 paDirate

2131 1605 32 18 par
2168 1600 26 18 sti
2201 1599 87 22 carrughj
2298 1603 11 13 a
2316 1600 61 16 trenta
2383 1599 48 18 soldi
2438 1605 14 12 u
2459 1601 50 19 chilô.

2152 1625 29 18 Ma
2191 1625 47 18 certi
2250 1625 92 22 piscadori
2350 1624 125 22 preferiscenu
2482 1627 68 23 lampalli
2555 1631 15 18 in

2132 1656 49 13 mare
2188 1655 22 14 ca
2214 1650 47 18 dalli
2266 1651 67 21 troppu
2341 1655 11 12 a
2356 1650 38 18 bon
2402 1652 52 21 pattu
2459 1651 11 18 !.

2153 1684 120 23 Spittaculi
2277 1694 24 3 —
2306 1684 37 18 Au
2350 1684 48 18 caffè
2404 1684 90 19 d’Aiacciu
2499 1691 9 13 e
2514 1692 10 13 a
2530 1690 38 17 ucaf-

2131 1710 107 23 fèNapuliô,
2247 1710 72 17 niusica
2328 1709 83 22 sempre!

2156 1741 7 12 a
2170 1734 177 24 L:Ajaccio-Cinema
2354 1741 8 11 »
2374 1735 25 17 ha
2407 1735 91 23 ripigliatu
2505 1742 10 13 e
2521 1742 17 14 so
2543 1744 28 18 rap-

2131 1761 128 23 prisintazioni
2266 1760 19 18 in
2294 1760 62 22 piazza
2363 1760 20 17 di
2391 1765 13 13 u
2412 1761 96 18 Diamante.

2153 1787 14 18 U
2176 1787 73 18 cinéma
2256 1786 79 22 Napuliù
2343 1785 40 19 face
2388 1790 74 18 sempre
2468 1787 45 18 belle
2518 1789 54 19 ricette.
2576 1793 3 4 '

2153 1813 16 17 A
2176 1817 13 13 u
2202 1818 10 12 «
2223 1811 65 19 Canari
2296 1817 9 12 »
2315 1811 18 18 si
2341 1811 142 23 sgambilteghia
2490 1817 47 14 came
2541 1816 32 17 mai.

2153 1846 24 19 Si
2186 1846 73 18 dice...
2273 1845 35 19 Chi
2315 1850 14 13 a
2340 1846 87 22 prugellu
2435 1845 19 18 di
2462 1846 38 18 lace
2506 1847 67 20 elettrica

2132 1877 32 18 per
2171 1877 11 13 a
2190 1872 45 18 città
2240 1871 79 18 riescerà
2327 1875 24 13 eu
2359 1875 48 18 grau
2415 1875 89 14 successu:
2511 1872 24 18 Ne
2543 1873 31 18 feli-

2132 1899 68 17 citemu
2208 1897 136 19 sinceramenle
2351 1901 12 13 a
2371 1897 63 17 nostra
2442 1897 116 22 municipalità.

2147 1932 45 20 .Nia
2198 1936 17 13 u
2226 1931 120 23 pastissu...
2354 1929 58 19 Corre
2425 1935 51 13 cume
2483 1931 49 18 fiumi
2538 1932 17 18 in
2566 1933 11 18 li

2131 1957 98 24 jârganelli
2236 1956 79 19 àiaccini
2322 1960 12 14 e
2341 1956 81 22 paisani.

2154 1989 32 18 Bei
2193 1989 33 18 chi
2234 1988 15 18 ti
2255 1988 30 18 bei
2297 1987 66 23 liquidi
2373 1987 54 18 verdi
2434 1991 10 14 e
2452 1987 60 22 liqnidi
2520 1988 48 22 giaîli.

2153 2015 16 18 A
2183 2019 58 18 panza
2253 2011 84 25 ingbnfia
2348 2017 11 13 e
2367 2013 8 17 i
2392 2013 109 17 trattamenti
2513 2018 64 14 corfenn

2132 2044 54 14 cume
2193 2045 13 12 u
2215 2039 89 23 pastissu.

2153 2066 15 18 U
2177 2070 30 13 res
2209 2066 21 17 lu
2238 2064 165 18 unriincommuda
2411 2068 22 13 ca
2440 2063 7 18 i
2453 2063 54 18 scemi
2516 2064 27 17 chi
2549 2069 31 13 cre-

2132 2091 48 19 denu
2189 2095 75 18 sempre
2268 2090 20 18 in
2297 2089 88 18 lurilevu
2392 2089 21 17 di
2418 2094 11 13 a
2433 2088 88 18 Corsica...

2154 2125 65 18 Peste
2225 2134 23 4 —
2254 2123 30 19 Sta
2298 2123 107 21 settimana,
2420 2123 19 17 in
2446 2123 71 18 Aiaeeiu
2528 2127 52 15 avare-

2133 2156 31 13 mu
2172 2149 221 24 parecchiedistrazione.

2154 2175 206 21 Uluminazione,-corse
2364 2174 22 18 di
2393 2173 93 18 barchette
2492 2178 10 13 a
2510 2174 40 17 rami
2556 2179 9 14 e
2570 2181 8 12 a

2133 2203 48 20 vêla,
2189 2202 91 18 cuncertu
2288 2201 23 17 da
2318 2205 13 13 a
2339 2199 70 18 musica
2418 2199 105 22 municipale
2530 2204 12 13 u
2547 2200 18 17 14
2570 2205 8 13 a

2133 2228 87 22 ghiornu,
2237 2227 91 17 cuncertu
2337 2225 19 17 di
2372 2224 138 18 l’Estudiantina
2520 2229 13 13 u
2543 2225 19 17 14
2571 2231 8 12 a

2134 2254 57 18 notte.

2155 2278 87 23 Ghioghi,
2252 2281 54 14 corse
2312 2277 22 17 in
2338 2277 19 17 lu
2367 2275 209 22 saccu.nuta,capinnanzi,

2134 2305 41 17 focu
2183 2303 100 19 d’artifiziu
2293 2306 38 14 ecc.
2341 2306 53 14 eec...

2155 2328 125 20 Felicitazioni
2285 2333 13 13 a
2305 2326 142 24 l’organizatori.

2155 2364 79 19 Aîrica
2238 2372 24 4 —
2269 2363 15 17 U
2299 2362 58 22 prima
2371 2360 82 18 curriere
2463 2360 19 17 di
2489 2360 76 23 l’AIgeria
2572 2361 8 17 è

2133 2391 81 17 arrivatu
2224 2389 65 18 sabatu
2296 2392 23 13 eu
2327 2387 32 23 più
2368 2387 19 17 di
2393 2385 34 18 GOO
2431 2385 149 23 passaggeri.Gume

2133 2416 60 18 Paîtra
2205 2415 32 18 vol
2238 2416 20 17 ta
2266 2418 38 14 una
2311 2413 48 17 bona
2367 2412 69 17 duzena
2445 2411 110 18 d’africanisi
2565 2411 15 17 sô

2133 2441 75 22 piantali
2219 2445 37 13 una
2268 2439 67 19 stonda
2342 2438 20 17 in
2370 2437 81 18 Aiacciu.
2462 2436 60 18 L’altri
2528 2436 28 18 o83
2565 2436 15 17 sô

2133 2466 90 24 scappatli
2230 2466 20 17 in
2255 2465 56 18 îretta
2318 2468 12 13 a
2340 2468 13 13 u
2362 2467 57 18 paese
2424 2467 32 18 per
2463 2467 54 17 paura
2521 2462 17 17 di
2543 2466 9 13 e
2555 2461 24 18 fu-

2133 2492 85 18 cilatedi’
2227 2490 58 19 nostri
2295 2488 108 23 osteriaghj.

2154 2518 56 18 Forsa
2218 2515 143 20 cumenciaranu
2369 2519 12 12 a
2389 2514 58 17 mette
2455 2517 24 13 un
2487 2512 65 23 pocu-di
2558 2511 22 23 ju-

2133 2543 49 18 diziu
2187 2543 46 18 tutti
2242 2539 112 21 sVAlandon.

2155 2568 62 22 Forsa,
2232 2567 50 21 dinò,
2298 2564 107 20 rifliteranu
2413 2564 50 22 dipiù
2473 2563 8 18 i
2491 2563 64 22 patroni
2565 2562 14 17 di

2133 2593 99 19 risturanli
2244 2598 12 13 e
2264 2591 86 21 d’hôtels,
2367 2595 11 13 e
2387 2590 84 17 calaranu
2485 2589 7 17 i
2502 2593 20 13 so
2535 2586 44 24 prezzi

2132 2619 109 18 scandalosi.

2154 2652 17 19 Ü
2182 2650 148 25 chiappacani
2337 2659 22 4 —
2364 2649 54 23 Dipoi
2430 2654 36 13 una
2479 2647 82 20 sittimana
2570 2649 8 12 a

2132 2678 129 23 munieipaliià
2276 2678 19 18 ci
2306 2678 96 17 sbarrazza
2411 2685 23 4 —
2444 2679 22 14 eu
2481 2673 60 18 l’aiuta
2547 2672 10 17 d
2561 2674 19 13 ur

2132 2704 73 17 vaiente
2222 2703 120 22 chiappacani
2349 2712 23 3 —
2378 2702 21 17 di
2407 2700 51 20 lutt’x
2464 2699 44 21 cani,
2516 2695 62 24 cagnoli,

2132 2728 74 19 hracchi
2222 2733 11 13 e
2246 2728 115 23 ghiacaracci
2375 2727 32 19 chi
2421 2726 83 22 empienu
2516 2723 7 17 i
2535 2722 45 18 nostri

2132 2754 87 22 carrughi
2227 2759 11 13 e
2242 2754 20 18 ci
2268 2754 66 22 îannu,
2343 2754 20 18 di
2370 2752 51 19 notti
2426 2756 10 13 e
2441 2752 20 17 di
2467 2749 51 24 jorhu
2528 2746 51 19 cianta-

2132 2783 21 14 re
2160 2784 12 13 a
2179 2779 33 22 più
2218 2780 56 22 pudè.

2153 2805 95 22 Malgradu
2264 2810 10 13 a
2281 2805 88 23 simpatià
2379 2804 41 18 che-
2428 2803 24 18 nô
2459 2804 63 16 avenra
2534 2800 26 20 per
2569 2799 8 30 ^

2131 2830 50 22 jente
2194 2830 83 22 jacarina
2290 2836 26 13 un
2324 2831 115 22 -cipudemu
2453 2826 65 23 impedi
2531 2824 15 18 di
2552 2823 24 16 di-

2132 2855 59 19 bravu
2197 2855 5 18 !
2210 2861 13 13 a
2231 2861 13 13 n
2250 2856 125 23 chiappacani.

2152 2889 38 18 Ma
2206 2890 23 18 ci
2236 2890 121 18 vurebbe...
2372 2894 27 13 un
2411 2890 50 17 altru
2468 2891 42 14 omu
2521 2880 56 21 vaiente

2131 2915 24 21 pà
2161 2916 86 17 seuzzulà
2258 2921 11 12 a
2279 2920 63 14 massa
2350 2916 20 17 di
2381 2914 69 19 sinnati
2458 2914 23 17 da
2493 2910 54 19 Ciistu
2555 2910 9 13 c

2131 2940 18 18 si
2161 2940 67 18 ridenu
2236 2941 21 18 di
2264 2946 11 13 a
2282 2941 119 22 scimughine
2410 2939 51 18 d’uni
2467 2935 55 25 pochi,
2530 2933 16 18 di
2551 2932 25 17 dis-

2131 2966 83 22 graziati.
2537 2984 5 4 .

2153 2991 55 18 Tutta
2212 2992 20 17 la
2241 2998 9 11 «
2258 2992 75 18 racailla
2340 2998 8 12 »
2358 2992 21 17 di
2387 2992 8 17 i
2403 2994 55 15 senza
2469 2984 88 23 travaglin.

2131 3016 8 17 i
2146 3016 83 22 jucadori
2236 3018 21 17 di
2265 3019 56 20 carte,
2330 3018 20 17 di
2357 3018 8 17 i
2371 3016 73 23 briagbi
2457 3014 18 18 di
2482 3011 75 25 pastissu,

2134 3041 8 17 i
2148 3042 107 22 pensiunati
2270 3048 11 12 a
2289 3043 34 18 100
2329 3042 32 24 O/o
2369 3047 33 18 per
2417 3045 41 15 esse
2464 3038 43 19 stati
2513 3034 43 20 feriü
2561 3035 9 13 a

2130 3067 96 22 Aspreltu,
2242 3068 31 18 chi
2281 3069 128 22 quand’ell’un
2418 3071 46 14 sanu
2473 3066 51 16 cume
2532 3061 30 16 tu»

2130 3096 14 13 u
2154 3093 63 22 tempu
2226 3094 16 17 si
2247 3098 92 18 spassanu
2344 3099 11 13 a
2364 3094 19 17 fà
2394 3093 54 18 vultà
2456 3091 17 18 di
2484 3092 43 18 eapu
2533 3087 28 20 qt»

2130 3118 41 17 c’un
2179 3118 52 18 hanu
2236 3119 59 18 mezzi
2303 3120 19 17 di
2328 3119 47 18 fassi
2383 3119 20 17 fà
2411 3116 92 25 ghiutizxa.

2152 3142 51 19 Saria
2211 3149 28 13 un
2247 3146 99 17 sant’omu.
2353 3145 69 22 questu
2427 3142 5 18 !

2152 3179 85 19 L’altru
2249 3181 89 23 jornu..,
2354 3186 13 13 a
2374 3180 69 23 pulizia
2457 3179 23 17 ha
2487 3175 46 18 fattu
2543 3167 36 21 vede

2130 3205 139 19 ch’ell’unn’era
2274 3208 61 17 morla
2345 3205 118 19 trascinendu
2471 3206 26 14 un
2504 3197 74 20 «Mansiu-

2130 3230 21 17 in
2156 3230 74 18 drentu.
2565 3241 15 17 di

2151 3255 88 23 Parecchj
2247 3257 18 17 si
2272 3258 21 17 sò
2299 3257 54 18 livati
2361 3257 67 18 contru
2436 3254 49 19 certe
2493 3249 66 20 manere

2130 3281 79 21 prueede
2217 3282 24 17 d’i
2249 3283 62 17 nostri
2317 3282 70 23 agenti.
2403 3301 4 3 .
2524 3299 6 3 .
2545 3300 5 5 .
2569 3295 10 13 n

2151 3305 21 18 Ci
2179 3306 45 18 vole
2231 3311 11 13 a
2249 3307 20 18 di
2277 3308 32 17 chi
2316 3313 14 12 u
2338 3313 9 11 «
2351 3307 74 18 Mansiù
2429 3312 8 11 »
2453 3305 11 17 è
2479 3306 24 14 un
2513 3301 11 20 g
2524 3301 23 14 10'

2130 3330 19 18 di
2156 3331 50 18 bona
2215 3331 84 24 famiglia
2304 3338 5 17 ;
2316 3338 27 12 un
2350 3331 111 24 giuvanotlu
2468 3328 47 18 riccu
2521 3323 23 18 !—

2152 3355 30 19 C’è
2189 3361 11 13 a
2208 3359 112 17 seummette
2328 3358 31 18 chi
2368 3357 79 18 s’ell’era
2455 3354 47 18 statu

2130 3381 48 18 so’eu
2187 3386 27 13 un
2223 3382 16 18 si
2254 3388 23 13 ne
2285 3384 51 17 saria
2344 3387 67 14 mancu
2422 3380 88 24 parlatu--
2518 3378 10 13 e

2130 3406 17 17 si
2154 3406 47 18 saria
2209 3409 132 17 scummudatu
2348 3413 34 17 per
2389 3407 48 18 andà
2444 3411 11 13 a
2465 3402 47 25 parla
2518 3403 13 13 u

2130 3432 93 17 missariu.
2521 3453 7 4 _
2570 3444 8 13 a

2151 3456 38 21 Que
2197 3462 27 12 un
2232 3458 43 18 vole
2282 3458 60 18 micca
2348 3458 21 18 di
2380 3458 35 18 che
2423 3456 31 18 noi
2461 3452 75 24 appraVe

2130 3481 48 17 forza
2186 3482 87 18 bruttale.
2286 3483 34 21 No,
2329 3483 106 18 vulariamu
2447 3475 99 25 simpJicialB

2130 3506 85 18 ch’ell’un
2224 3508 17 17 ei
2249 3508 27 18 sia
2282 3509 34 17 dui
2324 3508 41 23 pesi
2373 3513 11 13 e
2390 3508 37 17 due
2432 3506 73 18 misure.
2511 3525 7 4 _
2527 3522 5 13 f
2569 3513 8 18 -e

2150 3532 15 17 A
2173 3532 74 23 priggiô
2256 3534 57 17 unn’è
2320 3534 48 17 fatta
2376 3538 24 17 pa
2407 3533 9 17 i
2423 3531 46 20 cani,
2478 3528 18 18 si
2502 3525 19 19 sà
2526 3536 6 4 -

2130 3556 44 18 fatta
2182 3561 23 18 pa
2213 3558 8 16 i
2230 3558 65 22 ricchi,
2304 3563 53 13 cume
2365 3563 25 17 pa
2397 3558 7 17 i
2416 3554 68 25 poveri.

2151 3581 49 18 Eus
2206 3583 74 18 mansiù
2286 3589 12 12 »
2306 3584 32 17 chi
2345 3588 65 13 manca
2415 3582 19 18 di
2442 3577 74 25 rispettu
2523 3577 11 12 a
2539 3575 9 16 q
2561 3590 15 17 ^

2130 3606 13 17 li
2156 3607 29 17 chi
2202 3607 23 18 sô
2237 3608 97 18 incaricati
2342 3609 19 17 di
2369 3608 78 18 l’ordine
2460 3605 44 17 deve

2130 3631 65 18 drentu
2204 3633 24 16 ed
2236 3637 42 14 esse
2286 3634 119 18 cundannalu
2414 3635 52 15 cume
2472 3626 39 20 Sizè
2518 3628 13 12 u
2539 3647 16 13 ^

2130 3656 86 22 naghiolu
2225 3659 125 20 quand’ell’un
2359 3659 24 21 pô
2391 3658 46 22 pagà
2444 3660 26 13 un
2477 3653 99 31 PrU5ie=“rlJj.

2149 3681 106 19 D’altronde
2263 3685 112 16 unn’avemu
2381 3688 11 13 a
2399 3677 102 23 lamintacci
2505 3675 17 17 di

2130 3706 49 17 lalità
2196 3707 29 17 d’i
2240 3709 128 22 nostr’agenti,
2383 3708 31 18 chi
2430 3705 32 23 più
2477 3702 52 18 d'una

2130 3730 93 18 l’Aiaccini
2231 3732 65 19 l’hanu
2303 3734 58 21 jncati
2369 3739 12 12 a
2389 3738 13 12 u
2412 3731 58 18 trenta
2478 3728 47 16 fre--

2369 3766 19 19 U
2394 3765 65 19 Jattu
2465 3753 93 27 Pinnnta-
