2592 3900
167 169 153 73 Un
357 169 115 69 sò
505 183 115 51 ca
653 159 317 73 Fiori...

125 305 20 32 È
158 318 65 18 cosa
239 310 90 33 capìta
337 315 6 17 :
361 315 15 17 o
390 306 82 34 gridà
482 313 15 17 a
509 305 52 24 bu-

92 350 99 26 cialera
210 357 20 17 u
243 356 30 17 so
286 353 89 19 amore
390 347 36 32 pè
440 352 17 16 a
470 342 92 26 Patria

92 389 28 25 di
137 387 88 26 Sarail
246 394 16 17 e
282 385 29 25 di
323 384 135 33 Lyautey,
476 381 86 25 aban-

93 427 75 25 dunà
180 424 69 35 ogni
259 424 87 24 branu
366 421 28 25 di
416 418 93 27 ciochi
521 418 40 25 fa-

93 473 30 17 ce
141 473 16 16 a
179 459 257 35 nostPoriginalità,
462 457 61 26 lacà
546 464 16 17 a

92 502 117 26 fiumara
218 500 31 26 di
256 508 22 17 u
288 497 179 27 francisismu
481 497 81 23 stras=

93 542 62 25 cinà
172 547 86 18 cnme
276 536 68 27 sassi
363 533 169 27 attunduliti
551 531 12 26 i

92 578 76 35 pezzi
176 577 31 26 di
214 575 117 27 Panima
338 581 86 23 corsa,
436 571 127 26 cufrom-

92 618 39 25 bu
138 615 155 28 maladisce
305 612 157 27 cioch’òmu
474 610 89 25 duva-

92 656 41 26 ria
154 654 110 30 binadì,
277 653 69 25 vede
368 651 70 25 d’un
462 648 100 26 occbiu

92 694 111 34 gioiosu
212 692 84 25 l’osse
307 689 110 26 isulane
432 693 131 28 spaperse

92 740 49 27 par
160 739 35 18 su
210 729 109 27 mondu
342 735 16 17 a
376 724 141 28 Pazzardu
533 723 30 26 di

92 777 98 28 guerre
218 767 87 27 cïfiun
332 766 25 25 ci
387 763 175 35 riguardanu

93 815 102 20 mancu
208 803 219 35 d'un’unghia...
441 811 16 16 o
466 800 97 28 vedesi

93 847 119 33 intuppà
233 845 36 24 da
303 842 48 26 dui
381 841 93 31 sbirri,
488 850 7 4 -
503 847 60 18 esse

92 884 117 35 lampati
236 883 33 25 in
293 888 105 19 carcere
425 879 51 34 pôi
490 885 74 23 .esse

93 922 88 28 mozzi
196 921 38 26 da
243 920 114 27 Deibler
369 927 15 17 o
399 917 77 26 andà
487 925 16 16 a
514 925 48 26 po-

92 970 38 18 ne
142 961 116 26 carrube
270 959 31 25 in
312 958 80 26 Nòva
399 955 162 28 Calidonia.

95 1002 6 22 ;
125 993 155 27 Accidente
292 992 5 24 !
312 991 47 26 Ma
365 993 42 23 ste
419 988 145 27 cundizio-

97 1032 140 27 neclfielli
250 1031 26 25 ci
283 1030 104 26 vòlenu
400 1027 164 36 imponetre

94 1081 15 17 o
119 1074 114 32 quattru
240 1067 157 28 mannarini
409 1067 30 26 di
452 1066 111 26 trôvula

93 1109 148 36 pariggina
254 1116 39 17 un
313 1109 29 24 sò
366 1106 35 26 da
413 1105 102 26 accittà
527 1104 36 25 da

91 1150 75 33 jente
176 1148 47 25 chi
236 1150 64 23 tene
311 1146 48 35 più
369 1154 16 16 a
394 1153 20 17 u
427 1153 32 17 so
479 1151 84 18 onore

94 1197 30 16 ca
137 1187 155 26 a’brinnata
304 1184 242 26 Mariannonesca.

126 1227 24 25 A
167 1225 50 26 noi
230 1224 64 26 altri
311 1223 27 26 di
354 1231 19 17 u
392 1222 115 26 razzinu
522 1230 40 17 un

94 1266 23 25 ci
131 1265 86 34 garba
234 1263 29 26 di
276 1262 102 35 sguillà
390 1269 84 18 cume
487 1269 15 17 e
520 1261 44 25 lu-

93 1304 97 26 mache
204 1302 48 26 chi
264 1301 153 34 l’asciugna
427 1300 30 26 di
472 1308 20 17 u
507 1307 56 18 ser-

95 1343 116 26 vilismu
228 1349 41 17 un
287 1340 59 25 c’ha
362 1347 74 18 ancu
458 1341 73 23 untu
544 1347 19 17 u

92 1381 130 26 billicü.,.

127 1414 52 26 Per
191 1413 45 26 ciò
246 1412 186 26 cuntinuemu
449 1419 15 16 e
474 1410 90 26 e-unti-

93 1461 138 18 nuaremu
253 1460 17 17 a
292 1450 78 35 gridà
382 1449 70 26 urbi
462 1451 29 24 et
501 1449 64 25 orbi

94 1492 45 26 chi
146 1501 16 16 a
174 1491 116 26 Corsica
301 1498 46 18 eu
357 1489 53 35 più
418 1488 107 27 xiiiseru
535 1488 29 26 di

94 1540 16 17 e
115 1530 135 27 cuntrade
260 1529 27 26 di
294 1529 133 34 l’Auropa
432 1537 7 23 ;
451 1527 46 26 chi
506 1536 58 17 una

92 1570 123 26 vuluntà
231 1571 106 28 tenace,
349 1569 36 32 pè
397 1575 21 18 u
428 1567 55 34 piu
494 1574 70 27 gran

93 1607 107 36 prufitu
212 1608 31 26 di
256 1615 111 26 upaese
375 1606 48 26 chi
435 1614 18 17 a
460 1608 65 23 tene
532 1605 32 26 in

93 1648 109 31 tutella,
209 1655 17 17 a
235 1647 99 34 spolpa
347 1654 84 17 senza
443 1645 84 34 pietà.

125 1686 87 26 Tutt’i
217 1685 99 27 vittuli
324 1685 28 25 di
359 1684 98 30 l’i^ula
465 1692 16 17 e
487 1684 76 25 tutt’i

92 1725 144 34 puliziotti
256 1724 98 26 d’ôltre
374 1731 81 18 mare
474 1731 42 17 un
536 1723 27 26 ci

93 1764 98 26 faranu
203 1763 93 26 ïnicca
305 1763 77 25 crede
395 1762 57 26 ch’i
468 1762 95 35 proni=

92 1803 59 35 po'ti
163 1803 30 26 di
207 1801 214 33 Sambucucciu,
436 1801 66 26 sôlu
510 1809 53 28 per

94 1850 76 18 amor
184 1842 31 25 di
231 1842 87 31 Parte,
332 1849 118 18 corxenu
473 1840 36 26 ad
520 1848 42 17 as-

94 1882 51 25 suà
158 1889 37 17 eu
204 1889 43 17 un
256 1888 106 27 sangue
370 1888 68 17 caru
451 1880 11 25 i
474 1879 89 35 sciap-

92 1919 241 35 palimarucchini
347 1927 15 17 e
378 1919 11 25 i
402 1918 104 27 deserti
523 1918 39 26 si-

92 1958 81 32 riani,
189 1967 17 17 e
218 1967 42 17 un
270 1958 147 34 pudaranu
424 1966 39 17 ne
474 1965 87 18 menu

92 1997 166 34 persuadeci
273 1996 45 26 chi
334 2005 15 16 e
363 2003 126 19 mamme
509 2004 15 17 e
546 2004 15 17 e

94 2044 84 27 spose.
186 2043 78 19 corse
275 2035 143 26 mandanu
427 2034 106 35 fìgliòli
545 2043 16 17 e

93 2075 92 25 mariti
196 2083 18 17 a
227 2075 10 25 i
253 2074 111 26 macelli
380 2074 181 35 imperialisti

93 2121 48 27 per
172 2114 98 25 brama
296 2113 28 26 di
351 2113 92 34 glòria
475 2121 16 17 o
512 2121 49 26 per

93 2152 115 35 prufitu.

127 2186 59 26 No!
212 2186 65 27 Una
299 2186 103 34 tragica
422 2185 139 26 nécessité

94 2228 87 31 punta
200 2225 91 34 quelli
304 2225 159 34 disgraziati
477 2232 83 18 versu

94 2264 9 25 i
116 2264 90 34 campi
220 2264 28 25 di
267 2272 16 17 a
295 2267 94 22 morte.

125 2297 25 26 A
163 2300 133 26 sursente
306 2298 126 25 naturale
441 2297 45 26 chi
506 2297 56 26 dis-

95 2336 87 26 sitava
201 2345 16 16 e
241 2336 182 34 generazione
439 2336 120 31 isulane,

94 2377 143 32 attagnata
249 2375 36 25 da
298 2383 57 17 una
367 2383 89 17 manu
468 2375 94 25 ineso-

93 2414 96 31 rabile,
198 2422 20 17 u
229 2422 87 18 cornu
330 2413 29 26 di
374 2422 17 17 a
409 2414 153 27 bundanza

94 2453 135 31 nustrale,
245 2452 108 26 biutatu
374 2454 67 24 c’un
457 2453 105 25 accani-

95 2494 95 22 mentu
206 2491 90 26 feroce
312 2499 38 17 un
370 2493 79 32 pònu
465 2492 50 34 più
535 2491 27 26 fà

95 2530 63 25 bive
170 2538 16 17 a
210 2530 107 26 nisunù
327 2539 6 22 ;
357 2531 100 31 allòra,
472 2531 9 25 i
492 2531 69 25 belli

95 2568 152 27 falchittini
256 2569 99 25 cirnesi
368 2569 24 26 si
406 2570 125 25 barcanu
553 2570 8 25 i

95 2607 68 26 mari
187 2607 185 35 cutighiendu
395 2617 20 17 u
435 2609 127 25 buccone

95 2645 44 26 chi
153 2646 35 26 Pè
199 2649 75 23 statu
287 2647 37 25 toi
328 2650 29 22 tu
370 2647 110 26 dacasa
492 2648 68 24 sôia.

129 2678 47 26 Stu
194 2680 146 34 spalluzzu
354 2680 151 32 custrintu,
516 2683 46 23 stu

96 2717 161 27 cuntinüvu
277 2718 183 35 sfragueghiu
491 2719 73 26 c’ha-

95 2764 40 17 nu
156 2756 174 26 adduluratu
347 2765 21 17 u
402 2760 76 24 còre.
491 2757 72 26 Emu

96 2802 78 18 cercu
186 2803 22 17 u
220 2795 193 27 contravilemi
426 2797 87 25 d’ùna
523 2799 41 23 ta-

95 2832 26 25 ie
132 2833 217 26 intussicazione
368 2840 16 19 e
400 2835 90 26 Pemù
507 2837 57 24 trô-

94 2879 38 18 vu
141 2879 6 16 :
162 2871 194 27 Vauionomia.

128 2904 13 25 I
149 2906 92 25 nostri
250 2906 141 33 pruggetti
411 2907 106 34 esposti
527 2915 35 18 eu

94 2942 73 26 bònà
178 2943 65 26 fede
255 2952 16 18 e
281 2944 164 27 franchezza
463 2948 33 23 sò
510 2946 52 25 tali

95 2980 53 32 chi,
158 2982 150 26 lasciendu
318 2991 20 17 u
349 2986 76 23 statu
443 2992 58 26 quo
509 2986 54 23 ter=

94 3019 132 33 ritoriale,
240 3029 43 17 un
294 3022 170 26 sJattaccanu
478 3022 52 26 che
545 3031 17 17 a

94 3058 82 33 punti
186 3059 141 33 spirituali
342 3067 16 18 o
369 3061 168 25 economici.

127 3091 26 25 U
166 3091 116 26 schéma
291 3092 45 25 chi
345 3093 98 26 n’emu
455 3094 107 34 lampa-

95 3132 31 22 tu
137 3133 93 22 nantu
239 3139 17 16 a
268 3133 73 22 carta
356 3139 41 18 un
409 3135 127 31 trapassa
550 3133 11 24 i

94 3166 84 27 limiti
190 3168 88 35 legali
295 3177 16 16 e
328 3177 39 18 un
377 3170 122 35 bisogna
507 3179 17 16 a
534 3170 28 26 fà

95 3205 78 25 crede
185 3207 111 25 ch’ell’è
304 3215 47 25 per
360 3208 203 35 simplicepru-

93 3243 108 27 denzae
212 3249 51 30 pér
270 3245 140 27 desideriu
422 3247 31 25 di
462 3249 100 23 scanzà

94 3282 65 32 ogni
182 3283 161 26 interventu
355 3285 205 32 guvernativu;

94 3321 45 29 nô,
151 3328 52 25 par
204 3321 47 25 chi
259 3322 134 27 avanti.di
403 3323 159 34 raggiugne

95 3357 87 26 simili
194 3358 112 26 cunfini
317 3367 17 17 a
343 3361 128 25 marchia
489 3362 73 24 saria

94 3396 83 33 longa
189 3399 155 23 attraversu
364 3406 15 17 e
396 3399 124 33 piamire
532 3399 30 25 di

94 3442 20 16 u
123 3433 88 27 drittu
226 3443 16 17 e
254 3443 15 17 e
287 3435 125 27 macchie
422 3437 70 25 folte
504 3437 30 25 di
546 3445 16 17 e

95 3473 91 33 legge-

127 3505 13 26 I
150 3506 68 26 boia
236 3506 47 26 chi
294 3506 138 26 alzavanu
448 3507 114 34 adighxà

94 3553 15 16 a
131 3544 79 34 piòla
235 3547 94 32 togata
345 3545 35 25 da
401 3546 161 25 minaccine

95 3583 105 34 d’occhj
209 3584 33 26 in
253 3584 88 25 fronte
356 3586 79 32 pônu
456 3584 106 26 disten-

95 3622 33 25 de
135 3622 11 25 i
158 3631 31 17 so
196 3623 84 26 narbi
296 3630 15 17 e
318 3623 90 34 piglià
418 3632 23 17 u
456 3631 31 18 so
499 3631 64 26 par-

94 3661 54 25 titu
168 3661 73 26 d’un
257 3661 97 27 vedeci
371 3664 104 24 ancòra
494 3662 68 25 stesi

94 3702 90 23 nantu
196 3708 17 18 a
222 3703 70 28 rota,
307 3701 136 33 squartati
450 3705 42 21 tra
511 3700 51 26 dui

94 3738 70 26 rami
173 3747 17 17 o
203 3738 95 27 seduti
308 3739 95 25 nant’a
416 3747 44 18 un
467 3747 56 26 agu
533 3739 30 25 di

587 305 41 23 tre
642 301 101 34 palmi.

621 340 14 25 I
655 338 129 27 sfittatori
808 337 30 25 di
858 335 102 35 capelli
979 334 79 26 hanu

587 375 80 29 beilu
678 377 52 25 clie
745 385 16 16 a
781 376 112 25 chiamà
916 374 144 26 a’riscossa

587 416 68 25 tutti
666 414 181 35 l’argumenti
860 414 29 25 di
901 421 16 17 a
926 411 134 27 soffistica

589 463 16 16 a
616 454 53 34 più
692 452 192 31 tendenziosa,
895 460 16 16 a
932 451 53 34 più
1005 450 54 26 cri-

588 492 118 31 minale,
717 500 41 17 un
778 490 26 26 ci
824 490 100 25 faranu
948 489 59 25 mai
1030 488 29 25 di

589 530 110 27 ciocchi
706 531 88 24 noJun
803 536 104 19 avemu
920 528 55 25 mai
1000 527 60 25 det-

588 572 42 29 tu,
643 578 44 16 un
695 569 99 25 faranu
805 567 61 26 mai
878 575 16 17 a
904 568 89 32 pròva
1013 565 46 26 chi

588 614 151 20 no'avemu
754 606 99 27 scrittu
866 605 91 26 ciochi
968 613 38 18 no
1019 613 41 17 un

589 655 105 18 avemu
705 646 57 25 mai
774 645 86 25 scittu
867 645 6 24 !

622 685 22 25 E
653 684 95 26 ch’elli
755 683 113 34 sapjnu,
879 682 103 33 espie,i
992 680 68 35 jlosi

589 723 35 26 ei
631 722 151 32 brutti,chi
801 729 39 18 no
861 729 81 18 semu
951 727 109 27 sempre

589 762 66 25 stati
671 760 139 27 muderati
834 760 31 25 di
884 761 95 24 nostra
996 767 65 26 pro-

588 801 63 34 pria
661 801 132 25 vuluntà.
806 799 14 26 I
828 799 90 26 nostri
936 797 122 35 disegni,

590 840 88 25 Pemu
688 839 102 34 esposti
808 838 151 26 abastanza
983 836 78 26 chia-

588 880 128 25 ramente
727 885 83 18 senza
825 877 49 25 chi
885 885 16 16 e
923 879 137 23 sunnâm-

588 918 69 26 bule
669 917 86 25 d’una
766 918 111 33 stampa
891 914 171 36 puzzulente

588 964 136 27 venganu
734 964 16 17 a
760 958 97 23 traene
870 954 101 35 doppie
983 962 16 17 e
1011 953 51 26 tri-

588 995 77 35 plice
678 994 196 26 cunclusione.

623 1033 30 27 Si
677 1042 20 17 u
717 1035 98 24 nostru
839 1032 116 35 pinseru
989 1031 72 26 fussi

590 1073 129 26 sbarsatu
740 1072 35 25 da
805 1080 15 17 e
843 1071 119 26 colonne
998 1070 29 26 di
1051 1070 9 25 i

589 1112 90 26 nostri
693 1111 96 32 scritti,
801 1110 25 26 si
838 1110 136 35 rapacinu
987 1109 10 26 i
1007 1112 53 22 tra=

589 1151 73 26 ditor
675 1151 30 25 di
717 1150 96 35 patria,
828 1148 97 36 parchi
940 1148 122 26 n'avari-

589 1199 45 17 ant
637 1199 19 17 u
669 1192 120 32 pussutu
806 1189 29 25 fà
847 1197 41 17 un
907 1188 27 25 la
938 1195 35 18 vu
998 1187 64 26 fun-

589 1230 72 25 dutu
675 1229 36 25 da
723 1227 149 35 annigalli,
884 1235 15 17 e
911 1226 43 26 cio
978 1234 84 18 senza

590 1269 87 25 nisun
696 1267 135 35 curaggiu
851 1265 95 36 parchi
962 1274 19 17 u
994 1265 68 26 drit-

590 1313 30 20 tu
640 1307 28 26 di
694 1307 88 26 scrive
794 1308 16 23 è
831 1305 144 26 un’antica
992 1313 70 17 cun-

591 1346 96 35 quista
699 1354 15 17 e
724 1344 139 27 l’orizonti
875 1344 29 29 di
917 1351 15 18 e
951 1344 111 25 lavura-

590 1388 28 24 te
633 1385 27 26 di
673 1393 17 17 a
702 1384 86 26 teoria
797 1382 113 27 sfidanu
926 1381 102 27 l'occhi
1038 1381 24 26 Â

589 1425 53 35 più
653 1423 86 26 acuti.

625 1463 36 27 Sô
674 1463 70 25 aiini
756 1471 15 17 e
780 1462 71 26 anni
863 1461 46 26 chi
923 1460 11 26 i
958 1460 104 35 spicca-

591 1503 51 27 dor
654 1502 32 26 di
698 1502 82 25 stelle
786 1509 16 18 e
811 1501 11 26 i
833 1499 130 37 piscador
975 1499 30 26 di
1015 1499 47 26 lu-

590 1551 38 18 na
641 1542 104 25 c'hanu
756 1541 72 25 fattu
841 1549 16 16 e
869 1539 121 35 capriôle
1003 1547 59 17 sen-

590 1591 32 17 za
631 1581 49 26 chi
685 1590 23 16 -u
719 1580 125 35 padrone
850 1578 76 27 abbii
932 1578 60 26 mai
1000 1578 62 35 pin-

590 1623 63 24 satu
666 1629 18 16 a
693 1620 111 25 chiamà
814 1618 11 27 i
834 1617 157 36 gendarmi.

622 1655 46 26 Né
677 1654 98 26 l’annu
784 1660 63 27 1925
862 1651 29 26 di
900 1650 162 33 Cristu,dô-

588 1702 39 26 pu
639 1702 17 17 a
666 1693 106 35 grande
784 1695 112 31 stragge
905 1690 68 26 fatta
980 1699 18 17 a
1008 1697 54 19 no-

588 1728 89 31 me’di
689 1740 20 18 u
722 1732 84 26 drittu
820 1739 16 18 e
848 1730 57 26 diu
916 1729 144 35 prinçipiu

589 1772 29 26 di
630 1780 16 17 e
657 1771 182 26 nazionalità!
911 1768 149 27 U’affannu

589 1811 37 26 d’i
633 1809 171 28 diminticati
816 1809 26 26 si
850 1811 37 33 pò
899 1809 109 34 spannà
1023 1808 37 25 li-

587 1850 163 27 beramente
756 1849 31 26 in
793 1849 143 34 suspiru,a
946 1847 114 27 vittima

587 1892 37 33 pò
637 1890 74 25 lintà
723 1897 16 17 a
750 1897 31 17 so
793 1888 116 26 ardente
916 1887 141 34 prighera,

588 1929 79 26 strità
688 1937 17 16 a
721 1936 30 17 so
763 1927 142 34 angoscia,
927 1934 25 24 e,
976 1928 83 24 tantu

588 1968 47 25 chi
647 1976 15 17 e
675 1966 100 35 grinfie
787 1975 42 17 un
853 1966 24 26 si
896 1965 113 26 ficcanu
1028 1965 32 25 in

587 2007 68 25 lòcu
677 2006 36 25 da
733 2005 161 35 Padisperu,
907 2003 89 26 nisun
1007 2011 53 27 pu-

586 2048 58 23 tere
662 2053 43 18 un
732 2045 23 25 si
773 2046 36 33 pò
838 2051 110 28 oppone
975 2051 17 18 a
1018 2043 41 25 tal

586 2084 91 34 lagni.

620 2118 79 34 Epò,
713 2125 86 19 cumu
814 2116 98 27 vulete
932 2115 47 26 chi
997 2115 63 26 Ma-

587 2157 111 32 rianna,
722 2165 16 17 a
752 2156 118 26 liberale
898 2155 162 26 Marianno-

586 2197 108 31 na,.sia
713 2196 51 35 più
785 2195 108 35 gattiva
916 2202 32 18 ca
968 2194 91 35 quelli

588 2235 132 26 ch’elhha
732 2235 144 26 chiamatu
886 2233 104 26 tirani?

621 2269 22 26 E
651 2271 80 24 votre
739 2267 227 28 ricriminâzione
974 2275 42 18 un
1028 2269 31 23 sô

587 2307 64 27 fiori
664 2310 212 33 apparagunate
887 2316 17 17 a
915 2310 85 23 centu
1013 2306 46 26 chi

588 2347 103 26 l’hanu
701 2347 167 35 preceduta?

622 2380 114 26 Eccuiie
741 2389 58 17 una
806 2380 44 26 fra
857 2383 78 23 tante
943 2379 47 27 chi
1001 2379 59 26 farà

589 2428 90 26 spone
690 2428 21 17 u
734 2419 127 26 cutesciu
873 2419 122 26 lustratu
1018 2426 17 20 a
1049 2417 11 26 i

589 2459 94 26 bicchi
693 2459 80 25 morti
784 2458 276 35 chicivôlenupurtà

588 2507 17 16 a
617 2507 18 16 u
652 2497 150 26 cimiteriu.

623 2531 137 31 L’autore,
774 2533 16 23 ò
808 2531 99 26 vittuli
924 2530 29 26 di
971 2539 20 17 u
1014 2539 46 17 me

589 2570 155 35 disprezzu!
758 2570 56 25 l’ha
836 2572 114 32 espôsta'
970 2569 31 26 in
1020 2578 40 17 un

588 2610 162 25 volumettu
767 2612 142 31 stampatu
928 2608 31 26 in
986 2608 73 31 1862,

589 2651 81 23 sott'a
689 2656 19 17 u
727 2655 88 27 regnu
829 2648 30 25 di
871 2656 19 17 u
911 2647 97 34 nipote
1032 2648 28 25 di

589 2686 105 35 l’Ogre
709 2687 34 25 de
764 2686 97 26 Corse.
873 2686 187 26 L’onest'ômu

590 2725 47 26 chi
658 2725 117 26 riclamô
802 2725 34 26 in
859 2725 202 35 quelli-'tempi

590 2764 201 35 d’opressione,
804 2766 17 23 ò
843 2764 130 35 seguacci
988 2765 29 25 di
1039 2773 18 17 u

590 2803 185 34 demagogicu
780 2804 117 25 cartellu
902 2803 158 26 Icioch'ellu

589 2842 64 26 avia
674 2851 17 16 a
708 2842 169 26 certitudine
900 2842 89 26 d’esse
1020 2851 42 17 un

589 2881 88 26 drittu
694 2882 127 25 naturale
834 2882 36 33 pè
885 2889 16 17 a
919 2889 31 17 so
970 2882 91 33 patria

589 2927 46 18 era
660 2934 35 4 —
722 2920 44 25 nil
784 2921 68 24 novi
879 2919 49 26 sub
950 2920 58 26 soie
1027 2935 35 4 —

589 2958 125 27 ufficiale
727 2958 27 26 di
763 2959 142 26 l’esercitu
915 2959 145 26 francesee

589 2997 141 26 cavalière
742 2997 28 26 di
783 3006 16 17 a
812 2998 123 34 Legione
952 2998 108 26 d’Ono=

587 3043 39 18 re.

603 3069 390 34 Eppuru,GhiuvanBattista
1001 3070 59 26 Mo-

586 3107 66 26 relli
662 3109 35 30 (b
705 3116 21 17 u
733 3116 85 18 nome
828 3109 30 25 di
867 3109 173 34 st'originale
1047 3111 13 30 )

587 3145 53 26 fini
651 3146 11 25 i
672 3154 32 17 so
715 3146 74 32 -jorni
801 3147 161 34 tranquillu
983 3151 77 23 sottu

587 3184 152 34 i'castagni
750 3185 29 25 di
790 3194 22 17 u
820 3194 32 17 so
865 3183 113 37 paisôlu
989 3187 69 25 tant’

588 3225 108 22 amatu:
709 3223 183 35 Bocognanu.

620 3255 178 27 Annasendu
811 3266 21 16 u
844 3257 97 26 scrittu
959 3258 31 25 di
1012 3261 47 23 stu

587 3294 116 25 valente
723 3294 125 27 ufficiale
869 3304 16 17 e
903 3297 99 33 quelli-
1021 3298 38 25 d’i

588 3332 114 24 cursisti
719 3332 122 34 d’oghie,
855 3334 12 25 i
880 3334 89 33 jacari
997 3336 62 25 rodi

588 3369 178 32 cursichella,
775 3379 105 18 saranu
890 3374 131 25 custrinti
1030 3374 29 25 di

587 3407 169 25 ricunnosce
768 3409 47 25 chi
827 3418 17 16 a
856 3418 20 16 u
888 3411 171 34 rusulaghiu

588 3445 61 25 diu
663 3453 63 26 1925
741 3455 39 16 un
792 3453 41 19 c'e
857 3448 147 26 sbucciatu
1028 3458 32 17 ca

587 3482 73 32 fiori,
673 3483 99 26 invece
787 3485 49 25 chi
852 3486 95 25 nant’a
959 3488 102 32 quellu

588 3522 30 24 di
629 3530 22 17 u
661 3521 33 26 62
707 3522 40 24 c’è
757 3530 41 18 un
810 3531 97 26 prunu
919 3524 47 26 chi
977 3526 24 24 li
1008 3535 52 25 pu-

588 3561 90 32 gnarà
694 3561 16 23 à
721 3562 182 34 muccighile.

621 3593 22 25 E
655 3601 43 17 un
709 3593 94 26 balarà
814 3597 38 31 pô
870 3595 28 25 di
909 3595 72 34 pisà'
989 3597 71 26 Tan-

589 3632 40 25 ça!

800 3666 96 25 Petru
903 3667 122 26 Rocca.

613 3718 62 20 Tous
684 3717 33 20 les
725 3717 165 26 départements
903 3720 159 22 continentaux

588 3748 29 20 de
633 3748 23 20 la
668 3748 89 20 France
770 3753 54 17 sont
839 3749 82 21 fondus
937 3750 58 22 dans
1016 3759 46 14 une

1086 151 61 17 vaste
1160 150 23 17 et
1191 146 124 20 admirable
1329 143 61 22 unité
1398 149 7 17 ;
1416 140 40 30 ily
1462 145 15 18 y
1486 145 14 13 a
1508 137 50 26 plus

1086 172 147 21 moralement
1251 171 24 19 ni
1286 169 123 26 provinces,
1419 165 24 21 ni
1458 165 101 24 departe-

1086 206 61 17 ment
1155 210 7 16 ;
1171 202 16 20 il
1196 202 39 24 n’y
1249 207 14 13 a
1289 207 43 19 que
1350 199 26 20 la
1394 197 100 36 France,^
1514 199 45 14 une

1085 233 150 25 majestueuse
1266 229 128 22 invidualité
1420 227 89 20 animee
1528 224 29 20 du

1086 267 74 17 centre
1181 268 45 14 aux
1244 261 126 21 extrémités
1387 262 24 17 et
1427 257 40 20 des
1488 255 71 21 extré-

1085 294 66 20 mités
1167 299 29 14 au
1214 295 78 17 centre
1306 298 39 19 par
1361 296 31 14 un
1409 287 49 21 seul
1476 289 23 18 et
1510 285 48 21 uni-

1086 330 44 19 que
1144 323 91 22 mobile,
1254 329 46 13 une
1316 319 140 28 aggrégation
1480 317 79 20 d'inté-

1086 355 45 19 rêts
1141 353 130 25 identiques
1288 353 38 24 qui
1334 352 50 20 crée
1397 350 23 20 le
1439 348 120 21 sentiment

1086 384 141 26 patriotique,
1255 386 24 17 et
1302 388 86 15 comme
1410 379 149 26 complément

1086 414 102 21 essentiel
1197 420 47 14 une
1253 413 61 21 seule
1321 413 81 24 langue
1414 417 57 20 pour
1479 409 80 21 échan-

1085 452 41 19 ger
1142 445 33 20 les
1192 445 89 19 mêmes
1301 444 100 26 pensées.
1419 442 58 20 Peut
1484 447 31 14 on
1527 439 33 20 di-

1087 483 24 13 re
1131 482 44 19 que
1191 475 23 20 le
1234 475 154 24 département
1404 473 28 19 de
1444 472 23 20 la
1488 471 71 20 Corse

1086 506 44 21 soit
1154 505 102 21 identifié
1265 511 54 15 avec
1325 505 22 20 la
1355 502 130 22 nationalité
1500 501 60 20 fran-

1086 537 60 24 çaise
1167 543 29 13 au
1214 536 76 20 même
1308 536 50 20 titre
1379 541 46 19 que
1448 533 46 20 l’un
1520 531 39 20 des

1086 567 167 25 départements
1262 568 157 19 continentaux
1432 565 12 19 ?
1458 559 102 24 Évidem-

1086 601 69 21 ment,
1172 604 56 14 non.
1247 597 32 21 La
1305 598 83 19 France
1403 599 24 17 et
1452 595 20 19 la
1490 593 70 20 Corse

1087 632 95 21 peuvent
1191 628 67 21 avoir
1275 628 29 20 de
1319 627 95 20 l'estime
1428 625 61 20 l’une
1503 630 57 19 pour

1086 659 84 23 l’autre,
1187 659 57 20 elles
1259 659 61 19 n’ont
1331 663 41 18 pas
1389 653 154 23 d'inclination
1551 660 8 16 ;

1087 689 53 20 elles
1165 692 54 17 sont
1246 688 171 25 politiquement
1440 683 118 23 associées,

1087 719 54 21 elles
1161 726 30 14 ne
1213 722 56 17 sont
1290 724 39 20 pas
1346 717 80 24 unies;
1443 715 55 21 elles
1516 717 45 17 res-

1087 753 73 17 teront
1173 750 153 26 juxta-posées
1339 749 77 19 autant
1430 753 45 19 que
1487 746 22 20 la
1517 745 44 20 for-

1087 787 38 14 ces
1140 781 32 20 les
1179 787 16 18 y
1212 779 150 24 contraindra,
1380 778 55 21 elles
1447 784 30 14 ne
1484 778 77 19 seront

1084 811 81 25 jamais
1186 811 150 26 amalgamées
1349 817 7 17 ;
1370 810 62 20 leurs
1451 808 110 20 éléments

1087 842 135 21 constitutifs
1239 848 27 14 se
1274 843 131 23 repoussent
1415 847 7 17 ;
1436 839 53 21 elles
1503 843 57 16 nous

1088 874 154 25 représentent
1254 872 95 21 certains
1363 872 74 24 époux
1453 870 43 20 liés
1521 875 40 19 par

1087 911 31 13 un
1134 903 100 26 mariage
1250 903 30 21 de
1292 907 149 18 convenance,
1457 900 105 25 .habitant

1087 941 53 14 sous
1155 934 22 20 le
1193 934 78 21 même
1277 933 48 24 toit,
1340 932 107 21 s’asseant
1457 932 14 19 à
1483 931 25 20 la
1516 930 46 20 mê-

1087 971 37 14 me
1144 965 66 24 table,
1232 964 82 26 jouant
1336 963 83 21 devant
1436 961 29 21 Té
1478 959 84 23 monde

1087 1001 65 15 assez
1172 995 140 21 habilement
1333 993 49 21 leur
1398 993 55 22 rôle,
1467 991 58 21 mais
1533 993 29 18 né

1087 1029 130 22 partageant
1231 1032 43 19 pas
1290 1025 21 20 le
1333 1025 73 20 même
1418 1024 33 20 lit.
1476 1022 86 21 Unions

1087 1057 128 20 infécondes
1231 1063 59 18 pour
1309 1055 33 20 les
1355 1054 108 26 peuples,-
1474 1059 88 14 comme

1087 1094 58 19 pour
1160 1087 35 20 les
1209 1086 116 21 individus
1345 1085 137 21 condamnés
1494 1084 14 20 à
1525 1089 37 14 ces

1087 1118 105 20 alliances
1218 1121 80 17 contre
1314 1120 86 19 nature.

1113 1149 33 20 En
1163 1148 48 23 fait,
1230 1148 23 20 la
1269 1148 68 20 Corse
1357 1150 36 17 est
1423 1146 69 21 d'une
1513 1151 50 14 rare

1087 1179 96 22 fertilité,
1191 1182 23 17 et
1223 1177 125 26 cependant
1359 1177 81 26 depuis
1448 1177 52 25 près
1508 1175 54 20 d’un

1088 1210 66 20 siècle
1175 1209 84 25 qu’elle
1281 1212 34 17 est
1331 1208 78 22 réunie
1428 1209 15 19 à
1460 1207 21 20 la
1496 1206 68 21 Fran-

1088 1247 33 16 ce,
1144 1240 32 20 les
1197 1241 96 24 progrès
1317 1239 29 20 dé
1363 1245 42 14 son
1428 1237 135 26 agriculture

1088 1274 40 17 ont
1144 1272 35 19 été
1197 1271 54 24 plus
1274 1269 192 26 qu’insignifiants,
1489 1268 75 21 tandis

1088 1302 68 26 qu’en
1178 1301 88 21 France
1281 1302 28 20 ils
1325 1304 40 17 ont
1389 1301 48 25 pris
1462 1306 32 14 un
1518 1305 46 15 ma-

1088 1333 99 25 gnifique
1217 1339 73 14 essor.
1311 1332 33 20 Ah
1361 1331 7 20 !
1392 1337 58 15 nous
1477 1336 86 19 voyons

1088 1363 65 21 venir
1166 1363 51 20 d’ici
1225 1370 49 13 une
1281 1362 123 26 objections
1413 1369 7 17 ;
1427 1361 32 20 les
1472 1361 90 23 Corses,

1089 1397 75 18 va-ton
1181 1400 60 14 nous
1261 1394 55 24 dire,
1332 1396 79 18 savent
1431 1398 44 19 peu
1502 1391 62 20 aider

1088 1432 45 14 aux
1145 1425 94 25 progrès
1250 1444 6 3 _
1261 1425 29 20 de
1302 1423 149 27 l’agriculture
1468 1429 42 18 par
1523 1422 40 20 des

1088 1459 92 18 travaux
1203 1459 23 17 et
1246 1455 40 21 des
1307 1455 75 21 efforts
1398 1454 164 26 persévérants,

1088 1494 29 14 en
1136 1494 31 13 un
1190 1490 51 17 mot
1261 1487 22 20 lé
1308 1492 95 19 courage
1427 1485 29 20 du
1483 1483 80 22 travail

1089 1525 96 18 manque
1209 1524 47 14 aux
1270 1517 87 21 Corses.
1373 1516 82 21 Erreur
1466 1515 6 20 !
1489 1521 73 14 aucun

1088 1555 95 19 courage
1196 1555 31 14 ne
1242 1555 100 18 manque
1349 1554 44 14 aux
1407 1547 89 24 Corses,
1514 1546 49 20 leur

1088 1579 92 21 histoire
1192 1586 30 14 en
1234 1579 44 20 fait
1288 1579 39 21 foi.
1341 1579 32 20 Ce
1381 1578 40 25 qui
1437 1577 51 21 leur
1500 1583 62 14 man-

1088 1617 45 18 que
1161 1617 59 18 pour
1247 1617 27 14 se
1302 1610 66 20 livrer
1391 1615 55 14 avec
1467 1607 96 22 sécurité

1087 1645 24 17 et
1126 1641 66 26 profit
1204 1642 14 20 à
1231 1641 158 25 l’agriculture,
1403 1641 56 19 c’est
1471 1638 90 21 d’abord

1088 1679 31 13 un
1138 1672 33 20 air
1185 1672 94 21 salubre
1301 1672 55 20 dans
1379 1671 33 22 les
1428 1670 87 26 plaines
1532 1670 30 20 où

1087 1703 22 20 la
1122 1703 86 20 culture
1239 1706 56 23 peut
1310 1702 111 23 s’étendre
1429 1708 7 15 ;
1458 1702 54 22 c’est
1533 1707 28 14 en

1087 1734 82 20 second
1184 1734 48 20 lieu
1243 1751 4 2 .
1256 1734 22 20 la
1299 1733 106 21 certitude
1421 1733 66 20 d’une
1501 1731 61 26 juste

1087 1765 167 21 rémunération
1278 1771 41 18 par
1337 1764 23 21 le
1386 1764 126 25 placement
1533 1763 29 20 de

1086 1796 61 21 leurs
1170 1796 114 25 produits.
1301 1796 33 20 Or
1354 1795 33 21 les
1404 1795 86 26 plaines
1503 1795 29 20 dé
1539 1794 22 21 là

1087 1827 70 21 Corse
1172 1830 54 18 sont
1238 1833 30 15 en
1276 1826 89 26 général
1372 1825 109 22 inondées
1489 1833 8 17 ;
1506 1825 55 21 elles

1086 1859 100 20 donnent
1203 1858 119 20 naissance
1343 1857 99 25 pendant
1457 1857 53 20 l’été
1517 1863 44 14 aux

1085 1889 81 21 fièvres
1189 1889 154 24 paludéennes
1352 1895 7 18 ;
1369 1892 53 17 tous
1446 1888 34 20 les
1507 1894 54 19 gou-

1088 1924 144 17 vernements
1250 1923 42 17 ont
1305 1921 99 19 constaté
1426 1919 22 21 le
1455 1919 54 24 mal,
1523 1925 39 14 au-

1086 1958 44 13 cun
1147 1952 37 24 n’y
1195 1957 13 14 a
1226 1950 107 22 remédié.
1344 1950 33 24 Si,
1390 1957 30 14 au
1434 1950 57 25 péril
1498 1949 30 21 de
1536 1956 25 13 sa

1085 1982 36 20 vie
1137 1987 44 19 que
1198 1982 23 19 le
1245 1981 70 20 Corse
1334 1981 42 20 sait
1393 1981 88 24 risquer
1512 1980 50 20 bra-

1086 2015 97 21 vement,
1206 2012 23 19 la
1245 2011 84 21 France
1347 2011 22 20 le
1384 2011 50 24 sait,
1443 2011 16 20 il
1469 2010 92 26 pouvait

1085 2049 29 14 au
1123 2043 78 20 moins-
1214 2043 93 24 espérer
1314 2042 120 21 d’amasser
1443 2049 46 13 une
1497 2043 63 24 épar-

1085 2080 53 19 gne,
1150 2080 30 14 on
1195 2080 31 13 ne
1243 2073 49 20 doit
1304 2079 39 19 pas
1359 2076 80 17 mettre
1464 2079 29 14 en
1506 2073 55 20 dou-

1085 2108 30 20 te,
1135 2111 44 18 que
1194 2104 99 21 bravant
1305 2104 145 20 l’insalubrité
1471 2104 29 20 de
1524 2110 37 14 ses

1086 2135 88 24 marais,
1197 2135 18 21 il
1234 2135 126 21 n’affrontât
1378 2135 139 21 résolument
1535 2141 25 14 ce

1086 2173 102 14 nouveau
1212 2165 83 26 champ
1316 2167 28 19 de
1366 2166 91 21 bataille
1471 2173 8 18 ;
1503 2166 57 20 mais

1086 2197 30 20 où
1133 2197 133 25 plàcèrait-il
1278 2197 124 20 l’excédent
1415 2197 29 20 de
1457 2196 102 21 récoltes.

1086 2228 32 20 La
1130 2228 70 20 Corse
1220 2228 38 20 n’a
1283 2228 24 20 ni
1328 2231 75 18 routes
1425 2227 144 25 suffisantes,:

1086 2259 24 20 ni
1127 2262 62 21 ports
1204 2259 151 20 convenables
1375 2265 59 20 pour
1443 2259 55 20 tirer
1511 2265 50 19 par-

1086 2295 17 20 ti
1120 2295 39 20 des
1177 2295 97 26 produis
1289 2295 27 20 de
1332 2302 42 14 son
1392 2296 36 20 sol
1444 2299 23 17 et
1481 2295 29 21 de
1519 2302 41 14 son

1086 2326 86 21 travail.

1112 2357 133 21 Condamné
1256 2358 14 20 à
1278 2364 44 14 une
1339 2358 163 26 sobriété-plus
1516 2364 45 19 que

1087 2387 70 26 rigide
1178 2395 41 18 par
1236 2388 135 25 l’ignorance
1396 2389 31 20 du
1443 2389 116 23 bien-être,
1566 2393 3 15 :

1086 2419 23 20 le
1122 2418 69 21 Corse
1200 2419 34 20 vit
1242 2425 54 15 sans
1303 2419 127 26 aiguillons,
1439 2426 53 14 sans
1500 2421 62 19 ému-

1086 2449 89 24 lations,
1193 2456 55 15 sans
1267 2450 123 25 possibilité
1405 2451 30 20 de
1451 2451 93 24 progrès
1553 2457 7 13 :

1087 2480 16 20 il
1122 2484 49 16 sent
1185 2480 20 20 si
1224 2481 54 20 bien
1295 2481 31 21 lui
1351 2482 75 20 même
1438 2481 23 21 la
1477 2481 84 21 fatalité

1087 2511 46 24 qui.
1144 2512 53 23 pèse
1221 2518 42 14 sur
1279 2511 39 25 lui,
1336 2518 45 19 que
1395 2512 20 20 si
1433 2512 22 20 le
1479 2512 82 20 hasard

1087 2541 22 20 le
1125 2545 46 16 met
1186 2549 33 13 un
1234 2542 55 25 jour
1314 2549 28 14 en
1366 2546 91 18 contact
1473 2549 56 14 avec
1540 2542 22 21 la

1087 2573 142 22 civilisation,
1244 2573 47 22 vite
1306 2573 16 20 il
1330 2574 92 25 émigre,
1431 2573 16 21 il
1461 2580 29 14 va
1498 2573 64 25 .cher-

1087 2602 54 21 cher
1159 2603 99 20 d’autres
1275 2605 100 20 contrées
1392 2611 31 14 ou
1438 2604 23 21 le
1481 2604 87 21 travail:

1087 2635 140 20 rémunéré.!'
1564 2636 5 22 j

1113 2664 133 25 Cependant
1273 2671 30 14 on
1321 2671 14 14 a
1351 2665 41 21 fait
1416 2666 40 20 des
1476 2669 84 21 routes,

1087 2701 58 14 nous
1153 2695 116 21 dira-t-on.
1277 2707 27 4 —
1311 2695 44 21 Oui
1367 2697 41 20 des
1417 2700 76 17 routes
1507 2699 55 18 stra-

1087 2726 101 25 tégiques
1197 2733 8 17 ;
1224 2726 59 21 mais
1299 2726 33 20 les
1354 2731 77 17 routes
1451 2727 111 21 vraimen-

1087 2757 175 22 commerciales,
1286 2757 32 20 les
1340 2757 101 21 chemins
1458 2757 103 21 vicinaux

1088 2791 22 16 et
1131 2787 111 25 agricoles
1264 2787 19 21 si
1300 2787 121 26 largement
1438 2788 124 25 stipendiée

1087 2823 39 15 sur
1149 2818 20 20 le
1191 2819 120 20 continent
1318 2819 29 20 où
1363 2820 89 20 sont-ils
1470 2825 28 14 en
1508 2819 54 20 Cor-

1087 2854 25 14 se
1119 2847 11 21 ?
1147 2848 35 21 On
1201 2849 33 21 les
1256 2856 14 13 a
1286 2849 121 26 multipliés
1430 2856 55 15 avec
1510 2850 51 21 luxe

1087 2885 29 14 en
1135 2879 91 24 France,
1245 2884 23 17 et
1283 2887 56 14 nous
1356 2881 39 25 qui
1410 2881 85 21 faisons
1513 2881 56 26 par-!

1087 2910 30 19 tie
1139 2910 127 25 intégrante
1283 2911 29 20 de
1327 2916 56 16 cette
1395 2913 84 23 nation,
1504 2919 57 14 nous

1088 2939 91 23 n’avons
1200 2948 43 19 pas
1258 2942 122 21 seulement
1397 2943 21 21 le
1428 2944 131 20 nécessaire.

1087 2973 19 20 Il
1125 2976 34 17 est
1172 2973 57 21 -vrai
1260 2978 45 20 que
1320 2973 21 20 la
1362 2973 87 22 France
1471 2981 55 14 aura
1539 2975 22 20 la

1086 3004 71 25 gloire
1180 3004 91 20 d’avoir-
1281 3003 108 21 introduit
1404 3005 34 21 les
1459 3005 102 21 chemins

1086 3034 29 20 de
1137 3034 34 20 fer
1193 3037 30 18 eh
1241 3034 95 25 Algérie,
1359 3039 24 16 et
1404 3036 80 25 qu’elle
1507 3036 54 21 s’oc-

1086 3071 57 19 cupe
1151 3065 137 22 activement
1296 3065 28 20 de
1335 3065 98 22 civiliser
1441 3067 23 20 le
1477 3067 82 21 desert.

1112 3095 99 25 Puisque
1233 3102 61 15 nous
1309 3102 86 15 venons
1409 3099 29 20 de
1450 3099 75 24 parler
1533 3099 36 20 de'

1086 3125 100 22 chemins
1204 3127 30 20 de
1246 3127 43 23 fer,
1309 3127 54 24 qu’il
1369 3143 5 3 -
1385 3135 59 14 nous
1459 3129 44 20 soit
1512 3136 50 17 per-

1085 3156 44 20 mis
1142 3157 28 20 de
1190 3157 51 20 dire
1249 3157 55 25 qu’il
1316 3156 38 26 n’y
1365 3165 14 13 a
1394 3166 41 17 pas
1447 3166 30 14 en
1494 3159 68 21 Fran-

1086 3193 27 13 ce
1124 3193 31 14 un
1159 3203 4 3 .
1171 3188 51 20 Seul
1244 3188 154 25 département
1412 3190 38 25 qui
1471 3197 30 13 ne
1518 3191 45 20 soit

1086 3217 95 20 sillonné
1202 3225 30 13 en
1250 3221 61 18 touts
1330 3225 54 15 sens
1391 3227 42 18 par
1444 3221 41 20 des
1499 3221 63 20 voies

1086 3247 89 24 ferrées,
1194 3249 78 20 même
1290 3248 33 21 les
1348 3253 119 18 nouveaux
1483 3251 80 25 dépar-

1085 3281 95 17 tements
1197 3279 29 20 de
1241 3279 23 20 la
1273 3279 74 20 stérile
1362 3280 83 21 Sayoie
1452 3281 111 25 jouissent

1086 3315 29 13 en
1123 3314 26 14 ce
1160 3313 104 17 moment
1276 3309 29 20 dé
1324 3314 34 16 cet
1370 3311 111 21 immense
1494 3318 70 14 avan-

1085 3342 59 21 tage.
1162 3339 32 20 Le
1206 3339 126 26 Savoyard,
1347 3340 53 21 bien
1411 3342 56 25 qu’il
1479 3348 31 13 ne
1519 3342 44 20 soit

1085 3368 97 24 français
1203 3376 48 18 que
1264 3370 78 25 depuis
1370 3371 60 21 deux
1446 3378 49 17 ans,
1522 3372 42 20 fait

1086 3398 51 25 déjà
1153 3399 85 20 trainér
1255 3406 42 18 par
1308 3400 22 20 lé
1345 3400 56 20 char
1425 3401 28 20 de
1469 3401 39 20 feu
1521 3409 41 13 son

1086 3429 51 19 bloc
1157 3429 30 19 de
1206 3430 78 25 pierre
1305 3431 14 19 à
1343 3431 72 20 Paris.
1434 3432 31 20 Le
1484 3432 78 23 Corse,

1086 3459 103 23 français,
1214 3460 82 23 dit-on,
1313 3461 79 24 depuis
1415 3462 87 20 bientôt
1532 3470 31 13 un

1086 3489 74 22 siècle,
1173 3489 23 20 le
1211 3489 73 21 Corse
1297 3491 145 25 compatriote
1461 3493 29 20 de
1497 3493 66 20 l’Em-

1086 3525 87 18 pereur,
1186 3522 130 23 transporte
1327 3527 82 14 encore
1421 3529 14 13 a
1447 3522 42 21 dos
1498 3523 66 20 d’âne

1087 3555 41 13 son
1150 3552 38 16 Sac
1205 3549 30 20 de
1256 3550 38 20 blé
1312 3551 16 20 à
1345 3551 21 19 la
1386 3558 57 14 mer.

1113 3573 48 20 Une
1177 3573 30 20 de
1228 3581 46 13 nos
1289 3576 97 24 grandes
1402 3577 111 21 richesses
1525 3579 38 23 qui

1087 3603 90 20 devient
1191 3604 173 25 plusprécieuse
1377 3607 14 19 à
1399 3614 89 13 mesure
1496 3608 70 24 qu’el-

1087 3633 23 20 le
1131 3633 96 25 s’épuise
1249 3635 58 21 dans
1327 3636 32 20 les
1385 3641 76 17 autres
1492 3644 55 19 pays
1556 3646 7 16 ;

1087 3669 43 14 nos
1152 3664 72 21 belles
1246 3669 25 16 et
1285 3666 151 25 majestueuse
1455 3667 78 23 forêts,
1550 3670 15 19 à

1087 3694 54 25 quoi
1167 3701 59 14 nous
1252 3700 90 17 servent
1362 3697 56 21 elles
1426 3698 12 20 ?
1452 3698 70 20 Faute
1536 3699 29 20 de

1087 3727 75 17 routes
1167 3725 57 20 elles
1230 3732 32 14 ne
1272 3731 97 20 peuvent
1374 3728 48 21 être
1435 3729 128 25 exploitées,

1087 3758 24 17 et
1125 3756 129 24 cependant
1273 3758 21 20 le
1307 3758 81 24 peuple
1404 3759 47 23 qui,
1469 3763 69 17 avant
1542 3760 24 20 la

1583 132 140 23 domination
1744 128 108 25 française
1875 124 69 22 vivait
1956 123 29 20 du
2002 127 51 20 pro-

1583 165 48 21 duit
1656 164 29 20 de
1699 168 35 15 ses
1748 161 68 20 forêts
1841 154 158 24 communales,
2014 158 39 14 au-

1582 193 114 29 jourd'hui
1718 192 87 26 passées
1831 194 44 15 aux
1892 185 121 21 domaines,
2023 182 29 20 de

1582 233 42 15 son
1647 224 61 21 droit
1723 223 27 20 de
1764 226 83 21 pacage
1855 217 138 22 maintenant
2000 219 53 18 sup-

1584 257 79 26 primé,
1679 255 21 20 le
1713 252 80 27 peuple
1805 249 72 22 aurait
1889 254 30 20 pu
1940 248 113 18 retrouver

1583 288 56 21 dans
1661 287 21 20 le
1699 283 77 22 travail
1793 287 44 15 une
1854 275 167 28 compensation
2037 274 14 19 à

1583 325 36 15 ses
1645 320 74 23 pertes
1748 314 19 21 si
1797 313 33 20 les
1861 309 51 22 bois
1933 305 120 28 pouvaient

1583 351 47 20 être
1638 347 114 26 exploités.

1609 386 37 21 On
1664 391 13 14 a
1691 384 20 21 si
1735 388 43 20 peu
1793 380 40 21 fait
1858 384 28 14 en
1907 376 76 21 Corse,
2008 378 45 19 que

1583 421 56 20 tout,
1664 421 57 20 pour
1736 412 57 22 ainsi
1812 410 54 22 dire,
1886 414 16 19 y
1919 409 34 18 est
1973 409 81 16 encore

1584 450 12 19 à
1611 448 71 20 créer.
1710 445 45 20 Nos
1769 442 86 27 plaines
1874 438 97 22 seraient
1986 440 68 15 assai-

1584 479 56 23 nies,
1653 483 43 15 nos
1714 478 74 18 routes
1800 472 97 21 seraient
1904 468 72 23 faites,
1997 469 57 17 nous

1585 509 119 25 pourrions
1724 506 138 24 transporter
1886 507 29 14 au
1938 498 75 24 rivage
2020 496 34 20 les

1584 539 102 27 produits
1703 537 28 21 de
1742 539 64 18 notre
1835 531 140 27 agriculture,
1998 532 57 16 ceux

1585 571 28 20 de
1630 576 43 14 nos
1691 568 75 21 forêts,
1784 566 34 20 les
1841 563 100 21 marbres
1963 559 27 21 de
2012 563 43 15 nos

1585 607 115 21 carrières,
1718 610 43 19 que
1775 609 26 14 ce
1819 607 30 15 ne
1868 598 68 22 serait
1950 603 39 20 pas
2006 597 49 18 tout

1585 638 15 20 il
1621 642 58 15 nous
1695 633 95 22 faudrait
1802 637 80 15 encore
1900 635 58 19 pour
1979 626 77 21 attirer

1584 668 33 20 les
1639 665 100 21 naviress
1761 666 24 17 et
1801 660 108 22 favoriser
1923 661 64 18 notre
1995 662 61 15 com-

1585 703 82 17 merce,
1691 695 39 20 des
1745 696 63 23 ports
1828 697 50 15 surs
1901 693 23 17 et
1944 688 51 21 bien
2019 692 37 14 or-

1584 728 98 26 ganisés.
1700 726 42 20 Les
1755 723 66 22 rades
1833 722 29 21 de
1887 717 168 24 Portovecchio,

1585 757 119 28 d’Ajaccio,
1716 756 28 21 de
1756 754 72 24 Calvi,
1838 753 29 21 de
1878 752 46 20 San
1941 750 114 21 Fiorenzo,

1585 791 29 20 de
1634 788 94 21 Valinco
1751 784 130 28 pourraient
1905 779 102 24 contenir
2022 779 34 20 les

1585 821 74 21 flottes
1673 820 33 20 les
1714 818 50 26 plus
1781 815 154 22 nombreuses,
1951 815 22 18 et
1986 811 17 20 il
2017 810 40 25 n’y

1585 859 13 13 a
1612 858 41 19 pas
1668 857 29 14 en
1706 849 69 21 Corse
1789 851 31 17 ün
1835 846 47 21 seul
1892 843 167 22 établissémçnt

1586 882 119 21 maritime.
1727 880 37 20 On
1784 876 110 26 multiplie
1912 881 39 14 sur
1966 874 21 20 la
2007 873 51 20 côte

1586 915 120 23 purement
1712 909 110 25 française
1826 908 28 20 de
1862 907 21 21 la
1888 901 168 26 Méditérranèe,

1586 949 53 15 sous
1657 949 43 14 nos
1707 948 8 14 /
1725 947 65 20 yeux,
1814 940 14 19 à
1845 941 65 18 notre
1931 935 126 22 détriment,

1585 975 34 20 les
1635 973 110 25 dépenses
1766 971 28 20 de
1814 973 62 17 toute
1904 970 78 18 nature
2001 971 58 20 pour

1586 1004 78 21 attirer
1690 1006 23 17 et
1728 1001 95 21 faciliter
1841 1000 22 20 le
1888 1003 132 17 commerce,
2036 998 23 18 et

1586 1035 46 21 l’ôn
1648 1041 30 14 ne
1691 1033 41 21 fait
1744 1032 48 21 rien
1807 1037 57 19 pour
1877 1035 58 15 nous
1947 1033 112 21 pareeque

1586 1066 45 20 l’on
1643 1071 14 14 a
1674 1065 22 20 la
1710 1064 83 25 pens.ée
1815 1068 45 19 que
1883 1066 59 15 nous
1965 1058 94 21 nuirons

1587 1103 44 15 aux
1648 1098 63 22 ports
1731 1093 97 25 français
1838 1093 6 20 !

1613 1134 132 26 Cependant
1752 1138 58 15 nous
1817 1131 92 22 faisons,
1923 1129 78 23 dit-on,
2010 1133 51 20 par-

1589 1166 29 21 tie
1638 1165 30 21 de
1686 1165 22 20 la
1728 1164 91 20 France.
1828 1162 33 20 Ce
1869 1160 40 26 qui
1925 1163 36 17 est
1975 1158 85 21 certain

1589 1198 52 19 c’est
1658 1202 53 19 -que
1731 1200 56 15 nous
1813 1193 92 20 n’avons
1926 1189 135 22 marchandé

1589 1233 56 20 pour
1667 1226 50 24 elle,
1744 1225 24 21 ni
1792 1227 66 18 notre
1882 1222 44 24 vie,
1947 1221 24 21 ni
1995 1223 66 18 notre

1589 1265 62 19 sang,
1670 1261 24 17 et
1710 1263 43 19 que
1769 1261 58 15 nous
1850 1256 122 23 apportons
1998 1251 62 21 aussi

1589 1293 65 18 notre
1672 1288 113 25 contigent
1806 1293 30 14 au
1853 1285 86 25 budget
1954 1283 28 21 de
1998 1283 64 20 l’état

1589 1327 88 14 comme
1689 1320 14 19 à
1719 1319 99 21 l’armée.
1840 1316 60 21 Tout
1926 1315 48 21 cela
1993 1317 34 18 est
2044 1313 17 20 il

1589 1351 57 24 juste
1654 1351 13 20 ?
1678 1350 35 20 En
1723 1348 68 21 Corse
1808 1348 56 19 dans
1880 1353 33 14 un
1934 1351 54 20 pays
2006 1350 55 19 gou-

1589 1382 69 20 verné
1681 1387 41 19 par
1741 1380 21 19 la
1776 1379 84 20 France
1879 1375 80 26 depuis
1975 1374 87 25 biçntôt

1589 1419 31 14 un
1628 1412 78 24 siècle,
1715 1411 40 20 des
1767 1409 83 21 marais
1862 1407 102 23 Pontins,
1973 1411 88 15 comme

1589 1443 56 20 dans
1657 1443 34 20 les
1709 1437 60 26 États
1785 1440 32 21 du
1839 1439 61 26 Pape
1907 1439 50 23 !....,
1964 1437 62 20 Dans
2034 1441 28 15 ce

1589 1475 73 20 même
1682 1479 62 20 pays,
1765 1471 63 21 riche
1843 1470 53 21 d’un
1912 1469 35 20 sol
1971 1466 88 23 fécond,
2067 1478 4 9 :

1589 1505 52 20 d’un
1656 1505 101 21 heureux
1776 1503 83 21 climat,
1876 1499 186 22 admirablement

1589 1536 57 21 situé
1662 1542 58 19 pour
1734 1535 34 20 les
1781 1533 119 25 échanges,
1920 1531 53 20 doté
1993 1529 68 20 d’une

1589 1566 131 27 population
1724 1564 158 26 -intelligente,
1900 1566 24 17 et
1936 1563 103 24 prompte
2046 1561 15 19 à

1589 1598 97 24 Faction,
1703 1597 17 20 il
1730 1597 37 24 n’y
1774 1602 14 14 a
1803 1595 25 20 ni
1840 1594 102 21 chemins
1949 1592 29 21 de
1984 1591 42 24 fer,
2036 1590 24 21 ni

1589 1632 82 20 routes,
1687 1628 25 21 ni
1733 1633 93 17 canaux,
1836 1625 24 21 ni
1877 1627 63 23 ports
1949 1624 31 20 !...
1989 1622 17 21 il
2023 1622 38 25 n’y

1589 1666 19 14 a.
1615 1667 42 18 pas
1673 1658 163 27 d’agriculturé,
1855 1656 16 21 il
1888 1656 39 24 n’y
1944 1661 14 14 a
1974 1659 41 20 pas
2031 1653 36 20 de-

1589 1697 125 14 commerce
1719 1690 6 19 !
1736 1704 23 6 ...
1769 1692 23 17 et
1808 1687 77 27 quand
1897 1687 23 20 le
1932 1685 81 21 monde
2021 1690 40 14 en-

1589 1722 41 20 tier
1646 1725 36 16 est
1699 1720 100 21 entraîné
1819 1725 40 20 par
1875 1718 23 20 le
1909 1717 92 26 progrès
2009 1721 51 15 vers

1589 1759 43 14 une
1640 1751 109 22 situution
1765 1750 123 22 meilleure,
1901 1749 22 20 là
1937 1747 70 21 Corse
2014 1752 47 14 res-

1589 1787 20 17 te
1625 1783 23 21 là
1666 1789 53 14 sans
1730 1782 56 21 faire
1798 1788 32 13 un
1845 1787 47 19 pas,
1907 1786 29 13 en
1952 1778 109 21 dévorant

1589 1821 38 14 son
1644 1814 99 23 frein!,..
1768 1813 28 21 Et
1810 1812 53 21 c’est
1880 1811 24 20 la
1918 1810 83 21 France
2019 1808 47 26 qui.

1589 1851 113 20 gouverne
1717 1845 22 20 la
1753 1844 109 21 Corse!...

1611 1882 55 25 Oui,
1683 1887 58 15 nous
1752 1881 22 20 le
1787 1881 113 24 répétons,
1913 1878 24 21 la
1945 1878 84 21 France
2037 1879 28 18 et:

1589 1913 18 21 la
1616 1913 72 21 Corse
1695 1920 4 4 -
1705 1919 28 14 ne
1744 1914 25 19 Se
1783 1913 163 24 comprennent
1952 1915 40 20 pas
2001 1916 7 15 ;
2017 1908 49 21 elle!

1589 1945 60 20 n’ont
1663 1950 41 19 pas
1720 1943 116 21 confiance
1849 1942 61 20 l’une
1930 1941 55 20 dans
2007 1939 59 21 l’au-;

1589 1978 38 17 tre.
1633 1991 5 3 -
1646 1975 29 20 Et
1691 1977 98 23 peuvent
1794 1974 57 20 elles
1862 1979 29 14 en
1903 1971 53 22 effet
1968 1977 25 14 se
2000 1977 61 14 com-

1589 2006 95 25 prendre
1691 2005 13 21 ?
1716 2005 59 20 Elles
1792 2005 64 20 n’ont
1866 2003 25 21 ni
1907 2003 23 20 le
1944 2002 73 20 même
2024 2007 37 14 ca-

1589 2037 84 20 ractère
1693 2036 24 21 ni
1739 2036 22 20 la
1775 2036 74 20 même
1868 2034 89 25 langue,
1976 2035 23 18 et
2012 2035 53 18 tan-,

1589 2067 31 21 lis
1636 2074 46 19 que
1703 2067 56 21 dans
1775 2070 52 17 tous
1846 2066 32 21 les
1896 2065 164 25 départements

1589 2099 102 24 français,
1712 2099 33 20 les
1762 2097 136 27 aspirations
1923 2099 52 18 sont
1995 2101 66 19 pure-

1589 2133 59 17 ment
1670 2129 129 25 françaises,
1827 2135 29 14 en
1869 2128 83 21 Corses
1976 2126 42 21 elle
2034 2131 31 16 se.

1589 2161 94 20 bornent
1711 2161 15 20 à
1741 2161 70 20 n’être
1827 2165 41 20 pas
1900 2157 91 22 hostiles
2008 2157 13 20 à
2037 2156 29 21 la:

1589 2191 91 24 France,
1702 2191 54 21 elles
1777 2194 84 18 restent
1886 2188 175 22 exclusivement

1589 2229 80 17 corses,
1682 2222 53 21 c’est
1750 2223 21 19 à.
1777 2222 48 20 dire
1843 2221 125 20 italiennes.

1611 2253 18 20 Il
1648 2258 36 16 est
1697 2253 47 20 vrai
1756 2259 46 19 que
1811 2253 23 20 là
1843 2252 92 21 France,
1941 2255 23 16 et
1971 2251 22 20 la
2005 2249 55 21 Cor-

1589 2291 21 14 se
1634 2291 31 14 ne
1678 2287 98 22 peuvent
1789 2284 64 20 avoir
1874 2283 34 20 les
1925 2282 85 20 mêmes
2025 2280 36 21 in-

1589 2316 65 20 térêts
1671 2319 24 16 et
1707 2315 21 20 le
1736 2316 74 20 même
1818 2315 46 24 but,
1874 2320 46 20 que
1936 2312 123 26 Napoléon,

1589 2347 27 20 aé
1629 2353 30 14 en
1677 2346 77 24 Corse,
1763 2347 14 19 à
1790 2346 68 25 peiné
1873 2344 78 21 monté
1962 2350 33 14 au
2005 2349 61 20 pou-;

1589 2377 47 21 voir
1653 2384 30 13 en
1697 2377 90 24 France,
1805 2377 89 20 devenu
1912 2375 111 24 Français,
2031 2380 35 16 ne:

1589 2409 34 22 vît.
1634 2408 53 25 plus
1695 2408 22 20 la
1733 2408 70 20 Corse
1816 2408 67 25 qu’au
1898 2406 64 25 point
1979 2405 29 21 de
2016 2411 44 15 vue

1589 2439 26 20 de
1629 2445 26 14 sa
1672 2439 104 20 nouvelle
1793 2439 72 25 patrie
1881 2441 24 17 et
1921 2439 32 19 né
1968 2436 26 21 fît
2010 2436 50 21 rien

1589 2476 55 19 pour
1665 2470 22 20 le
1704 2476 54 19 pays
1776 2470 40 25 qui
1833 2469 34 21 fut
1888 2475 42 14 son
1956 2468 111 22 berceau.,

1589 2501 16 20 H
1619 2501 36 20 fut
1678 2501 70 25 grand
1765 2504 23 17 et
1793 2507 7 12 :
1810 2500 113 26 généreux
1948 2505 57 19 pour
2025 2499 42 22 les:

1589 2531 81 22 Corses
1686 2531 98 21 attachés
1792 2538 30 13 au
1832 2531 86 21 service
1926 2530 29 20 de
1962 2530 21 20 la
1992 2529 74 21 Fran-

1589 2569 31 19 ce^
1644 2562 58 21 maïs
1719 2562 22 21 la
1762 2562 71 25 Corse
1925 2561 73 21 même
2025 2560 42 21 fut:

1589 2593 88 21 oubliée
1685 2601 7 17 ;
1706 2596 23 17 et
1736 2593 74 21 tandis
1823 2593 54 26 qu’il
1890 2592 125 21 desséchait
2025 2592 42 23 les;

1589 2625 81 20 marais
1684 2631 29 14 en
1722 2625 110 24 Piémont,
1841 2624 86 25 perçait
1933 2623 34 21 les
1982 2623 76 25 Alpes,

1589 2655 121 21 établissait
1727 2655 40 21 des
1780 2659 76 17 routes
1872 2654 186 24 monumentales,

1589 2686 100 20 couvrait
1708 2686 23 20 la
1758 2686 86 20 France
1862 2685 198 21 d’établissements

1589 2719 92 23 prôprés
1694 2717 14 20 à
1713 2717 68 20 hâter
1793 2717 22 20 le
1831 2717 94 24 progrès
1942 2715 29 21 de
1986 2715 75 27 l'agri-

1589 2747 94 24 culture,
1697 2747 29 20 du
1738 2753 132 18 commerce,
1880 2747 28 20 de
1928 2746 130 23 l’industrie,

1589 2778 43 21 des.
1645 2778 100 22 sciences
1759 2782 22 16 et
1794 2779 40 20 des
1840 2799 3 3 .
1852 2782 54 20 arts,
1924 2778 33 20 les
1981 2777 79 21 fièvres

1589 2809 150 24 paludéennes
1747 2809 152 21 continuaient
1907 2815 86 14 comme
2006 2808 54 21 elles

1589 2840 130 20 continuent
1731 2840 28 20 de
1770 2847 93 19 ravager
1874 2840 21 20 la
1904 2846 84 19 pauvre
2006 2839 62 21 Cor-'

1589 2877 23 14 se
1621 2878 6 17 ;
1637 2870 47 21 l'on
1699 2871 34 25 n’y
1745 2872 95 20 creusait
1847 2872 21 19 ni
1878 2876 76 15 routes
1960 2871 22 20 ni
1989 2874 70 22 ports,

1589 2906 20 16 et
1626 2907 59 15 nous
1705 2908 27 14 en
1747 2908 98 15 sommes
1859 2908 89 18 encore,
1974 2908 28 14 en
2020 2901 41 21 fait

1589 2933 162 25 d’agriculture,
1759 2939 44 15 aux
1809 2933 171 21 connaissances
1984 2939 24 16 et
2016 2938 44 17 aux

1589 2964 145 21 instruments
1758 2964 34 20 les
1818 2965 50 24 plus
1898 2965 161 22 élémentaires.

1589 2995 60 20 C’est
1670 3001 51 19 que,
1735 3001 87 14 comme
1834 2995 17 20 il
1863 2995 23 20 le
1898 2995 34 20 dit
1947 2995 31 21 lui
1986 2997 80 24 même,

1589 3032 10 14 a
1608 3026 23 21 S.
1642 3026 86 20 Hélène
1740 3029 49 17 tout
1803 3032 26 14 ce
1851 3026 55 25 qu’il
1917 3025 74 23 faisait
2002 3032 66 20 pour;

1589 3057 18 20 la
1616 3056 70 21 Corse
1695 3056 53 21 était
1754 3056 93 26 dénigré
1854 3063 88 14 comme
1949 3064 31 13 un
1989 3058 38 20 vol
2038 3062 24 17 et

1589 3088 116 20 considéré
1721 3093 88 15 comme
1829 3094 40 15 un.
1881 3091 46 17 tort
1951 3088 50 22 fait,
2016 3096 51 14 aux;

1589 3118 111 24 Français,

1613 3155 66 21 Donc
1703 3161 43 14 aux
1757 3162 60 18 yeux
1829 3156 29 20 de
1879 3156 22 20 la
1922 3156 103 24 France,:
2038 3158 23 20 la

1589 3185 69 21 Corse
1666 3189 40 18 -est
1717 3186 102 25 toujours
1836 3193 46 14 une
1892 3187 116 26 étrangère
2020 3187 47 24 qui!

1589 3217 69 20 reçoit
1673 3216 142 25 l’hospitalité
1829 3224 30 13 en
1880 3217 85 22 France
1976 3223 29 17 .et
2020 3221 41 25 qui

1589 3248 34 19 n’a
1637 3248 49 19 rien
1695 3248 128 20 à.attendre
1835 3248 28 20 de
1877 3255 43 14 son
1929 3249 133 23 illustre.hô-

1589 3282 58 16 tesse
1672 3284 45 19 que
1738 3278 40 20 des
1797 3279 79 25 égards
1899 3283 23 17 et
1938 3280 33 21 les
1991 3282 75 21 belles-

1589 3309 89 24 paroles
1703 3309 40 20 des
1763 3309 102 21 discours
1883 3310 100 23 officiels.
2010 3313 52 25 Que

1589 3339 131 25 l’empereur
1733 3339 116 25 Napoléon
1859 3340 33 21 III
1908 3344 100 19 entraîné
2020 3351 43 18 par

1589 3376 31 13 un
1632 3369 69 20 motif
1718 3369 96 25 d’équité
1834 3371 88 20 décrété
1938 3379 29 14 en
1982 3373 80 22 faveur

1589 3399 28 20 de
1633 3399 22 20 la
1680 3399 70 20 Corse
1765 3400 98 25 quelque
1875 3408 89 15 mesure
1971 3405 90 25 répara-

1589 3430 55 19 trice
1670 3433 23 16 et
1708 3429 34 20 les
1755 3431 86 20 mêmes
1856 3432 114 21 clameurs,
1988 3441 26 15 se
2029 3436 33 21 fe-

1589 3463 51 16 ront
1645 3459 116 20 entendre.
1773 3460 58 21 Gueî
1847 3462 123 27 gaspillage
1975 3466 6 20 !
1991 3467 7 20 !
2003 3466 60 21 Tou-

1589 3493 34 17 tes
1645 3490 33 19 les
1700 3496 126 15 ressources
1842 3492 36 20 .du
1891 3493 83 26 budget
1985 3502 78 17 seront

1589 3520 70 20 allées
1681 3519 92 22 s’enfuir
1789 3528 30 13 en
1832 3522 70 21 Corse
1913 3525 6 19 !
1926 3525 58 26 Non,
1998 3528 16 21 il
2032 3536 30 14 ne

1589 3556 50 14 sera
1662 3556 41 18 pas
1718 3552 84 22 permis
1819 3553 13 20 à
1846 3553 116 26 Napoléon
1978 3558 30 21 III
2020 3567 42 18 pas

1589 3580 110 25 plusqu'il
1711 3587 29 13 ne
1755 3581 22 21 le
1789 3582 35 21 fut
1832 3584 16 20 à
1858 3584 115 25 Napoléon
1980 3589 26 20 Ier
2017 3591 45 20 d’ê-

1589 3613 35 17 tre
1639 3610 63 25 juste
1717 3617 57 18 pour
1787 3613 23 20 la
1833 3614 70 21 Corse
1911 3623 7 17 ;
1940 3618 16 20 il
1978 3627 84 18 pourra

1589 3641 141 20 s’aventurer
1735 3642 89 26 jusqu’à
1833 3651 155 21 recompenser
1999 3653 63 24 quel-

1590 3677 57 18 ques
1665 3671 95 21 services
1769 3675 139 23 particuliers
1920 3678 40 21 des
1969 3681 91 23 Corses-

1589 3701 32 20 M.
1640 3701 69 20 Pietri
1733 3702 99 23 donnera
1850 3708 64 20 accès
1922 3715 14 14 a
1953 3713 108 26 quelques

1590 3737 96 17 pauvres
1711 3732 91 23 affamés
1818 3736 29 20 de
1862 3743 43 15 son
1931 3747 53 19 pays
2004 3745 57 20 dans

1589 3761 34 21 les
1641 3762 105 21 cohortes
1768 3765 28 20 de
1812 3767 22 20 la
1848 3768 79 26 police,
1941 3776 23 17 et
1971 3777 48 19 tout
2026 3783 37 14 se-

2079 125 23 14 ra
2125 119 33 19 dit
2179 122 54 19 pour
2251 119 48 17 8b“*e
2306 119 152 25 département
2477 127 26 22 de
2518 133 6 16 1

2079 149 89 21 France.
2526 143 9 12 a

2105 180 61 20 Nous
2172 185 28 14 11e
2209 178 20 20 le
2236 178 105 24 répétons
2348 177 81 25 jamais
2437 189 58 20 assez
2503 197 6 7 •
2517 193 6 16 1

2079 210 83 21 France
2167 212 22 18 et
2194 209 21 20 la
2221 208 70 21 Corse
2306 214 29 14 ne
2343 209 136 28 s’entendent
2485 202 51 42 pas^

2079 242 18 20 si
2115 241 21 20 la
2153 240 68 21 Corse
2229 239 76 20 donne
2318 238 21 21 la
2351 241 61 20 main
2421 243 13 20 à
2442 244 21 21 la
2479 249 37 24 Fra
2530 241 5 9 *

2079 279 32 16 ce,
2128 272 54 20 c'est
2191 277 29 14 en
2236 276 25 15 se
2269 272 107 18 tournant
2393 278 50 16 vers
2457 276 69 29 l*Italie
2530 295 6 5 -

2079 306 22 17 et
2113 301 75 27 quand
2206 301 32 20 les
2261 300 175 24 fonctionnaires
2451 306 29 22 du
2493 318 37 19 Con

2079 334 71 21 tinent
2173 332 85 26 parlent
2274 331 14 20 à
2305 331 22 20 la
2353 331 76 25 Corse,
2455 337 50 25 c’est
2519 346 19 21 le

2079 365 75 25 visage
2175 363 78 20 tourné
2279 368 51 15 vers
2351 362 22 21 la
2390 366 117 27 métropole
2520 381 19 17 et

2079 395 56 21 dans
2158 401 44 14 une
2217 393 82 25 langue
2316 393 64 25 qu’ils
2397 402 29 14 ne
2438 404 54 17 nous
2504 410 36 18 ont

2080 433 40 19 pas
2135 425 74 25 appris
2233 425 13 19 à
2267 423 78 21 aimer.
2467 437 15 5 -

2105 461 11 12 «
2126 457 112 20 Personne
2252 461 29 14 ne
2294 455 52 20 s’est
2363 456 74 22 étudié
2454 459 14 21 à
2487 469 53 18 com-

2080 487 95 26 prendre
2193 486 20 20 le
2235 486 112 20 caractère
2370 493 71 19 corse,
2459 490 61 26 disait
2528 499 11 20 à

2081 519 20 20 la
2118 518 87 21 tribune
2221 516 123 25 legislative
2364 517 21 21 le
2392 519 89 24 général
2495 524 47 24 Bre-

2081 550 48 20 nier
2145 555 28 14 en
2191 547 48 21 1822
2248 554 6 17 ;
2270 547 32 20 les
2320 547 187 27 administrateurs
2517 558 25 21 de

2081 581 71 21 même
2176 585 42 19 que
2243 578 33 20 les
2303 579 112 26 employés
2435 583 108 28 militaires

2081 619 14 19 y
2105 611 103 21 viennent
2216 615 54 14 avec
2279 608 41 21 des
2333 611 141 23 préventions
2482 618 61 23 qu’ils

2082 649 28 14 ne
2127 641 116 21 cherchent
2264 646 41 19 pas
2335 641 12 19 à
2368 641 97 23 détruire
2478 652 28 16 en
2522 656 22 15 se

2081 674 99 20 donnant
2201 671 20 20 la
2241 671 67 25 peine
2325 671 27 20 de
2380 672 49 21 voir
2445 679 22 16 et
2488 677 56 28 d'ap-

2082 703 85 26 précier
2187 702 32 21 les
2237 702 80 20 choses
2336 709 40 18 par
2392 710 43 14 eux
2450 707 80 24 mêmes
2538 719 6 6 •

2082 739 22 17 et
2120 740 85 15 comme
2223 733 27 20 ils
2267 733 145 22 considèrent
2429 735 48 22 leur
2496 741 50 21 rési-

2082 766 69 20 dence
2176 771 27 14 en
2216 764 77 22 Corse,
2316 770 28 14 ou
2363 771 85 16 comme
2463 775 29 14 un
2501 777 43 18 pre-

2083 796 55 21 mier
2150 802 39 20 pas
2212 795 56 21 dans
2285 795 21 20 la
2324 795 103 25 carrière,
2445 804 29 15 ou
2490 807 55 17 com-

2083 835 37 14 me
2139 834 31 14 un
2187 826 103 24 noviciat,
2313 826 140 25 quelquefois
2470 837 76 18 encore

2088 865 85 15 comme
2186 865 30 14 un
2233 857 52 24 éxil,
2294 856 18 21 il
2320 857 86 21 croient
2415 859 81 26 devoir,
2505 865 42 21 sui-

2083 893 53 19 vant
2160 890 22 20 la
2203 889 73 24 mode,
2296 888 136 22 condamner
2452 894 59 20 toute
2525 896 21 21 la

2084 921 69 20 Corse
2175 920 189 21 indistinctement
2382 923 24 17 et
2427 924 49 19 tout
2490 928 55 20 aussi

2081 951 185 27 judicieusement
2283 957 45 19 que
2345 950 104 27 Sénèque
2466 953 21 21 la
2498 962 47 16 con-

2084 983 98 21 damnait
2209 982 30 21 du
2253 981 56 21 haut
2324 981 28 21 de
2368 981 21 21 la
2398 985 52 18 tour
2466 984 54 23 dans
2526 988 20 22 la

2085 1014 73 26 quelle
2179 1013 16 21 il
2208 1012 54 22 était
2286 1012 119 21 renfermé.
2415 1021 11 11 »

2110 1045 89 21 Paroles
2220 1043 97 27 perdues
2327 1044 6 21 !
2347 1043 32 21 Le
2395 1045 92 24 général
2500 1047 48 23 Bre-

2085 1076 55 23 nier,
2151 1076 23 21 ni
2182 1082 71 14 aucun
2262 1078 72 21 autre,
2352 1081 29 14 ne
2394 1077 155 26 persuaderont

2082 1107 88 26 jamais,
2192 1106 83 26 malgré
2301 1106 50 21 leur
2365 1105 128 27 éloquence,
2506 1111 23 19 ni
2537 1108 13 24 à

2085 1139 49 20 leur
2139 1138 162 25 compatriotes,
2319 1137 23 20 ni
2359 1143 44 15 aux
2421 1137 80 22 Corses
2509 1147 42 19 que

2086 1169 85 20 ceux-ci
2190 1170 52 19 Sont
2264 1168 105 25 français.
2394 1168 83 21 Voulez
2496 1177 54 17 vous

2086 1200 47 21 être
2153 1200 49 21 sûrs
2224 1200 30 20 du
2271 1199 43 21 fait
2326 1200 12 20 ?
2355 1200 128 21 Demandez
2494 1201 15 21 à
2522 1209 29 15 un

2086 1231 103 25 Français
2198 1231 28 20 de
2233 1231 76 26 quelle
2317 1231 77 21 nation
2403 1234 36 18 ést
2452 1231 84 23 Fieschi
2544 1242 7 17 ;

2086 1262 122 21 demandez
2229 1263 13 20 à
2257 1269 32 14 un
2307 1262 70 21 Corse
2393 1262 30 21 de
2431 1263 74 25 quelle
2518 1271 35 14 na-

2086 1293 48 21 tion
2161 1297 33 17 est
2211 1293 123 26 Napoléon,
2357 1297 23 17 et
2404 1299 58 15 vous
2481 1300 71 18 verrez

2087 1331 54 15 avec
2164 1324 52 25 quel
2233 1324 84 21 dédain
2341 1325 52 20 d’un
2417 1325 57 23 côté,
2503 1332 51 16 avec

2087 1355 74 26 quelle
2182 1354 61 21 fierté
2271 1355 30 20 de
2323 1355 80 20 l'autre
2424 1357 25 18 sé
2471 1355 47 22 fera
2533 1354 20 25 la

2086 1387 102 23 réponse.

2226 1415 100 23 Morëlli
2333 1415 194 28 Jéan-Baptistè.

2218 1450 121 21 Chevalier
2361 1450 31 21 de
2412 1451 26 21 la
2454 1452 84 26 Légion

2311 1481 136 23 d'honneur.

2296 1517 28 18 De
2334 1517 108 24 Bocognano
2452 1519 70 25 (Corse)

2243 1556 156 29 ICuntinua)

2209 1630 223 46 TAGLIU

2143 1720 13 5 -
2319 1713 22 18 A
2348 1713 91 19 l’amîcu
2442 1714 21 19 J.
2468 1715 82 24 Filîppi

2115 1758 81 23 Cume.-
2201 1759 29 22 lu-
2234 1759 112 28 giardinu

2111 1793 77 27 jelosu
2200 1793 55 22 d’un
2265 1795 91 24 tesôru,

2114 1826 38 23 chi
2165 1830 76 19 scruta
2250 1833 15 16 u
2277 1834 53 15 mar
2339 1829 99 21 luntanu

2114 1861 108 22 timendu
2229 1867 45 22 per
2285 1861 117 28 queH’oru
2415 1877 6 3 -
2438 1877 6 6 ,

2114 1894 85 23 ch’ellu
2205 1896 91 21 teneùn
2308 1895 117 23 cüstodia:

2114 1928 93 29 ed’ogni
2217 1931 112 26 passente
2340 1930 69 22 ódiav

2115 1985 22 22 O
2150 1985 251 29 TagliUjinnarpellatu

2114 2025 14 16 a
2138 2019 74 28 l’iglia
2223 2019 36 22 d’a
2275 2022 131 25 muntagiia

2114 2054 53 26 stai,
2178 2055 70 27 postu
2259 2056 116 20 avanzatu

2114 2090 24 22 di
2149 2090 24 22 la
2183 2090 62 22 ricca
2256 2089 121 29 Tavagiia,

2114 2129 21 21 e,
2149 2124 54 25 d’un
2211 2124 106 29 isdegnu
2329 2126 75 20 alteru

2114 2159 136 26 spaventi.u
2259 2159 120 22 furesteru
2391 2159 6 21 !

2114 2214 41 23 Ma
2169 2214 37 23 chi
2215 2215 103 22 s’inoltri
2327 2216 80 23 âvanti

2113 2248 35 23 fra
2156 2249 23 22 le
2190 2255 27 16 so
2225 2255 54 16 case
2287 2256 77 20 scure,

2113 2289 33 15 un
2156 2283 19 22 ti
2186 2283 31 28 pò
2226 2283 30 22 dà
2262 2283 46 22 che
2315 2285 66 21 vanti
2507 2288 6 23 f

2114 2322 14 16 e
2134 2317 115 28 càppià.le
2257 2323 35 18 .so
2300 2324 75 21 paure

2113 2351 111 27 perch’un
2235 2352 58 21 vide
2304 2358 39 15 ma
2353 2353 48 21 taie

2114 2386 152 27 accuglienza.
2271 2386 109 27 ospitale.
2394 2407 3 3 .

2113 2435 43 27 Eo,
2168 2435 63 29 dôpu
2241 2437 107 23 affanosa

2113 2470 103 28 marchja
2227 2476 29 16 eu
2268 2471 53 22 sole
2330 2471 86 27 estivu,

2113 2504 26 21 in
2150 2502 24 23 te
2188 2505 67 22 volse
2266 2505 24 22 fa
2302 2511 61 22 posa
2375 2512 6 20 ;

2113 2543 16 16 u
2137 2537 108 29 t’aspettu
2256 2539 94 28 gattivu
2362 2561 4 3 .

2113 2577 78 17 messe
2201 2579 47 15 una
2256 2574 80 21 strana
2340 2575 67 21 tema

2112 2605 27 22 in
2148 2607 24 20 la
2184 2605 49 24 mio
2241 2609 82 20 mente
2334 2613 88 18 sceraa.
2459 2615 5 8 ^
2501 2602 10 29 |

2297 2640 4 2 ‘
2321 2640 37 20 Y.\-
2363 2641 10 19 T
2391 2646 12 10 ••
2419 2652 7 8 .-
2431 2636 12 26 }■
2446 2641 3 3 '
2509 2657 3 2 .
2519 2643 26 16 /•'Y
2560 2647 4 2 '

2114 2659 25 27 E,
2149 2660 141 23 feminuccia
2298 2662 58 26 vile,

2114 2694 98 22 sarebbe
2220 2696 69 25 yoltu
2299 2696 79 21 strada
2395 2718 4 3 .
2409 2687 155 46 /YYffì

2114 2727 87 26 Quand
2208 2735 15 15 u
2233 2730 26 21 tô
2272 2730 141 27 campanile,

2114 2761 55 22 rittu
2182 2762 107 22 cum’tma
2300 2764 74 27 spada

2114 2795 22 21 di
2147 2795 238 30 limpidaschettezza,

2114 2829 105 28 m’ispirò
2231 2831 125 22 sicurezza.

2159 2874 21 14 ,j-
2209 2879 11 6 ••
2266 2874 15 12 1.
2314 2877 30 12 .i..
2484 2866 80 28 5/.Ûè|H!

2115 2889 75 22 Avale
2204 2890 30 22 mi
2249 2891 101 27 rallegru

2114 2923 23 21 di
2148 2924 23 21 la
2177 2924 47 22 miò
2234 2925 161 27 cunfindanza,

2114 2956 50 22 ch’a
2173 2958 24 21 lu
2204 2958 127 23 viandante
2337 2965 59 23 egru

2113 2996 33 16 un
2154 2991 83 23 mancô
2248 2993 116 27 pietahza,
2391 3016 3 2 .
2405 3008 4 3 -
2427 3008 16 10 -,
2536 2993 25 23 A

2113 3030 32 16 ne
2153 3025 110 23 -cunfortu
2277 3032 15 16 o
2304 3028 91 27 qualsia
2471 3033 4 24 ;
2521 3025 21 29 fi

2114 3060 49 20 attu
2169 3059 23 22 di
2201 3060 111 22 curtesia.

2115 3111 23 25 U
2149 3115 81 26 témpu
2241 3114 39 23 chi
2293 3115 31 22 dà
2331 3122 83 16 morsu
2471 3133 3 3 .
2496 3118 10 6 ■'

2115 3152 14 15 a
2138 3147 109 28 tutt’ogni
2258 3152 119 25 ramentü,
2417 3168 5 4 .
2434 3160 6 17 ;
2459 3160 13 15 ?.
2477 3159 4 15 :
2487 3157 14 12 -T

2093 3191 8 17 /
2115 3180 148 30 versu’pae.se
2275 3189 79 22 corsu,

2115 3219 31 15 un
2159 3214 48 22 farà
2215 3221 32 16 un
2255 3220 126 20 mumentu
2489 3240 5 4 .
2507 3230 13 9 ..-

2115 3246 52 23 ch’o
2176 3249 32 21 mi
2223 3245 79 27 scordi
2312 3251 37 22 d’u
2360 3252 81 27 jornu,

2116 3280 52 23 ch’o
2177 3281 77 24 t’ebbe
2259 3289 45 22 per
2316 3286 128 27 suggiórnu
2448 3291 9 19 ;
2527 3284 6 22 *.

2366 3312 20 19 /r
2408 3315 4 9 :
2418 3312 10 16 /
2437 3309 9 22 (
2457 3318 4 4 •
2474 3317 6 7 -
2484 3312 3 3 '
2493 3313 6 12 ;
2512 3317 7 8 >
2529 3309 4 4 '

2114 3334 37 22 Ne
2158 3342 70 17 menu
2239 3338 24 22 di
2276 3338 99 26 l’amici,
2449 3360 3 3 .
2464 3355 5 8 ;
2500 3349 5 18 ;

2115 3368 38 22 chi
2165 3370 94 23 m’hanu
2270 3372 118 23 ricevutu.

2114 3402 83 23 bracce
2208 3406 172 27 apperte,fe!ici
2456 3407 27 25 7"
2488 3402 26 27 V

2115 3441 14 16 e
2139 3437 120 23 un’hannu
2264 3438 103 23 -vuls’utu

2115 3470 79 23 danne
2203 3478 13 15 a
2221 3473 24 20 lu
2254 3472 121 23 furesteru
2385 3477 4 3 ‘

2114 3509 17 15 u
2138 3505 100 22 minimu
2250 3512 113 21 penseru,
2376 3524 5 5 .
2422 3516 4 14 ;
2432 3523 3 2 .
2452 3526 4 3 .
2470 3524 4 4 .
2502 3510 18 19 7

2151 3541 17 18 >
2324 3545 60 22 A.F.
2397 3539 128 32 Filippiuî*

2136 3583 33 20 da
2182 3584 49 20 San
2238 3584 110 21 Niculâiu
2356 3585 28 20 di
2393 3580 109 26 Muriani.

2115 3662 79 23 Avete
2204 3663 126 27 rinuvatu,
2337 3671 16 15 u
2360 3664 77 23 vostr’
2442 3660 106 25 abbuQa"

2088 3698 83 20 mentu
2176 3696 15 22 ?

2114 3735 105 24 No?....

2115 3774 86 24 AUòra
2207 3775 41 22 chi
2256 3774 65 22 bene
2330 3773 42 22 chi
2378 3759 174 40 vo’aspittats?
