2632 3822
125 110 28 49 0
168 106 173 48 Cuaventu
358 103 38 48 di
412 103 156 48 Corbara
580 107 39 46 0)

118 213 89 24 Biancu
220 215 71 15 cumc
301 208 6 21 i
322 214 27 16 so
362 207 62 26 frati,
438 213 15 15 u
466 206 42 27 piu
521 207 125 20 cunventu

105 242 114 30 Fideghia
232 248 45 15 cun
289 240 161 27 Irent’occhj,
467 237 82 28 quajò,
563 244 13 15 u
590 245 66 15 mare

105 277 108 28 Furiosu,
226 274 167 28 mugghiente,
406 272 121 24 viulentu,

105 315 16 22 F
131 315 56 24 parc
200 309 36 21 di:
250 307 47 22 Chi
309 307 53 26 tipu
372 304 122 28 singulare
506 303 35 22 !...

440 340 4 7 »

119 377 86 24 ’Rentu
217 381 12 15 a
242 379 40 17 mo
294 371 133 23 sulitudine
439 371 91 27 sirena,

110 410 68 29 L’omi
192 412 119 24 sponenu,
325 404 85 28 alegri,
424 405 57 27 ogni
494 405 104 27 timoré;

107 447 37 24 >la
156 443 78 28 prima
247 440 24 22 di
285 437 62 23 cullà
360 438 74 21 nantu
446 444 13 15 a
471 444 28 16 so
508 438 91 22 schena

105 472 197 33 Arricumandan’
314 471 98 22 l’anima
424 477 13 15 a
449 478 15 14 u
477 471 115 28 Signore.

107 543 114 32 Mugghia
227 544 90 25 puru,o
324 537 179 28 mugghié,ch’a
511 539 93 22 mèuto
613 546 68 21 mug-

623 573 57 28 ghiu

108 616 38 23 Un
158 609 106 26 disturba
276 605 30 23 nè
320 610 81 22 apace
414 605 30 22 nè
456 612 13 15 a
483 606 124 28 prighera,

108 643 133 33 Rèquandu
248 639 55 28 fraji
310 638 8 21 i
327 638 76 28 scogli
410 639 26 21 in
442 645 78 16 mezzu
527 646 30 16 au
563 640 118 28 bugghiu,

108 683 35 24 Rè
155 677 92 32 quandu
256 681 12 15 u
282 672 52 22 sole
344 671 84 23 indora
437 679 13 15 a
460 675 24 19 to
497 674 129 27 scugliera.

125 750 46 23 Chi
185 745 54 24 voci
252 743 38 29 pie
302 739 245 29 cbiucchiuleghianu
560 742 96 21 intornu

112 787 23 22 A
147 786 37 21 stu
196 779 81 25 rimitu
286 775 71 28 jancu
369 772 35 21 !...
417 773 24 22 A
446 775 74 25 terra,
534 774 6 21 i
549 775 79 22 monti

113 811 177 35 Preganu,inde
299 814 13 15 e
320 811 26 17 so
353 806 94 28 lingue,
456 809 68 20 notte
531 808 125 28 eghiornu
665 816 5 15 :

115 854 104 25 Preganu
229 852 12 15 e
252 841 90 29 teghie,
352 846 12 16 e
376 841 91 26 piante,
477 841 85 27 l’erbe,
572 848 14 16 e
598 842 70 23 fonti.

125 918 48 26 Qui
180 918 72 24 régna
262 917 13 15 a
283 908 89 23 santità
381 915 6 16 :
398 910 21 20 A
428 910 60 21 cima
499 910 41 28 (un
551 910 130 30 Calvariu),

110 945 168 30 Sant’Agnulu
290 949 5 16 :
308 955 29 3 —
351 942 87 28 quallà,
452 943 65 22 Sant’
525 945 119 22 Antulinu
653 957 29 4 —

110 987 26 21 In
149 985 77 21 bassu,
241 985 13 14 u
266 977 78 25 Laziu,
356 979 106 26 augustu
473 979 125 21 santuariu

107 1018 31 24 X)i
150 1023 13 15 a
175 1013 108 28 vergine,
296 1010 63 28 eppò
373 1010 117 23 uTevaru
504 1012 83 22 vicinu
600 1012 39 29 (2).

120 1084 49 27 Qui
183 1080 105 24 Martinu
301 1079 91 26 Didon,
406 1080 30 21 cîa
448 1086 31 15 un
491 1081 51 21 fatu
554 1081 71 22 Iristu

106 1115 169 25 Sframbulatu,
288 1113 72 22 truvò
376 1120 31 15 un
420 1119 57 17 core
486 1115 113 26 ospitale,

106 1152 17 22 E
134 1148 90 25 custrui
240 1148 24 21 in
275 1147 102 22 silenziu
390 1154 13 15 a
416 1147 68 22 Gesù
497 1148 85 21 Cristu

105 1185 22 23 U
138 1189 28 16 so
177 1188 60 23 gran
246 1183 159 20 munumentu
415 1181 124 22 triunfale.
549 1181 30 29 (3)

118 1252 22 22 O
149 1251 69 29 jorni
229 1251 58 21 belli
300 1251 25 21 di
337 1256 13 16 a
359 1250 202 27 m’adolescenza,

103 1287 37 22 Da
152 1285 51 22 Diu
213 1284 90 22 surrisa
317 1285 57 21 inde
386 1284 160 28 st’aggrondu
557 1284 88 25 amicu,

102 1320 23 22 O
137 1319 65 27 jorni
215 1318 103 25 antichi,
328 1324 12 15 a
352 1324 42 16 mo
407 1318 192 22 ricunnuscenza

102 1353 31 22 Vi
145 1355 71 19 torna
227 1352 60 21 novi
299 1358 5 15 :
319 1352 30 21 ed
361 1352 22 21 e’
394 1352 25 21 vi
429 1352 116 22 binadicu
556 1352 5 21 !

115 1422 18 21 E
140 1421 113 22 binadicu
266 1427 14 15 a
292 1423 33 23 te,
336 1427 65 15 same
410 1421 117 22 sbandatu

101 1455 76 27 D’ape
186 1455 82 26 iedeli,
282 1456 73 20 tornu
366 1460 14 16 a
391 1454 85 22 l'arnia
489 1460 56 16 cara
557 1454 41 29 (4).

101 1490 46 23 Per
159 1488 156 28 impastabbi,
327 1488 63 21 mele
403 1488 124 27 prilibatu,

100 1524 118 22 Dulcezza
229 1524 70 20 santa
312 1522 25 21 di
350 1524 36 19 sta
398 1522 51 21 vita
460 1527 82 16 amara
553 1521 40 30 (5).

487 1567 23 21 U
523 1566 131 22 Babbuziu

94 1629 25 23 (1)
128 1629 15 18 Il
152 1629 94 18 convento
254 1628 32 18 dei
293 1627 123 19 Domenicani
424 1630 67 19 presso
505 1626 81 19 Corbara
603 1627 20 17 di
630 1626 51 19 Bala-

72 1662 44 18 gna.

92 1688 26 23 (2)
124 1688 66 18 Hanno
199 1688 43 17 dato
250 1687 14 18 il
273 1691 57 14 nome
337 1687 21 17 di
365 1687 75 18 Tevaru
448 1686 88 22 (Tevere)
545 1691 12 13 a
570 1690 27 13 un
610 1686 71 17 torren-

73 1717 44 18 tello
125 1716 36 18 che
169 1720 65 14 scorre
248 1716 50 17 sotto
312 1715 16 18 il
344 1716 94 17 convento
445 1714 20 18 di
474 1714 89 18 Corbara.
572 1714 25 18 La
605 1718 77 13 nomen-

72 1745 71 18 clatnra
151 1744 19 18 di
179 1743 64 23 quesli
250 1743 69 23 luoghi
327 1743 11 18 è
354 1744 50 17 tutta
416 1747 83 13 romana.
517 1742 63 18 Siamo
597 1742 19 19 in
626 1741 54 23 pieno

73 1773 59 18 Lazio.

92 1804 27 22 (3)
127 1804 26 17 La
161 1808 35 13 sua
209 1803 43 18 Vita
260 1802 22 19 di
288 1802 46 19 Gesù
343 1801 66 19 Crislo.

90 1835 27 22 (4)
124 1834 20 19 Si
153 1835 64 17 allude
225 1834 18 17 al
252 1834 74 17 ritorno
335 1833 30 18 dei
373 1832 122 19 Domenicani
513 1832 33 18 nel
564 1832 41 18 loro
616 1832 64 17 anlico

69 1864 98 17 convento.

90 1894 26 22 (3)
124 1894 23 17 Di
155 1893 19 18 S.
181 1893 92 23 Agostino
282 1893 11 18 è
304 1894 50 16 stato
362 1892 67 18 scritto
436 1897 5 12 :
449 1892 37 17 «Tu
503 1891 19 18 ci
530 1891 63 23 spezzi
603 1891 40 18 favi
657 1889 23 19 di

65 1922 56 18 miele
129 1921 160 22 inlerpretandoci
297 1921 20 17 le
326 1920 55 19 Sacre
390 1920 116 18 Scritture».

77 2095 98 20 Avemu
200 2093 114 28 sappiutu
341 2098 45 16 cun
412 2097 72 22 pena,
512 2097 12 15 s

51 2133 76 19 morte
139 2130 25 21 di
177 2137 13 14 a
204 2129 91 29 figliola
309 2130 23 21 di
344 2135 13 15 u
367 2131 87 20 nostru
463 2127 60 22 ami-

50 2173 27 16 cu
89 2173 15 16 u
115 2167 105 21 Duttorc
230 2165 143 28 Chiappini,
384 2164 140 28 Cunsiglie-

50 2209 25 17 re
97 2203 115 28 generale
235 2203 23 21 di
286 2201 72 27 Vicu,
382 2207 13 16 a
417 2202 107 21 nucente

51 2240 120 28 agnulella

157 2286 110 23 Isabella
279 2285 137 27 Chiappini

78 2331 144 23 andàtasine
243 2337 27 16 eu
289 2331 51 22 Diu
361 2337 12 15 a
386 2330 58 22 l’età
464 2330 24 22 di
510 2335 13 16 2

51 2369 63 25 anni,
127 2375 14 15 e
153 2368 126 22 lesciendu
298 2367 103 23 tutt'una
412 2367 111 28 famiglia

51 2405 149 22 addulurata.

78 2441 160 22 Indirizzemu
250 2447 13 16 a
276 2441 48 22 ’ssa
344 2441 109 27 famiglia
473 2441 51 21 cul-

52 2478 56 27 pita,
122 2485 13 15 e
148 2479 217 27 particularmente
376 2483 14 16 a
406 2483 15 15 u
441 2477 79 22 babbu

57 2520 13 15 e
88 2521 13 15 a
112 2521 105 16 mamma
228 2515 24 21 di
264 2515 139 27 Tagnulella
421 2513 100 28 sparita,

54 2557 12 15 e
77 2554 81 19 nostre
178 2557 139 16 cummosse
337 2551 185 27 cunduglianze.

732 101 123 26 Lamentu
869 107 118 25 d’Amore

843 161 12 13 Z
864 165 35 11 una
906 163 79 17 Ajaccina.

728 183 21 17 In
758 185 64 20 lamiò
830 191 89 17 memoria
925 192 11 17 è
944 192 67 19 scrilla

729 208 14 17 C
751 210 36 17 mai
797 211 25 18 rni
831 215 135 23 scurderaghiu

729 233 22 17 Di
759 235 63 20 quellu
830 237 49 19 bella
887 242 62 16 serata

729 257 20 17 Di
758 260 64 20 quellu
828 261 68 24 cinque
901 264 20 17 di
925 266 85 22 maghiu.

729 282 52 22 Dopu
791 285 111 23 landu,inlu
911 290 38 17 miò
956 296 54 17 capu,

729 306 52 20 Altre
788 309 42 19 idee
836 312 32 21 più
874 318 39 13 nun
919 314 18 18 ci
945 316 64 21 aghiu.

729 358 40 18 ’Ssa
778 364 48 18 sera,
839 364 137 23 madamicella,

729 382 23 18 Di
759 384 30 18 voi
799 386 139 21 in’innamurai.

730 407 51 23 Dopu
790 410 35 18 clie
833 411 21 18 vi
863 413 57 22 lengu
932 419 44 13 caru

729 431 126 22 Cumincionu
863 437 13 16 li
886 438 38 17 miò
935 440 43 21 guai
985 445 5 16 ;

729 457 52 23 Dopu
789 464 11 12 a
809 462 64 17 vostra
881 467 118 15 eunuscenza

729 481 34 18 Eiu
772 488 26 13 un
806 489 25 13 ne
838 485 64 23 riposu
911 488 44 17 mai.

729 529 21 17 Si
753 530 17 17 le
779 530 30 18 voi
819 531 18 18 la
845 533 98 22 eaggione,

729 554 15 17 E
752 554 39 19 fate
798 556 145 20 l’indifferente.

729 579 55 19 M’ete
792 581 48 18 fallu
852 587 38 14 una
901 583 55 19 ferila

730 604 41 22 Chi,
781 606 63 23 oghie,
855 608 50 18 assai
917 609 26 18 mi
952 611 59 21 sente,

729 630 16 18 A
747 632 52 21 perla
807 637 37 13 cun
854 638 25 13 un
888 634 79 18 cultellu

730 656 22 17 Di
760 656 88 19 l’acciaru
860 658 32 23 più
903 664 25 17 pu
930 660 58 18 lente.

731 704 28 18 Un
768 705 48 18 siale
824 706 39 17 cusi
872 708 66 21 cruda,

730 729 78 23 Appiate
817 732 129 21 cumpassione
953 732 4 19 !

730 754 23 19 Di
761 755 14 17 li
783 755 39 18 miò
830 756 50 18 vinli
888 758 34 17 dui
933 758 45 18 anni

731 779 83 19 Calm'ale
822 781 19 18 la
851 783 112 18 cumuzione
970 789 5 16 ;

731 804 36 18 Per
774 805 38 18 cari
815 806 18 17 là
844 806 20 18 bi
875 807 103 23 dumandu,

731 829 53 22 Cara,
794 831 17 18 la
820 832 152 20 vostr’affezionc
978 833 4 18 !

730 879 25 17 La
764 878 76 20 Corsica
848 881 59 22 aghiu
915 882 64 22 giratu

730 904 27 17 Da
763 904 19 19 la
790 905 75 22 pieghia
870 911 11 13 a
886 907 19 17 la
911 909 102 22 raunlagna

729 928 59 23 Corti,
797 930 78 23 Ajacciu
884 936 11 13 e
903 932 69 22 Bastia,

730 954 98 19 Bonifaziu
838 960 10 13 e
856 956 19 17 la
883 957 82 23 Balagna
972 963 5 17 ;

730 979 67 19 Mancu
806 980 20 18 in
834 982 52 17 tuttu
896 982 105 19 l’universu

730 1004 29 19 Un
767 1006 57 18 trovu
832 1007 64 18 vostra
903 1012 109 19 cumpagna.

729 1054 45 18 Pur’
782 1055 20 17 di
809 1055 84 23 jugnene
901 1061 12 13 a
920 1057 82 22 pussede

730 1079 21 19 Li
760 1080 58 18 vostri
827 1081 100 19 dicennov’
933 1083 51 21 anni,

730 1104 65 21 Scalzu
804 1111 11 13 e
824 1107 97 22 spugliatu
929 1108 83 20 anderia,

732 1131 128 19 Affrunlendu
869 1132 14 18 li
892 1133 90 18 malanni.

729 1157 30 18 Ma
767 1157 63 22 quella
838 1157 20 18 di
866 1158 20 17 lu
895 1158 99 18 cuntrariu

730 1182 25 18 Mi
764 1182 39 18 ferà
812 1182 45 18 bive
865 1182 20 18 in
894 1183 79 18 affanni.

730 1229 72 20 Gattivi
810 1230 94 18 mumenti
911 1234 57 18 passu

730 1254 15 19 E
753 1259 39 14 nun
799 1255 22 17 sù
829 1255 33 23 più
869 1255 110 19 duveandà.

708 1280 26 17 Lu
744 1280 38 18 miò
790 1280 33 22 più
835 1281 72 21 grande
919 1280 94 23 Iravagliu

729 1305 15 18 E
752 1305 20 18 di
780 1306 102 17 stammine
890 1310 12 13 a
910 1310 59 18 pensa

729 1330 23 18 A’
759 1331 50 18 bella
818 1331 46 18 città
872 1331 97 22 d’Ajacciu

730 1355 42 23 Chi,
781 1357 87 21 suvenle,
877 1356 83 18 b’averà.

708 1407 85 19 Stanolte
798 1408 58 23 aghiu
862 1408 68 18 fatt’un
935 1409 76 21 sonniu,

730 1433 35 19 Oh!
770 1434 72 25 quantu
849 1433 51 18 m’ha
906 1433 105 19 riturnatu!

729 1459 168 19 D’innamurammi
905 1459 18 17 di
935 1459 33 20 voi

708 1483 40 19 Che
756 1489 26 12 un
790 1484 16 18 ci
813 1484 64 18 avessi
883 1484 128 22 maipensaluj

728 1509 103 23 Angoscie,
843 1509 72 23 suspiri
926 1514 12 13 e
945 1509 67 23 pienli.

729 1534 74 19 Eccune
812 1535 21 18 lu
844 1534 99 19 risultatu.

728 1582 59 18 Avale
795 1582 27 18 mi
830 1582 74 19 basterà

730 1607 45 18 Solu
784 1612 13 13 u
805 1608 57 17 eanlu
871 1608 20 17 di
901 1608 76 18 l’acelli.

728 1632 98 23 M’abbegu
834 1632 24 19 bè
864 1633 31 18 chi
902 1633 77 18 Pamore

729 1653 15 22 È
752 1663 26 12 un
786 1658 71 22 ghiocu
865 1658 20 17 di
896 1658 60 18 zitelli

728 1692 24 4 —
757 1682 81 19 Giovani
844 1683 78 23 pigliate
928 1684 83 22 esempiu

729 1708 64 22 Sopr’a
800 1708 59 18 Petru
867 1708 77 19 F...elli.

729 1758 37 22 Qui
774 1759 83 23 ripongu
866 1760 18 17 la
893 1759 38 18 miò
939 1763 62 18 penna

729 1783 41 19 Cun
778 1785 72 22 grande
860 1785 118 17 l’emuzione.

728 1809 18 19 U
753 1809 38 20 mjô
799 1814 44 13 core
851 1810 53 18 balte
911 1815 11 12 a
931 1814 64 18 rompe

728 1834 15 18 E
751 1835 73 22 ghietta
833 1839 139 18 cumpassione,

728 1859 31 19 Ma
766 1864 75 18 auguru
849 1860 57 22 longa
916 1860 41 18 vita

727 1885 17 17 A
752 1885 62 22 quella
823 1885 31 18 chi
863 1885 31 18 n’è
902 1885 97 23 eaggione.

795 1918 20 19 U
827 1918 163 24 Tiragliatore.

676 2053 224 31 Cunfrateüi

580 2120 24 23 U
628 2123 84 20 nostru
735 2122 154 26 cunfratellu,
905 2123 117 25 Ajaccio-

549 2154 115 27 Journal,
676 2155 127 22 direttuda
812 2162 17 14 u
836 2158 86 19 nostru
932 2157 87 25 amicu,

551 2187 55 28 sgiò
618 2187 101 22 Saveriu
744 2188 180 27 Franceschini,
941 2190 81 21 cunsi-

550 2221 78 28 gliere
639 2222 150 24 municipale
801 2223 178 30 bonapartista,
989 2223 32 22 ri*

550 2255 76 27 pigüa
638 2261 12 15 a
659 2255 38 22 so'
706 2255 131 27 paruzione
849 2262 30 15 eu
891 2263 15 14 u
917 2262 104 16 numaru

551 2288 24 21 di
589 2294 14 15 u
616 2294 26 22 23
652 2289 142 23 settembre,

576 2321 27 22 Li
616 2327 135 22 auguremu
763 2323 48 21 bon
821 2329 115 16 successu
945 2329 13 15 e
966 2324 55 21 lon-

550 2361 30 21 ga
593 2355 59 22 vita.

584 2461 13 26 I
625 2462 90 26 nostri
742 2463 60 26 veri
823 2463 85 26 amici
930 2472 41 17 un
988 2472 32 18 so

550 2504 90 25 micca
659 2505 93 33 quelli
781 2505 46 26 chi
846 2506 26 25 ci
896 2509 124 24 contanu

551 2545 179 27 chiacchiare
754 2555 47 18 ma
826 2548 91 33 quelli
933 2548 46 25 chi
994 2548 24 25 ci

549 2588 146 25 mandanu
708 2597 19 17 u
741 2596 30 18 so
792 2589 226 26 abbunamentu.

1155 113 82 26 Corsi
1250 121 15 17 e
1278 113 133 26 JFrancesi

1047 165 43 36 Un
1110 167 148 37 Incidente
1283 179 18 24 a
1327 178 19 24 u
1369 168 144 45 Cunsigliu

1214 217 135 45 generale

1069 280 170 24 Riproducemu
1254 282 10 20 i
1277 282 48 20 resi
1337 283 62 19 conti
1412 283 27 20 di
1452 283 9 20 i
1474 283 42 20 dui

1044 307 135 24 quotidiani
1182 309 122 25 d’Ajacciu
1312 318 25 5 —
1343 309 129 24 çi’opinione
1477 313 38 22 op-

1042 337 67 21 poste
1116 345 27 4 —
1149 342 74 14 senza
1232 336 142 26 aghiugneci
1380 338 122 20 cummenti
1506 345 9 13 :

1065 372 90 18 «M.Truni
1163 373 92 19 demande
1262 374 12 17 à
1281 373 49 18 M.le
1338 373 69 23 Préfet,
1417 376 61 21 quelle
1486 375 29 18 ré-

1045 401 57 17 ponse
1110 402 11 13 a
1130 397 31 18 été
1168 398 48 18 faite
1224 399 11 17 à
1243 399 18 17 la
1270 398 72 18 motion
1356 399 54 18 votée
1421 400 94 18 dernière-

1044 422 53 17 ment
1102 426 33 17 par
1138 422 19 18 le
1162 422 75 19 Conseil
1242 423 75 22 général
1321 422 12 17 à
1337 427 66 17 propos
1406 425 33 17 des
1444 425 71 21 paroles

1044 447 116 19 prononcées
1166 447 124 23 parM.Deroy
1296 452 24 13 au
1327 446 72 20 Comité
1405 448 110 19 Consultatif

1044 470 24 17 de
1076 470 18 17 la
1102 470 73 19 Marine
1186 472 120 21 marchande,
1318 472 74 21 paroles
1400 474 33 21 qui
1441 474 75 18 avaient

1044 498 27 13 un
1079 494 94 18 caractère
1181 496 87 18 blessant
1275 501 49 18 pour
1331 496 19 17 la
1358 495 62 20 Corse.

1067 518 25 17 M.
1101 518 17 18 le
1126 518 64 19 Préfet
1198 520 24 17 lit
1229 525 38 13 une
1280 522 72 21 longue
1364 521 80 23 réponse
1456 523 24 18 de
1490 523 24 18 M.

1046 542 84 18 Baudoin
1139 543 33 22 qui
1181 549 11 12 a
1201 545 74 21 présidé
1283 546 29 17 les
1321 545 77 19 séances
1406 548 26 16 du
1446 547 70 18 Comité

1045 567 111 18 consultatif
1164 568 11 18 à
1183 568 102 19 Marseille.

1067 591 52 19 Cette
1131 593 79 22 réponse
1224 598 25 14 ne
1262 595 63 18 donne
1337 600 34 17 pas
1379 596 119 19 satisfaction
1504 597 12 17 à

1045 616 25 19 M.
1078 617 100 23 Caitucoli,
1187 620 21 16 et
1215 619 19 17 le
1242 619 58 18 débat
1307 621 122 18 s’envenime.

1067 642 24 18 M.
1100 642 89 22 François
1197 643 61 18 Pielri
1266 649 25 13 ne
1299 645 74 18 saurait
1379 646 71 18 tolérer
1461 647 55 22 qu’on

1045 667 51 18 fasse
1103 672 38 13 une
1147 668 153 19 discrimination
1305 671 53 17 entre
1364 670 18 18 le
1387 671 129 18 contribuable

1045 692 24 17 de
1075 692 19 18 la
1102 692 71 19 France
1181 693 130 19 continentale
1325 696 21 17 et
1358 696 19 17 le
1389 696 128 18 contribuable

1045 721 59 14 corse.
1113 717 50 18 Tous
1171 718 51 17 deux
1230 719 44 17 sont
1282 719 69 19 fondus
1365 721 47 17 dans
1424 721 93 22 l’appella-

1046 742 41 17 tion
1095 742 70 22 unique
1174 743 24 17 de
1206 744 134 19 contribuable
1348 745 88 21 français,
1441 747 25 20 et,
1471 750 45 14 avec

1047 766 57 22 force,
1118 768 84 21 proteste
1215 769 66 17 contre
1295 769 29 18 les
1339 774 68 18 propos
1415 770 70 18 insérés
1492 776 24 12 au

1046 792 141 22 compte-rendu
1195 793 110 22 analytique
1313 795 34 17 des
1356 795 77 18 séances
1446 796 24 17 du
1484 795 32 18 Co-

1046 817 47 18 mité
1100 817 119 18 consultatif.

1068 842 25 17 M.
1101 841 79 18 Camille
1188 842 60 18 Pietri
1256 843 88 19 s’associe
1351 845 12 17 à
1370 845 51 17 cette
1427 846 90 21 protesta-

1046 864 48 18 tion.

1068 889 25 18 M.
1103 888 60 18 Emile
1171 888 43 19 Sari
1222 889 30 18 dit
1259 895 37 17 que
1303 891 20 18 le
1331 895 68 18 propos
1408 892 31 17 n’a
1446 897 33 17 pas
1486 892 31 19 été

1047 912 45 17 tenu
1099 915 37 14 aux
1145 911 79 19 séances
1231 913 26 17 du
1266 913 73 19 Comité
1347 914 117 23 consultatif,
1473 920 43 13 sans

1047 935 40 17 cela
1095 934 28 17 les
1132 935 95 18 membres
1235 940 13 17 y
1256 936 90 22 délégués
1353 941 34 18 par
1401 937 19 18 le
1433 938 85 22 départe-

1047 958 52 17 ment
1106 957 24 17 de
1138 957 18 17 la
1163 957 59 18 Corse
1228 958 104 19 l’auraient
1339 959 71 18 relevé.

1068 982 25 17 M.
1098 981 105 19 Alexandre
1208 981 65 20 Musso
1281 984 93 18 confirme
1380 984 18 17 la
1404 984 113 19 déclaration

1048 1005 23 17 de
1078 1005 25 17 M.
1112 1003 49 19 Sari.
1170 1005 16 17 11
1194 1004 64 22 ajoute
1266 1010 37 18 que
1311 1007 19 18 le
1338 1007 90 21 coupable
1436 1012 24 13 ne
1472 1009 46 20 peut

1047 1027 40 18 être
1102 1031 36 17 que
1154 1027 25 18 M.
1193 1027 61 23 Deroy
1270 1029 41 21 qui,
1330 1033 24 14 en
1370 1030 107 21 corrigeant
1488 1031 28 17 les

1047 1050 92 22 épreuves
1147 1050 27 17 du
1181 1052 143 20 compte-rendu
1332 1052 106 22 analytique
1445 1057 10 13 a
1459 1054 57 16 voulu

1047 1077 64 14 corser
1118 1077 34 13 son
1160 1073 78 22 opinion
1246 1078 24 13 en
1277 1075 93 21 opposant
1381 1075 19 18 le
1413 1075 104 18 contribua-

1047 1096 31 18 ble
1085 1095 82 22 français
1175 1100 24 14 au
1207 1097 132 18 contribuable
1347 1101 59 14 corse.

1068 1121 25 18 M.
1101 1121 64 17 Musso
1174 1121 91 18 demande
1273 1126 37 17 que
1324 1126 22 13 sa
1359 1122 122 22 protestation
1494 1123 24 17 fi-

1047 1148 48 18 gure
1102 1148 24 13 au
1135 1143 141 22 procès-verbal
1285 1144 23 18 de
1317 1145 50 17 cette
1375 1144 74 19 séance.
1463 1145 15 17 Il
1485 1146 32 17 de-

1047 1167 67 17 mande
1122 1171 25 13 en
1154 1165 63 19 même
1224 1168 61 20 temps
1293 1171 38 14 une
1342 1166 86 23 enquête.

1069 1190 25 18 M.
1108 1190 78 18 Camille
1197 1190 61 19 Pietri
1271 1191 93 18 demande
1379 1196 40 13 une
1433 1192 83 18 sanction

1047 1214 64 16 contre
1119 1213 25 17 M.
1153 1213 69 22 Deroy.

1068 1237 25 17 M.
1101 1238 19 17 le
1128 1237 64 18 Préfet
1207 1238 24 17 de
1243 1238 20 17 la
1276 1237 58 18 Corse
1347 1238 70 22 répond
1432 1239 46 22 qu’il
1492 1243 24 13 ne

1047 1260 71 17 saurait
1126 1260 64 18 entrer
1198 1260 48 18 dans
1253 1259 56 19 l’idée
1317 1261 24 17 de
1349 1262 32 21 qui
1395 1266 37 18 que
1446 1265 21 14 ce
1479 1261 38 18 soit

1047 1282 24 18 de
1078 1282 76 18 vouloir
1162 1282 122 19 différencier
1291 1283 30 18 les
1330 1283 88 22 Français
1427 1285 24 17 du
1459 1284 58 18 conti-

1046 1306 47 17 nent
1100 1306 33 17 des
1141 1305 89 21 Français
1238 1306 24 17 de
1269 1305 58 18 Corse
1335 1301 52 27 pour*
1390 1307 34 22 qui
1432 1308 43 17 tous
1483 1308 33 17 ont

1046 1329 19 17 la
1073 1328 43 22 plus
1124 1328 93 23 profonde
1225 1329 114 22 sympathie.

1068 1354 105 18 L’incident
1181 1355 30 16 est
1219 1354 40 18 clos
1267 1358 34 14 sur
1309 1355 50 17 cette
1367 1359 45 18 sage
1416 1355 100 22 réplique.»

1068 1381 80 23 (L’Eveil
1155 1381 23 18 de
1187 1381 20 18 la
1216 1380 60 24 Corse)

1069 1420 38 18 (vM.
1115 1419 58 19 Trani
1181 1424 45 18 pose
1234 1425 38 13 une
1285 1420 90 23 question
1388 1421 11 17 à
1413 1420 25 18 M.
1446 1420 18 18 le
1473 1420 43 18 Pré-

1045 1443 34 22 fet,
1088 1443 134 18 relativement
1229 1443 12 17 à
1249 1447 35 14 son
1295 1447 46 14 voeu
1354 1444 24 17 de
1389 1443 73 18 l’année
1474 1445 42 17 der-

1046 1466 53 18 nière
1110 1470 35 14 sur
1157 1466 100 19 l’incident
1269 1465 34 22 qui
1316 1467 63 18 aurait
1391 1470 25 15 eu
1430 1467 39 17 lieu
1477 1467 11 17 à
1496 1467 19 17 la

1045 1489 80 20 réunion
1132 1490 26 16 du
1166 1488 72 19 Comité
1247 1488 114 19 Consultatif
1365 1490 23 17 de
1393 1493 35 14 nos
1434 1489 81 18 services

1046 1512 111 20 maritimes,
1166 1512 84 22 pendant
1257 1511 81 23 laquelle
1345 1516 27 13 un
1377 1513 58 20 agent
1440 1513 25 17 du
1471 1517 44 18 gou-

1045 1535 118 19 vernement,
1172 1535 25 17 M.
1207 1534 68 22 Deroy,
1284 1535 63 17 aurait
1354 1539 26 17 pu
1387 1535 42 18 dire
1436 1539 36 18 que
1478 1536 37 17 «les

1045 1557 142 19 contribuables
1201 1556 82 22 français
1297 1561 25 14 en
1335 1558 75 17 avaient
1425 1562 52 14 assez
1491 1558 24 17 de

1045 1585 58 18 payer
1110 1585 48 17 pour
1166 1580 30 18 les
1204 1578 74 20 Corses.
1284 1585 10 11 »

1067 1605 26 18 Le
1100 1604 63 23 préfet
1171 1604 71 22 répond
1251 1608 23 14 en
1282 1604 85 19 donnant
1372 1606 74 17 lecture
1459 1604 56 19 d’une

1045 1628 57 17 lettre
1109 1628 26 17 du
1143 1627 101 18 Président
1251 1628 25 17 du
1285 1627 72 19 Comité
1365 1627 150 23 Consultatif,qui

1046 1651 44 18 tend
1098 1650 11 17 à
1117 1650 48 18 faire
1173 1650 62 18 croire
1243 1654 37 18 que
1287 1650 20 18 le
1315 1655 67 18 propos
1396 1652 31 17 n’a
1440 1655 33 18 pas
1485 1651 30 18 été

1045 1677 53 17 tenu.
1106 1676 26 17 La
1139 1675 73 18 lecture
1219 1676 25 17 de
1251 1676 50 17 cette
1307 1676 64 20 lettre,
1380 1681 46 14 avec
1431 1680 33 15 ses
1471 1676 45 18 réti-

1045 1703 72 16 cences,
1126 1698 109 18 l’embarras
1244 1698 69 22 qu’elle
1322 1699 84 22 exprime
1418 1704 12 13 a
1442 1699 74 21 s’expli-

1045 1726 47 18 quer
1105 1721 132 18 franchement
1249 1725 34 13 sur
1296 1725 22 14 ce
1332 1721 76 22 pénible
1424 1722 90 22 incident,

1045 1748 72 18 prouve
1131 1744 187 18 malheureusement
1326 1744 18 18 le
1352 1745 95 18 contraire
1459 1745 23 18 de
1493 1750 22 13 ce

1045 1766 67 23 qu’elle
1120 1767 89 17 voudrait
1217 1766 94 18 affirmer.

1067 1792 25 17 M.
1101 1790 93 19 Caitucoli
1203 1796 21 14 se
1232 1792 66 17 dresse
1306 1792 12 17 à
1326 1795 35 14 son
1369 1792 53 18 banc.
1437 1792 26 18 En
1478 1797 37 14 une

1045 1814 81 22 superbe
1134 1814 145 23 improvisation
1287 1815 47 19 dont
1341 1814 29 19 les
1379 1816 69 18 termes
1456 1815 59 18 véhé-

1046 1838 62 19 ments
1116 1838 43 17 sont
1167 1837 98 20 accueillis
1272 1842 35 17 par
1320 1838 29 17 les
1361 1842 107 14 murmures
1480 1843 35 17 ap-

1046 1860 110 22 probateurs
1165 1861 23 17 de
1196 1859 119 20 rassemblée
1324 1861 20 17 et
1350 1860 26 18 du
1384 1860 71 23 public,
1461 1863 54 15 notre

1046 1881 95 20 directeur
1148 1883 93 22 politique
1249 1882 63 19 flétrit
1320 1883 96 18 l’attitude
1423 1883 92 21 grossière

1046 1906 46 18 d’un
1099 1907 57 21 agent
1170 1906 25 18 du
1209 1907 149 21 gouvernement
1373 1906 32 22 qui
1419 1910 24 13 ne
1453 1906 61 18 recule

1047 1933 33 18 pas
1087 1929 70 18 devant
1164 1933 39 14 une
1210 1928 72 19 insulte
1290 1929 11 17 à
1309 1929 41 17 tout
1358 1933 26 13 un
1388 1929 127 22 département

1046 1956 48 18 pour
1101 1951 65 22 étayer
1174 1951 19 17 la
1201 1951 82 22 position
1292 1951 51 22 prise
1351 1956 33 16 par
1391 1952 19 17 le
1418 1951 96 18 ministère

1046 1974 47 18 dans
1101 1974 19 17 la
1128 1973 89 22 question
1225 1973 24 18 de
1257 1977 35 13 nos
1305 1973 85 18 services
1404 1974 109 17 maritimes.

1068 1997 25 18 M.
1102 1997 59 18 Pietri
1169 1997 105 18 intervient
1281 1997 48 17 dans
1336 1997 20 18 le
1364 1998 60 17 même
1436 2002 50 14 sens.
1498 1999 15 17 Il

1046 2020 70 18 s’élève
1123 2020 29 17 lui
1159 2020 54 17 aussi
1219 2021 64 16 contre
1289 2019 94 19 l’attitude
1386 2020 129 22 inqualifiable

1047 2044 23 17 de
1076 2042 25 17 M.
1109 2042 68 23 Deroy.

1068 2067 42 18 MM.
1119 2067 64 18 Musso
1197 2068 20 16 et
1230 2066 49 21 Sari,
1297 2067 93 18 membres
1405 2067 25 17 du
1445 2067 69 19 Comité

1047 2090 119 19 Consultatif,
1176 2090 105 22 protestent
1289 2089 99 18 vivement
1394 2090 64 18 contre
1465 2092 49 17 cette

1046 2113 76 18 version
1129 2113 23 17 de
1160 2112 91 18 l’affaire.
1259 2112 26 17 Ils
1293 2112 97 18 affirment
1398 2116 37 18 que
1443 2117 29 14 ces
1481 2118 34 17 pa-

1046 2137 50 17 roles
1103 2136 54 17 n’ont
1163 2135 68 23 jamais
1239 2135 30 18 été
1274 2135 240 23 prononcées,puisqu’elles

1045 2164 25 13 ne
1077 2159 86 22 figurent
1171 2163 34 17 pas
1213 2158 46 17 dans
1267 2158 19 17 le
1299 2158 82 22 premier
1393 2159 72 25 compte
1473 2163 41 16 rem.

1046 2183 27 17 du
1080 2181 57 23 qu’on
1145 2181 43 17 leur
1195 2186 11 13 a
1214 2180 79 18 soumis.
1302 2181 3 3 '

1067 2207 27 18 Ils
1101 2206 85 23 ajoutent
1193 2205 92 22 toutefois
1293 2209 38 18 que
1343 2205 25 18 M.
1376 2205 60 23 Deroy
1448 2211 11 12 a
1471 2206 43 19 bien

1046 2234 26 18 pu
1079 2230 29 17 les
1115 2229 75 18 insérer
1197 2228 55 23 après
1260 2232 47 18 coup
1316 2232 24 14 au
1349 2228 143 22 procès-verbal.

1068 2254 35 19 Ces
1112 2254 48 18 mots
1169 2255 42 17 font
1219 2254 68 18 bondir
1300 2254 25 17 M.
1334 2253 90 19 Caitucoli
1439 2254 38 22 qui,
1490 2259 23 14 en

1046 2279 69 16 termes
1123 2277 45 21 plus
1176 2276 111 19 véhéments
1295 2281 74 16 encore,
1384 2277 94 22 s’indigne
1491 2278 23 17 de

1046 2299 96 19 l’attitude
1148 2299 132 22 inqualifiablé
1288 2299 24 18 de
1320 2301 31 17 cet
1364 2301 56 20 agent
1433 2300 25 17 du
1469 2304 45 18 gou-

1045 2323 111 18 vernement
1163 2322 103 19 n’hésitant
1272 2326 35 19 pas
1315 2323 13 17 à
1332 2322 82 19 falsifier
1418 2326 26 17 un
1451 2323 63 22 procès

1045 2345 66 18 verbal
1119 2349 48 18 pour
1175 2345 95 22 satisfaire
1278 2350 25 14 on
1317 2350 25 14 ne
1355 2345 37 18 sait
1407 2345 44 22 quel
1464 2345 49 22 parti

1046 2368 39 22 pris
1094 2368 65 19 contre
1167 2367 28 19 les
1204 2368 73 19 Corses.
1286 2368 16 18 Il
1310 2368 66 22 espère
1383 2372 37 17 que
1427 2368 87 18 rassem-

1045 2391 43 18 blée
1096 2395 54 14 saura
1163 2392 74 17 relever
1249 2391 86 18 Pinsulte
1351 2392 21 17 et
1383 2391 101 18 demander
1491 2395 23 14 en

1046 2414 48 18 haut
1100 2414 40 17 lien
1147 2413 19 17 la
1174 2414 106 22 réparation
1291 2415 20 17 et
1327 2414 28 18 les
1371 2413 96 18 sanctions
1482 2414 32 25 qui

1046 2437 116 21 s’imposent.

1069 2459 25 18 M.
1102 2458 56 19 Trani
1168 2459 30 18 est
1207 2459 26 19 du
1245 2459 61 18 même
1322 2459 49 18 avis.
1387 2459 19 17 M
1412 2457 26 19 M.
1447 2457 41 19 Sari
1495 2459 19 18 et

1046 2481 63 20 Musso
1119 2482 124 20 soutiennept
1259 2486 37 18 que
1303 2482 29 18 les
1348 2482 49 19 mot?
1405 2481 110 20 incriminés

1046 2505 53 18 n’ont
1106 2508 33 19 pas
1147 2504 31 19 été
1186 2504 104 23 prononcés
1304 2508 25 14 en
1336 2504 43 18 leur
1391 2504 95 22 présence,
1495 2507 20 15 et

1045 2527 26 18 ils
1079 2528 115 17 demandent
1201 2532 39 13 une
1255 2526 81 23 enquête
1352 2527 19 18 et
1379 2527 33 18 des
1420 2527 94 18 sanctions

1046 2550 31 18 s’il
1085 2555 13 17 y
1105 2554 11 13 a
1125 2550 48 18 lieu.

1069 2575 108 17 L’incident
1184 2575 31 17 est
1222 2575 46 18 clos.

1069 2602 33 22 (La
1109 2601 57 18 Jeune
1178 2601 60 23 Corse)

1542 115 50 25 Pe’
1605 117 10 23 i
1630 115 103 26 viîtuli

1727 170 110 51 Una
1876 168 212 52 Veechia
2127 168 196 50 Lettera

1566 276 70 21 Carlu
1647 278 128 25 Bonaparte
1784 283 37 14 era
1829 279 59 17 statu
1895 276 119 20 un’arclen-

1541 306 23 16 te
1573 305 108 22 patriottu
1691 312 77 15 corsu,
1779 310 129 19 cumpagnu
1918 304 22 20 di
1951 303 62 21 Paoli

1541 336 13 13 e
1563 335 79 17 autore
1650 333 67 20 d’una
1733 332 22 21 fa
1757 339 20 13 m
1780 338 38 14 osa
1834 331 89 20 chiama
1938 332 76 24 a’giu-

1542 360 68 19 ventù
1620 360 23 19 di
1653 360 88 24 l’isula;
1752 360 62 25 però,
1824 359 67 25 pochi
1898 359 61 25 jorni
1975 359 39 20 do-

1542 392 29 18 pu
1581 386 145 25 Pontenovu,
1741 387 24 20 fù
1775 387 22 20 di
1806 387 7 20 i
1823 387 69 25 primi
1901 394 12 13 a
1923 393 90 18 présen-

1541 416 21 17 ta
1565 414 31 20 ssi
1606 421 11 13 a
1629 422 14 13 u
1652 416 107 24 generale
1768 415 33 20 De
1812 415 63 20 Vaux
1881 419 22 16 et
1912 422 12 12 a
1933 415 22 20 fà
1964 419 47 15 attu

1541 441 24 19 di
1573 443 176 20 sottumissione
1758 450 12 12 a
1780 443 66 25 Luigi
1857 443 47 20 XV.

1566 469 24 20 In
1600 473 36 17 sta
1645 471 88 23 lettera,
1741 471 78 20 scritta
1828 477 12 13 a
1850 478 15 12 u
1874 470 89 25 grande
1971 470 42 20 esi-

1541 496 55 20 liatu
1606 497 22 19 di
1639 498 98 23 Londra,
1747 499 137 24 Napulione,
1893 498 119 21 vintenne,

1541 524 70 20 lascia
1620 528 101 17 tracorre
1730 526 87 20 ciocchi
1827 526 15 19 li
1852 526 83 19 affosca
1948 532 13 12 u
1977 531 37 13 co-

1541 557 27 13 re
1575 558 21 16 e,
1603 552 19 19 si
1631 552 118 21 l’inchietu
1759 553 69 20 Carlu
1838 560 39 13 era
1885 557 61 16 statu
1955 558 58 14 sem-

1542 585 40 17 pre
1590 579 63 24 vivu,
1662 581 78 19 avaria
1751 581 74 20 intesu
1835 587 15 14 u
1866 587 82 17 vampu
1963 579 22 20 di
2000 585 12 14 a

1542 613 114 19 vergogna
1666 608 87 21 cullalli
1762 609 23 20 in
1794 608 72 21 faccia
1875 607 108 22 sintendu
1998 614 14 13 u

1541 634 87 25 figliolu
1635 635 83 21 alzassi
1727 640 80 16 contru
1816 636 47 20 «les
1868 636 94 20 traîtres
1967 636 15 19 à
1989 635 24 20 la

1542 662 89 23 Patrie,
1641 663 34 20 les
1683 664 66 20 âmes
1757 664 64 23 viles,
1838 670 46 19 que
1892 663 123 24 corrompit

1542 690 101 20 l’amour
1649 691 55 20 d’un
1712 692 60 24 gain
1781 692 106 20 sordide»
1894 698 13 13 e
1916 695 98 21 prumet-

1541 718 42 19 tesi
1593 718 23 19 di
1627 723 12 10 «
1646 719 86 20 noircir
1740 720 32 19 du
1778 720 102 24 pinceau
1894 719 30 20 de
1938 718 75 25 l’infâ-

1542 746 45 19 mie
1596 752 58 14 ceux
1662 747 43 24 qui
1712 751 42 16 ont
1762 748 65 19 trahi
1834 748 25 19 la
1872 753 70 14 cause
1955 752 58 14 com-

1542 779 69 14 mune
1617 778 21 16 ».

1568 800 41 20 Chi
1619 801 7 19 i
1643 801 77 21 vittuli
1736 802 97 25 d’oghie,
1848 802 117 25 lighiendu
1979 805 35 16 ste

1542 828 73 24 righe,
1625 830 90 19 sentinu
1729 830 179 25 quantell’hanu
1922 829 91 21 l’aninta

1542 855 154 22 incadramata
1704 864 7 13 :

1645 893 106 23 Général,

1569 931 11 11 «
1583 923 29 20 Je
1625 924 87 24 naquis
1720 924 85 24 quand
1818 924 25 20 la
1849 925 80 24 patrie
1941 924 72 25 péris-

1541 951 54 20 sait.
1607 951 80 21 Trente
1695 952 65 20 mille
1768 952 116 25 Français
1892 952 74 20 vomis
1974 958 40 14 sur

1542 985 43 14 nos
1592 980 68 22 côtes,
1671 982 88 22 noyant
1772 980 21 20 le
1802 981 65 19 trône
1875 980 30 19 de
1913 980 25 20 la
1947 980 66 20 liber-

1542 1008 26 18 té
1579 1008 63 19 dans
1653 1008 41 19 des
1705 1008 56 24 flots
1770 1008 29 20 de
1811 1014 68 18 sang,
1894 1008 33 19 tel
1940 1007 39 25 fut
1991 1007 23 20 le

1541 1035 116 24 spectacle
1673 1036 86 19 odieux
1772 1036 42 24 qui
1822 1036 52 19 vint
1880 1035 22 20 le
1913 1036 102 24 premier

1540 1062 99 25 frapper
1643 1069 47 14 mes
1698 1064 105 24 regards.
1814 1063 44 20 Les
1863 1063 46 20 cris
1914 1064 33 19 du
1952 1070 62 13 mou-

1542 1093 63 21 rant,
1614 1091 35 20 les
1659 1091 175 24 gémissements
1842 1091 30 20 de
1883 1091 129 25 l’opprimé,

1542 1117 34 20 les
1589 1118 93 20 l’armes
1697 1119 34 19 du
1745 1119 117 24 désespoir
1880 1119 133 20 environnè-

1541 1148 53 17 rent
1601 1152 53 14 mon
1662 1146 99 20 berceau
1770 1146 41 20 dès
1819 1153 40 13 ma
1868 1147 131 20 naissance.

1568 1177 11 11 «
1587 1173 59 20 Vous
1659 1174 113 24 quittâtes
1787 1177 65 16 notre
1864 1174 37 22 île,
1920 1177 24 17 et
1957 1180 57 14 avec

1541 1206 58 14 vous
1604 1200 110 24 disparut
1719 1201 140 25 l’espérance
1865 1202 32 19 du
1902 1202 111 22 bonheur;

1541 1228 141 24 l'esclavage
1693 1228 39 25 fut
1748 1229 22 19 le
1775 1229 57 24 prix
1845 1229 30 20 de
1883 1232 67 17 notre
1962 1235 51 14 sou-

1541 1255 102 21 mission.
1653 1257 116 20 Accablés
1775 1263 55 14 sous
1838 1257 26 20 la
1873 1257 69 25 triple
1950 1257 64 20 chaî-

1541 1290 30 13 ne
1577 1283 33 20 du
1617 1284 85 21 soldat,
1713 1284 33 20 du
1755 1285 82 24 légiste
1845 1288 24 16 et
1876 1285 33 20 du
1920 1288 94 21 percep-

1541 1314 52 17 teur
1599 1312 117 25 d’impôts,
1726 1319 44 14 nos
1778 1313 163 24 compatriotes
1948 1319 26 14 se
1981 1313 32 20 vi-

1541 1343 51 17 rent
1608 1340 135 25 méprisés..,
1768 1341 111 25 méprisés
1893 1344 48 22 par
1956 1348 57 13 ceux

1541 1368 42 25 qui
1596 1371 42 17 ont
1645 1368 34 20 les
1684 1369 77 24 forces
1768 1369 30 19 de
1806 1369 206 20 l’administration

1540 1396 63 21 dans
1619 1397 26 19 la
1659 1397 72 20 main.
1750 1397 91 20 Nest-ce
1854 1401 48 21 pas
1918 1398 25 20 la
1957 1398 56 24 plus

1540 1424 84 21 cruelle
1632 1425 42 20 des
1682 1427 98 18 tortures
1793 1431 46 19 que
1844 1425 80 25 puisse
1932 1427 80 23 éprou-

1540 1458 41 14 ver
1588 1453 63 20 celui
1657 1453 42 24 qui
1706 1459 16 14 a
1730 1452 34 20 du
1771 1453 125 20 sentiment
1900 1453 12 20 ?
1917 1454 96 24 Vinfor-

1541 1481 59 19 tuné
1605 1480 114 21 Péruvien
1725 1480 120 25 périssant
1851 1487 54 14 sous
1913 1481 21 20 le
1941 1481 38 24 fer
1983 1481 29 20 de

1540 1508 88 20 l’avide
1645 1507 127 26 Espagnol,
1796 1509 152 24 éprouvait-il
1967 1516 45 13 une

1540 1536 110 20 vexation
1655 1536 56 25 plus
1722 1536 121 20 ulcérante
1847 1536 13 20 ?
1867 1537 45 20 Les
1919 1538 93 19 traîtres

1540 1564 17 19 à
1571 1564 25 19 la
1603 1564 89 23 Patrie,
1707 1564 35 21 les
1750 1565 64 19 âmes
1829 1564 65 24 viles,
1904 1571 46 19 que
1964 1572 48 13 cor-

1540 1592 85 24 rompit
1632 1591 99 21 Vamour
1737 1592 57 20 d’un
1799 1592 60 25 gain
1864 1593 94 20 sordide
1962 1596 48 20 ont,

1538 1622 63 22 pour
1606 1626 26 14 se
1637 1620 108 25 justifier,
1761 1622 63 18 semé
1829 1621 43 19 des
1887 1622 124 20 calomnies

1540 1650 79 18 contre
1632 1648 23 20 le
1669 1651 181 21 gouvernement
1866 1649 109 20 national
1988 1652 24 18 et

1540 1678 79 18 contre
1626 1678 65 18 votre
1697 1679 116 22 personne
1821 1683 30 14 en
1866 1677 144 24 particulier.

1539 1704 45 20 Les
1598 1704 115 20 écrivains
1728 1705 36 20 les
1780 1705 131 20 admettent
1926 1712 86 14 comme

1540 1732 41 20 des
1589 1732 92 23 vérités,
1689 1732 35 20 les
1733 1735 163 18 transmettent
1903 1734 16 19 à
1927 1734 26 19 la
1959 1736 53 22 pos-

1540 1760 74 21 térité.

1567 1796 11 12 «
1585 1788 35 20 En
1639 1788 34 20 les
1688 1788 81 22 lisant,
1788 1795 52 14 mon
1858 1789 87 20 ardeur
1958 1790 54 20 s’est

1540 1815 124 25 échauffée,
1683 1819 23 17 et
1715 1816 48 25 j’ai
1774 1818 76 19 résolu
1867 1818 30 19 de
1912 1818 100 24 dissiper

1539 1850 38 14 ces
1584 1844 152 23 brouillards,
1746 1845 95 24 enfants
1848 1845 31 20 de
1886 1846 126 24 l’ignoran-

1540 1878 32 14 ce.
1588 1871 49 20 Une
1644 1872 69 19 étude
1721 1872 31 20 de
1760 1872 25 20 la
1794 1873 87 24 langue
1893 1873 119 25 française

1540 1901 142 18 commencée
1694 1900 31 20 de
1735 1900 81 20 bonne,
1826 1900 78 24 heure,
1920 1902 30 19 de
1963 1901 49 20 lon-

1538 1934 59 19 gues
1610 1929 166 22 observations,
1796 1932 22 17 et
1835 1930 43 19 des
1893 1930 119 21 mémoires

1539 1957 92 19 Laissés
1639 1956 61 20 dans
1708 1957 35 19 les
1749 1957 160 24 portefeuilles
1919 1958 42 20 des
1967 1961 45 21 pa-

1539 1983 79 20 triotes
1635 1984 72 19 m’ont
1718 1984 45 20 mis
1778 1985 17 19 à
1808 1986 73 19 même
1897 1985 115 25 d’espérer

1540 2011 101 24 quelque
1655 2012 104 19 succès...
1781 2012 27 20 Je
1816 2018 61 14 veux
1892 2016 121 22 comparer

1539 2040 65 18 votre
1614 2038 191 21 administration
1819 2046 59 14 avec
1884 2041 128 21 l’adminis-

1540 2067 86 19 tration
1640 2067 124 20 actuelle...
1777 2068 29 21 Je
1812 2074 63 15 veux
1881 2069 86 20 noircir
1979 2069 32 20 du

1537 2094 103 25 pinceau
1648 2094 30 20 de
1685 2095 116 25 l’infamie
1808 2102 59 14 ceux
1871 2097 43 24 qui
1919 2100 41 17 ont
1965 2100 47 17 tra-

1539 2122 28 20 hi
1572 2122 26 21 la
1606 2128 71 15 cause
1684 2129 145 14 commune...
1838 2124 29 20 Je
1875 2130 56 14 veux
1942 2128 70 22 appe-

1539 2150 36 20 ler
1586 2156 33 14 au
1629 2150 107 20 tribunal
1742 2151 30 20 de
1780 2151 111 25 Vopinion
1901 2159 57 14 ceux
1971 2154 42 24 qui

1538 2181 151 21 gouvernent,
1698 2178 111 21 détailler
1816 2179 52 21 leur
1881 2181 130 22 vexations,

1539 2206 122 20 découvrir
1668 2206 64 21 leurs
1735 2208 98 20 sourdes
1838 2210 97 21 menées,
1943 2212 24 17 et
1974 2210 40 19 s’il

1540 2237 35 17 est
1588 2234 111 24 possible,
1721 2235 123 24 intéresser
1860 2237 22 20 le
1902 2240 111 18 vertueux

1540 2262 104 21 ministre
1659 2263 43 25 qui
1713 2269 117 19 gouverne
1838 2260 74 25 l’État
1919 2272 40 14 au.
1964 2269 49 18 sort

1539 2290 136 25 déplorable
1682 2291 43 24 qui
1737 2298 60 14 nous
1809 2292 79 25 afflige
1904 2293 22 20 si
1939 2295 73 21 cruel-

1539 2318 93 21 lement.

1566 2355 11 10 «
1583 2346 29 21 Si
1618 2353 40 14 ma
1665 2346 96 24 fortune
1772 2349 70 22 m’eût
1846 2350 88 23 permis
1941 2351 31 19 de
1979 2351 34 20 vi-

1539 2381 40 15 vre
1587 2375 62 19 dans
1656 2375 26 20 la
1690 2375 110 26 capitale,
1807 2376 102 25 j’aurais
1919 2384 29 14 eu
1955 2385 58 14 sans

1539 2403 71 23 doute
1623 2403 94 22 d’autre
1724 2410 93 19 moyens
1828 2408 62 22 pour
1898 2406 63 25 faire
1975 2413 37 14 en-

1540 2431 81 21 tendre
1636 2437 43 15 nos
1684 2432 175 24 gémissements
1863 2440 10 16 ;
1885 2434 62 20 mais
1954 2435 58 20 obli-

1538 2459 33 25 gé
1576 2459 30 20 de
1621 2460 80 22 servir,
1709 2459 26 25 je
1750 2467 36 13 me
1794 2464 81 17 trouve
1889 2463 78 20 réduit
1979 2469 33 14 au

1539 2487 52 20 seul
1597 2493 80 19 moyen
1684 2488 31 20 de
1722 2488 27 20 la
1755 2489 128 23 publicité;
1896 2497 47 16 car,
1951 2494 62 23 pour

1539 2515 42 20 des
1598 2516 119 20 mémoires
1728 2517 158 25 particuliers,
1902 2525 29 15 ça
1940 2519 31 20 iis
1983 2526 30 13 ne

1537 2543 194 24 parviendraient
1735 2547 55 21 pas,
1795 2551 30 16 ou
1831 2546 96 25 étouffés
1931 2550 50 21 par
1987 2548 25 20 la

1540 2571 104 20 clameur
1649 2572 41 19 des
1698 2572 130 24 intéressés,
1837 2573 31 20 ils
1875 2580 30 13 ne
1911 2574 101 24 feraient

1539 2599 189 25 qu’occasionner
1732 2601 26 19 la
1763 2603 68 22 perte
1836 2601 30 20 de
1874 2601 107 22 l’auteur.

2066 279 12 10 «
2081 275 74 20 Jeune
2162 281 87 16 encore,
2260 281 52 13 mon
2321 273 129 24 entreprise
2456 274 57 22 peut

2040 304 48 18 être
2104 302 137 23 téméraire;
2257 302 61 20 mais
2334 301 103 20 l’amour
2451 300 62 19 delà

2040 330 77 22 vérité,
2136 331 30 20 de
2174 330 25 21 la
2213 330 87 25 patrie,
2317 329 30 20 de
2355 335 49 14 mes
2421 331 93 21 compa-

2040 358 86 22 triotes,
2142 361 37 18 cet
2191 358 173 20 enthousiasme
2377 363 45 19 que
2436 356 77 20 m'ins-

2036 386 53 24 pire
2105 387 104 24 toujours
2229 386 25 20 la
2274 385 146 26 perspective
2443 384 71 21 d’une

2039 414 161 20 amélioration
2209 414 62 20 dans
2278 416 66 18 notre
2349 415 58 21 état,
2418 419 37 14 me
2462 419 52 13 sou-

2039 441 126 21 tiendront.
2183 442 28 20 Si
2217 447 59 14 vous
2283 442 111 24 daignez,
2407 440 105 26 général,

2039 472 131 21 approuver
2178 476 31 13 un
2218 469 91 20 travail
2312 470 30 19 où
2350 469 21 20 il
2377 475 54 14 sera
2438 469 24 20 si
2465 468 49 25 fort

2039 497 106 23 question
2154 497 30 20 de
2191 503 58 14 nous
2254 503 9 16 ;
2270 497 23 20 si
2300 503 57 14 vous
2365 497 103 24 daignez
2475 502 39 14 en-

2039 530 115 18 courager
2160 525 35 19 les
2200 524 79 25 efforts
2283 525 57 20 d’un
2345 525 72 24 jeune
2423 524 90 20 homme

2040 558 45 19 que
2099 558 57 14 vous
2163 554 60 18 vîtes
2230 554 83 20 naître,
2328 555 24 17 et
2360 552 60 20 dont
2427 552 35 20 les
2467 554 46 22 pa-

2039 582 64 17 rents
2108 580 82 24 furent
2197 580 105 25 toujours
2310 580 109 21 attachés
2426 586 33 14 au
2467 580 45 19 bon

2036 607 74 25 parti,
2134 607 99 25 j’oserai
2254 615 103 18 augurer
2380 607 134 25 favorable-

2040 637 63 18 ment
2111 636 33 19 du
2151 637 86 19 succès.

2066 664 133 24 «J’espérai
2212 664 100 25 quelque
2326 666 76 23 temps
2414 664 100 25 pouvoir

2039 691 60 20 aller
2104 691 15 20 à
2128 691 104 21 Londres
2237 698 57 14 vous
2302 692 116 25 exprimer
2422 692 35 20 les
2464 699 50 13 sen-

2040 718 93 21 timents
2141 725 47 19 que
2201 726 57 13 vous
2267 720 89 20 m’avez
2363 720 50 25 fait
2429 721 84 21 naître,

2040 749 23 16 et
2076 753 82 13 causer
2171 748 116 19 ensemble
2295 748 42 20 des
2351 748 120 20 malheurs
2484 748 30 19 de

2040 774 25 19 la
2079 774 84 24 patrie,
2185 775 60 20 mais
2254 775 172 25 l’éloignement
2438 783 17 18 y
2469 778 46 17 met

2040 802 111 19 obstacle.
2159 802 98 20 Viendra
2264 805 114 22 peut-être
2385 810 31 13 un
2422 803 55 25 jour
2484 804 31 19 où

2037 828 25 25 je
2068 835 35 14 me
2112 831 118 19 trouverai
2236 831 16 19 à
2258 832 72 19 même
2335 832 31 19 de
2371 831 23 20 le
2399 831 115 24 franchir.

2066 861 12 10 «
2085 856 105 26 Quelque
2198 858 45 20 soit
2251 858 22 20 le
2281 860 79 19 succès
2368 859 31 20 de
2405 865 54 14 mon
2474 865 39 14 ou-

2040 890 80 18 vrage,
2135 884 25 25 je
2168 891 55 14 sens
2230 886 60 24 qu’il
2304 887 123 20 soulèvera
2435 889 79 18 contre

2040 912 47 22 moi
2092 911 26 20 la
2126 913 136 20 nombreuse
2270 914 92 20 cohorte
2374 915 140 24 d’employés

2037 939 108 25 français
2158 941 43 24 qui
2211 945 145 20 gouvernent
2363 945 67 18 notre
2444 943 38 23 île,
2491 944 24 18 et

2039 973 45 18 que
2090 967 118 25 j’attaque
2212 975 11 16 ;
2230 969 61 20 mais
2299 970 146 25 qu’importe,
2454 970 41 20 s'il
2499 977 16 18 y

2039 1001 31 13 va
2079 995 29 19 de
2116 995 102 21 l’intérêt
2232 996 30 20 de
2270 997 26 19 la
2302 998 80 23 patrie
2387 998 12 19 !
2411 999 103 19 J’enten-

2039 1023 55 20 drai
2099 1023 103 24 gronder
2208 1024 23 20 le
2239 1025 117 24 méchant,
2365 1028 25 18 et
2396 1027 24 19 si
2427 1033 26 13 ce
2461 1029 50 18 ton-

2040 1057 66 14 nerre
2118 1052 83 22 tombe,
2212 1052 25 25 je
2245 1053 142 21 descendrai
2399 1055 64 20 dans
2475 1061 39 14 ma

2039 1079 139 23 conscience,
2193 1080 26 25 je
2227 1087 36 14 me
2279 1082 156 20 souviendrai
2446 1083 30 20 de
2488 1083 26 20 la

2039 1107 123 24 légitimité
2168 1108 30 20 de
2202 1115 49 14 mes
2259 1109 86 25 motifs,
2354 1112 25 18 et
2383 1111 43 20 dès
2434 1117 26 14 ce
2467 1117 47 14 mo-

2039 1138 70 19 ment,
2116 1135 26 24 je
2150 1135 22 20 le
2179 1136 118 21 braverai.

2065 1171 11 10 «
2082 1163 193 24 Permettez-moi,
2290 1166 108 24 général,
2414 1167 30 20 de
2456 1173 57 14 vous

2039 1189 66 25 offrir
2120 1191 35 20 les
2168 1191 135 26 hommages
2316 1194 31 19 de
2355 1201 40 13 ma
2411 1194 101 24 famille.

2039 1218 49 19 Eh!
2094 1220 119 23 pourquoi
2220 1227 29 12 ne
2257 1221 108 25 dirais-je
2371 1225 49 22 pas
2427 1223 31 19 de
2466 1229 48 14 mes

2039 1247 162 23 compatriotes
2206 1247 13 20 ?
2226 1247 30 20 ils
2263 1249 123 23 soupirent
2393 1257 33 12 au
2433 1256 81 14 souve-

2039 1273 37 19 nir
2084 1273 55 20 d’un
2149 1277 73 22 temps
2230 1276 30 19 où
2269 1276 30 20 ils
2307 1278 132 23 espérèrent
2447 1279 25 19 la
2486 1279 28 19 li-

2038 1301 71 20 berté.
2116 1302 42 20 Ma
2164 1304 69 22 mère,
2239 1305 110 20 madame
2354 1305 104 24 Laetitia,
2466 1307 44 20 m'a

2038 1329 88 25 chargé
2131 1333 92 18 surtout
2230 1332 31 20 de
2274 1339 57 13 vous
2339 1335 136 19 renouveler
2490 1335 23 19 le

2038 1359 108 19 souvenir
2152 1358 43 21 des
2202 1361 74 19 annés
2284 1361 104 20 écoulées
2396 1363 17 18 à
2423 1363 76 20 Corté.

2064 1385 44 20 «Je
2114 1386 50 20 suis
2171 1393 58 14 avec
2235 1391 97 21 respect,
2338 1390 176 23 général,votre

2038 1414 47 19 très
2089 1413 96 21 humble
2190 1417 23 17 et
2216 1416 47 19 très
2267 1416 121 21 obéissant
2392 1419 121 20 serviteur.

2166 1445 133 26 Napoléon
2310 1447 173 28 Buonaparte,

2145 1475 76 19 officier
2228 1481 24 13 au
2261 1477 95 22 régiment
2364 1479 24 17 de
2395 1479 19 18 la
2422 1479 66 18 Fère.»

2053 1502 74 14 Auxonne
2132 1506 20 11 en
2157 1503 93 18 Bourgogne,
2259 1504 17 14 12
2283 1505 35 18 juin
2325 1505 41 15 17S9.

2195 1570 158 32 Nascita

2065 1630 20 22 U
2100 1633 83 20 nostru
2206 1633 77 22 amicu
2302 1640 13 15 e
2335 1635 177 24 cullaburalore

2038 1660 28 22 G.
2079 1661 24 22 di
2114 1662 23 21 la
2151 1661 82 24 Gi-olla
2253 1665 14 20 è
2278 1664 78 23 babbu
2376 1666 55 22 d’un
2451 1675 61 15 mas-

2038 1691 20 22 ci
2062 1694 63 20 Ponc
2143 1693 64 29 dipoi
2230 1694 6 21 i
2249 1695 69 28 primi
2334 1696 66 29 jorni
2420 1698 23 21 di
2464 1702 48 19 set-

2039 1722 96 27 leinbre,
2157 1724 110 23 cum’ellu
2287 1732 14 15 a
2313 1727 23 21 ci
2350 1729 119 22 annuncia
2488 1730 24 22 in

2038 1752 22 22 la
2070 1753 83 22 lettera
2164 1755 39 21 chi
2216 1762 81 22 segue.

2071 1784 59 21 Intti
2143 1785 7 20 i
2164 1788 75 19 nostri
2251 1789 85 28 augurj
2349 1796 15 15 a
2381 1793 38 19 stu
2432 1791 81 22 futuru

2037 1814 110 27 cursisla,
2161 1822 45 15 cun
2227 1817 155 25 l'elicitazioni
2395 1828 13 14 a
2428 1822 6 21 i
2447 1823 66 27 geni-

2038 1845 53 22 tori.

2219 1889 70 22 Cara
2299 1890 141 27 Muvrella,

2068 1922 23 22 U
2111 1924 47 21 dui
2173 1927 136 22 settembre
2320 1927 48 22 m’è
2388 1931 67 20 natu
2476 1936 36 16 un

2037 1955 140 29 figliulellu
2196 1966 96 21 grassit
2313 1968 12 14 e
2337 1963 85 20 tondu
2442 1970 72 15 cume

2038 1995 53 16 una
2101 1991 84 28 mêla;
2191 1993 63 27 ghi'e
2265 1996 48 25 per
2325 1995 96 28 quella,
2431 2003 13 15 o
2455 1997 59 22 Mu-

2038 2023 51 25 vrè,
2110 2024 66 22 ch'io
2190 2026 18 21 f*
2209 2026 81 29 aghiu
2310 2030 154 22 trascuratu
2478 2037 36 16 un

2035 2058 69 25 pocu
2114 2057 124 24 sfultimi
2249 2062 88 27 tempi.

2067 2090 32 21 Sb
2107 2096 90 18 sicv.ru
2204 2093 41 22 chi
2252 2096 41 19 sia.
2301 2097 100 27 nutiqid
2406 2099 33 26 pi
2440 2104 15 15 a.
2457 2105 13 14 c
2471 2105 29 15 cr
2500 2098 15 21 à

2039 2129 15 14 a.
2066 2125 64 20 tutti
2141 2125 11 21 i
2161 2125 127 24 Muvmsti
2294 2135 12 20 ;
2323 2129 96 23 ch'elht
2431 2133 85 27 campi

2038 2163 17 16 v.
2067 2158 100 27 zitellv.,
2178 2166 13 15 e
2198 2166 23 15 si
2230 2161 35 21 Di
2268 2167 14 16 o
2295 2162 64 27 vole,
2370 2170 31 15 ne
2407 2165 109 28 farenut

2039 2196 37 16 un
2089 2191 85 23 Corsu
2188 2194 33 21 d’i
2234 2201 64 20 veri,
2317 2203 60 16 omit
2391 2198 123 29 d:aqione,

2039 2229 13 16 o
2072 2227 78 25 pueta
2167 2227 44 21 chi
2230 2229 27 20 ri
2254 2230 32 26 pi
2284 2235 19 22 g
2304 2229 50 23 lier
2355 2231 25 26 à,
2402 2239 50 15 cun
2465 2233 50 28 più

2038 2257 108 28 talentu,
2160 2261 11 20 i
2182 2263 72 20 canti
2268 2263 29 20 di
2307 2269 17 16 u
2336 2264 40 21 so’
2387 2265 93 23 babbu.

2066 2292 35 21 Fr
2103 2299 15 14 a.
2125 2295 72 25 pocu
2209 2296 25 20 ci
2252 2301 80 18 vorra
2345 2304 16 15 a
2370 2301 80 25 parte
2465 2303 50 25 per

2038 2324 46 22 ’sse
2094 2325 125 30 Francie;
2230 2329 55 22 cusi
2298 2330 57 22 vole
2365 2338 17 15 a
2393 2334 65 21 vita.
2468 2333 45 28 Tu,

2040 2364 12 15 o
2073 2358 100 28 Muvrè,
2195 2364 106 20 vénérai
2319 2368 103 25 semppe
2436 2367 29 22 in
2485 2367 28 22 lu

2038 2392 51 21 miò
2106 2398 97 18 scornu
2219 2395 28 22 di
2265 2396 131 25 Tarascon
2419 2406 16 15 a
2452 2403 62 25 par-

2039 2424 90 24 lammi
2145 2427 28 22 di
2186 2428 173 25 Cursichella.

2203 2461 30 22 Ti
2242 2463 92 23 sa.lutu
2347 2466 29 21 d.i
2387 2472 69 17 core.

2264 2497 28 22 G.
2306 2497 27 22 di
2344 2498 27 23 la
2384 2499 99 24 Grotta.

2038 2566 99 22 Aiacciu
2146 2579 29 4 —
2187 2567 134 31 Stamparia
2335 2571 24 21 di
2375 2573 23 20 A
2409 2572 104 29 Muvra,

2040 2608 14 14 u
2066 2601 242 27 Diretlore-Gerente:
2317 2606 72 23 Petru
2399 2608 114 23 ROCCA.

55 2703 98 24 Fuglittinu
161 2706 19 18 di
187 2705 186 20 AAlavra—n.134
378 2715 16 3 —
402 2705 19 18 di
427 2710 12 13 u
446 2703 74 20 1-10-29

79 2768 239 55 PASÛOALE
352 2768 143 49 PAOLI

252 2846 67 19 OSSIA

101 2888 33 37 ta
151 2892 76 37 Rôtis
245 2892 31 36 di
290 2891 176 36 Pôtiïenuovô

61 2947 265 30 RACONTOCORSO
332 2951 186 24 DELSECOLO

241 2993 84 23 XVIII

272 3036 24 18 DI

143 3073 33 25 F.
191 3075 36 23 B.
244 3073 175 26 Guerrazaei

82 3144 29 24 Se
122 3149 42 22 voi
176 3151 107 26 sapeste,
303 3154 16 17 o
331 3149 120 27 piuttosto
463 3152 58 23 pos-

57 3177 56 24 siate
135 3188 50 16 non
209 3188 86 22 sapere
316 3182 56 26 mai,
396 3186 70 17 corne
482 3180 38 22 sia

53 3213 82 23 acerbo
149 3216 39 26 pei
207 3216 109 27 genitori
329 3215 150 28 raccogliere
496 3215 24 20 le

52 3247 88 22 eredità
152 3249 40 21 dei
210 3249 105 27 figliuoli
327 3249 5 20 !
348 3248 50 22 Voi
408 3251 113 18 trovere-

53 3277 22 21 te
86 3283 115 20 consorte
214 3282 71 26 quale
296 3281 22 21 si
332 3281 87 21 mérita
428 3281 23 20 la
458 3279 63 21 bon-

53 3308 21 23 *à
91 3316 95 24 vostra,
206 3314 48 22 mia
274 3313 120 28 figliuola,
413 3318 14 16 e
443 3312 25 22 in
475 3335 3 3 .
483 3312 36 21 lui

54 3346 78 22 avrete
144 3350 118 26 sostegno
279 3348 65 21 délia
364 3346 60 26 vita,
444 3351 13 16 e
476 3345 43 28 poi

53 3374 20 22 h
87 3380 69 25 proie
173 3381 45 22 che
230 3382 25 21 vi
268 3379 128 24 consolerà
408 3386 13 15 e
438 3379 82 22 ricon.

54 3407 64 26 ^urrà
126 3413 23 21 la
157 3414 67 27 gioia
237 3414 141 22 nell’anima
391 3414 129 21 contrista-

54 3440 21 22 te
84 3449 5 20 ;
110 3451 39 16 ma
169 3449 26 20 io
214 3453 49 17 non
278 3448 34 22 ho
326 3447 42 28 più
385 3448 89 21 alcuno
494 3448 25 20 al

54 3478 83 22 baondo
147 3486 6 20 ;
171 3480 100 23 l’albero
289 3481 103 27 tagliato
406 3480 70 28 giace
492 3480 26 21 in

52 3505 57 27 terra
120 3513 36 21 co’
169 3515 54 21 suoi
235 3515 69 21 frutti
317 3520 14 15 e
338 3515 24 21 le
370 3519 43 16 sue
419 3513 97 22 fronde.

78 3551 25 7 "
110 3544 39 24 Ma
161 3548 43 21 voi
216 3547 40 22 chi
269 3548 64 21 siete
341 3548 13 21 ?
366 3546 123 22 Forse?...

79 3584 25 6 "
112 3577 27 24 Io
162 3586 61 16 sono
242 3581 18 21 il
280 3580 75 27 padre
372 3580 26 21 di
416 3579 99 22 Giovan

55 3601 97 33 Rrando-

576 2706 61 23 Cosi
649 2707 13 22 è
671 2714 6 19 ;
690 2709 88 26 questo
790 2708 94 23 miser©
903 2709 65 22 nelle
984 2709 37 24 vi-

547 2741 45 28 gili
612 2741 71 21 notti.
706 2740 37 23 fra
761 2742 23 21 la
804 2742 137 21 solitudine
956 2742 63 22 délia

548 2781 54 15 casa
613 2780 78 16 aveva
704 2775 91 22 sentito
812 2775 108 22 rimorso
937 2782 44 21 per
995 2777 24 20 la

547 2809 98 21 durezza
655 2809 146 22 dimostrata
811 2809 22 21 al
842 2814 45 17 suo
895 2809 123 28 figliuolo;

547 2841 78 28 pensé
645 2847 70 17 corne
731 2843 35 27 gli
785 2848 87 16 avesse
887 2844 93 21 armato
996 2844 23 21 la

547 2881 72 16 mano
632 2881 49 16 non
694 2875 86 27 l’odio,
796 2875 72 24 bensì
879 2876 109 26 l’amore,
1004 2883 14 15 e

548 2909 40 22 ciò
600 2915 26 15 se
638 2914 47 17 non
705 2911 90 25 poteva
811 2909 123 28 fruttargli
950 2916 69 16 scusa

546 2943 87 21 alcuna
644 2943 22 21 al
683 2945 115 25 cospetto
815 2943 40 22 dei
868 2943 98 26 mondo,
986 2944 34 20 al-

547 2981 74 17 meno
634 2976 16 22 il
662 2976 76 27 padre
750 2976 98 23 doveva
863 2977 110 21 sentirne
985 2983 33 16 un

548 3010 40 28 po’
601 3010 24 22 di
639 3010 170 27 compassione
821 3015 5 18 ;
845 3015 89 17 ancora
945 3010 22 22 la
979 3016 40 16 su-

548 3043 86 28 perbia
652 3043 40 21 dei
707 3048 75 17 nome
797 3043 160 26 intemerato,
967 3043 52 23 l’af-

547 3077 61 22 fetto
628 3077 121 22 immenso
768 3077 24 22 di
813 3076 80 24 Patria
904 3076 114 23 vediamo

548 3110 105 23 formare
670 3110 24 21 in
715 3109 115 29 parecchi
850 3115 48 16 una
912 3110 106 22 seconda

548 3147 85 19 natura
652 3144 45 22 che
718 3144 32 22 ad
770 3149 41 17 ora
832 3148 41 17 ora
894 3143 91 22 suffoca
994 3144 24 21 la

547 3184 59 15 vera
618 3179 87 20 natura
715 3185 7 18 ;
735 3183 40 17 ma
787 3179 85 25 questa
885 3177 99 27 qusndo
992 3179 25 20 te

547 3212 24 21 lo
584 3211 90 22 attendi
685 3216 75 17 meno
772 3210 86 22 manda
871 3211 148 27 dalprofon-

548 3245 32 21 do
591 3251 33 14 un
635 3244 71 27 grido
718 3244 45 21 che
775 3243 18 22 il
801 3249 75 16 cuore
884 3243 134 23 dell'uomo

548 3277 13 22 è
579 3278 118 20 costretto
715 3277 31 20 ad
763 3277 118 20 ascoltare
892 3283 6 18 ;
917 3276 62 26 perô
998 3277 20 20 il

547 3310 75 27 padre
633 3309 23 21 di
669 3309 96 22 Brando
775 3308 164 22 obbedendoa
948 3314 70 21 ques-

546 3346 26 20 to
584 3343 71 28 grido
667 3343 41 22 nel
718 3342 59 23 buio
789 3341 64 24 délia
865 3343 77 24 notte,
951 3347 66 23 pros-

547 3379 54 20 teso
613 3382 74 22 sopra
699 3376 18 21 il
728 3375 145 23 monticello
885 3381 72 17 senza
965 3380 52 17 cro-

547 3417 28 16 ce
593 3417 13 15 e
624 3415 70 17 senza
712 3414 74 17 nome
805 3408 47 22 che
872 3409 104 27 copriva
993 3409 24 20 le

546 3445 104 28 reliquie
662 3443 40 21 dei
713 3448 49 16 suo-
775 3442 121 28 figliuolo,
913 3447 103 22 gemeva

546 3485 14 15 e
578 3482 114 24 pregava.
712 3475 73 28 Dopo
805 3481 74 16 avéré
897 3476 119 26 aspettato

545 3518 32 15 un
590 3515 70 24 pezzo
673 3509 45 22 che
728 3508 90 22 Serena
830 3509 35 27 gli
876 3507 140 27 rispondes-

545 3551 36 20 se,
600 3550 50 16 non
668 3542 97 23 udendo
777 3543 91 26 parola,
881 3541 18 21 il
910 3540 104 21 vecchio

544 3579 95 26 riprese
646 3583 5 16 :
661 3588 28 5 —
698 3576 97 26 dunque
812 3576 45 20 voi
874 3579 50 17 non
943 3575 70 20 avete

544 3612 64 21 nulla
621 3617 21 16 a.
648 3610 53 22 dire
712 3609 23 22 al
746 3608 108 22 desolato
866 3607 93 23 Matteo
968 3606 13 21 ?

1074 2709 89 23 —-Che
1176 2710 86 23 dovrei
1277 2708 85 25 dirvi?
1382 2710 50 22 Voi
1443 2712 69 20 avete

1047 2743 55 21 data
1113 2744 24 20 la
1147 2743 54 22 vita
1212 2750 13 14 a
1240 2743 74 27 colui,
1328 2744 45 22 che
1383 2744 23 21 la
1418 2743 56 22 levé
1490 2744 22 21 al

1046 2776 75 26 padre
1136 2777 57 21 mio.

1073 2821 26 4 —
1109 2809 18 22 E
1138 2815 31 16 ne
1181 2810 62 22 siete
1256 2812 60 20 stata
1329 2811 128 22 vendicata
1467 2816 46 22 pur

1047 2844 90 28 troppo
1144 2843 5 22 !

1072 2887 28 5 —
1108 2875 52 23 Che
1173 2877 21 21 fa
1207 2883 13 16 a
1232 2883 38 16 me
1281 2878 23 21 la
1315 2876 197 23 vendetta?For-

1046 2915 26 16 se
1083 2910 33 21 mi
1128 2910 77 21 rende
1216 2911 18 21 il
1246 2911 76 27 padre
1331 2912 12 22 ?

1071 2955 29 4 —
1107 2943 62 22 Pure
1175 2944 24 21 la
1208 2944 171 23 desideravate
1387 2944 125 22 coll'ardo-

1045 2982 26 16 re
1082 2977 39 22 dei
1133 2983 59 16 cane
1202 2977 45 23 che
1256 2978 139 28 perseguita
1405 2977 105 22 ilcervo.

1045 3010 19 23 E
1072 3015 50 16 non
1135 3013 126 25 sapevate,
1274 3011 46 22 che
1331 3012 22 21 la
1362 3011 112 22 vendetta
1483 3010 28 22 dà

1045 3049 72 16 meno
1129 3043 24 22 di
1166 3044 83 27 quello
1262 3044 44 23 che
1318 3046 131 26 promette,
1459 3045 50 20 anzi

1045 3082 49 17 non
1106 3076 30 23 dà
1147 3078 67 21 nulla
1225 3082 15 17 o
1252 3079 64 21 male
1325 3079 13 22 ?
1355 3078 26 22 Io
1392 3078 26 21 lo
1430 3083 82 21 appre-

1045 3110 21 22 si
1077 3110 29 21 da
1117 3111 78 22 molto
1207 3112 84 26 tempo
1301 3117 6 16 :
1321 3112 43 21 voi
1375 3112 24 21 lo
1412 3116 101 21 appren-

1045 3144 148 22 deteadesso
1204 3150 6 15 :
1223 3143 80 23 fatene
1311 3149 85 21 senno,
1406 3143 105 28 figliuola

1045 3177 57 26 mia,
1115 3183 14 15 e
1140 3177 145 27 perdonate.

1071 3222 29 5 —
1109 3210 26 22 Io
1143 3211 12 21 ?
1177 3211 33 21 Al
1229 3211 79 22 Padre
1329 3211 25 22 di
1374 3209 40 22 chi
1433 3211 33 21 mi
1480 3211 31 21 ha

1045 3246 143 19 ammazzato
1200 3244 18 21 il
1228 3245 76 25 padre
1312 3245 14 21 ?

1071 3287 29 5 —
1106 3276 113 22 Perdona
1231 3278 19 20 il
1261 3278 76 26 padre
1349 3277 24 21 di
1385 3277 39 20 cui
1437 3276 74 23 fuim-

1045 3309 93 27 piccato
1147 3308 92 23 l’unico
1252 3309 111 29 figliuolo
1373 3315 6 20 ;
1390 3321 30 4 —
1432 3310 78 22 consi-

1045 3342 56 22 déra
1111 3348 6 19 ;
1129 3344 44 20 tuo
1184 3343 78 27 padre
1273 3343 26 22 fu
1313 3344 103 21 onorato
1425 3349 13 15 e
1447 3349 64 16 com-

1045 3375 84 26 pianto
1139 3381 6 22 ;
1165 3376 19 21 il
1194 3377 52 21 mio
1258 3376 111 29 figliuolo
1379 3378 130 24 portarono

1045 3409 22 20 al
1088 3409 114 26 sepolcro
1225 3415 73 16 senza
1320 3410 70 24 lume,
1404 3416 14 15 e
1441 3416 67 16 senza

1045 3446 68 16 croce
1124 3447 6 15 :
1149 3447 96 18 veruno
1256 3444 25 21 lo
1293 3445 134 20 rammenta
1439 3449 69 16 senza

1045 3473 104 25 ribrezzo
1160 3481 7 19 ;
1187 3475 19 21 il
1225 3477 75 26 padre
1319 3477 79 20 stesso
1418 3477 25 21 lo
1453 3482 56 16 con-

1045 3506 86 22 damné.

1068 3551 29 4 —
1105 3539 28 22 Io
1150 3545 51 16 non
1220 3542 26 21 vi
1265 3542 69 25 odio,
1349 3541 94 24 Matteo
1452 3549 6 19 ;
1469 3549 38 15 ma

1050 3579 13 14 a
1073 3573 119 21 memoria
1204 3574 39 24 de!
1254 3577 86 20 vostro
1353 3574 110 28 figliuolo
1473 3576 32 22 mi

1045 3605 48 23 ;arà
1104 3611 97 22 sempre
1212 3609 146 26 argomento
1370 3608 23 21 di
1406 3609 100 21 maledi-

1538 2716 79 17 zione.

1566 2756 26 5 —
1602 2743 77 28 Senti,
1691 2745 118 28 figliuola,
1819 2745 31 22 nè
1859 2747 31 25 io,
1900 2746 32 22 nè
1940 2752 72 22 ques-

1539 2780 25 19 ta
1581 2780 66 20 terra
1668 2776 44 24 die
1731 2779 41 28 già
1792 2779 24 22 fu
1835 2780 51 21 mio
1900 2780 110 28 figliuolo

1538 2811 188 28 abbisogniamo
1737 2813 25 21 di
1774 2814 112 26 perdono
1898 2820 5 19 ;
1916 2819 50 16 non
1977 2814 33 25 io,

1538 2845 91 27 perché
1643 2845 32 22 mi
1687 2848 71 19 senta
1768 2846 109 22 immune
1891 2847 24 21 di
1928 2848 81 26 colpa;

1538 2883 28 16 se
1576 2879 7 20 i
1596 2879 69 27 padri
1678 2879 166 22 confidassero
1865 2881 22 20 ai
1906 2880 104 28 figliuoli

1538 2911 99 22 l’anima
1648 2918 69 16 corne
1728 2913 88 22 lettere
1827 2913 86 22 chiuse
1921 2914 24 21 ai
1953 2919 58 16 con-

1538 2945 101 22 dottieri
1652 2946 24 21 di
1687 2946 69 26 navi,
1768 2947 24 21 le
1804 2947 67 27 quali
1879 2950 83 25 aperte
1970 2947 40 22 nei

1538 2979 86 27 luoghi
1649 2979 102 21 indicati
1776 2980 155 29 impongono
1955 2981 55 21 loro

1538 3013 82 26 quello
1633 3012 45 22 che
1689 3013 21 21 si
1723 3013 105 22 abbiano
1840 3020 13 15 a
1866 3013 57 26 fare,
1943 3016 66 20 certo

1539 3045 44 22 che
1596 3045 17 22 il
1624 3045 52 22 mio
1689 3045 112 28 figliuolo
1818 3047 192 22 continuerebbe

1538 3079 32 21 ad
1579 3084 82 16 essere
1673 3079 88 22 adesso
1771 3080 24 21 la
1806 3081 69 28 gioia
1887 3082 66 20 délia,
1961 3081 48 22 mia

1538 3112 154 22 vecchiezza:
1706 3119 14 15 e
1732 3113 26 22 di
1769 3114 117 21 vendetta
1903 3120 51 16 non
1973 3117 36 18 te-

1537 3151 49 20 mo,
1609 3146 44 21 che
1674 3147 117 21 vendetta
1807 3147 14 21 è
1839 3148 170 21 conservarmi

1537 3184 50 17 non
1599 3179 75 22 tormi
1685 3180 23 21 la
1720 3180 60 26 vita,
1789 3181 22 20 la
1819 3181 73 26 quale
1900 3181 26 20 in
1935 3181 75 21 brève

1538 3213 26 21 io
1571 3213 105 21 renderé
1688 3214 24 20 al
1722 3213 52 22 mio
1786 3213 117 22 Creatore
1915 3214 26 21 in
1950 3220 58 16 mez-

1537 3246 189 27 zoamaggiori
1741 3246 103 27 spasimi
1865 3246 45 22 che
1928 3247 8 21 i
1950 3247 59 22 miei

1537 3279 90 20 nemici
1637 3283 50 17 non
1693 3279 151 26 saprebbero
1851 3280 159 27 immaginare

1537 3311 31 22 ed
1577 3316 63 17 anco
1651 3312 74 21 credo
1737 3312 173 22 desiderarmi.
1919 3312 90 29 Nepoti

1536 3351 49 16 non
1596 3345 32 22 ho
1638 3351 6 19 ;
1657 3345 136 28 congiunti,
1802 3347 87 21 remoti
1900 3347 30 21 ed
1939 3347 72 28 igno-

1536 3379 45 21 rati
1595 3379 162 21 oconosciuti
1766 3384 63 22 poco
1840 3385 5 20 ;
1859 3382 62 19 tutta
1929 3381 24 20 la
1960 3380 50 21 mia

1536 3412 76 26 stirpe
1624 3413 72 25 porto
1708 3417 70 16 meco
1791 3413 42 20 nel
1844 3414 114 26 sepolcro
1969 3420 6 19 ;
1986 3414 23 21 la

1536 3445 48 21 mia
1604 3450 55 16 casa
1676 3446 34 20 mi
1729 3445 89 22 rovina
1837 3446 107 22 addosso
1955 3453 6 19 ;
1973 3446 35 22 fra

1535 3477 72 27 pochi
1618 3478 60 21 anni
1688 3477 76 22 andrà
1776 3478 161 23 dimenticato
1953 3486 56 21 per-

1534 3510 49 23 fino
1607 3511 19 20 il
1649 3516 74 16 nome
1747 3511 40 22 dei
1809 3511 99 23 Brando
1921 3525 31 4 —
1968 3514 40 21 nel

1534 3543 74 22 modo
1620 3543 46 22 che
1677 3544 45 21 aile
1734 3545 78 26 prime
1825 3545 83 22 brezze
1928 3547 25 21 di
1966 3552 42 16 au-

1533 3578 79 19 tunno
1623 3582 68 15 cessa
1703 3577 25 21 di
1741 3577 59 22 farsi
1812 3579 93 21 sentire
1918 3582 88 25 questo

1533 3609 110 28 singulto
1654 3609 64 22 délia
1728 3612 98 20 notte...
1839 3614 87 25 questo
1934 3614 72 20 canto

2038 2714 26 21 di
2076 2716 116 21 cuculo...
2205 2722 14 16 o
2231 2717 26 22 in
2270 2720 81 25 questi
2362 2722 77 26 pochi
2455 2723 58 21 anni

2037 2747 25 21 lo
2073 2750 66 20 terra
2150 2749 61 23 vivo
2224 2752 64 20 nella
2308 2755 121 21 memoria
2448 2756 66 28 degli

2038 2781 94 22 uomini
2152 2789 35 15 un
2206 2784 88 23 delitto
2315 2792 149 23 commesso,
2480 2796 33 15 un

2038 2817 121 26 supplizio
2169 2818 87 26 patito,
2269 2825 33 15 un
2314 2821 77 26 padre
2400 2825 80 20 morto
2489 2823 24 22 di

2038 2849 91 22 dolore.
2140 2849 49 23 Del
2195 2853 42 20 tuo
2249 2853 112 26 perdono
2374 2856 80 22 molto
2465 2862 50 16 me-

2038 2888 32 16 no
2081 2882 31 22 ha
2123 2885 110 21 mestieri
2245 2885 20 22 il
2275 2887 51 21 mio
2338 2887 124 28 figliuolo,
2480 2889 34 22 se’

2038 2921 69 16 corne
2118 2922 82 22 spero,
2214 2919 18 20 il
2244 2924 47 18 suo.
2308 2921 158 26 pentimento
2480 2923 34 28 gli

2038 2948 76 23 frutté
2125 2951 83 26 quello
2221 2952 24 21 di
2258 2951 51 24 Dio
2319 2960 6 20 ;
2340 2960 13 15 e
2363 2960 28 16 se
2401 2955 53 22 cosi
2463 2962 49 16 non

2037 2981 21 27 è,
2073 2983 30 21 ed
2114 2983 25 22 io
2152 2990 13 15 a
2179 2986 115 25 pensarlo
2316 2987 163 28 inorridisco,
2502 2996 12 15 e

2037 3021 26 16 se
2075 3016 51 22 cosi
2135 3023 51 16 non
2195 3018 21 26 è,
2227 3018 46 22 che
2282 3025 59 17 cosa
2349 3022 50 26 pué
2409 3023 105 28 aggiun-

2037 3055 67 22 gere,
2116 3055 15 16 o
2143 3050 119 28 figliuola,
2284 3053 18 21 il
2316 3060 62 21 peso
2390 3056 64 21 délia
2473 3058 40 19 tua

2037 3083 35 20 ira
2084 3084 23 20 al
2117 3084 85 21 furore
2215 3085 150 24 dell’Eterno
2374 3089 12 20 ?
2402 3088 28 22 Io
2442 3090 25 20 lo
2479 3090 35 21 fa-

2037 3121 60 16 ceva
2117 3123 45 21 per
2182 3120 53 19 te...
2257 3125 45 21 per
2320 3122 26 20 te
2367 3121 45 22 che
2425 3123 88 21 vedrai

2037 3149 114 22 suscitata
2160 3151 23 20 la
2194 3153 41 19 tua
2247 3153 76 27 stirpe
2335 3155 66 21 nella
2412 3155 102 23 benedi-

2036 3183 70 21 zione
2116 3184 40 20 dei
2166 3184 136 28 Signore...
2321 3194 45 20 per
2386 3190 33 24 te,
2440 3189 73 22 felice

2037 3221 27 16 se
2075 3217 78 26 potrai
2166 3217 53 22 dire
2231 3223 47 17 con
2292 3222 87 19 onesta
2398 3222 116 22 baldanza

2038 3250 41 20 nel
2089 3251 43 20 tuo
2145 3255 76 17 cuore
2229 3257 6 15 :
2257 3257 51 16 non
2319 3253 34 21 ho
2366 3254 148 23 demeritata

2037 3283 22 19 la
2070 3282 76 22 bontà
2157 3283 25 21 di
2195 3283 49 22 Dio
2255 3290 6 19 ;
2280 3291 44 21 per
2335 3288 25 19 te
2374 3293 26 15 se
2412 3289 100 26 misera,

2038 3315 44 21 che
2101 3317 81 25 potrai
2200 3317 85 21 levare
2304 3319 17 21 il
2341 3325 59 22 capo
2413 3322 22 20 al
2447 3322 64 22 cielo

2037 3354 70 16 senza
2126 3355 137 23 rampogna
2285 3351 30 26 si,
2338 3358 41 16 ma
2399 3355 32 20 ed
2451 3361 60 16 anco

2037 3387 71 16 senza
2118 3388 76 21 paura
2202 3389 13 15 e
2225 3384 53 21 dire
2288 3386 39 21 col
2337 3389 72 20 santo
2420 3388 91 22 David:

2037 3421 13 15 e
2059 3417 27 20 tu
2094 3415 104 28 Signore
2209 3416 52 23 fino
2270 3423 13 16 a
2291 3421 81 24 quand
2376 3421 32 21 o?
2414 3421 66 22 —Se
2490 3424 22 20 al

2035 3450 43 20 tuo
2088 3452 124 23 consorte,
2228 3456 27 15 se
2268 3451 21 21 ai
2302 3453 52 21 tuoi
2368 3453 90 28 figlioli
2472 3462 40 15 ac-

2035 3481 98 22 cadesse
2146 3488 40 16 ma
2197 3483 24 21 di
2234 3483 134 29 offendere,
2381 3489 25 19 tu
2419 3490 93 24 moglie

2035 3520 13 15 e
2061 3515 83 22 madré
2163 3517 67 20 avrai
2249 3517 84 23 diritto
2352 3520 26 21 di
2396 3520 115 23 chiedere

2034 3548 119 26 perdono,
2172 3549 90 26 perché
2276 3552 26 19 tu
2317 3551 112 28 figliuola
2444 3556 68 21 avrai

2033 3581 145 26 perdonato.

2201 3614 159 32 (Cuntznua)
