2634 3855
139 136 198 49 Lettera
360 135 322 69 Muniagnola

479 239 14 17 A
507 238 21 18 G.
540 238 22 18 di
572 238 19 18 lu
603 238 67 18 Gi'otla.

138 270 71 22 Caru
215 270 126 28 Juvanni,

369 307 32 21 Sb
414 306 102 23 cullatu
529 307 117 22 anch’eiu

134 345 22 21 A
166 346 105 21 stammi
276 345 45 22 un’
326 345 99 28 unghia
433 345 26 21 in
467 344 76 29 loghi
558 345 157 29 inalpellati.

134 377 38 22 Fù
182 380 48 25 per
242 378 119 27 bisognu,
373 377 51 26 chi,
438 383 16 15 u
467 380 141 25 curpacciu
621 379 68 21 meiu

133 411 22 21 H
162 412 19 26 p
190 411 110 20 iuttostu
313 410 35 21 d'i
358 410 72 28 metf
443 411 188 28 incaghiapaU:

136 445 40 21 Un
189 443 124 28 manghiu
325 443 90 22 nunda
427 450 13 14 e
461 444 148 28 diggeriscu
632 450 83 20 menu,

105 478 90 21 Roncu
208 475 92 29 appar'
308 476 59 21 d’un
379 476 133 22 buttacciu
520 477 194 29 sta^unaghiu,

132 510 23 21 E
165 515 13 15 s
180 509 13 21 b
206 510 26 21 in
246 509 22 21 li
279 510 37 20 mi
317 509 13 21 b
342 510 96 21 slracci
447 511 76 20 tanin
536 510 59 22 tenu

136 543 51 21 Chi
190 545 18 25 p
211 549 28 15 as
240 548 30 16 su
278 544 33 26 pe
328 542 115 22 lacruna
452 542 61 23 d’un
522 543 194 28 stamaghiu.(i)

132 575 87 25 Forse,
233 582 15 14 a
260 575 119 22 candella
391 575 108 28 d'acqua
512 575 149 22 cristallina

132 609 23 21 E
166 608 77 22 l’aria
251 611 87 26 porga
350 609 44 21 chi
399 608 48 29 J'ai
448 615 16 15 a
479 609 33 21 da
524 615 18 16 u
557 609 54 22 Car
612 610 33 21 du

132 642 102 22 Feranu
241 642 34 21 da
284 643 102 26 efficace
395 642 137 26 medicina,

131 676 53 21 Ren
188 676 46 20 den
238 676 16 21 d
257 676 55 21 ami
315 678 111 25 unpucu
430 677 55 20 cciu
491 675 48 28 più
541 682 20 22 g
562 676 150 28 agitardu...

407 721 9 9 *

401 734 8 8 *
415 734 9 8 *

134 765 151 23 Cambiemu
299 766 28 21 di
338 767 119 20 discorsu
467 772 8 15 :

476 804 63 21 Ane'
552 805 133 22 Antuannu

104 864 28 5 —
139 848 84 30 QuelV
233 849 135 20 Antuannu
375 848 44 21 chi
425 848 85 28 piglib
518 855 16 15 u
542 849 171 28 Senegallu—

134 883 58 24 S’ha
199 881 76 30 fattu
284 880 208 28 un'affaccatella
506 882 158 27 quist'annu,

133 917 22 24 E
165 914 176 29 t'arrispondu
353 925 28 4 —
393 914 25 22 Si
420 914 33 22 fia
462 916 35 20 !...
509 915 43 28 pe'
564 915 148 24 unn'innoc-

533 948 100 24 chiallu
641 961 29 4 —
677 949 33 29 (Q)

107 982 98 25 Ch’ellu
216 987 16 15 a
241 980 321 30 lisbaccal(Diprésenta,
570 982 22 21 o'
599 982 110 29 mancu).

131 1011 22 28 È
161 1016 28 21 in
202 1013 109 29 qualchi
320 1013 141 28 loguscefïu
473 1021 5 14 :
487 1021 54 16 nun
551 1015 28 22 sb
590 1015 104 22 bucchie
702 1017 9 20 !

130 1049 23 22 E
166 1049 27 21 di
204 1046 139 23 mustralla
356 1053 43 22 qui
412 1047 77 22 unn’e
501 1048 49 21 ma'
561 1050 24 19 si
587 1055 31 14 an
622 1055 39 16 eu.

104 1081 120 25 S’ell'unn
237 1080 19 21 "e
268 1081 28 20 in
308 1080 73 21 sedia
390 1080 84 27 molle,
485 1082 223 27 unpiegaescroc-

637 1115 55 22 chie
700 1122 11 21 ;

128 1143 21 28 È
160 1150 99 26 sempre
271 1148 29 21 in
312 1147 131 28 p}7'jama—
454 1148 37 21 Un
505 1148 106 28 saperia

130 1182 30 22 Si
171 1181 47 22 ’sse
230 1180 213 22 carnavalissime
455 1182 131 27 cuprende

131 1214 125 26 Qh’ell'hq
268 1214 34 21 da
314 1213 51 23 l'un
368 1220 14 15 ci
396 1221 15 14 a
422 1214 90 23 Paîtra
524 1216 138 25 ave-mqria

128 1248 43 24 Pe’
183 1249 10 20 i
204 1248 87 23 nostri
301 1247 89 28 vecchj
402 1247 97 24 chiassi
507 1250 70 26 point
589 1249 75 21 sende
672 1260 26 6 —

128 1282 30 23 In
171 1281 106 29 pyjama,
290 1280 176 25 aU’incontr'a
479 1287 17 17 u
503 1281 108 28 pedone,

100 1314 195 24 Dumanda:«U
305 1315 127 21 courrier?
444 1314 128 22 Monsieur
584 1314 124 23 l’faltère.»

128 1349 22 22 E
162 1350 29 20 in
203 1348 49 22 ’ssa
262 1348 177 29 paraventula
451 1355 16 14 a
479 1349 115 21 curdone

128 1382 38 22 Bà
177 1385 47 25 per
234 1381 100 23 sullevu
347 1383 26 20 in
385 1381 79 23 l'ortu
472 1393 29 5 —
509 1389 13 13 «
531 1381 64 27 Quel
608 1383 99 25 malère,

127 1415 103 29 Quand'
233 1421 13 16 o
249 1422 45 15 me
307 1415 68 22 bituè
387 1421 16 16 a
415 1415 88 28 quella
510 1416 87 21 chassa

127 1449 73 26 Inc'u
210 1449 36 24 so'
259 1450 54 24 tira
325 1455 12 18 e
349 1448 81 26 inollq
442 1455 11 14 e
463 1455 17 16 u
492 1449 126 28 papé-seta
627 1450 40 21 !..»

130 1483 39 22 Cu
183 1483 101 22 listessa
294 1483 132 21 andatnra
434 1482 51 22 leia
495 1482 53 22 Jeta

127 1517 30 21 Si
160 1516 62 29 face
234 1522 36 16 un
278 1516 115 27 giemczo
405 1516 58 21 veni
473 1522 12 14 e
490 1518 81 25 passa

127 1551 99 21 Avanti
237 1549 120 28 cullafb.
367 1548 22 22 E
399 1549 142 22 ciavattine

128 1583 209 28 Scappendusine
347 1582 32 21 da
391 1582 23 21 le
423 1582 96 28 pioghe
527 1582 91 29 scalpe,
627 1583 36 28 (j)

131 1617 66 25 Ç'un
206 1617 113 29 chiappa.
328 1622 13 15 e
353 1615 69 23 lenta
430 1621 75 19 sença
512 1617 53 20 mai
570 1616 54 30 fine

131 1650 181 24 Qccasionanu
325 1656 12 14 e
348 1649 49 28 più
409 1650 114 21 corniche
535 1649 79 26 vçihe.

100 1683 163 23 Antuannu?!
276 1682 205 23 Tusia'rassu!..
490 1683 70 21 Ame
566 1684 38 21 mi
609 1686 98 25 campa.

128 1717 41 22 Mi
176 1719 25 20 si
206 1719 66 26 pare
282 1717 28 21 di
316 1716 116 22 rivedelu
441 1716 73 22 avale

132 1751 79 25 Chme
222 1750 151 28 cinqu'anni
385 1749 36 26 fà,
435 1751 109 21 cuturni
563 1751 28 21 in
609 1753 99 27 qampa,

128 1785 22 22 E
159 1784 136 28 puntendu
304 1790 15 15 a
331 1783 134 22 sticchella
478 1784 28 21 in
515 1783 192 30 Fiuminale[f),

132 1819 38 21 Or
178 1818 43 21 chi
228 1817 114 22 buietei!
354 1817 23 22 U
383 1816 97 29 megliu
489 1817 77 22 unn’e
572 1820 50 25 per
632 1818 78 22 tutti!

129 1852 37 26 Si,
181 1852 186 26 francamente,
376 1851 40 21 cio
429 1850 43 22 chi
479 1850 57 23 luce
543 1858 13 16 e
566 1857 57 21 oru,

132 1885 127 26 Qumbene
272 1891 15 14 a
300 1884 77 22 lescià
388 1885 37 20 sti
437 1884 74 29 loghi
519 1884 29 21 di
559 1884 64 23 tutti

130 1919 50 22 Per
192 1919 138 21 andassine
341 1917 28 22 al
381 1917 60 24 boia
453 1924 16 15 a
476 1917 34 29 fà
519 1924 17 15 u
548 1919 120 27 signoru.

131 1952 71 26 Cusi,
216 1951 75 29 quale
304 1958 16 15 a
332 1951 22 22 li
363 1952 84 21 scicca
458 1957 32 15 cu
504 1952 11 20 i
521 1952 68 27 jarg
589 1958 28 15 as
619 1953 39 20 tri
662 1959 9 14 :

127 1985 132 24 Ristecche
271 1985 29 21 di
311 1984 92 22 vitella
412 1990 16 15 a
436 1983 47 32 più
496 1990 31 15 ne
536 1984 62 26 ;oli,

131 2019 78 22 Trute
221 2025 16 14 a
249 2018 92 21 dodeci
346 2017 120 28 franchi,
480 2017 48 24 bon
540 2018 156 26 pullasiri...

127 2052 23 22 E
162 2052 49 25 chi,
224 2051 130 22 s'imbotta
366 2051 29 21 di
401 2051 76 27 pomi
486 2057 13 14 e
509 2051 120 28 fasgioli.

100 2087 143 24 Antuannu,
249 2084 63 26 ellu,
320 2086 105 25 compra
434 2085 163 26 eunguarda
602 2086 92 27 pre^u
701 2091 9 16 :

103 2118 85 29 Peglif
194 2118 13 21 è
216 2118 75 22 ch’un
300 2119 72 20 irova
381 2117 326 28 aspende!—«Maloureau!

128 2152 70 23 D'un
207 2152 70 28 pude
288 2156 93 17 ntancu
391 2151 128 21 cacciassi
527 2150 28 22 lu
566 2157 74 22 ve^gii

126 2186 69 22 D'un
207 2191 65 16 anca
282 2185 162 27 ^/langousta
454 2190 14 15 o
477 2183 61 22 d'un
548 2184 105 27 pédreau
660 2185 21 20 l»

129 2219 41 22 So'
183 2218 104 29 moglia,
309 2217 38 25 clf
349 2217 53 24 ellu
413 2217 70 24 cullb
500 2217 89 23 da'sse
596 2218 111 28 pieghie,

130 2252 177 25 Unvdavendu,
318 2257 54 22 qui,
385 2253 76 20 trovu
471 2252 34 20 ad
514 2251 138 28 inciampà,

127 2286 74 23 Port’
211 2284 127 23 anch'ella
350 2291 12 15 e
373 2284 38 22 so’
421 2284 120 23 schinche
564 2284 146 29 fusuleghie

127 2320 32 22 In
171 2319 99 23 l'anche
285 2319 116 28 arrigate
413 2317 59 22 d'un
485 2317 106 31 pyjama.

129 2353 101 23 Unn'ha
239 2353 49 28 più
301 2351 85 29 quella
398 2357 91 23 scur^a
499 2358 16 15 a
524 2351 23 22 li
555 2351 114 22 talorchi

127 2387 37 22 Ne
177 2386 80 29 quelli
269 2385 140 28 capillacci
419 2384 200 29 inghiuccylati,

127 2420 45 23 Ma
184 2421 89 21 caccia
281 2420 66 22 certi
356 2419 84 29 panni
447 2418 153 22 mudernati

131 2454 52 21 Chi
194 2453 21 22 li
225 2454 114 21 sendenu
351 2459 72 16 cume
433 2459 15 15 a
459 2451 67 23 sella
533 2453 34 20 ai
576 2452 104 28 porchi.

130 2487 78 22 Soti’e
230 2489 78 26 sopra
334 2486 32 23 ha
377 2485 133 23 cambiatu
522 2485 29 22 di
561 2486 145 28 canteghia,

127 2520 29 26 E,
164 2520 129 29 Jumendu
306 2521 27 20 in
342 2520 48 21 bue
391 2519 44 22 chi
435 2525 36 16 nu
477 2518 183 28 palmerecciu,

128 2554 115 29 Sghigna
255 2555 76 20 tantu
349 2553 27 22 lu
392 2559 76 16 rossu
489 2553 29 21 di
528 2558 19 16 u
565 2554 144 21 mustacciu

130 2587 51 22 Chi
192 2589 40 21 tut
233 2590 28 19 tu
275 2586 128 29 quell’oru
415 2585 237 29 t'abbagliuleghia.

99 2621 85 28 Eppoi
192 2622 26 21 !..
231 2628 13 14 e
254 2623 101 26 sempre
364 2621 27 20 in
400 2621 86 20 cantu.
500 2619 40 23 Un
549 2619 28 22 sb
585 2621 125 27 spiegaiti

128 2655 41 22 Da
181 2655 42 22 chi
234 2655 108 28 nafone
354 2654 90 22 scende
456 2660 16 15 a
483 2653 36 22 so'
528 2653 118 28 parlaia,

127 2688 94 23 Perche
230 2688 62 29 ghi'e
304 2690 74 20 tantu
388 2689 92 20 strana
488 2694 13 14 e
510 2686 158 24 imbutulata

130 2721 51 22 Chi
192 2728 30 16 ne
234 2723 54 21 tira
300 2722 29 21 di
339 2728 18 15 u
369 2720 102 23 miaulu
483 2720 126 28 d'ijalti:

99 2766 29 5 —
134 2755 58 22 Mon
199 2756 76 28 ghieu
283 2756 5 21 !
297 2761 58 16 mon
362 2755 83 27 ghieu,
454 2760 58 16 sans
518 2760 45 15 eau
570 2754 25 21 ni
602 2754 81 21 tricilé
691 2754 16 21 !.

101 2788 27 22 Et
136 2789 63 27 puis,
209 2795 57 16 sans
273 2789 170 25 ’musements,
452 2787 74 28 qu’on
536 2790 38 19 est
583 2788 124 21 nervose!.

129 2821 58 23 Mon
194 2823 60 21 mari
263 2823 13 21 ?
285 2821 40 23 Oh
333 2822 25 21 !..
366 2823 22 20 la
396 2822 44 21 bas
445 2821 56 22 Test
506 2826 110 22 querque
624 2821 83 26 chose,

124 2855 26 22 Et
161 2857 20 20 si
194 2862 27 16 ce
230 2855 86 22 n’était
325 2861 43 22 pas
380 2855 57 27 pou’
449 2856 23 20 la
484 2853 70 23 santé
565 2854 5 21 !
583 2855 35 20 !...

399 2901 9 9 *

391 2915 10 9 *
407 2914 9 10 *

127 2948 98 28 Eccuti,
236 2949 53 22 car'
300 2950 28 21 di
335 2955 16 16 a
364 2948 104 25 Grotta,
479 2954 15 15 a
507 2948 39 21 cio
559 2947 44 22 chi
612 2947 68 22 simu

128 2981 31 22 In
171 2989 13 16 s
185 2985 29 20 tu
226 2985 38 20 mi
264 2983 14 22 b
289 2985 76 26 paese
375 2982 80 22 statin
459 2981 107 29 aghiolu
573 2987 11 20 ;

127 3015 36 22 Di
174 3016 50 23 ’ssu
237 3016 102 24 calibru
353 3017 25 20 ci
391 3015 122 30 n'ajjacca
522 3020 37 17 un
570 3013 78 26 stolu,

154 3049 56 27 Poi,
224 3050 128 22 d'ottobre
363 3055 36 16 un
408 3049 26 21 ci
439 3048 91 28 ferma
538 3047 51 28 più
600 3048 80 21 nimu.

127 3081 30 22 In
168 3081 6 10 '
174 3084 47 26 gni
230 3083 59 22 locu
301 3090 13 14 e
325 3088 65 20 cusi,
404 3088 15 15 a
432 3082 39 21 ciò
484 3081 66 22 ch'io
562 3083 73 20 sentit
644 3087 10 20 ;

127 3113 108 25 Miseria
248 3122 13 16 o
275 3115 104 23 scimità
392 3121 16 16 a
417 3114 94 29 sceglie
523 3121 15 14 a
548 3117 75 25 prese
632 3121 8 15 :

131 3147 51 23 Chi
187 3149 90 28 ferma
287 3149 129 28 pienghie,
425 3148 45 21 chi
477 3149 80 27 parte
562 3147 13 21 è
587 3148 123 21 cuntentu

126 3180 36 22 Di
171 3182 68 28 pa.gà
247 3186 70 25 pane
328 3189 32 15 cu
369 3181 23 22 le
404 3182 81 21 menti
497 3181 83 28 ojfese.

133 3214 117 23 Videndu
262 3216 45 21 chi
317 3217 44 20 stu
367 3214 176 30 fughj-jughj
552 3214 67 22 dura

127 3247 51 22 Per
190 3254 73 16 corre
275 3250 30 20 in
318 3248 82 22 lucali
412 3247 207 26 bioia-cerbellu,

126 3280 84 23 Pensu
218 3287 37 16 un
256 3287 17 16 a
284 3287 44 16 cos
329 3281 88 22 a—Un
426 3280 41 22 sia
470 3280 63 28 pur’
545 3281 24 20 si
569 3286 66 15 cura
642 3280 38 21 !—
689 3285 9 15 :

128 3314 41 26 Qu
170 3313 18 26 i,
190 3317 29 25 sp
222 3320 29 16 as
251 3320 13 15 s
266 3315 24 27 ig
294 3314 16 22 h
312 3315 39 21 ier
352 3314 15 21 à
373 3316 18 26 p
394 3313 26 22 iù
428 3314 43 21 d’u
472 3320 17 15 n
494 3314 24 20 R
519 3319 14 15 u
536 3319 13 15 c
551 3313 30 21 ch
584 3314 7 20 i
593 3315 23 19 at
618 3313 30 21 ell
650 3318 24 15 u.
675 3311 34 29 (f)

125 3347 22 20 A
159 3348 46 21 noi
215 3349 26 20 ci
250 3349 74 20 tocca
336 3347 27 22 la
368 3347 111 28 predica
490 3353 15 15 a
518 3347 10 21 i
540 3347 70 21 venti
619 3353 6 19 ;

128 3379 44 21 Ma
178 3380 106 27 fémula
296 3382 179 27 quantunque,
488 3387 13 14 e
511 3386 77 22 sen^a
594 3379 85 28 fiacca

128 3411 159 28 Spartimuci
298 3421 17 15 u
328 3415 92 21 duvere
439 3416 74 20 tacca
525 3420 16 15 a
553 3415 81 23 tacca,

125 3443 91 29 Eppoi,
227 3447 116 22 ch'unn'è
356 3449 133 25 cuntentu,
502 3448 25 21 si
533 3446 118 23 cuntenti
660 3446 9 20 !

417 3484 24 21 U
449 3482 202 27 Sampetracciu.

120 3526 17 22 1)
143 3527 17 17 ü
168 3529 109 22 stamaghiu
285 3529 11 18 è
304 3535 27 12 un
339 3534 35 14 acu
383 3530 27 18 d’i
417 3530 34 22 piû
460 3530 120 22 grussulani.

119 3550 18 23 2)
145 3551 21 19 Si
174 3554 56 21 stupa
238 3558 34 17 per
280 3554 67 18 francà
354 3555 24 17 da
385 3555 167 18 l’innocchiatura.

118 3574 18 23 3)
144 3576 47 19 Pedi
199 3579 68 22 grandi
275 3583 11 13 e
294 3580 120 17 scontrafatti
426 3580 77 17 eh’oam
516 3579 91 22 sumiglia
615 3583 33 17 per
655 3578 54 18 deri-

97 3598 52 20 sione
158 3606 11 13 a
176 3607 13 13 u
198 3604 109 17 strumenlu
314 3603 19 18 di
342 3604 40 17 ’ssu
391 3609 62 13 nome.

118 3624 18 22 4)
144 3625 61 20 Puntà
215 3632 12 13 a
235 3628 100 18 sticchella
341 3633 5 12 :
356 3629 69 22 vangà.

118 3647 18 22 3)
144 3650 126 21 liucchiatellu
273 3659 7 11 :
289 3657 65 14 scemu
362 3653 86 22 ajaccinu
453 3653 131 22 pruverbiale.

743 146 116 22 Canzona
866 147 28 21 di
899 154 15 15 a
920 148 129 22 Giuventù

765 190 58 18 Sentu
832 196 38 13 unu
878 196 47 13 voce
933 193 80 16 luntanu
1020 196 5 18 ;

764 215 60 18 Versu
834 220 30 13 me
872 216 33 22 più
913 216 111 21 s’avvicinn;

764 239 108 19 Scalurisce
881 246 11 12 a
900 241 54 22 largu
962 241 58 22 pianu

765 264 26 17 Da
798 264 21 17 lu
828 266 64 17 moule
901 270 11 12 a
919 266 19 16 la
947 265 81 18 marina.

764 288 47 17 Sara
818 293 36 17 que
862 289 61 22 spirtu
932 290 85 20 vulante,

764 313 55 18 Nolle
826 318 11 13 e
845 314 83 21 ghiornu
937 315 19 17 di
968 314 65 22 rapina
1038 314 10 17 V

764 346 27 18 Ne
799 346 16 17 ri
818 346 67 18 bomba
893 347 20 18 in
921 347 67 18 Ailoni

764 371 17 16 A
789 372 80 17 mez/.ad
877 376 58 18 acqua
943 376 11 14 e
961 371 85 22 virdure,

764 395 27 17 Cu
799 397 104 17 strumenti
911 402 10 13 e
929 396 50 18 dolci
987 396 41 18 soni

765 420 54 17 Soltu
827 421 19 17 le
854 421 66 18 fronde
929 422 72 17 mature
1008 426 5 17 ;

765 444 14 17 E
788 445 47 17 l’ecu
844 445 17 18 si
870 446 42 17 face
918 447 54 17 senle

765 469 34 17 Frà
808 470 18 17 le
834 470 79 18 tenebre
922 470 31 22 più
962 475 62 13 scure.

764 502 28 17 lia
800 502 105 18 chiamalu:
915 503 14 17 0
938 502 97 19 Minicale!

764 526 27 17 Tu
800 527 29 17 chi
839 527 29 18 soi
876 528 125 21 puelacorsu,

764 550 79 23 Sparghj
853 552 18 17 le
880 552 25 17 to’
914 552 80 17 bianche
1002 552 36 20 ale,

764 575 33 17 liai
805 576 65 21 preslu
878 576 38 18 alu
924 580 93 13 cuncorsu
1024 580 5 17 ;

763 600 94 23 T’aspella
864 601 19 17 la
891 600 99 23 giuventù,

763 625 15 18 E
785 625 40 23 ’gni
831 626 75 22 cullega
914 625 26 19 s’è
947 630 72 13 mossu.

763 658 83 19 Suilevai
854 660 19 17 le
881 659 77 18 stanche
963 659 83 18 membra

762 684 27 18 Da
796 685 20 17 lu
825 689 61 14 sonnu
894 684 30 18 chi
933 689 11 13 e
950 684 72 20 sicura;

763 709 66 21 Quella
837 714 47 13 voce
892 709 26 18 mi
927 709 92 18 risembra

762 734 40 17 Una
811 734 174 18 divin’créatura...

762 758 138 23 Saràl’agnulu
912 759 77 18 custode

762 783 34 18 Chi
805 783 19 18 di
832 788 31 13 me
872 788 25 13 ne
904 784 58 22 piglia
970 788 46 13 cura
1022 782 9 19 ?

762 817 66 22 Vengu
835 822 12 13 a
855 817 39 21 voi,
904 822 11 12 o
923 816 93 23 giuventù

761 842 22 17 Di
791 844 30 16 sla
829 842 78 18 vecchia
914 841 117 18 Cursichella
1037 846 5 17 ;

760 867 23 17 Ai
792 867 65 21 lempi,
866 867 106 21 quand’ella
982 867 19 17 fù

760 891 63 18 Palria
831 892 86 21 preziosa
925 896 11 13 e
944 892 57 21 bella,

760 917 64 18 Tandu
832 921 33 14 era
872 916 121 18 cunsidei-ala

759 941 92 21 Giovana,
860 941 61 18 fresca
929 946 11 13 e
947 941 70 18 zitella.

759 975 61 17 Fumu
828 975 31 17 noi
868 974 51 22 privi
927 975 19 17 di
954 979 60 18 regnu

759 1000 15 17 E
783 1000 19 17 di
810 999 114 18 naziunalilà
931 1005 5 16 ;

759 1025 44 18 Cadi
814 1025 20 21 iit
842 1029 51 13 vanu
901 1025 45 22 ogni
958 1025 83 22 disegnu

758 1050 91 18 Guvernu
858 1050 19 17 di
886 1050 67 18 liberlà
959 1055 5 16 ;

759 1074 107 22 Cantarele,
875 1079 11 14 o
895 1075 104 21 Giuventù,

758 1100 66 22 Quelle
834 1100 77 18 veechie
919 1100 76 22 qualilù.

759 1134 33 19 Voi
801 1134 72 23 gudite,
883 1134 33 22 più
924 1135 97 20 cuntenle,

757 1160 64 18 Laude
828 1160 72 18 suciale
908 1164 11 13 e
926 1160 46 17 liete
978 1165 5 16 ;

758 1185 25 18 Le
791 1185 35 17 me’
835 1185 49 18 rime
893 1186 49 17 State
950 1190 10 12 a
966 1186 62 20 sente,

757 1209 79 22 Quandu
844 1214 12 13 a
864 1214 46 13 voce
917 1210 19 17 le
944 1210 68 21 ripete,

757 1235 34 17 Chi
801 1235 19 17 bi
828 1237 54 16 cailla
891 1235 20 17 di
919 1230 76 22 i’amore

757 1260 15 17 E
777 1265 44 13 cose
828 1254 19 24 ie
856 1260 33 22 più
898 1260 76 17 sicrete.

757 1294 22 17 Bi
787 1294 87 18 circonda
883 1294 20 17 in
911 1293 44 23 ogni
964 1294 54 21 parte

756 1320 17 17 A
782 1319 33 22 più
823 1320 54 22 grata
885 1319 113 22 gentilezza;

756 1344 59 19 Senza
823 1344 78 18 circallu
912 1348 37 14 cun
957 1345 48 20 arte,

756 1370 83 18 L’amore
847 1370 21 17 vi
875 1370 119 17 s’accarezza.

756 1396 88 17 Adatlata
851 1400 11 13 a
870 1396 19 17 le
898 1399 81 17 manere,

756 1421 95 18 Giuventù
861 1421 53 18 tantu
927 1421 110 21 s’apprezza.

755 1456 17 17 A
781 1454 87 24 ruggiala
875 1454 104 20 cristallina

756 1481 64 22 Bagna
827 1481 18 17 le
853 1480 86 18 ’nnorale
947 1479 69 22 foglie;

755 1506 60 17 Piove
823 1510 56 17 sopra
888 1505 38 22 ’gni
935 1505 72 17 malina

755 1531 57 18 Dolce
818 1534 67 14 manna
891 1530 31 17 chi
927 1529 105 22 s’accoglie,

755 1555 104 21 Culurisce,
867 1560 11 13 o
886 1554 103 21 Giuventù,

755 1581 27 18 Le
788 1581 65 17 voslre
861 1584 90 18 pumpose
958 1579 80 23 spoglie.

756 1614 78 23 Quandu
840 1618 12 13 a
856 1613 106 23 primavera
969 1612 71 21 infiora

756 1639 29 19 Cu
791 1640 22 24 ju
821 1644 21 13 so
850 1640 60 17 verde
918 1638 99 20 maulellu,

756 1664 49 20 Luçe
814 1669 11 14 e
832 1664 79 22 splende
919 1664 87 17 l’aurora,

756 1689 16 18 E
780 1694 12 13 u
800 1689 70 23 temp’è
878 1690 67 17 sïrenu
953 1693 10 13 e
975 1688 52 18 bellu
1033 1692 5 17 ;

755 1714 118 19 S’innamora
881 1719 12 13 a
901 1713 103 22 Giuventù,

756 1740 17 19 U
783 1739 79 18 vecchiu
870 1740 54 21 toraa
932 1739 17 17 zi
951 1738 34 19 tell
987 1743 20 13 u.

735 1773 58 19 S’ellu
801 1773 72 18 affacca
880 1777 14 13 u
903 1773 61 21 primu
975 1772 65 18 albore

756 1799 18 17 A
780 1798 71 18 malina
859 1798 20 17 in
887 1797 80 21 oriente,

757 1823 42 18 Cun
808 1823 63 22 quelle
876 1827 47 13 voce
931 1826 74 17 sonore,

757 1846 97 24 Giqvénlù
861 1848 17 17 si
887 1848 40 17 face
935 1848 54 17 sente
994 1851 5 18 ;

757 1874 15 17 E
779 1874 19 17 la
807 1875 50 16 terra
867 1873 127 20 s’inn’amora,

757 1899 15 18 E
780 1899 77 18 fiurisce
865 1897 46 23 ogni
918 1898 93 20 sumentp.

756 1934 18 17 A
781 1933 74 19 vizzosa
866 1931 96 19 cardalina

757 1958 57 19 Veste
822 1958 19 17 di
851 1957 54 18 variu
913 1957 64 20 eufore
983 1961 5 12 :

757 1983 80 21 Quandu
845 1987 49 17 vpne
904 1982 91 19 l’istatina

757 2004 21 22 âi
787 2012 24 13 ne
819 2007 29 18 stà
857 2007 61 22 sopr’a
926 2007 20 17 lu
954 2006 49 18 flore
1010 2011 6 16 ;

757 2033 15 17 E
780 2034 18 16 la
805 2032 94 23 giuventù
907 2031 82 22 accoglie

757 2058 15 17 E
780 2057 68 18 liberté
857 2057 20 18 di
884 2057 85 17 l’aniore.

756 2091 17 18 U
781 2096 58 13 cuccu
847 2091 18 20 si
872 2090 41 18 face
921 2091 61 21 sente,

755 2114 82 25 Alegru,’
842 2116 29 22 pe’
880 2116 19 17 la
906 2119 101 17 campagna
1013 2119 5 13 :

756 2142 29 21 Yà
792 2142 20 17 di
820 2142 77 17 levante
905 2145 11 12 a
923 2137 83 25 pu’nente

756 2166 61 19 Sott’a
824 2166 19 20 la
851 2165 82 18 friscura
944 2169 61 18 pagna
1011 2169 5 17 ;

756 2191 45 19 Cusi
810 2193 55 17 canta
873 2190 97 19 Giuventù

734 2218 26 20 Pa
768 2217 20 19 la
797 2216 78 23 piagbia
883 2220 12 13 a
902 2216 18 19 la
928 2216 110 23 muntagna.

901 2240 115 20 Minicale,

804 2299 30 22 In
852 2297 118 24 Missioni

756 2341 15 18 0
780 2340 58 22 Musa,
847 2344 44 14 cara
896 2343 108 18 cumpagna,

755 2365 30 18 Tu
792 2368 11 13 a
812 2367 29 13 me
850 2363 69 22 sempri
927 2362 61 21 fideli,

756 2387 61 22 Ogbie
824 2390 34 19 per
866 2391 38 12 una
908 2385 87 19 missioni

756 2410 36 19 Hai
799 2410 24 17 da
830 2409 41 17 alzâ
878 2408 16 18 li
903 2408 39 18 veli

755 2433 37 18 Par
799 2431 96 19 trafrancà
903 2431 17 18 la
928 2429 84 18 distanza

756 2456 36 18 Fra
799 2456 23 17 lu
832 2454 48 18 mari
888 2458 12 13 e
907 2454 29 17 fra
944 2453 21 17 lu
973 2453 44 18 celi.

755 2489 79 22 Pripara
841 2488 20 17 la
869 2487 27 18 to’
904 2488 87 21 parlenza

756 2513 17 17 A
779 2512 49 17 l’usu
836 2511 58 17 d’una
903 2509 68 18 turista
977 2514 5 17 ;

756 2534 35 19 Chi
797 2534 99 21 d’ingeniu
902 2537 11 13 e
918 2531 122 19 d’ambizioni

756 2557 29 18 Un
793 2557 19 18 si
819 2561 24 13 ne
851 2556 28 17 sia
888 2560 48 13 ancu
944 2555 60 22 vista;

756 2579 85 19 Parlarei
849 2579 51 17 fattu
908 2578 31 18 chi
946 2577 47 18 t’hai

756 2603 24 18 Di
788 2603 52 17 tuttu
848 2602 18 16 la
872 2601 26 17 to’
906 2601 93 22 pruvista.

756 2635 77 23 Seguita
841 2634 21 18 lu
868 2634 26 18 lo’
902 2633 80 22 caminu,

756 2659 32 18 Sia
796 2663 11 13 a
815 2661 30 14 me
853 2656 69 23 sempri
931 2656 73 20 sincera
1011 2662 5 17 ;

755 2680 73 24 l\,iempj
836 2680 20 19 la
866 2679 26 18 to’
901 2679 92 22 missioni,

756 2704 15 18 O
780 2703 81 24 priziosa
868 2706 126 19 messaggera;

756 2727 22 18 Si
785 2726 46 19 t’hai
838 2725 60 18 fiuitu
907 2726 58 19 tuttu,

755 2748 84 19 Turnarè
848 2752 11 14 a
867 2752 32 13 me
907 2749 78 17 slasera.

755 2781 71 20 Mettiti
833 2781 78 22 dunqua
918 2781 21 17 in
947 2782 76 17 caminu

756 2806 66 18 Fendu
829 2805 52 17 tuttu
888 2804 21 17 in
915 2805 112 22 maraviglia
1032 2809 6 17 ;

756 2829 27 18 Mi
789 2826 84 20 salularè
881 2826 70 18 l’amici

755 2852 79 21 Quandu
840 2849 53 23 passi
899 2853 34 18 par
937 2849 101 23 Marsiglia,

756 2873 101 19 Beienduti
864 2871 134 23 un’acquavita

756 2897 23 18 Si
786 2897 18 17 la
812 2896 66 17 brama
888 2895 14 18 ti
911 2895 20 17 ni
940 2895 65 22 piglia.

748 2929 60 19 luand’
813 2928 104 18 affacchiin
923 2929 51 16 terra
978 2933 59 18 corsa,

757 2953 21 18 Si
786 2951 73 24 prupizj
868 2955 22 14 so
898 2950 15 17 li
920 2951 55 17 venti

757 2976 28 17 Da
789 2976 53 21 parle
850 2973 20 18 di
878 2978 15 13 u
902 2972 115 22 «Marinarp»

756 2997 67 19 Salula
830 2996 57 18 amici
896 2999 11 14 e
914 2996 80 24 parepti,

756 3020 65 19 Fendu
829 3020 52 18 tuttu
890 3019 19 16 in
917 3019 33 18 tal’
963 3023 79 14 manera.

757 3043 92 19 Ch’eH’un
855 3041 18 18 ci
878 3041 29 17 sla
914 3042 104 17 scuntenti.

756 3076 40 21 Poi,
808 3079 55 14 senza
872 3074 19 19 fà
906 3075 132 22 tant’arrestu,

757 3099 52 18 Colla
817 3098 20 17 lu
846 3096 34 19 Cor
880 3100 22 14 su
910 3095 107 24 Granvallu,

757 3119 91 20 Salutami
856 3119 14 18 li
877 3118 96 23 Muvrisli,

757 3143 42 19 Omi
808 3142 50 18 corsi
863 3145 56 14 senza
923 3141 47 19 fallu
977 3147 5 16 ;

757 3167 24 18 Ti
788 3165 108 18 ricivaranu
905 3163 23 19 bè

757 3189 15 18 E
781 3188 71 23 megliu
860 3187 51 18 chea
919 3187 52 17 l’usu
979 3186 58 23 gallu.

757 3219 147 25 Dopu,turnarè
911 3220 21 17 in
940 3219 62 23 Borgu

757 3245 52 18 Sin’a
817 3244 20 17 lu
845 3243 101 21 cinquanta
953 3242 37 22 trè,

757 3266 81 19 Diciarei
845 3270 12 13 a
864 3265 15 18 li
888 3265 35 18 me’
932 3265 39 18 cari

757 3289 39 18 Che
804 3289 22 17 sò
833 3292 48 13 sanu
891 3292 10 13 e
909 3288 54 21 stogu
972 3286 31 21 hè,

750 3312 27 20 oi,
783 3310 92 18 dumanda
880 3314 12 13 a
897 3309 44 18 tutti
945 3309 94 22 unbasgiu

757 3334 37 17 Per
801 3331 142 19 riturnammilu
951 3335 11 13 a
970 3331 36 18 mè.

756 3366 32 18 Sia
795 3365 55 19 fideli
858 3369 11 13 a
877 3364 26 19 sti
911 3364 95 22 cumandi,

757 3389 15 18 O
781 3388 118 22 Messaggera
907 3386 64 18 divina
978 3391 5 16 ;

756 3411 94 18 Laseiarei
858 3411 20 17 lu
885 3409 110 19 Cuntinenti

757 3434 60 18 Senza
824 3433 18 18 fà
851 3433 50 18 altra
908 3431 88 18 cumbina

757 3457 15 17 E
780 3456 76 18 stender
861 3456 18 17 ei
887 3455 15 18 li
911 3455 26 17 to’
945 3454 29 18 ali

755 3480 75 17 Ancora
837 3479 53 17 vers’
899 3477 93 18 Indocina.

756 3508 16 22 È
781 3513 62 20 tempu
850 3511 31 18 ebï
889 3512 19 16 tu
917 3509 68 18 rilorni

756 3535 37 17 Par
801 3533 55 23 guari
865 3534 32 17 sta
904 3532 83 18 malatia.

755 3557 37 17 Per
799 3556 99 18 cumbatte
905 3559 36 13 cun
947 3557 91 15 successu

756 3578 23 19 Ci
786 3579 37 18 vol’
829 3579 20 17 la
854 3579 25 17 to’
885 3576 121 23 eumpagnia.

755 3601 27 18 Mi
789 3601 41 18 face
838 3601 44 22 aggi
890 3601 19 16 di
917 3601 32 16 stu
958 3599 57 17 modu

755 3623 96 23 L’imperu
859 3624 21 17 di
888 3628 11 12 a
907 3621 98 23 nostalgia.

768 3651 94 19 Saveriu
868 3648 149 21 Scarbonchi.

1076 149 105 22 Cullana
1194 150 98 21 Storica
1303 149 28 21 di
1342 149 22 21 A
1377 150 89 22 Muvra

1129 211 23 36 Â
1172 212 157 45 Cunquista
1346 212 142 37 Francese

1210 270 30 35 di
1257 282 18 23 a
1294 270 120 36 Corsica

1119 323 47 28 (Da
1179 331 32 15 un
1224 325 120 22 Giurnale
1356 325 24 21 di
1394 325 100 29 l’epuca)

1241 383 131 28 (Seguitu)

1095 433 80 19 Numéro
1184 435 26 17 du
1219 435 95 18 Vendredi
1321 434 22 18 17
1352 434 105 20 Novembre
1464 436 52 18 1709.

1238 468 26 17 De
1272 468 73 18 Toulon
1353 467 20 18 le
1381 468 11 17 0
1400 468 112 19 Novembre.

1083 526 3 2 .
1102 504 33 21 M.
1147 505 116 22 Chardon
1273 506 131 22 Intendant
1413 508 30 21 de
1451 509 21 20 la
1483 508 60 21 Cor-

1073 538 26 15 se
1110 533 82 23 s’étoit
1203 535 132 29 embarqué
1347 542 63 21 pour
1426 544 17 21 y
1460 544 83 21 passer

1073 568 60 16 avec
1141 564 35 21 M.
1187 565 23 21 le
1220 565 87 22 Comte
1319 567 30 20 de
1361 566 121 29 Thianges
1491 567 52 21 Ma-

1073 592 80 23 réchal
1165 594 30 22 de
1205 594 78 29 Camp
1292 596 22 22 &
1324 603 31 16 un
1365 599 66 20 autre
1441 597 102 23 Officier

1074 623 106 28 général,
1194 632 42 15 sur
1247 627 22 20 la
1281 627 94 28 Barque
1387 629 31 20 du
1431 628 47 22 Roi
1488 635 5 19 ;
1506 630 36 20 les

1072 657 71 19 vents
1151 657 136 22 contraires
1296 657 117 22 l’avoient
1422 658 81 28 obligé
1512 659 29 21 de

1072 686 98 20 revenir
1182 686 31 21 ici
1225 693 6 19 ;
1245 687 17 21 il
1274 689 73 25 partit
1360 688 64 21 enfin
1437 689 104 21 Mercre-

1072 714 25 21 di
1108 715 100 23 dernier
1219 716 22 22 &
1252 723 33 16 on
1299 718 23 21 le
1341 719 37 20 dit
1396 721 99 24 porteur
1511 719 29 21 de

1071 744 83 23 divers
1169 752 132 17 nouveaux
1318 748 148 28 Reglemens
1483 749 57 27 qu’il

1072 774 49 22 fera
1132 777 97 26 publier
1241 777 13 22 à
1265 783 46 16 son
1323 778 105 22 arrivée.
1450 779 19 21 Il
1488 779 53 22 doit

1071 805 70 22 venir
1152 812 32 15 un
1196 807 130 22 troisième
1342 808 103 22 Officier
1461 808 79 22 Géné-

1071 836 41 24 ral,
1125 835 22 21 &
1159 837 32 20 ils
1203 840 57 19 sont
1271 838 110 22 destinés
1398 844 62 22 pour
1476 845 63 16 com-

1070 867 101 20 mander
1182 867 49 21 l’un
1243 867 13 22 à
1268 869 23 21 la
1304 869 91 26 Bastia,
1415 870 23 22 le
1450 870 89 22 second

1068 895 14 22 à
1095 897 101 30 AjaçciQ
1208 898 22 25 St
1242 899 22 21 le
1276 900 127 21 troisième
1422 900 14 21 à
1455 900 82 22 Corte.

1071 926 32 21 M.
1116 920 23 28 îe
1151 927 108 28 Marquis
1271 929 155 22 d'Arcambal
1437 933 38 19 est
1485 930 53 28 éga-

1068 957 92 22 lement
1181 959 64 26 parti
1269 966 64 21 pour
1352 966 28 15 se
1400 961 88 21 rendre
1508 967 29 15 en

1069 986 84 23 Corse.

1090 1037 81 20 Numéro
1178 1040 26 17 du
1212 1042 92 17 vendredi
1311 1042 23 17 24
1339 1041 106 18 Novembre
1453 1041 50 18 1709.

1228 1074 101 19 DA’ntibes
1337 1076 18 17 le
1363 1074 23 19 20
1395 1074 101 18 Novembre

1095 1110 30 22 Le
1137 1111 120 29 régiment
1268 1113 171 29 Royal-Corse
1458 1114 77 22 arriva

1067 1141 31 21 ici
1105 1142 23 21 le
1138 1149 25 21 17
1173 1146 91 21 venant
1270 1145 33 21 du
1313 1145 50 21 fort
1372 1144 96 21 Barault
1476 1149 62 22 pour

1066 1174 136 26 remplacer
1213 1176 61 20 celui
1298 1175 187 27 d'Angoumois,
1496 1175 39 27 qui

1066 1203 74 25 partit
1150 1204 24 20 le
1186 1205 143 21 lendemain
1340 1210 64 22 pour
1415 1211 25 15 se
1451 1205 86 22 rendre

1064 1231 14 22 à
1099 1232 134 23 Grenoble.
1258 1234 70 25 Nous
1350 1240 138 22 apprenons
1507 1235 30 20 de

1066 1261 78 24 Corse
1156 1269 48 22 que
1216 1266 23 20 le
1249 1265 134 28 Régiment
1390 1266 30 20 de
1430 1265 108 28 Bourgo-

1064 1299 57 22 gne,
1134 1295 59 22 dont
1203 1296 23 21 le
1238 1296 108 27 premier
1369 1296 118 23 Bataillon
1500 1298 38 21 est

1064 1323 14 22 à
1090 1324 80 27 Calvi,
1183 1326 23 21 &
1217 1327 23 20 le
1250 1327 92 21 second
1354 1332 90 23 occupe
1462 1326 75 22 Llsle-

1065 1354 94 24 Rousse
1171 1356 23 22 &
1206 1357 117 23 différens
1345 1360 84 25 postes
1443 1358 59 23 dans
1514 1358 22 21 la

1064 1385 114 29 Balagna,
1203 1390 70 20 outre
1297 1389 36 21 les
1364 1389 173 26 gratifications

1065 1417 58 26 qu’il
1135 1423 13 16 a
1163 1419 44 26 plp
1218 1425 29 14 au
1263 1419 48 23 Roi
1324 1419 30 21 de
1366 1419 34 21 lui
1412 1419 123 26 accorder,

1065 1452 95 21 comme
1169 1448 13 21 à
1195 1451 58 20 tous
1264 1450 38 23 leg
1314 1451 83 22 autres
1414 1450 40 27 qui
1465 1455 18 22 y
1494 1452 43 19 ont

1065 1477 43 22 fait
1119 1479 22 20 la
1153 1484 143 23 campagne,
1310 1486 13 15 a
1335 1485 88 16 encore
1435 1479 37 22 été
1483 1486 55 21 gra-

1064 1507 54 22 tifié
1126 1509 31 21 de
1167 1510 65 21 deux
1242 1510 179 22 Commissions
1430 1511 29 20 de
1467 1510 70 22 Lieu-

1066 1541 84 19 tenant
1161 1539 112 27 Colonel,
1296 1540 22 22 &
1330 1541 29 20 de
1372 1541 65 21 deux
1459 1540 78 22 Croix

1066 1569 30 21 de
1119 1569 36 22 St.
1180 1571 74 22 Louis
1283 1571 22 21 &
1319 1571 17 22 il
1346 1577 18 23 y
1381 1577 31 16 en
1424 1578 13 15 a
1449 1578 29 19 eu
1490 1578 47 15 une

1067 1606 61 21 pour
1139 1601 35 21 M.
1200 1601 100 27 Qeoffre
1320 1602 32 21 de'
1374 1602 160 28 Chabrignac,

1066 1631 61 22 dont
1137 1632 22 20 le
1171 1631 88 23 mérite
1271 1635 38 19 est
1320 1632 67 22 assés
1399 1638 88 17 connu.
1501 1633 34 23 M,

1066 1662 31 20 de
1108 1661 147 23 Farsenham
1279 1669 14 15 a
1303 1662 40 24 été
1366 1663 97 25 nommé
1474 1669 63 22 pour

1066 1693 80 24 servir
1157 1699 31 16 en
1204 1693 77 23 Corse
1294 1699 31 17 en
1332 1694 91 29 qualité
1435 1695 28 21 de
1486 1694 50 22 2'la-

1066 1723 81 24 réchal
1158 1725 31 20 de
1197 1724 78 28 Camp
1285 1731 61 15 avec
1352 1726 23 20 le
1384 1724 113 23 Vicomte
1506 1726 30 21 de

1066 1754 123 28 Thianges
1201 1754 22 22 <&
1235 1755 34 22 M.
1283 1756 31 21 du
1327 1755 76 22 Rozel
1414 1756 30 21 de
1463 1756 73 21 Beau-

1065 1785 104 21 manoir.

1098 1836 82 18 Numéro
1188 1837 26 18 du
1222 1837 95 20 Vendredi
1324 1837 11 17 4
1343 1836 102 19 Décembre
1452 1836 51 19 17G9.

1216 1870 26 18 De
1250 1869 77 19 Monaco
1335 1870 19 18 le
1362 1869 23 19 30
1393 1870 109 19 Novembre.

1095 1908 41 23 On
1148 1909 88 22 mande
1257 1909 131 24 d'Antibes
1408 1910 32 21 du
1451 1915 28 22 24
1489 1915 47 22 que

1066 1941 23 21 le
1101 1939 134 30 Régiment
1246 1939 171 30 Royal-Corse
1427 1946 17 22 y
1450 1943 38 18 est
1495 1946 42 16 ve-

1066 1977 33 15 nu
1107 1977 63 21 pour
1177 1972 52 19 être
1237 1970 14 21 à
1260 1970 86 27 portée
1354 1971 30 21 de
1391 1977 26 15 se
1422 1972 115 27 complet-

1065 2004 44 23 ter,
1116 2001 102 22 attendu
1225 2000 74 27 qu’on
1307 2007 30 15 en
1345 2007 13 15 a
1364 2000 47 23 tiré
1417 2002 120 26 plusieurs

1066 2031 102 26 Soldats,
1182 2031 49 22 afin
1240 2031 30 21 de
1283 2031 93 22 former
1387 2032 61 22 celui
1459 2032 31 22 de
1500 2032 35 21 M.

1065 2062 145 23 Buttafuoco
1220 2061 50 30 qui,
1285 2060 13 22 à
1307 2064 64 19 cette
1381 2062 64 25 date,
1453 2068 17 22 3^
1477 2061 60 23 étoit

1065 2093 88 27 depuis
1165 2093 119 27 quelques
1294 2091 69 28 jours
1372 2097 61 18 avec
1445 2092 33 23 M.
1492 2091 45 25 Ca-

1066 2123 64 26 raffa,
1143 2123 43 27 qui
1199 2123 53 23 doit
1271 2128 31 17 en
1326 2123 51 22 être
1402 2122 91 28 Major;
1506 2124 30 21 ils

1067 2155 104 21 doivent
1180 2159 31 16 en
1222 2153 77 28 partir
1307 2153 124 21 ensemble
1443 2159 61 21 pour
1513 2154 23 21 la

1066 2184 76 23 Corse
1154 2189 43 22 par
1208 2184 23 21 le
1244 2184 107 26 premier
1376 2184 95 21 Bateau.
1495 2183 40 23 On

1065 2215 81 28 ajoute
1159 2220 47 22 que
1217 2215 23 21 le
1250 2213 126 22 Schebeck
1387 2214 74 25 Ruse,
1471 2220 65 17 com-

1065 2245 88 22 mandé
1165 2251 45 22 par
1221 2244 35 22 M.
1269 2245 24 20 le
1306 2244 132 22 Chevalier
1449 2246 29 21 de
1490 2245 45 22 Da-

1065 2282 51 16 mas
1127 2282 17 23 y
1155 2276 70 21 avoit
1246 2274 99 23 relâché
1367 2274 14 23 à
1401 2281 70 16 cause
1493 2277 43 21 des

1066 2309 71 19 vents
1156 2306 137 22 contraires
1303 2312 5 19 ;
1322 2306 18 20 il
1363 2307 70 20 alloit
1454 2313 83 21 passer

1065 2338 60 21 dans
1137 2339 63 20 cette
1223 2336 47 22 Isle
1293 2335 34 22 M.
1339 2337 24 20 le
1386 2336 109 28 Marquis
1506 2338 29 21 de

1066 2367 162 23 Beaumanoir
1248 2366 139 27 Maréchal.
1397 2367 29 22 de
1449 2367 85 28 Camp,

1066 2405 62 21 pour
1137 2404 17 23 y
1166 2399 53 20 être
1227 2397 112 29 employé
1347 2400 55 19 tous
1410 2398 36 21 les
1453 2399 83 22 ordres

1066 2431 31 21 de
1108 2429 34 22 M.
1154 2430 24 21 le
1191 2428 89 22 Comte
1304 2428 30 21 de
1346 2427 80 22 Vaux.
1439 2430 22 20 A
1474 2432 62 19 cette

1065 2462 79 21 même
1153 2460 66 25 date,
1228 2459 37 21 les
1277 2460 72 20 vents
1361 2458 91 23 n’étant
1466 2461 71 26 point

1065 2497 89 16 encore
1163 2490 147 25 favorables,
1321 2495 27 16 ce
1357 2489 105 22 Général
1468 2492 69 21 avoit

1066 2523 50 27 pris
1128 2528 31 15 un
1172 2522 126 27 logement
1315 2521 60 21 dans
1395 2522 22 20 la
1430 2521 73 27 Ville,
1514 2523 22 21 &

1066 2559 30 16 ne
1107 2553 84 21 devoit
1203 2558 26 15 se
1237 2551 158 28 rembarquer
1407 2552 69 27 qu’au
1485 2559 51 16 mo-

1065 2585 69 21 ment
1144 2589 48 21 que
1202 2584 23 20 le
1239 2582 125 22 Schebeck
1376 2584 80 21 auroit
1464 2589 73 23 appa-

1065 2613 78 24 reillé.

1087 2663 80 19 Numéro
1176 2664 26 18 du
1211 2663 60 18 Mardi
1281 2662 22 18 12
1314 2663 103 18 Décembre
1425 2663 50 18 17G9.

1198 2696 27 18 De.
1232 2696 71 18 Toulon
1311 2696 19 19 le
1335 2696 22 18 28
1365 2697 110 18 Novembre.

1094 2730 31 22 La
1138 2730 93 27 Barque
1243 2730 31 20 du
1285 2729 55 26 Roi,
1353 2730 41 27 qui
1407 2730 60 22 étoit
1476 2730 60 22 allée

1065 2767 31 16 en
1109 2761 85 26 Corse,
1208 2766 30 16 en
1248 2762 38 19 est
1293 2760 31 21 de
1333 2763 83 20 retour
1424 2761 22 21 &
1454 2761 83 22 attend

1065 2792 31 21 de
1107 2797 131 16 nouveaux
1250 2791 85 21 ordres
1346 2797 62 21 pour
1417 2797 18 22 3^
1444 2794 91 19 retour-

1065 2828 52 20 ner,
1132 2827 32 16 ou
1177 2827 62 21 pour
1250 2820 135 23 désarmer.

1098 2871 82 19 Numéro
1189 2872 27 16 du
1223 2871 92 18 vendredi
1324 2871 22 18 13
1354 2871 101 20 Décembre
1463 2871 52 20 17G9,

1065 2905 54 19 Suite
1124 2905 33 18 des
1163 2905 99 18 nouvelles
1267 2904 25 18 de
1296 2904 53 20 Paris
1355 2905 27 19 du
1387 2904 23 19 28
1415 2904 110 19 Novembre.

1093 2944 40 22 On
1145 2945 68 26 parle
1221 2943 58 22 d’un
1292 2946 66 19 autre
1382 2943 80 28 projet
1476 2945 62 21 dont

1065 2974 148 23 l’exécution
1235 2973 66 22 n’est
1324 2975 120 26 peut-être
1455 2980 42 21 pas
1516 2976 20 21 si

1065 3004 122 29 éloignée,
1207 3003 21 22 &
1247 3005 42 26 qui
1309 3011 31 15 ne
1357 3005 96 21 coûtera
1472 3011 65 16 sans-

1065 3036 74 21 doute
1150 3041 45 22 pas
1206 3037 53 19 tant
1279 3040 47 21 que
1337 3035 31 21 de
1387 3037 151 24 transporter

1065 3068 37 20 les
1113 3065 140 22 Chartreux
1276 3065 107 27 ailleurs,
1405 3065 58 21 c'est
1475 3066 62 21 celui

1065 3097 31 22 de
1107 3096 61 21 faire
1179 3101 86 22 passer
1272 3101 31 15 en
1313 3095 79 22 Corse
1403 3096 36 21 les
1451 3095 87 23 Famil-

1065 3129 37 20 les
1121 3126 173 22 Canadiennes
1316 3127 39 26 qui
1379 3131 26 16 se
1423 3127 115 21 trouvent

1065 3157 138 28 répandues
1217 3157 59 21 dans
1288 3157 23 20 la
1326 3156 128 27 Brétagne,
1469 3156 22 22 &
1507 3157 30 21 de

1065 3189 52 20 leur
1138 3187 113 28 assigner
1270 3188 44 20 des
1332 3187 87 21 Terres
1439 3186 98 27 qu’elles

1065 3219 80 21 feront
1157 3217 124 22 défricher
1293 3217 11 21 à
1317 3218 53 20 leur
1381 3215 78 28 profit.

1094 3248 70 22 Selon
1193 3249 36 20 les
1255 3247 128 21 dernières
1412 3248 126 21 nouvelles

1066 3278 72 28 qu’on
1151 3284 32 15 eu
1190 3278 31 21 de
1232 3279 65 20 cette
1309 3277 58 26 Isle,
1377 3275 34 22 M.
1425 3275 113 24 Chardon

1066 3308 132 22 Intendant
1209 3307 22 22 &
1243 3307 110 22 Premier
1370 3306 127 22 Président
1506 3308 32 21 du

1067 3338 102 22 Conseil
1178 3337 137 23 Souverain
1324 3337 215 28 afaitenregistrer

1066 3369 122 28 plusieurs
1196 3368 75 26 Edits,
1279 3367 170 22 Déclarations
1456 3368 22 21 &
1486 3367 53 22 Let-

1066 3399 177 22 tres-Patentes
1272 3400 148 21 concernant
1445 3398 94 22 l’admi-

1065 3430 132 21 nistration
1209 3429 30 21 de
1250 3430 24 20 la
1284 3428 89 28 justice
1381 3427 14 21 à
1405 3427 94 23 l’instar
1509 3429 29 20 de

1066 3460 61 21 celle
1136 3460 30 21 de
1179 3459 100 26 France,
1288 3459 21 22 &
1322 3459 98 27 portant
1431 3458 107 23 création

1067 3490 30 22 de
1108 3489 116 22 différens
1236 3489 93 22 Offices
1350 3488 30 21 de
1391 3488 146 26 Judicature.

1087 3539 81 18 Numéro
1176 3539 27 17 du
1211 3539 92 18 vendredi
1312 3537 23 19 22
1342 3536 104 20 Décembre
1453 3537 52 19 17G9.

1223 3572 27 17 De
1258 3572 73 17 Toulon
1338 3571 19 17 le
1366 3569 22 18 12
1396 3570 108 19 Décembre.

1094 3612 31 20 Le
1137 3610 125 23 Schebeck
1273 3611 25 21 le
1308 3609 75 25 Ruse,
1397 3609 142 22 commandé

1065 3648 45 21 par
1132 3641 34 21 M.
1191 3641 24 21 le
1238 3640 134 22 Chevalier
1397 3639 29 21 de
1450 3640 88 21 Damas

1563 2827 147 22 Lieutenant
1724 2828 31 21 de
1769 2827 121 22 Vaisseau
1910 2830 38 19 est
1961 2827 81 28 égale-

1563 2861 69 19 ment
1655 2857 92 26 arrivé,
1777 2860 74 26 a}mnt
1874 2857 108 22 terminé
2006 2858 36 21 les

1562 2894 111 23 V03mges
1685 2888 61 27 qu’il
1758 2894 13 16 a
1783 2888 45 21 fait
1839 2894 32 15 en
1884 2887 78 23 Corse
1983 2894 59 21 pen-

1564 2919 59 21 dant
1635 2921 39 20 cet
1685 2918 43 22 Eté
1740 2918 23 22 &
1774 2924 13 16 a
1797 2917 112 23 désarmé
1920 2925 5 19 ;
1939 2920 23 20 la
1986 2918 56 22 Bar-

1564 2955 47 22 que
1623 2950 32 21 du
1668 2949 49 22 Roi
1728 2955 33 15 va
1772 2949 116 28 prendre,
1901 2948 14 23 à
1927 2955 28 15 ce
1967 2948 74 28 qu’on

1564 2980 36 21 dit
1611 2985 62 22 pour
1683 2980 40 21 six
1734 2979 127 22 Semaines
1873 2980 30 21 de
1915 2980 95 25 vivres,
2021 2979 21 22 &

1565 3010 50 22 fera
1628 3015 90 17 encore
1729 3016 32 15 un
1774 3016 98 23 voyage
1884 3010 13 21 à
1910 3012 62 19 cette
1985 3009 56 22 Isle.

1590 3065 83 18 Numéro
1681 3065 25 18 du
1716 3065 61 18 mardi
1785 3065 23 18 2G
1812 3065 104 19 Décembre
1926 3066 52 19 17G9.

1709 3101 26 18 De
1746 3101 62 19 Gênes
1815 3102 20 18 le
1842 3102 23 17 IG
1873 3102 108 19 Décembre.

1594 3140 31 21 Le
1638 3140 92 22 Patron
1742 3140 58 22 d’un
1820 3140 94 23 Navire
1933 3148 66 15 venu
2013 3143 30 20 de

1565 3169 78 23 Corse
1654 3177 14 14 a
1680 3170 100 27 raporté
1793 3177 48 21 que
1853 3172 56 27 cinq
1930 3171 113 23 Galiotes

1564 3200 164 22 Tunisiennes
1734 3204 72 25 a)^ant
1813 3202 97 21 relâché
1918 3202 12 21 à
1938 3202 66 22 l’isle
2013 3203 30 22 de

1565 3230 186 26 Fenochiarola,
1762 3237 41 16 sur
1812 3233 23 20 la
1842 3233 87 26 pointe
1938 3233 32 21 du
1981 3232 62 28 Cap-

1566 3260 77 22 Corse
1654 3267 5 19 ;
1673 3260 22 22 &
1708 3267 47 20 que
1774 3262 23 20 le
1809 3262 112 21 mauvais
1936 3264 64 20 tems
2012 3269 30 15 en

1564 3293 75 25 a}mnt
1649 3291 45 21 fait
1706 3291 108 22 échouer
1825 3298 57 19 une,
1906 3293 37 20 les
1961 3296 81 18 autres

1565 3326 31 16 en
1603 3322 48 21 .ont
1660 3320 77 22 sauvé
1745 3321 153 28 l’Equipage,
1909 3325 43 19 ont
1960 3323 83 21 ensui-

1565 3353 25 20 te
1600 3351 48 22 mis
1668 3352 24 20 le
1711 3351 42 21 feu
1770 3357 30 16 au
1825 3352 124 22 Bâtiment
1958 3359 6 19 ;
1986 3353 22 21 &
2019 3354 22 21 la

1566 3382 55 21 Mer
1645 3381 68 22 étant
1735 3382 142 21 redevenue
1900 3383 140 28 navigable,

1566 3413 44 20 ont
1620 3412 75 21 remis
1707 3411 14 22 à
1731 3413 25 20 la
1767 3413 76 21 voile.

1587 3466 82 19 Numéro
1678 3467 25 17 du
1709 3467 92 18 vendredi
1806 3466 24 18 29
1835 3467 101 19 Décembre
1945 3468 52 18 4769.

1700 3503 27 17 De
1734 3503 73 17 Toulon
1815 3503 19 18 le
1841 3502 24 19 20
1872 3503 110 19 Décembre.

1593 3540 32 22 La
1637 3541 94 27 Barque
1743 3541 163 22 l’Hirondelle
1921 3542 121 22 désarme-

1566 3576 27 16 ra
1603 3570 13 22 à
1628 3576 45 16 son
1685 3573 85 19 retour
1781 3572 30 20 de
1824 3571 88 22 Corse.

1784 3634 72 28 (Fin)

1667 156 206 55 Avenus
1905 157 15 54 i
1949 155 173 56 Stessi
2154 154 162 55 Dritti
2346 152 100 55 die

1805 237 164 56 l’altri
2014 236 288 57 Francesi..

1594 377 129 20 L’articulu
1735 377 40 20 chi
1785 383 77 18 segue,
1880 376 39 20 chi
1929 379 44 22 per
1985 376 40 20 noi
2031 376 13 19 è

1568 406 120 18 stracarcu
1695 404 202 24 d’insignamenti,
1911 405 13 18 è
1944 406 36 18 est
1979 406 38 18 rat
2018 406 25 17 tu

1569 431 33 20 da
1608 438 15 13 u
1628 432 61 20 libru
1693 432 48 19 La
1745 431 146 21 Qaiestion
1895 431 148 20 Bretonne

1569 458 79 20 dans
1656 463 57 15 son
1721 459 89 19 cadre
1824 457 181 26 européen(l)
2017 458 27 20 di

1568 486 134 20 Miaurice
1710 486 287 24 TdlMxOCSXieX,secretariu
2005 493 39 17 ge-

1569 514 80 19 nerale
1656 514 27 19 di
1686 520 15 13 u
1710 513 157 20 Cumitatu
1874 513 131 20 centrale
2013 513 30 20 di

1568 548 17 14 e
1595 541 174 19 Minuranze
1789 541 31 19 di
1827 542 139 21 Francia.

1593 570 114 24 Eautore,
1717 572 70 23 dopu,
1797 572 44 19 avè
1854 572 92 21 espostu
1953 577 13 13 e
1971 574 73 15 rwe/:-

1568 599 123 20 dicazione
1698 599 106 20 brettone
1818 605 13 13 e
1839 599 46 19 avè
1901 598 141 20 dimustratu

1568 626 79 21 ch'elle
1655 633 31 14 un
1691 627 24 19 si
1719 631 64 20 pomi
1792 626 104 20 realizzà
1904 632 73 14 senza
1987 625 56 20 l’au-

1568 656 24 18 to
1593 661 53 13 nom
1649 655 33 22 ia,
1689 658 115 21 prosegue
1813 660 28 14 eu
1840 654 24 20 si
1868 660 8 13 :

1594 713 63 22 ...Ici,
1670 713 21 19 le
1701 713 88 19 lecteur
1803 712 101 24 français
1916 712 39 24 qui
1963 718 13 13 a
1985 718 28 13 eu
2021 711 20 19 la

1567 740 110 20 curiosité
1690 740 29 20 de
1733 740 118 24 parcourir
1859 746 26 13 ce
1901 740 67 22 livre,
1984 744 58 14 nous

1567 768 144 24 interrompt.
1737 768 62 19 Avec
1821 774 24 12 sa
1869 766 139 25 propension
2029 766 11 19 à

1566 798 143 21 transporter
1725 798 64 17 toute
1806 795 70 19 chose
1894 801 40 13 sur
1950 794 22 20 le
1989 793 52 25 plan

1563 822 126 26 juridique,
1698 822 17 22 il
1724 828 59 14 nous
1792 822 90 24 objecte
1889 829 6 12 :

1596 850 183 20 -T-L’autonomie
1785 849 12 20 ?
1814 849 116 25 Pourquoi
1953 850 13 19 à
1985 854 56 14 vous

1566 877 75 25 plutôt
1648 878 83 24 qu’aux
1741 880 78 17 autres
1836 877 94 24 régions
1946 876 96 23 françai-

1565 911 46 17 ses,
1620 905 57 19 dont
1685 905 22 19 la
1716 905 92 24 plupart
1817 910 29 13 ne
1864 904 21 19 la
1902 904 139 20 demandent

1565 932 58 25 pas?
1632 932 144 20 Navez-vous
1785 938 42 19 pas
1834 931 35 20 les
1877 932 85 19 mêmes
1971 931 71 20 droits

1565 966 45 18 que
1619 960 33 21 les
1661 963 78 18 autres
1749 959 109 24 Français
1865 958 12 20 ?

1589 988 139 22 Justement,
1738 987 34 20 les
1787 987 95 20 mêmes.
1892 986 86 20 C'est-à
1993 986 49 19 dire

1565 1015 34 20 les
1607 1015 72 20 droits
1688 1021 45 18 que
1743 1014 34 20 les
1793 1014 108 24 Français
1918 1014 123 25 regardent

1564 1049 89 14 comme
1662 1043 142 20 nécessaires
1813 1046 23 16 et
1853 1041 122 21 suffisants
1984 1047 57 18 pour

1564 1071 149 22 eux-mêmes,
1723 1073 22 17 et
1754 1077 16 13 a
1785 1070 95 25 fortiori
1892 1075 59 19 pour
1960 1069 33 20 les
2002 1075 39 14 au-

1564 1102 55 17 tres.
1629 1098 41 23 Or,
1679 1104 59 19 pour
1746 1104 47 13 une
1801 1097 109 20 minorité
1924 1096 117 20 nationale

1564 1126 65 20 avoir
1638 1130 11 11 «
1655 1126 35 19 les
1699 1126 86 19 mêmes
1802 1125 74 20 droits
1884 1131 9 10 »
1912 1131 46 18 que
1973 1125 20 18 la
2003 1129 38 14 na-

1564 1153 105 20 tionalité
1685 1153 135 21 dominante
1846 1152 91 20 revient
1954 1155 88 16 exacte-

1564 1184 63 17 ment
1635 1182 13 21 à
1657 1181 53 19 n’en
1720 1187 42 17 pas
1770 1180 75 20 avoir.
1855 1179 65 20 Telle
1933 1179 44 22 fut,
1987 1185 55 19 pen-

1564 1209 57 20 dant
1631 1213 37 15 120
1676 1214 51 16 ans,
1737 1207 110 25 l’opinion
1866 1207 40 20 des
1924 1206 116 22 Polonais,

1564 1236 40 24 qui
1612 1235 94 20 avaient
1715 1239 10 11 «
1735 1236 34 19 les
1778 1235 86 20 mêmes
1873 1234 73 20 droits
1955 1240 45 18 que
2007 1234 33 19 les

1563 1267 78 16 autres
1658 1263 95 22 Russes.
1763 1267 11 10 »
1792 1262 64 20 Telle
1873 1261 43 24 fut,
1938 1261 102 25 pendant

1563 1291 39 20 3ûO
1610 1297 49 16 ans,
1670 1290 59 20 celle
1737 1290 42 20 des
1788 1289 132 25 Tchèques,
1929 1290 41 23 qui
1981 1289 60 19 avai-

1563 1322 40 17 ent
1611 1323 11 11 «
1631 1318 34 21 les
1674 1319 87 19 mêmes
1769 1317 73 21 droits
1852 1323 47 19 que
1916 1317 34 20 les
1963 1320 77 16 autres

1563 1346 150 21 Autrichiens
1722 1352 19 14 ».
1760 1345 65 22 Telle
1842 1345 35 20 fut
1894 1345 70 22 aussi,
1974 1345 66 24 après

1564 1375 57 25 1870,
1631 1374 58 22 celle
1697 1374 42 20 des
1749 1373 238 20 Alsaciens-Lorrains
1993 1373 47 24 jus-

1563 1403 69 26 qu’au
1639 1402 54 25 jour
1702 1402 29 20 où
1741 1402 151 24 l’Allemagne
1906 1401 51 20 leur
1965 1406 76 14 accor-

1562 1430 29 20 da
1601 1436 30 14 un
1641 1430 88 24 régime
1737 1429 95 23 spécial.

1588 1461 97 20 Faisons
1694 1466 45 14 une
1748 1460 136 25 hypothèse.
1903 1459 137 25 Supposons

1563 1489 69 23 qu’en
1642 1492 50 20 1914
1700 1487 152 25 l’Allemagne
1869 1487 32 20 ait
1919 1487 36 19 été
1971 1486 70 20 victo-

1563 1517 76 19 rieuse
1647 1519 23 16 et
1679 1521 52 21 que,
1741 1514 166 21 suffisamment
1916 1513 58 21 forte
1983 1520 57 19 pour

1563 1545 83 23 braver
1653 1543 114 26 l’Europe,
1778 1542 45 20 elle
1831 1543 32 19 ait
1871 1542 89 20 annexé
1976 1542 12 19 à
1997 1547 42 14 son

1563 1572 86 27 empire
1657 1571 23 20 la
1688 1571 79 27 partie
1784 1571 29 20 de
1822 1571 20 19 la
1862 1570 87 20 France
1965 1569 75 20 située

1563 1606 29 15 au
1601 1600 57 20 nord
1668 1599 27 20 de
1704 1599 22 20 la
1736 1599 74 22 Loire,
1821 1599 22 19 la
1852 1598 88 20 France
1955 1598 29 19 de
1992 1598 48 19 lan-

1562 1634 45 20 gue
1615 1627 121 24 française,
1746 1627 22 20 la
1791 1626 86 21 France
1894 1629 146 21 piopiement

1562 1656 56 20 dite.
1629 1655 140 22 L’allemand
1779 1661 14 18 y
1801 1658 35 16 est
1844 1654 91 20 devenu
1945 1654 20 19 la
1976 1654 64 19 seule

1562 1684 85 24 langue
1651 1683 117 20 officielle.
1775 1682 62 21 Tous
1846 1682 34 20 les
1889 1681 151 21 fonctionnai-

1563 1718 37 14 res
1608 1715 53 17 sont
1668 1711 143 20 Allemands.
1821 1710 36 20 On
1864 1716 29 14 ne
1898 1710 63 24 parle
1970 1710 71 25 qu'al-

1562 1739 91 21 lemand
1670 1739 58 20 dans
1746 1739 34 20 les
1801 1738 198 21 administrations
2017 1741 21 16 et

1562 1768 59 22 dans
1629 1767 34 22 les
1671 1767 134 22 tribunaux,
1823 1767 29 19 où
1870 1766 34 20 les
1919 1766 120 24 indigènes

1563 1798 41 18 ont
1611 1795 22 20 la
1642 1794 86 20 faculté
1736 1794 29 20 de
1773 1800 26 13 se
1806 1793 59 20 faire
1873 1799 167 19 accompagner

1563 1823 52 21 d’un
1625 1822 136 26 interprète.
1771 1821 36 21 On
1816 1821 115 25 enseigne
1939 1827 28 14 en
1986 1821 53 20 alle-

1563 1851 71 20 mand
1651 1850 61 19 dans
1729 1849 35 22 l.es
1781 1850 84 22 écoles,
1875 1849 29 20 où
1921 1849 34 20 les
1963 1848 76 20 élèves

1563 1878 127 21 n’étudient
1697 1883 29 14 en
1735 1876 42 21 fait
1785 1876 124 20 d’Histoire
1922 1883 45 18 que
1982 1876 57 20 celle

1563 1906 28 20 de
1600 1905 159 24 l’Allemagne,
1767 1908 23 16 et
1806 1907 147 21 apprennent
1962 1910 46 18 que
2017 1903 21 20 la

1563 1934 88 20 France
1659 1931 50 26 (qui
1719 1932 49 20 doit
1785 1932 118 20 d’ailleurs
1912 1938 41 14 sen
1963 1937 54 14 r.cm
2027 1932 12 19 à

1563 1962 41 19 des
1611 1960 131 23 Germains,
1752 1960 34 19 les
1795 1958 95 26 Francs)
1907 1959 55 20 était
1971 1959 70 20 desti-

1563 1990 51 21 née,
1624 1988 82 24 depuis
1714 1987 55 20 karl
1775 1987 42 19 des
1836 1987 82 20 Grosse
1923 1986 118 25 (ex-Char-

1564 2014 122 26 lemagne),
1696 2015 13 20 à
1718 2015 96 20 devenir
1832 2021 45 14 une
1890 2015 110 24 province
2008 2015 32 19 al-

1563 2043 116 22 lemande,
1696 2042 179 26 indispensable
1884 2043 12 19 à
1906 2042 96 20 «l’unité
2008 2042 33 19 al-

1562 2071 133 20 lemande».
1707 2070 31 21 Le
1747 2070 107 20 tracédes
1861 2070 104 19 chemins
1970 2069 29 20 de
2006 2069 34 20 fer

1563 2106 12 13 a
1593 2099 37 20 été
1646 2097 97 21 modifié
1753 2105 8 13 .•
1777 2098 17 19 il
1809 2101 66 16 court
1897 2097 143 20 maintenant

1563 2126 95 20 d’Ouest
1667 2127 12 18 à
1689 2125 49 23 Est,
1748 2131 58 19 pour
1823 2131 96 14 amener
1927 2126 51 24 plus
1987 2125 53 20 faci-

1563 2155 85 19 lement
1656 2153 104 20 certains
1776 2153 106 24 produits
1901 2152 100 25 français
2010 2159 28 14 en

1563 2182 142 24 Allemagne,
1715 2187 25 14 ce
1746 2181 40 24 qui
1795 2184 89 21 permet
1890 2181 63 20 aussi
1959 2181 81 20 d’ame-

1564 2216 42 14 ner
1614 2210 41 19 des
1664 2213 96 20 troupes
1768 2209 60 19 dans
1845 2209 85 19 l’autre
1938 2215 63 17 sens,
2011 2215 28 14 en

1563 2244 38 14 cas
1609 2238 29 19 de
1647 2237 113 20 rébellion
1768 2236 117 24 française
1901 2243 29 14 ou
1946 2237 28 19 de
1983 2237 57 24 péril

1562 2266 122 20 extérieur.
1696 2264 43 21 Les
1749 2264 108 24 Français
1866 2268 55 16 sont
1936 2268 67 16 tenus
2012 2265 28 19 de

1563 2293 57 20 faire
1629 2293 50 20 leur
1687 2293 89 19 service
1786 2292 109 20 militaiie
1910 2292 89 20 au-delà
2010 2293 29 20 du

1564 2321 68 23 Rhin,
1642 2327 59 19 pour
1709 2320 66 20 aider
1784 2321 13 18 à
1806 2320 51 19 leur
1866 2320 132 20 nécessaire
2006 2326 34 15 as-

1562 2348 127 21 similation
1698 2355 6 16 ;
1729 2348 30 20 ils
1784 2352 52 15 sont
1863 2348 177 20 naturellement

1563 2376 148 21 commandés
1719 2381 42 19 par
1768 2376 41 19 des
1826 2375 63 20 chefs
1903 2375 136 24 allemands,

1563 2405 53 20 bien
1625 2410 46 18 que
1680 2403 34 20 les
1723 2403 77 20 écoles
1806 2403 123 20 d’officiers
1937 2403 51 20 leur
1996 2404 46 20 soi-

1562 2436 41 17 ent
1607 2435 108 17 ouvertes
1720 2431 13 20 à
1739 2431 149 20 eux-mêmes.
1895 2431 147 25 L’agriculfu-

1562 2464 52 16 ture
1622 2463 36 16 est
1667 2458 124 23 favorisée,
1801 2465 69 18 paice
1879 2465 44 18 que
1931 2459 110 25 l’appoint

1562 2488 30 20 de
1600 2493 37 14 ses
1646 2487 106 25 produits
1761 2490 36 17 est
1813 2487 58 20 utile
1879 2487 13 19 à
1906 2487 134 20 l’économie

1562 2515 139 23 allemande,
1712 2515 58 20 mais
1788 2515 130 20 l’industrie
1931 2518 34 16 est
1982 2521 60 14 com-

1563 2545 86 21 battue,
1658 2549 69 18 parce
1736 2549 45 18 que
1794 2542 131 20 l’industrie
1934 2542 108 20 alleman-

1563 2572 28 19 de
1600 2577 13 14 a
1621 2571 51 25 déjà
1681 2571 53 19 bien
1754 2570 30 20 du
1802 2570 46 19 mal
1867 2571 13 18 à
1890 2574 95 16 trouver
2001 2570 40 21 des

1563 2598 131 21 débouchés
1709 2601 23 16 et
1749 2597 75 20 craint
1840 2598 23 19 la
1877 2603 163 15 concurrence.

1563 2627 62 19 Pour
1634 2626 22 19 la
1665 2626 75 19 même
1758 2625 85 22 raison,
1862 2625 34 20 les
1906 2629 64 21 ports
1983 2625 28 20 de
2020 2626 20 19 la

1563 2653 98 21 Manche
1678 2657 53 16 sont
1748 2653 112 20 délaisses
1877 2660 28 13 au
1923 2652 69 26 profit
2013 2654 28 19 de

1563 2688 57 14 ceux
1629 2681 28 20 de
1665 2681 22 20 la
1696 2687 50 14 mer
1755 2681 30 20 du
1803 2681 72 20 Nord.
1886 2681 44 20 Les
1944 2687 96 18 canaux,

1563 2709 46 20 mal
1628 2712 144 20 entretenus,
1791 2715 24 14 se
1833 2709 118 20 comblent
1972 2715 44 18 peu
2029 2709 12 20 à

1563 2743 44 17 peu
1614 2744 6 13 :
1630 2743 29 13 on
1669 2743 29 14 ne
1717 2737 74 23 prend
1808 2737 53 20 soin
1879 2743 45 18 que
1941 2737 28 20 de
1984 2743 57 14 ceux

2068 375 49 25 qui,
2127 382 27 13 en
2165 382 39 13 cas
2212 375 28 20 de
2249 376 82 20 blocus
2346 374 124 23 maritime,
2481 379 69 19 pour-

2069 402 73 20 raient
2151 404 121 24 présenter
2290 410 31 13 un
2340 402 86 20 intérêt
2443 401 106 25 stratégi-

2069 430 149 24 que.Aucune
2224 434 66 17 route
2300 430 108 21 nouvelle
2417 429 60 21 n’est
2484 436 65 13 cons-

2070 457 78 24 truite,
2159 458 55 20 sauf
2220 458 21 21 là
2250 459 29 19 où
2290 459 15 19 il
2315 458 104 25 pourrait
2427 458 49 20 être
2492 457 56 20 utile

2069 485 130 24 d’expédier
2208 492 30 14 un
2245 486 56 24 jour
2306 486 40 20 des
2354 485 97 21 convois
2458 485 91 20 militai-

2069 519 45 14 res.
2124 513 59 20 Bien
2192 514 110 23 entendu,
2312 514 15 19 il
2337 517 36 17 est
2391 513 96 20 interdit
2504 519 45 13 aux

2070 540 110 24 Français
2198 542 104 19 annexés
2319 540 82 21 d’aller
2417 540 102 20 s’établir
2537 541 11 18 à

2068 568 136 25 l’étranger;
2214 569 49 20 s'ils
2272 575 30 14 ne
2314 572 105 21 peuvent
2435 568 115 20 subsister

2069 595 128 21 désormais
2206 603 40 14 sur
2256 597 51 20 leur
2315 603 85 18 propre
2413 596 43 23 sol,
2471 596 28 19 ils
2508 599 41 16 ont

2068 626 63 17 toute
2140 624 88 20 licence
2233 625 124 25 d'émigrer
2367 631 29 14 en
2406 624 142 24 Allemagne,

2069 651 29 19 où
2105 651 44 20 l’on
2156 658 12 13 a
2176 653 106 24 toujours
2288 653 80 20 besoin
2374 653 28 19 de
2408 652 141 20 main-d’oeu-

2070 685 50 17 vre;
2131 680 59 20 mais
2199 687 29 13 on
2237 680 78 20 refuse
2332 684 51 16 tout
2401 682 121 23 passeport
2535 680 11 18 à

2068 712 58 14 ceux
2131 707 40 24 qui
2178 708 137 20 voudraieut
2322 714 59 14 avec
2386 708 51 19 leur
2452 707 94 22 famille,

2069 733 111 21 chercher
2188 734 94 21 fortune
2293 736 54 20 hors
2365 736 42 19 des
2425 735 123 20 frontières

2069 761 29 19 du
2108 761 80 20 Reich.
2198 762 31 21 Ils
2237 769 30 14 ne
2284 767 53 16 sont
2355 770 49 18 pas,
2416 769 58 18 pour
2490 762 56 21 cela,

2069 788 80 21 traités
2158 796 29 13 en
2197 790 79 24 sujets.
2287 791 31 19 Ils
2326 791 115 24 jouissent
2450 791 28 19 de
2486 790 63 20 leurs

2069 816 73 20 droits
2151 817 114 25 civiques.
2272 828 4 3 •
2284 818 63 20 Tous
2363 819 36 19 les
2408 821 81 22 quatre
2497 824 50 15 ans,

2068 842 29 20 ils
2106 849 101 18 peuvent
2215 845 98 25 déposer
2321 853 31 13 un
2372 846 99 20 bulletin
2489 845 59 20 dans

2068 877 45 13 une
2123 878 67 17 urne,
2199 876 23 16 et
2230 873 125 26 participer
2364 873 62 20 ainsi
2435 879 45 14 aux
2489 873 58 19 élec-

2068 898 61 20 tions
2137 899 30 19 du
2178 900 123 26 Reichstag
2310 901 121 21 berlinois.
2451 901 32 20 De
2493 900 54 25 quoi

2068 932 26 13 se
2126 926 213 24 plaindraient-ils?
2361 929 111 20 Devenus
2487 928 60 20 Alle-

2067 954 91 24 mands,
2168 961 11 10 «
2189 956 29 19 ils
2227 960 41 15 ont
2276 957 34 19 les
2319 958 88 19 mêmes
2420 956 74 20 droits
2503 962 45 18 que

2069 980 32 20 les
2109 985 79 18 autres
2192 983 135 21 Allemands
2335 991 17 15 »,

2093 1012 42 20 Les
2145 1014 84 20 mêmes
2238 1014 75 21 droits
2322 1015 128 22 illusoires,
2459 1020 89 15 comme

2069 1045 59 14 nous
2153 1047 82 18 avons,
2264 1042 107 24 Bretons,
2382 1049 11 11 «
2403 1043 33 19 les
2462 1043 85 20 mêmes

2068 1066 73 21 droits
2158 1075 46 18 que
2222 1069 33 20 les
2272 1074 79 16 autres
2360 1070 119 24 Français.
2491 1076 10 11 »
2512 1070 34 22 Et,

2068 1093 57 21 dans
2130 1095 21 20 la
2157 1096 110 21 situation
2273 1097 78 21 fictive
2356 1104 46 19 que
2408 1104 60 13 nous
2474 1103 73 14 avons

2067 1122 131 25 envisagée,
2208 1131 60 14 nous
2277 1125 96 20 11’avons
2382 1132 89 13 aucune
2480 1125 67 25 peine

2067 1149 12 19 à
2089 1149 113 26 imaginer
2211 1158 25 14 ce
2245 1159 45 18 que
2308 1159 57 14 ceux
2375 1153 40 25 qui
2431 1159 59 14 nous
2499 1159 48 13 ser-

2067 1181 55 15 vent
2129 1178 149 25 aujourd’hui
2287 1184 61 17 cette
2356 1180 103 21 formule
2467 1181 79 23 répon-

2066 1204 91 21 draient
2164 1213 46 14 aux
2219 1208 135 20 Allemands
2362 1209 41 24 qui
2411 1209 21 19 la
2439 1208 51 20 leur
2499 1214 49 14 ser-

2067 1231 97 21 viraient
2172 1235 13 18 à
2194 1236 140 20 eux-mêmes
2344 1243 6 12 :

2121 1262 123 23 Messieurs
2253 1271 43 14 nos
2304 1267 103 22 maîtres,
2423 1270 66 16 votre
2498 1267 49 19 lan-

2066 1295 46 18 gue
2127 1295 36 15 est
2179 1293 170 21 certainement
2367 1294 125 25 plastique,
2511 1300 37 14 ex-

2067 1318 103 23 pressive
2178 1324 23 16 et
2210 1321 71 21 riche.
2292 1321 56 21 Mais
2358 1329 62 13 nous
2429 1329 28 13 en
2472 1328 74 14 avons

2067 1351 53 18 une,
2130 1353 45 18 que
2184 1355 42 14 nos
2234 1350 68 24 pères
2311 1350 138 25 adaptèrent
2455 1356 28 14 au
2491 1353 55 16 tem-

2067 1373 120 23 pérament
2202 1377 70 24 qu’ils
2291 1384 58 13 nous
2367 1382 41 15 ont
2417 1378 74 24 légué,
2504 1377 40 25 qui

2066 1405 35 16 est
2110 1402 52 20 vive
2168 1407 23 16 et
2196 1405 179 23 primesautière
2381 1411 90 14 comme
2477 1411 69 14 nous-

2066 1429 93 24 mêmes,
2177 1438 56 14 avec
2250 1432 102 24 laquelle
2370 1439 30 14 on
2411 1433 36 20 n’a
2457 1439 41 18 pas
2507 1433 38 20 be-

2066 1456 50 20 soin
2126 1462 11 10 «
2146 1458 128 22 d’attendre
2281 1461 21 19 le
2311 1461 72 20 verbe
2393 1469 10 10 »
2414 1468 59 18 pour
2485 1460 61 20 devi'

2067 1491 42 13 ner
2116 1486 22 19 la
2157 1489 85 22 pensée
2261 1488 28 20 de
2306 1495 43 14 son
2368 1489 178 20 interlocuteur.

2066 1512 62 20 Vous
2137 1520 29 14 ne
2176 1521 58 14 nous
2243 1516 126 24 empêchez
2379 1523 42 18 pas
2429 1516 29 20 de
2467 1517 21 19 la
2495 1522 51 19 par-

2065 1540 50 20 ler?
2123 1541 119 22 D’accord.
2261 1544 57 20 Mais
2336 1551 62 13 nous
2418 1544 128 20 voudrions

2066 1568 53 21 bien
2129 1571 84 23 qu’elle
2222 1571 35 20 fût
2273 1573 126 24 enseignée
2411 1573 12 19 à
2433 1579 31 13 no
2473 1572 46 23 fils,
2533 1572 13 19 à

2066 1596 39 24 qui
2122 1597 44 20 elle
2185 1604 28 14 ne
2230 1605 51 14 sera
2297 1606 41 18 pas
2355 1607 32 13 un
2402 1600 144 20 instrument

2066 1624 62 20 moin
2138 1626 108 23 précieux
2253 1628 54 24 qu’à
2317 1634 68 14 nous.

2090 1657 9 10 »
2114 1652 69 21 Votre
2201 1654 101 21 Histoire
2325 1659 37 16 est
2377 1656 167 19 certainement

2066 1679 77 23 pleine
2150 1681 29 19 de
2188 1681 55 21 faits
2253 1683 137 20 émouvants
2400 1688 24 15 et
2432 1683 113 25 glorieux.

2065 1706 57 21 Mais
2131 1714 61 15 nous
2200 1716 29 13 en
2238 1716 75 15 avons
2330 1718 48 13 une
2393 1712 39 24 qui
2443 1718 29 13 ne
2487 1717 59 14 nous

2065 1734 87 25 inspire
2159 1743 90 15 aucune
2258 1738 70 21 honte
2336 1743 23 16 et
2366 1739 49 25 qui,
2425 1739 28 20 de
2462 1739 61 25 plus,
2533 1745 12 13 a

2066 1769 58 17 pour
2140 1771 60 14 nous
2216 1766 191 25 l’incomparable
2432 1770 115 21 avantage

2065 1791 73 20 d'être
2146 1792 21 20 la
2178 1794 75 20 nôtre.
2271 1794 64 20 Nous
2352 1795 134 20 tiendrions
2501 1800 46 19 que

2065 1824 44 15 nos
2116 1820 93 21 enfants
2219 1828 29 13 ne
2257 1821 126 26 l’ignorent
2391 1823 77 24 point.

2091 1857 10 10 »
2111 1850 71 21 Votre
2190 1853 189 20 administration
2393 1857 36 16 est
2445 1853 99 19 admira-

2066 1877 36 21 ble
2110 1878 154 22 d’exactitude
2278 1884 23 16 et
2314 1881 29 19 de
2360 1881 118 20 méthode.
2496 1880 47 20 L’a-

2066 1908 199 20 vouerons-nous?
2274 1909 19 19 A
2302 1915 42 14 vos
2356 1908 187 21 fonctionnaires

2065 1935 130 24 ponctuels,
2204 1936 60 24 polis
2273 1941 24 16 et
2302 1938 119 24 gourmés,
2428 1944 60 13 nous
2494 1937 51 25 pré-

2065 1960 86 22 férions
2159 1962 31 20 M.
2206 1964 81 23 Badin,
2298 1965 40 23 qui
2355 1971 64 13 nous
2435 1964 110 25 envoyait

2065 1994 99 16 souvent
2177 1997 123 18 promener
2315 1992 106 21 derrière
2435 1999 42 14 son
2495 1993 51 24 gui-

2066 2016 51 21 chet
2124 2018 59 23 sale,
2192 2019 57 20 mais
2266 2019 57 20 dont
2332 2020 21 20 la
2372 2021 120 19 mauvaise
2503 2020 41 20 hu-

2066 2050 65 14 meur
2146 2046 75 20 même
2237 2047 63 20 avait
2321 2048 100 20 l’accent
2435 2049 29 19 de
2478 2048 67 20 chez-

2066 2078 67 14 nous.

2091 2108 11 11 »
2112 2100 45 21 Vos
2166 2102 72 20 trains
2247 2107 56 16 sont
2311 2108 79 16 exacts
2399 2108 24 16 et
2431 2104 116 20 conforta-

2067 2127 56 24 bles,
2133 2133 22 15 et
2163 2130 35 19 les
2206 2131 118 25 employés
2342 2133 29 19 de
2390 2139 43 13 vos
2450 2133 95 19 réseaux

2065 2156 69 21 d’une
2142 2159 127 20 correction
2288 2159 183 26 irréprochable.
2488 2160 58 20 Mais

2067 2190 58 14 nous
2134 2185 126 21 aimerions
2277 2187 68 24 qu’ils
2362 2192 98 21 passent
2477 2188 20 20 là
2515 2188 29 19 où

2066 2218 59 14 nous
2134 2219 73 14 avons
2216 2214 41 20 des
2274 2215 176 21 marchandises
2458 2216 12 19 à
2480 2222 67 18 pren-

2066 2239 42 21 dre
2116 2244 24 16 et
2153 2241 30 19 où
2202 2248 59 14 nous
2278 2249 73 14 avons
2369 2243 84 20 besoin
2475 2244 71 19 d’être

2066 2270 146 23 transportés
2221 2271 166 20 nous-mêmes.
2405 2271 64 20 Nous
2478 2272 70 19 aime-

2066 2296 63 20 rions
2138 2297 72 23 aussi,
2221 2298 79 24 quand
2309 2305 44 14 110s
2361 2299 86 24 impôts
2454 2303 93 16 servent

2066 2324 13 19 à
2096 2324 94 20 acheter
2206 2325 30 20 du
2254 2327 105 19 matériel
2377 2327 29 20 de
2424 2331 60 20 port,
2501 2333 45 17 que

2067 2357 57 14 vous
2130 2358 30 14 ne
2168 2353 278 24 pensiezpasseulement
2455 2355 12 19 à
2478 2355 68 19 Ham-

2066 2379 81 25 bourg,
2156 2380 60 20 mais
2224 2381 63 20 aussi
2298 2382 13 19 à
2320 2381 153 26 Dunkerque,
2489 2382 58 20 Bou-

2068 2407 75 24 logne,
2162 2408 32 19 Le
2211 2408 76 21 Havre
2294 2416 7 17 ;
2310 2415 46 18 que
2375 2416 44 14 nos
2435 2410 111 24 péniches

2067 2435 104 23 puissent
2180 2436 112 25 naviguer
2301 2443 54 14 sans
2363 2438 51 19 être
2421 2439 101 19 arrêtées
2531 2439 13 18 à

2067 2467 52 15 tous
2126 2468 114 16 moments
2248 2471 42 18 par
2295 2464 40 21 des
2342 2464 69 21 fonds
2419 2466 29 19 de
2452 2472 54 14 vase
2514 2472 29 14 ou

2067 2491 139 20 deséboulis
2214 2499 7 16 ;
2230 2498 46 18 que
2285 2499 42 13 nos
2337 2497 81 16 routes
2434 2494 76 19 soient
2526 2495 21 18 le

2067 2519 52 24 plus
2127 2523 68 16 court
2203 2520 90 20 chemin
2311 2521 71 20 d’une
2398 2521 86 20 ville'à
2502 2528 45 13 une

2067 2550 72 19 autre,
2149 2551 23 16 et
2181 2553 42 19 pas
2231 2548 130 21 seulement
2370 2549 35 20 les
2421 2548 77 21 futurs
2506 2556 40 13 au-

2066 2575 115 20 tostrades
2190 2575 40 20 des
2238 2577 105 19 camions
2356 2577 124 20 militaires
2487 2585 7 16 ;
2503 2584 44 18 que

2068 2608 41 14 nos
2118 2609 139 18 campagnes
2266 2610 31 13 ne
2305 2604 77 20 soient
2387 2611 44 17 pas
2437 2605 53 24 plus
2498 2606 50 19 dés-

2067 2630 99 20 héritées
2175 2636 46 19 que
2229 2631 35 20 les
2273 2632 77 19 vôtres
2355 2637 58 15 sous
2422 2632 21 20 le
2454 2637 93 20 rapport

2067 2658 29 19 de
2104 2657 154 25 l’électricité,
2268 2659 29 19 de
2305 2659 21 20 la
2336 2664 68 20 poste
2422 2664 21 16 et
2454 2661 29 19 du
2494 2661 54 19 télé-

2067 2685 84 25 phone.
2161 2686 19 19 Il
2191 2692 58 14 nous
2264 2687 103 24 répugne
2376 2687 76 24 enfin,
2469 2689 76 23 quand

2069 2719 56 14 nous
2134 2714 85 19 rêvons
2227 2714 80 20 d’aller
2314 2715 80 20 courir
2403 2720 66 15 notre
2478 2716 69 20 chan-

2067 2747 26 13 ce
2107 2747 40 18 par
2156 2741 22 20 le
2187 2742 90 23 monde,
2288 2742 28 20 de
2330 2749 61 14 nous
2409 2744 72 19 sentir
2490 2747 56 16 atta-

2067 2768 54 20 chés
2129 2775 30 13 au
2168 2769 36 20 sol
2212 2769 30 20 du
2253 2769 80 25 Reich,
2351 2776 91 15 comme
2460 2772 22 19 le
2499 2771 49 21 serf

2068 2796 28 19 de
2102 2796 61 24 jadis
2173 2797 14 19 à
2195 2797 20 20 la
2223 2797 92 24 glèbe...

2093 2833 11 12 »
2114 2826 51 25 Que
2171 2828 147 20 dites-vous?
2325 2828 52 21 Oue
2384 2835 59 14 nous
2451 2831 95 19 n’avons

2068 2855 50 23 qu’à
2124 2854 59 20 faire
2189 2856 166 24 présenternos
2360 2858 185 20 revendications

2069 2888 42 18 par
2118 2888 43 14 nos
2171 2883 176 24 représentants
2355 2891 29 13 au
2404 2885 123 25 Reichstag
2536 2885 11 20 ?

2069 2909 69 21 Hélas
2145 2911 6 20 !
2160 2911 135 24 messieurs,
2305 2911 29 20 ils
2343 2916 53 16 sont
2404 2918 26 18 44
2443 2919 42 14 sur
2494 2914 38 19 612
2539 2914 6 19 !

2070 2937 92 21 D’autre
2172 2943 60 19 part,
2241 2945 42 14 vos
2292 2945 161 19 gouvernants
2467 2942 78 24 possè-

2068 2965 64 20 dent.
2142 2973 59 17 pour
2209 2967 35 20 les
2253 2967 57 20 faire
2318 2969 93 20 tomber
2420 2975 27 14 en
2457 2974 90 15 somno-

2068 2993 72 24 lence,
2150 2994 41 20 des
2200 2994 100 25 philtres
2308 2995 55 20 dont
2379 3002 59 15 nous
2451 2998 95 19 n’avons

2069 3027 42 18 pas
2117 3027 85 15 encore
2210 3022 125 21 découvert
2343 3024 128 21 l’antidote.
2481 3025 66 20 N’ou-

2069 3048 59 21 bliez
2134 3055 41 20 pas
2184 3056 44 18 que
2234 3056 60 15 nous
2300 3057 110 18 sommes,
2417 3053 57 19 dans
2480 3057 65 15 votre

2068 3078 95 24 empire,
2173 3084 47 14 une
2228 3079 108 20 minorité
2344 3079 114 26 ethnique
2474 3084 22 16 et
2504 3081 43 19 lin-

2068 3105 126 25 guistique,
2203 3107 159 20 uneminorité
2369 3108 177 23 nationale,une

2069 3133 145 23 minderheit,
2233 3140 88 15 comme
2345 3141 59 14 vous
2422 3136 67 23 dites,
2506 3136 39 25 qui

2069 3161 97 24 possède
2175 3168 47 13 une
2234 3162 85 25 longue
2338 3164 110 19 tradition
2466 3168 23 15 et
2505 3165 41 18 des

2069 3189 93 20 besoins
2171 3189 155 25 particuliers.
2342 3190 32 21 Ce
2383 3191 42 23 qui
2438 3191 108 20 convient

2068 3222 29 13 au
2107 3216 165 26 Brandebourg
2281 3221 56 21 peut
2345 3224 30 13 ne
2384 3224 42 19 pas
2434 3219 111 20 convenir

2069 3244 13 19 à
2090 3243 23 20 la
2122 3243 113 22 France...
2247 3251 10 10 »

2093 3271 65 20 Voilà
2167 3277 56 14 sans
2235 3272 71 20 doute
2321 3273 24 19 le
2365 3273 109 20 discours
2491 3279 52 18 que,

2068 3298 58 19 dans
2136 3302 65 16 notre
2207 3298 136 25 hypothèse,
2352 3299 35 20 les
2393 3300 25 19 Fi
2423 3301 78 23 ançais
2506 3307 40 13 an-

2069 3326 71 19 nexés
2149 3326 12 19 à
2170 3326 149 25 l’Allemagne
2331 3333 30 14 ne
2370 3329 177 24 manqueraient

2069 3358 41 18 pas
2118 3353 29 20 de
2152 3354 69 19 tenir.
2230 3353 64 21 Nous
2301 3354 21 20 le
2328 3361 128 18 reprenons
2461 3356 13 19 à
2481 3360 65 16 notre

2068 3384 90 20 compte
2180 3380 32 25 (la
2235 3382 96 24 plupart
2351 3382 42 20 des
2417 3383 77 25 éloges
2516 3390 28 13 en

2068 3407 91 25 moins).

2249 3444 115 22 Maurice
2380 3445 134 23 Duhamel.

2067 3500 103 22 4;—Sottu
2180 3502 92 22 stampa.l
2280 3503 39 17 vol.
2327 3503 66 18 franco
2402 3503 24 18 10
2432 3504 36 17 frs.

2066 3598 138 22 Aiacciu—
2216 3599 135 29 Stàmparia
2364 3600 26 22 di
2404 3602 22 21 A
2438 3602 105 25 Muvra,

2067 3649 16 14 u
2094 3642 244 24 Diretlore-Gerenle:
2347 3644 73 22 Petru
2430 3645 114 22 ROCCA.
