2688 3948
208 408 197 37 Risposta:
429 409 37 28 tò
491 418 23 21 e
538 408 83 33 mò!

283 476 12 12 A
304 477 12 11 u
322 473 143 17 sottu-Rimaglionc
470 475 17 13 di
495 479 11 10 a
515 475 38 15 IA-a
563 477 151 22 Corsa-Marsiglicsc.

223 515 65 23 0/fertu

117 549 15 17 A
142 549 24 18 te,
176 545 81 18 rimador
266 545 90 17 nnsccnlc

97 571 80 22 —No,mi
188 571 71 20 sbagliu
267 575 5 12 :
280 570 20 16 in
309 568 90 21 /.itellinu,

118 598 56 18 Poslu
183 595 31 18 chi
223 595 65 17 st’arle
297 594 87 17 démérite

117 623 20 18 Ti
144 620 59 24 pigliô
208 625 10 11 «
227 624 11 12 »
245 617 124 23 cinquantina
378 627 22 4 —

117 647 68 19 Mandu
191 643 82 20 s’ultima
278 648 11 12 e
295 643 105 22 purghenle

197 667 99 20 Medicina.

162 716 14 18 K
185 719 38 14 una
231 713 74 23 pillulla

162 740 61 19 Facile
231 743 10 12 a
250 738 93 21 ’ngollela.

162 766 20 17 Si
191 764 65 23 quesla
266 768 25 12 uu
301 763 40 17 face

161 789 75 20 N'issun’
244 787 77 22 effettu,

160 816 31 18 Un
199 813 42 19 vale
252 813 58 21 lellu,

162 841 29 18 Un
199 838 42 19 vale
249 842 52 18 pace,

163 865 23 18 Di
194 869 13 13 u
216 863 79 18 dialeltu

161 888 54 20 Ferai
223 888 18 17 la
252 888 69 18 strace.

203 932 93 24 Cunsigliu

117 965 75 24 Quande
200 965 21 17 tu
228 963 66 19 vurrei
302 963 79 23 diverte,

116 991 58 24 Appia
182 991 18 17 la
208 994 90 13 cuscenza
306 989 52 23 larga
364 994 6 16 ;

115 1018 9 18 I
131 1015 73 20 scherzi
212 1015 21 17 sò
241 1019 43 13 cose
292 1015 62 17 inerte

116 1042 20 18 Si
144 1042 20 17 lu
172 1040 117 18 scherzador’
294 1039 11 18 è
310 1040 21 17 in
336 1044 61 18 zarga.

115 1066 91 19 L’insulta
215 1069 11 14 e
233 1065 149 22 l’imprecazione

115 1092 23 18 S6
146 1091 19 18 di
175 1095 11 14 a
194 1090 53 22 parte
255 1090 119 18 educazione.

211 1135 71 18 Murale

158 1167 31 18 Un
197 1166 29 22 dà,
235 1171 14 13 u
257 1171 65 16 vasu..

157 1192 38 18 Per
203 1193 51 16 tuttu
262 1192 69 21 fruttu,

158 1217 27 18 Ca
192 1217 57 21 odor’,
256 1222 11 13 a
274 1222 12 12 u
297 1221 53 17 nasu,

156 1242 23 18 Di
188 1247 14 13 u
210 1243 27 17 so’
245 1243 94 22 pruduttu
345 1241 5 19 !

198 1287 90 19 Calmunle

112 1319 81 20 Ascolta,
202 1323 26 12 un
236 1318 107 20 smurfiulà,

156 1343 102 23 Unn’erpià
267 1343 59 19 roicca
333 1343 5 18 !

111 1369 65 20 Sinnò,
188 1369 13 17 li
211 1369 23 22 pô
242 1369 37 18 falà

156 1395 21 17 In
186 1398 57 18 corpu
252 1399 11 13 a
272 1394 61 18 scicca
340 1394 5 18 !

207 1439 48 19 Mulî
255 1445 22 12 vu

109 1471 72 18 Perché
185 1476 28 12 un
217 1471 26 17 mi
249 1470 28 18 s’è
283 1474 56 19 parsa
344 1470 49 18 bella

109 1496 24 18 Di
140 1497 48 17 vutà
196 1501 11 12 a
215 1496 18 17 la
242 1496 26 17 to’
276 1496 50 21 idea,

109 1522 35 21 Tu,
153 1521 77 23 partisti
238 1521 19 17 di
265 1526 12 12 a
284 1521 94 18 Muvrella

100 1547 4 4 '
108 1547 37 18 Per
153 1546 102 19 succhiatti
263 1546 101 17 un’alimea
371 1550 5 17 ;

110 1572 15 17 E
134 1573 24 16 da
165 1572 41 22 qui,
216 1572 19 17 di
243 1571 48 23 pede
299 1570 22 18 in
328 1571 53 22 pede,

109 1597 23 18 Di
140 1596 107 19 stracciami
256 1596 63 18 avesti
327 1596 48 17 fede.

107 1641 52 23 Soga
167 1642 18 18 si
193 1647 13 12 u
215 1642 37 18 miò
260 1641 88 23 genitore

106 1667 37 18 Per
147 1667 103 18 cuntammi
257 1667 25 18 to’
289 1667 79 18 elettore
373 1665 10 18 ?

175 1693 23 17 In
206 1692 86 22 pulitica,

174 1718 17 17 A
200 1717 67 19 critica

151 1743 94 18 L’accettu
253 1743 59 17 tutta.

149 1768 38 18 Per
194 1773 27 13 un
228 1768 72 22 partitu

151 1793 30 19 Un
189 1793 21 18 sò
218 1793 77 18 scimitu
302 1798 6 12 :

150 1814 15 22 È
174 1820 67 21 troppu
249 1819 66 17 brutta
321 1818 6 18 !

104 1858 36 18 Eiu
148 1863 28 12 un
185 1858 96 18 cunfondu
295 1857 94 18 elezzione

104 1883 27 19 Cu
139 1883 16 18 li
164 1884 54 17 tratti
226 1883 111 21 d'amicizia,

104 1908 15 18 E
126 1913 37 13 cun
171 1908 71 18 intiera
248 1908 80 22 justizia

102 1933 56 18 Custi
165 1934 18 17 ti
191 1934 47 18 cedu
246 1938 14 13 u
268 1933 86 18 bastone.

102 1954 16 22 È
126 1959 52 18 statu
186 1959 21 17 lu
215 1959 25 17 to’
248 1958 94 21 mistiere,

101 1984 36 20 Ma,
146 1984 21 17 in
179 1984 162 21 cumpensazione,

101 2008 36 17 Fra
144 2008 19 18 le
170 2008 82 18 branche
260 2013 54 13 rosse
322 2013 11 13 o
341 2012 46 14 nere

101 2033 22 17 Ti
131 2033 18 18 si
157 2033 81 18 fermatu
246 2034 21 17 in
274 2034 100 21 Iampione.

158 2061 15 18 E
181 2061 27 17 mi
213 2061 36 18 dici

157 2085 36 19 Chi
201 2086 74 18 d’amici

157 2110 25 19 Sò
190 2116 11 13 a
210 2111 82 19 nidicale
298 2112 9 17 ?

156 2136 54 18 Cb’io
218 2136 68 18 staccai
295 2136 44 18 volu

157 2161 27 18 Da
193 2166 11 13 u
214 2162 79 22 paisolu,

156 2186 80 18 Duv’era
246 2187 49 17 inale
301 2186 10 18 ?

156 2211 26 18 Pô
191 2216 47 13 anen
244 2212 52 17 dassi
304 2211 28 18 !...

154 2237 36 20 Ma,
200 2237 59 17 s’omu
269 2236 46 18 fassi

155 2261 15 18 U
180 2266 100 18 paragone,

153 2286 27 19 Ne
190 2287 20 17 sô
219 2287 72 20 sicuru,

152 2312 92 18 Truverei
253 2312 50 17 duru

153 2337 36 18 Più
199 2337 44 17 d’un
252 2337 75 18 scalone
334 2336 6 18 !

189 2375 81 19 Minutie

97 2404 76 18 Scherzi
180 2404 59 18 fisicu
246 2409 11 12 e
263 2403 85 23 pilame?

97 2430 58 18 Cume
163 2430 37 18 s’io
208 2430 58 17 m’era
277 2430 101 22 stampatu,

98 2455 14 18 0
120 2460 55 13 cume
184 2455 59 18 s’avia
249 2455 20 18 le
276 2455 66 18 brame

93 2480 23 18 Di
125 2480 22 18 lu
155 2481 26 17 to’
190 2480 44 18 visu
242 2480 99 23 imbagatu

73 2505 28 19 Cu
106 2506 101 18 l’oechioni
212 2510 12 13 a
229 2506 83 22 sguardu
322 2505 56 22 fissu,

97 2531 78 18 Torbidi
183 2531 24 17 da
215 2531 20 17 lu
241 2530 83 24 paslissu
329 2530 19 18 II

94 2570 123 23 T’arripicehi
224 2574 12 13 a
243 2570 21 17 lu
272 2570 39 18 miò
318 2571 60 22 pettu,

94 2594 61 19 Ch’un
161 2596 51 17 séria
217 2596 66 21 troppu
289 2595 22 18 in
315 2595 65 22 polpa?

95 2620 61 19 Credu
166 2621 58 17 cb’un
232 2621 29 17 sia
268 2620 40 18 miò
316 2621 52 21 colpa

94 2645 41 19 S’in
143 2646 64 17 salute
215 2650 26 13 un
250 2645 21 18 sò
279 2645 99 22 perfetttu,

82 2670 16 17 E
102 2675 28 12 un
135 2670 77 22 ghiurà,
221 2671 28 20 tu,
258 2670 21 17 lu
288 2670 89 21 mastinu,

72 2694 39 19 Che
117 2700 27 13 un
149 2695 16 18 ti
170 2695 52 18 canti
227 2699 49 14 aneu
281 2695 22 18 in
309 2694 68 19 latinu!

491 515 61 22 Piglia
559 516 8 18 i
576 520 88 22 scartelli,

495 540 29 18 Un
532 541 19 18 fà
559 542 66 24 faliga,

496 562 27 18 Pè
531 564 7 17 i
547 565 25 17 to’
579 565 88 21 lumbelli

495 587 15 17 E
518 593 11 12 a
540 589 23 17 to’
572 590 84 24 viseigal

493 612 48 19 Mira
550 614 31 18 chi
589 620 11 13 a
606 618 54 21 pcLra

497 637 50 19 Bona
556 639 23 18 da
587 645 12 12 u
611 646 62 18 muru,

494 662 57 19 S’clla
559 664 103 25 t’imbetra,

496 687 29 19 Un
534 689 17 18 si
559 690 66 19 sicuru

493 712 28 19 Da
527 714 49 19 cb’io
584 721 40 13 nun
633 722 55 17 possa

496 737 41 19 Cun
545 741 38 17 cor’
591 742 82 22 pielosu,

494 762 33 18 Pe’
535 769 13 12 u
556 765 26 17 to’
591 766 64 22 riposu

496 787 60 23 Copre
565 795 37 13 una
612 792 53 18 lossa
672 792 5 18 !

537 831 15 17 li
554 831 66 23 ispellu

447 856 17 17 A
472 861 38 17 me,
520 863 55 18 pocu,
584 865 48 17 pocu
642 863 57 18 sende

446 880 155 24 D’impacchiacci
611 891 11 13 a
629 888 91 21 parentia.

447 905 100 22 Quistioue
554 910 122 23 d’antipatia?

447 930 34 18 Chi
491 933 17 17 ci
514 937 87 19 cunosce,
609 939 114 20 cumprende

435 955 34 21 Ma,
476 956 22 18 in
503 957 100 21 l’orecchia
610 961 14 17 li
629 962 30 17 sia
664 963 53 17 deltu

435 980 61 23 Quai’,
505 983 29 19 fra
541 985 39 21 noi,
588 986 21 17 fù
615 987 100 19 maladettu
723 997 3 4 ■

492 1022 39 18 Miô
539 1024 85 20 babbone

491 1047 27 18 Fù
527 1048 105 21 Lucchese?

491 1072 36 19 Chi
535 1074 85 19 affarone
626 1075 5 19 !

492 1097 35 19 Chi
535 1104 89 18 surprese
629 1101 5 17 !

491 1122 55 24 Soga.
554 1125 21 17 in
584 1130 56 14 manu

491 1149 36 17 Hai
536 1150 62 18 scrilti

491 1173 36 18 Chi
536 1175 15 17 li
559 1175 50 18 danu

488 1199 41 18 Alti
540 1200 77 18 diritti?

489 1223 37 19 Chi
534 1229 43 14 sera

489 1249 37 18 Chi
534 1251 38 17 ’ssa
579 1255 95 19 vergogna

488 1273 47 19 Solu
543 1276 35 17 avà

488 1299 22 17 Ti
519 1300 24 17 dà
550 1301 19 17 la
577 1301 72 23 rogna?

442 1337 49 24 Soga
499 1339 12 18 è
518 1340 69 21 perché
594 1340 67 18 l’eredi

441 1364 72 18 T’hanu
519 1370 74 17 sempre
597 1367 129 21 appuntellatu

441 1389 37 18 Per
486 1391 105 18 manteneti
599 1391 20 18 di
627 1392 43 22 pedi

440 1415 23 17 In
471 1415 78 19 staffale
556 1416 36 18 avà
602 1417 97 22 strappatu
705 1417 9 17 ?

441 1439 15 19 0
464 1440 88 22 spianatu
558 1442 76 21 qualchi
642 1442 72 23 scogliu

440 1465 85 19 Duvut’a
533 1467 21 17 lu
562 1467 147 23 tropp’orgogliu
714 1467 11 18 ?

531 1505 79 24 Inchjnu

439 1533 37 18 Per
485 1538 37 17 me,
532 1534 23 17 da
563 1534 127 22 difendidore,

440 1557 33 19 Poi
481 1558 37 18 avè
523 1559 74 19 salvatu
605 1564 12 13 a
624 1560 78 18 Francia
709 1560 4 18 !

439 1583 30 17 Un
478 1588 57 13 cercu
543 1584 21 17 lu
572 1585 25 17 to’
606 1585 64 18 valore

439 1607 15 18 E
461 1608 15 18 ti
484 1608 63 18 lesciu
554 1613 24 13 cu
586 1614 11 13 a
605 1610 26 18 to’
637 1611 73 17 maneia
715 1616 6 17 ;

439 1633 33 17 Cio
481 1633 33 18 chi
522 1634 21 18 sô
551 1634 44 18 fatti
602 1635 58 18 sicuri
666 1641 6 12 :

438 1658 23 18 Ci
470 1659 92 19 cacciaste
570 1661 76 21 quattru
654 1662 56 18 mûri.

495 1698 36 18 Eiu
538 1704 27 13 un
573 1700 57 22 c’era,

495 1724 54 18 L’hai
556 1725 54 18 dettu
617 1730 5 12 :

494 1749 104 23 Forsejera

493 1774 27 18 Pè
529 1780 13 12 u
550 1775 38 18 miô
596 1777 61 20 pettu.

494 1799 76 23 Campai
578 1805 49 14 ancu

492 1825 17 18 A
517 1825 19 18 la
544 1826 71 18 dirotta

493 1850 14 18 E
516 1851 24 17 da
547 1851 77 18 sciancu

492 1876 99 18 Patriotla.

434 1914 36 21 Ma,
475 1915 19 18 si
503 1916 28 20 tu,
537 1920 35 18 per
579 1916 137 23 qualchimese,

434 1940 29 18 Un
471 1941 19 17 ci
498 1941 85 22 perdiste
590 1941 19 18 le
617 1946 60 18 spese,

433 1965 30 18 Un
470 1966 18 17 ti
496 1967 56 17 vanta
559 1966 21 18 in
585 1968 112 17 canzunette
702 1972 5 13 :

433 1990 26 18 Fà
467 1991 53 21 parla
528 1992 19 18 le
555 1993 25 17 to’
587 1993 83 17 stellette
676 1992 6 18 !

434 2015 41 22 Chi,
485 2016 87 18 unbastô
577 2021 34 18 per
615 2017 101 19 fallesorte

432 2040 17 18 U
457 2041 25 17 to’
491 2041 78 22 picchiu
577 2046 11 13 a
593 2043 57 17 centu
655 2044 59 20 porte.

533 2080 64 19 Finale

431 2108 59 17 Tuttu
499 2112 44 17 que,
550 2113 44 13 caru
603 2109 80 22 cullega,

431 2132 66 22 Postu,
507 2133 76 22 cullega
590 2133 16 18 ti
614 2134 58 21 credi,

430 2157 33 18 T’è
470 2158 55 17 dettu
534 2162 56 14 senza
597 2159 62 22 letega

430 2182 22 17 In
460 2183 83 17 versetti
550 2188 12 12 a
569 2183 42 23 varj
619 2184 49 22 pedi,

430 2207 90 18 Perch’in
528 2212 47 18 capu
583 2208 24 18 bè
614 2208 16 18 ti
638 2208 55 18 metti

429 2232 23 18 Di
460 2232 73 23 sceglie
540 2233 81 23 meglior
626 2234 78 21 sugetti.

430 2271 66 22 Eppoi,
504 2272 66 18 lascia.
578 2272 60 18 laseïa
645 2276 53 14 corre

430 2296 86 18 Canzone
524 2302 36 13 cun
569 2298 65 21 puesia
641 2297 5 18 !

429 2321 65 19 Lascia
500 2327 11 13 a
520 2327 14 12 u
542 2323 25 17 to’
576 2323 119 22 suggeritore

429 2347 102 18 Parlammi
539 2348 118 21 lucchiseria,

429 2371 42 19 Ellu
480 2372 33 18 chi
522 2372 15 18 ti
545 2374 58 20 punla
612 2378 67 16 nanzu,

418 2396 98 19 Credendu
526 2398 60 18 d’esse
592 2398 37 18 alu
634 2403 77 17 pranzu.

473 2425 33 18 Pe’
514 2430 12 13 a
534 2426 27 17 so’
570 2427 48 17 sete.

472 2450 32 18 lé!
514 2451 102 22 piuttoslu,

471 2476 19 17 A
498 2477 88 21 cumpete

472 2501 26 18 Sô
506 2501 65 22 dispos
574 2502 20 17 tu
601 2506 5 13 :

427 2539 114 19 Canteremu
548 2540 6 18 i
565 2541 116 17 maccheroni

427 2565 16 18 A
451 2565 81 18 listessu
541 2566 88 18 tavulinu

427 2590 20 21 E,
456 2591 100 22 passend’a
564 2596 13 12 u
585 2591 124 18 stacciufinu:

427 2616 22 17 Di
457 2620 21 13 re
487 2616 21 18 di
514 2616 17 18 li
539 2616 116 23 rimaglioni,

426 2640 96 19 Literemu
530 2641 20 17 in
558 2642 55 21 piena
619 2642 58 17 calma

426 2666 62 17 Tronu
498 2670 11 14 e
517 2667 64 17 scetru
588 2670 25 14 cu
618 2666 18 17 la
641 2666 67 22 palma.

553 2693 122 19 Muvrellu.

767 406 28 24 A
803 407 165 32 Cumpare
974 411 94 27 Petru

786 459 8 16 1
803 461 60 17 vostri
871 462 33 17 dui
913 462 51 19 filari

785 483 62 22 Aghiu
855 486 49 18 letlu
912 492 37 13 cun
957 488 79 22 piacere,

786 508 14 17 F
809 510 26 17 mi
843 510 87 23 feraghiu
939 517 27 13 un
973 513 72 19 duvere

785 533 23 17 Di
816 534 88 22 risponde
912 541 12 13 a
931 537 14 17 li
955 538 38 18 miô
1001 538 40 18 cari

784 557 37 18 Per
828 559 42 18 dilli
879 561 31 17 chi
919 561 18 17 la
945 563 62 17 salute

784 582 21 17 Si
813 585 93 21 manlene,
917 590 10 13 e
936 586 32 18 chi
975 587 69 18 l’affari

784 614 25 18 Sô
816 617 87 18 anch’elli
912 622 55 15 cume
974 624 12 13 a
994 620 56 18 luna:

762 638 79 22 Quandu
847 643 57 21 perde
908 645 156 23 equandupiglia;

783 665 37 18 Per
828 671 36 17 me,
873 668 19 17 la
899 669 81 22 meglior
987 670 79 19 furtuna

783 689 14 18 E
802 691 53 19 d’avè
863 697 45 17 pace
916 694 20 17 in
945 694 85 23 famiglia
1036 701 5 16 ;

781 715 17 17 A
805 716 95 19 ricchezza
907 723 28 13 un
942 719 23 18 dà
974 722 80 17 suvente

745 736 3 33 |
781 739 39 19 Che
827 741 91 23 bisbigliu
927 743 29 18 fra
963 745 19 17 la
989 745 58 22 jente.

748 776 4 13 >
781 773 36 18 Voi
824 775 28 17 mi
859 776 40 18 dite
907 781 37 13 cun
953 778 91 23 raggione
1049 784 5 13 :

759 802 9 11 «
772 798 16 17 A
796 800 65 18 vostra
868 805 63 17 penna
936 802 10 18 è
955 804 83 18 sturzata
1045 803 5 19 !
1055 810 9 11 »

758 821 29 19 Un
795 823 27 19 c’è
830 824 33 22 più
872 826 35 18 che
915 831 14 13 u
937 828 115 22 muzzicone,

780 848 75 23 Bisogn’
860 850 25 18 ha
893 851 61 19 d’esse
964 853 97 22 cambiata;

779 872 36 19 Eiu
822 874 19 17 la
848 874 62 23 pigliu
918 877 24 17 da
949 877 19 18 la
976 883 54 13 musa

780 897 44 19 Ch’è
833 900 111 19 muribonda
953 907 11 13 e
971 903 83 18 sfiatata.

778 931 17 17 A
804 936 53 14 musa
865 934 151 24 caru,Cumpare,

778 955 75 20 Benchè
861 958 50 18 donu
920 960 20 17 di
948 962 74 20 natura,

778 980 70 19 Dicanu
857 987 57 14 cumu
922 985 14 17 li
945 990 51 17 pare,

778 1005 44 19 Bole
830 1008 96 22 travagliu
934 1015 11 13 e
953 1011 76 18 cultura
1035 1016 6 17 ;

778 1030 20 18 Si
807 1032 88 23 sviluppa
902 1034 22 18 in
931 1035 47 17 l’alti
987 1036 61 18 monti

777 1055 14 18 E
800 1058 100 18 smurtisce
908 1063 12 13 a
927 1060 19 17 la
954 1060 87 21 pianura.

777 1091 87 24 Sappiate
869 1095 52 18 ch’in
929 1097 26 17 sti
963 1097 86 22 reghioni

776 1117 74 19 Unn’ha
860 1121 53 17 tantu
922 1126 11 13 a
940 1121 46 18 falla
994 1123 56 18 bella.

777 1142 14 18 E
799 1143 19 17 la
826 1148 49 18 mea,
885 1146 40 18 cusi
934 1147 69 23 zilella,

777 1167 20 18 Si
806 1168 29 18 stà
843 1173 74 19 sempre
928 1172 85 19 timiconi
1019 1178 5 17 ;

777 1192 94 20 Burrebbe
879 1200 38 14 una
924 1196 56 24 longa
988 1203 45 14 cura

776 1217 22 18 Di
806 1218 89 20 bon’aria
902 1226 11 13 e
922 1222 19 17 di
950 1223 88 18 friscura.

775 1253 94 21 Pratende
874 1257 110 20 d’unn’esse
992 1260 44 18 nata

775 1278 36 18 Per
818 1280 45 18 bive
871 1281 20 18 in
898 1283 52 17 terra
958 1285 98 18 straniera.

774 1303 67 19 Ndtl’e
849 1306 81 21 ghiornu
939 1310 117 22 scunsulata,

774 1328 85 20 Biderete
868 1331 21 17 in
897 1332 31 17 chi
936 1337 76 15 manera
1019 1334 5 18 !

752 1373 2 2 .
773 1352 55 20 S’ella
837 1355 46 18 dura
891 1357 30 17 sta
929 1362 85 19 cagnara,

775 1378 98 20 Ohimé!...
881 1382 30 17 ebi
920 1383 135 24 m’addispera!

773 1415 26 18 Mi
804 1416 73 19 davain
884 1419 21 17 lu
914 1420 63 23 tempù
984 1424 71 17 andatu

773 1440 71 22 Spessu
852 1445 146 25 suddisfazïone,

772 1466 29 17 Ma
812 1468 62 22 oghie,
883 1474 34 17 per
924 1471 39 18 miô
970 1475 83 21 peccatu,

772 1490 30 19 S’è
810 1492 68 19 ficcata
885 1494 49 19 indu
940 1496 94 23 l’agnone.

771 1516 37 18 Mai
815 1517 20 18 la
842 1518 40 18 vidi
890 1519 22 18 in
920 1521 18 17 la
944 1523 38 17 miô
991 1524 41 18 vita

771 1540 45 20 Cusi
824 1543 58 19 sfatta
890 1549 11 13 e
909 1547 99 19 sculurita.

749 1574 29 18 Un
785 1576 81 21 ghiornu
873 1578 178 28 ch’unn’èluntanu,

771 1600 108 23 Disgustata
884 1604 29 17 da’
918 1606 27 17 so’
951 1609 56 21 sorte,

770 1625 37 18 Per
814 1626 92 21 francassi
915 1631 25 17 da
947 1631 19 18 la
973 1635 68 22 morte.

769 1650 22 18 In
799 1655 54 15 cerca
861 1654 45 18 d’un
914 1655 43 19 locu
963 1662 53 18 sanu,

769 1675 46 19 Fera
822 1677 19 18 la
849 1679 133 21 s’affaccatella

769 1701 16 18 A
792 1703 55 18 cantà
853 1709 35 17 per
895 1705 122 22 Cursichella.

769 1743 24 18 Or
801 1744 39 19 fate
848 1746 39 22 voi,
895 1752 11 14 o
915 1748 79 24 Signore
1001 1751 6 18 !

767 1769 118 21 Manteniteli
892 1773 22 18 lu
924 1774 27 18 fia
953 1776 19 17 tu

768 1793 36 19 Per
812 1796 55 22 pudè,
877 1798 61 21 prima
945 1800 21 18 di
973 1806 59 18 more,

768 1818 50 19 Gode
825 1825 28 14 un
859 1826 100 17 mumentu
967 1826 63 19 beatu.

767 1843 35 19 Fra
810 1845 18 18 le
836 1851 55 15 muse
896 1849 97 24 cirneane,

767 1869 35 18 Chi
810 1871 19 17 bi
837 1876 25 13 ne
869 1875 91 21 seraghiu
971 1878 55 21 gratu
1032 1878 6 18 !

784 1897 131 22 Ghiuvannî
924 1902 103 22 Olivieri.

743 1964 42 19 Chi
793 1971 83 20 magna
882 1970 55 18 echi
940 1973 108 22 guarda...

764 1991 16 18 U
786 1996 59 14 vescu
849 1994 95 23 d’Ajacciu
951 1998 43 18 avia
998 2004 52 13 man-

742 2016 45 18 datu
795 2021 12 13 a
815 2018 73 19 chiamà
901 2025 12 13 a
921 2021 52 19 Preti
982 2023 68 19 Zucco-

741 2045 31 14 ne.

763 2069 73 22 Questu
851 2071 53 22 junsi
918 2079 11 12 a
942 2079 14 13 u
972 2077 77 20 palazzu

740 2096 74 20 quande
829 2101 15 12 u
852 2101 58 14 vescu
923 2104 93 18 magnava
1024 2106 25 14 eu

740 2124 13 13 u
762 2124 22 14 so
790 2120 82 22 vicariu,
885 2127 31 13 ma
924 2129 13 12 u
945 2125 63 18 fecinu
1016 2131 32 13 en-

740 2144 30 18 tré
779 2146 128 22 quantunque.

761 2171 58 17 Tuttu
824 2173 114 21 magnendu,
942 2174 98 24 Monsigno

739 2199 22 13 re
769 2196 14 17 li
789 2196 118 20 dumandede
916 2198 17 18 si
941 2204 14 13 u
969 2201 27 17 so’
1007 2201 41 18 via-

739 2220 47 23 ghiu
797 2222 50 18 s’era
854 2223 38 17 ben
902 2226 83 20 passatu,
1000 2226 49 18 cioc-

739 2246 174 20 ch’elluaviavistu
927 2250 23 17 da
959 2250 68 22 ritena,
1036 2256 11 14 e

739 2276 38 13 una
784 2276 67 15 mansa
857 2274 64 17 d’altri
929 2275 93 22 cosi,tutti
1026 2277 21 17 in

739 2297 79 19 listessu
828 2303 65 14 versu.

760 2325 53 18 Preti
818 2326 84 19 Zuecone
909 2328 95 18 cuminciò
1011 2334 5 12 :

760 2357 24 4 —
791 2348 33 18 ’Na
832 2349 48 18 valli
888 2350 19 17 di
916 2350 59 22 Sartè,
981 2356 65 14 accan-

739 2371 25 16 t’a
778 2375 13 13 u
806 2371 106 23 Rizzanese,
927 2378 57 13 versu
998 2379 50 14 mez-

739 2393 72 21 ziornu,
821 2394 49 19 facia
882 2400 26 13 un
917 2396 58 18 calori
982 2396 24 19 da
1016 2402 31 13 ar-

739 2417 53 16 rusta
806 2416 53 19 l’ovi.
867 2417 16 18 E
890 2419 57 17 sott’a
962 2424 28 12 un
998 2424 48 13 mar-

739 2438 254 25 chioni,oMonsignô,aghiu
1005 2443 42 18 vis-

739 2463 46 17 tu...

760 2492 22 4 —
790 2483 16 18 E
814 2488 43 14 cosa
864 2486 56 17 avete
927 2485 52 18 vislu
986 2485 9 19 ?

759 2515 24 4 —
789 2506 41 18 Una
844 2512 55 17 capra
915 2512 47 15 nera
975 2513 24 14 cu
1013 2510 30 17 tre

739 2529 85 22 capretti.
834 2529 36 19 Dui
877 2531 94 22 sughjanu
976 2536 11 14 e
996 2532 49 22 quil-

739 2552 54 18 l’atru
801 2554 96 20 guardava
907 2554 21 17 fà
934 2554 60 18 l’altri
1001 2555 44 17 c’un

739 2574 42 18 belu
795 2575 42 18 cusi
850 2576 59 18 tristu
924 2577 32 17 chi
964 2577 27 18 mi
1006 2577 38 19 feci

739 2597 99 23 piegna....

757 2629 24 3 —
785 2620 75 18 Purteti
867 2620 94 23 duipiatti
972 2626 12 13 a
992 2622 52 18 Preti

739 2644 86 22 Zuccone,
839 2645 51 18 disse
901 2646 120 23 Monsignore
1031 2651 11 14 a

739 2671 9 13 u
756 2668 148 21 maggiordomu.

851 2695 29 18 AE.
889 2695 28 18 de
925 2695 93 19 Peretti.

1095 194 104 23 Cullana
1207 196 100 22 Storica
1318 196 27 21 di
1356 196 24 21 A
1389 197 89 23 Muvra

1148 241 24 35 Â
1191 242 157 45 Cunquista
1365 242 142 38 Francese

1229 297 30 36 di
1277 309 18 24 a
1314 297 120 37 Corsica

1143 344 47 28 (Da
1200 353 31 15 un
1248 347 121 22 Giurnale
1381 348 25 22 di
1417 348 103 29 l'Epuca)

1260 399 131 28 (Seguitu)

1122 456 51 22 Elle
1192 461 157 25 supposèrent
1369 466 47 16 une
1436 462 127 21 Cavalerie

1093 488 148 22 nombreuse
1253 490 61 21 dans
1324 489 109 24 l’Armée
1444 493 30 20 de
1491 491 73 22 Fran-

1093 521 36 21 ce,
1148 517 32 22 où
1192 520 137 25 cependant
1340 520 18 21 il
1369 520 43 29 n’y
1423 529 30 15 en
1465 528 13 15 a
1492 522 72 27 point

1093 545 15 21 d
1117 549 68 19 autre
1193 553 47 22 que
1247 550 38 21 les
1293 550 55 21 huit
1360 549 165 31 Compagnies
1533 553 30 20 de

1092 575 116 28 Dragons
1222 579 31 21 de
1264 581 24 20 la
1300 579 92 28 Légion
1403 583 31 20 de
1450 582 112 26 Soubise,

1091 605 23 21 &
1125 607 36 20 les
1172 607 55 22 huit
1238 609 31 21 de
1281 611 61 20 celle
1354 611 30 20 de
1395 611 115 22 Lorraine
1521 612 41 27 qui

1090 641 18 21 y
1119 642 13 15 a
1144 638 122 27 remplacé
1278 641 23 20 la
1314 639 92 29 Légion
1418 642 91 28 Royale
1519 658 5 10 ,
1541 642 22 21 &

1091 667 80 22 toutes
1194 670 138 22 ensembles
1356 672 61 21 elles
1437 679 30 15 ne
1489 679 75 21 pour-

1090 697 129 28 roientpas
1228 699 93 23 former
1328 702 24 20 le
1359 701 117 27 prétendu
1483 703 79 27 Corps

1090 727 42 26 qui
1143 734 14 15 a
1169 729 81 22 donné
1262 731 61 21 dans
1337 731 170 23 l'embuscade.
1522 733 40 22 On

1089 762 32 16 ne
1139 758 62 27 sçait
1220 761 96 25 quelles
1333 765 109 23 peuvent
1461 764 51 21 être
1526 764 36 21 les

1089 792 62 17 vues
1163 789 30 21 de
1212 795 64 17 ceux
1294 792 41 26 qui
1350 791 134 28 répandent
1502 794 60 21 dans

1089 816 23 21 le
1130 819 85 25 public
1235 821 30 20 de
1283 822 115 26 pareilles
1417 825 128 20 nouvelles
1554 830 5 19 ;

1088 848 61 22 mais
1169 855 33 16 on
1221 856 32 16 ne
1274 854 58 24 peut
1355 852 92 28 qu’être
1465 854 96 22 révolté

1088 883 44 21 par
1142 879 31 21 de
1185 881 146 23 semblables
1342 885 142 21 assertions.
1495 884 67 22 C'est

1088 908 57 22 bien
1158 911 100 22 vouloir
1268 914 92 21 mentir
1370 914 14 21 à
1396 920 60 21 pure
1474 917 69 25 perte
1553 921 6 15 :

1087 939 62 22 ainsi
1163 943 63 19 cette
1236 944 113 21 nouvelle
1362 946 37 20 est
1410 951 31 15 un
1451 945 109 22 Pendant

1087 969 57 22 bien
1154 970 66 28 juste
1233 971 13 23 à
1258 979 29 15 ce
1297 974 42 27 qui
1352 975 37 21 fut
1407 975 82 27 publié
1506 978 53 19 tou-

1087 1000 72 22 chant
1169 1001 115 28 l’attaque
1295 1004 30 21 de
1336 1004 179 23 l’Isle-Rousse.

1141 1056 82 19 Numéro
1232 1058 26 17 du
1266 1058 95 19 Vendredi
1369 1060 24 17 12
1400 1060 37 18 Mai
1447 1061 51 18 1769.

1303 1092 102 19 D’Antibes
1412 1093 20 18 le
1439 1093 11 18 5
1457 1094 43 18 Mai.

1114 1127 40 23 Un
1172 1129 92 22 Bâteau
1275 1130 30 22 de
1325 1130 76 23 Poste
1412 1133 61 26 parti
1487 1133 31 21 de
1534 1134 23 21 la

1086 1157 82 23 Bastia
1179 1160 25 21 le
1216 1162 35 19 icr.
1265 1161 30 21 de
1308 1166 28 16 ce
1347 1162 65 21 mois
1424 1163 81 22 arriva
1523 1164 33 21 ici

1084 1189 149 25 avant-hier,
1246 1196 61 16 avec
1318 1198 32 15 un
1363 1192 91 27 Paquet
1469 1194 30 21 de
1516 1193 41 22 dé-

1084 1219 89 26 pêches
1194 1220 31 21 de
1244 1221 35 21 M.
1291 1222 25 20 lè
1328 1221 88 23 Comte
1436 1223 30 21 de
1483 1223 74 22 Vaux

1084 1255 61 21 pour
1166 1250 35 21 M.
1213 1252 24 20 le
1248 1251 56 22 Duc
1323 1253 31 20 de
1366 1252 118 23 Choiseul
1493 1260 6 19 ;
1523 1260 32 16 on

1082 1279 122 28 l'expédia
1214 1283 55 20 tout
1280 1282 30 21 de
1327 1283 64 21 suite
1403 1283 14 22 à
1431 1290 26 15 ce
1469 1285 87 21 Minis-

1082 1311 38 20 tre
1130 1316 45 21 par
1185 1317 33 15 un
1228 1311 117 23 Courrier
1353 1315 200 21 extraordinaire.

1083 1339 41 22 On
1141 1343 62 25 peut
1220 1342 59 21 bien
1290 1342 144 29 s’imaginer
1443 1344 58 27 qu’il
1515 1345 40 21 n’a

1082 1370 53 22 rien
1146 1371 127 28 transpiré
1284 1373 33 21 du
1328 1375 108 21 contenu
1447 1375 41 21 des
1506 1375 49 22 Dé-

1081 1401 89 27 pêches
1180 1408 6 20 ;
1200 1403 136 27 cependant
1348 1410 44 21 par
1403 1405 42 21 des
1462 1405 92 23 Lettres

1081 1432 168 27 particulières
1261 1439 32 16 on
1305 1440 15 15 a
1328 1435 83 26 appris
1418 1441 46 22 que
1472 1438 81 20 toutes

1080 1463 36 20 les
1127 1462 111 29 Troupes
1258 1466 59 20 sont
1335 1465 119 27 campées,
1467 1466 22 22 &
1503 1473 48 21 que

1080 1493 35 21 M.
1128 1493 31 22 de
1171 1494 73 22 Vaux
1255 1501 84 21 campe
1352 1497 64 21 aussi
1428 1498 124 22 lui-même

1080 1524 88 28 depuis
1178 1525 25 21 le
1216 1531 47 16 ier.
1278 1526 30 21 de
1317 1532 27 15 ce
1356 1527 72 22 mois.
1440 1527 38 22 On
1487 1534 14 15 a
1511 1534 42 15 en-

1080 1560 56 17 core
1155 1557 84 26 appris
1253 1562 45 22 par
1316 1563 33 15 un
1367 1558 44 22 des
1428 1558 124 22 Bâtimens

1079 1585 102 28 chargés
1205 1587 33 20 du
1258 1589 132 26 transport
1404 1589 42 21 des
1468 1589 84 22 Boeufs

1079 1616 59 21 dans
1149 1616 67 23 l’Isle
1227 1617 23 22 &
1261 1618 42 27 qui
1316 1620 68 20 entra
1395 1619 54 22 hier
1459 1620 60 22 dans
1527 1621 24 20 le

1080 1647 57 21 Port
1148 1652 47 22 que
1207 1647 70 23 Paoli
1288 1655 14 14 a
1314 1648 45 22 fait
1369 1649 133 22 descendre
1511 1656 39 16 ses

1078 1677 110 28 Troupes
1201 1678 32 22 du
1244 1678 55 22 côté
1313 1679 31 21 de
1363 1679 47 23 San
1423 1680 126 27 Fiorenzo,

1077 1707 22 21 &
1111 1713 47 22 que
1169 1711 72 19 notre
1257 1708 108 23 Général
1375 1710 15 22 à
1400 1713 53 20 tout
1461 1711 29 21 de
1499 1712 52 21 sui-

1076 1739 24 20 te
1113 1738 44 22 fait
1168 1739 116 22 marcher
1293 1740 36 22 les
1338 1741 99 22 siennes
1445 1747 61 22 pour
1513 1743 37 20 les

1076 1768 113 22 investir.
1210 1770 45 21 Les
1276 1770 88 22 choses
1378 1771 67 22 étant
1464 1778 41 16 sur
1521 1779 29 15 ce

1076 1799 100 27 pied-là,
1190 1800 19 22 il
1218 1806 19 22 y
1247 1807 13 14 a
1272 1803 68 20 toute
1353 1808 143 22 apparence,
1509 1803 39 28 qu’

1076 1835 32 16 on
1120 1836 30 15 ne
1168 1831 96 21 tardera
1285 1838 42 21 pas
1348 1833 55 21 d’en
1415 1834 70 21 venir
1498 1839 51 16 aux

1076 1861 88 25 mains,
1175 1860 23 22 &
1209 1862 60 27 qu’il
1279 1868 18 23 y
1308 1869 58 16 aura
1376 1864 59 22 bien
1446 1865 31 21 du
1488 1870 62 22 sang

1076 1890 115 28 répandu.
1213 1892 53 22 Nos
1286 1893 91 22 soldats
1397 1894 153 29 témoignent

1076 1923 23 20 la
1107 1923 56 26 plus
1174 1924 92 27 grande
1279 1924 148 28 impatience
1445 1926 30 21 de
1492 1926 58 21 voir

1076 1953 114 22 l’ennemi
1207 1954 31 21 de
1254 1954 67 28 près,
1332 1955 24 22 &
1371 1956 37 22 les
1429 1956 120 22 obstacles

1076 1989 46 22 que
1133 1984 25 21 la
1169 1984 119 23 situation
1299 1986 44 21 des
1354 1986 71 22 lieux
1434 1988 52 21 leur
1493 1987 55 27 pré-

1076 2017 67 19 sente
1152 2021 32 16 ne
1193 2016 55 22 font
1255 2022 47 21 que
1311 2018 36 20 les
1356 2019 94 21 animer
1457 2019 92 21 davan-

1076 2047 54 26 tage
1139 2052 7 18 ;
1159 2046 30 22 ils
1202 2052 26 16 se
1240 2046 97 23 flattent
1348 2049 30 21 de
1389 2049 37 21 les
1437 2050 108 25 vaincre,

1076 2075 21 22 &
1108 2076 30 21 de
1149 2076 146 28 triompher,
1317 2078 93 28 malgré
1421 2080 21 20 la
1459 2080 89 27 vigou-

1076 2112 68 15 reuse
1158 2106 101 23 défense
1270 2108 72 27 qu’ils
1360 2108 146 23 s’attendent
1515 2111 31 20 de

1076 2137 104 20 trouver.

1101 2165 32 22 Le
1145 2166 135 29 Régiment
1294 2167 116 28 Dauphin
1429 2170 40 27 qui
1486 2170 60 21 s'est

1076 2197 129 27 embarqué
1216 2197 14 22 à
1242 2197 96 23 Toulon
1349 2198 64 23 n’est
1426 2201 119 26 peut-être

1076 2227 68 26 point
1163 2233 89 17 encore
1271 2229 82 21 arrivé
1372 2236 32 15 en
1422 2230 84 27 Corse,
1520 2232 25 21 la

1076 2257 121 23 traversée
1219 2259 88 27 depuis
1329 2262 66 20 cette
1418 2260 66 23 Ville
1507 2264 38 19 est

1076 2288 51 26 plus
1145 2289 92 28 longue
1248 2289 24 22 &
1282 2290 82 22 moins
1384 2291 97 22 assurée
1495 2298 49 22 que

1076 2319 83 26 depuis
1170 2320 116 26 Antibes,
1298 2320 24 21 <&
1331 2321 37 21 les
1379 2321 123 23 Bâtimens
1513 2323 31 21 de

1076 2351 120 26 transport
1207 2353 42 19 ont
1258 2351 89 22 trouvé
1358 2352 37 22 les
1406 2355 72 20 vents
1486 2359 57 16 con-

1076 2380 81 21 traires
1169 2381 42 27 qui
1222 2382 36 20 les
1271 2384 45 19 ont
1325 2381 82 23 forcés
1419 2384 29 21 de
1459 2389 26 16 se
1492 2384 52 22 dis-

1076 2416 80 21 perser
1174 2417 43 16 sur
1227 2412 23 21 la
1272 2411 61 23 Côte
1343 2419 7 20 ;
1371 2414 87 27 depuis
1478 2415 65 21 deux

1076 2441 61 23 iours
1148 2447 64 17 nous
1229 2448 79 17 avons
1321 2444 32 21 ici
1365 2450 64 16 ceux
1439 2445 32 22 où
1482 2448 60 19 sont

1080 2477 26 16 es
1118 2471 136 30 Equipages
1266 2473 23 22 &
1298 2474 37 21 les
1348 2474 98 23 Mulets.

1153 2528 83 19 Numéro
1244 2529 27 18 du
1279 2529 59 19 Mardi
1346 2530 23 18 16
1376 2531 39 18 Mai
1422 2531 51 19 1769.

1279 2563 26 18 De
1314 2563 60 19 Gènes
1382 2564 20 18 le
1409 2564 12 18 6
1429 2565 42 18 Mai.

1097 2600 32 22 Le
1149 2600 89 23 Patron
1257 2602 59 21 d'un
1334 2603 123 23 Bâtiment
1473 2610 66 16 venu

1076 2631 23 21 le
1117 2630 86 27 Corsé,
1216 2638 13 15 a
1241 2632 114 28 rapporté
1371 2635 73 21 avoir
1456 2635 83 27 appris

1076 2666 39 21 jue
1126 2662 23 20 le
1167 2661 110 23 Général.
1286 2663 76 27 Paoli,
1380 2664 103 22 informé
1494 2666 44 21 des

1076 2691 154 28 lispositions
1249 2698 47 22 que
1314 2694 45 22 fait
1368 2695 35 21 M.
1415 2695 24 21 le
1451 2694 87 24 Comte

1589 201 30 21 de
1631 200 79 26 Vaux,
1723 206 64 21 pour
1801 201 51 21 être
1864 201 54 26 plus
1929 207 30 16 en
1971 201 49 22 état
2028 200 30 22 de

1588 237 26 15 se
1627 230 115 22 défendre
1761 233 85 19 contre
1857 231 37 21 les
1911 231 121 29 François,
2046 237 13 15 a

1589 261 45 21 fait
1644 261 94 21 abattre
1749 267 48 15 une
1809 262 43 20 des
1860 261 85 22 arches
1957 263 31 21 du
2000 262 60 22 Pont

1589 291 41 27 qui
1642 293 37 20 est
1691 297 43 16 sur
1743 292 24 21 le
1780 290 74 27 Golo,
1868 294 69 19 entre
1951 292 110 22 Mariana

1588 321 23 21 &
1623 321 112 26 Casinca,
1747 321 48 21 afin
1807 322 30 20 de
1849 322 89 22 rendre
1949 323 56 27 plus
2016 322 46 21 dif-

1589 351 64 21 ficile
1665 352 23 21 le
1700 357 102 22 passage
1814 351 30 21 de
1856 353 64 20 cette
1932 353 99 21 rivière.
2042 352 20 22 Il

1589 380 44 22 fait
1652 388 31 15 en
1704 382 80 21 même
1798 383 80 26 temps
1899 389 100 16 creuser
2019 383 43 21 des

1589 410 79 23 fossés
1678 418 64 21 pour
1752 412 105 21 fortifier
1870 413 36 21 les
1925 413 138 22 retranche-

1590 446 68 16 mens
1671 442 41 27 qui
1725 444 43 19 ont
1785 441 39 23 été
1845 441 84 24 élevés
1950 444 60 21 dans
2027 445 36 20 les

1591 471 119 22 environs
1724 472 31 21 de
1768 472 113 26 Casinca,
1894 473 23 22 &
1928 480 13 15 a
1954 473 110 23 ordonné

1590 506 47 22 que
1651 503 57 20 tous
1726 504 37 20 les
1777 503 113 22 habitans
1910 504 44 21 des
1975 505 88 21 Pieves

1590 532 42 26 qui
1643 538 27 15 se
1682 534 116 21 trouvent
1809 533 61 22 dans
1882 535 23 20 le
1924 535 137 28 voisinage,

1590 567 27 16 se
1628 563 103 21 retirent
1742 563 60 22 dans
1813 563 137 23 l’intérieur
1961 565 102 22 del’Isle

1590 597 62 16 avec
1663 594 55 20 tous
1729 593 66 22 leurs
1808 594 70 22 effets
1890 595 22 21 &
1922 596 68 21 leurs
2009 596 54 21 bes-

1590 622 77 22 tiaux.
1686 623 32 21 Le
1738 624 91 22 Patron
1841 632 14 14 a
1866 625 80 27 ajouté
1967 632 47 21 que
2026 626 34 22 M.

1589 652 23 21 le
1625 652 87 22 Comte
1730 655 30 20 de
1773 654 72 22 Vaux
1864 655 84 22 faisoit
1968 657 95 21 croiser

1589 684 53 20 tout
1652 689 30 16 au
1694 686 57 20 tour
1762 685 30 21 de
1813 685 66 22 l’Isle
1899 692 64 21 pour
1982 688 80 27 empê-

1589 713 59 22 cher
1674 715 119 26 qu’aucun
1821 716 123 23 Bâtiment
1973 718 89 28 chargé

1588 749 63 21 pour
1664 745 23 20 le
1702 748 97 25 compte
1811 747 44 21 des
1867 747 91 23 Corses
1978 749 83 27 puisse

1587 779 18 22 y
1616 774 111 23 aborder.

1651 846 3 3 .
1671 829 83 19 Numéro
1763 831 26 17 du
1796 832 61 17 Mardi
1866 832 23 18 16
1897 833 37 18 Mai
1942 833 52 18 1769.

1790 864 102 19 D’Antibes
1900 866 19 18 le
1926 865 12 18 8
1948 866 45 18 Mai.

1613 899 45 22 Les
1668 900 121 27 dépêches
1795 902 59 22 d’un
1862 903 90 23 Bâteau
1962 905 30 21 de
2002 905 59 22 Pos-

1585 930 33 24 te,
1631 930 62 27 parti
1705 931 24 21 le
1740 938 13 21 3
1767 938 30 15 au
1809 933 52 21 soir
1879 934 30 21 de
1924 935 24 21 la
1967 935 90 27 Bastia,

1586 960 42 26 qui
1648 961 81 21 arriva
1749 962 55 21 hier
1815 963 14 21 à
1841 963 73 27 Midi,
1934 970 63 17 nous
2017 968 43 20 ont

1585 991 85 26 appris
1682 996 47 21 que
1740 992 24 21 le
1777 991 89 23 Comte
1878 994 31 21 de
1927 994 72 23 Vaux
2010 996 50 22 n’a-

1584 1021 55 21 voit
1653 1022 71 26 point
1736 1028 87 16 encore
1834 1023 14 22 à
1860 1027 64 19 cette
1935 1026 56 22 date
1999 1029 61 19 atta-

1584 1050 47 27 qué
1649 1051 36 22 les
1699 1051 89 23 Corses
1799 1060 6 19 ;
1825 1054 63 22 mais
1908 1056 103 26 qu’avec
2031 1063 28 21 24

1584 1081 133 22 Bataillons
1728 1082 24 22 &
1761 1084 37 21 les
1811 1083 105 29 Légions
1925 1087 30 20 de
1964 1087 95 22 Lorrai-

1583 1116 32 16 ne
1626 1111 23 21 &
1664 1113 31 20 de
1707 1112 115 28 Soubise,
1835 1115 19 21 il
1874 1117 108 26 campoit
2000 1123 58 16 sous

1585 1141 92 26 Oletta,
1690 1142 14 22 à
1715 1144 24 20 la
1754 1144 110 22 distance
1876 1146 30 21 de
1919 1152 13 22 7
1942 1148 80 21 milles
2035 1148 24 21 &

1582 1171 82 22 demie
1682 1173 30 21 de
1731 1174 23 21 la
1774 1174 90 23 Bastia.
1877 1176 34 21 M.
1924 1178 24 20 le
1969 1177 87 23 Comte

1581 1202 31 21 de
1624 1202 127 23 Marboeuf
1767 1211 62 15 avec
1849 1206 58 28 cinq
1927 1208 129 23 bataillons

1581 1232 131 27 cinquante
1724 1234 115 29 Dragons
1847 1236 23 21 &
1879 1241 58 18 cent
1947 1238 109 23 hommes

1581 1262 160 24 d’infanterie
1753 1265 30 21 de
1794 1267 23 20 la
1825 1266 93 28 Légion
1929 1269 31 21 de
1969 1269 88 23 Soubi-

1581 1298 26 16 se
1619 1295 108 26 campoit
1739 1301 58 16 sous
1808 1297 111 28 Biguglia
1928 1299 62 21 trois
2001 1301 56 21 mil-

1580 1324 36 20 les
1632 1325 55 26 plus
1717 1326 62 26 loin,
1800 1326 24 21 &
1842 1327 35 21 M.
1898 1329 24 20 le
1946 1329 109 29 Marquis

1580 1353 155 24 d’Arcambal
1747 1362 26 15 se
1785 1358 111 22 trouvoit
1907 1359 33 21 du
1955 1360 55 22 côté
2023 1362 31 21 de

1579 1384 96 23 Nebbio
1684 1385 14 22 à
1709 1387 104 22 environ
1822 1389 24 20 la
1856 1390 79 21 même
1943 1390 111 23 distance

1579 1415 108 22 d'Oletta
1707 1422 47 21 que
1776 1417 121 30 Biguglia,
1918 1426 60 16 avec
1992 1423 61 21 trois

1578 1445 143 28 Bataillons,
1740 1448 131 27 cinquante
1894 1451 115 28 Dragons
2031 1453 23 22 &

1579 1479 55 19 cent
1644 1477 114 23 hommes
1769 1478 161 25 d’infanterie
1941 1483 31 20 de
1980 1483 24 21 la
2012 1482 41 22 Lé-

1578 1507 58 27 gion
1648 1508 30 21 de
1692 1508 114 23 Lorraine
1814 1510 23 22 &
1848 1512 37 21 les
1895 1512 157 24 Volontaires

1579 1537 100 27 Corses,
1693 1545 28 15 ce
1737 1541 42 26 qui
1791 1540 104 24 formoit
1905 1549 48 15 une
1966 1544 86 28 espèce

1578 1567 105 23 d’Ordre
1703 1570 31 21 de
1748 1570 104 23 Bataille
1870 1579 32 15 en
1921 1575 129 26 croissant,

1578 1599 61 21 dont
1652 1599 84 23 Oletta
1747 1606 27 16 se
1785 1603 113 22 trouvoit
1915 1605 25 20 le
1959 1608 90 25 centre,

1578 1629 112 28 Biguglia
1710 1631 24 21 la
1754 1632 95 26 gauche
1871 1633 24 22 &
1913 1634 97 23 Nebbio
2022 1637 29 21 -la

1578 1659 88 23 droite.
1687 1661 49 22 Ces
1756 1663 63 21 trois
1843 1663 78 28 Corps
1941 1665 108 28 séparés,

1578 1691 61 21 mais
1651 1690 14 22 à
1676 1691 87 27 portée
1778 1693 30 21 de
1828 1699 29 16 se
1874 1695 126 27 rejoindre
2020 1704 30 15 en

1578 1726 46 21 peu
1635 1722 31 21 de
1676 1723 65 21 tems
1749 1722 54 23 font
1812 1730 33 15 un
1851 1726 62 21 total
1921 1726 30 21 de
1959 1729 92 21 trente-

1578 1752 64 21 deux
1654 1752 133 23 Bâtaillons
1798 1761 6 18 ;
1823 1754 23 22 &
1858 1755 17 22 il
1896 1756 51 22 s’en
1962 1759 88 21 trouve

1578 1781 53 22 huit
1640 1781 14 23 à
1666 1783 112 27 Ajaccio,
1788 1785 23 21 &
1820 1785 66 22 deux
1897 1786 14 22 à
1923 1786 73 24 Calvi
2007 1794 43 17 ou-

1578 1815 35 18 tre
1631 1813 23 21 la
1672 1814 119 27 garnison
1812 1816 30 21 de
1853 1817 23 21 la
1896 1817 89 28 Bastia,
2006 1820 42 27 qui

1578 1844 62 20 reste
1650 1844 112 27 toujours
1774 1851 49 16 aux
1834 1847 85 22 ordres
1932 1849 32 21 du
1977 1849 73 22 Com-

1578 1875 21 19 te
1611 1874 30 21 de
1654 1874 130 23 Marboeuf.
1798 1876 43 22 Les
1859 1877 112 29 Troupes
1991 1880 58 21 d’A-

1578 1903 75 26 jaccio
1665 1907 57 20 sont
1735 1907 171 23 commandées
1917 1915 45 21 par
1976 1910 35 22 M.
2024 1911 24 21 le

1578 1934 86 23 Comte
1684 1936 30 21 de
1734 1936 135 24 Narbonne
1878 1945 7 20 ;
1909 1940 23 21 &
1950 1947 43 15 sur
2011 1942 37 21 les

1578 1966 116 26 premiers
1712 1973 166 18 mouvemens
1899 1970 58 27 qu’il
1976 1978 13 15 a
2005 1972 43 22 fait

1578 1996 57 22 ians
1643 1999 64 19 cette
1715 1997 89 27 Partie,
1815 2006 31 15 un
1860 2000 95 29 Village
1964 2002 82 22 voisin

1578 2029 33 19 sst
1621 2033 67 16 venu
1707 2034 27 15 se
1754 2032 144 20 soumettre.
1920 2032 31 21 Le
1971 2032 77 29 Régi-

1578 2060 63 19 rent
1651 2058 116 27 Dauphin
1776 2059 74 27 qu’on
1859 2062 83 21 attend
1953 2063 31 20 de
1990 2063 57 27 jour

1578 2093 25 15 m
1611 2088 58 26 jour
1680 2091 39 19 est
1736 2089 94 23 destiné
1848 2097 63 21 pour
1929 2092 79 27 Calvi,
2024 2093 22 22 &

1582 2117 40 22 ’on
1639 2124 86 15 assure
1745 2119 54 26 qu’à
1820 2126 46 17 son
1886 2122 104 27 arrivée,
2013 2130 32 16 on

1578 2148 120 22 narchera
1720 2154 48 17 aux
1792 2149 90 24 Corses
1907 2152 138 29 également

1578 2184 38 15 Dar
1626 2180 63 20 cette
1702 2179 81 22 Partie
1791 2180 24 21 &
1823 2187 44 21 par
1878 2183 61 22 celle
1949 2183 95 28 d’Ajac-

1578 2208 42 22 :io.

1596 2238 69 23 Nous
1679 2246 80 16 avons
1771 2242 84 27 appris
1867 2249 43 21 par
1921 2245 23 21 la
1962 2246 80 21 même

1578 2274 57 24 ioye
1661 2275 47 22 que
1731 2272 24 20 le
1787 2271 127 29 Capitaine
1947 2274 95 24 Saiomé

1578 2301 175 22 -.ommandant
1771 2303 24 20 la
1815 2303 121 29 Felouque
1949 2305 27 22 la
1997 2306 46 22 Gé-

1578 2331 72 26 loise,
1671 2332 126 22 ci-devant
1816 2340 48 16 aux
1887 2336 84 22 ordres
1985 2337 57 21 d’un

1578 2360 94 23 3fficier
1693 2362 31 22 de
1747 2363 106 28 Marine,
1881 2365 102 28 équipée
2011 2368 30 21 de

1578 2394 107 25 [uarante
1702 2393 113 23 hommes
1825 2401 19 22 y
1860 2397 106 27 compris
1985 2398 56 28 cinq

1578 2423 87 21 soldats
1675 2423 33 21 du
1718 2423 134 29 Régiment
1871 2426 167 29 d’Aquitaine,

1578 2453 31 26 [ui
1620 2454 76 26 partit
1706 2454 31 22 de
1748 2456 23 20 la
1784 2455 81 23 Bastia
1875 2458 25 20 le
1919 2464 27 22 25
1967 2459 73 22 Avril

1578 2492 4 12 :
1593 2484 98 26 minuit,
1704 2490 63 22 pour
1774 2486 98 22 .croiser
1879 2494 42 16 sur
1927 2489 37 21 les
1973 2495 66 21 para-

1578 2520 33 19 fes
1622 2514 31 21 de
1663 2514 74 27 l’Isle,
1750 2520 75 24 ayant
1835 2516 74 24 établi
1931 2525 26 15 sa
1977 2521 63 21 croi-
2064 2529 3 13 :

1580 2544 52 22 ière
1643 2549 68 18 entre
1721 2545 66 23 l’Isle
1798 2547 84 22 d’Elbe
1890 2548 23 22 &
1919 2550 24 21 la
1953 2549 89 28 Piano-,

1579 2580 21 20 a,
1614 2575 38 29 s’y
1662 2577 119 22 trouvant
1796 2583 62 17 avec
1867 2581 25 19 le
1908 2579 129 28 Capitaine
2063 2588 4 4 ■

1578 2607 86 25 -outel,
1685 2608 42 26 qui
1740 2614 12 15 a
1765 2614 48 16 une
1830 2611 67 21 autre
1914 2610 123 29 Felouque
2064 2630 3 4 .

1578 2642 18 15 .e
1605 2638 81 20 trente
1695 2637 111 23 hommes
1816 2639 151 29 d’équipage,
1980 2642 57 22 s’est
2063 2653 4 10 «

1579 2666 85 27 mparé
1685 2668 25 20 le
1728 2674 38 22 30,
1788 2671 70 20 entre
1877 2670 118 28 Longone
2014 2672 22 21 &
2062 2680 5 16 1

1578 2696 74 28 kmpi
1670 2703 42 16 sur
1724 2699 37 21 les
1775 2705 25 16 10
1811 2699 88 23 heures
1910 2702 32 21 du
1957 2704 77 20 matin
2063 2713 4 13 <

2085 199 57 22 d’un
2169 199 140 28 Felouquon
2335 198 153 28 Napolitain,
2516 200 47 25 qui

2085 229 83 23 faisoit
2178 231 23 21 le
2211 234 137 18 commerce
2358 231 71 19 entre
2442 228 123 22 Livourne

2086 260 23 21 &
2119 259 67 22 l’Isle
2207 261 30 21 de
2259 260 76 22 Corse
2347 264 65 22 pour
2429 259 23 21 le
2468 260 98 26 compte

2088 290 30 22 de
2129 291 78 25 Paoli,
2217 291 23 21 &
2252 290 41 28 qui
2306 289 59 22 s’est
2373 288 90 23 trouvé
2475 288 91 28 chargé

2088 321 31 21 de
2130 321 101 27 poudre,
2244 321 30 21 de
2287 320 88 25 balles,
2387 320 30 21 de
2430 319 96 22 boulets
2535 319 31 21 de

2089 351 149 28 Campagne,
2251 351 23 22 &
2285 351 30 21 de
2327 350 96 28 pierres
2436 349 12 22 à
2459 349 75 22 Fusil.
2545 349 20 22 Il

2089 381 36 28 s’y
2136 384 38 19 est
2185 382 66 21 aussi
2263 380 88 23 trouvé
2360 387 49 15 une
2418 380 76 27 petite
2504 380 62 21 cais-

2090 418 27 15 se
2137 412 56 21 bien
2207 411 91 23 fermée
2309 411 23 22 &
2354 412 118 21 couverte
2493 410 73 22 d’une

2089 442 62 22 toile
2163 441 74 27 cirée,
2257 442 32 22 où
2301 442 18 21 il
2329 448 18 22 y
2359 441 71 22 avoit
2441 441 65 22 deux
2522 447 42 21 pe-

2089 473 43 21 tits
2143 479 61 20 sacs,
2217 473 23 21 &
2252 472 63 23 trois
2327 473 103 27 paquets
2445 471 118 28 d’argent,

2090 503 73 28 qu’on
2175 510 13 15 a
2200 504 36 21 dit
2248 504 51 21 être
2307 504 24 21 le
2339 502 94 23 Trésor
2441 502 73 28 qu’on
2523 509 42 15 en-

2089 534 87 28 voyoit
2194 533 30 22 de
2245 533 123 22 Livourne
2386 533 15 22 à
2420 533 76 22 Paoli.
2519 533 45 21 Les

2090 564 114 22 Matelots
2223 564 31 22 de
2271 570 28 15 ce
2311 564 142 27 Felouquon
2466 570 26 15 se
2507 565 58 20 sont

2089 594 87 23 sauvés
2188 595 61 21 dans
2260 594 67 22 l’Isle
2339 594 83 22 d’Elbe
2435 600 59 16 avec
2505 593 63 23 neuf

2089 625 43 21 des
2154 626 44 21 dix
2221 625 129 28 Passagers
2370 625 42 27 qui
2437 624 90 22 étoient
2549 624 14 22 à

2088 655 69 26 bord,
2171 655 70 28 après
2253 656 72 21 avoir
2335 655 52 22 tiré,
2404 654 109 29 quantité
2533 655 31 21 de

2088 692 76 22 coups
2173 687 30 21 de
2211 687 58 21 fusil
2280 693 6 20 ;
2299 686 23 22 &
2330 687 19 21 il
2360 693 32 15 ne
2402 686 38 29 s'y
2448 687 37 21 est
2492 687 69 21 trou-

2088 716 31 22 vé
2134 717 73 27 qu’un
2217 718 53 21 seul
2281 717 111 22 homme.

2162 773 81 18 Numéro
2252 773 26 17 du
2286 772 61 18 Mardi
2355 772 23 18 16
2386 772 38 18 Mai
2432 771 52 19 1769.

2262 806 26 17 De
2296 805 77 19 Monaco
2381 806 20 17 le
2408 805 24 19 13
2439 805 44 19 Mai.

2114 844 68 22 Nous
2200 850 111 22 reçûmes
2327 845 33 21 ici
2381 845 24 21 le
2419 851 24 15 u
2465 851 30 15 au
2509 844 54 22 soir

2086 875 36 20 les
2134 876 128 20 nouvelles
2274 875 129 21 suivantes
2415 875 31 21 de
2457 876 23 21 la
2501 875 62 22 Cor-

2086 910 35 20 se,
2142 910 44 21 par
2206 905 44 21 des
2271 905 95 22 Lettres
2387 904 89 23 écrites
2488 906 30 21 de
2538 906 24 21 la

2086 935 90 26 Bastia,
2193 936 24 21 le
2229 935 13 22 6
2254 942 31 15 au
2304 936 61 21 soir.
2377 935 36 22 M.
2429 936 24 21 le
2471 935 90 23 Comte

2085 965 30 21 de
2128 965 82 26 Vaux,
2222 966 167 25 mandoit-on,
2403 966 51 27 qui,
2473 966 88 27 depuis

2084 996 24 21 le
2122 1002 9 15 1
2145 996 33 21 du
2191 996 65 21 mois
2276 996 109 27 campoit
2399 1002 59 16 sous
2477 996 84 22 Oletta

2085 1032 61 15 avec
2155 1031 29 21 24
2195 1026 133 22 Bataillons
2337 1026 24 21 &
2369 1027 37 21 les
2415 1026 105 29 Légions
2529 1028 31 21 de

2085 1056 113 22 Lorraine
2209 1056 23 21 &
2243 1057 30 21 de
2285 1056 114 27 Soubise,
2413 1057 148 22 n'attendoit

2083 1092 64 21 pour
2154 1092 154 17 commencer
2314 1088 38 21 les
2360 1087 142 28 opérations
2512 1094 48 21 que

2083 1118 36 20 les
2128 1117 83 27 pièces
2228 1118 30 20 de
2272 1117 15 22 8
2299 1118 60 27 qu'il
2370 1119 98 21 vouloit
2479 1119 80 22 avoir.

2085 1147 71 22 Cette
2175 1148 129 21 Artillerie
2325 1148 81 22 arriva
2417 1150 24 20 le
2452 1156 12 21 3
2477 1148 14 22 à
2508 1149 49 22 San

2084 1177 127 25 Fiorenzo,
2220 1178 23 21 &
2252 1178 37 21 fut
2296 1180 54 20 tout
2362 1179 34 22 de.
2406 1180 64 21 suite
2481 1181 80 20 trans-

2083 1208 87 27 portée
2178 1214 29 16 au
2217 1208 85 27 Camp,
2316 1208 32 22 où
2357 1210 48 20 elle
2414 1210 80 21 arriva
2501 1211 25 21 le
2533 1216 23 21 4.

2082 1238 92 22 Toutes
2184 1239 37 21 les
2232 1239 165 27 dispositions
2410 1239 68 23 étant
2486 1240 73 22 faites

2082 1275 62 21 pour
2165 1269 126 27 l'attaque,
2306 1269 36 22 M.
2367 1271 24 20 le
2416 1270 89 23 Comte
2526 1272 32 20 de

2082 1300 124 21 Marboeuf
2222 1300 41 27 qui
2284 1299 62 23 étoit
2363 1306 59 16 sous
2442 1301 115 29 Biguglia

2080 1336 61 15 avec
2166 1330 57 27 cinq
2251 1330 146 27 Bataillons,
2425 1332 132 27 cinquante

2081 1360 112 28 Dragons
2205 1360 22 21 &
2239 1363 58 19 cent
2307 1360 115 23 hommes
2441 1362 116 22 détachés

2080 1391 58 21 delà
2147 1390 93 28 Légion
2249 1391 31 21 de
2287 1391 114 27 Soubise,
2411 1395 147 25 composant

2078 1422 25 21 la
2124 1420 107 27 réserve,
2254 1424 41 19 eut
2311 1423 73 20 ordre
2403 1423 30 21 de
2453 1429 105 21 pousser

2077 1451 95 28 jusqu’à
2183 1451 94 27 Ortale,
2290 1452 33 22 où
2334 1453 19 21 il
2365 1454 48 20 alla
2424 1459 98 22 camper
2532 1455 24 21 le

2079 1482 59 21 soir.
2149 1481 31 22 Le
2193 1481 106 23 Général
2309 1483 28 21 fit
2346 1489 108 16 avancer
2462 1490 31 16 en
2503 1486 53 20 mê-

2078 1518 39 16 me
2134 1514 63 20 tems
2209 1519 34 15 un
2255 1512 175 24 détachement
2448 1515 31 21 de
2498 1518 58 20 cent

2078 1543 107 28 dragons
2194 1543 114 28 jusqu'au
2320 1544 65 22 Pont
2397 1545 34 21 du
2443 1545 67 22 Golo
2519 1552 6 20 ;
2536 1546 19 22 il

2078 1573 27 22 fit
2115 1574 73 22 venir
2198 1574 30 21 de
2240 1575 23 20 la
2283 1575 83 21 Bastia
2386 1576 67 21 deux
2470 1576 85 27 pièces

2078 1605 31 20 de
2119 1610 15 21 4
2151 1610 62 16 avec
2230 1611 48 16 une
2297 1606 145 22 ambulance
2460 1608 41 26 qui
2522 1614 32 15 ne

2077 1636 67 20 tarda
2155 1641 43 21 pas
2210 1635 120 23 d'arriver
2340 1643 5 20 ;
2358 1637 23 21 &
2394 1638 24 21 le
2431 1644 11 22 5
2461 1644 29 15 au
2501 1644 53 16 ma-

2077 1666 36 21 tin
2122 1667 69 20 toute
2202 1666 108 22 l’Armée
2320 1673 26 15 se
2355 1668 48 21 mit
2412 1674 31 15 en
2451 1674 102 16 mouve-

2077 1698 69 20 ment
2156 1695 14 22 à
2189 1697 23 20 la
2231 1697 88 27 pointe
2338 1698 35 21 du
2389 1698 66 27 jour.
2475 1699 34 21 M.
2528 1701 25 20 le

2077 1726 88 22 Comte
2177 1727 31 21 de
2227 1727 74 22 Vaux
2311 1727 24 22 <&
2346 1728 36 21 M.
2396 1729 32 21 de
2447 1729 107 23 Bourcet

2077 1757 75 22 Lieut.
2176 1757 107 22 Général
2305 1760 203 22 commandoient
2527 1762 26 20 le

2077 1790 83 20 centre
2168 1795 7 19 ;
2196 1788 23 21 &
2230 1789 20 21 il
2260 1788 64 23 étoit
2341 1789 117 23 très-aisé
2476 1792 31 21 de
2515 1792 39 21 les

2077 1819 138 28 distinguer
2231 1819 15 22 à
2262 1820 24 21 la
2300 1821 51 21 tête
2366 1821 45 22 des
2429 1821 120 28 Troupes.

2077 1849 59 22 Mrs.
2148 1850 36 21 les
2196 1849 78 29 Marq.
2288 1851 30 21 de
2329 1851 114 22 Bouffers
2451 1852 23 21 &
2485 1852 64 22 d’Es-

2077 1881 138 25 couloubre,
2228 1880 109 23 Marech.
2351 1883 31 20 de
2396 1882 77 29 Camp
2486 1889 66 16 com-

2077 1911 141 21 mandoient
2227 1910 208 25 l’arrière-Garde
2442 1920 6 19 ;
2459 1913 22 22 &
2487 1914 65 22 l’Ar-

2077 1940 51 23 mée
2137 1941 87 23 s'étant
2232 1942 113 29 allongée
2355 1944 44 21 des
2409 1945 66 21 deux
2483 1944 67 23 côtés

2077 1977 59 22 pour
2155 1978 87 16 cerner
2261 1973 119 27 Olmetta,
2403 1980 28 16 ce
2452 1975 98 29 Village

2077 2002 33 21 fut
2126 2003 97 27 attaqué
2244 2003 14 22 à
2276 2005 24 21 la
2320 2005 83 22 droite
2421 2012 45 21 par
2477 2006 35 22 M.
2525 2007 25 21 le

2077 2033 107 27 Marquis
2203 2034 166 27 d’Arcambal,
2387 2036 131 28 Brigadier
2528 2037 24 22 <&

2077 2063 102 22 Colonel
2187 2065 30 20 du
2225 2064 135 29 Régiment
2367 2067 32 20 de
2406 2067 141 28 Rouergue,

2077 2094 18 21 &
2106 2093 13 22 à
2130 2095 23 20 la
2164 2094 96 28 gauche
2268 2102 45 20 par
2325 2096 35 22 M.
2370 2097 32 21 de
2416 2097 134 28 Caupenne

2077 2124 101 23 Colonel
2188 2126 31 21 de
2228 2127 63 21 celui
2300 2127 31 21 de
2339 2126 156 30 Languedoc.
2503 2129 46 23 Les

2077 2155 84 22 Corses
2173 2157 102 21 avoient
2285 2157 92 23 fortifié
2389 2165 28 15 ce
2424 2162 72 25 poste
2504 2167 45 21 par

2077 2186 55 22 :rois
2143 2186 94 23 bonnes
2250 2187 134 27 Redoutes,
2395 2189 49 29 <&y
2455 2190 94 23 étoient

2077 2222 24 16 m
2112 2217 110 27 nombre,
2236 2219 138 26 cependant
2394 2221 71 27 après
2481 2223 68 26 quel-

2077 2252 52 21 ques
2147 2253 77 22 coups
2243 2249 30 21 de
2291 2249 72 22 fusils
2382 2251 71 27 tirés,
2465 2253 82 21 même

2077 2278 23 20 le
2108 2278 95 25 loin,ils
2215 2280 95 26 prirent
2321 2281 24 21 la
2355 2281 62 22 fuite
2430 2282 14 21 à
2461 2285 81 20 toutes

2078 2308 81 22 ambes
2167 2314 31 17 ne
2207 2310 99 22 laissant
2311 2311 61 22 dans
2382 2311 108 24 Olmetta
2499 2320 48 21 que

2077 2339 58 21 leux
2144 2339 112 22 hommes
2267 2340 24 22 &
2301 2347 50 16 une
2363 2342 100 23 femme.

2095 2369 89 22 Maître
2203 2370 134 24 d’Olmetta
2356 2372 36 22 M.
2410 2374 24 21 le
2453 2374 91 23 Comte

2077 2399 21 21 le
2110 2399 74 23 Vaux
2194 2406 31 16 ne
2237 2402 82 22 donna
2330 2409 44 21 pas
2385 2404 25 21 le
2421 2406 63 21 tems
2496 2412 49 15 aux

2077 2429 80 23 torses
2170 2431 30 21 de
2215 2432 109 27 respirer
2333 2440 6 18 ;
2353 2434 19 21 il
2383 2435 37 21 les
2432 2435 28 22 fit
2470 2442 76 22 pour-

2080 2460 70 22 uivre
2158 2467 7 20 ;
2172 2461 23 22 &
2202 2467 95 17 comme
2306 2464 31 21 ils
2345 2470 33 15 ne
2388 2465 158 24 s’arrêtoient

2077 2491 50 21 ■ans
2146 2497 80 17 aucun
2246 2494 106 26 endroit,
2369 2495 19 21 il
2407 2497 88 26 profita
2511 2498 33 21 du

2077 2524 107 24 noment,
2193 2528 90 22 poussa
2291 2527 76 20 avant
2378 2526 61 22 dans
2447 2528 23 21 le
2479 2528 65 22 Neb-

2082 2552 34 26 io,
2129 2552 22 22 &
2163 2559 99 23 envoya
2275 2556 72 21 ordre
2360 2556 15 22 à
2386 2556 36 22 M.
2431 2558 24 22 le
2467 2558 76 23 Com-

2077 2588 11 16 3
2100 2583 31 21 de
2149 2583 126 26 Marboepf
2293 2586 139 28 d'attaquer
2450 2589 94 28 Borgo.

2077 2613 23 21 1.
2119 2613 30 22 de
2169 2614 126 23 Marboeuf
2309 2622 19 23 y
2345 2618 103 22 marcha
2467 2625 42 17 sur
2522 2622 24 20 le

2077 2643 73 28 hamp
2163 2644 23 22 &
2205 2645 43 29 n’y
2266 2648 89 21 trouva
2374 2654 47 21 pas
2442 2651 54 26 plus
2514 2652 31 21 de

2077 2674 120 23 ssistance
2209 2676 56 27 qu’à
2277 2677 87 23 Oletta
2374 2685 7 18 ;
2396 2680 18 21 il
2426 2680 119 29 s’empara

2080 2710 15 16 e
2107 2711 28 16 ce
2150 2705 75 23 Poste
2243 2708 136 27 important
2398 2716 58 16 sans
2475 2715 69 24 perte

72 2799 105 24 Fnglittina
185 2802 21 17 di
209 2801 128 19 AAELavra—
343 2801 77 19 n.113—
427 2802 20 18 di
452 2800 89 19 ulO-3-29

95 2859 244 53 FASÛOALE
373 2858 144 49 MOU

274 2928 67 19 OSSIA

115 2964 36 36 La
168 2965 80 35 Rôtta
266 2964 32 36 di
311 2963 176 36 Pôstmuovo

72 3017 468 26 RACONTOCORSODELSECOLO

260 3052 85 24 XVIII

265 3112 6 6 .
293 3098 25 18 DI

162 3134 36 24 F.
211 3134 36 24 D.
264 3132 174 25 Guerraz^I

241 3211 126 30 {Seguito)

95 3275 18 20 E
135 3280 71 17 corne
220 3274 68 22 disse
307 3273 84 22 fecero
400 3279 6 20 ;
430 3273 24 21 la
465 3277 74 17 serva

65 3308 73 26 passô
152 3309 25 20 le
189 3307 100 28 proprie
296 3308 67 20 sotto
374 3307 24 20 le
406 3306 98 21 braccia
514 3305 26 21 di

65 3341 44 25 lui,
121 3341 26 20 lo
159 3340 92 21 strinse
260 3338 72 26 forte,
346 3344 13 15 e
369 3339 56 20 selo
433 3337 59 22 recò
502 3338 38 20 sul

64 3375 68 25 petto
139 3373 7 26 ';
161 3372 79 23 l’altra
253 3372 22 21 si
282 3372 64 21 mise
356 3373 123 20 tramezzo
492 3370 48 21 aile

65 3407 87 26 gambe
157 3405 167 24 recandosene
329 3410 48 16 una
383 3410 45 22 per
432 3403 106 26 braccia,

65 3445 15 14 e
87 3440 22 21 si
116 3440 188 21 allontanarono
313 3437 172 29 gambettando
492 3437 47 21 les-

63 3473 26 21 te
98 3478 70 17 corne
176 3472 95 27 pernici
280 3471 134 28 inseguite.
422 3470 118 22 Arrivate

65 3510 15 15 a
87 3512 63 20 casa,
164 3507 94 20 stesero
271 3504 19 21 il
303 3506 81 20 morto
393 3510 29 15 su
432 3504 24 20 la
466 3505 74 19 tavo-

64 3538 23 21 la
95 3545 6 19 ;
114 3539 40 22 ciò
166 3538 62 22 fatto
235 3536 65 22 Lella
307 3537 119 22 ordinava
432 3537 46 20 alla
487 3541 52 16 ser-

67 3576 33 16 va
107 3578 7 15 :

92 3616 29 5 —
128 3605 51 22 Ora
191 3610 31 16 va
233 3608 13 16 a
266 3608 56 16 casa
334 3603 9 21 i
359 3602 95 27 parenti
466 3601 71 26 miei,

65 3636 61 24 batti
138 3639 64 21 forte
207 3642 47 20 ma,
269 3641 72 16 senza
346 3635 62 22 fnria
416 3641 13 14 e
442 3636 96 25 aspetta

64 3670 254 23 fantochetiabbiano
325 3666 212 27 sentito.Quando

64 3704 170 26 qualcheduno
249 3703 23 21 si
284 3700 54 23 sarà
354 3700 123 23 affacciato
490 3700 47 21 alla

567 2801 99 21 finestra
675 2801 34 28 gli
719 2801 63 22 dirai
789 2808 6 14 :
804 2813 28 4 —
839 2801 25 21 in
873 2807 56 16 casa
935 2801 104 28 Campa-

570 2840 30 15 na
613 2835 57 21 evvi
681 2840 32 16 un
731 2837 111 20 morto—
852 2841 13 15 e
877 2837 24 19 te
913 2841 32 15 ne
953 2836 85 21 andrai

568 2869 82 21 subito
672 2868 64 22 senz’
745 2869 60 21 altre
824 2870 92 26 parole,
927 2870 91 27 capisci
1025 2870 13 21 ?

568 2901 64 22 senz’
640 2902 60 21 altre
712 2903 94 26 parole.

595 2934 67 22 Parti
672 2935 24 21 la
710 2941 72 15 serva
791 2942 6 19 ;
817 2937 47 20 ella
884 2936 90 21 rimase
985 2937 53 20 sola

568 2969 39 20 col
615 2970 79 20 morto
703 2974 5 20 ;
722 2969 79 27 prima
813 2969 24 21 di
846 2970 62 20 tutto
919 2969 34 27 gli
962 2970 77 21 ricac-

568 3000 39 22 ciò
619 3001 34 28 gli
673 3001 70 22 occhi
765 3002 24 20 in
809 3003 62 20 testa
889 3002 91 27 perché
1002 3003 36 27 gli

568 3040 73 16 erano
648 3034 110 22 schizzati
765 3035 77 25 fuora,
850 3041 13 15 e
869 3040 70 17 corne
947 3037 91 27 meglio

567 3067 58 27 potè
636 3068 68 27 glieli
716 3068 116 22 richiuse.
847 3067 51 23 Che
906 3068 64 22 Lella
981 3074 58 21 pos-

567 3101 98 21 sedesse
685 3101 82 21 anima
778 3107 13 15 e
809 3102 72 21 nervi
893 3101 25 21 di
934 3101 101 26 bronzo,

567 3140 50 16 non
629 3135 103 26 importa
739 3134 65 22 ch’io
813 3134 54 22 dica
876 3150 6 10 ,
891 3135 147 21 nondiman-

567 3173 28 16 co
608 3167 88 22 cotesti
708 3167 72 21 occhi
798 3168 130 26 penzoloni
944 3168 25 21 le
976 3170 62 20 met-

566 3203 91 19 tevano
668 3206 75 21 paura
751 3206 6 20 ;
771 3201 24 21 lo
808 3200 56 23 lavò
873 3201 39 21 col
928 3201 69 26 vino,
1011 3202 25 21 lo

566 3233 96 28 pettinò
671 3240 6 19 ;
691 3238 47 17 con
749 3234 75 22 molto
837 3236 81 20 stento
933 3234 25 21 lo
973 3234 64 22 vesti

566 3267 63 21 délia
650 3272 74 21 cappa
745 3267 64 21 délia
823 3267 174 22 confraternita
1011 3268 25 21 di

566 3299 48 22 San
626 3299 134 23 Francesco
781 3300 40 21 del
844 3301 75 26 padre
931 3306 44 16 suo
983 3307 6 19 ;
1001 3301 35 27 gli

566 3338 101 21 coperse
688 3333 21 20 la
727 3332 77 21 faccia
824 3333 25 20 di
875 3339 33 15 un
928 3334 108 20 mandile

565 3364 122 22 biancosu
699 3365 39 20 cui
750 3365 45 21 ella
809 3365 134 22 medesima
959 3371 78 16 aveva

565 3399 114 21 ricamato
688 3398 17 21 il
715 3403 74 17 nome
799 3398 24 21 di
836 3398 77 22 Maria
923 3405 6 19 ;
941 3399 35 27 gli
987 3400 50 20 sot-

564 3434 89 25 topose
664 3431 23 21 al
698 3436 60 22 capo
770 3431 17 21 il
801 3432 127 27 guanciale
939 3432 97 27 ripieno

566 3465 24 21 di
601 3464 81 28 paglia
690 3463 77 23 fresca
777 3470 6 20 ;
793 3467 37 19 tra
837 3466 23 20 le
867 3465 67 21 mani
942 3465 94 21 leadat-

564 3498 26 22 tò
609 3504 33 15 un
665 3496 88 27 Cristo,
774 3500 156 25 quantunque
949 3503 50 16 non
1011 3499 24 20 le

564 3531 134 22 riuscissea
709 3531 102 27 piegare
818 3532 24 21 le
849 3532 49 21 dita
909 3531 126 27 irrigidite

565 3565 39 21 del
621 3565 80 21 morto
716 3565 76 25 tanto,
807 3564 45 22 che
862 3565 138 21 sembrasse
1010 3565 24 20 le

563 3600 127 20 tenessero
701 3598 87 20 stretto
798 3604 7 19 ;
814 3604 14 15 e
840 3598 22 21 ai
879 3599 95 26 quattro
990 3598 43 21 lati

563 3632 64 21 délia
634 3630 81 22 tavola
725 3635 86 16 accese
819 3633 96 24 quattro
935 3631 99 21 candele

563 3665 24 21 di
600 3670 63 15 cera.
675 3662 47 22 Cio
735 3662 60 22 fatto
809 3662 225 29 s’inginocchiò-da

563 3697 65 28 piedi
641 3697 37 21 sul
686 3697 97 21 terreno
802 3697 101 29 ignudo,
928 3702 13 15 e
949 3698 84 25 aperto

1064 2802 19 21 il
1094 2803 123 23 breviario
1226 2810 74 21 prese
1310 2812 13 16 a
1331 2806 154 23 direl’uffizio
1494 2808 42 21 dei

1064 2836 83 22 morti.

1092 2868 31 22 La
1134 2875 73 17 serva
1226 2872 26 20 in
1271 2875 86 24 questa
1377 2873 22 21 si
1421 2874 114 28 aggirava

1064 2908 45 21 per
1117 2902 76 23 Corte
1200 2904 81 22 dando
1287 2904 106 23 l’avviso
1401 2907 45 21 alla
1451 2913 84 21 paren-

1063 2936 49 21 tela
1120 2936 39 22 dei
1169 2936 125 29 Campana
1303 2945 6 15 :
1317 2939 93 28 grande
1426 2940 108 28 sbigotti-

1063 2971 83 20 mento
1158 2970 20 21 si
1198 2970 87 23 faceva
1302 2973 26 21 in
1351 2974 94 20 coteste
1469 2980 64 20 case,

1064 3002 182 27 imperciocchè
1271 3004 39 22 chi
1330 3005 67 22 fosse
1416 3006 19 21 il
1452 3009 81 20 morto

1064 3040 50 17 non
1128 3041 134 22 sapevano.
1277 3037 65 23 Orso
1355 3045 13 14 a
1377 3038 72 27 quell’
1462 3045 40 17 ora
1512 3040 21 22 si

1064 3070 104 20 trovava
1178 3075 14 15 a
1200 3070 112 28 Bastia;i
1322 3071 88 22 fratelli
1422 3077 13 16 e
1443 3072 7 22 i
1458 3079 76 22 nepo-

1063 3101 20 21 ti
1095 3101 25 21 di
1131 3102 60 22 rado
1201 3103 20 21 si
1233 3108 123 19 recavano
1370 3112 14 15 a
1404 3104 73 23 Corte
1485 3113 6 20 ;
1501 3107 32 21 ri-

1063 3140 105 16 maneva
1175 3135 73 27 Lella,
1265 3144 40 15 ma
1324 3139 34 22 lei
1375 3144 50 16 non
1442 3142 90 25 poteva

1064 3173 89 21 essere,
1164 3169 91 22 dacchè
1270 3176 41 17 era
1326 3173 46 20 ella
1384 3171 45 23 che
1438 3173 18 21 li
1464 3179 69 16 man-

1063 3201 61 21 dava
1130 3202 31 21 ad
1166 3203 113 22 avvisare
1285 3210 6 15 :
1297 3206 130 21 temevano
1436 3206 24 22 di
1466 3207 67 27 qual-

1064 3234 44 22 che
1119 3236 112 26 tranello,
1241 3242 14 16 e
1266 3243 45 21 per
1322 3239 58 21 altra
1391 3241 66 24 parte
1470 3246 61 16 sem-

1062 3268 75 21 brava
1157 3274 139 17 enormezza
1317 3277 49 16 non
1389 3271 143 28 rispondere

1062 3301 47 21 alla
1135 3301 120 23 chiamata
1281 3304 25 21 in
1323 3305 67 21 tanto
1409 3307 106 21 estremo
1523 3313 7 19 ;

1062 3334 107 22 scelsero
1180 3337 114 24 pertanto
1302 3343 49 15 una
1361 3337 71 22 viadi
1440 3344 89 21 mezzo,

1062 3366 151 23 mandarono
1222 3368 25 22 le
1255 3369 81 22 donne
1342 3375 14 14 a
1366 3371 108 26 scoprire
1480 3378 51 15 ma-

1061 3400 54 21 rina
1121 3406 6 15 :
1137 3400 97 23 chiariti
1247 3402 31 21 da
1296 3403 54 21 loro
1370 3403 40 22 del
1429 3410 67 16 corne
1509 3406 21 21 si

1061 3434 172 22 mettevanole
1241 3440 66 21 cose,
1315 3435 215 24 sarebberoandati

1061 3471 89 16 ancora
1156 3467 59 21 essi.

1090 3498 32 21 Le
1132 3499 82 22 donne
1231 3507 49 16 una
1296 3502 66 26 dopo
1379 3502 77 23 l’altra
1472 3504 58 22 arri-

1060 3537 100 20 varono,
1173 3538 22 20 e,
1205 3532 39 23 chi
1256 3534 15 21 è
1283 3534 18 22 il
1312 3536 80 21 morto
1400 3536 13 20 ?
1432 3536 97 22 doman-

1061 3564 95 22 davano
1168 3570 64 17 esse.
1244 3567 66 22 Lella
1322 3567 25 21 in
1353 3568 68 25 piedi
1430 3571 99 20 accanto

1060 3598 45 21 alla
1124 3599 84 21 tavola
1227 3600 150 27 rispondeva
1388 3607 6 15 :
1403 3613 30 5 —
1443 3602 18 22 il
1477 3603 51 21 mio

1059 3630 128 23 fidanzato.
1200 3632 86 22 Allora
1302 3634 24 20 le
1339 3632 83 23 donne
1436 3635 94 21 avvici-

1059 3664 104 21 nandosi
1186 3665 48 21 alla
1258 3665 114 22 fanciulla
1395 3673 47 15 una
1463 3668 65 27 dopo

1059 3696 78 22 l’altra
1151 3703 32 16 ne
1197 3699 157 26 prendevano
1369 3699 20 21 il
1406 3706 60 22 capo
1481 3706 47 16 con

1563 2808 118 21 ambedue
1689 2809 24 21 le
1724 2810 74 26 mani,
1809 2810 226 26 efronteaccostata

1562 2846 14 15 a
1587 2840 82 22 fronte
1678 2841 52 23 cosi
1740 2845 130 21 restavano
1880 2851 45 21 per
1934 2846 101 23 circaun

1560 2874 97 22 minuto
1663 2880 6 20 ;
1681 2875 43 27 poi
1737 2877 102 21 traendo
1852 2878 109 22 dolorosi
1968 2880 65 22 omei

1561 2912 51 16 non
1632 2912 71 17 senza
1719 2910 136 25 percotersi
1874 2911 18 21 il
1914 2917 61 16 seno
1992 2918 15 16 e
2017 2913 18 22 il

1560 2940 76 26 volto,
1651 2946 14 15 e
1675 2942 83 21 taluna
1770 2948 60 16 anco
1839 2944 176 23 stracciandosi
2025 2946 8 21 i

1560 2973 97 26 capelli,
1671 2975 129 22 andavano
1809 2982 15 15 a
1834 2977 136 26 porsiritto
1979 2979 55 21 lun-

1559 3010 31 22 go
1600 3007 24 20 la
1634 3009 93 24 parete.
1741 3008 127 26 —Questa
1880 3011 134 23 cerimonia
2024 3012 8 20 i

1560 3037 72 23 Côrsi
1645 3039 128 24 chiamano
1786 3041 127 24 Scirrata.
1922 3056 27 5 —

1587 3108 31 22 La
1628 3109 86 22 lettera
1720 3110 110 23 ricevuta
1842 3112 41 22 dal
1896 3113 67 22 Paoli
1974 3120 58 16 con-

1558 3141 88 22 teneva
1652 3145 86 24 queste
1746 3145 85 26 parole
1838 3152 6 14 :
1851 3157 28 4 —
1886 3146 143 24 Eccellenza.

1559 3174 98 22 Adesso
1673 3176 23 20 ci
1712 3177 93 28 giunge
1819 3177 115 29 l’avviso,
1951 3180 46 21 che
2014 3181 17 21 il

1558 3212 75 23 corpo
1645 3208 26 21 di
1681 3208 101 23 Giovan
1792 3211 99 23 Brando
1903 3212 12 21 è
1923 3215 63 20 stato
1993 3219 38 17 ra-

1557 3241 52 26 pito
1617 3247 7 20 ;
1637 3242 90 22 stiamo
1742 3243 80 22 dietro
1832 3250 13 16 a
1856 3245 155 23 rintracciare
2022 3248 7 21 i

1556 3274 170 27 trasgressori.

1585 3306 18 21 E
1616 3307 67 21 forse
1692 3314 45 21 per
1748 3311 85 24 questa
1845 3316 72 17 causa
1929 3313 18 20 il
1957 3318 73 22 gene-

1556 3339 51 21 rale
1621 3340 120 22 abbreviô
1752 3343 24 19 le
1787 3348 44 15 sue
1840 3344 116 25 quistioni
1974 3351 56 16 con-

1556 3371 79 23 vivali
1645 3374 92 27 troppo
1747 3373 51 28 [più
1815 3379 93 24 presto,
1918 3377 46 22 che
1979 3384 50 16 non

1556 3405 110 22 avrebbe
1682 3406 150 24 desiderato.
1848 3409 112 23 Rimasto
1976 3413 53 20 solo

1556 3437 41 21 diè
1604 3438 66 22 forte
1678 3439 40 21 del
1730 3446 84 22 pugno
1827 3448 30 15 su
1868 3443 25 20 la
1903 3444 83 21 tavola
1999 3445 31 21 ed

1556 3471 107 22 esclamò
1669 3478 7 15 :

1583 3515 28 4 —
1617 3503 107 24 Sarebbe
1733 3508 63 20 stato
1808 3508 93 27 meglio
1910 3514 50 17 non
1977 3510 51 22 fare

1556 3538 57 25 quel
1619 3537 82 22 bando
1708 3545 6 19 ;
1732 3544 40 16 ma
1786 3546 46 15 una
1846 3542 68 21 volta
1929 3542 59 22 fatto
2006 3543 21 22 si

1556 3570 63 21 deve
1625 3570 118 23 obbedire
1749 3578 7 20 ;
1768 3573 134 23 altfimenti
1907 3576 120 21 ritornala

1555 3603 90 21 Babele
1668 3610 137 21 genovese;
1827 3612 14 15 e
1861 3608 19 21 il
1899 3611 78 24 punto
1995 3615 32 16 va

1554 3638 133 20 raccattato
1709 3639 67 21 sotto
1801 3645 65 21 pena
1891 3642 24 20 di
1934 3642 93 22 vedere

1555 3669 90 22 andare
1658 3676 14 15 a
1682 3671 66 21 male
1759 3673 63 21 tutta
1831 3673 26 21 la
1871 3675 72 21 calza.

1582 3702 18 21 E
1619 3703 115 23 calcatosi
1750 3704 18 22 il
1788 3707 111 28 cappello
1909 3708 39 22 sul
1965 3713 60 22 capo

2063 2815 54 23 usci
2124 2822 7 16 :
2144 2817 74 23 menò
2225 2824 58 17 seco
2290 2819 97 24 Minuto
2395 2821 104 28 Crosso,
2509 2829 24 16 ec

2063 2849 122 29 Ambrogi
2195 2857 7 19 ;
2215 2851 18 21 il
2245 2857 60 17 cane
2321 2852 100 24 Nasone
2437 2861 51 16 non
2500 2856 33 21 in-

2063 2882 79 23 vitato
2160 2890 127 21 precorse.
2304 2887 89 22 Anche
2411 2889 19 20 il
2453 2889 80 28 signoj

2061 2914 131 29 Giacomo,
2207 2917 44 22 che
2263 2919 104 23 confuso
2379 2927 46 21 per
2436 2922 23 21 le
2472 2924 61 20 tante

2059 2949 104 22 vicende
2176 2951 152 28 accadutegli
2334 2954 43 21 nel
2382 2955 58 27 giro
2446 2956 25 21 di
2477 2961 56 17 ven-

2059 2982 118 27 tiquattro
2186 2988 50 22 ore,
2245 2990 14 16 e
2265 2985 65 22 dalle
2337 2991 58 17 cose
2405 2987 46 23 che
2459 2994 74 16 avevg

2060 3015 68 22 udite
2139 3017 22 21 si
2174 3017 97 22 sentiva
2283 3018 18 22 il
2314 3021 111 21 cervello
2435 3023 98 26 propric

2059 3048 26 21 in
2097 3048 73 23 istato
2182 3050 125 23 dicaldaia
2325 3052 120 28 bollente,
2461 3055 72 23 siéra

2058 3084 73 25 posto
2145 3083 47 21 alla
2209 3083 100 23 finestra
2324 3092 46 21 per
2385 3089 105 21 mettere
2503 3095 30 15 ur

2057 3115 41 26 po’
2106 3116 25 21 di
2147 3118 66 20 sesto
2225 3122 13 16 a
2248 3118 81 27 quejla
2342 3121 109 21 matassa
2467 3128 66 15 arru-

2057 3147 57 23 fiata
2126 3149 40 22 dei
2178 3151 54 21 suoi
2240 3152 118 27 pensieri,
2366 3159 96 22 appena
2475 3156 58 22 ebbe

2057 3183 92 25 scorto,
2170 3183 46 22 che
2232 3184 19 22 il
2273 3188 117 25 generale
2410 3188 89 23 invece
2512 3191 21 21 di

2057 3214 108 23 dormire
2172 3222 27 15 se
2206 3222 31 16 ne
2247 3219 93 21 andava
2347 3222 110 26 attorno,
2465 3228 68 16 scese

2056 3253 14 14 e
2081 3248 22 21 si
2115 3254 61 21 pose
2186 3255 15 15 a
2213 3251 134 27 seguitarlo
2361 3258 71 17 corne
2451 3254 82 23 Simon

2058 3278 85 25 Pietro
2170 3283 97 26 quando
2299 3290 143 19 menavano
2466 3287 67 23 Gesù

2058 3312 82 24 Cristo
2144 3315 24 21 al
2173 3315 121 22 Pretorio.
2301 3317 57 22 Non
2365 3319 22 21 ci
2394 3319 31 22 ha
2432 3321 92 22 dubbio

2055 3346 23 20 la
2090 3347 117 22 curiosità
2217 3349 26 20 lo
2255 3350 132 28 spingeva,
2397 3352 32 21 nè
2442 3355 91 21 cotestc

2056 3383 45 17 suo
2111 3382 123 26 contegno
2247 3384 93 24 poteva
2352 3387 122 24 reputarsi
2487 3388 46 21 dis-

2056 3413 77 25 creto,
2146 3413 32 21 ed
2189 3414 24 21 ei
2223 3415 27 20 lo
2262 3416 99 21 sentiva
2371 3423 6 19 ;
2390 3424 40 15 ma
2442 3425 91 22 appun-

2055 3445 26 19 to
2092 3444 92 27 perché
2191 3446 26 21 lo
2229 3448 107 26 sentiva,
2357 3450 26 21 lo
2403 3451 89 26 spirito
2508 3454 25 20 di

2055 3478 198 23 contraddizione
2261 3480 45 23 che
2313 3482 90 23 dentro
2409 3485 43 20 noi
2458 3491 75 22 régna

2055 3515 14 15 e
2081 3516 110 21 governa
2204 3518 81 16 aveva
2296 3514 27 22 in
2331 3521 34 15 un
2372 3516 83 23 subito
2462 3524 71 16 accu-

2053 3543 92 22 mulato
2151 3549 46 16 con
2206 3545 65 22 metà
2277 3552 73 17 meno
2358 3550 109 21 avrebbe
2475 3552 58 21 vin-

2054 3577 26 20 to
2092 3582 49 15 una
2151 3582 73 17 causa
2234 3578 44 28 più
2289 3581 103 26 spallata
2405 3583 24 21 di
2442 3585 89 25 quella.

2276 3667 13 26 (
2291 3667 150 28 Cuntinua)
