2578 3817
84 519 27 26 u
121 510 153 34 Figatellu

39 590 73 23 nioalatu
119 591 10 13 a
137 578 104 24 Gianncsini
248 579 79 21 Anlonu,

38 614 117 31 ripilitoreau
163 604 116 21 liceudAtx.

37 670 20 8 -
65 660 74 24 gUiunlu
146 656 5 18 1
164 654 47 19 Eccu
220 657 12 12 u
241 651 87 23 figatellu

55 689 31 18 rhi
94 688 18 16 tu
120 680 54 21 ‘u’hoi
182 677 124 19 dumandulu.

56 715 21 18 Ml
92 706 79 23 tamcnlu
178 703 5 18 !
193 702 39 19 cusì
241 701 52 19 bellu
301 700 4 18 !

55 726 70 28 r.ihlu
134 731 29 18 Lut
164 731 20 16 Lu
195 726 133 23 jnfrisgillalu.

38 762 109 22 ,,a„napun,
157 755 11 18 è
176 754 44 17 d’un
234 751 86 23 purccllu

37 768 238 42 Mpulilueben’allivatu,

56 813 31 21 Chi
93 808 40 21 mai,
142 807 20 16 lu
170 802 113 20 curciarellu
290 802 4 17 I

56 840 19 16 m
82 834 56 21 (tuella
146 830 45 18 roba
200 829 23 16 ha
232 827 70 18 LasLalu

57 863 29 17 rhi
93 860 15 19 si
115 859 59 19 lampa
182 854 24 17 da
214 857 12 13 u
235 852 91 22 purlullu,

57 892 14 18 A
78 884 62 22 niatina
149 886 11 13 o
166 885 11 13 a
185 878 115 18 l’abbrucalu
306 876 5 18 !

57 939 37 18 r-Da
101 934 46 19 fallu
156 931 28 18 zia
193 929 120 19 Ciumacona,

56 952 261 32 BraniaSbendu>esaUamcnli
323 965 5 9 »

56 990 19 18 Ci
82 984 48 21 missi
138 985 44 15 cura
185 981 17 17 ta
210 979 56 20 bona,

54 1012 69 22 l'azzala
130 1013 24 13 eu
162 1006 7 18 i
177 1005 26 18 so’
211 1003 61 19 denti.

54 1041 25 18 Uu
85 1033 76 23 ditacciu
170 1029 115 24 capacciutu,

54 1066 18 19 Li
79 1061 43 21 sirvi
130 1058 41 19 solu
179 1057 11 17 d
197 1055 60 22 ajutu.

54 1118 23 18 Da
84 1115 18 17 lu
110 1114 45 16 nasu
164 1109 20 17 in
192 1104 108 22 rifriddori,

53 1143 22 19 Sò
82 1136 50 21 falati
141 1132 75 27 qualchi
225 1130 53 24 gocci

53 1168 73 19 D’acqua
133 1160 57 19 iózza,
200 1158 18 17 di
227 1155 73 21 sudori.

52 1192 53 21 Ç’una
112 1185 76 20 candela
194 1183 19 18 di
222 1181 66 19 moccL

50 1243 24 19 Mi
81 1238 67 21 diciarè
156 1235 46 20 s’ell’
211 1234 10 18 è
230 1234 58 19 bonu,

50 1257 48 29 "s’eir
106 1265 11 18 è
124 1269 11 13 a
145 1262 61 22 puntu
214 1259 20 18 di
243 1257 43 20 sali-

33 1295 16 18 Si
56 1297 31 18 per
94 1287 90 25 disgrazia
191 1290 26 13 un
225 1285 87 17 bucconu

50 1319 20 21 ïj
78 1318 77 18 sturzao
164 1312 14 19 li
187 1310 46 19 facci
243 1308 51 22 mali,

50 1337 19 29 f
78 1342 19 20 ai
104 1338 96 23 duniandu
208 1335 108 23 perdonu,..

50 1404 45 18 Caru
103 1397 111 21 Giannesini
221 1396 78 18 Antonu
306 1393 5 17 !

109 1442 92 21 gimonu
210 1436 95 20 d’Aullè.

51 1479 40 21 Ai*.
103 1475 85 22 12-1-30,

39 1583 147 27 PAROLLE
199 1579 121 25 SECCHE

31 1653 123 21 .^Sienurina,
161 1651 31 19 chi
199 1650 78 23 pensate

27 1694 13 17 a
54 1674 254 47 desiUÏÏ^"^

28 1732 14 17 a
51 1722 90 26 morte
154 1717 37 26 da
199 1724 20 17 u
230 1720 58 19 ta*--!

27 1758 138 31 lincunia.
263 1780 3 2 .
298 1779 3 3 .
314 1777 20 8 ^

23 1807 31 31 zi,
77 1813 110 26 sempre
210 1804 125 25 allunt'r-V

23 1845 153 34 cumpletta
187 1845 136 30 reali^enu;

21 1875 302 52 progranfâ^^-^

23 1931 17 17 U
50 1925 129 25 I'iOSt’sénza
188 1929 73 22 uguale,

45 1961 54 14 uarca
106 1956 19 18 di
134 1960 70 19 peveru
213 1959 10 13 e
231 1954 47 18 sale.

44 2013 56 19 Unn’è
107 2013 59 18 micca
171 2012 49 18 ch’io
225 2009 97 24 pretenda!

45 2040 26 18 Ma
79 2039 19 18 di
105 2043 69 18 quessa
182 2038 26 17 mi
216 2037 91 23 dispiace.

46 2059 54 26 îj’una
108 2064 63 19 simile
179 2059 89 24 faccénda

45 2083 25 28 t7n
79 2090 18 17 bi
105 2089 60 20 cridia
171 2093 73 19 capace.

45 2115 74 22 Dunque
126 2119 27 13 un
162 2114 26 18 mi
196 2118 42 14 sera
246 2113 62 18 difesu

25 2141 20 18 bi
52 2140 53 18 fanue
113 2140 20 17 lu
141 2141 57 16 conlu
208 2143 50 14 resu.

45 2197 73 23 B’agkiu
127 2198 54 17 tantu
190 2196 104 18 incaricatu

45 2223 33 18 Per
85 2223 63 22 quellu
158 2222 56 18 beatu
222 2221 68 20 affare,

44 2248 12 18 E
63 2248 86 18 bramava
158 2252 26 13 un
193 2247 97 20 risultatu,

44 2274 56 17 Tantu
108 2273 68 18 cb’ellu
186 2272 21 18 vi
215 2277 24 13 ne
247 2276 52 18 pare,

44 2299 26 17 Ma
78 2299 68 18 infama
154 2303 11 13 e
173 2298 112 22 dispettosa,

45 2324 129 23 Negligentate
182 2323 40 23 ’gni
229 2327 45 14 cosa
280 2322 5 18 !

45 2380 38 18 Avà
90 2381 18 17 la
116 2380 61 19 facciu
184 2379 62 21 finita.

45 2405 25 20 Un
78 2406 98 20 mettendu
184 2405 35 18 che
229 2404 95 19 l’indiziu.

29 2430 20 19 Ma
55 2431 128 22 furmeraghiu
193 2435 37 13 una
237 2430 43 21 lita,

43 2455 52 19 S’ella
103 2458 25 17 mi
136 2458 25 16 dà
169 2455 119 24 pregiudiziu

43 2481 14 17 A
62 2482 69 22 rispota
139 2482 36 18 cbe
184 2482 26 17 mi
217 2482 50 20 date,

45 2505 12 19 0
65 2507 16 18 si
88 2507 32 20 vol
129 2508 52 17 muta
191 2507 18 18 vi
217 2506 47 18 fate.

174 2545 128 20 Andriettu.

388 511 153 31 Risposta
554 524 18 16 a
587 524 43 17 un

445 548 124 27 Amicu

376 601 79 22 Quandu
465 604 100 20 l’amieizia
573 607 80 22 chiama,

376 627 16 17 A
401 633 53 13 musa
463 629 11 18 è
482 634 75 19 sempre
565 632 84 23 disposla
655 639 5 16 ;

376 651 14 18 E
399 657 54 14 senza
463 654 74 19 ritardu
544 657 75 22 alcunu,

376 677 66 19 Manda
452 679 13 17 ti
476 681 66 21 vogliu
551 681 87 24 risposta,

377 702 81 19 Denduli
467 704 19 18 le
495 706 36 17 me’
540 707 73 18 nulizie

377 726 58 19 Senza
444 733 55 17 passa
508 730 23 22 pè
539 731 18 18 la
565 733 60 21 posfa.

376 772 85 19 D’infalti
470 775 29 21 pe’
509 776 30 17 stu
549 780 48 18 gran
610 782 50 14 mare

377 796 59 19 Soffia
445 799 89 22 prupiziu
543 801 20 17 lu
572 803 66 21 vcnlu,

376 822 15 17 E
398 827 33 17 per
439 825 123 18 cunlrastatti
570 831 27 13 un
605 832 47 17 pocu

376 847 83 19 PrufiLLu
469 849 19 17 di
498 850 20 17 lu
527 853 102 20 momentu,

376 872 14 17 E
399 874 77 20 quandu
486 875 50 18 tullu
546 876 61 22 riposa

376 896 42 22 Qui,
424 899 75 21 guardu
504 900 20 17 lu
530 900 128 21 firmamentu.

375 941 19 18 M
401 942 23 18 ha
432 943 49 18 fallu
491 945 54 18 tantu
553 946 69 21 piaceri

376 967 24 18 La
410 968 24 17 to’
442 973 44 14 cara
493 969 102 23 letlarella,

374 992 93 19 Dendumi
475 995 147 23 rinsignamenli

376 1017 22 17 Di
406 1018 18 17 la
433 1020 65 17 nostra
507 1020 128 19 Cursicbella:

375 1042 60 21 Quant
438 1049 10 12 u
455 1044 19 18 ci
482 1045 74 19 rifletlu
565 1052 10 12 e
584 1051 59 18 pensu

375 1068 83 19 D’annan
462 1070 20 18 lu
491 1072 31 16 sta
529 1071 112 22 passerella!

375 1113 79 23 Dunque
463 1116 30 17 sta
501 1117 37 16 car’
545 1116 75 19 isulella

375 1138 20 18 Si
403 1139 83 19 lamenta
495 1145 11 13 e
515 1141 128 22 s’addispera?

374 1163 30 18 Ma
413 1165 46 17 tutti
468 1165 15 17 li
493 1166 27 17 so’
529 1166 77 21 figlioli,

374 1189 167 18 L’abbandunemu
550 1195 11 12 a
569 1190 82 22 spiccera

375 1214 37 17 Per
419 1218 55 13 corre
482 1218 35 17 per
525 1215 69 16 d’allre
602 1216 50 16 terre

375 1239 16 17 A
399 1238 50 19 circà
455 1238 78 23 miglior
541 1239 89 18 carriera.

375 1285 27 17 Da
409 1285 25 18 sti
442 1285 48 19 yalli
498 1284 112 23 d’Indocina,

375 1310 100 19 Pensendu
483 1316 11 12 a
503 1311 59 22 quelli
570 1310 89 23 rughjoni

374 1336 72 18 Induva
454 1336 19 18 si
481 1337 54 17 slava
543 1336 23 18 bè

376 1362 79 18 Intondu
465 1362 20 17 di
494 1363 21 16 lu
523 1361 85 23 ziglioni,

374 1387 27 18 Mi
407 1388 35 17 faci
451 1388 85 17 lamanla
543 1392 55 18 pena.

375 1412 34 19 Chi
418 1414 52 17 tuttu
478 1418 24 13 va
509 1413 19 17 in
537 1411 110 24 perdizioni.

375 1459 27 18 Da
410 1459 67 22 quindi
482 1459 11 18 è
502 1458 69 22 sempri
581 1457 78 18 vitaccia

375 1485 17 17 A
400 1485 49 17 l’usu
459 1484 103 21 culupiali,

376 1509 84 18 Gorrenu
470 1509 15 18 li
493 1509 62 18 frebbi
564 1508 55 20 assal,

376 1535 35 18 Chi
420 1535 113 23 punghienu
542 1534 14 18 li
564 1533 73 21 zinzali,

376 1561 50 22 Eppô
434 1561 28 18 c’è
470 1561 19 17 la
498 1559 96 23 nustalgia

375 1586 35 18 Chi
421 1586 61 18 cresci
491 1586 21 17 lu
520 1586 66 17 nostru
596 1583 51 19 mali.

375 1632 26 18 Mi
410 1636 24 14 ne
442 1631 50 18 fussi
500 1635 49 18 puru
559 1631 49 18 statu

376 1657 58 18 Cume
443 1658 19 17 te
471 1662 11 12 a
490 1656 19 18 îà
518 1661 11 12 u
538 1655 70 23 pastori
616 1654 5 19 !

376 1683 70 18 Avaria
453 1682 96 23 guadantu
558 1680 40 22 più,

376 1708 96 18 Mettendu
482 1711 56 14 menu
547 1705 72 22 sudori,

376 1733 35 18 Chi
419 1738 11 13 e
439 1731 98 24 “piastre”
551 1731 107 18 d’Indocina

376 1759 53 17 Hanu
438 1758 33 22 più
479 1761 47 19 pocu
534 1756 68 18 valori.

343 1804 2 3 .
351 1799 12 15 ç
368 1790 71 23 ‘ASh.-s.'
454 1791 115 14 iiTsnrcam

353 1807 7 7 '
370 1813 22 18 Li
399 1808 76 27 paf^iti
483 1817 10 13 e
502 1812 73 23 paisani
583 1817 5 16 ;

370 1838 15 18 E
393 1843 11 13 a
412 1839 14 16 li
434 1838 62 18 noslri
506 1837 31 23 più
547 1837 46 22 cari,
609 1848 4 6 .

370 1863 48 18 Dalli
427 1868 38 13 una
474 1863 71 18 slrinla
554 1863 18 18 di
584 1863 60 21 mani;

370 1888 17 17 A
395 1889 28 16 sta
432 1890 65 14 nostra
505 1888 100 21 giuventù,

370 1912 91 18 Indiziala
470 1916 56 13 senza
534 1911 85 23 inganni.

348 1957 65 21 Forse,
420 1957 71 21 amicu,
501 1957 36 18 avà
545 1957 26 18 se’
581 1957 73 18 inlettu

370 1982 79 19 Fenduti
459 1987 13 13 u
480 1982 33 23 più
522 1983 132 18 dolcesonuiu.

348 2008 30 17 Ma
385 2008 22 17 lu
416 2008 51 17 tintu
474 2008 103 19 marinaru,

370 2033 22 17 Di
401 2033 25 18 sti
435 2033 47 22 guai
490 2033 10 18 è
510 2033 117 18 teslimoniu.

370 2058 29 18 Ma
408 2059 61 18 dormi
476 2058 5 18 !
488 2058 61 19 ch’hai
559 2058 94 23 raggione;

370 2085 16 17 A
396 2084 14 18 ti
418 2084 42 18 dice
469 2089 13 12 u
492 2084 26 18 to’
526 2084 89 18 amicone.

454 2114 24 19 S.
487 2114 146 19 Scarbonchi.

727 520 60 25 Chi
800 523 121 27 freddu
930 527 8 24 !
945 527 8 24 !

711 586 64 19 Buuh!
791 588 35 19 Chi
840 591 100 23 spunzina,
954 595 41 18 sta-

688 611 49 18 mani
745 611 5 18 !
759 612 56 20 Corne
821 614 16 19 si
845 617 73 18 camina
923 618 72 19 friddo-

687 635 117 23 si,cquandu
814 640 180 23 s’iscontrauncun-

687 663 95 20 nuscenti,
800 664 18 18 si
835 665 59 20 ferma
910 670 84 20 appuntu

683 690 38 17 .per
729 687 100 20 iscambiài
836 691 68 18 nulizii
912 693 19 17 di
940 694 55 21 ujor-

687 715 36 13 nu:
732 712 35 18 Chi
775 713 69 20 freddu
853 717 80 18 stamani
940 717 5 18 !
958 718 36 19 Chi

686 735 81 20 invernu
774 737 4 18 !
788 739 73 19 Unn’ha
866 742 38 17 mai
910 742 84 20 faltucu-

686 760 17 18 si
711 760 30 20 !...

709 785 19 18 Si
737 791 10 13 s
749 788 41 18 tara
792 793 11 13 u
806 790 25 21 ta,
838 790 17 18 si
862 792 58 21 tossa,
927 793 18 17 si
950 793 44 19 bus-

686 814 22 13 ca
723 816 25 13 un
763 815 122 22 rumalismu,
901 822 12 12 u
922 822 48 14 nasu
983 819 10 18 è

685 836 93 19 adornalu
787 839 18 17 di
812 844 11 13 a
832 841 27 17 so’
865 842 85 19 candella
956 844 36 18 d’o-

686 864 23 13 ru
716 866 5 12 :
730 862 57 21 rigali
795 863 111 21 d’invernu.

708 885 96 24 Malgradu
819 889 69 19 cb’ellu
903 892 58 19 faccia
980 899 13 13 u

685 911 29 16 so’
722 911 76 20 duveri.
813 914 98 21 l’invernu
919 917 11 18 è
944 919 49 18 male

686 936 82 19 accollu.

708 961 46 18 Pasa
762 967 27 14 un
802 964 104 20 zitillucciu
920 967 73 19 intiriz-

684 985 46 22 zilu,
746 987 69 19 vistitu
830 991 18 17 di
858 992 71 18 calzoni
944 994 49 22 trop-

684 1015 27 17 pu
724 1013 47 17 corti
779 1018 11 13 e
797 1014 58 19 d’una
863 1019 130 20 caramagnola

685 1036 66 22 Iroppu
756 1038 190 25 sfretta.Unapovara
950 1047 43 14 vec-

684 1061 93 19 chiarella
792 1064 52 18 tendi
861 1071 11 12 a
888 1071 58 13 manu
963 1072 11 13 a
985 1068 7 17 i

684 1085 99 20 viandanli
792 1089 31 17 chi
834 1091 114 22 Iraeorrinu,
956 1093 36 18 les-

686 1111 32 21 tri,
727 1116 56 14 senza
789 1114 24 17 dà
822 1116 60 18 nienti
889 1121 5 13 :
903 1118 45 17 veni
953 1123 39 15 ma-

685 1135 14 17 li
708 1140 11 13 a
725 1138 61 17 caccià
794 1139 6 17 i
809 1141 52 17 mani
869 1141 19 18 di
896 1143 69 21 stacca,
972 1148 17 16 o,

685 1164 28 13 un
721 1161 28 18 c’è
756 1163 49 18 soldi
813 1163 5 18 !
828 1164 35 18 Dui
872 1166 17 17 al
892 1167 24 17 tri
924 1168 68 17 criam-

686 1185 40 20 puli
735 1187 77 18 entrinu
821 1193 11 12 a
840 1190 92 18 scaldassi
941 1192 19 17 in
966 1197 26 13 un

685 1209 50 17 caffè
741 1215 5 15 ;
761 1211 33 17 elli
803 1213 45 17 dinò
863 1218 21 13 so
896 1215 63 18 yistiti
972 1217 19 17 di

686 1233 58 20 panni
760 1235 68 22 troppu
847 1237 79 23 liggeri;
947 1233 44 26 iiani

686 1257 66 23 l’occbj
761 1259 104 24 lacriniosi,
874 1267 11 12 u
896 1268 48 14 nasu
952 1270 40 14 ros-

685 1286 31 17 su,
726 1282 6 17 i
740 1284 49 17 mani
797 1286 53 22 gonfj
860 1287 18 17 di
886 1288 82 21 jaloni...

708 1307 15 18 E
728 1313 26 12 un
762 1309 41 18 solu
810 1310 85 20 discorsu
904 1314 16 17 si
929 1316 49 17 senti
984 1322 5 17 ;

686 1333 50 18 lutta
743 1334 18 17 la
771 1334 86 20 trislezza
865 1338 31 18 chi
904 1344 49 18 ponu
962 1346 29 15 es^

685 1357 61 23 prime
754 1359 25 17 sti
785 1360 34 18 dui
824 1363 72 20 parolli:
902 1364 34 20 Chi
942 1366 49 20 fred-

685 1383 27 17 du
719 1382 5 18 !

731 1411 109 22 Musconu
849 1416 118 22 d’Olmetu.

685 1496 129 26 Pedone
838 1500 150 28 Muvrimi

706 1560 112 20 L’ORSU.—
824 1563 21 19 Ci
850 1565 20 17 fù
876 1566 75 23 sbaglin
955 1569 34 18 du-

684 1587 48 17 vutu
750 1588 127 21 sicuramente
893 1597 11 12 a
912 1594 76 21 qualchi

685 1612 104 22 majuscula
810 1619 37 14 non
867 1617 61 22 capita
948 1624 10 13 a
976 1625 12 16 q

684 1637 94 25 principip
787 1640 25 19 d’i
821 1641 58 19 versi.
887 1642 34 19 Noi
933 1645 55 18 stessi

684 1667 27 13 un
719 1664 80 19 c’eramu
812 1666 124 21 abbistichia
945 1674 44 17 pue-

684 1688 30 18 sia
721 1694 32 13 era
766 1695 27 13 un
806 1692 101 19 acrosticu.
922 1694 66 20 Grazie

684 1714 60 23 mille,
753 1717 130 23 quantunque.

707 1752 21 17 DI
738 1752 29 18 LA
776 1753 99 22 GROTTA-
884 1757 44 18 —A
937 1759 51 18 tacca

682 1782 19 15 A.
702 1778 59 19 filCCA-
849 1781 144 20 Ji-àie-rtS-Abu-

681 1809 55 17 capre
744 1804 142 23 libéré.perché,
894 1812 11 12 a
912 1809 72 21 sapete,

681 1830 51 18 hanu
747 1835 12 13 u
772 1830 100 19 dentacciu
886 1833 99 22 velenosu,

681 1860 10 14 e
700 1856 98 22 parecchie
803 1857 62 18 bande
871 1858 21 18 sò
901 1859 85 18 abiluale

681 1881 47 16 ai...
738 1882 78 20 eatosci,
831 1885 24 14 eu
868 1883 59 16 I’arl-a
941 1884 46 16 sali-

680 1909 54 14 vosa.

703 1942 16 18 U
727 1941 163 20 CULUNLALE.—
905 1944 15 17 A
934 1945 53 21 qual-

681 1967 32 18 chi
721 1968 95 22 prossimu
826 1973 87 13 numeru.
923 1969 61 18 Intan-

681 1994 21 17 tu
711 1997 26 14 un
746 1993 38 18 fale
792 1998 12 13 u
819 1994 60 17 mattu
886 1998 5 17 ;
906 1994 79 23 bisogna

681 2023 11 13 a
706 2018 78 23 ingolle.

703 2054 151 19 SCARBONCHT.
866 2065 22 4 —
911 2055 76 21 Circate

681 2081 21 17 di
709 2080 56 18 vince
772 2085 12 13 a
797 2081 98 22 nustalgia
907 2085 24 14 eu
940 2086 10 13 a
961 2081 25 20 ri-

681 2110 38 14 ma.
735 2106 22 17 In
773 2106 19 18 le
809 2107 75 17 nuttate
897 2107 71 22 longlie
975 2112 11 13 e

680 2131 112 20 dissunnate
809 2133 114 20 sopralutlu,
936 2132 50 18 s’im-

681 2156 124 23 pruviseghia
813 2156 30 19 bè.

703 2193 21 18 C.
729 2192 107 19 SUSINI.—
852 2192 134 19 Cuntentatevi

680 2219 20 17 di
709 2224 11 11 a
727 2218 118 18 almanaechi
851 2223 34 17 per
888 2220 30 16 sta
926 2219 31 18 vol
959 2220 27 20 ta,

681 2243 71 23 perché
759 2243 118 22 quist’annu,
882 2243 74 18 allocbè
963 2244 25 17 fi-

680 2269 42 17 nite
728 2273 11 14 e
748 2268 105 22 spedizioni
867 2269 20 17 di
896 2269 6 17 i
910 2269 76 18 chiesli.

680 2299 29 12 un
717 2293 17 19 ci
743 2298 24 13 ne
784 2293 61 18 ferma
856 2293 40 22 più.

703 2330 21 18 D.
731 2329 98 19 CANALE.
835 2339 23 4 —
866 2331 82 17 Averete
961 2330 27 18 ri-

681 2356 77 20 cevutu,
767 2360 95 17 speremu.,
871 2360 13 13 u
902 2360 57 18 paccu
967 2355 20 18 di

681 2385 10 13 e
700 2380 130 22 publicazione
841 2381 81 18 ebieste.
933 2380 55 19 «Suc-

681 2405 49 18 cessi
739 2406 20 17 di
766 2405 96 20 Zuccone»
874 2405 11 18 è
894 2406 92 18 esauritu.

704 2442 76 19 CARLU
796 2442 24 18 V.
829 2452 23 4 —
870 2443 82 22 Bisogna
968 2442 19 18 fà

681 2472 38 13 una
726 2468 133 18 riclamazione
867 2468 37 17 ben
912 2467 76 24 specili-

682 2493 19 20 tq
713 2498 10 12 a
733 2493 189 20 Pqmministrazione
939 2493 19 19 di
976 2497 11 14 e

682 2519 55 21 poste
743 2523 6 16 ;
763 2518 18 18 si
792 2518 74 18 videra.
879 2518 110 23 Ringrazia^

682 2543 60 18 menti
750 2548 11 13 e
769 2543 66 18 saluti.

1375 153 260 52 Mémoires

1144 227 52 46 du
1219 228 45 45 K.
1283 227 42 46 P.
1349 229 47 46 de
1420 229 217 58 Singlande,
1663 229 206 48 Aumônier

1184 291 209 33 (Spedizione
1412 293 31 24 di
1460 293 181 25 Maillebois
1657 293 168 34 1738-1741)

1429 350 148 34 (Seguitu)

1050 403 30 21 Le
1099 405 149 26 lendemain,
1268 405 13 22 à
1301 409 84 23 quatre
1403 408 86 21 heures

1022 434 32 21 du
1066 437 85 26 matin,
1165 438 34 21 les
1212 438 116 22 Officiers
1340 445 31 15 ne
1381 443 109 24 pouvant

1022 467 101 27 dormir,
1137 476 73 20 parce
1221 477 48 21 que
1281 471 22 21 la
1315 472 105 27 tempête
1431 480 58 15 con-

1021 499 92 22 tinuoit
1141 503 121 26 toujours,
1294 503 195 25 s’assemblèrent

1022 531 60 21 dans
1095 533 22 20 la
1129 533 115 23 chambre
1261 537 32 20 du
1311 536 178 23 Commandant

1022 563 31 21 où
1063 563 24 28 je
1099 570 39 16 me
1155 568 115 21 trouvois
1289 569 82 22 alors..
1385 570 66 22 Dans
1464 572 24 21 le

1021 600 109 20 moment
1150 605 32 16 on
1204 602 113 22 entendit
1333 610 31 15 un
1380 604 20 21 si
1412 605 76 27 grand

1021 630 73 26 bruit,
1107 632 75 27 qu'on
1194 636 54 19 crut
1264 641 48 21 que
1329 637 23 20 le
1367 637 122 22 Bâtiment

1020 664 69 21 alloit
1101 666 92 21 couler.
1208 666 31 22 Le
1252 667 130 28 Capitaine
1391 671 97 21 nommé

1021 695 97 29 Sougla,
1133 699 51 21 loin
1197 700 31 21 de
1243 706 64 17 nous
1324 708 116 19 rassurer,
1456 710 31 15 ne

1021 729 26 21 fit
1059 735 46 22 que
1116 733 90 20 mettre
1218 733 23 21 le
1254 735 95 21 comble
1367 735 14 21 à
1398 742 44 15 nos
1455 738 33 20 al-

1020 763 97 21 larmes.
1139 764 20 21 Il
1181 771 62 16 nous
1261 767 44 26 dit,
1325 774 30 15 en
1368 769 117 27 pleurant,

1019 795 66 22 l’état
1104 796 94 23 affreux
1218 798 32 22 où
1270 806 28 15 se
1317 802 111 21 trouvoit
1442 808 45 16 son

1020 829 120 26 vaisseau,
1153 833 73 25 a}rant
1236 832 23 21 le
1271 833 93 22 devant
1371 834 31 21 du
1410 835 76 22 timon

1020 861 75 26 brisé,
1109 863 65 21 ainsi
1187 869 47 22 que
1246 865 21 20 la
1280 867 93 26 grande
1385 872 100 24 vergue,

1018 895 24 20 le
1052 895 107 22 derrière
1168 896 30 21 de
1207 898 22 20 la
1238 899 102 26 gallerie
1349 900 61 21 dans
1416 900 70 28 l'eau,

1019 933 60 16 avec
1090 929 80 20 toutes
1182 930 36 21 les
1230 932 142 25 provisions
1383 938 6 20 ;•
1402 933 21 21 la
1434 940 52 21 per-

1018 962 25 19 te
1056 961 30 21 du
1098 961 43 21 vin
1154 961 89 26 n’§toit
1255 970 43 21 pas
1310 966 62 21 celle
1384 971 46 21 que
1446 967 40 22 l’é-

1019 993 107 28 qqipage
1138 997 131 26 regrettoit
1280 998 23 21 le
1315 998 83 21 moins
1408 1005 6 19 ;
1425 1001 62 21 mais

1018 1026 61 21 l’eau
1089 1028 92 21 entroit
1189 1029 31 21 de
1229 1031 79 21 toutes
1314 1033 74 25 parts,
1397 1031 22 22 &
1427 1038 60 21 pour

1018 1065 31 15 ne
1061 1066 42 21 pas
1115 1060 67 27 périr
1193 1068 43 15 sur
1247 1063 22 20 le
1288 1064 95 26 champ,
1403 1064 84 24 c’étoit

1019 1091 13 22 à
1042 1093 58 26 quoi
1113 1094 18 20 il
1143 1093 80 24 falloit
1239 1095 101 23 d’abord
1358 1097 126 24 remédier.

1016 1125 28 27 Je
1056 1126 131 22 descendis
1199 1134 57 15 sans
1265 1130 87 25 perdre
1361 1130 30 21 de
1399 1132 85 26 temps,

1017 1164 30 15 au
1059 1159 72 21 fonds
1143 1160 31 21 de
1185 1161 52 21 cale
1249 1161 33 21 où
1291 1161 61 23 étoit
1361 1169 39 17 ma
1408 1164 77 22 cham-

1018 1191 45 20 bre
1073 1197 5 19 ;
1093 1192 23 26 je
1130 1193 52 25 pris
1193 1193 14 21 à
1218 1194 23 20 la
1253 1194 57 21 hâte
1323 1196 117 27 quelques
1457 1198 29 21 li-

1018 1228 56 15 vres
1087 1224 29 22 de
1129 1224 128 22 chandelle
1268 1231 47 21 que
1324 1227 25 26 je
1358 1228 127 23 distribuai

1018 1255 30 21 où
1063 1255 16 21 il
1092 1255 61 23 étoit
1165 1256 149 29 néçéssaire,
1334 1261 45 22 afin
1399 1262 29 21 de
1439 1262 47 23 fer-

1018 1294 52 16 mer
1081 1290 36 20 les
1128 1293 145 21 ouvertures
1286 1299 44 21 par
1340 1294 32 21 où
1383 1294 61 24 l’eau
1455 1303 30 15 ne

1017 1323 91 22 cessoit
1116 1323 115 23 d’entrer.
1242 1325 99 23 L’excès
1352 1328 32 21 du
1395 1329 91 28 danger

1016 1356 70 23 avoit
1104 1356 46 23 fait
1167 1358 147 28 disparoître
1333 1361 35 21 les
1380 1368 72 22 rangs
1462 1363 23 22 &

1016 1389 36 21 les
1071 1390 168 24 distinctions.
1261 1392 66 23 Tous
1345 1393 13 22 à
1374 1395 74 22 l’envi
1467 1402 18 22 y

1015 1423 174 22 travaillèrent.
1200 1425 40 22 On
1250 1432 30 15 ne
1290 1427 95 22 laissoit
1396 1435 41 21 pas
1446 1435 38 16 ce-

1016 1457 105 26 pendant
1132 1458 30 21 de
1174 1464 90 21 penser
1271 1459 14 22 à
1294 1466 26 15 sa
1329 1462 153 22 conscience.

1016 1488 41 23 On
1068 1490 154 24 n’entendoit
1234 1493 31 21 de
1273 1495 80 20 toutes
1363 1498 65 24 parts
1437 1502 46 21 que

1015 1529 76 16 voeux
1102 1524 22 21 &
1134 1525 102 26 prières,
1250 1531 47 22 que
1309 1529 175 25 protestations

1015 1557 32 21 du
1060 1558 53 26 plus
1125 1557 97 23 sincère
1236 1560 111 29 repentir
1357 1567 6 20 ;
1380 1562 24 21 la
1416 1567 68 17 cons-

1014 1591 125 24 ternation
1152 1591 114 28 générale
1279 1599 30 15 ne
1322 1594 99 22 m’avoit
1430 1595 52 21 rien

1015 1623 45 22 fait
1072 1625 87 26 perdre
1178 1625 29 21 de
1229 1632 38 15 ma
1286 1626 120 27 présence
1424 1628 60 22 d’es-

1015 1658 58 27 prit,
1094 1658 21 21 &
1124 1659 26 27 je
1163 1661 140 26 remarquai
1323 1666 47 22 que
1385 1662 98 27 lorsque

1014 1692 36 21 les
1061 1692 81 21 souris
1153 1693 33 21 du
1203 1693 114 25 vaisseau
1334 1696 150 21 commencè-

1014 1727 53 20 rent
1077 1725 14 22 à
1100 1726 78 21 sentir
1184 1726 71 27 l’eau,
1265 1728 61 21 elles
1334 1728 150 28 grimpèrent

1014 1764 62 22 pour
1086 1759 53 21 s'en
1151 1765 99 21 sauver,
1263 1761 103 27 jusques
1378 1762 60 22 dans
1448 1763 35 21 les

1012 1805 68 21 sions
1092 1803 45 22 fait
1148 1810 63 22 pour
1224 1805 110 22 retarder
1349 1808 70 19 notre
1434 1806 47 22 tré-

1012 1844 52 21 pas,
1075 1838 24 21 le
1110 1838 95 27 danger
1224 1838 137 23 demeuroit
1379 1845 103 23 presque

1012 1871 111 26 toujours
1146 1872 24 20 le
1192 1872 89 20 même.
1305 1872 55 22 Une
1384 1874 97 21 sombre

1011 1903 114 22 tristesse
1136 1903 23 21 &
1176 1910 32 15 un
1227 1910 87 16 morne
1333 1905 94 23 silence
1445 1907 38 22 rè-

1012 1937 104 28 gnoient
1136 1937 59 21 dans
1216 1937 141 29 l'Equipage
1369 1939 22 21 &
1405 1941 76 25 parmi

1012 1970 36 21 les
1059 1969 124 24 Officiers.
1201 1969 28 27 Je
1250 1970 28 22 fis
1299 1972 65 21 alors
1381 1978 32 14 un
1425 1978 54 16 voeu

1012 2003 88 27 auquel
1110 2005 57 19 tous
1179 2009 26 15 se
1215 2003 139 28 joignirent
1371 2010 60 18 avec
1449 2012 31 17 un

1012 2035 55 29 égal
1078 2039 197 25 empressement
1286 2043 6 15 :
1307 2037 85 23 c’étoit
1404 2044 46 21 que
1460 2039 20 21 si

1013 2070 63 21 Dieu
1088 2075 63 16 nous
1164 2069 120 23 délivroit
1295 2071 33 22 du
1338 2070 72 28 péril,
1421 2077 61 17 nous

1013 2104 77 21 irions
1102 2105 57 20 tous
1171 2102 13 22 à
1195 2103 103 28 l’Eglise
1308 2105 23 20 la
1343 2105 56 27 plus
1408 2110 12 15 a
1427 2110 55 22 por-

1012 2136 40 23 tée
1071 2137 33 21 du
1127 2137 52 21 lieu
1201 2137 31 21 de
1255 2138 72 21 notre
1349 2137 134 28 débarque-

1012 2172 77 24 ment,
1101 2170 22 21 &
1133 2170 35 28 j’y
1180 2170 79 22 dirois
1270 2171 23 21 la
1312 2170 92 27 Messe,
1421 2177 62 22 pour

1012 2204 23 21 le
1046 2203 135 22 remercier
1192 2203 31 21 de
1234 2204 23 23 la
1268 2204 73 27 grâce
1352 2204 59 24 qu'il
1422 2211 60 16 nous

1012 2238 81 21 auroit
1104 2236 126 24 accordée.
1251 2237 32 21 Le
1300 2243 56 16 voeu
1369 2237 45 23 fait
1424 2239 58 21 dans

1013 2272 36 20 les
1067 2271 138 21 sentimens
1225 2271 31 21 de
1275 2271 24 21 la
1322 2270 118 25 dévotion
1460 2273 22 21 la

1013 2305 55 26 plus
1088 2304 98 26 tendre,
1205 2309 47 20 qup
1270 2305 23 20 la
1311 2305 93 21 crainte
1420 2305 29 22 de
1459 2307 23 20 la

1013 2339 64 21 mort
1098 2338 82 26 puisse
1199 2337 117 28 inspirer,
1337 2338 23 20 la
1378 2340 104 26 tempête

1014 2377 25 15 se
1052 2371 76 21 calma
1141 2371 240 27 presque-aussi-tôt,
1401 2372 29 21 de
1449 2372 34 25 fa-

1014 2409 47 23 çon
1074 2403 54 28 qu’à
1140 2403 69 22 force
1222 2404 30 21 de
1263 2409 105 22 poulpes
1384 2407 42 20 ont
1442 2408 41 19 eut

1014 2438 23 21 le
1059 2440 81 25 temps
1161 2437 30 21 de
1210 2443 95 23 gagner
1322 2438 23 21 la
1367 2438 67 22 Rade
1452 2439 30 21 de

1016 2470 68 23 Vado
1097 2477 30 15 en
1139 2470 120 23 Toscane,
1278 2470 32 22 où
1321 2470 49 24 l’on
1382 2471 100 28 échoua,

1014 2510 89 16 encore
1115 2510 64 21 pour
1188 2510 18 25 y
1217 2505 95 22 arriver
1323 2504 81 23 fut-on
1421 2505 58 22 obli-

1014 2537 30 28 gé
1055 2538 30 22 de
1095 2537 75 28 jetter
1181 2537 14 22 à
1203 2537 63 23 l’eau
1275 2543 48 16 une
1332 2539 90 26 grande
1430 2544 52 22 par-

1516 408 34 21 tie
1568 409 43 21 des
1630 410 143 26 provisions
1786 410 21 21 &
1821 416 30 15 un
1864 416 78 16 canon
1957 411 30 21 de

1516 441 78 22 fonte.
1615 441 60 22 Sans
1698 445 67 19 cette
1787 442 153 28 précaution,
1963 445 23 20 le

1516 474 114 21 vaisseau
1650 477 56 25 trop
1725 476 90 27 chargé
1833 476 105 22 n’auroit
1955 477 33 27 pû

1514 513 120 20 manquer
1645 508 31 21 de
1688 510 86 20 couler
1785 508 13 22 à
1807 509 80 22 fonds.
1896 509 28 26 Je
1932 516 55 20 per-

1515 539 39 21 dis
1566 546 30 14 en
1609 542 65 19 cette
1688 541 115 21 occasion
1817 548 106 21 presque
1932 544 55 20 tout

1515 577 57 16 mon
1592 573 62 26 petit
1675 572 127 30 équipage.
1825 574 126 27 Heureux,
1964 575 21 22 si

1516 607 62 19 cette
1597 608 69 24 perte
1686 607 70 22 avoit
1775 606 39 23 été
1832 609 23 20 la
1875 607 111 24 dernière

1515 643 46 22 que
1579 638 26 27 je
1625 639 91 22 devois
1736 646 110 23 essuyer.
1871 641 115 29 Quoique

1515 671 60 21 dans
1594 672 22 20 la
1638 672 77 27 Rade,
1736 679 62 16 nous
1810 674 106 23 n'étions
1932 677 53 20 rien

1515 704 83 21 moins
1610 704 69 27 qu’en
1693 706 89 25 sûreté,
1802 709 55 20 tous
1878 709 37 20 les
1927 715 58 21 gros

1515 737 118 28 cordages
1644 738 95 23 étoient
1750 740 86 25 brisés,
1850 740 13 22 à
1876 742 22 20 la
1909 741 78 22 réser-

1514 775 32 16 ve
1558 770 56 21 d’un
1632 776 58 23 gros
1712 773 67 21 cable
1797 774 41 26 qui
1859 774 37 21 fut
1915 777 70 20 notre

1514 803 114 21 dernière
1640 809 127 17 ressource
1776 811 6 15 :
1793 811 27 16 ce
1830 807 68 21 cable
1907 809 78 20 même

1514 835 107 22 n’auroit
1639 837 34 26 pû
1693 843 91 16 encore
1808 845 63 16 nous
1896 845 90 18 sauver

1514 868 61 21 dans
1586 868 117 23 l’endroit
1715 870 32 21 où
1758 876 63 16 nous
1833 871 79 23 étions
1924 873 13 22 à
1949 875 37 20 lu-

1514 903 38 19 ter
1562 904 85 19 contre
1658 903 37 21 les
1708 906 71 19 vents
1791 904 22 21 &
1825 905 35 21 les
1872 905 65 27 flots,
1948 907 37 21 s'il

1515 940 31 15 ne
1566 934 82 23 s’étoit
1665 942 44 20 pas
1730 937 88 21 trouvé
1837 944 32 15 un
1885 942 101 19 courant

1513 966 68 22 d’eau
1594 968 78 21 douce
1685 969 41 28 qui
1740 976 29 15 ne
1781 969 84 23 l’usoit
1877 978 44 20 pas
1932 974 53 20 tant

1514 1006 47 20 que
1572 1000 100 23 l’auroit
1684 1001 46 23 fait
1740 1002 62 22 l’eau
1815 1004 74 26 salée,
1911 1005 21 22 &
1943 1012 43 16 sur

1513 1034 81 26 lequel
1606 1035 23 20 le
1641 1038 60 19 vent
1713 1037 70 20 avoit
1795 1043 90 16 encore
1903 1039 82 22 moins

1514 1066 30 21 de
1558 1067 66 27 prise
1636 1073 6 20 ;
1664 1068 18 21 il
1701 1069 95 22 soutint
1814 1072 52 20 seul
1879 1072 107 26 pendant

1514 1100 170 27 vingt-quatre
1702 1101 98 26 heures,
1820 1105 56 20 tout
1893 1105 24 21 le
1936 1105 50 22 fort

1514 1132 30 21 de
1555 1133 23 21 la
1585 1135 119 26 tempête.
1721 1135 32 21 En
1765 1136 60 21 vain
1838 1138 108 26 pendant
1957 1145 28 15 ce

1512 1166 114 27 temps-là
1654 1167 178 23 tirâmes-nous
1861 1171 123 26 plusieurs

1513 1204 75 21 coups
1601 1200 30 20 de
1643 1205 78 17 canon
1732 1206 62 21 pour
1808 1202 134 23 demander
1952 1204 31 21 du

1512 1237 109 16 secours.
1644 1232 128 22 Personne
1792 1240 32 16 ne
1842 1238 71 24 parut
1921 1242 63 21 pour

1512 1270 62 16 nous
1586 1271 29 15 en
1629 1266 103 26 donner,
1741 1267 23 21 le
1774 1267 67 22 bruit
1852 1268 22 22 &
1886 1269 23 21 le
1921 1269 64 22 sifle-

1512 1300 67 19 ment
1591 1299 43 21 des
1645 1299 56 22 flots
1715 1302 25 19 et
1750 1300 43 22 des
1806 1304 74 19 vents
1888 1302 95 22 déchaî-

1511 1330 53 27 nés,
1585 1332 175 27 empêchèrent
1777 1333 71 27 qu’on
1868 1335 43 27 pût
1921 1341 63 17 nous

1511 1365 129 21 entendre.
1653 1365 106 22 Réduits
1777 1366 13 22 à
1805 1369 177 27 nous-mêmes,

1510 1397 23 21 &
1544 1397 98 28 n’ayant
1653 1398 160 28 d’espérance
1826 1406 46 22 que
1890 1402 60 22 dans
1960 1403 22 21 la

1512 1430 162 23 miséricorde
1694 1432 43 21 des
1762 1432 88 27 Cieux,
1871 1436 112 26 toujours

1510 1466 71 19 entre
1592 1464 22 21 la
1626 1464 42 21 vie
1680 1464 21 23 &
1714 1466 22 22 la
1748 1468 74 25 mort,
1833 1473 63 16 nous
1904 1468 79 22 fumes

1510 1496 98 30 obligés
1619 1497 135 22 d’attendre
1771 1505 47 21 que
1836 1501 22 20 la
1877 1503 106 26 tempête

1510 1530 132 28 s'appaisât
1657 1531 173 23 d’elle-même.
1853 1534 32 21 Le
1906 1536 78 21 calme

1510 1565 52 20 tant
1572 1563 80 22 désiré
1663 1564 104 22 succéda
1779 1566 65 22 enfin
1857 1566 13 22 à
1882 1567 100 29 l’orage,

1509 1596 23 21 &
1543 1603 32 15 un
1588 1596 108 23 Courier
1708 1598 30 21 de
1750 1599 21 21 la
1784 1602 53 24 part
1855 1600 31 23 de
1905 1600 34 23 M.
1953 1602 30 21 de

1509 1629 213 28 Wacktendonck,
1732 1631 167 24 Gouverneur
1908 1635 30 21 de
1948 1635 36 21 Li-

1510 1669 104 20 vourne,
1640 1670 63 16 nous
1729 1668 100 25 apporta
1852 1666 131 29 l’agréable

1510 1697 117 21 nouvelle
1635 1703 48 21 que
1691 1699 25 20 le
1724 1698 133 28 Régiment
1866 1701 30 22 de
1905 1701 78 22 Bearn

1510 1731 114 25 pourroit
1635 1733 84 19 entrer
1730 1732 61 23 dans
1802 1733 24 20 la
1842 1732 67 23 Ville
1924 1737 60 19 tam-

1508 1812 42 22 pas
1563 1806 83 22 mieux
1657 1812 48 21 que
1718 1807 29 22 de
1759 1808 122 23 satisfaire
1893 1809 13 22 à
1918 1812 64 20 cette

1508 1840 86 27 pieuse
1615 1840 146 28 obligation,
1784 1841 13 22 à
1814 1843 23 22 la
1852 1842 86 23 faveur
1950 1844 31 21 du

1508 1875 78 20 calme
1600 1874 61 22 dont
1672 1875 66 25 enfin
1752 1881 62 16 nous
1826 1876 139 28 jouissions
1975 1884 5 19 ;

1508 1908 61 22 mais
1587 1913 95 16 comme
1693 1909 37 21 les
1747 1908 97 23 Soldats
1862 1911 121 21 extrême-

1508 1943 68 19 ment
1596 1941 102 28 effrayés
1720 1942 42 22 des
1783 1943 107 27 dangers
1911 1943 71 27 qu’ils

1508 1974 103 22 avoient
1622 1979 98 20 courus,
1738 1976 54 20 tout
1804 1981 30 16 en
1848 1976 134 27 acquittant

1508 2007 55 21 leur
1574 2012 67 20 voeu,
1653 2007 117 22 auroient
1788 2008 33 27 pû
1839 2009 75 21 saisir
1925 2008 58 23 l’oc-

1508 2040 83 22 casion
1602 2040 29 21 de
1641 2039 120 27 s’évader,
1771 2046 65 22 pour
1844 2041 76 22 n’être
1928 2043 55 26 plus

1509 2073 61 22 dans
1580 2074 24 20 la
1615 2072 124 23 nécessité
1751 2074 54 21 d'en
1819 2074 69 27 faire,
1905 2075 33 21 M.
1952 2076 30 21 de

1508 2105 145 26 Vatteville,
1664 2106 81 28 Major
1756 2107 32 22 du
1800 2107 141 28 Régiment,
1952 2115 30 15 ne

1509 2141 88 20 voulut
1611 2142 133 25 permettre
1763 2141 90 27 qu’aux
1869 2141 114 22 Officiers

1508 2173 23 22 &
1542 2173 13 22 à
1569 2173 59 26 moi,
1650 2174 31 21 de
1701 2176 89 19 mettre
1810 2175 59 27 pied
1884 2175 13 22 à
1908 2178 73 19 terre.

1510 2206 106 27 L’Eglise
1628 2207 30 21 de
1670 2206 169 25 Notre-Dame
1848 2208 136 23 Demonte-

1508 2245 84 22 negre,
1613 2241 23 24 la
1656 2241 56 26 plus
1732 2241 97 22 voisine
1847 2242 33 21 du
1891 2242 49 21 lieu
1952 2242 31 23 où

1508 2279 64 16 nous
1583 2279 64 16 nous
1657 2274 141 26 trouvions,
1818 2274 64 23 étoit
1892 2281 91 16 encore

1508 2306 113 27 éloignée
1641 2307 30 21 de
1692 2307 66 23 deux
1773 2308 108 27 grandes
1895 2309 87 21 lieues.

1510 2339 113 27 Quelque
1642 2339 95 23 affreux
1757 2346 48 22 que
1828 2341 96 22 fussent
1946 2343 38 20 les

1509 2373 120 26 chemins,
1651 2379 64 16 nous
1735 2380 32 15 ne
1787 2375 131 22 laissâmes
1940 2381 44 22 pas

1509 2406 41 29 d'y
1559 2407 96 21 arriver
1666 2406 14 23 à
1693 2407 71 27 pieds
1776 2413 59 16 sans
1848 2409 53 21 être
1910 2408 74 22 beau-

1509 2445 62 22 coup
1593 2440 114 28 fatigués,
1727 2441 23 21 le
1764 2441 51 22 zèle
1828 2441 22 22 &
1861 2442 25 21 la
1897 2447 87 16 recon-

1508 2473 132 22 noissance
1651 2474 130 27 suppléant
1793 2480 48 16 aux
1853 2474 80 22 forces
1942 2475 41 27 qui

1507 2506 155 23 assurément
1674 2512 63 17 nous
1750 2508 115 22 auroient
1879 2508 105 28 manqué

1508 2545 65 21 pour
1582 2542 55 20 tout
1648 2543 69 19 autre
1737 2547 98 22 voyage
1855 2542 42 27 qui
1916 2542 69 21 n'au-

2016 153 45 22 roit
2073 160 43 21 pas
2128 159 30 16 eu
2171 160 31 15 un
2215 154 77 27 pareil
2306 153 75 28 objet.
2394 153 28 26 Je
2434 152 53 21 dois

2016 186 31 22 ici
2061 192 93 16 avouer
2165 186 13 22 à
2190 188 22 20 la
2224 187 80 28 gloire
2317 187 30 21 de
2362 187 22 21 la
2397 186 90 22 Nation

2015 220 21 21 &
2047 220 43 21 des
2104 220 115 21 Officiers
2231 226 31 15 en
2275 220 153 27 particulier,
2440 226 48 21 que

2013 252 62 28 j’eus
2095 254 22 20 la
2138 253 154 22 consolation
2315 253 29 21 de
2367 254 59 21 voir
2440 259 47 21 que

2015 286 34 21 les
2068 286 113 28 François
2202 285 158 28 s’acquittent
2372 286 30 21 de
2423 287 65 20 leurs

2015 324 74 17 voeux
2110 325 62 16 avec
2192 320 53 27 plus
2261 319 168 21 d’exactitude
2441 325 47 21 que

2016 352 34 21 les
2062 354 81 20 autres
2159 353 113 26 Nations,
2294 354 61 21 dont
2374 353 70 21 selon
2464 353 24 21 le

2015 386 119 25 proverbe
2143 387 29 21 de
2181 388 67 20 leurs
2256 393 69 22 pays,
2335 388 23 20 la
2368 386 117 22 dévotion

2014 424 69 15 cesse
2094 425 61 16 avec
2166 420 23 21 le
2201 420 101 28 danger-

2041 451 76 22 Notre
2130 458 57 16 voeu
2200 453 88 27 rempli
2303 459 62 16 avec
2376 455 69 20 toute
2465 454 23 20 la

2014 483 67 28 piété
2092 485 23 21 &
2127 487 70 20 toute
2216 487 23 20 la
2259 486 100 22 ferveur
2378 487 62 21 dont
2452 487 36 20 les

2014 516 132 23 Militaires
2164 521 110 24 peuvent
2291 520 53 20 être
2365 519 121 27 capables,

2013 555 63 15 nous
2096 556 64 15 nous
2181 551 125 21 rendîmes
2327 558 44 20 par
2391 554 65 19 terre
2473 551 14 21 à

2014 582 134 27 Livourne,
2169 583 32 22 où
2222 585 36 20 les
2277 586 101 26 troupes
2393 584 95 22 restées

2013 622 42 16 sur
2076 617 23 21 le
2122 616 132 27 Bâtiment,
2279 618 114 22 s'étoient
2414 620 74 20 avant

2013 655 62 17 nous
2086 650 105 22 rendues
2203 657 43 20 par
2257 657 62 16 mer.
2332 652 70 21 Nous
2421 651 67 22 étant

2014 685 53 20 tous
2078 684 126 21 ensemble
2216 684 95 27 réunis,
2332 691 64 16 nous
2409 685 79 22 fûmes

2013 722 30 15 au
2052 717 51 20 lieu
2116 717 32 21 où
2160 716 63 22 étoit
2234 718 22 21 le
2270 718 176 22 Gouverneur.
2467 718 20 21 Il

2013 755 62 16 nous
2086 750 38 21 vit
2136 752 55 19 tous
2204 750 86 22 défiler
2303 751 95 22 devant
2409 751 45 26 lui,
2474 751 14 21 à

2012 784 23 20 la
2045 783 49 21 tête
2107 783 30 20 de
2151 789 26 15 sa
2189 784 128 27 garnison,
2330 790 60 16 sous
2402 786 36 20 les
2449 790 39 15 ar-

2012 821 51 15 mes
2072 821 6 20 ;
2091 817 65 20 cette
2168 816 88 27 espèce
2269 818 30 20 de
2320 823 78 16 revue
2418 817 67 26 faite,

2012 848 74 21 on'fit
2105 850 97 20 rentrer
2224 850 36 21 les
2273 850 99 22 Soldats
2390 852 61 20 dans
2463 853 23 19 le

2011 880 132 27 Bâtiment,
2155 888 60 15 avec
2226 884 37 20 les
2276 883 117 22 Officiers
2405 884 82 21 néces-

2012 914 77 21 saires
2101 920 62 21 pour
2178 916 37 21 les
2235 917 131 22 contenir:
2389 918 36 21 les
2445 924 42 15 au-

2011 949 59 23 tres,
2084 947 64 22 ainsi
2170 954 47 21 que
2237 950 60 25 moi,
2323 953 88 19 eurent
2431 957 56 21 per-

2012 980 103 22 mission
2126 981 31 21 de
2169 983 79 20 rester
2259 982 61 22 dans
2332 984 22 20 la
2367 983 69 22 Ville
2447 991 5 19 ;
2461 984 25 27 je

2012 1019 31 15 ne
2061 1014 85 21 laissai
2170 1016 139 25 cependant
2332 1022 46 21 pas
2402 1016 86 22 d’aller

2011 1048 55 20 tous
2077 1047 37 21 les
2123 1047 71 27 jours
2214 1047 14 22 à
2247 1049 72 26 bord,
2343 1055 64 21 pour
2423 1056 63 16 rem-

2012 1079 47 27 plir
2067 1081 37 20 les
2116 1080 127 23 fonctions
2255 1082 31 21 de
2298 1088 59 16 mon
2372 1083 115 22 Ministè-

2012 1118 34 16 re.
2068 1113 30 21 Le
2120 1113 118 22 Vaisseau
2253 1115 110 22 radoubé
2375 1116 22 21 &
2409 1117 75 21 remis

2011 1151 30 16 en
2053 1145 50 22 état
2114 1146 30 21 de
2156 1148 113 21 soutenir
2279 1149 24 20 la
2314 1155 63 20 mer,
2388 1155 33 16 on
2432 1152 54 19 ten-

2011 1181 24 19 ta
2044 1179 123 26 plusieurs
2174 1180 49 22 fois
2235 1181 31 21 de
2275 1181 62 22 faire
2345 1184 69 19 route
2424 1189 62 21 pour

2011 1211 72 22 Calvi
2092 1218 6 15 :
2111 1213 63 21 mais
2189 1219 32 15 on
2234 1213 89 22 n’étoit
2342 1221 45 21 pas
2404 1216 81 27 plutôt

2010 1245 61 21 sorti
2084 1245 32 21 du
2128 1245 67 26 Port,
2208 1252 47 21 que
2267 1248 23 20 le
2301 1250 60 19 vent
2380 1249 105 21 contrai-

2010 1283 27 16 re
2047 1277 91 29 forçoit
2158 1277 47 31 d’y'
2216 1282 105 20 rentrer.
2341 1281 67 22 Nous
2429 1288 58 16 ren-

2011 1312 138 21 contrâmes
2159 1312 14 22 à
2182 1313 125 22 Livourne
2319 1321 32 15 un
2360 1315 124 27 vaisseau,

2010 1345 50 26 qui,
2081 1346 62 20 dans
2157 1346 23 21 le
2201 1346 49 22 fort
2265 1347 31 21 de
2316 1349 23 20 la
2360 1349 127 27 première

2009 1379 107 26 tempête
2128 1379 69 22 avoit
2208 1380 83 21 donné
2303 1384 88 19 contre
2402 1383 23 20 le
2443 1383 42 21 nô-

2010 1413 37 19 tre
2058 1410 22 22 &
2092 1411 71 28 passé
2173 1413 151 27 par-dessus,
2338 1420 28 16 ce
2385 1416 41 26 qui
2446 1416 37 21 fut

2010 1449 73 17 cause
2093 1445 31 21 de
2135 1445 127 23 l'extrême
2274 1447 96 28 danger
2383 1448 32 22 où
2424 1455 60 15 nous

2010 1477 142 22 trouvâmes
2163 1479 23 21 le
2194 1480 108 22 derrière
2315 1481 31 21 de
2357 1484 73 20 notre
2441 1483 45 21 Bâ-

2009 1510 96 27 timent,
2117 1510 67 24 étant
2196 1513 31 21 de
2238 1519 29 15 ce
2278 1519 64 23 coup
2352 1515 66 22 resté
2427 1521 58 16 sous

2009 1544 37 21 les
2058 1550 63 16 eaux
2129 1551 6 15 :
2156 1546 110 27 quoique
2287 1553 64 16 nous
2371 1550 114 21 eussions

2010 1583 30 15 eu
2051 1578 127 28 beaucoup
2191 1580 54 26 plus
2257 1580 14 22 à
2283 1581 101 22 souffrir
2392 1588 42 16 sur
2441 1589 43 16 no-

2010 1613 36 19 tre
2058 1610 122 23 Vaisseau
2199 1618 46 22 que
2265 1613 71 22 l’Etat
2349 1614 84 29 Major
2452 1617 33 20 du

2010 1643 132 28 Régiment
2149 1645 192 29 d’Agenois.sur
2349 1649 64 21 celui
2423 1650 62 21 dont

2008 1677 25 28 je
2044 1678 72 21 viens
2128 1679 31 20 de
2171 1680 91 26 parler,
2276 1681 17 21 il
2306 1687 31 15 ne
2349 1683 88 21 voulut
2447 1689 37 15 ce-

2010 1711 108 26 pendant
2125 1711 90 28 jamais
2228 1713 74 27 qu’on
2314 1715 46 21 mit
2372 1714 13 22 à
2397 1716 22 21 la
2431 1717 54 20 voi-

2009 1744 33 25 le,
2053 1747 75 18 avant
2140 1750 47 22 que
2198 1746 24 21 le
2233 1748 81 26 temps
2326 1747 37 22 fut
2377 1749 107 21 entière-

2008 1786 23 21 la
2042 1786 67 21 voile
2120 1793 5 19 ;
2137 1792 62 17 nous
2208 1788 117 27 jettâmes
2334 1790 92 23 l’ancre
2434 1793 49 21 vis-

2008 1818 67 23 à-vis
2087 1820 8 21 1
2105 1819 49 23 Isle
2166 1821 31 22 de
2210 1821 118 30 Gergone
2341 1826 24 20 le
2378 1825 107 23 Mercre-

2009 1853 23 22 di
2045 1854 43 21 des
2102 1854 109 23 Cendres
2221 1862 6 14 :
2237 1856 27 27 je
2273 1858 91 22 satisfis
2374 1865 43 16 sur
2424 1866 58 16 mon

2009 1886 120 23 Vaisseau
2142 1887 13 22 à
2167 1889 23 20 la
2202 1892 115 20 coutume
2329 1892 32 20 de
2373 1892 108 28 l’Eglise,

2009 1925 28 16 ce
2056 1921 101 26 jour-là.
2182 1921 22 22 &
2225 1922 106 23 célébrai
2355 1925 23 20 la
2398 1925 86 22 Sainte

2010 1953 90 21 Messe.
2123 1953 48 21 Ces
2190 1954 101 22 devoirs
2303 1958 103 25 remplis
2422 1964 62 15 nous

2009 1986 116 27 partîmes
2137 1992 60 16 avec
2208 1994 34 15 un
2264 1991 61 19 vent
2346 1990 21 21 si
2389 1990 94 23 favora-

2009 2019 47 25 ble,
2070 2024 46 22 que
2128 2026 63 15 nous
2202 2020 104 23 faisions
2318 2024 56 25 plus
2392 2024 31 21 de
2440 2025 43 21 dix

2008 2053 69 22 mille
2087 2059 44 21 par
2142 2054 76 22 heure
2229 2061 6 20 ;
2248 2056 66 21 enfin
2324 2058 25 20 le
2358 2061 84 23 quatre
2453 2060 30 20 de

2009 2085 102 23 Février
2122 2093 63 16 nous
2196 2089 160 23 mouillâmes
2367 2091 14 21 à
2401 2091 81 27 Calvi,

2008 2120 24 21 le
2041 2123 78 18 terme
2131 2121 31 21 de
2174 2127 46 16 nos
2232 2122 81 23 désirs
2323 2130 6 15 :
2343 2125 63 21 mais
2419 2127 65 26 quel-

2010 2158 46 22 que
2078 2153 109 22 désastre
2210 2160 48 22 que
2281 2162 64 16 nous
2369 2159 114 21 eussions

2010 2185 110 28 éprouvé
2131 2187 62 22 dans
2204 2189 23 20 le
2240 2195 74 16 cours
2327 2191 31 21 de
2371 2194 65 19 cette
2449 2193 36 20 fu-

2010 2222 69 19 neste
2090 2221 136 26 traversée,
2246 2229 65 16 nous
2322 2224 107 22 n’avons
2440 2232 43 21 pas

2009 2258 91 17 encore
2113 2253 40 22 été
2164 2255 67 21 aussi
2242 2257 139 22 maltraités
2393 2258 90 27 qu’une

2009 2286 80 26 partie
2101 2286 32 21 du
2146 2286 133 29 Régiment
2286 2290 32 21 de
2329 2290 151 23 Cambrésis.

2009 2319 43 22 Six
2064 2319 167 30 Compagnies
2252 2323 30 21 de
2304 2329 27 16 ce
2350 2324 138 29 Régiment

2009 2358 28 16 se
2048 2354 147 22 trouvoient
2215 2361 42 16 sur
2277 2357 66 21 deux
2357 2357 127 27 Tartanes,

2009 2387 23 21 la
2046 2387 79 22 sainte
2137 2387 123 28 Ursule,&
2269 2391 23 20 la
2302 2391 81 21 sainte
2393 2391 89 23 Claire.

2175 2431 11 26 (
2189 2431 147 29 Cuntinua)

2009 2509 98 22 Aiacciu
2115 2522 30 5 —
2156 2511 132 30 Slamparia
2302 2514 23 21 di
2341 2513 22 23 À
2375 2515 103 27 Muvra,

2011 2549 14 14 u
2038 2542 240 26 Dii-etlore-Gerenle:
2288 2546 71 23 Pef.ru
2370 2548 111 23 ROCCA.

25 2653 80 25 perché
115 2654 131 27 dovunque
255 2653 125 27 giungeva
389 2652 17 21 il
416 2656 74 17 nome

26 2684 20 22 di
57 2686 51 22 loro
120 2687 18 22 li
150 2689 132 20 temevano
294 2686 72 22 forte.
375 2697 31 5 —
413 2684 78 26 Quel-

26 2718 14 20 li
50 2719 42 22 che
103 2721 48 21 essi
170 2721 185 22 consentivano
366 2725 12 15 a
388 2719 103 22 lasciare

27 2752 31 22 sul
66 2755 70 22 trono
147 2760 153 23 regnavano,
313 2754 35 28 gli
361 2754 54 21 altri
437 2758 53 16 cac-

26 2785 103 29 ciavano,
142 2788 83 23 sicchè
237 2789 26 21 in
287 2787 59 30 ogni
361 2789 66 25 parte
452 2786 36 28 gli

27 2821 131 23 esaîtavano
170 2829 6 19 ;
187 2828 13 16 e
211 2828 50 16 non
283 2822 115 27 pertanto
415 2825 75 16 veru-

26 2856 27 17 »o
63 2855 36 21 tra
117 2856 54 21 loro
192 2858 106 25 portava
318 2854 120 25 diadema,
457 2853 32 21 nè

25 2890 98 24 porpora
133 2895 44 21 per
186 2889 176 29 pompeggiare
372 2887 118 27 conquel-

26 2917 16 22 L
50 2925 5 19 ;
68 2921 68 24 bensì
147 2923 112 22 avevario
273 2923 75 22 eletto
360 2928 32 15 un
401 2923 87 20 senato

26 2950 57 25 dove
94 2957 56 26 ogni
163 2957 25 21 di
196 2963 43 22 320
251 2962 105 22 persone
368 2955 121 22 delibera-

26 2988 57 21 vano
93 2989 23 21 le
125 2989 116 23 faccende
250 2990 41 22 del
299 2989 93 28 popolo
402 2994 43 22 per
454 2987 36 22 fa-

58 3024 88 22 quanto
170 3023 140 22 credevano
322 3023 131 27 spediente
462 3026 26 21 ,'a

27 3054 53 24 capo
91 3054 23 22 di
127 3062 64 16 anno
201 3057 172 21 conferiscono
386 3056 19 21 il
422 3060 67 17 mae-

26 3085 69 24 strato
106 3090 29 20 ad
144 3096 32 15 un
187 3095 74 17 uomo
273 3089 93 29 perché
377 3095 75 22 regga
463 3090 25 20 lo

26 3118 57 23 stato
93 3127 5 18 ;
110 3123 35 27 gli
158 3124 167 25 obbefiisconp
343 3124 58 21 tutti
418 3128 70 19 §enza

25 3153 85 23 mvidia
121 3156 30 22 nè
165 3157 95 27 gelosia
273 3157 35 22 fra
326 3157 63 21 loro.
403 3157 85 20 Allora

27 3181 73 28 Giuda
122 3189 91 29 deputò
233 3190 132 28 Eupolemo
376 3189 113 28 figliuolo

26 3215 21 21 di
58 3217 131 32 Giovanni,
200 3223 132 23 eGiasone
342 3223 113 28 figliuolo
462 3223 25 21 di

26 3247 102 30 Eleazaro
140 3263 44 20 per
194 3257 122 22 mandarli
327 3256 21 22 a'
359 3256 104 23 Romani
475 3262 12 15 a

27 3283 112 31 stringere
150 3290 55 28 lega
217 3290 134 22 d’amicizia
364 3295 45 17 con
421 3290 50 21 essi
480 3296 6 19 ;

27 3315 93 27 affinchè
131 3323 34 27 gli
188 3324 150 22 liberassero
355 3323 40 22 dal
410 3323 77 29 giogo

27 3346 33 24 de*
90 3352 82 30 Greci,
204 3357 180 22 considerando
417 3362 71 17 corne

27 3383 70 23 fluesti
108 3388 212 24 s’industriassero
329 3397 12 15 a
354 3391 95 21 ridurre
460 3390 27 21 in

28 3415 85 26 servitù.
125 3421 16 21 il
152 3428 77 23 regno
241 3423 125 22 dTsraele.
388 3423 18 22 E
412 3423 75 28 quelli

29 3448 114 28 andarono
167 3461 13 16 a
204 3456 87 26 Roma,
313 3457 45 22 che
372 3456 27 22 fu
410 3457 76 27 lungq

29 3481 109 29 a£l!Draino
147 3495 6 20 ;
167 3489 64 22 dove
254 3490 88 22 entrati
355 3491 24 20 in
400 3492 87 19 senato

30 3516 137 28 _a'rellarono
180 3522 51 22 così
238 3529 6 14 :
253 3522 81 23 Giuda
345 3523 141 25 Maccabeo,

29 3546 7 17 1
46 3549 48 21 shoi
105 3551 88 25 fratelli
206 3556 29 21 ed
242 3556 17 21 il
271 3558 92 26 popolo
375 3557 38 21 dei
425 3555 63 23 Giu-

517 2651 40 21 dei
566 2650 22 22 ci
597 2650 153 22 mandarono
759 2655 12 16 a
781 2649 43 23 voi
833 2655 43 22 per
884 2649 104 22 fermare

517 2685 54 27 lega
584 2690 14 15 e
620 2689 59 22 pace
696 2689 45 16 con
762 2683 52 25 voi,
828 2689 14 15 e
864 2682 90 28 perché
965 2683 22 21 ci

517 2718 115 21 scriviate
640 2720 38 19 tra
690 2717 7 21 i
712 2716 152 23 confederati
875 2717 30 20 ed
916 2716 47 22 ami
967 2716 21 21 ci

517 2751 87 22 vostri.
618 2751 17 21 E
644 2752 23 21 la
673 2752 117 26 proposta
800 2750 114 27 piacque.
926 2749 62 24 Ecco

517 2785 18 22 il
543 2785 111 21 rescritto
663 2785 17 21 il
689 2785 70 26 quale
771 2783 80 22 inciso
861 2788 72 22 sopra
941 2783 48 21 las-

517 2820 37 20 tre
565 2818 26 22 di
602 2818 91 21 bronzo
707 2817 133 28 spedirono
851 2822 14 15 a
882 2815 107 23 Gerusa-

516 2852 89 22 l'emme
613 2850 92 29 perché
715 2851 26 21 vi
754 2852 77 20 stesse
843 2850 39 27 pei
895 2849 93 23 Giudei

517 2887 160 21 monumento
690 2885 25 21 di
728 2886 85 26 questa
825 2889 61 21 pace
899 2889 13 15 e
931 2888 57 17 con-

516 2919 154 22 federazione
679 2924 6 15 :
696 2925 15 14 «
722 2916 104 23 Felicità
838 2917 23 21 ai
881 2915 107 23 Romani

516 2954 30 20 ed
558 2953 47 21 alla
617 2953 73 26 gente
712 2950 91 29 giudea-
813 2950 24 21 in
850 2955 66 17 mare
937 2956 13 14 e
961 2949 26 21 in

515 2988 63 20 terra
591 2986 167 21 eternamente
768 2991 5 14 :
784 2983 68 28 lungi
865 2984 29 20 da
902 2983 55 22 loro
964 2983 24 21 la

516 3020 74 27 spada
601 3025 13 16 e
629 3019 17 22 il
659 3018 97 21 nemico
766 3023 6 20 ;
787 3017 45 22 che
843 3023 27 15 se
882 3017 7 21 i
900 3016 88 22 Roma-

516 3054 24 21 ni
559 3059 14 16 0
586 3053 84 21 taluno
682 3051 41 22 dei
735 3052 52 21 loro
803 3049 154 23 confederati
966 3049 21 22 si

515 3090 148 19 troveranno
675 3084 104 29 primiin
790 3089 98 22 guerra,
898 3084 90 26 la'genr

515 3123 24 22 te
551 3120 89 29 giudea
651 3119 58 23 dara
731 3122 116 19 soeçorso
872 3122 45 16 con
937 3116 51 27 pie-

516 3160 71 17 nezza
598 3154 24 22 di
635 3157 77 18 cuore
721 3151 110 23 secondo
851 3150 22 22 la
885 3150 103 27 ragione

516 3189 39 21 dei
566 3187 76 28 tempi
653 3193 6 19 ;
670 3192 13 16 e
693 3186 23 21 ai
724 3184 159 23 combattenti
896 3182 90 23 Giudei

515 3227 49 17 non
586 3219 247 24 somministreranno
864 3217 71 25 armi,
955 3216 32 22 nè

516 3256 95 23 danaro,
625 3253 30 22 nè
667 3253 67 25 navi,
749 3251 49 22 così
811 3251 105 21 essendo
936 3250 52 27 pia-

516 3289 65 22 ciuto
593 3287 21 22 ai
635 3285 115 25 Romani,
767 3290 14 15 e
793 3283 76 28 quelli
886 3283 101 21 obbedi-

515 3327 79 18 ronno
616 3325 69 17 senza
714 3317 162 28 pretenderne
906 3315 79 22 soldo.

516 3355 137 23 Parimente
662 3358 26 16 se
698 3351 78 28 prima
784 3351 22 21 la
816 3351 73 27 gente
898 3348 89 29 giudea

515 3387 58 24 avrà
586 3391 96 25 guerra,
696 3385 18 27 i_
722 3384 107 22 Romani
840 3383 24 21 la
883 3386 104 17 sovver-

515 3427 78 17 ranno
604 3426 44 16 con
663 3419 83 21 animo
758 3418 101 26 pronto,
871 3415 82 28 giusta
963 3414 24 21 le

515 3453 90 30 qualité
618 3453 39 22 dei
684 3451 90 27 temp.i;
788 3455 13 18 é
814 3449 50 28 agli
876 3447 60 22 aiuti
947 3452 39 16 ro-

515 3488 64 23 mani
590 3493 49 16 non
647 3484 249 23 somministreranno
904 3481 6 21 i
925 3480 62 22 Giu-

515 3523 39 21 dei
566 3520 70 25 armi,
649 3518 85 22 danari
756 3522 14 16 0
782 3515 71 25 navi,
864 3513 50 23 cosi
935 3513 51 27 pia-

515 3555 79 22 cendo
604 3553 24 22 ai
640 3549 115 26 Romani,
768 3549 14 21 è
792 3548 37 28 gli
840 3547 61 22 aiuti
912 3545 72 21 obbe-

1015 2649 104 22 diranno
1132 2654 71 16 senza
1226 2649 79 22 frode.
1331 2649 94 26 Questo
1437 2649 13 22 è
1467 2645 17 25 li

1015 2684 66 25 patto
1090 2682 36 21 fra
1137 2682 102 22 Romani
1247 2688 14 15 e
1270 2682 139 22 Giudei.'—
1417 2681 69 27 Qltre

1015 2721 13 16 a
1038 2715 40 22 cio
1088 2715 105 28 rispetto,
1205 2716 47 24 aile
1261 2716 109 28 ingiurie
1379 2718 107 19 arrecate

1015 2753 53 21 loro
1079 2749 40 21 dal
1131 2754 27 15 re
1171 2748 133 23 Demetrio
1315 2749 34 28 gli
1373 2749 113 22 abbiamo

1014 2782 86 21 scritto
1109 2782 25 21 di
1147 2783 87 26 questo
1241 2783 88 21 tenore
1339 2789 6 14 :
1354 2788 15 15 «
1378 2787 44 22 per
1428 2787 59 23 qua-

1015 2816 22 20 le
1051 2816 101 27 cagione
1163 2815 40 22 hai
1216 2817 26 20 tu
1264 2821 57 16 reso
1341 2815 42 27 più
1397 2815 60 22 dure
1466 2815 19 22 il

1014 2848 78 29 giogo
1102 2848 23 21 ai
1139 2847 92 23 Giudei
1242 2849 73 21 amici
1325 2855 14 15 e
1345 2848 141 22 confedera-

1015 2882 18 22 ti
1046 2881 77 22 nostri
1134 2881 12 22 ?
1158 2880 31 22 Se
1201 2881 100 28 dunque
1324 2882 47 21 essi
1383 2881 103 22 ricorre-

1015 2920 76 17 ranno
1102 2914 25 21 di
1140 2919 85 17 nuovo
1237 2920 13 15 a
1267 2915 52 25 noi,
1341 2915 40 21 noi
1393 2914 91 23 faremo

1014 2949 54 21 loro
1075 2947 114 28 giustizia
1198 2948 235 27 movendotiguerra
1442 2954 42 21 per

1015 2983 65 20 terra
1094 2986 13 16 e
1118 2986 45 22 per
1175 2986 77 16 mare.
1265 2987 15 15 »

1041 3014 52 22 Tali
1106 3014 8 21 i
1126 3013 106 22 Romani
1254 3013 165 26 favellavano,
1441 3015 42 21 tali

1015 3052 74 17 erano
1127 3052 50 16 non
1197 3047 68 22 basta
1288 3048 98 29 gridare
1396 3053 6 15 :
1419 3048 65 24 çivi§

1014 3085 126 21 romaiityS
1160 3085 57 18 $um
1226 3087 10 20 ;
1258 3080 105 29 bisogna
1384 3081 99 21 sentirsi

1015 3115 41 22 nel
1068 3119 75 17 cuore
1155 3119 15 15 e
1181 3114 66 20 nelle
1259 3113 95 22 braccia
1367 3118 114 22 romano;

1015 3149 84 26 queste
1110 3152 59 17 cose
1181 3147 50 21 dite
1240 3147 30 21 ed
1279 3148 62 21 altre
1348 3146 45 22 che
1404 3152 79 22 sapre-

1014 3183 24 20 te
1049 3180 151 29 aggiungere
1210 3179 24 22 di
1247 3182 94 24 vostro,
1354 3185 15 15 e
1379 3179 67 22 forse
1455 3181 26 21 vi

1015 3215 178 21 ascolteranno.

1040 3259 29 4 —
1076 3247 68 21 Bene
1154 3252 6 19 ;
1182 3251 13 16 e
1213 3246 44 21 voi
1277 3247 99 27 sperate
1392 3245 45 22 che
1455 3247 26 20 in

1014 3281 86 26 questo
1105 3279 75 21 modo
1185 3284 132 17 verremoa
1325 3278 158 27 capocollTn-

1012 3313 120 28 ghilterra
1143 3311 91 28 perché
1243 3312 60 28 pigli
1316 3311 115 22 andaturâ
1441 3312 40 21 de-

1013 3351 64 22 gnar

1040 3378 73 22 •—Ho
1126 3378 68 22 detto
1207 3378 66 22 forse
1286 3390 4 3 •
1302 3379 70 19 certo
1386 3374 93 26 non’mi

1013 3412 126 23 nascpndo
1151 3414 79 24 punto
1242 3411 46 23 che
1300 3410 6 21 i
1317 3409 78 23 nobili
1405 3412 25 21 vi
1443 3417 38 16 so-

1012 3449 33 17 no
1057 3444 109 27 superbi,
1179 3445 23 20 le
1221 3444 69 27 plebi
1312 3442 108 23 abbiette
1430 3445 30 20 ed
1471 3445 8 20 i

1013 3477 117 28 borghesi
1153 3477 92 21 intenti
1265 3476 23 21 ai
1300 3475 131 28 guadagni,
1441 3483 39 16 ma

1012 3516 51 18 non
1072 3510 57 23 tutti
1137 3509 51 22 cosi
1198 3516 6 19 ;
1215 3515 14 16 e
1237 3509 43 27 poi
1292 3513 59 16 anco
1361 3509 7 20 i
1379 3510 100 26 pessimi

1012 3543 53 22 colà
1076 3547 88 17 amano
1174 3543 18 20 il
1203 3543 89 20 vivere
1303 3540 80 22 libero
1394 3548 6 15 :
1410 3544 69 20 orala

1513 2650 88 25 liberté
1612 2656 48 17 non
1674 2654 21 23 è,
1707 2657 69 16 corne
1788 2653 8 20 i
1803 2652 117 28 borghesi
1928 2658 58 21 pen-

1513 2689 68 20 sano,
1591 2690 31 15 un
1632 2685 158 28 belcappone
1802 2686 30 21 da
1843 2687 141 21 metterselo

1513 2717 26 20 in
1551 2717 58 22 istia
1619 2723 14 15 e
1645 2719 165 27 mangiarselo
1831 2725 13 16 a
1855 2719 85 23 Natale
1959 2719 24 22 in

1513 2749 119 29 famiglia.

1539 2795 30 6 —
1577 2783 27 22 Si
1626 2785 64 21 bene
1701 2786 23 21 la
1746 2785 90 22 liberté
1855 2792 49 16 non
1927 2786 13 21 è
1951 2792 33 15 un

1512 2822 113 22 cappone
1636 2823 45 22 per
1692 2820 116 21 metterlo
1821 2819 25 22 in
1861 2819 96 22 istia....

1539 2861 29 4 —
1577 2850 19 21 E
1606 2849 48 23 fate
1665 2852 57 21 loro
1731 2853 101 20 toccare
1844 2858 45 16 con
1910 2858 73 17 mano

1512 2883 46 22 che
1569 2884 23 21 la
1614 2884 101 26 liberté,
1739 2885 35 22 fra
1786 2886 59 21 tutti
1867 2886 34 28 gli
1923 2887 60 21 astri

1512 2916 147 25 bellissimo,
1673 2923 46 22 per
1729 2918 138 22 diffondere
1879 2919 23 22 di
1914 2919 68 28 raggi

1511 2954 50 16 non
1572 2950 91 21 iscema
1674 2951 56 22 luc.e
1740 2957 6 19 ;
1758 2951 24 22 la
1792 2957 43 16 sua
1846 2952 52 22 vita
1910 2954 36 20 sta
1958 2953 25 21 in

1511 2985 97 25 questo,
1632 2984 114 21 ricevere
1767 2985 67 22 lume
1856 2986 30 21 da
1906 2986 51 22 Dio
1969 2992 14 15 e

1509 3017 168 23 tranmndarlo
1688 3018 24 20 ai
1732 3018 110 22 mortali.
1855 3018 21 22 Il
1893 3019 90 28 giorno

1510 3050 42 21 nel
1564 3050 71 27 quale
1657 3050 25 21 le
1701 3050 171 27 impediranno
1885 3052 17 22 il
1913 3055 69 19 santo

1510 3082 138 26 ministero,
1658 3083 47 21 ella
1716 3083 128 28 ripiglierà
1855 3085 18 21 il
1885 3085 99 22 cammi-

1510 3120 32 17 no
1554 3115 40 22 del
1607 3115 63 22 cielo
1685 3121 71 17 corne
1767 3117 122 27 l’operaio
1899 3119 83 21 termi-

1509 3152 60 18 nato
1581 3148 19 22 il
1621 3149 88 22 lavoro
1732 3152 72 19 torna
1817 3156 13 15 a
1853 3156 69 20 casa;
1934 3157 14 15 e
1958 3152 24 21 la

1509 3183 70 20 notte
1590 3181 64 22 délia
1663 3182 125 23 tirannide
1795 3183 80 22 calerà
1882 3190 28 15 su
1918 3186 63 21 tutto

1509 3215 20 20 il
1540 3215 102 21 mondo.

1535 3259 29 4 —
1571 3247 83 22 Addio
1667 3249 107 26 dunque,
1788 3250 87 27 signor
1894 3250 70 23 Paoli
1974 3257 6 20 ;

1508 3280 20 21 il
1538 3282 84 25 tempo
1633 3281 95 28 stringe
1741 3281 53 22 cosi
1806 3282 45 22 che
1863 3283 37 21 far
1917 3284 65 21 subi-

1507 3314 27 21 to
1546 3319 49 15 non
1608 3313 33 24 mi
1661 3314 119 27 parrebbe
1801 3318 85 24 presto
1897 3316 84 22 abbas-

1508 3347 68 21 tanza
1585 3353 6 19 ;
1604 3347 26 21 vi
1643 3353 79 21 prego
1741 3348 41 21 dei
1795 3348 59 22 miei
1876 3349 71 22 saluti
1959 3351 23 20 al

1507 3379 157 27 rispettabile
1676 3382 87 20 vostro
1787 3381 88 28 signor
1883 3379 98 25 fratelio

1508 3411 131 22 Clemente
1651 3418 13 15 e
1678 3419 12 15 a
1702 3413 57 22 tutti
1771 3414 35 27 gli
1819 3415 56 20 altri
1896 3415 85 28 egregi

1506 3445 96 21 uomini
1613 3451 13 15 e
1639 3445 154 22 dilettissimi
1806 3447 176 26 amici,massi-

1507 3483 40 16 me
1560 3478 19 21 al
1589 3478 87 27 signor
1687 3479 125 21 Altobello
1822 3487 7 18 ;
1836 3491 29 5 —
1874 3486 13 15 e
1898 3480 40 28 già
1951 3481 29 21 da

1506 3516 33 15 un
1552 3516 70 21 pezzo
1634 3513 91 20 teneva
1742 3512 26 21 in
1779 3518 73 16 mano
1863 3514 24 21 la
1898 3514 83 21 destra

1507 3543 40 21 del
1559 3543 66 22 Paoli
1637 3549 13 15 e
1661 3544 23 21 la
1696 3549 134 22 squassava
1853 3551 47 16 con
1917 3546 64 22 forza

2012 2653 111 23 bastante
2135 2661 14 15 a
2170 2656 117 23 stiantare
2310 2664 49 16 una
2379 2659 104 28 imposta

2012 2687 63 21 dalle
2085 2687 114 24 bandelle
2209 2695 6 19 ;
2232 2690 145 23 finalmente
2389 2693 20 21 si
2423 2696 63 19 stac-

2012 2719 36 26 cò,
2062 2725 14 16 e
2087 2721 19 21 il
2119 2721 69 22 Paoli
2200 2724 132 22 comecchè
2345 2725 20 21 si
2379 2727 106 22 sentisse

2011 2753 151 23 indolenzito
2184 2755 51 23 fmo
2253 2758 48 20 alla
2321 2760 89 25 spalla,
2423 2767 62 20 pure

2011 2786 105 23 facendo
2128 2788 75 22 bocca
2215 2790 30 21 da
2268 2791 82 22 ridere
2361 2792 22 21 si
2396 2799 89 16 amma-

2010 2819 57 22 niva
2078 2821 31 20 ad
2120 2825 204 25 accompagnarlo
2349 2825 26 21 in
2394 2826 91 23 istrada

2010 2858 43 21 per
2065 2855 113 21 metterlo
2190 2861 13 15 a
2224 2857 104 26 cavallo,
2349 2860 98 25 quando
2460 2861 24 21 di

2010 2886 69 21 botto
2092 2887 20 21 il
2122 2887 87 28 signor
2222 2888 120 24 Giacomo
2355 2892 20 21 si
2389 2893 72 22 voltò
2472 2900 13 15 a

2009 2918 99 23 Nasone
2119 2926 14 15 e
2141 2921 34 27 gli
2186 2922 65 22 disse
2263 2930 6 13 :

2037 2964 25 4 —
2072 2952 35 22 Mi
2119 2954 124 22 rincresce
2252 2957 111 26 preprio,
2378 2958 106 26 Nasone,

2010 2984 25 22 di
2058 2986 148 23 andarmene
2230 2994 70 17 senza
2323 2991 115 22 lasciarvi
2453 2999 31 15 un

2010 3023 82 22 pegno
2105 3019 46 21 che
2161 3021 72 27 valga
2244 3028 14 15 a
2271 3025 180 22 rammentarvi
2463 3026 22 21 la

2009 3051 71 22 stima
2093 3052 26 22 in
2137 3053 46 22 che
2203 3055 27 21 vi
2242 3055 41 27 I10,
2297 3062 15 16 e
2322 3057 105 22 l'amore
2438 3059 47 21 che

2009 3084 25 21 vi
2046 3087 81 25 porto.
2142 3086 30 22 La
2180 3090 85 20 natura
2274 3090 98 22 avendo
2383 3097 101 21 pensaio

2008 3123 14 15 a
2034 3117 65 22 farvi
2111 3119 24 22 le
2146 3125 72 22 spese
2231 3122 23 21 in
2262 3125 91 24 quanto
2366 3129 14 15 a
2391 3125 93 21 vestia-

2008 3150 46 26 rio,
2068 3152 168 26 qualcheduna
2249 3155 65 21 delle
2325 3157 52 20 mie
2388 3159 96 26 spoglie

2009 3189 49 16 non
2070 3185 134 24 sarebbero
2224 3189 22 20 al
2267 3194 67 16 caso.
2343 3201 28 5 —
2384 3189 98 24 Intanto

2008 3222 80 17 aveva
2099 3220 66 21 stesa
2176 3220 23 21 la
2210 3226 82 21 mano,
2307 3228 13 15 e
2340 3223 19 21 il
2371 3229 60 16 cane
2447 3225 37 21 in-

2009 3251 124 21 tendendo
2145 3253 173 23 ottimamente
2343 3255 47 22 che
2401 3257 21 20 si
2435 3263 50 15 cer-

2009 3288 59 16 cava
2078 3284 24 21 la
2114 3290 43 15 sua
2179 3291 92 21 zampa,
2292 3288 77 27 gliela
2393 3294 73 23 porse
2476 3297 5 19 ;

2010 3315 49 22 cosi
2070 3318 82 21 stretti
2173 3319 108 22 insieme
2291 3320 79 23 faccia
2392 3328 95 22 appun-

2008 3350 48 20 tata
2069 3355 13 15 a
2094 3349 87 28 faccia,
2193 3352 16 21 il
2223 3352 111 23 Boswell
2349 3356 118 27 proseguì
2477 3363 7 15 :

2008 3393 28 4 —
2044 3382 84 22 Anelli
2139 3389 50 17 non
2209 3390 64 17 sono
2293 3388 102 21 adattati
2409 3395 45 20 per
2462 3390 22 20 le

2008 3416 86 20 vostro
2106 3416 60 26 dita,
2176 3423 14 15 e
2199 3419 42 26 poi
2253 3424 52 16 non
2317 3425 167 24 convengono

2008 3447 31 21 ad
2050 3454 83 21 uomo,
2144 3449 31 22 nè
2184 3456 13 15 a
2205 3456 61 16 cane
2275 3452 90 22 libero.

2181 3539 162 30 (Cuntinua)
