2548 3778
89 54 51 51 U
168 41 326 56 Manifestu
530 40 437 65 Autonomista

215 125 617 58 Alsazianu=Lorenu

78 286 16 20 4.
105 276 95 27 stampa
206 271 120 29 francese
334 268 29 22 di
374 268 110 21 Francia
496 275 13 13 e

67 310 165 31 Uf-a-francese
239 303 27 22 di
279 302 106 21 Corsica
394 301 33 21 ha
439 307 68 16 cum-

58 346 92 29 nentatu
170 347 16 15 a
205 343 27 16 so
244 335 78 23 mòdu
345 340 16 16 u
386 334 122 28 manifes-

50 363 15 16 11
82 372 165 33 aUfonomista
254 367 253 29 Alsasfianu-Lorenù

51 391 38 49 tUr
101 403 131 36 Uggitt*mà
245 401 154 23 l’attitudrne
414 402 93 21 contru

48 425 84 52 Ratura
152 440 59 23 d’un
218 440 118 25 guveruu
355 439 75 23 sença
453 435 53 21 ris-

98 505 151 35 publichenu
261 502 34 22 ad
304 507 48 17 usu
370 502 35 21 d'i
422 503 86 20 nostri

49 544 77 30 lettori
132 536 140 34 parch'ellu
282 536 25 21 ci
313 537 72 25 pare,
395 541 30 16 ne
442 541 16 15 a
476 541 28 15 so

48 582 73 25 calma
138 569 105 32 dignità,
260 575 17 16 u
301 574 28 15 so
350 569 85 27 spirtu
458 575 12 14 e
490 574 15 16 a

47 605 150 35 chiaretfadi
216 610 13 14 e
250 602 192 29 so-rivendicay
445 608 54 20 one,

46 655 29 19 an
106 638 131 30 magnifiai
261 635 151 22 documentai
431 635 73 29 fallu

47 686 39 19 ■ber
99 670 108 35 provoeà
225 669 200 28 Vdmmiragione
443 669 61 22 d'un

45 706 160 35 napunaUsta
214 708 45 17 cor
258 708 38 15 su.

68 736 20 32 X
99 737 168 29 mederaqione
276 735 29 22 di
319 741 16 15 a
351 735 100 22 chiama
468 735 36 22 d’i
513 737 3 33 j

44 774 108 30 batriotti
170 770 128 27 d'Alsagia
321 775 13 14 e
355 768 28 22 di
404 768 98 22 Lorena

43 808 121 29 cuntrasta
175 810 31 16 eu
215 801 156 24 l'attitudine
378 804 125 26 provoca-

44 847 55 24 trice
109 841 27 22 di
143 845 17 16 u
169 841 117 25 guvernu
298 842 13 15 e
321 835 28 22 di
367 841 16 16 a
401 837 101 26 stampa

43 879 38 25 chi
91 876 20 23 U
119 875 24 21 si
143 872 15 22 à
170 878 16 15 a
197 870 25 22 la
224 871 36 21 tu.

65 912 13 22 J
85 906 88 27 settarj
187 904 42 22 chi
240 902 161 23 cumandanu
414 903 27 21 in
454 902 47 22 Pa-

42 944 59 30 rigçi
116 941 66 21 danu
194 944 15 15 a
227 943 17 16 u
262 942 58 16 mon
322 936 36 22 du
376 937 67 20 inter
445 941 17 16 u
483 942 17 15 u

41 972 129 36 spettaculu
182 971 58 22 d’un
242 976 16 16 a
269 969 171 28 intolleran^a
451 971 49 26 po-

42 1018 26 18 cu
75 1010 83 26 degna.

50 1052 66 26 Appel
123 1051 15 18 à
144 1050 52 18 tous
204 1048 35 19 les
246 1046 240 20 Alsaciens-Lorrains

137 1074 81 19 fidèles
226 1073 14 18 à
250 1073 51 18 leur
311 1072 76 19 Patrie

56 1114 31 18 Les
95 1108 109 23 soussignés,
211 1108 12 16 à
228 1107 48 18 cette
284 1106 60 18 heure
352 1110 63 18 grave,
422 1106 78 17 s’adres-

37 1140 36 19 sent
81 1142 23 13 au
111 1134 65 24 peuple
188 1132 183 19 d’Alsace-Lorraine.
384 1135 47 18 pour
437 1130 63 18 l’invi-
508 1125 6 23 I

37 1168 25 16 ter
67 1164 11 16 à
84 1160 77 20 l’action.
179 1167 4 4 •

53 1187 67 20 Hésiter
131 1184 42 23 plus
185 1184 104 22 longtemps
303 1182 56 18 serait
371 1181 60 18 trahir
444 1181 54 18 notre
507 1178 6 33 J

36 1213 51 25 patrie
92 1217 5 12 :

41 1248 29 18 La
76 1246 86 17 mesure
170 1244 35 16 est
211 1244 89 16 comble
307 1244 69 20 jusqu
382 1244 30 14 au
422 1244 61 13 oora.

51 1278 78 20 Pendant
139 1277 41 21 sept
186 1280 41 17 ans,
238 1279 48 14 nous
298 1279 48 14 nous
358 1277 81 15 sommes
451 1277 43 16 vus,

33 1308 19 17 de
57 1305 40 22 jour
104 1307 23 13 en
139 1302 43 23 jour
192 1302 46 17 dans
249 1301 54 17 notre
314 1304 67 18 propre
391 1303 51 19 pays,
456 1297 40 19 dé-

32 1327 89 27 pouillés
129 1328 24 17 de
159 1331 35 14 nos
203 1326 58 18 droits
266 1331 5 17 ;
281 1326 61 17 toutes
350 1325 28 18 les
391 1328 106 19 promesses

33 1356 46 23 qu’on
87 1357 46 14 nous
140 1352 51 19 avait
198 1351 55 19 faites
266 1351 153 18 solennellement
426 1350 33 17 ont
466 1349 30 18 été

32 1379 125 21 méconnues
160 1383 7 16 ;
175 1381 24 14 on
207 1376 78 19 cherche
292 1377 12 17 à
310 1375 99 19 étouffer
414 1379 34 14 nos
455 1379 41 18 par-

32 1403 92 21 ticularités
132 1403 98 22 ethniques
238 1404 20 17 et
265 1403 54 18 notre
326 1402 74 22 langue,
410 1405 33 14 nos
452 1400 44 18 coû-
505 1404 2 17 ;

31 1434 52 16 tûmes
91 1430 20 17 et
116 1433 34 14 nos
158 1428 103 18 traditions.
270 1427 50 19 Nous
329 1431 67 14 savons
404 1427 12 17 à
421 1425 75 23 présent
504 1424 3 32 |

31 1460 30 19 que
65 1456 26 17 les
97 1454 102 22 fanatiques
205 1454 24 17 de
233 1453 134 18 l’assimilation
372 1452 33 18 ont
410 1451 38 23 jeté
453 1451 42 18 leur

31 1480 58 20 dévolu
97 1484 33 13 sur
141 1479 113 21 l’existence,
267 1478 55 18 l’âme
330 1479 20 17 et
356 1478 19 17 la
388 1477 72 18 culture
467 1476 27 17 du

31 1505 57 24 peuple
95 1504 162 22 alsacien-lorrain,
267 1508 44 14 sans
319 1504 19 17 le
346 1502 83 19 moindre
437 1501 57 23 égard

31 1536 37 18 pour
74 1534 35 14 nos
117 1530 114 18 convictions
238 1530 20 17 et
262 1529 54 18 notre
323 1527 113 19 conscience.

46 1556 70 21 Chaque
129 1555 36 18 fois
172 1559 38 18 que
220 1559 47 14 nous
278 1554 75 22 parlons
366 1553 33 17 des
407 1551 58 18 droits
473 1552 21 17 et

31 1583 24 17 des
60 1580 75 19 libertés
143 1580 24 18 de
175 1581 54 16 notre
236 1579 59 22 patrie
302 1579 19 17 et
327 1578 24 17 de
356 1578 54 17 notre
418 1576 73 22 peuple,
501 1570 6 39 J

31 1606 42 23 qu’ils
81 1605 61 18 soient
154 1605 82 20 naturels
244 1608 25 14 ou
276 1603 56 22 qu’ils
346 1606 47 14 nous
403 1602 52 18 aient
462 1601 30 18 été
501 1597 6 35 J

30 1631 58 23 légués,
102 1634 24 13 on
134 1634 21 13 se
163 1633 67 18 moque
237 1629 24 17 de
269 1632 53 17 nous,
332 1632 24 13 on
363 1631 48 14 nous
423 1627 68 18 inonde
500 1623 6 33 J

30 1658 18 17 de
54 1658 79 16 menaces
141 1654 20 18 èt
167 1654 25 18 de
199 1653 106 18 calomnies.

48 1684 57 19 Cette
119 1681 137 22 souffrance,
273 1685 60 14 nous
346 1685 29 14 ne
391 1680 99 19 voulons

29 1710 44 23 plus
79 1708 22 18 la
108 1707 127 22 supporter;
240 1710 59 15 nous
306 1710 30 14 ne
341 1706 24 18 la
372 1706 118 22 supporte-

29 1739 45 15 rons
80 1727 55 29 pins,
143 1732 14 17 à
165 1736 88 14 aucune
264 1731 123 18 condition.

98 1769 45 9 iiuus
151 1769 81 8 soxiiiiico
243 1769 59 8 IOUUU
313 1769 73 12 cuuipic
393 1769 37 13 41x0
437 1769 52 12 pita-

29 1792 30 18 que
65 1787 38 18 tout
107 1786 18 18 le
133 1786 66 22 peuple
206 1785 163 21 alsacien-lorrain,
376 1789 37 18 que
420 1786 42 17 tout
465 1789 23 14 ce

29 1813 26 23 qui
61 1812 45 18 reste
117 1815 65 14 encore
190 1811 24 17 de
227 1810 53 18 noble
289 1811 20 17 et
321 1810 99 19 d’honnête
427 1811 61 21 parmi

29 1842 47 17 nous,,
78 1842 23 13 au
109 1837 42 21 fond
159 1836 26 17 du
194 1840 51 13 coeur
251 1839 60 19 pense
324 1839 71 14 comme
402 1839 54 18 nous,
465 1840 22 13 se

29 1859 67 23 réclame
108 1865 69 15 comme
191 1865 47 14 nous
246 1861 24 18 de
277 1856 20 22 ia
311 1860 132 19 conscience
458 1860 28 19 de

28 1886 203 20 l’Alsace-Lorraine
247 1887 20 17 et
274 1886 25 18 de
312 1885 96 19 l’amour
422 1886 28 18 de
462 1885 25 19 la

29 1913 67 23 patrie,
103 1913 19 17 et
129 1912 66 18 entend
208 1912 102 21 remplacer
317 1911 29 18 les
358 1911 91 18 divisions
456 1915 30 15 ac-

29 1938 55 19 tuelles
92 1942 31 18 par
130 1937 92 18 l’estime
234 1936 109 18 mutuelle
351 1938 19 17 et
383 1936 102 19 l’enraci-

28 1964 77 17 nement
114 1961 96 23 profond
222 1961 56 18 dans
285 1961 24 18 le
317 1961 36 18 sol
364 1962 71 18 natal.
444 1961 40 23 Que

28 1987 97 23 l’impulsion
138 1987 36 18 soit
188 1987 76 21 donnée,
274 1988 20 17 et
301 1987 43 18 tous
357 1991 22 14 se
391 1987 94 23 ligueront

29 2018 40 18 pour
74 2013 96 18 constituer
177 2017 22 14 ce
205 2012 50 18 front
262 2012 70 22 unique
340 2013 65 22 depuis
411 2013 17 18 si
432 2013 52 23 long-
494 2013 2 17 i

27 2040 50 20 temps
83 2038 65 21 désiré;
157 2042 47 18 pour
217 2037 80 22 chasser,
307 2038 45 17 d’un
363 2037 61 19 même
431 2042 52 14 coeur

28 2065 15 17 et
47 2064 49 18 d’une
101 2063 57 18 même
166 2063 79 22 volonté,
253 2063 121 22 l’oppression
380 2064 20 17 et
404 2064 19 18 la
428 2064 55 18 ruine

28 2089 19 18 de
52 2090 47 17 notre
105 2093 49 19 pays.

43 2114 44 18 Telle
91 2115 27 17 est
122 2115 51 17 notre
178 2113 103 19 conviction
285 2119 5 12 :
296 2114 18 18 la
320 2114 113 23 sauvegarde
438 2116 20 17 et
462 2115 19 18 la

27 2139 38 18 mise
71 2143 22 14 en
100 2139 64 22 action,
169 2139 77 18 féconde
253 2139 34 18 des
295 2139 59 18 droits
365 2139 116 24 imprescrip-

27 2164 45 18 tibles
75 2165 19 17 et
98 2164 114 19 inaliénables
218 2165 25 17 du
246 2165 68 22 peuple
318 2165 161 22 alsacien-lorrain,

28 2189 37 18 ainsi
71 2194 33 18 que
110 2190 18 18 la
135 2189 102 23 réparation
248 2190 33 18 des
290 2190 78 19 milliers
376 2191 20 17 et
402 2190 78 19 milliers
491 2184 5 25 I

28 2214 96 23 d’injustices
131 2215 96 18 commises
235 2215 12 18 à
254 2216 54 17 notre
314 2215 63 23 égard,
386 2220 25 14 ne
418 2217 63 17 seront
490 2209 6 33 |

28 2239 68 19 assurées
103 2245 34 17 que
141 2240 18 18 le
166 2241 43 22 jour
214 2241 30 21 où,
252 2245 24 14 en
284 2242 41 17 tant
329 2245 36 18 que
373 2240 106 19 minorité
490 2235 5 24 I

28 2265 102 22 nationale,
140 2270 57 14 nous
209 2270 84 15 aurons
305 2266 84 19 obtenu
398 2266 81 19 l’auto-

28 2290 59 18 nomie
95 2291 106 22 complète
210 2291 56 19 dans
271 2291 23 19 le
303 2292 68 18 cadre
377 2291 28 19 de
410 2292 68 18 l’Etat
489 2284 5 26 I

27 2313 87 23 français.

43 2344 43 14 cette
92 2344 101 16 autonomie
206 2344 129 21 legislative
344 2344 18 17 et
370 2344 107 17 adminis-

27 2365 67 19 trative
100 2366 38 18 doit
144 2367 107 23 s’exprimer
259 2372 33 18 par
300 2373 26 13 un
332 2371 66 19 corps
407 2368 28 18 de
442 2372 35 14 re-

26 2389 121 22 présentants
155 2391 49 20 élus
212 2397 33 18 par
252 2393 19 18 le
281 2394 73 22 peuple,
363 2397 46 14 avec
417 2393 60 19 droit

27 2414 20 18 de
58 2415 80 25 budget,
148 2418 19 17 et
174 2423 34 17 par
220 2423 26 13 un
259 2419 98 22 pouvoir
370 2418 105 23 exécutif,

26 2439 31 18 issu
67 2441 22 17 du
105 2443 64 21 peuple
186 2444 162 22 alsacien-lorrain,
367 2444 84 23 siégeant
465 2445 11 18 à

26 2464 95 26 Strasbourg,
131 2469 18 17 et
159 2469 69 18 devant
238 2473 76 14 assurer
321 2470 18 17 la
351 2469 67 18 liaison
431 2474 45 14 avec

25 2488 42 20 l’Etat
76 2491 78 24 français,
167 2494 24 18 de
202 2496 74 17 concert
286 2499 47 14 avec
340 2495 19 18 le
370 2495 106 18 Parlement

25 2518 69 16 commun
98 2518 11 17 à
113 2518 55 23 Paris,
174 2523 47 18 pour
225 2520 28 18 les
261 2520 95 22 questions
364 2520 112 19 intéressant

24 2538 13 18 la
42 2540 59 20 France
109 2547 22 14 en
138 2544 79 23 général.

39 2566 52 19 Avant
97 2568 43 22 tout,
149 2573 23 14 en
179 2574 22 14 ce
209 2570 32 22 qui
249 2575 89 14 concerne
343 2571 18 18 la
370 2572 104 22 question

24 2592 53 19 grave
85 2593 22 17 et
113 2593 133 23 importante
257 2596 28 18 de
293 2597 66 17 notre
370 2597 102 22 attitude,

24 2617 19 15 UQ
49 2616 43 18 fr°nt
98 2619 65 22 unique
170 2621 39 18 doit
217 2621 39 18 être
264 2621 57 19 établi
326 2627 5 16 ;
339 2622 24 18 de
367 2623 49 17 cette
421 2622 52 22 façon

24 2642 25 15 nos
55 2641 52 20 forces
113 2644 22 18 de
140 2645 71 19 combat
217 2651 23 14 ne
245 2648 89 21 pourront
342 2647 40 18 être
389 2648 84 19 sabotées

24 2665 13 15 et
43 2665 80 22 affaiblies
136 2675 32 17 par
175 2671 34 18 des
222 2672 56 19 luttes
292 2673 103 22 d’opinions
408 2674 20 17 et
439 2674 34 17 des

24 2691 74 19 querelles
105 2694 22 16 de
134 2696 56 14 nartîo

24 2737 23 13 I»P
67 2721 21 25 f*’
96 2723 22 13 au
131 2722 50 20 P°*ût
194 2722 23 18 de
230 2727 37 13 vue
277 2723 35 18 des
326 2724 103 22 rapports
444 2724 27 18 de

34 2740 62 22 %lise
110 2747 21 15 et
145 2746 27 18 de
185 2747 68 19 l’Etat
266 2750 20 17 et
299 2750 24 17 de
336 2749 18 18 la
368 2750 104 22 question

24 2767 29 26 f5?
61 2767 48 24 aire>
114 2775 44 14 nous
166 2776 80 15 sommes
252 2778 47 18 pour
305 2774 18 18 le
329 2775 90 18 maintien
424 2775 24 18 de
454 2775 18 18 la

29 2791 78 20 egislation
119 2797 82 22 actuelle,
218 2799 85 22 jusqu’au
319 2801 82 17 moment
415 2801 23 17 où
453 2801 18 17 le

24 2816 50 20 peuple
78 2818 148 24 alsacien-lorrain
233 2824 96 19 lui-même
334 2830 43 13 sera
381 2830 23 13 en
410 2830 61 14 mesu-

31 2841 32 38 re
68 2842 66 21 décider
141 2847 22 18 de
171 2852 30 14 ces
210 2850 86 18 matières
305 2851 54 17 d’une
363 2851 54 21 façon
425 2851 46 18 défi-

24 2869 49 36 Je-
80 2868 22 18 *-a
109 2871 77 19 solution
193 2874 24 18 de
225 2875 18 18 la
253 2875 86 22 question
348 2876 61 22 serait,
419 2876 50 18 selon

25 2910 34 18 dro't
65 2916 5 4 •
144 2902 22 14 en
173 2903 80 19 Y*Sueui>
260 2901 26 17 du
294 2901 85 22 priucipe
387 2901 80 18 suivant:

25 2939 14 13 ia
43 2918 10 36 /
65 2920 89 21 mv'°*a^e
161 2923 33 19 des
202 2927 75 19 parents
283 2927 24 17 de
312 2926 75 19 décider
392 2926 43 22 quel
439 2931 30 14 se-

25 2945 86 36 fantsêGllre
122 2946 155 26 d’enseignement
292 2951 60 19 donné
359 2952 12 17 à
378 2952 51 18 leurs
436 2956 33 14 en-

23 2997 92 36 fesDfJf1^6’
121 3004 45 15 nous
171 3002 102 21 réclamons
281 3006 43 17 tous
332 3005 66 22 égards
403 3006 21 17 et
428 3006 41 18 tout

21 3041 24 16 nos
49 3046 17 11 en
81 3026 62 17 envers
150 3026 18 19 le
176 3028 144 24 christianisme;
327 3030 19 19 la
353 3031 84 22 majorité
444 3031 24 18 de

21 3062 34 22 c'est
60 3073 8 11 s
92 3049 70 35 ?t!-i0tes
165 3052 28 31 ln}
196 3055 31 17 est
230 3055 142 22 Profondément
377 3056 89 22 attachée;

20 3073 105 34 fiotrelui’
137 3077 189 25 ^“’fnstoriquement,
338 3081 19 18 la
364 3081 72 18 culture
443 3082 24 18 de

19 3099 131 34 laïeUp,aJs.s’est
155 3102 55 20 bâtie.
216 3104 34 19 Ses
257 3106 96 22 multiples
360 3106 61 19 forces
428 3107 39 18 cul-

19 3126 133 29 d’uneVeQt
157 3129 40 18 cire
201 3129 84 20 utilisées
290 3135 47 18 pour
342 3131 124 19 l’élaboration

33 3163 15 19 Si
55 3150 17 35 ce
76 3150 16 13 16
101 3150 5 27 -
108 3150 54 20 005310
170 3154 52 19 riche
230 3156 19 17 et
257 3156 58 19 saine.

18 3184 13 19 Ig
35 3175 55 35 résiilf
134 3176 25 18 dü
166 3182 115 20 Programme
290 3182 29 18 est
327 3182 43 18 bien
379 3182 85 23 compris,

18 3214 63 20 tê$Peeté
95 3227 5 4 -
107 3202 40 17 S6ra
153 3207 12 17 ^
165 3208 24 13 116
195 3205 42 18 tout
242 3207 54 18 autre
304 3207 75 22 opinion
385 3212 20 13 se
411 3212 55 14 verra

17 3235 37 23 toute
60 3235 40 23 i,,*.’
113 3229 20 26 ?e
141 3230 46 26 s.era’
195 3230 25 18 de
227 3231 48 22 plus,
287 3232 69 18 fermer
362 3233 20 18 la
393 3234 53 21 porte
454 3233 12 18 à

17 3263 43 21 serait
66 3251 36 36 mit
112 3274 6 5 •
130 3251 66 32 atici.âe
207 3259 47 18 pûur
266 3257 85 22 Avenir,
370 3258 50 18 lutte
432 3258 33 22 qui

16 3283 54 26 diyisg.
73 3296 18 13 nt
98 3276 25 15 ea
129 3277 55 20 Profit
191 3283 34 18 par
230 3285 34 14 nos
272 3283 84 18 ennemis
363 3287 49 17 pour
417 3287 47 14 nous

15 3307 24 22 lité
44 3315 20 19 ^
70 3323 19 15 cg
97 3302 44 16 poar
145 3306 46 16 nous
199 3305 79 20 frustrer
286 3312 25 13 en
316 3308 52 17 toute
376 3308 89 22 tranquil-

15 3336 39 19 ûotre
102 3327 12 25 ?
121 3326 22 17 de
151 3332 33 14 nos
191 3329 59 20 droits
258 3333 33 22 qui
299 3333 43 18 sont
350 3337 95 14 communs
452 3333 12 18 à

30 3347 91 37 SoufvPl;
128 3352 98 22 etin°to
233 3358 66 21 P*»-

15 3385 52 24 pre^e
73 3378 41 33 dan*
123 3399 6 12 i
144 3380 10 14 S
161 3382 17 25 -^
178 3384 23 13 116
209 3380 19 19 la
239 3382 83 24 lan£ue
336 3383 127 19 allemande

14 3408 37 23 place
57 3419 27 15 ouï
93 3421 6 13 i
107 3402 10 25 S-
129 3424 3 2 •
148 3402 31 19 v5e
190 3406 88 23 Pnblique
292 3409 24 17 de
324 3410 54 17 notre
390 3414 46 18 pays
443 3410 20 17 la

14 3431 59 28 tcruelîe
79 3426 124 39 de*r*reVîent’
265 3437 71 15 comme
349 3434 68 23 langue
425 3439 38 14 ma-

15 3459 24 19 ice
44 3454 164 32 cofflmpi.lmmeüSe
216 3457 83 22 niajorité
307 3459 24 18 de
337 3460 54 18 notre
394 3460 68 22 peuple

14 3480 29 23 tQfe
48 3489 23 19 du
77 3478 121 32 mnnaUne.des.
202 3482 101 20 Premières
310 3484 78 23 langues
392 3485 25 18 de
423 3485 39 18 cul-

32 3510 54 25 départ
91 3520 21 15 a*
118 3523 18 9 ir
142 3502 27 17 'A
176 3503 8 17 l
189 3504 49 20 éc°ie
246 3507 35 19 ePe
289 3509 40 18 doit
336 3509 40 18 être
382 3510 18 17 le
408 3510 53 22 point

15 3529 60 32 Jument
79 3548 5 12 ;
96 3546 22 15 Pii
130 3527 113 34 ^^raction,
250 3533 20 17 et
275 3537 24 14 en
304 3534 98 18 demeurer
409 3535 52 18 l’ins-

20 3562 119 26 .^iguemet
148 3553 27 17 01t
188 3557 58 17 0011341
247 3558 42 18 tuer
302 3564 38 13 nne
348 3560 80 18 branche
435 3560 25 18 de

15 3577 29 24 !‘ûq-
48 3586 44 23 Dans
99 3594 21 15 i’a
121 3598 11 11 a
140 3587 6 8 5
151 3581 50 25 -aTec
209 3585 26 13 un
243 3586 78 16 e-amen
329 3589 71 14 comme
408 3589 52 14 sane-

13 3605 39 30 f511*,
58 3614 33 19 elle
98 3604 156 31 dnitm»^1St^at5oQ
261 3608 19 17 e4
287 3609 70 18 devant
363 3610 29 18 les
400 3610 60 18 tribu-

17 3631 45 23 ^gue
69 3639 73 26 français
165 3627 48 19 teû5r
220 3630 27 19 '6S
256 3633 69 19 ~^mes
333 3635 59 18 droits
398 3639 37 18 que
439 3636 20 17 la

557 271 36 19 Nos
597 274 135 22 organisations
736 277 190 26 d’enseignement
929 283 80 19 élémen-

537 297 45 18 taire
590 299 18 16 et
616 299 103 24 supérieur,
726 303 23 17 de
755 304 59 18 même
822 310 37 17 que
864 311 35 13 nos
904 309 62 17 autres
971 309 38 18 éta-

535 321 117 21 blissements
666 326 135 25 d’instruction,
815 330 77 19 doivént
905 332 39 19 être
955 334 53 22 gérés

534 348 46 16 dans
592 349 60 18 toutes
664 350 52 19 leurs
730 352 95 24 branches,
839 360 37 13 non
885 361 32 17 pas
931 358 77 19 suivant

534 372 28 18 les
568 374 62 18 ordres
635 375 24 18 de
665 375 159 22 l’administration
832 382 81 17 centrale
919 382 23 18 de
947 383 59 22 Paris,

534 397 47 18 mais
586 399 144 20 conformément
736 407 37 13 aux
778 404 75 19 besoins
859 406 71 22 locaux,
937 412 24 13 en
967 413 41 17 rap-

534 424 42 19 port
581 428 44 13 avec
630 424 19 18 le
656 425 70 19 niveau
732 428 23 17 de
760 428 18 18 la
783 429 72 19 culture
861 435 24 13 en
892 432 116 19 Alsace-Lor-

534 452 57 14 raine.
596 448 56 19 Notre
661 450 52 19 futur
721 452 104 20 Parlement
834 460 24 13 en
866 456 90 22 décidera,
966 458 41 17 tout

533 477 24 13 en
566 473 80 19 donnant
654 480 38 13 aux
700 479 74 19 parents
783 480 19 16 et
808 484 24 13 au
841 482 97 20 personnel
947 483 60 17 ensei-

533 499 58 20 gnant
597 504 25 12 un
629 500 49 17 droit
686 501 144 20 d’intervention
839 504 38 18 très
886 505 74 19 étendu.

554 522 50 19 Nous
612 524 90 19 estimons
710 530 37 17 que
755 527 39 17 l’un
802 528 24 17 de
834 534 34 12 nos
877 531 89 20 premiers
975 532 32 16 de-

532 547 51 18 voirs
591 550 29 16 est
627 550 24 16 de
658 550 81 18 cultiver
749 552 18 16 le
775 553 101 18 sentiment
888 555 80 18 national
982 560 24 13 en

531 572 167 21 Alsace-Lorraine:
708 576 23 17 de
739 576 67 19 veiller
811 578 11 17 à
827 582 22 14 ce
857 583 37 18 que
897 579 19 18 la
922 580 84 18 connais-

532 602 54 14 sance
594 600 41 21 qu’a
641 601 54 17 notre
699 602 67 21 peuple
771 603 24 17 de
802 607 33 14 son
841 604 54 22 passé
902 604 103 24 historique

533 624 19 17 et
559 624 23 18 de
590 628 21 14 sa
618 625 113 19 civilisation
738 628 87 19 demeure
833 629 95 19 inaltérée,
933 630 40 18 afin
981 632 24 17 de

531 648 125 25 l’encourager
662 651 12 18 à
682 656 21 13 sa
711 656 66 19 propre
792 654 59 22 tâche,
860 655 25 18 de
893 655 17 18 le
919 656 86 18 stimuler

530 674 12 17 à
549 675 110 22 développer
667 681 22 13 sa
696 682 67 18 propre
771 679 79 18 culture.

552 699 49 20 Nous
611 701 108 23 réclamons,
732 707 72 14 comme
817 706 53 16 notre
878 705 49 18 droit
933 706 19 18 le
960 707 44 21 plus

530 725 79 21 naturel,
623 730 25 13 en
655 728 56 17 vertu
725 728 23 17 de
756 728 19 18 la
788 730 108 18 conscience
908 735 37 17 que
955 735 48 14 nous

530 753 57 14 avons
600 750 23 17 de
636 752 122 22 nous-même,
773 758 25 13 en
805 755 55 17 vertu
874 756 24 16 de
911 755 92 23 principes

529 774 75 18 sociaux
613 776 19 17 et
639 776 138 24 linguistiques,

593 808 67 19 Place
669 814 30 14 au
708 809 71 20 Soleil
790 816 59 18 pour
856 812 35 18 les
898 813 39 18 fils

680 835 28 18 de
716 837 65 17 notre
790 836 61 19 Race

528 870 33 22 qui
569 875 20 13 se
596 871 45 18 sont
648 872 80 23 engagés
736 873 47 17 dans
794 873 80 22 quelque
884 874 79 18 carrière
970 875 33 17 ad-

528 895 130 19 ministrative.
672 896 40 18 Eux
731 897 50 18 seuls
800 899 88 20 peuvent,
902 899 99 22 jusqu’aux

527 920 52 22 plus
585 920 81 19 hautes
675 921 83 22 places,
763 923 99 21 accomplir
869 923 20 18 le
896 924 66 18 travail
969 925 33 17 ad-

527 945 115 22 ministratif,
657 946 39 22 qui,
705 947 26 17 du
739 946 35 18 fait
780 947 25 18 de
818 947 134 20 circonstances
961 949 40 23 spé-

527 971 61 21 ciales,
592 971 132 22 linguistiques
729 973 18 17 et
752 972 113 22 culturelles,
870 974 29 17 est
902 974 45 18 chez
952 979 48 14 nous

526 996 119 18 doublement
653 996 84 19 difficile.
743 996 40 19 Eux
791 998 51 18 seuls
850 1002 48 14 nous
906 999 95 19 débarras-

527 1022 63 17 seront
597 1021 25 18 du
631 1021 76 19 fardeau
716 1022 55 18 d’une
779 1022 128 19 bureaucratie
920 1025 79 18 arriérée

526 1047 20 17 et
553 1047 24 17 de
584 1047 62 18 toutes
659 1047 29 18 les
700 1047 98 23 injustices
811 1048 81 19 criantes
905 1049 32 22 qui
951 1055 48 14 nous

525 1071 100 19 harcèlent.

548 1105 49 18 Nous
606 1105 102 19 réclamons
717 1107 23 18 de
748 1107 42 22 plus
796 1112 5 13 :

547 1130 124 19 L’autonomie
685 1132 90 22 complèfe
788 1133 33 17 des
835 1133 83 18 chemins
931 1134 24 18 de
969 1134 29 18 fer

524 1155 175 19 alsaciens-lorrains
707 1157 32 21 qui
747 1157 77 18 doivent
831 1157 40 19 être
879 1159 19 17 la
905 1159 93 22 propriété

524 1181 26 17 du
558 1181 65 22 peuple
630 1181 183 19 d’Alsaee-Lorraine.

523 1230 95 23 culture,
630 1231 27 18 du
670 1235 127 15 commerce
805 1233 20 17 et
832 1233 24 18 de
869 1233 127 19 l’industrie

523 1255 183 23 d’Alsace-Lorraine,
721 1258 40 17 tant
774 1262 25 13 au
812 1258 53 22 point
878 1259 23 18 de
914 1263 37 14 vue
962 1259 34 18 des

522 1281 65 18 traités
595 1282 24 18 de
626 1286 102 14 commerce
740 1287 37 18 que
784 1287 34 18 par
825 1285 76 21 rapport
908 1284 11 17 à
927 1284 17 17 la
953 1289 43 14 con-

522 1311 88 14 currence
617 1307 91 22 française
716 1308 23 18 de
747 1308 109 19 l’intérieur.

544 1332 26 18 La
578 1332 79 19 réforme
665 1333 25 18 du
705 1333 99 23 système
817 1333 67 20 fiscal
897 1335 51 18 selon
957 1340 38 13 une

520 1357 68 23 justice
595 1358 67 18 sociale
669 1359 99 18 uniforme.

544 1383 140 19 L’achèvement
691 1384 24 19 de
721 1385 53 18 notre
780 1383 130 26 législation
918 1386 75 19 socia-

520 1408 30 23 le,
556 1408 49 24 figée
610 1409 67 23 depuis
685 1410 32 18 des
724 1410 73 22 années,
803 1412 20 17 et
830 1411 46 18 dont
883 1412 18 17 le
908 1411 86 24 dévelop-

520 1435 75 21 pement
602 1436 31 17 est
639 1435 61 18 arrêté
708 1440 32 18 par
748 1436 29 18 les
785 1436 66 18 efforts
864 1437 129 19 retardataires

520 1460 24 17 de
551 1460 140 19 l’assimilation.

542 1485 25 18 Le
572 1485 148 19 rétablissement
725 1486 23 19 de
752 1486 103 19 l’ancienne
862 1487 131 24 législation

518 1510 144 23 municipale,
670 1511 76 23 adaptée
761 1517 37 13 aux
811 1513 103 18 conditions
928 1513 65 19 écono-

518 1535 73 22 miques
598 1536 95 19 actuelles.

540 1560 50 18 Nous
604 1565 80 15 sommes
697 1562 113 22 partisans
824 1563 167 20 enthousiastes

517 1584 30 19 de
561 1585 65 19 l’idée
634 1586 29 18 de
678 1587 60 22 paix,
751 1587 28 19 de
787 1588 24 18 la
826 1588 165 20 collaboration

516 1610 182 24 internationale,
712 1614 20 17 et
739 1614 102 18 ennemis
855 1614 31 19 du
897 1615 94 20 chauvi-

516 1635 78 23 nisme,
604 1636 27 18 de
643 1637 176 23 l’impérialisme
834 1640 23 18 et
865 1640 31 18 du
906 1641 85 20 milita-

515 1661 70 18 risme
593 1666 44 14 sous
645 1663 62 18 toutes
715 1663 50 19 leurs
774 1664 75 19 formes.

538 1685 56 20 Notre
608 1692 51 18 pays,
677 1688 53 22 point
742 1689 25 18 de
781 1691 99 18 rencontre
893 1692 23 18 de
930 1692 61 19 deux

515 1711 85 23 grande
609 1712 106 23 cultures,
721 1714 40 18 doit
765 1715 40 18 être
810 1715 38 19 mis
854 1721 24 13 en
886 1721 74 15 mesure
965 1719 24 18 de

515 1737 98 22 participer
619 1738 12 17 à
638 1738 19 18 la
665 1739 137 19 réconciliation
810 1741 24 18 de
838 1741 20 18 la
864 1741 69 20 France
939 1744 20 17 et
965 1744 24 18 de

515 1762 118 24 l’Allemagne
648 1765 19 16 et
675 1764 23 18 de
709 1766 111 21 rapprocher
834 1767 46 18 dans
888 1772 28 14 un
928 1768 60 19 même

515 1788 66 17 travail
589 1788 115 19 civilisateur
708 1790 85 23 l’Europe
800 1792 112 19 occidentale
916 1794 19 17 et
939 1793 49 19 l’Eu-

515 1817 43 17 rope
567 1814 86 18 centrale.

535 1847 13 8 i
553 1847 38 9 «ux
603 1847 58 10 xaxrc
669 1847 92 11 duuuur
771 1847 76 13 routes
858 1847 39 14 ces
904 1847 82 15 reven-

512 1862 119 24 dications,
640 1868 59 15 nous
712 1866 97 19 voulons
823 1871 99 20 grouper
928 1869 58 18 l’en-

511 1888 86 19 semble
608 1888 30 18 du
651 1890 82 22 peuple
746 1891 196 21 alsacien-lorrain
957 1898 28 14 en

511 1917 45 14 une
561 1913 61 24 ligue
625 1915 139 23 patriotique
769 1916 172 26 (Heimatbund),
945 1920 39 22 qui

511 1937 15 19 à
530 1938 25 18 la
562 1938 45 19 fois
615 1939 48 19 doit
669 1940 23 19 le
700 1941 106 23 protéger
814 1943 23 17 et
841 1943 35 19 lui
884 1946 101 17 montrer

511 1963 23 18 le
542 1963 96 20 chemin.

533 1989 50 18 Nous
596 1995 24 13 ne
632 1991 81 18 voulons
727 1996 41 18 pas
777 1993 48 18 être
833 1998 31 14 un
878 1999 105 15 nouveau

511 2015 65 22 parti,
584 2016 46 17 mais
637 2016 104 19 seulement
748 2022 39 14 une
794 2019 125 22 organisation
927 2021 57 18 desti-

511 2039 34 18 née
558 2040 12 18 à
583 2045 112 19 encourager
701 2042 29 18 les
737 2043 60 22 partis
810 2044 91 19 existants
908 2045 12 18 à
928 2046 55 18 aban-

511 2065 70 18 donner
588 2066 63 18 enfin
658 2067 42 18 leur
707 2068 90 22 politique
807 2070 173 22 d’atermoiements,

511 2091 22 17 le
540 2091 62 18 leurre
610 2093 19 17 et
636 2092 24 18 de
668 2092 94 23 faiblesse,
771 2095 20 17 et
798 2094 11 18 à
817 2099 66 14 mener
892 2100 45 14 avec
944 2101 38 14 une

511 2116 105 22 implacable
626 2117 75 24 énergie
708 2119 19 17 la
735 2119 48 18 lutte
794 2124 48 18 pour
849 2120 28 19 les
886 2121 57 18 droits
952 2126 30 14 so-

511 2141 52 18 ciaux
571 2143 18 17 et
596 2143 101 18 nationaux
704 2144 25 18 de
735 2143 179 22 l’Alsace-Lorraine.

602 2175 58 20 Vive
667 2176 219 22 l’Alsace-Lorraine

584 2204 66 23 libre,
659 2206 131 19 consciente
798 2208 23 18 et
828 2207 62 19 forte
895 2208 6 18 !

529 2235 8 22 (
542 2234 83 24 Seguenu
636 2235 27 19 82
676 2236 92 24 signature
775 2238 21 18 di
803 2238 77 19 membri
891 2239 21 18 di
918 2245 14 12 u
937 2239 43 19 Hei-

511 2260 82 19 nalbund
598 2261 8 23 )

576 2292 48 18 Pour
628 2293 20 18 le
653 2292 72 20 Comité
729 2295 102 22 provisoire

592 2317 27 19 Le
624 2319 89 18 serétaire
718 2319 73 23 général
797 2320 123 19 Heimatbund
927 2327 5 12 :

848 2357 21 19 J.
876 2358 78 23 Keppi.

543 2430 35 31 U
597 2431 141 31 Pidone
761 2433 176 32 Muvpinu

525 2496 115 25 Ghjseppu
655 2497 106 21 Germani
778 2510 29 3 —
816 2500 18 19 U
845 2502 131 18 voslr'abbuna-

501 2524 118 18 menlucorre
622 2523 62 24 fin'uu
695 2524 73 19 1-6-27.
776 2525 70 19 Grazie.

522 2550 189 21 Bonacorsi—For
710 2558 20 13 se
734 2553 33 18 che
775 2553 24 22 si,
803 2554 52 23 forse
859 2554 34 18 che
899 2556 30 17 nà.

523 2579 78 19 P.M.—
606 2579 22 19 Si
633 2586 14 12 u
652 2582 59 17 voslru
722 2581 87 19 cursismu
818 2582 11 17 è
833 2581 141 24 impastughiatu

500 2604 23 18 da
530 2606 49 17 tante
582 2606 45 22 fune
637 2606 11 17 è
653 2606 67 23 megliu
729 2606 31 18 chi
767 2608 28 17 vo'
800 2607 18 18 vi
825 2612 23 13 ne
853 2608 53 18 stiate
918 2608 19 18 ih
945 2613 30 13 ca-

499 2634 20 13 sa
528 2631 66 17 vostra.

521 2657 83 23 Filippi
614 2659 47 18 —E
663 2659 63 24 grazie
733 2659 98 20 d’/ddiusù
838 2661 49 23 faite
891 2662 84 23 apposta!

498 2683 124 23 Lacateparla
629 2684 24 18 du
658 2684 66 19 daretu
728 2685 31 18 chi
763 2690 61 19 quessa
831 2686 10 17 è
851 2686 72 23 ghienle
929 2692 45 18 pur-

498 2708 50 21 cina;
552 2709 52 18 c'una
615 2711 74 17 mawta
699 2710 22 18 di
727 2710 59 23 jaride
796 2711 9 18 i
814 2711 75 23 furetnu
902 2712 70 18 cambia

498 2734 13 17 d
515 2739 13 12 a
529 2734 55 18 vvisu.
588 2733 76 25 Sempre
665 2736 73 23 pronti!

519 2762 119 19 Maistrale
644 2772 23 4 —
676 2763 107 24 Blagassari
795 2769 25 14 un
834 2764 47 20 vede:
888 2765 34 23 più
928 2771 12 12 a
952 2770 20 13 so

498 2786 56 19 barba
561 2788 61 17 nantit
630 2794 14 12 u
651 2788 96 23 giurnàle;
754 2795 14 12 u
774 2788 83 20 tumeinu
865 2795 13 13 a
887 2788 86 21 rilraftà?

519 2815 29 18 A.
555 2815 29 19 M.
589 2825 23 4 —
617 2817 13 17 A
638 2816 73 23 capiscu
719 2817 31 18 chi
757 2817 56 23 quelli
819 2818 152 23 giurnalaccisiu-

496 2845 26 13 nu
528 2846 51 13 cume
586 2841 56 18 acelli
650 2841 20 18 di
677 2841 94 24 limpesta:
779 2843 41 22 qira
825 2848 14 13 u
844 2845 56 16 venta
907 2844 42 17 é-un
955 2843 18 19 si

496 2867 20 16 sù
525 2866 25 17 da
560 2866 73 18 dura....

517 2893 68 19 Frété
589 2893 25 19 L.
620 2904 23 4 —
649 2894 70 19 Ivostri
724 2895 100 18 sintimenti
830 2900 20 14 so
857 2896 68 19 nobili;
930 2897 40 23 pri-

494 2920 43 22 gale
542 2919 25 23 pè
570 2924 13 13 a
590 2921 50 16 sanie
649 2925 61 13 causa.

516 2946 141 25 Marcangeli
662 2953 16 13 a
685 2948 75 19 Rezza
764 2959 23 4 —
795 2949 64 19 Grazie
863 2949 58 19 mille.
928 2949 42 19 Cor-

494 2977 20 13 re
523 2972 143 19 l'abbunamenlu
672 2974 44 23 fin'a
725 2980 13 12 u
747 2974 73 19 1-8-27.

517 3000 138 20 Terrazzoni
658 3011 25 4 —
687 3001 94 20 Prossimu
788 3003 105 22 sulamenle,
900 3003 68 23 grazie.

493 3026 88 19 Adirizzu
588 3027 100 22 cambiatui
694 3027 14 19 2
716 3027 128 20 ablunumenti
851 3029 72 18 iscrilti.

515 3054 29 18 A.
551 3054 73 19 Ortoli
629 3065 24 3 —
659 3055 47 19 Dau
713 3056 25 18 15
745 3056 59 24 lugliu
810 3061 30 14 au
847 3057 25 18 15
877 3057 91 18 siltembre

493 3084 25 13 un
532 3080 78 19 surtimu
617 3085 20 14 ca
646 3081 44 22 ogni
698 3082 26 17 1-5
728 3081 62 23 jorni;
803 3081 18 18 ci
828 3082 38 18 vòle
871 3083 26 22 pô
906 3081 31 19 chi
944 3087 23 13 no

492 3105 91 23 rifialimu
586 3111 45 12 ancu
637 3106 32 18 noi
671 3106 10 18 !
684 3106 136 19 Nuturahnente
823 3110 3 4 '
828 3106 141 19 l’abbunamenti

492 3131 19 16 sô
519 3129 92 24 allungati
617 3131 21 17 di
647 3130 12 19 3
666 3131 80 18 nuniari.

513 3157 103 20 Massoni
623 3158 25 19 P.
656 3169 24 3 —
693 3159 95 19 Prossimu
799 3160 103 22 sulamenle,
917 3161 50 17 tante

492 3188 58 13 scuse.

512 3211 96 19 Buvone
616 3222 22 4 —
647 3213 78 18 IÂstessa
732 3218 47 14 cosa.

514 3239 67 19 Prete
589 3240 62 19 Tittu
660 3251 22 4 —
691 3241 77 19 Listessa
776 3247 47 13 cosa.

491 3310 33 22 Sò
537 3312 89 21 surtiti
635 3318 9 15 :

640 3360 17 17 J.
667 3360 20 18 B.
696 3359 120 20 MARCAGOI

488 3414 159 29 LAMENTI,
658 3417 129 27 VOCERI,

529 3448 169 23 CHANSONS
711 3450 208 23 POPULAIRES

649 3482 31 22 de
690 3483 26 22 la
728 3484 75 23 Corse

486 3525 24 14 eu
534 3525 12 14 a
563 3521 105 18 traduzione
693 3522 91 23 francese,
802 3523 159 18 un’introduzione

485 3549 61 21 sopr’a
560 3549 62 22 poesie
636 3550 89 21 populare
738 3555 52 15 corsa
801 3556 11 14 e
822 3551 24 18 26
862 3552 67 22 pagine
939 3551 22 18 di

484 3577 80 18 musica.

557 3605 11 18 1
576 3606 38 17 vol.
622 3606 20 17 di
651 3606 35 18 400
693 3607 67 23 pagine
781 3608 24 18 15
814 3608 75 18 franchi

496 3633 103 21 Rombàldi,
609 3634 78 17 editore.
698 3635 34 22 48,
742 3635 56 19 Corsu
804 3635 109 24 Napuïiûne,
922 3635 27 18 48

642 3671 24 4 —
676 3661 93 20 AIACCIU
779 3673 24 4 —

1230 63 287 46 CRONACA
1553 69 284 46 AIACCINA

1036 187 135 26 Spetaculi.

1059 231 27 4 ~
1093 223 14 19 ^
1113 226 75 19 nostri
1195 226 71 20 amici
1272 225 65 22 Ricci
1344 227 64 22 hanu
1423 233 85 21 apartu

1035 248 125 23 L'Aiacciu-
1168 253 92 21 Cinéma
1262 254 24 19 in
1292 254 90 23 piazza
1391 256 27 21 di
1425 264 16 13 u
1449 257 58 21 Dia-

1035 280 85 18 mante.
1130 279 29 20 Si
1163 281 61 23 gode
1230 281 78 24 frescu
1316 288 13 12 e
1335 283 24 19 si
1365 284 57 20 vede
1429 285 75 20 bellis-

1034 304 54 21 simi
1092 306 69 24 films.

1056 347 27 4 —
1091 336 46 20 Au
1145 337 93 22 Cinéma
1247 338 95 24 Napuliò
1357 342 110 20 cuntinua
1487 349 15 13 a

1032 363 59 20 sérié
1101 364 27 20 di
1134 372 14 12 e
1161 365 212 26 superpruduzione
1387 375 13 13 e
1407 376 16 12 a
1432 370 72 20 talen-

1033 393 50 18 tosa
1097 392 106 24 pianista
1211 393 164 22 Madamicella
1389 396 36 20 De
1433 397 74 20 Bozzi

1030 419 54 23 face
1088 425 135 19 corre,cume
1228 423 94 22 sempre,
1324 422 72 20 tutt’A
1399 424 80 20 iacciu.

1056 458 26 5 —
1090 450 20 19 U
1116 450 90 21 Circulu
1214 450 76 22 Leoni,
1300 450 25 20 in
1330 452 89 23 piazza
1427 454 78 20 Abba-

1032 477 100 22 tucci,dà
1138 478 209 24 rapprisintazione
1351 480 69 21 scelte
1423 488 13 12 e
1440 488 15 13 a
1459 482 45 20 bon

1029 505 76 22 pattu.

1033 543 122 22 Cuncerti.

1054 587 27 5 —
1096 577 21 20 F
1133 578 52 24 sgiò
1200 578 160 26 Jacqueminet
1375 587 17 13 a
1408 587 16 14 u
1443 581 60 25 caffè

1030 604 44 20 d'A
1077 605 74 20 iacciu
1160 608 51 18 tene
1216 607 112 21 ciòch’elli
1334 608 108 21 c’avianu
1447 612 54 21 pru-

1030 638 96 15 messue
1139 633 134 22 l’orchestra
1287 635 156 25 Pelloudface
1454 629 60 36 ma-\

1029 660 109 25 raviglia.

1052 700 27 4 —
1084 692 43 19 Au
1135 691 60 25 caffè
1202 692 101 25 Napuliò
1312 699 15 14 u
1332 693 62 24 Suzy
1401 693 32 20 ha
1439 700 56 15 sem-

1026 721 44 21 pre
1088 719 99 20 Vistessu
1202 725 106 16 successu
1323 727 13 13 e
1353 721 115 23 ipadroni
1478 723 22 19 si

1028 748 100 18 mettenu
1136 746 25 20 in
1170 749 96 22 quattru
1272 752 34 21 pa
1315 749 10 20 i
1331 748 84 20 clienti.

1052 785 27 4 —
1087 776 23 19 E
1115 779 76 18 nostre
1203 778 102 21 musiche
1318 777 80 24 locale,
1408 781 67 18 tantu
1482 786 16 13 a
1508 771 6 39 J

1027 803 134 25 Minicipale
1176 811 29 14 ca
1221 805 189 23 l’Estudiantina,
1426 807 70 20 cunti-

1027 837 81 14 nuanu
1115 832 35 20 ad
1160 838 49 14 esse
1222 839 77 15 scarse
1313 834 156 20 d’esecutanti.
1478 834 22 20 E

1024 858 96 25 propriu
1133 860 178 23 straurdinariu,
1323 862 44 24 per
1375 867 31 14 un
1414 861 26 20 di
1450 867 47 14 ver-

1025 891 112 19 gugnosu,
1143 887 61 20 ch’in
1213 890 10 17 t
1222 894 72 15 aman
1294 892 26 17 ta
1328 889 57 20 città
1392 895 31 14 un
1428 889 22 20 si
1454 890 43 19 trô-

1026 913 26 20 vi
1055 914 43 24 più
1112 915 100 20 amatori
1222 918 35 22 pa
1271 917 71 20 onorà
1351 923 15 13 a
1376 916 75 21 Santa
1462 917 35 20 Ci-

1026 941 62 21 cilia.

1025 982 20 21 E
1059 982 100 22 zinzale.

1049 1026 26 5 —
1080 1017 23 20 E
1108 1017 94 20 zinzale
1208 1018 24 19 si
1238 1018 140 25 sviluppanu
1387 1018 24 21 in
1417 1018 19 20 li
1440 1021 55 21 poz-

1023 1045 26 20 zi
1055 1045 103 25 d’acqua
1165 1047 132 22 stagnante.
1309 1046 21 20 E
1335 1046 158 24 municipalità

1024 1072 71 23 danu,
1106 1079 16 14 a
1129 1075 38 18 stu
1174 1075 100 22 sugettu,
1284 1074 78 20 ordini
1367 1080 14 14 e
1389 1074 102 24 cunsigli.

1047 1101 42 19 Ma
1097 1101 46 25 què
1151 1107 31 14 un
1190 1100 123 25 impedisce
1325 1101 61 21 ch’in
1399 1101 94 21 Aiacciu

1022 1130 71 19 stessu
1107 1128 23 21 si
1143 1128 60 20 trovi
1212 1129 73 23 pozzi
1297 1136 13 13 e
1321 1129 60 25 fossi
1393 1128 99 26 d’acqua

1021 1156 79 21 brutta
1109 1156 24 21 in
1142 1156 56 24 ogni
1204 1159 71 18 cantu
1283 1157 27 20 di
1316 1157 129 24 carrughiu.

1047 1183 23 21 E
1074 1190 16 14 u
1095 1184 101 25 petroliu
1203 1186 64 19 costa
1275 1184 32 25 48
1311 1184 61 21 soldi
1377 1191 15 14 u
1399 1184 29 21 lit
1426 1185 53 21 ru!..

1022 1225 123 26 Spazzini.
1233 1226 39 22 .7
1307 1234 17 17 \

1044 1270 28 5 —
1081 1259 28 21 Ci
1119 1259 64 25 femu
1192 1266 31 15 un
1236 1260 85 21 duvere
1334 1260 27 21 di
1373 1261 94 25 signalà
1475 1268 15 14 a

1020 1288 60 24 quai
1084 1287 22 21 si
1110 1288 51 21 vole
1165 1288 44 23 chi,
1212 1295 17 14 a
1232 1290 69 23 parte
1307 1294 15 14 u
1328 1288 71 21 Corsu
1404 1289 87 21 Grand-
1500 1285 3 34 j

1019 1316 43 20 val
1067 1315 39 21 chi
1113 1315 50 22 luce
1170 1322 65 15 cume
1246 1322 32 15 un
1291 1316 113 25 specchiu,
1420 1317 72 21 Valtri

1019 1344 65 21 canti
1090 1344 28 21 di
1123 1351 16 14 a
1148 1344 57 21 città
1212 1345 27 20 sò
1244 1344 114 26 piuttostu
1370 1346 78 20 brutti.
1458 1346 30 20 A-

1019 1378 125 20 nacquanu
1158 1376 67 17 tantu
1234 1380 14 13 e
1257 1373 50 25 più,
1317 1379 13 14 e
1342 1376 83 22 questa
1438 1381 31 14 un
1477 1375 12 19 è

1018 1401 102 23 cattiva;
1133 1407 39 15 ma
1181 1400 98 27 quatidu
1285 1401 23 20 si
1315 1401 63 21 darà
1384 1408 30 15 un
1423 1402 65 25 colpu

1018 1429 27 20 di
1052 1432 118 22 spazzura
1175 1429 13 21 ?

1018 1471 23 22 U
1052 1471 89 22 francu
1152 1471 82 22 cala...

1042 1506 23 20 E
1070 1506 11 20 i
1083 1505 84 25 prezzi
1173 1505 99 21 collanu.
1280 1505 13 20 1
1297 1507 82 23 putere
1384 1509 35 22 pu
1418 1506 16 20 b
1434 1506 15 20 b
1449 1506 20 20 li
1467 1506 21 21 ci

1015 1537 96 21 fartanu
1119 1534 37 23 bè,
1170 1534 39 21 chi
1215 1535 14 19 è
1237 1540 15 14 u
1266 1536 123 21 mumentu,
1402 1534 27 20 di
1435 1540 52 15 cun-

1017 1562 71 21 trullà
1101 1562 98 21 cum'elli
1212 1562 146 21 cuntrollanu
1365 1562 11 21 i
1380 1565 107 22 panatte-

1016 1591 27 22 ri,
1046 1590 55 21 tutti
1107 1590 75 21 Valtri
1189 1590 121 21 marcanti.

1042 1618 74 26 Oghie
1123 1619 41 25 qui
1171 1619 24 20 si
1204 1618 88 26 prufita
1306 1618 27 21 di
1340 1625 16 14 u
1369 1619 117 20 disûrdine

1015 1647 102 20 duv’ella
1120 1647 23 20 si
1145 1647 66 20 tròva
1215 1646 178 22 Mariannaccia
1396 1650 35 22 pa
1434 1654 51 14 ven-

1015 1676 29 20 de
1051 1681 68 15 cumu
1126 1675 23 21 si
1155 1675 57 21 vole.

1042 1703 53 21 Oliu
1103 1710 32 14 un
1140 1703 23 21 si
1167 1710 30 14 ne
1204 1706 67 18 trova
1277 1703 43 25 più
1329 1704 93 20 almenu
1430 1704 54 20 d’un

1013 1731 98 25 pagallu
1122 1731 27 21 15
1154 1731 94 26 franchi
1260 1738 17 14 u
1284 1732 55 20 Utru
1342 1738 11 17 ;
1363 1738 15 15 u
1386 1738 98 15 zuccaru
1494 1735 2 24 \

1013 1759 23 20 si
1039 1759 104 25 piatta...
1153 1766 13 14 e
1174 1766 16 14 a
1204 1759 157 26 spicùlazione
1371 1760 24 21 si
1399 1760 53 25 face
1460 1761 23 20 in
1493 1765 3 26 j

1013 1787 50 21 altu
1071 1794 66 14 cume
1145 1788 24 21 in
1177 1790 87 19 sottu...
1494 1790 2 29 j

1037 1816 13 20 1
1062 1816 141 25 disgraziati
1216 1823 32 14 un
1256 1816 65 21 hanu
1327 1823 29 14 ca
1361 1823 16 14 a
1387 1817 63 25 cripà
1458 1817 27 20 di

1013 1843 70 25 famé.

1013 1885 127 23 Sbarcanu
1151 1885 10 22 i
1174 1886 109 22 nostri...

1038 1928 59 17 vgni
1120 1928 97 13 curnere
1225 1928 21 13 ci
1253 1928 84 18 arrega
1357 1928 125 18 squaarom
1491 1928 6 22 j

1009 1948 127 21 f/'Alandon
1150 1955 14 14 e
1173 1948 27 21 di
1213 1949 96 21 N’est-ce
1322 1949 56 26 pas?
1394 1956 12 14 e
1420 1957 62 14 cume
1491 1945 6 33 |

1009 1977 117 24 ogn’annu
1138 1977 82 25 questi,
1234 1977 74 25 fendu
1321 1984 32 14 un
1364 1979 82 24 palmu
1457 1979 26 20 di
1491 1971 6 27 I

1009 2011 74 17 musu,
1096 2005 24 20 si
1131 2005 173 24 maraviglianu
1317 2006 27 20 di
1358 2007 67 20 truvà
1433 2013 16 14 u
1456 2008 41 28 so\

1005 2035 73 22 paese
1085 2032 25 21 in
1118 2032 99 21 Vistessu
1225 2035 90 19 statu...
1491 2036 4 27 j

1032 2060 104 23 Aiacciu,
1157 2060 84 23 allora,
1261 2067 32 14 un
1317 2062 13 19 è
1343 2062 44 24 più
1401 2068 28 14 ca
1449 2069 31 14 un
1490 2057 5 26 I

1009 2096 12 11 «
1026 2088 56 21 bled
1084 2096 12 11 o
1106 2088 85 21 Bastia
1206 2095 32 14 un
1247 2091 91 21 tavone,
1353 2096 12 14 e
1375 2090 66 21 Corte
1449 2097 31 14 un
1489 2092 6 28 J

1005 2116 94 24 fornu...

1034 2144 103 21 Tuttuva
1145 2144 69 24 male,
1222 2145 66 21 nient
1287 2152 13 13 e
1305 2145 83 22 èbellu
1393 2153 20 17 e,
1422 2153 55 19 sgur

1004 2172 122 25 ghendusi,
1134 2173 12 19 i
1152 2173 74 20 nostri
1238 2173 115 21 scursisati
1374 2177 105 18 vantanu

1006 2207 16 14 a
1027 2200 47 21 ch’i
1081 2200 50 21 vole
1138 2203 65 18 sente
1210 2208 13 13 e
1231 2202 102 20 bellezze
1340 2202 27 21 di
1373 2203 104 26 Pariggi,
1487 2196 6 27 I

1005 2229 11 20 i
1019 2229 120 25 prugressi
1150 2229 81 21 ch’ellu
1242 2229 55 26 face
1310 2230 88 25 Rabat,
1406 2237 15 14 o
1428 2238 13 14 e
1448 2232 30 20 ri-

1005 2257 86 21 chezze
1098 2257 28 21 di
1132 2257 104 25 Saigon!

1029 2286 69 24 Dopu
1105 2286 46 20 avè
1156 2285 63 25 fattu
1228 2292 56 14 nece
1288 2286 28 21 di
1319 2287 84 25 piegne
1407 2287 11 21 i
1420 2288 59 24 guai
1484 2279 10 37 {

1003 2313 29 21 di
1040 2313 148 24 Cursichella,
1197 2314 32 21 sti
1236 2314 69 21 brdvi
1311 2315 111 23 sbanditi,
1432 2316 44 21 dis-

1001 2344 128 22 prezzanu.

1029 2370 86 25 Megliu
1117 2369 103 25 farìanu,
1226 2370 101 21 davanti
1329 2378 17 14 a
1351 2374 64 19 tante
1418 2373 58 20 scia-

1001 2404 65 18 gure,
1076 2398 27 21 di
1112 2398 73 25 purtà
1199 2398 67 21 aiutu
1278 2399 49 21 a’so
1341 2406 108 17 mamma,
1459 2408 16 12 a

1002 2428 38 18 sta
1048 2426 154 21 vecchiarella
1209 2426 82 21 scalza
1296 2433 14 14 e
1314 2428 65 21 nuda
1385 2428 38 21 chi
1427 2429 48 20 l’ha

1002 2454 138 25 ingrandafi
1151 2454 78 21 ihvece
1237 2454 28 21 di
1271 2461 57 15 vene
1335 2456 29 20 di
1373 2458 69 19 tantu
1449 2457 25 20 in

1002 2484 68 18 tantu
1078 2488 16 14 a
1103 2482 82 20 vedela
1191 2485 44 21 per
1247 2488 87 20 magna
1334 2484 43 20 UH
1384 2490 25 15 so
1423 2485 52 21 ultj-

1002 2510 34 20 mi
1042 2509 64 22 lonzi
1112 2510 136 21 cuntenduli
1254 2510 169 23 chiacchiare...

1029 2538 33 21 Un
1069 2538 74 21 valea
1148 2538 72 23 vultà,
1226 2539 74 25 agirà
1305 2545 32 14 ea
1344 2539 28 25 fà
1378 2544 96 21 caprun-

1001 2566 66 21 delle.
1078 2566 27 20 ht
1116 2566 28 24 fa
1144 2567 37 20 cia
1196 2567 58 20 a'mi
1251 2567 62 20 séria
1325 2574 14 13 e
1347 2568 11 20 i
1369 2575 38 14 ma
1408 2569 25 20 la
1434 2570 41 19 uni

1001 2594 39 20 chi
1050 2594 79 20 tomba
1129 2601 32 13 nu
1176 2595 63 20 tutt’i
1249 2595 65 24 jorni
1324 2601 15 14 a
1357 2596 97 22 Corsica.
1465 2598 10 19 i

1003 2621 64 21 Corsi
1080 2622 88 20 devenu
1181 2621 28 25 fà
1218 2629 15 13 u
1246 2629 26 14 so
1287 2628 11 10 «
1306 2629 51 15 mea
1365 2624 69 25 culpa
1440 2634 11 10 »
1461 2632 13 13 e

1001 2650 60 19 circà
1070 2649 27 20 di
1100 2650 32 19 dà
1139 2650 26 20 di
1171 2656 39 14 ma
1210 2656 30 14 ne
1248 2657 40 14 a...
1294 2652 141 21 st'attrazzi.

1024 2678 14 19 1
1047 2677 71 22 Corsi,
1125 2678 39 20 chi
1171 2678 65 20 hanu
1242 2680 55 19 tutti
1301 2679 93 25 judiziu
1402 2680 32 20 da
1442 2681 29 20 ri-

1001 2706 79 21 vende,
1090 2712 31 13 un
1129 2706 23 20 si
1159 2706 25 19 sù
1193 2712 60 15 ancu
1261 2707 89 20 abbisti
1356 2707 42 20 che
1405 2709 67 20 assai

1001 2739 48 15 cose
1066 2733 67 25 oghie
1154 2733 132 25 dipendenu
1303 2736 31 19 da
1352 2736 42 20 elli
1408 2743 13 13 e
1435 2736 38 21 chi

1001 2761 126 25 quand’elli
1139 2767 110 17 vurranu,
1257 2769 72 14 senza
1342 2763 97 25 bisogmt
1446 2764 27 20 di

1001 2790 69 24 cispre
1075 2795 29 14 ne
1109 2789 27 20 di
1139 2790 278 25 scuppettejncalfenduli
1425 2798 46 14 1111a

1001 2818 88 19 baretta
1097 2817 84 24 misgia
1188 2818 24 19 in
1221 2821 68 21 capu,
1298 2818 89 25 faranu
1394 2820 77 24 gridà:
1481 2810 4 32 i

1001 2845 74 20 svviva
1084 2845 28 20 de
1122 2845 61 20 Paoli
1190 2845 6 21 !
1205 2851 16 14 a
1231 2846 201 21 Mariannaccia...

1021 2929 24 5 —
1050 2920 21 20 U
1072 2926 29 14 no
1102 2922 22 18 st
1124 2926 27 14 ru
1156 2925 74 18 vescu,
1234 2921 146 25 Monsignore
1385 2921 84 21 Simeo-

995 2955 36 16 ne,
1040 2949 13 19 è
1060 2950 64 18 statu
1132 2948 123 21 numinatu
1269 2955 67 14 vescu
1344 2949 27 20 di
1378 2949 88 25 Fréjus.

1019 2976 146 24 Monsignore
1173 2975 106 22 Simeone
1287 2977 14 20 è
1306 2983 30 14 un
1345 2977 121 24 sant’ômu,

992 3004 71 25 pienu
1071 3004 27 20 di
1105 3004 82 22 buntà,
1200 3003 169 26 d’intiltigenza
1380 3011 14 13 e
1400 3005 68 20 d'ini-

993 3032 89 21 ziativa
1084 3038 10 17 ;
1101 3038 17 13 a
1126 3031 46 20 ellu
1181 3031 22 20 si
1209 3032 66 23 deve,
1284 3032 40 24 fra
1338 3033 59 20 tant’
1400 3036 67 22 opéré

992 3060 46 25 pie,
1047 3066 16 14 u
1069 3059 92 25 grande
1168 3066 14 13 e
1190 3065 16 14 u
1210 3060 94 24 picculu
1315 3060 128 25 siminariu,
1452 3068 14 13 e

993 3094 15 15 a
1011 3088 116 25 prossima
1132 3087 146 21 custruzione
1282 3088 75 21 d’iiiia
1360 3089 76 24 jesgia
1440 3090 26 19 in

992 3116 24 21 lu
1024 3116 117 24 guartiere
1149 3115 27 20 di
1183 3115 11 20 i
1199 3116 117 23 stranieri,
1325 3116 25 20 in
1359 3117 105 20 Aiacciu.

1016 3144 23 21 A
1051 3150 27 14 so
1089 3146 120 22 partanza
1222 3144 58 19 sàrà
1294 3144 118 24 rigrittata
1432 3145 33 20 da

992 3172 67 21 tutt’a
1065 3171 163 26 populàzione.

1015 3200 30 21 Li
1049 3200 137 25 prisintemu
1191 3199 11 20 i
1207 3199 75 20 nostri
1285 3199 43 25 più
1335 3200 85 21 sinceri
1424 3207 41 14 au-

992 3229 61 24 gurii
1059 3228 26 21 in
1092 3228 25 20 lu
1122 3234 27 15 so
1158 3228 61 20 nòvu
1221 3228 76 23 postu.

1017 3270 31 21 In
1058 3269 104 26 priggiô

1013 3313 27 4 —
1050 3303 99 25 Ognunu
1162 3303 29 20 sà
1200 3302 24 21 in
1231 3301 98 22 Aiacciu
1339 3303 40 20 chi
1387 3309 15 13 u
1412 3304 50 24 sgiô

991 3331 137 23 Giovannai,
1133 3330 98 21 sindacu
1239 3329 121 24 d’Alata,è
1365 3333 65 18 statu
1435 3331 27 25 fi-

988 3359 118 21 nalmentu
1111 3364 75 15 messu
1191 3359 70 21 sottu;
1263 3363 14 13 e
1281 3363 94 19 ognunu
1377 3359 29 20 sà
1411 3359 51 20 din-

988 3387 105 21 nòchidi
1100 3384 195 27 tutt’ijurnalichi
1303 3386 23 20 si
1335 3389 126 23 stampanu

988 3416 24 20 in
1020 3415 92 22 Corsica
1120 3414 44 21 soit
1172 3412 87 22 L’Eveil
1264 3419 14 13 e
1283 3413 18 19 A
1310 3413 80 22 Muvra
1397 3414 64 21 hanu

988 3444 61 24 fattu
1065 3450 16 14 u
1094 3449 27 15 so
1135 3443 93 22 duvere,
1243 3441 167 22 dumandendu
1423 3443 39 21 chi

988 3472 125 24 ghiustizia
1119 3470 62 25 fussi
1184 3469 40 25 fat
1223 3471 26 18 ta
1257 3474 17 14 a
1280 3475 15 14 u
1300 3470 44 23 più
1351 3473 65 21 prest
1414 3477 22 14 u.

1011 3500 41 20 Ad
1058 3499 53 24 ella,
1119 3498 76 23 avale,
1200 3504 16 14 a
1224 3497 62 20 dicci
1292 3503 17 14 a
1316 3497 39 21 chi
1358 3498 33 20 ha
1398 3501 61 18 tortu

988 3535 12 13 e
1007 3534 16 14 a
1032 3528 40 20 chi
1078 3527 32 20 hà
1119 3526 118 26 raggione.

988 3570 22 22 A
1022 3569 130 22 Cammara
1163 3568 28 21 di
1203 3567 164 22 Cummerciu.

1013 3604 21 20 U
1043 3605 79 19 nostru
1134 3601 84 24 amicu,
1233 3606 16 14 u
1260 3600 51 24 sgiò
1324 3601 90 20 Valeriu
1428 3601 30 21 de

988 3631 83 23 Susini,
1081 3631 32 21 ha
1126 3629 150 22 indirizzatu,
1288 3634 16 13 a
1318 3628 139 22 VAmminis-

988 3655 467 28 tratoreincapudil’iscrizionemaritima,

1536 206 32 13 un
1582 204 111 21 rapportu
1705 204 72 23 pienu
1790 205 27 19 di
1827 205 71 21 virità
1911 213 13 13 e
1932 207 27 20 di
1965 208 46 19 bon

1534 234 76 17 sensu,
1619 235 15 13 a
1640 235 16 14 u
1664 234 92 21 sugettu
1764 232 35 20 d’i
1806 233 54 20 colis
1870 237 101 21 postaux.

1562 255 51 21 Tutt
1620 263 8 13 1
1634 259 174 21 cummercianti
1811 260 66 21 hanu
1883 268 15 13 a
1904 262 107 25 lagnassi

1533 283 41 19 d’a
1582 290 95 14 mariera
1689 285 25 20 in
1722 286 25 20 la
1753 288 70 23 quale
1828 289 14 19 è
1847 288 64 25 fattu
1918 293 38 17 stu
1964 297 46 14 ser-

1533 311 64 19 viziu
1601 318 9 13 :
1621 312 100 24 Perdite,
1734 317 140 22 scunquassi
1881 323 14 13 e
1907 317 103 22 latricini

1531 338 27 19 sô
1567 340 105 20 currenti.

1557 366 164 23 Felicitazione
1738 376 16 13 a
1769 376 15 13 u
1800 371 51 23 sgiô
1874 372 89 21 Valeriu
1978 374 29 19 de

1532 393 86 21 Susini.

1756 432 220 25 Ghiattu-Pimitn.

1526 526 186 49 NVTIZIE
1744 531 52 46 ni
1823 532 177 50 CORSICA

1549 628 96 21 Aiacciu
1649 632 131 19 —Abbraceiu
1789 634 19 18 di
1817 636 126 19 madamicella
1949 637 50 18 Chia-

1526 658 22 13 ra
1555 654 56 19 Costa
1619 660 10 13 e
1634 656 20 17 di
1660 661 13 13 u
1682 658 40 22 sgiô
1731 658 76 19 Stefanu
1817 660 93 23 Giuseppi.

1549 687 97 23 Appieto
1653 699 23 4 —
1680 690 60 19 Morte
1746 692 20 17 di
1772 697 11 12 u
1791 693 40 22 sgiô
1838 693 86 20 Ghiuvan
1930 695 69 19 Matleu

1525 711 68 22 Oltavi,
1604 713 94 20 ricivitore
1706 720 11 13 a
1725 716 69 22 riposu.

1547 744 79 19 Bastia
1630 756 21 3 —
1657 747 58 18 Morte
1720 749 39 17 diu
1765 750 40 22 sgiô
1811 750 94 24 Ghiseppu
1912 753 64 24 Poggi.

1546 781 23 4 —
1574 773 117 19 Malrimoniu
1700 776 19 17 di
1727 776 125 21 Madamicella
1857 780 84 19 Juvanna
1946 782 53 17 Beni-

1523 797 34 22 gni
1565 802 23 13 eu
1597 803 11 13 u
1618 798 52 20 Dutt.
1678 800 23 17 A.
1707 800 21 18 F.
1738 802 71 18 Donati.

1548 830 65 19 Calvi
1620 841 23 4 —
1651 832 119 20 Matrimoniu
1779 836 19 17 di
1806 837 124 20 madamicella
1941 839 57 19 Maria

1523 855 79 18 Franchi
1611 861 22 13 eu
1642 862 13 13 u
1665 858 40 21 sgiô
1714 858 65 19 Oraziu
1787 860 114 24 Zaccagnini.

1545 888 123 24 Cognocoli
1675 900 22 4 —
1705 891 16 18 U
1730 893 40 22 sgiô
1779 892 56 20 Santu
1844 895 76 19 Luciani
1928 896 11 19 è
1947 898 49 17 stalu

1522 914 64 17 tombu
1594 915 56 18 d’una
1657 918 77 16 curnala
1742 918 19 17 di
1772 919 46 17 toru.

1543 946 128 25 Erbalunga
1679 959 23 3 —
1709 950 60 19 Morte
1780 952 19 17 di
1806 952 106 23 l’inginiere
1923 955 73 19 Anlone

1521 970 119 24 Sanguinetti

1542 1004 57 19 Ersa
1603 1015 24 4 —
1631 1006 59 19 Morte
1695 1008 19 17 di
1721 1013 12 12 u
1740 1009 40 22 sgiô
1786 1009 82 20 Vittoriu
1875 1011 97 23 Spicciani.

1542 1037 106 20 Frassetu
1657 1049 22 4 —
1690 1040 59 19 Morte
1758 1042 20 17 di
1786 1048 12 12 u
1807 1044 41 22 sgiô
1859 1045 54 22 Luigi
1924 1046 69 21 Susini,

1519 1062 64 19 d’anni
1591 1063 28 19 80.

1541 1095 69 19 Lama
1616 1107 21 4 —
1646 1098 58 19 Morte
1712 1100 21 17 di
1740 1101 82 18 madama
1830 1103 109 19 Aniunietta
1946 1105 48 18 Mas-

1518 1120 55 19 siani.
1619 1122 7 5 '

1540 1153 142 26 Lavatoghiu
1685 1166 24 4 —
1712 1158 61 18 Morte
1779 1159 19 17 di
1803 1161 84 18 madama
1890 1162 23 18 de
1917 1162 25 18 La
1947 1163 46 18 Ros-

1519 1180 35 20 sât,
1565 1180 12 17 d
1583 1181 44 17 anni
1634 1180 30 19 82.

1539 1212 68 19 Levie
1616 1223 23 4 —
1646 1215 96 18 Prossimu
1750 1217 119 20 matrimoniu
1878 1220 18 17 di
1905 1222 87 17 madami-

1518 1237 46 18 eella
1571 1237 48 19 Lena
1624 1238 120 21 Rocca-Serra
1749 1245 24 14 eu
1778 1242 105 23 l’inginiere
1891 1245 99 20 Francescu

1518 1262 98 19 Maestrati.

1538 1300 23 3 —
1564 1291 118 19 Matrimoniu
1691 1293 20 18 di
1718 1294 127 19 madamicella
1852 1296 85 21 Juvanna
1944 1299 47 18 Roc-

1518 1315 81 19 2a-Serra
1607 1321 23 14 eu
1638 1322 14 13 u
1660 1318 41 23 sgiô
1709 1318 58 19 Petru
1775 1319 96 20 Cerviotti.

1537 1348 56 20 Luri
1600 1359 23 4 —
1631 1350 59 19 Morte
1698 1352 19 17 di
1727 1357 12 13 u
1748 1353 41 22 sgiô
1797 1354 57 18 Petru
1863 1355 91 20 Vineenti.

1536 1382 77 19 Nonza
1617 1393 23 4 —
1644 1384 60 19 Morte
1709 1385 20 18 di
1737 1387 126 19 madamicella
1870 1389 73 23 Agnula
1948 1391 41 18 Mu-

1514 1407 43 22 rati,
1566 1409 62 18 d’anni
1635 1408 30 19 20^

1536 1440 140 21 Occhiatana
1683 1453 23 4 —
1717 1444 61 19 Morte
1785 1446 20 17 di
1818 1448 83 18 madama
1914 1450 74 19 veduva

1513 1466 120 19 Lucia-Maria
1640 1467 65 24 Siccia,
1714 1470 63 18 d’anni
1785 1470 29 19 81.

1534 1499 167 21 Pancheraccia
1711 1512 23 4 —
1744 1503 59 20 Morte
1814 1505 19 18 di
1845 1507 83 18 madama
1938 1508 49 19 Lena

1512 1525 114 22 Donsimoni,
1635 1526 63 19 d’anni
1706 1527 34 19 78r

1533 1562 24 4 —
1562 1553 119 20 Matrimoniu
1689 1556 19 17 di
1716 1557 126 20 madamicella
1850 1553 62 26 Mimfa
1919 1561 67 23 Angeli

1511 1582 24 15 eu
1542 1584 13 12 u
1562 1579 40 23 sgiô
1611 1579 62 24 Seppu
1681 1581 98 23 Franzoni;
1788 1585 74 21 auguri.

1532 1612 162 21 Piana—Morte
1699 1615 20 18 di
1725 1616 126 20 madamicella
1858 1618 77 20 Paulina
1942 1620 45 19 Cec-

1510 1638 55 22 caldi,
1575 1639 61 18 d’anni
1644 1639 32 23 26;
1688 1642 140 22 cunduglianze.

1531 1671 126 20 Riventosa
1664 1683 23 4 —
1695 1674 59 19 Morte
1762 1676 19 18 di
1790 1677 125 20 madamicella
1928 1679 57 19 Maria

1512 1696 101 20 Dumenica
1620 1698 78 19 Alberti.

1532 1730 95 20 Sarrula
1633 1741 23 5 —
1664 1733 118 20 Matrimoniu
1796 1736 18 18 di
1828 1738 125 19 madamicella
1961 1740 22 17 A.

1509 1756 84 19 Borrossi
1600 1761 24 14 eu
1632 1762 13 13 u
1654 1761 88 21 sargente
1749 1761 104 19 Francescu
1860 1762 82 20 Bianchi.

1530 1793 24 4 —
1567 1785 92 19 Abbraciu
1673 1787 20 18 di
1706 1789 126 19 madamicella
1846 1791 24 18 M.
1884 1790 99 24 Calzaroni,

1509 1809 99 24 d’Ucciani,
1619 1816 11 13 e
1636 1812 20 17 di
1666 1817 11 13 u
1687 1813 41 23 sgiô
1736 1814 23 18 A.
1767 1815 83 22 Ansidei.

1531 1843 68 19 Serra
1607 1845 24 17 di
1639 1845 111 24 Scopamè
1757 1858 23 3 —-
1786 1849 80 22 Morte,a
1872 1856 14 12 u
1893 1851 90 19 Maroecu.

1509 1869 17 17 di
1535 1874 15 13 u
1557 1869 75 20 suldalu
1640 1871 79 24 Benetti,
1727 1874 85 22 tombu,u
1820 1875 23 18 14
1851 1876 73 23 Lugliu,
1929 1877 56 18 d’una

1509 1894 48 22 palla
1564 1895 22 18 in
1593 1900 52 18 capu.

1530 1927 67 20 Siscu
1604 1939 24 4 —
1633 1930 118 21 Matrimoniu
1761 1933 18 18 di
1786 1935 126 19 madamicella
1918 1937 66 18 Amata

1509 1953 22 18 de
1539 1953 56 19 Matia
1603 1959 24 14 eu
1635 1960 14 13 u
1658 1957 40 22 sgiô
1709 1958 121 20 Vecehierini.

1539 2044 12 14 «
1559 2038 69 23 Dans
1639 2040 26 22 la
1673 2041 116 24 dernière
1802 2050 98 23 guerre,
1915 2046 68 23 deux

1505 2074 74 19 cents
1599 2073 132 25 Cortenais
1743 2079 58 20 sont
1818 2079 107 23 tombés.
1944 2081 38 21 La

1504 2104 97 24 France
1618 2113 32 16 ne
1662 2108 53 23 doit
1730 2116 47 20 pas
1792 2111 116 24 l’oublier
1923 2116 24 20 et
1961 2114 21 22 il

1503 2140 144 24 appartient
1659 2142 15 22 à
1681 2143 27 22 la
1720 2144 201 26 représentation
1940 2148 41 22 in-

1503 2172 94 24 sulaire
1613 2175 32 22 de
1663 2176 24 22 le
1699 2177 38 22 lui
1758 2180 117 25 rappeler
1894 2181 23 22 le
1936 2187 44 17 cas

1504 2204 134 27 échéant.»

1526 2249 9 21 (
1541 2246 89 20 Biscorsu
1638 2249 20 18 di
1666 2254 13 13 u
1685 2255 62 14 merre
1752 2251 20 18 di
1781 2251 50 19 Gorti
1839 2257 12 14 a
1859 2258 13 13 u
1878 2253 100 19 banchettu

1506 2278 19 18 di
1533 2278 103 20 VAmicale
1649 2279 102 21 Cortenaise
1758 2283 21 17 di
1786 2283 114 24 Marseglia.)

1603 2368 96 38 Padre
1720 2371 155 38 Leonardu

1592 2940 47 15 Vera
1648 2942 57 19 effige
1719 2943 19 14 di
1751 2943 20 14 P.
1779 2943 95 16 Lcoaardu

1594 2960 18 14 di
1622 2965 10 10 a
1645 2961 68 15 Stretta
1722 2963 19 14 di
1753 2963 112 15 .Merusasrlia

1515 3004 11 17 L
1538 3005 58 18 Padre
1601 3006 94 19 Leonardu
1702 3007 119 23 (Giovanetti)
1827 3010 45 17 natu
1878 3009 86 19 a’Stretta

1490 3029 20 17 di
1517 3029 111 24 Merusaglia
1635 3036 25 13 ne
1668 3036 13 13 u
1690 3031 52 19 1750.

1512 3054 74 19 Fattusi
1592 3056 122 22 franciscanu,
1721 3058 22 17 fù
1748 3058 86 19 ordinatu
1843 3060 94 18 sacerdote
1945 3065 17 17 e,

1489 3083 25 14 ne
1525 3085 13 12 u
1546 3079 51 22 1779,
1607 3081 80 18 dïvenne
1696 3082 67 18 léltore
1773 3083 18 18 di
1799 3084 81 18 filosofia
1888 3085 20 18 in
1915 3085 48 18 Vicu

1489 3108 12 14 e
1509 3105 32 21 pôi
1549 3105 20 17 di
1578 3103 79 25 teologia
1665 3107 18 17 in
1692 3107 67 18 Bastia.
1768 3108 27 18 Fu
1801 3109 104 22 giubbilalu
1916 3114 24 14 ne
1948 3115 13 13 u

1488 3129 54 18 1793.

1510 3154 28 19 Ne
1547 3160 11 12 u
1568 3154 51 23 1791,
1629 3156 62 19 rieusò
1699 3162 13 12 u
1719 3157 107 22 juramentu
1839 3159 124 19 a’custitùzio-

1488 3184 25 14 ne
1525 3180 105 19 scismatica
1637 3181 21 18 di
1666 3187 12 12 u
1694 3183 51 18 cleru
1754 3187 11 14 e
1774 3183 16 18 si
1798 3184 53 18 ritirô
1859 3185 20 17 in
1896 3185 66 18 Fucec-

1487 3205 49 18 ebio.

1509 3230 27 19 Ne
1545 3236 13 12 u
1570 3231 51 22 1794,
1630 3232 86 23 delegatu
1729 3237 12 14 a
1748 3234 83 22 guvernà
1843 3239 12 13 a
1862 3235 99 18 Pruvincia

1486 3255 21 17 di
1514 3260 12 12 u
1535 3255 58 18 Sacru
1603 3257 38 17 Tau
1650 3257 20 17 di
1677 3257 20 18 S.
1705 3258 103 19 Francescu
1815 3260 20 17 di
1843 3259 79 22 Corsica,
1928 3265 33 17 per

1485 3280 59 18 breve
1549 3281 19 17 di
1577 3286 14 12 u
1597 3286 47 17 papa
1652 3282 19 17 di
1679 3287 14 13 u
1701 3282 22 18 2o
1732 3283 61 23 lugliu
1798 3283 45 19 1796
1850 3289 24 13 ne
1882 3285 21 17 fu
1910 3285 49 17 fattn

1485 3305 113 21 provinciale
1603 3311 12 13 e
1623 3311 11 13 a
1641 3308 84 21 guvernô
1735 3308 46 18 sin’a
1789 3313 14 13 u
1811 3308 46 18 1813
1863 3313 37 14 cun
1906 3311 53 16 tantu

1485 3330 41 17 zelu
1535 3330 24 17 da
1567 3331 93 18 meritassi
1665 3336 13 13 u
1687 3332 58 18 tituiu
1752 3333 21 17 di
1778 3333 82 18 difensor
1865 3334 20 18 di
1891 3339 11 13 a
1910 3335 48 18 fede.

1507 3354 20 19 Si
1535 3355 55 18 ritirô
1597 3356 20 17 di
1628 3356 50 18 nôvu
1691 3357 20 17 in
1723 3357 106 22 Fucscchio,
1840 3359 56 21 duve,
1905 3364 54 14 cume

1485 3384 78 18 sempre,
1574 3382 72 17 avendu
1655 3382 91 22 praticalu
1754 3387 37 14 cun
1799 3384 117 23 esemplarità
1921 3386 38 17 tut-

1485 3406 19 17 te
1511 3406 18 17 le
1541 3405 32 23 piu
1582 3406 49 18 belle
1637 3407 60 22 virtu,
1704 3412 13 13 u
1726 3408 23 17 la
1757 3409 104 18 nuvembre
1867 3408 45 19 1819
1917 3414 40 13 mû-

1485 3430 16 17 ri
1508 3430 19 18 di
1536 3435 12 13 a
1555 3432 60 17 morte
1623 3431 25 18 d’i
1661 3432 52 22 justi,
1722 3434 78 17 onoratu
1809 3434 19 17 di
1845 3439 14 12 u
1867 3434 49 18 donu
1932 3434 25 18 d’i

1485 3455 83 18 miraculi
1577 3456 19 17 in
1603 3456 40 19 vita
1650 3461 12 14 e
1669 3458 49 21 dôpu
1727 3459 65 21 morte,
1800 3459 20 17 in
1828 3463 47 18 gran
1881 3458 76 19 Cuncet-

1485 3481 20 16 tu
1513 3480 19 17 di
1539 3480 78 22 Santità,
1627 3486 64 14 mossu
1700 3483 30 17 d’a
1738 3483 107 22 quale,Mgr.
1852 3484 59 21 Fozzi,
1915 3489 42 13 ves-

1485 3509 21 13 DU
1514 3505 20 17 di
1543 3504 127 23 Samminialu,
1677 3512 14 12 u
1700 3507 9 17 7
1716 3507 65 22 Jugnu
1789 3507 45 19 1822
1841 3509 41 18 fece
1890 3513 11 13 a
1909 3509 47 18 ricu-

1485 3529 82 23 gnizione
1575 3531 87 17 canonica
1669 3531 20 17 di
1698 3536 12 13 u
1719 3536 22 13 so
1748 3536 58 18 eorpu
1814 3537 10 13 e
1836 3538 15 12 u
1860 3534 67 18 colloeò
1935 3534 20 17 in

1485 3554 57 18 Cornu
1554 3555 92 22 Epistolae.

1504 3579 8 17 I
1519 3579 66 22 pòpuli
1596 3580 21 17 di
1624 3580 87 21 Rustinu,
1728 3581 19 17 di
1756 3581 72 18 Corsica
1835 3587 11 13 e
1863 3583 20 17 di
1890 3583 65 18 Fucec-

1485 3604 43 21 ;hio,
1539 3604 31 17 chi
1579 3604 62 18 hannu
1659 3605 111 18 eunfidenza
1776 3611 24 13 ne
1808 3606 7 18 i
1823 3607 65 18 meriti
1895 3608 19 17 di
1923 3609 31 16 stu

1485 3633 56 13 serra
1550 3629 20 17 di
1581 3629 41 17 Diu.
1631 3633 25 14 ne
1664 3632 97 20 aspettanu
1770 3635 11 13 a
1788 3631 136 22 glorifieazione
1929 3633 25 16 d’i

1485 3653 53 17 santi.

2161 82 235 35 GIURNALI

2062 151 35 5 .....
2104 139 28 18 On
2140 145 24 13 ne
2170 141 69 18 saurait
2244 146 48 14 nous
2297 148 85 18 opposer,
2392 150 23 12 en
2424 146 51 22 dépit
2480 148 32 17 des

2038 163 101 19 difficultés
2152 166 24 17 de
2183 166 78 23 l’heure,
2270 172 26 13 un
2309 173 37 13 non
2361 174 101 17 possumus
2476 172 37 17 for-

2037 189 43 17 mel.
2087 189 14 17 il
2107 194 24 13 ne
2137 194 9 13 s
2152 190 40 23 agit
2200 196 32 17 pas
2238 192 18 17 là
2271 193 24 17 de
2303 193 71 22 projets
2389 197 122 21 somptuaires

2036 215 82 19 pouvant
2126 216 85 17 attendre
2216 217 33 17 des
2267 218 60 22 temps
2341 219 104 23 meilleurs,
2464 222 46 17 mais

2036 238 43 18 bien
2087 239 56 18 d’une
2150 240 74 22 justice,
2240 242 56 18 d’une
2312 244 105 22 réparation
2432 246 79 18 élémen-

2036 263 98 19 tairement
2139 266 47 17 dues
2192 271 12 12 a
2211 266 18 17 la
2235 266 63 23 Corse;
2312 273 24 14 en
2344 274 22 13 ce
2376 271 32 21 qui
2419 276 90 14 concerne

2034 289 114 18 notamment
2154 290 18 18 la
2177 291 114 19 subvention
2298 293 158 24 cinquantenaire,
2461 301 47 14 nous

2033 317 76 18 payons,
2124 319 48 18 pour
2184 316 45 19 cela,
2238 322 46 13 avec
2297 323 26 12 un
2338 319 71 22 régime
2420 322 89 18 douanier

2033 339 86 21 aggravé.

2055 363 26 17 Eu
2091 364 65 22 vérité,
2172 365 17 18 si
2203 370 20 14 ce
2242 367 52 18 refus
2311 368 66 19 formel
2394 375 48 14 nous
2463 372 45 18 était

2032 389 74 21 opposé,
2116 394 47 13 nous
2172 395 24 13 ne
2208 393 150 20 comprendrions
2364 398 33 17 pas
2406 399 21 14 ce
2435 401 37 16 que
2479 397 28 18 les

2031 412 97 19 sénateurs
2137 416 19 16 et
2164 415 27 18 les
2197 416 77 21 députés
2283 418 23 16 de
2311 418 18 17 la
2336 417 63 19 Corse,
2407 421 32 20 qui
2457 423 47 20 sont,

2031 438 114 23 semble-t-il,
2153 440 60 18 moins
2221 442 33 17 des
2267 442 140 21 représentants
2413 445 23 18 de
2444 446 18 17 la
2470 446 35 18 Na-

2031 462 38 18 tion
2079 468 37 17 que
2124 464 28 17 les
2159 465 138 22 représentants
2302 468 23 17 de
2336 468 19 17 la
2367 468 57 19 Corse
2438 471 67 18 devant

2029 487 18 17 le
2055 488 67 22 peuple
2138 489 86 22 français,
2234 493 102 20 manquant
2350 497 23 13 en
2381 494 125 20 l’occurrence

2029 516 23 13 au
2060 513 65 17 devoir
2132 514 19 17 le
2159 514 43 22 plus
2210 515 67 22 simple
2283 517 22 17 de
2316 517 103 24 solidarité,
2426 520 79 19 feraient

2029 540 66 15 encore
2102 543 24 12 au
2135 538 57 19 Sénat
2197 541 19 16 et
2224 541 11 16 à
2242 541 17 17 la
2266 540 98 21 Chambre.

2050 561 62 19 Est-ce
2122 568 37 12 une
2174 568 75 15 menace
2262 570 43 17 que,
2321 568 53 20 dans,
2389 570 54 17 notre
2454 570 47 21 idée,

2027 590 48 13 nous
2086 586 83 19 invitons
2177 593 34 13 nos
2226 590 140 22 représentants,
2373 593 11 17 à
2401 595 79 20 prendre
2492 595 11 18 à

2027 610 42 18 leur
2073 613 79 21 compte,
2161 613 12 17 à
2181 613 76 19 réaliser
2263 616 46 17 dans
2318 617 17 17 la
2342 617 60 18 forme
2411 619 55 21 qu’ils
2474 620 29 22 ju-

2027 637 66 20 geront
2097 637 91 19 désirable
2196 638 9 19 ?
2214 638 46 20 Sans
2269 641 32 17 nul
2310 642 64 18 doute.

2082 670 56 9 jeune
2421 670 56 17 L.M.

2049 704 28 5 ....
2087 692 24 18 Le
2119 693 67 19 métier
2193 695 23 18 de
2223 695 111 22 journaliste
2340 698 89 19 insulaire
2437 702 29 16 est
2482 702 18 17 la

2025 716 56 18 chose
2093 717 17 17 la
2115 718 43 21 plus
2169 719 56 18 avilie
2234 721 32 21 qui
2273 722 43 17 soit.

2047 738 25 18 Le
2078 739 96 19 rédacteur
2181 746 20 13 se
2211 743 80 21 plaint-il
2302 745 25 17 du
2336 749 81 18 manque
2429 747 71 19 d’éclai-

2025 767 43 18 rage
2074 763 9 18 ?
2089 765 41 17 tien
2137 767 45 16 veut
2189 766 10 17 à
2206 767 17 17 la
2228 767 129 24 Municipalité
2362 774 24 14 en
2393 775 62 15 cours.
2471 770 28 21 Sï-

2024 789 91 20 gnale-t-il
2130 794 26 13 un
2166 791 113 22 agissement
2291 794 92 19 blâmable
2395 797 47 18 dans
2462 803 37 13 une

2024 813 163 20 administration?
2192 816 15 18 Il
2214 822 11 12 a
2233 822 38 14 une
2279 824 82 14 rancune
2372 822 73 18 secrète
2456 827 43 13 con-

2024 838 28 17 tre
2060 838 18 17 le
2083 838 43 19 chef
2133 840 24 17 de
2170 842 78 18 service.
2254 843 54 22 Tout,
2321 845 48 22 tout,
2377 847 41 17 tout
2426 848 30 17 est
2472 848 27 18 in-

2024 863 80 21 terprété
2108 868 34 17 par
2147 865 18 17 le
2172 867 67 18 mobile
2244 870 255 24 personnehanimosilé,ran-

2022 891 53 17 cune,
2088 889 58 20 profit
2159 892 59 16 moral
2230 896 25 13 ou
2269 893 114 24 pécuniaire;
2396 896 41 18 rien
2450 898 48 18 n’est

2022 912 81 19 attribué
2107 918 24 13 au
2139 915 42 17 soin
2186 916 25 17 du
2217 916 43 19 bien
2268 919 69 21 public.

2044 934 23 18 Et
2072 935 81 22 lorsque,
2160 941 34 18 par
2199 938 73 23 hasard,
2280 945 21 13 ce
2306 942 90 21 reproche
2402 944 49 18 11’est
2456 949 33 17 pas

2021 959 11 17 à
2040 959 85 19 craindre
2131 962 44 18 c’est
2185 963 17 17 la
2208 964 90 23 politique
2302 966 33 21 qui
2339 966 74 23 jugule:

2043 981 29 18 Un
2078 983 25 17 tel
2109 987 10 13 a
2125 983 44 19 vidé
2177 984 18 18 la
2202 986 59 18 caisse
2268 987 25 18 de
2303 992 35 13 son
2352 991 66 19 patron
2426 996 5 12 :
2437 990 60 19 Silen-

2021 1010 21 14 ce
2056 1006 52 19 îc.’est
2116 1013 26 12 un
2151 1009 33 18 des
2190 1010 69 19 nôtres.
2267 1011 78 22 Celpi-ei
2353 1018 12 13 a
2379 1015 59 22 spolié
2451 1016 46 18 hon-

2020 1031 104 19 teusement
2132 1037 35 14 son
2183 1037 66 20 parent
2263 1041 26 14 ou
2305 1042 34 13 son
2352 1039 70 19 voisin:
2438 1041 55 18 Chut!
2513 1053 4 4 ■

2019 1056 45 18 c’est
2070 1061 28 13 un
2105 1057 82 19 électeur
2197 1060 82 19 influent
2287 1063 44 21 qu’il
2340 1063 42 19 faut
2389 1065 106 21 s’attacher.

2019 1080 79 19 Celui-là
2110 1087 11 13 a
2130 1084 76 19 commis
2212 1090 25 13 un
2241 1088 83 17 meurtre
2340 1089 44 22 plus
2395 1094 25 13 ou
2434 1091 60 18 moins

2019 1107 100 21 crapuleux
2126 1113 5 12 :
2141 1108 14 17 il
2161 1108 41 19 faut
2210 1114 75 19 essayer
2293 1113 23 17 de
2321 1113 18 18 le
2348 1114 48 18 faire
2401 1116 93 21 acquitter

2018 1135 31 13 car
2057 1132 14 16 il
2079 1136 11 13 a
2097 1134 86 20 quatorze
2195 1134 58 20 frères
2268 1138 20 16 et
2303 1138 102 22 cinquante
2418 1141 75 18 cousins

2019 1156 42 18 tous
2070 1156 120 21 électeurs....

2038 1183 27 18 La
2070 1184 86 19 Nouvelle
2166 1186 57 19 Corse.
2332 1190 59 19 Jean
2399 1192 70 19 Maki.

2039 1217 88 19 .....Dans
2135 1223 27 14 un
2170 1221 41 17 seul
2219 1221 69 24 village
2296 1223 24 18 de
2325 1223 63 23 Corse,
2392 1235 24 3 —
2421 1231 27 13 un
2454 1228 38 17 tout

2016 1241 47 21 petit
2070 1242 69 23 village
2150 1245 33 21 qui
2191 1249 25 14 ne
2225 1247 78 21 possède
2314 1249 62 18 même
2386 1255 34 17 pas
2428 1252 24 17 de
2459 1252 34 17 bu-

2015 1270 44 14 reau
2065 1267 24 17 de
2094 1269 53 20 poste
2150 1278 22 4 —
2175 1274 47 14 nous
2227 1272 119 20 connaissons
2351 1279 24 13 au
2379 1276 62 18 moins
2448 1277 44 18 trois

2015 1290 65 23 frères,
2094 1293 40 18 tous
2148 1294 86 23 majeurs,
2248 1297 31 22 qui
2292 1300 42 16 sont
2344 1299 84 23 Pupilles
2439 1302 24 17 de
2473 1302 19 18 la

2015 1315 72 19 Nation.

2024 1338 38 30 ..Le
2069 1340 75 18 dernier
2151 1346 12 13 a
2171 1341 22 19 23
2201 1347 40 17 ans,
2249 1344 18 18 le
2275 1347 74 21 second,
2356 1346 29 23 24,
2393 1349 19 17 et
2418 1348 19 18 le
2446 1349 45 18 troi-

2015 1363 56 19 sième
2079 1364 23 18 28
2106 1370 40 14 ans.
2154 1366 82 24 Celui-ci,
2244 1369 56 19 détail
2307 1373 99 22 suggestif,
2414 1375 30 17 est
2450 1379 40 16 gar-

2014 1389 22 17 de
2044 1389 114 22 républicain
2164 1391 20 18 !!!

2026 1413 34 33 ,Ce
2070 1415 57 22 Sarde
2140 1417 113 22 républicain
2267 1421 71 22 pupille
2348 1422 29 18 -de
2387 1423 19 18 la
2416 1423 73 23 Nation,

2014 1438 75 19 n’est-ce
2093 1445 32 17 pas
2130 1442 151 20 délicieusement
2286 1447 127 22 symbolique?
2416 1448 27 19 On
2448 1449 42 18 évo-

2014 1467 35 18 que
2057 1469 26 13 un
2088 1466 47 21 petit
2142 1467 85 22 orphelin
2235 1470 118 19 souffreteux
2362 1474 18 16 et
2389 1473 99 23 pitoyable,

2014 1489 17 17 et
2039 1489 36 18 l’on
2083 1491 40 17 voit
2131 1493 63 22 surgir
2205 1498 25 14 un
2242 1495 77 22 gaillard
2328 1497 11 17 à
2346 1497 20 18 la
2376 1502 77 15 carrure
2460 1504 30 13 so-

2019 1514 37 21 lde,
2068 1515 66 19 revêtu
2144 1517 25 18 de
2177 1522 34 14 son
2222 1520 93 19 uniforme
2326 1523 19 17 et
2356 1523 101 19 défenseur
2465 1526 23 17 de

2014 1538 64 19 tordre
2091 1541 83 21 public...
2186 1543 112 23 Vingt-huit
2308 1547 64 18 ans!..
2385 1547 103 21 Gendarme

2014 1565 9 15 1
2029 1564 25 17 eh
2055 1565 18 17 te
2081 1566 20 17 et
2108 1567 70 21 pupille
2185 1568 24 18 de
2216 1569 18 17 la
2242 1570 70 23 nation,
2321 1571 19 18 le
2348 1573 59 22 pôvre
2412 1576 4 12 1

2035 1588 48 17 Vous
2091 1592 25 14 ne
2123 1588 68 23 rigolez
2199 1590 45 23 pas?
2251 1591 38 19 Moi
2296 1598 38 13 non
2342 1595 50 21 plus.
2400 1596 22 17 Je
2430 1601 58 17 pense

2014 1615 33 17 que
2052 1616 21 14 ce
2078 1613 68 23 village
2152 1615 30 17 n’a
2187 1615 40 19 rien
2233 1617 23 18 de
2264 1618 115 21 particulier,
2386 1625 37 17 que
2428 1625 22 14 ce
2455 1622 32 21 qui

2014 1637 26 17 ïst
2047 1641 41 14 vrai
2096 1642 46 18 pour
2149 1640 29 17 lui
2186 1641 39 18 doit
2234 1641 54 20 l’être
2296 1648 47 17 pour
2351 1645 28 18 les
2388 1647 69 21 autres,
2468 1648 19 17 et

2014 1662 41 21 qu’il
2063 1667 12 18 y
2083 1668 11 12 a
2102 1662 34 19 36o
2144 1668 107 17 communes
2259 1671 24 14 en
2291 1667 56 20 Corse

2031 1690 73 19 L'Eveil
2114 1691 22 18 de
2147 1692 19 18 la
2178 1692 57 20 Corse.

2053 1750 101 38 Sfrinli
2171 1764 82 27 corne
2268 1756 158 40 ranchiuvi
2431 1760 11 36 I

2036 1819 88 24 Nahtu
2134 1828 16 15 a
2161 1822 79 23 l'auto
2249 1825 29 21 di
2289 1825 107 24 Sartene

2038 1848 30 21 Si
2071 1849 59 28 faci
2138 1856 16 15 a
2162 1857 74 16 carca
2249 1852 26 22 la
2280 1855 114 28 prugna,

2040 1875 40 23 U11
2088 1877 55 22 vale
2152 1885 16 14 a
2180 1879 36 22 di:
2224 1885 71 18 semu
2305 1883 99 27 strinti,

2036 1904 50 23 Più
2100 1907 24 20 ci
2132 1906 38 22 11'è
2176 1908 79 28 piùsi
2264 1909 162 31 11'infrugna,

2037 1932 24 22 U
2072 1933 121 24 chauffore
2205 1936 150 31 Mora^ani

2035 1961 61 22 Dici
2101 1964 152 27 stupendusi
2263 1967 11 20 i
2285 1969 85 20 mani:

2035 2004 78 27 «Ajò,
2119 2005 52 27 feti
2178 2012 52 16 una
2240 2009 108 28 pia^a!

2038 2031 39 23 Un
2086 2032 34 22 c"e
2128 2033 48 28 più
2188 2034 43 22 che
2243 2037 41 20 sta
2294 2037 95 28 £itella,

2038 2059 40 23 Un
2081 2063 63 26 pesa
2152 2062 136 24 manc'una
2299 2064 83 23 libral

2034 2087 69 23 Mire
2113 2090 76 22 coin'è
2201 2091 162 29 chiuculella,

2033 2116 85 23 Pianu
2130 2119 149 28 andaremu,
2288 2127 42 16 ma
2336 2123 61 21 sani

2036 2144 93 29 Teifipu
2141 2146 34 22 c’è
2188 2147 61 26 fin'a
2255 2148 109 24 dumani
2371 2151 29 21 /»

2032 2187 101 23 «Allons
2145 2189 68 21 donc!
2223 2197 12 14 e
2244 2196 52 17 una
2307 2195 143 26 vargogna!

2031 2215 73 22 Dissi
2111 2222 54 16 una
2173 2219 194 30 corsa-Pin^uta
2375 2221 34 28 (j)

2032 2243 72 22 Nous
2117 2250 106 17 sommes
2235 2247 59 28 déjà
2314 2248 90 23 fermés
2422 2249 54 30 (sic)

2034 2271 52 22 Che
2098 2278 35 16 un
2144 2274 26 20 ci
2174 2273 75 28 fussi
2258 2277 54 20 mai
2323 2277 91 22 vinuta

2031 2299 33 22 En
2074 2300 75 29 congé
2162 2302 33 21 da
2207 2309 16 16 u
2238 2303 160 28 Cuntinenti,

2030 2328 98 22 Ah!bon
2138 2328 64 23 Dieu
2212 2331 42 22 chi
2260 2333 167 27 suffrimenti!
2435 2341 11 14 »

2031 2369 88 23 Tandu
2132 2377 17 16 u
2159 2371 121 24 chauffore
2289 2375 135 28 asti^atu:

2028 2405 14 13 «
2049 2397 22 22 O
2078 2399 127 27 madama,
2212 2403 60 20 steti
2282 2403 70 26 zitta,
2363 2414 3 4 ■

2029 2425 30 23 Si
2067 2428 43 20 voi
2120 2433 37 16 un
2168 2433 26 16 se
2194 2429 23 21 fi
2223 2431 117 21 cuntenti

2032 2453 31 22 Vi
2068 2454 108 28 faremu
2187 2457 40 21 stà
2240 2463 65 16 ancu
2320 2459 73 25 ritta,

2030 2482 30 21 Si
2070 2488 31 16 vo
2114 2489 35 16 un
2165 2485 66 21 erati
2240 2491 52 16 una
2304 2486 87 22 donna

2029 2509 71 24 Guai
2110 2517 16 16 a
2135 2518 39 20 vo,
2184 2514 36 26 pa
2232 2512 161 24 lamadonna
2403 2515 9 21 !

2029 2551 110 23 Ouandu
2152 2552 77 23 l'auto
2242 2553 31 27 fu
2287 2555 28 21 b'e
2326 2562 86 21 carcu,

2027 2579 112 23 Ghiunsi
2148 2583 41 26 %ia
2200 2581 89 23 Maria
2299 2584 108 26 iucinta,

2025 2607 191 28 Scunffulendu,
2226 2616 16 15 a
2249 2610 69 29 fiatu
2328 2613 29 20 in
2369 2612 85 27 bucca,

2024 2634 53 23 Era
2089 2637 27 20 in
2128 2636 24 25 u\
2160 2643 76 16 messe
2249 2645 14 14 a
2276 2639 66 22 tinta
2349 2641 10 20 !

2026 2663 81 22 Grid'o
2115 2670 6 15 :
2135 2664 52 22 <uPa
2198 2671 17 16 u
2226 2668 77 21 santu
2314 2668 82 27 piacé,

2023 2690 55 23 Feti
2085 2692 91 29 piafâa
2187 2699 65 17 ancu
2265 2701 17 14 a
2292 2701 39 16 me
2337 2696 10 21 !
2353 2703 13 14 »

2026 2732 89 28 Ugnun
2128 2735 25 20 si
2163 2736 92 21 strinsi
2266 2736 29 21 di
2304 2737 81 27 spcilli

2022 2759 22 22 E
2054 2762 85 28 sgunfi
2140 2762 13 20 'o
2167 2769 16 15 a
2194 2763 146 28 curpulina,

2022 2789 22 20 A
2056 2791 115 25 parsona
2183 2790 25 22 la
2216 2791 48 28 più
2273 2798 94 22 grossa

2026 2816 75 22 Circb
2115 2823 15 15 a
2136 2818 72 27 fassi
2219 2819 29 21 bè
2257 2820 63 27 finq,

2021 2844 22 20 E
2053 2845 41 28 çio.
2106 2845 87 22 Maria
2205 2848 26 20 in
2244 2853 30 16 su
2277 2848 61 21 dore

2021 2871 80 23 Intesi
2111 2879 18 16 u
2137 2875 90 26 primu
2240 2875 99 22 dulore.

2020 2914 22 20 A
2055 2920 17 15 u
2081 2916 79 25 ponte
2172 2916 28 21 di
2210 2916 156 27 Pisciatella,

2020 2940 109 28 Strinta,
2140 2944 96 21 strinta
2245 2951 16 14 a.
2272 2946 41 20 cri
2311 2947 49 25 per
2360 2952 23 19 a,

2018 2968 41 22 Da
2071 2969 21 22 li
2102 2972 80 19 scossi
2191 2973 185 26 scummudata,

2017 2996 132 29 Principi'o
2160 2998 26 21 la
2197 2999 180 24 chirchinnera

2018 3023 22 22 E
2051 3026 92 27 cappib
2157 3026 48 22 dui
2214 3027 87 27 ziteïli,

2020 3082 33 22 Ci
2057 3083 37 28 fù
2102 3085 90 28 piag^a
2205 3091 65 16 ancu
2281 3088 48 26 per
2340 3086 47 22 elli
2391 3087 10 21 !

2290 3119 26 23 S.
2325 3120 108 22 d’Aulle.

2010 3143 72 18 Parlata
2091 3144 18 17 di
2118 3144 59 19 Sartè.

2005 3181 50 18 (l)Sta
2060 3182 49 15 donna
2112 3184 43 14 vulia
2161 3184 17 14 di
2183 3188 49 11 «semu
2237 3185 53 18 dighîa
2294 3186 83 17 strinti.ma
2381 3188 78 17 pensendn

1987 3201 17 14 in
2007 3205 44 11 corsa
2056 3202 40 15 volsi
2103 3204 43 16 parla
2154 3204 70 16 francese;
2232 3208 27 15 per
2263 3205 35 15 ella:
2303 3206 50 15 serrés
2359 3213 19 4 —
2384 3207 56 14 sarrali
2445 3214 18 4 —

1987 3221 57 14 fermés.

2144 3263 155 24 -AVyiSTJ

2013 3292 39 20 Da
2059 3298 18 15 u
2086 3292 32 21 15
2130 3292 92 26 Lugliu
2230 3300 17 15 a
2254 3300 18 15 u
2282 3294 31 21 15
2326 3295 135 23 Sittembre

1985 3318 24 21 A
2023 3319 120 22 MUVRA
2158 3327 35 15 un
2205 3324 68 19 sorte
2288 3327 30 17 ca
2330 3323 49 22 due
2393 3325 68 21 volte

1984 3352 18 15 u
2012 3352 77 16 mese.

1997 3401 6 5 .
2011 3374 209 24 L’abbunamenti
2224 3383 95 16 saranu
2322 3379 138 27 prulunga-

1983 3401 22 22 ti
2017 3401 27 22 di
2052 3405 103 23 quattru
2166 3404 140 23 settimane.
2417 3401 15 4 -

2100 3463 239 25 CUNFRATELLU

2008 3496 25 19 In
2043 3496 74 21 Bastia
2126 3498 14 19 è
2151 3497 99 26 riaparsa
2262 3499 48 21 La
2318 3501 140 26 Tribune,

1981 3520 102 25 giurnàle
2091 3522 81 20 direttu
2182 3524 28 19 da
2218 3530 15 13 u
2243 3525 49 25 sgiô
2303 3525 102 23 Larenzu
2414 3528 46 21 Ma-

1981 3546 80 19 Iandri.

2006 3570 76 26 Longa
2092 3571 45 21 vita
2145 3578 13 14 e
2167 3574 132 24 prusperità.

1994 3625 239 32 Aiaeciu-Stamparia
2252 3630 24 22 di
2298 3633 23 21 A
2347 3633 95 23 Muvra

1992 3658 219 32 direliore-gerente
2220 3670 6 15 :
2249 3664 70 23 Petru
2332 3666 113 23 ROCCA.
