2580 3924
95 159 149 77 Un
281 159 113 69 sò
431 177 119 53 ca
585 155 269 81 Fiori.

53 336 29 25 £d
93 326 81 27 eccuti,
196 327 42 24 per
260 320 93 25 finiscc,
376 326 13 16 u
413 320 79 28 logicu

65 359 146 35 giunamentu
224 353 174 24 d'irredentista
418 354 24 21 di
459 360 32 15 un

29 412 13 17 h
57 398 128 31 cugnanese
194 390 38 23 clii
244 387 179 23 l’autonomista
434 385 58 24 Mu-

29 413 40 48 hÜa
87 431 70 25 mette
168 423 69 25 sott’a
248 428 15 15 u
276 427 58 16 nasu
346 420 31 22 d’i
389 420 100 28 l’ignoc-

29 451 13 16 ®
53 473 18 23 ri
82 465 67 25 ch’un
161 464 58 18 sanu
230 455 89 29 leghie.

52 501 49 26 Ch’i
119 493 79 26 vittuli
208 498 13 15 e
230 491 8 21 i
246 488 110 29 piliziotti
369 494 20 15 si
406 488 78 21 metti-

66 531 113 32 pucchiali
192 535 13 15 e
213 525 76 25 ch’elli
311 524 112 22 cercliinu
431 530 31 16 ne
475 531 15 14 u

29 554 75 44 Bnstra
120 564 91 33 jurnale
232 559 93 30 qualchi
350 559 82 22 scrittu
451 558 39 22 chi

26 600 135 37 Vassmnigli
181 604 13 15 a
210 595 80 28 quellu
302 594 23 21 di
348 592 143 28 u-capitanu

31 637 123 34 pumenicu
167 629 103 25 Morelli.

53 669 124 30 Allôra?...

55 707 43 25 Aiô
111 705 5 20 i.
130 699 75 25 Cli’un
218 696 35 23 c’è
272 695 103 28 bisognu
387 693 23 22 di
421 694 66 21 tantu

56 750 10 16 r
92 738 37 24 jà-
145 741 12 15 a
180 730 131 25 trimulella-
338 734 12 16 a
382 727 107 22 Marian-

29 755 55 46 PQna
94 773 5 15 \
113 771 66 23 Basta
189 765 85 23 ck’elîa
298 761 117 24 intravedi
430 761 22 21 in
467 762 21 21 la

28 810 120 27 campagna
179 799 107 24 cursista'.
301 803 15 15 u
344 796 99 27 piriculu
464 795 23 21 di

42 844 51 24 crde
113 835 83 26 suldati
217 831 128 24 culunniali
360 842 30 4 —
411 829 77 22 Carne

27 883 26 21 da
65 880 6 20 i
91 870 88 28 maceUi
200 865 145 25 raarocchini
367 870 14 15 e
406 863 81 22 siriani

28 922 13 16 0
62 912 28 22 da
111 914 13 15 e
152 902 86 24 zinzale
256 899 142 28 Senegalese
421 909 31 4 —
475 903 13 15 e

29 944 88 30 guardia
129 935 93 33 prighiô
235 940 43 23 per
289 932 83 23 ch’ella
384 928 65 26 ràetti
463 937 24 16 in

29 980 120 26 campagna
160 970 53 24 tutti
223 968 129 24 l’imbrutta
364 966 123 27 muraghe,

28 1018 5 22 i
45 1014 95 29 pretacci
148 1002 147 26 scuminicati
306 1007 13 16 e
328 1001 6 21 i
342 1000 69 22 sbirri
424 999 62 22 mani

27 1050 91 24 luzzose.

52 1079 106 25 Bdicenu
176 1072 37 23 chi
230 1078 15 15 u
261 1070 80 23 francu
362 1070 49 21 cala
431 1074 56 22 ogm

27 1119 63 22 iornu
103 1112 6 21 !

389 1149 30 23 P.
431 1148 29 23 R.

48 1230 70 21 Est-ce
134 1231 43 20 que
192 1227 57 17 celte
264 1221 104 22 situation
389 1224 33 17 est
439 1226 50 19 sup-

26 1257 106 32 portable?
144 1257 57 20 Sans
209 1255 68 20 doute
291 1253 79 21 l’Italie
385 1252 56 20 n’est
450 1257 39 19 pas

25 1300 24 15 en
68 1295 78 22 guerre
167 1293 55 15 avec
238 1286 22 20 la
274 1285 97 24 France;
394 1282 56 22 mais
467 1282 22 20 le

25 1323 94 23 meilleur
128 1325 80 19 moyen
217 1323 57 20 pour
285 1315 55 27 qu’il
350 1314 91 21 n’existe
449 1319 41 19 pas

24 1356 25 21 de
72 1353 105 22 ferments
202 1350 29 20 de
250 1348 103 21 discorde
373 1348 63 18 entre
455 1344 34 20 les

24 1388 53 20 deux
86 1382 99 28 peuples,
191 1381 53 21 c’est
252 1386 45 19 que
314 1379 21 20 la
353 1382 92 17 menace
461 1375 29 21 de

23 1420 19 20 la
47 1417 68 21 Corse
123 1414 75 21 armée
209 1419 40 19 par
261 1411 22 21 la
292 1411 85 20 France
391 1415 29 14 ne
428 1406 62 22 s’élè-

24 1456 24 15 ve
59 1454 40 20 pas
113 1449 63 18 entre
184 1451 51 15 eux.

45 1481 17 20 Il
68 1484 34 17 est
109 1479 59 21 donc
176 1475 104 24 essentiel
286 1481 45 20 que
335 1474 22 21 la
366 1473 70 21 Corse
444 1478 46 15 ces-

23 1516 47 19 sant
82 1509 151 28 d’appartenir
249 1509 14 20 à
275 1507 22 21 la
314 1506 85 21 France
415 1506 75 19 rentre

23 1546 52 20 dans
88 1542 78 22 l’unité
173 1541 114 21 italienne.

45 1575 23 22 Si
77 1580 87 16 comme
173 1578 59 15 nous
240 1571 87 20 l’avons
334 1569 92 26 prouvé,
433 1570 58 18 cette

22 1608 29 21 île
61 1610 63 17 entre
131 1605 34 21 les
177 1603 73 21 mains
263 1602 55 21 d’un
332 1599 81 27 peuple
426 1598 63 24 rival,

23 1638 107 22 constitue
143 1643 31 14 un
189 1635 84 25 danger
290 1639 57 19 pour
355 1632 22 20 le
387 1637 103 14 nouveau

23 1670 111 25 Royaume
145 1667 86 23 Italien,
240 1663 88 23 celui-ci
336 1664 155 24 s’empressera

24 1701 50 21 delà
84 1702 79 18 mettre
177 1699 14 19 à
199 1696 63 22 l’abri
274 1696 29 20 de
311 1698 64 18 toute
383 1693 108 21 tentation

13 1732 65 21 'delà
87 1734 50 22 part
147 1730 29 20 de
197 1728 124 24 l’étranger,
330 1729 23 18 et
364 1725 53 21 c’est
432 1724 59 20 alors

24 1770 41 19 que
79 1766 153 17 commencera
249 1765 66 18 pour,
323 1758 22 20 la
356 1756 68 21 Corsé
440 1756 53 20 Père

23 1795 38 20 des
77 1793 83 25 grands
169 1795 101 19 travaux,
280 1789 40 21 des
329 1788 96 26 grandes
433 1787 60 20 amé-

24 1824 119 23 liorations,
158 1823 30 20 de
203 1822 22 20 la
241 1820 125 26 prospérité
389 1822 23 17 et
429 1818 29 20 de
471 1818 22 20 la

25 1854 160 24 considération
194 1859 51 15 vers
252 1851 97 26 laquelle
361 1850 43 20 elle
419 1849 74 25 aspire

25 1886 76 27 depuis
108 1888 49 18 tant
164 1884 41 21 des
212 1883 79 21 siècles
298 1889 7 17 ;
315 1882 53 20 c’est
381 1881 59 20 alors
448 1886 46 19 que

25 1920 20 20 le
53 1917 87 21 chemin
149 1916 29 20 de
183 1915 37 20 fer
227 1914 40 26 qui
280 1913 48 21 doit
333 1911 90 27 joindre
431 1911 61 21 bien-

26 1951 29 20 tôt
65 1949 20 21 la
92 1947 121 25 Sardaigne
227 1952 40 18 par
272 1951 37 14 ses
318 1944 57 20 deux
392 1942 103 21 extrémi-

27 1982 37 21 tés,
83 1978 90 21 viendra
191 1976 59 21 aussi
264 1980 22 16 et
294 1975 122 21 forcément
434 1974 60 19 éten-

27 2012 36 20 dre
72 2017 24 14 sa
104 2010 60 25 ligne
178 2015 38 14 sur
225 2008 19 20 la
259 2006 71 21 Corse
338 2009 22 16 et
369 2005 20 20 la
400 2003 93 23 vivifier,

27 2047 20 16 et
53 2042 18 20 si
84 2040 44 22 l’on
148 2038 98 22 réfléchit
267 2044 45 19 que
321 2036 83 21 celle-ci
414 2034 80 22 touche

27 2079 91 20 presque
132 2072 33 20 les
173 2072 61 20 côtes
242 2070 30 20 du
282 2068 115 21 continent
410 2066 83 23 italien,

27 2109 20 16 et
55 2110 43 20 que
115 2103 28 21 de
158 2103 20 20 la
191 2101 122 25 Sardaigne
327 2106 30 14 on
375 2098 77 21 atteint
464 2103 29 15 en

27 2136 105 25 quelques
140 2134 80 21 heures
226 2133 67 20 celles
302 2132 28 20 de
338 2130 116 25 l’Afrique,
464 2135 29 13 on

28 2174 26 13 ne
63 2173 56 14 nous
127 2165 135 21 demandera
266 2164 51 24 plus
325 2169 27 15 ce
360 2168 44 19 que
410 2162 22 20 la
441 2160 54 22 Cor-

27 2205 29 18 se,
73 2198 55 21 mise
138 2197 56 21 ainsi
212 2203 39 14 sur
268 2195 61 21 l’une
345 2193 41 21 des
399 2192 96 26 grandes

28 2234 71 16 routes
121 2229 29 20 de
163 2228 102 23 l’Orient,
283 2228 53 24 peut
350 2231 84 20 gagner
443 2225 13 20 à
469 2230 25 14 sa

28 2260 89 22 réunion
124 2267 27 14 au
158 2260 114 25 Royaume
280 2257 94 21 d’It2lie.
383 2255 30 26 (i)

51 2292 29 21 Le
87 2291 99 27 principe
192 2291 40 20 des
238 2288 140 22 nationalités
383 2287 66 21 fondé
455 2293 39 14 sur

27 2323 18 21 la
58 2324 106 20 tendance
176 2323 40 20 des
224 2321 93 26 peuples
330 2321 13 19 à
360 2325 25 15 se
399 2324 96 20 grouper

27 2360 25 15 en
70 2354 21 21 fa
93 2355 29 21 mi
124 2355 29 22 Hé
168 2357 69 22 ayant
252 2353 22 20 le
295 2352 73 21 même
385 2354 58 22 type,
462 2349 33 20 les

27 2387 79 19 mêmes
124 2391 90 17 moeurs,
231 2384 87 26 parlant
332 2383 20 20 la
368 2382 72 20 même
449 2381 46 20 lan-

26 2422 40 19 gue
76 2424 53 14 sous
138 2417 20 20 le
173 2417 72 20 même
258 2415 81 21 climat,
360 2418 34 16 est
407 2413 88 25 aujour-

26 2447 162 22 d’hui-reconnu
198 2453 87 15 comme
298 2446 22 20 le
332 2445 100 21 meilleur
447 2443 48 26 spé-

27 2478 78 26 cifique
119 2477 237 23 antirévolutionnaire
370 2481 23 16 et
407 2483 30 13 un
455 2475 41 20 des

26 2509 103 22 éléments
142 2511 21 20 le
176 2510 50 26 plus
234 2509 64 21 actifs
312 2508 29 21 du
356 2508 91 25 progrès
456 2506 40 20 hu-

46 2590 26 23 (1)
81 2590 23 18 La
115 2590 69 18 France
195 2588 77 23 possède
284 2588 39 18 Pile
329 2588 23 17 de
362 2586 55 19 Corse
431 2586 65 22 depuis

26 2617 68 19 bientôt
101 2623 25 13 un
133 2618 55 18 siècle
196 2623 5 17 ;
212 2621 30 14 ses
247 2616 90 23 dépenses
344 2620 23 14 en
374 2616 77 17 travaux
457 2614 40 18 d’u-

25 2645 46 19 tilité
90 2647 88 22 publique
198 2645 80 23 pendant
294 2645 51 17 toute
361 2645 48 17 cette
427 2643 69 23 grande

26 2674 71 21 période
106 2674 89 18 s’élèvent
200 2674 11 17 à
216 2674 19 17 la
240 2677 71 14 somme
320 2671 94 19 d’environ
420 2671 24 18 30
454 2671 42 18 mil-

25 2701 46 19 lions
76 2708 14 18 y
94 2702 81 22 compris
183 2702 28 18 les
219 2701 90 23 dépenses
320 2701 25 17 du
360 2699 57 19 Génie
421 2699 75 18 Militai-

26 2734 25 19 re,
55 2731 106 18 l’entretien
167 2731 33 18 des
208 2731 71 21 routes,
287 2730 34 18 des
325 2730 53 22 ports
383 2729 35 18 etc.

45 2759 73 18 L’Italie
125 2760 30 18 est
163 2760 11 17 à
181 2759 55 23 peine
250 2757 109 22 constituée,
373 2758 21 18 et
400 2757 37 18 elle
444 2761 11 14 a
464 2756 31 18 dé-

24 2786 19 22 jà
49 2787 72 19 allouée
133 2788 12 17 à
151 2787 40 19 l’ile
204 2788 24 17 de
247 2786 101 23 Sardaigne
360 2786 44 23 plus
420 2786 23 18 de
460 2784 35 19 100

24 2815 79 19 millions
116 2816 25 18 de
153 2816 68 22 francs,
239 2815 147 19 exclusivement
400 2818 48 18 pour
461 2814 33 18 des

25 2843 75 19 travaux
110 2844 80 19 d’utilité
199 2843 94 23 publique.

520 323 69 21 main.
603 324 145 27 L’Empereur
754 326 114 26 Napoléon
881 328 31 19 III
925 327 67 21 fidèle

519 353 120 26 interprête
647 356 40 20 des
701 357 131 21 sentiments
841 358 29 20 de
886 358 21 20 la
925 358 68 20 Fran-

519 390 26 14 ce
554 385 8 20 l
569 392 13 13 a
590 387 112 24 proclamé
708 391 23 16 et
738 394 13 14 a
760 388 113 20 combattu
886 395 54 14 avec
949 389 43 19 elle

518 421 59 18 pour
585 416 21 20 le
620 416 55 21 faire
685 418 112 24 prévaloir
803 425 6 16 ;
825 419 16 19 il
852 425 27 13 en
890 425 12 13 a
912 418 81 24 profité

518 452 29 13 en
556 452 114 16 ramenant
678 455 30 13 au
714 448 82 21 bercail
806 449 28 19 de
842 449 22 19 la
874 449 70 24 patrie
952 449 41 19 des

518 477 93 25 peuples
619 485 44 18 que
674 479 22 20 la
705 479 102 20 barbarie
824 479 40 20 des
878 479 77 20 traités
963 485 29 14 en

517 508 61 20 avait
586 509 77 24 éxilés;
677 509 16 20 il
704 516 29 13 en
746 509 105 25 profitera
857 516 88 17 encore,
954 515 39 14 car

516 538 23 19 la
556 538 32 20 fin
600 539 31 21 de.
644 546 38 14 ces
695 540 156 25 aggrégations
871 540 121 20 naturelles

517 571 22 17 et
546 569 142 21 rationnelles
698 571 56 20 n’est
759 577 40 19 pas
808 570 85 21 arrivée
899 578 6 17 ;
912 574 22 17 et
938 577 54 14 sans

517 599 89 20 vouloir
619 600 136 21 déterminer
772 605 22 17 et
804 601 146 21 circonscrire
962 601 29 21 ici

516 629 34 20 les
564 629 81 22 limites
663 631 86 21 futures
762 632 29 20 de
807 632 22 20 la
850 632 91 24 France,
961 638 30 14 on

516 664 55 21 peut
580 661 50 21 bien
639 663 91 25 prévoir
742 670 44 19 que
803 664 33 20 les
850 663 92 26 peuples
951 663 39 26 qui

516 691 138 26 l’entourent,
671 695 38 25 qui
720 695 85 25 parlent
821 695 20 20 la
860 696 71 19 même
945 695 46 20 lan-

515 729 53 19 gue,
582 725 36 25 qui
631 730 39 16 ont
682 726 21 20 la
717 727 73 20 même
806 727 94 25 origine,
907 733 24 13 se
944 726 46 25 glo-

516 754 99 22 rifieront
638 764 29 13 un
687 757 54 25 jour
761 758 28 20 de
809 764 25 14 se
847 757 78 21 fondre
933 757 57 20 dans

516 790 58 16 cette
585 788 126 21 nationalité
718 789 112 25 glorieuse
845 793 62 16 entre
916 792 74 16 toutes

516 822 29 17 au
556 819 43 20 lieu
608 819 28 20 de
647 826 24 14 se
681 819 130 21 morfondre
832 820 55 20 dans
901 825 44 14 une
958 819 32 20 in-

516 850 126 25 signifiante
659 850 162 21 individualité,
839 855 21 16 et
875 850 27 21 de
912 850 76 22 n’être,

515 888 88 14 comme
612 882 20 20 le
640 882 67 21 disait
718 882 211 26 dédaigneusement
936 881 53 20 Met-

517 912 93 24 ternich,
620 913 82 25 qu’une
711 913 80 25 simple
799 913 129 25 expression
937 913 53 24 géo-

515 944 129 25 graphique.
659 944 61 21 C'est
738 944 89 20 l’affaire
841 944 29 20 du
882 947 71 21 temps
967 947 22 16 et

515 975 29 20 de
558 975 21 20 la
593 975 81 25 raison,
693 980 22 16 et
731 975 14 21 il
763 982 14 19 y
792 975 40 21 des
849 975 78 21 siècles
944 981 45 19 que

515 1010 59 17 cette
587 1006 121 21 révolution
728 1012 25 15 se
770 1007 68 20 serait
858 1005 129 26 accomplie,

515 1044 30 14 au
558 1038 69 25 grand
649 1037 67 26 profit
730 1038 28 20 de
775 1037 135 24 l’humanité,
934 1037 19 20 si
967 1036 21 21 la

517 1068 83 21 France
608 1069 59 20 avait
678 1069 102 25 toujours
793 1075 29 14 en
830 1076 29 13 un
866 1074 123 20 gouverne-

516 1103 65 17 ment
597 1100 67 21 fondé
677 1107 40 14 sur
730 1100 96 21 l’intérêt
841 1100 40 20 des
894 1105 93 18 masses,

516 1131 31 21 tel
555 1130 79 27 qu’elle
642 1132 22 20 le
673 1131 95 26 possède
776 1130 147 26 aujourd’hui.

542 1163 25 21 Si
585 1170 25 14 ce
626 1163 102 26 principe
742 1163 28 20 de
788 1165 147 23 groupement
948 1161 41 20 des

516 1194 93 26 peuples
617 1200 40 20 par
674 1194 131 21 nationalité
813 1197 36 17 est
857 1193 46 21 vrai
911 1192 77 26 quand

515 1228 23 20 la
547 1228 83 21 France
643 1235 29 14 en
685 1228 87 26 profite,
781 1228 16 20 il
809 1230 56 23 peut
880 1227 46 21 être
940 1225 49 21 vrai

516 1259 124 26 également
657 1259 77 25 quand
750 1259 17 20 il
780 1262 34 17 est
830 1257 137 25 revendiqué
975 1257 14 19 à

515 1294 44 18 son
572 1290 125 21 détriment.
713 1290 32 20 La
762 1290 71 20 Censé
847 1292 56 22 peut
921 1288 67 23 donc,

516 1321 106 21 s’armant
630 1322 40 20 des
679 1324 130 22 arguments
826 1319 108 25 invoqués
948 1324 42 19 par

515 1353 23 20 la
552 1352 80 21 Savoie
642 1355 24 17 et
681 1352 24 20 le
714 1352 89 25 compté
820 1351 28 20 de
865 1350 54 21 Nice
932 1355 58 20 pour

516 1390 127 20 provoquer
655 1384 51 20 leur
720 1383 96 21 réunion
832 1383 14 20 à
860 1382 20 20 la
895 1381 93 22 France,

516 1418 23 18 et
548 1415 140 21 s’autorisant
696 1415 40 20 des
748 1414 113 25 principes
876 1413 114 25 généraux

515 1446 185 21 solennellement
721 1446 125 25 proclamés
869 1444 40 20 des
931 1443 59 20 deux

516 1479 63 20 côtés
595 1479 39 20 des
651 1478 76 26 Alpes,
737 1484 41 19 par
795 1478 34 20 les
841 1475 99 22 bouches
957 1475 34 20 les

516 1510 77 21 mieux
613 1511 130 22 autorisées,
765 1509 122 21 demander
909 1509 14 19 à
948 1514 42 14 son

516 1545 53 17 tour
577 1548 23 14 sa
614 1542 94 21 réunion
726 1548 27 14 au
771 1541 115 25 Roynume
897 1539 92 21 d’Italie.

517 1573 74 25 Qu’on
597 1579 29 14 ne
633 1573 49 20 dise
689 1579 42 19 pas
736 1579 45 19 que
786 1578 58 14 nous
852 1571 139 21 calomnions

517 1604 34 20 les
559 1604 130 21 sentiments
695 1604 29 21 de
736 1604 21 20 la
766 1603 78 24 Corse,
848 1603 28 20 de
882 1602 21 21 la
910 1602 80 26 patrie,

517 1636 30 20 de
564 1635 22 20 la
602 1635 102 25 dynastie
724 1634 116 27 impériale
868 1633 122 25 française;

518 1667 68 25 qu’on
599 1666 101 21 consulte
713 1666 162 20 sérieusement
881 1668 23 17 et
920 1664 72 21 sincè-

518 1701 94 21 rement,
622 1704 53 14 sans
685 1697 91 25 brigues
792 1700 23 17 et
829 1702 52 15 sans
888 1695 103 27 pression

518 1729 108 20 d’aucune
635 1732 67 21 sorte,
712 1728 22 21 le
747 1728 81 26 peuple
839 1733 69 17 corse,
923 1727 68 25 qu’on

518 1759 34 20 lui
569 1760 108 20 demande
694 1759 34 21 s’il
747 1763 52 17 veut
812 1758 57 21 faire
881 1758 72 26 partie
961 1757 31 21 du

520 1790 114 26 Royaume
645 1790 93 25 d’Italie,
752 1794 87 17 rentrer
853 1790 55 20 dans
922 1789 22 20 la
961 1788 32 21 fa-

519 1821 63 21 mille
595 1822 40 20 des
646 1821 90 25 Sardes,
745 1822 40 20 des
793 1820 107 25 Toscans,
914 1826 80 19 expor-

519 1856 36 17 ter
563 1856 23 17 et
591 1853 100 21 recevoir
695 1859 54 14 sans
756 1852 72 21 droits
835 1852 34 20 les
877 1851 117 21 marchan-

520 1884 61 21 dises
592 1884 124 25 échangées
730 1887 63 17 entre
800 1884 34 20 les
854 1883 58 20 deux
929 1888 70 19 pays,-,

520 1915 65 21 avoir
593 1922 55 18 pour
662 1915 84 25 langue
761 1914 104 21 officielle
878 1920 25 15 sa
911 1920 83 19 propie

520 1946 89 25 langue,
618 1946 39 20 des
671 1945 176 21 fonctionnaires
855 1945 52 27 qu’il
917 1948 78 17 enten-

520 1976 50 25 dra*
587 1977 39 25 qui
642 1983 30 14 ne
683 1980 77 17 seront
768 1982 41 20 pas
825 1976 40 20 des
879 1977 115 23 étrangers

521 2007 56 21 chez
584 2008 39 22 lui,
634 2014 40 18 pas
682 2007 52 25 plus
743 2008 55 24 qu’il
808 2014 29 13 ne
851 2013 49 14 sera
907 2007 89 19 lui-mê-

521 2045 38 13 me
575 2039 102 24 étranger
698 2044 29 15 en
745 2038 70 24 Italie,
830 2043 87 15 comme
933 2037 16 20 il
961 2040 35 17 est

521 2069 130 21 réellement
667 2076 29 13 en
714 2069 85 20 France
815 2068 148 26 aujourd’hui,
973 2071 24 17 et

520 2100 47 21 l’on
573 2107 62 14 verra
643 2107 56 14 avec
708 2100 74 26 quelle
790 2100 124 21 unanimité
917 2106 26 14 se
948 2099 48 21 fera

520 2132 24 21 la
549 2133 101 24 réponse.

547 2163 57 21 Sans
609 2163 67 21 doute
685 2163 17 21 il
710 2169 15 20 y
731 2169 54 15 aura
798 2169 87 15 comme
894 2163 15 20 il
918 2169 15 19 y
944 2169 13 13 a
968 2168 28 15 eu

521 2196 15 19 à
544 2195 62 24 Nice,
616 2201 87 14 comme
714 2195 17 20 il
739 2202 15 18 y
766 2201 14 13 a
789 2202 27 13 eu
826 2201 29 14 en
863 2192 81 23 Savoie
957 2194 41 20 des

520 2232 55 19 gros
592 2226 139 21 traitements
756 2226 126 22 dissidents,
906 2225 58 20 mais
976 2225 22 20 la

522 2264 74 14 masse
601 2258 31 19 du
640 2257 83 26 peuple
736 2260 34 18 est
780 2257 146 24 italienne,-et
937 2259 63 18 vote-

521 2296 26 13 ra
560 2295 55 15 avec
622 2288 166 22 enthousiasme
796 2295 26 14 sa
830 2288 95 21 réunion
937 2294 14 14 a
962 2287 38 21 i’I-

521 2320 61 21 talie.
587 2320 209 20 constitutionnelle.

551 2359 75 25 Qu’on
633 2358 83 21 veuille
723 2357 52 21 bien
784 2356 72 21 croire
861 2362 44 20 que
911 2356 26 20 cè
944 2356 56 20 n’est

522 2397 41 19 pas
572 2396 52 15 sans
630 2391 143 24 répugnance
782 2391 23 17 et
813 2393 53 15 sans
875 2393 57 15 nous
942 2386 57 21 faire

522 2422 102 21 violence
631 2422 13 19 à
652 2426 60 15 nous
725 2420 84 20 mêmes
821 2425 45 19 que
874 2425 57 14 nous
940 2424 60 14 som-

522 2460 48 14 mes
579 2452 135 21 déterminés
717 2458 14 13 a
735 2450 131 21 traduireau
871 2450 71 25 grand
945 2449 54 26 jour

522 2485 23 20 le
567 2484 119 21 sentiment
708 2482 86 24 intime,
809 2482 35 20 les
865 2481 134 25 aspirations

522 2515 141 21 instinctives
672 2514 29 20 de
710 2518 65 16 noire
784 2519 56 20 pays
848 2512 60 21 natal
915 2519 6 17 ;
940 2518 59 14 nous

523 2553 90 17 savons,
629 2552 57 14 nous
704 2548 92 18 sentons
817 2544 102 20 combien
935 2543 17 20 il
966 2546 35 17 est

522 2578 102 25 glorieux
632 2577 28 20 de
668 2576 57 21 faire
733 2576 72 25 partie
813 2575 29 21 de
855 2578 57 17 cette
920 2574 79 21 nation

522 2608 111 25 française
637 2612 4 3 '
648 2608 20 20 si
684 2607 117 25 populaire
813 2606 57 21 dans
882 2606 23 20 le
915 2606 84 20 monde

522 2639 85 24 entier;
621 2639 56 20 mais
693 2644 58 15 nous
777 2644 83 14 savons
876 2637 60 20 aussi
954 2643 45 19 que

522 2677 59 14 nous
589 2670 90 26 parlons
699 2676 57 18 pour
770 2676 32 14 un
823 2668 81 26 peuple
917 2667 82 21 affamé

522 2704 105 20 surjette
639 2704 61 18 terre
712 2701 31 20 où
756 2699 102 27 pourrait
871 2700 81 24 régner
959 2699 40 20 l’a-

522 2734 122 22 bondance,
651 2739 58 19 pour
715 2739 31 13 un
756 2731 82 26 peuple
846 2731 104 25 ignorant
958 2730 40 26 qui

522 2771 98 14 renonce
627 2765 14 20 à
653 2763 127 21 s’instruire
794 2769 41 20 par
848 2762 22 21 la
882 2762 62 20 seule
956 2761 43 21 rai-

522 2803 43 13 son
574 2796 66 26 qu’on
645 2795 109 25 enseigne
759 2795 57 20 dans
825 2794 33 20 les
866 2793 74 21 écoles
952 2799 46 16 une

522 2830 64 18 autre
594 2827 82 25 langue
690 2832 46 19 que
744 2832 25 14 sa
782 2826 83 24 langue
875 2824 122 23 nationale,

1017 168 55 18 pour
1085 169 31 14 un
1130 163 80 25 peuple
1220 164 54 20 chez
1288 164 72 26 lequel
1374 173 45 14 une
1427 167 58 21 foule

1017 192 141 22 d’industries
1168 194 129 25 pourraient
1308 197 72 20 naître
1392 201 22 16 et
1426 204 60 19 pros-

1017 223 70 24 pérer,
1095 227 22 16 et
1134 225 38 24 qui
1183 225 36 20 n’a
1236 225 22 20 ni
1273 224 110 28 fabrique,
1397 228 23 19 ni
1429 234 57 14 com-

1017 259 79 15 merce,
1107 254 39 25 qui
1158 255 69 21 vivait
1232 255 60 25 jadis
1306 256 30 21 du
1357 258 90 25 produit
1459 258 27 20 de

1017 288 35 15 ses
1060 286 125 23 troupeaux
1193 286 75 24 quand
1281 286 16 20 il
1306 288 60 20 avait
1376 288 21 20 la
1410 288 76 21 liberté

1018 312 28 20 du
1056 320 90 20 pacage,
1161 319 23 16 et
1194 317 39 24 qui
1242 316 78 24 depuis
1329 319 69 24 qu'on
1415 325 14 14 a
1437 325 50 19 sup-

1017 343 71 24 primé
1097 344 21 20 la
1125 345 65 21 vaine
1195 348 78 23 pâture
1278 353 56 18 pour
1343 355 141 19 encourager,

1018 373 111 26 disait-on,
1147 376 155 25 l’agriculture,
1316 385 30 13 ne
1365 383 54 21 peut
1438 380 48 24 plus

1018 408 99 22 compter
1123 412 58 19 pour
1189 407 70 23 vivre,
1264 414 45 18 que
1315 415 39 14 sur
1359 410 33 20 les
1398 416 88 14 secours

1018 435 112 25 imprévus
1136 437 29 20 de
1177 437 21 20 la
1212 438 145 22 Providence.

1043 472 32 19 En
1084 473 108 24 présence
1197 474 29 20 de
1231 474 22 20 la
1259 474 75 22 bonne
1343 476 90 20 volonté
1441 482 44 15 non

1018 502 126 26 équivoque
1152 504 30 20 du
1186 504 49 21 Gou
1238 510 129 17 vernement
1376 506 108 24 Français,

1017 539 27 14 en
1054 535 107 23 présence
1175 535 39 21 des
1225 536 95 24 grandes
1336 537 73 20 forces
1424 537 63 20 intel-

1017 563 113 22 lectuelles
1149 568 23 18 et
1191 566 140 24 matérielles,
1351 567 40 25 qui
1404 567 82 25 malgré

1017 599 56 16 cette
1082 595 75 21 bonne
1174 597 97 24 volonté,
1281 601 83 17 restent
1380 598 105 20 inactives

1017 625 55 21 dans
1081 630 65 17 notre
1154 627 36 24 île,
1197 628 85 20 témoin
1294 628 28 20 de
1330 632 65 17 notre
1406 629 80 20 misère

1016 658 91 24 morale,
1125 658 103 26 agricole,
1237 659 140 21 industrielle
1393 663 23 17 et
1428 666 58 14 com-

1016 689 111 25 merciale,
1142 693 23 17 et
1179 690 28 20 de
1219 690 124 21 l’immense
1356 690 130 26 développe-

1015 724 62 17 ment
1082 721 39 25 qui
1128 722 86 24 s’opère
1222 728 28 14 en
1257 722 91 23 France,
1352 723 14 19 à
1376 721 63 21 l’abri
1447 722 37 20 des

1016 752 83 20 mêmes
1116 752 51 25 lois,
1176 759 53 15 sous
1244 753 21 21 le
1274 754 77 20 même
1364 760 121 19 gouverne-

1015 786 68 21 ment,
1097 790 45 18 que
1156 790 102 19 pouvons
1274 791 58 13 nous
1347 784 59 20 donc
1422 784 63 20 dire?

1015 813 24 20 Si
1060 820 46 14 non
1120 821 45 19 que
1182 815 22 20 le
1225 816 80 25 peuple
1318 815 97 24 français
1429 818 23 16 et
1463 814 21 21 Je

1015 845 80 26 peuple
1103 852 64 14 corse
1179 853 29 13 ne
1220 846 139 21 s’entendent
1372 852 41 19 pas
1417 852 7 18 ;
1442 852 43 19 que

1015 876 46 20 s’ils
1067 881 98 21 peuvent
1170 877 54 21 aller
1232 878 46 20 l’un
1284 881 23 17 et
1315 877 80 21 l’autre
1403 883 29 14 au
1441 877 44 19 mê-

1015 914 36 14 me
1067 908 48 25 but,
1125 908 28 21 ils
1170 909 36 25 n’y
1220 912 98 22 peuvent
1325 915 15 19 y
1348 908 85 20 arriver
1441 914 43 18 que

1015 946 39 18 par
1066 939 40 21 des
1118 940 62 20 voies
1192 940 135 24 différentes,
1342 945 87 15 comme
1437 938 47 21 leur

1015 971 111 20 caractère
1134 974 23 17 et
1167 971 50 20 leur
1225 971 125 21 habitudes.
1360 969 124 21 Enchaînés

1014 1002 114 21 ensemble
1145 1009 40 18 par
1196 1002 23 20 la
1233 1002 75 20 raison
1322 1001 74 24 d’état,
1405 1000 22 20 le
1434 1000 50 25 plus

1014 1032 66 21 faible
1088 1036 35 17 est
1127 1033 101 20 entraîné
1236 1033 65 26 pieds
1311 1036 24 16 et
1341 1032 81 25 poings
1435 1030 47 24 liés,

1014 1067 22 17 et
1044 1070 29 14 au
1082 1064 47 20 lieu
1149 1064 125 26 d’apporter
1288 1064 14 20 à
1317 1063 93 20 l’oeuvre
1426 1068 58 14 com-

1014 1102 67 13 mune
1089 1095 22 20 le
1122 1101 109 15 concours
1239 1095 29 20 de
1275 1101 42 14 son
1326 1093 91 21 activité
1423 1096 23 16 et
1456 1092 27 20 de

1014 1132 40 15 son
1065 1126 148 25 intelligence,
1228 1125 16 21 il
1252 1132 25 14 se
1286 1125 39 20 fait
1330 1125 91 22 traîner,
1428 1130 55 18 pour

1014 1157 56 21 ainsi
1079 1157 56 23 dire,
1144 1156 113 21 retardant
1265 1156 21 20 la
1295 1155 91 21 marche
1393 1155 28 20 de
1429 1160 54 14 ceux

1014 1188 39 26 qui
1061 1188 92 20 veulent
1160 1188 22 20 le
1188 1193 94 19 pousser
1289 1186 57 21 dans
1359 1186 51 20 leur
1423 1191 60 14 mou-

1014 1222 96 18 vement.

1039 1256 51 24 Que
1097 1256 23 20 la
1128 1255 216 25 France,généreuse
1351 1260 82 14 encore
1441 1260 43 13 une

1017 1286 47 24 fois,
1073 1286 69 21 laisse
1151 1286 60 20 donc
1221 1285 14 20 à
1251 1286 22 20 la
1288 1285 70 20 Corse
1365 1284 119 25 reprendre

1017 1317 19 21 le
1048 1317 89 20 chemin
1151 1317 29 20 de
1194 1322 25 14 sa
1232 1313 71 27 patrie
1316 1315 81 24 réelle;
1415 1314 69 25 parmi

1017 1348 30 21 les
1061 1348 139 21 institutions
1217 1347 38 26 qui
1270 1348 126 19 constatent
1399 1345 50 25 déjà
1457 1352 27 13 au

1017 1379 73 21 milieu
1099 1380 29 21 de
1136 1386 57 14 nous
1199 1385 42 14 son
1250 1377 74 21 action
1333 1376 151 24 bienfaisante,

1017 1410 72 26 quelle
1101 1416 59 15 nous
1173 1412 108 24 permette
1289 1408 96 23 d’éléver
1401 1414 31 14 un
1441 1414 45 14 mo-

1017 1445 100 21 nument,
1123 1441 85 21 éternel
1215 1440 106 21 souvenir
1329 1440 29 20 de
1375 1446 25 14 sa
1405 1439 80 25 justice

1017 1474 57 23 et.de
1082 1480 26 14 sa
1116 1472 134 26 générosité.

1041 1511 32 21 Ce
1081 1513 140 21 monument,
1230 1509 123 25 s’élançant
1360 1510 29 20 de
1401 1510 22 21 la
1436 1511 49 25 plus

1017 1543 65 19 haute
1091 1542 29 20 de
1129 1548 43 14 nos
1179 1545 139 21 montagnes*
1334 1541 116 21 dominant
1457 1548 27 14 au

1017 1574 44 21 loin
1068 1576 58 18 cette
1143 1580 48 14 mer
1199 1573 110 20 sillonnée
1320 1579 41 18 par
1373 1576 73 17 toutes
1454 1573 31 21 les

1017 1605 95 23 nations,
1123 1604 68 21 serait
1194 1611 32 13 un
1232 1604 82 20 nouvel
1320 1604 166 25 enseignement

1017 1636 43 25 jeté
1068 1642 41 18 par
1117 1636 22 20 la
1149 1635 164 21 Franceetsôii
1325 1642 117 18 empereur
1457 1642 29 13 au

1017 1667 82 20 monde
1111 1666 127 22 émerveillé
1243 1673 8 17 ;
1269 1665 16 20 il
1291 1666 107 24 porterait
1405 1672 29 14 en
1443 1666 44 23 mêr

1017 1705 36 14 me
1058 1701 73 21 temps
1140 1704 44 14 aux
1190 1697 80 20 siècles
1291 1696 72 21 futurs
1372 1696 23 21 le
1411 1696 76 21 témoi-

1017 1736 71 19 gnage
1095 1729 93 20 illustré.

1043 1766 74 26 Qu’un
1126 1765 71 26 grand
1210 1764 81 27 peuplé
1303 1771 63 14 assez
1380 1764 45 21 fort
1432 1771 55 19 pour

1018 1799 46 20 être
1080 1797 156 25 impunément
1249 1795 90 25 injuste,
1357 1796 38 20 n’a
1402 1814 3 2 .
1411 1797 41 19 usé
1460 1796 28 20 de

1018 1836 24 13 sa
1050 1828 174 26 puissance.que
1237 1834 59 18 pour
1306 1826 56 21 faire
1379 1827 109 25 prévaloir

1018 1860 21 20 la
1045 1860 89 26 justice,
1142 1866 45 18 que
1196 1865 58 19 pour
1261 1858 109 20 favoriser
1375 1859 22 19 la
1403 1864 86 15 recons-

1019 1891 96 21 truction
1124 1890 30 20 du
1160 1890 87 20 -monde
1260 1889 109 26 politique
1382 1890 13 20 à
1404 1890 86 25 l’image

1019 1923 28 19 de
1059 1922 66 23 Dieu,
1135 1928 45 18 que
1187 1927 58 19 pour
1256 1924 80 17 mettre
1347 1927 28 14 en
1390 1921 101 25 pratique

1019 1953 22 21 la
1052 1953 63 21 vraie
1124 1952 115 21 fraternité
1252 1958 29 14 en
1295 1951 149 26 rapprochant
1459 1952 32 20 les

1020 1990 62 14 races
1099 1983 97 22 divisées
1210 1990 41 18 par
1264 1983 34 20 lès
1311 1986 123 22 potentats;
1449 1989 43 18 que

1022 2021 57 19 pour
1088 2014 124 25 remplacer
1219 2017 41 21 par
1270 2013 105 20 l’activité
1383 2013 110 25 producti-

1021 2052 27 14 ve
1057 2045 34 21 les
1092 2044 114 26 Agitation
1207 2050 12 15 s
1232 2044 40 20 des
1280 2044 94 25 peuples
1388 2044 103 24 inquiets,

1021 2076 130 25 conspirant
1159 2078 23 18 et
1189 2075 117 20 attendant
1316 2081 56 14 avec
1379 2075 115 25 inlpatien"

1021 2114 33 18 ce,
1060 2108 22 20 la
1090 2107 61 21 main
1156 2113 39 14 sur
1199 2113 46 13 une
1253 2112 62 14 arme
1323 2105 89 24 cachée,
1419 2106 21 20 le
1449 2112 46 14 mo-

1024 2142 62 17 ment
1092 2138 108 25 d’ajouter
1208 2144 41 19 par
1257 2137 40 21 des
1305 2137 97 20 révoltes
1410 2136 85 21 stériles

1023 2170 39 20 des
1067 2169 78 21 ruines
1150 2170 14 20 à
1172 2172 52 18 tous
1232 2168 33 21 les
1273 2174 68 15 maux
1349 2168 56 20 dont
1411 2168 19 21 il
1439 2167 57 21 souf-

1023 2201 65 21 frent.

1048 2240 54 25 Oui,
1108 2240 23 20 la
1140 2240 92 22 France,
1242 2240 66 24 après
1316 2238 63 22 avoir
1385 2238 110 26 proclamé

1023 2272 33 20 les
1072 2271 114 27 principes
1197 2271 113 20 chrétiens
1321 2270 29 20 de
1364 2270 59 26 1789,
1432 2270 63 25 après

1024 2303 63 21 avoir
1095 2309 88 14 comme
1193 2302 23 20 le
1224 2301 83 25 Christ,
1317 2302 65 20 versé
1391 2308 41 14 son
1441 2307 55 19 sang

1024 2341 57 19 pour
1089 2334 22 20 le
1121 2333 113 24 féconder,
1249 2334 64 27 après
1327 2333 75 24 avoir,,
1413 2332 47 20 seul
1468 2331 28 21 de

1025 2369 49 17 tous
1099 2366 35 20 les
1152 2365 93 26 peuples
1276 2364 118 25 d’Europe,
1412 2363 84 20 missio-

1024 2397 63 20 naire
1102 2396 130 26 infatigable
1248 2399 23 17 et
1284 2395 155 24 désintéressé,
1447 2400 46 19 por-

1025 2429 21 21 té
1057 2429 21 20 la
1090 2428 182 26 prépondérance
1288 2427 28 21 de
1330 2433 41 15 son
1388 2432 107 15 concours

1024 2466 44 14 aux
1078 2459 91 21 nations
1178 2459 40 25 qui
1223 2465 25 14 se
1258 2458 98 21 levaient
1364 2464 29 14 au
1408 2464 53 14 nom
1468 2456 28 21 de

1024 2490 122 26 l’Evangile
1159 2496 111 18 nouveau,
1281 2489 22 21 là
1311 2489 86 21 France
1405 2488 52 21 doit
1459 2494 37 14 en-

1025 2528 51 15 core
1084 2528 30 14 au
1121 2521 82 21 monde
1225 2521 39 25 qui
1272 2520 98 21 l’écoute
1382 2526 46 15 une
1436 2519 60 21 révé-

1024 2553 68 22 lation
1099 2553 105 20 nouvelle
1212 2559 7 18 ;
1229 2552 42 20 elle
1275 2551 48 21 doit
1332 2551 32 21 lui
1373 2550 123 27 apprendre

1025 2591 39 19 par
1075 2591 42 14 son
1124 2584 101 25 exemple
1233 2586 112 18 comment
1359 2590 30 13 on
1399 2585 96 22 respecte

1024 2616 33 20 les
1062 2615 77 23 droits,
1147 2615 20 20 la
1174 2614 129 21 nationalité
1311 2618 22 17 et
1342 2614 21 20 la
1373 2614 78 20 liberté
1456 2612 38 21 des

1024 2646 99 26 peuples.

1159 2696 99 22 Morelli
1268 2695 199 26 Jean-Baptiste,

1152 2731 121 21 Chevalier
1295 2731 30 20 de
1347 2730 25 20 la
1395 2729 83 25 Légion

1238 2762 135 23 d’honneur,

1253 2799 27 18 De
1288 2798 107 22 Bocognano
1404 2796 69 23 ("Corse)

1511 175 95 60 Coup
1628 177 96 47 d’oeil
1745 193 65 32 sur
1824 178 35 47 k
1877 178 107 48 Corse

1577 239 187 46 département
1777 242 130 35 insulaire

1596 289 84 36 laissé
1703 291 17 35 à
1744 290 146 37 l'abandon

1537 392 47 20 Peu
1593 393 28 20 de
1626 393 65 25 jours
1696 394 103 21 suffisent
1807 402 58 18 pour
1873 399 111 17 constater

1510 422 29 21 de
1547 423 53 20 visu
1607 424 59 20 l’état
1673 425 134 20 lamentable
1815 426 56 20 dans
1877 426 72 25 lequel
1962 426 22 20 le

1510 459 177 20 gouvernement
1695 459 22 16 et
1721 456 21 20 le
1746 456 125 25 parlement
1875 457 110 25 capitalis-

1510 488 34 16 tes
1553 485 29 20 de
1590 485 84 21 France
1682 486 91 21 laissent
1780 486 45 21 l’île
1834 487 28 20 de
1868 488 90 20 Beauté.

1536 516 65 21 Deux
1616 516 73 26 lignes
1706 518 124 20 seulement
1843 518 28 20 de
1884 518 100 20 chemins

1510 546 29 21 de
1556 547 47 20 fer:
1613 548 173 25 Bastia-Ajaccio
1810 555 55 14 avec
1880 549 103 20 embran-

1510 577 104 21 chement
1630 578 28 20 de
1676 579 158 20 Ponte-Leccia
1843 580 13 19 à
1874 579 70 24 Calvi,
1961 583 24 16 et

1510 607 239 23 Bastia-Ghisonaccia.
1758 610 33 20 Ce
1805 613 52 17 sont
1865 609 38 21 des
1912 610 72 25 lignes

1509 638 14 20 à
1540 639 51 20 voie
1604 640 84 22 étroite,
1704 646 53 15 avec
1773 640 72 21 trains
1853 647 43 19 peu
1921 647 64 14 nom-

1509 669 77 24 breux,
1605 677 43 14 aux
1660 677 62 14 rares
1730 678 93 19 wagons
1828 671 155 21 confortables.

1509 700 46 20 Des
1587 705 87 17 centres
1694 703 134 24 importants
1836 710 9 12 .•
1853 702 130 26 Propriano,

1509 730 101 27 Sartène,
1618 733 21 20 le
1645 733 48 21 Sud
1706 733 29 20 de
1742 733 22 21 la
1772 733 58 21 Côte
1842 733 105 21 orientale
1955 739 30 14 ne

1508 767 54 17 sont
1569 771 41 18 pas
1618 764 111 21 desservis

1534 795 44 20 Les
1584 799 75 17 routes
1673 799 53 17 sont
1738 796 132 23 mauvaises,
1887 796 55 21 celle
1956 796 29 21 de

1509 826 76 21 Bastia
1593 827 14 20 à
1622 826 90 25 Ajaccio
1726 831 34 16 est
1776 834 31 13 un
1825 827 106 20 véritable
1940 832 12 11 «
1959 827 26 20 lit

1508 857 28 20 de
1544 860 101 17 torrent»
1656 858 45 24 Qui
1715 859 91 19 connaît
1817 858 34 20 les
1857 858 68 21 belles
1934 864 51 14 rou-

1508 891 34 17 tes
1548 889 157 25 goudronnées
1719 889 28 20 de
1760 889 22 20 la
1797 889 57 21 Côte
1867 890 80 20 d’Azur
1955 896 29 13 ne

1508 926 99 20 manque
1614 926 41 20 pas
1663 920 30 20 de
1700 926 123 19 comparer.

1534 951 19 21 Il
1562 955 34 17 est
1605 951 72 20 même
1691 950 40 21 des
1745 951 94 25 villages
1847 951 92 25 auquels
1953 958 30 14 on

1508 989 29 14 ne
1551 985 55 23 peut
1619 982 94 20 accéder
1726 988 28 14 en
1774 982 89 21 voiture
1879 982 60 20 faute
1956 982 28 20 de

1508 1017 85 17 routes.

1533 1037 32 21 Ce
1577 1044 97 19 manque
1683 1038 29 20 de
1724 1038 61 20 voies
1798 1038 30 20 de
1836 1038 149 20 communica-

1507 1069 61 21 tions
1580 1070 56 19 n’est
1652 1075 41 19 pas
1702 1068 99 26 l’unique
1816 1075 67 14 cause
1891 1069 28 20 de
1935 1069 50 20 l’in-

1507 1100 92 21 fortune
1615 1106 71 17 corse,
1699 1100 56 20 mais
1768 1100 44 20 elle
1826 1104 91 16 entrave
1933 1100 52 20 l’ex-

1507 1130 112 26 portation
1626 1130 40 20 des
1674 1130 108 26 produits.

1533 1162 40 20 S’il
1580 1168 16 18 y
1604 1161 59 21 avait
1684 1162 40 20 des
1731 1161 61 21 voies
1805 1160 83 22 ferrées
1903 1165 23 17 et
1943 1161 41 21 des

1507 1193 99 21 services
1619 1192 121 21 maritimes
1756 1192 51 24 plus
1812 1208 4 3 ,
1819 1192 123 21 nombreux
1951 1198 33 14 re-

1508 1224 56 20 liant
1580 1224 23 20 la
1620 1223 71 21 Corse
1708 1224 14 20 à
1738 1223 114 21 Livourne
1877 1222 88 27 (Italie),
1970 1224 14 19 à

1508 1257 56 21 Nice
1573 1260 23 17 et
1603 1258 14 19 à
1624 1257 119 22 Marseille,
1756 1257 35 21 les
1797 1256 109 21 richesses
1920 1260 65 16 natu-

1508 1288 67 20 relles
1587 1291 23 17 et
1624 1288 110 24 agricoles
1745 1287 99 21 seraient
1860 1287 74 21 mieux
1947 1294 38 14 ex-

1508 1318 96 26 ploitées
1612 1325 6 14 :
1626 1318 76 25 lièges,
1709 1318 56 23 bois,
1775 1317 210 26 porphyre,marbre

1509 1349 98 24 bauxite,
1620 1349 136 25 châtaignes,
1771 1349 60 24 vins,
1844 1348 79 25 huiles,
1937 1349 48 20 lan-

1510 1384 99 22 goustes,
1626 1383 42 18 etc.
1680 1380 69 20 Faute
1773 1379 30 21 de
1818 1380 134 24 débouchés,
1969 1379 16 21 il

1510 1412 36 25 n’y
1559 1418 14 14 a
1586 1417 40 19 pas
1634 1412 28 20 de
1666 1411 141 26 production.

1536 1443 64 21 Dans
1608 1449 31 14 un
1651 1443 86 25 régime
1750 1443 29 20 où
1793 1442 99 22 l’intérêt
1907 1442 80 22 collec-

1512 1474 29 21 tif
1556 1474 156 26 remplacerait
1735 1474 97 22 l’intérêt
1855 1475 130 23 individuel,

1513 1506 22 21 la
1552 1506 70 21 Corse
1643 1507 68 21 serait
1733 1513 45 14 une
1803 1513 80 14 source
1907 1507 29 20 de
1954 1513 33 14 re-

1511 1544 72 15 venus
1589 1543 6 14 :
1602 1538 42 20 elle
1656 1538 94 20 aiderait
1763 1544 30 14 au
1802 1538 111 20 bien-être
1920 1539 68 25 géné-

1511 1569 40 24 ral,
1581 1570 74 20 tandis
1680 1569 82 25 qu’elle
1783 1573 36 17 est
1850 1576 28 14 en
1902 1569 86 26 grande

1510 1601 72 26 partie
1590 1602 14 19 à
1612 1601 20 20 la
1641 1600 83 26 charge
1742 1600 28 21 de
1780 1600 23 20 la
1818 1601 129 25 métropole.
1955 1600 34 21 De

1510 1632 125 21 nombreux
1647 1632 82 20 Corses
1737 1631 175 21 fonctionnaires
1923 1638 66 19 pren-

1511 1667 56 17 nent
1579 1663 48 20 leur
1640 1663 90 20 retraite
1743 1669 28 14 au
1780 1669 65 19 pays.
1862 1662 58 21 Leur
1936 1669 54 19 pen-

1510 1694 52 21 sion
1584 1694 49 21 leur
1639 1711 4 3 ,
1655 1697 87 21 permet
1758 1693 113 21 d’acheter
1892 1700 26 14 ce
1935 1693 56 21 dont

1510 1725 29 21 Jls
1562 1728 41 18 ont
1618 1724 79 21 besoin
1710 1730 57 19 pour
1784 1724 64 21 vivre
1862 1728 23 17 et
1900 1725 39 25 qui
1957 1727 34 18 est

1511 1759 98 17 souvent
1622 1756 96 24 importé
1729 1755 29 20 de
1763 1755 94 21 France.
1877 1755 113 21 D’aucuns

1512 1787 74 21 disent
1590 1794 10 14 :.
1606 1787 67 20 «Mais
1682 1787 48 20 cela
1743 1786 41 20 fait
1792 1786 101 21 marcher
1901 1786 21 21 le
1931 1793 61 14 com-

1512 1824 83 14 merce.
1601 1826 11 11 »
1621 1818 42 20 Les
1672 1817 162 21 communistes
1854 1821 78 17 savent
1939 1818 53 20 l’ab-

1513 1849 87 21 surdité
1603 1849 66 20 d’une
1682 1848 91 26 pareille
1793 1848 114 21 réflexion.
1922 1849 70 20 N’est-

1513 1880 17 21 il
1537 1886 41 20 pas
1587 1880 132 25 incroyable
1733 1880 28 20 de
1775 1880 50 21 voir
1842 1880 14 20 à
1871 1880 73 20 Bastia
1951 1880 41 20 des

1515 1912 96 20 bateaux
1624 1911 125 25 débarquer
1760 1911 29 21 de
1802 1911 24 20 la
1844 1910 148 22 farine?Cer-

1515 1946 34 17 tes
1558 1942 45 23 oui,
1610 1942 135 25 incroyable,
1752 1945 89 18 surtout
1845 1942 90 26 lorsqu.e
1946 1941 45 22 l’on

1516 1974 44 21 sait
1567 1980 45 19 que
1621 1973 124 20 l’ancienne
1753 1973 72 20 Rome
1833 1973 58 20 avait
1899 1980 28 13 en
1936 1973 56 20 Cor-

1517 2011 25 14 se
1551 2011 32 13 un
1598 2004 28 20 de
1637 2010 36 13 ses
1687 2004 110 24 greniers.
1805 2004 43 20 Les
1853 2007 69 17 terres
1927 2004 14 20 à
1955 2004 36 20 blé

1517 2038 53 18 sont
1581 2034 101 24 toujours
1688 2034 29 23 là,
1724 2034 56 21 mais
1788 2034 57 21 elles
1858 2038 50 17 sont
1920 2038 72 17 trans-

1517 2066 98 21 formées
1623 2072 28 14 en
1658 2066 96 25 maquis.

1544 2092 38 20 On
1594 2095 101 17 constate
1715 2091 91 25 jusqu’à
1814 2091 124 21 l’évidence
1955 2091 37 21 l’a-

1519 2123 91 21 bandon
1625 2122 28 20 de
1660 2122 52 23 l’île.
1724 2129 40 18 par
1781 2122 21 20 la
1818 2122 83 21 France
1915 2122 76 26 quand

1520 2161 30 14 on
1565 2156 103 23 parcourt
1684 2153 23 21 la
1715 2155 48 19 côte
1774 2154 116 20 orientale.

1546 2186 35 20 De
1599 2184 172 21 Porto-Vecchio
1777 2186 14 19 à
1800 2185 138 21 Bastia'c’est
1947 2191 45 14 une

1521 2216 155 21 merveilleuse
1685 2216 74 26 plaînè
1770 2219 109 17 couverte
1885 2216 67 20 d’une
1960 2216 33 21 lu-

1519 2248 103 20 xuriante
1631 2247 127 25 végétation
1768 2244 163 29 spontanéèXe
1936 2253 57 19 pays

1520 2282 35 17 est
1564 2278 142 24 abandonné,
1721 2278 29 20 où
1764 2285 105 19 presque,
1883 2279 39 19 des
1930 2278 63 21 habi-

1519 2313 68 21 tants,
1602 2312 88 18 surtout
1703 2309 99 25 pendant
1815 2309 23 20 la
1848 2309 90 25 période
1952 2309 41 21 des

1520 2340 96 26 grandes
1622 2340 142 21 chaleurs.La
1771 2346 80 15 cause:
1860 2341 21 20 la
1893 2341 99 22 malaria,

1520 2372 49 20 l’air
1576 2372 40 20 des
1621 2371 122 24 marais,les
1748 2371 140 25 moustiques
1896 2372 39 24 qui
1943 2378 51 19 pro-

1521 2406 100 22 voquent
1641 2403 23 20 la
1678 2402 70 21 fièvre
1767 2402 148 25 paludéenne.
1950 2403 43 20 Les

1521 2434 106 25 pouvoirs
1633 2433 88 26 publics
1729 2433 130 25 pourraient
1867 2433 127 21 facilement

1521 2465 110 21 remédier
1644 2466 14 19 à
1668 2464 56 20 cela.

1521 2491 67 22 z'J’ai
1604 2497 29 14 vu
1647 2490 140 25 embarquer,
1806 2496 59 19 pour
1869 2496 4 3 "
1881 2490 21 20 la
1925 2490 70 21 Fran-

1520 2528 34 18 ce,
1567 2523 14 19 à
1590 2521 81 24 Bastia,
1681 2521 41 20 des
1730 2524 78 17 troncs
1817 2521 29 20 de
1854 2521 76 25 sapins
1943 2521 50 20 des-

1520 2552 59 22 tinés
1587 2553 15 20 à
1611 2553 47 19 être
1675 2552 41 20 des
1749 2555 98 21 poteaux
1861 2552 133 25 télégraphi-

1520 2590 65 19 ques.
1602 2583 42 21 J’ai
1654 2590 30 13 vu
1693 2582 125 26 débarquer
1833 2583 14 19 à
1850 2582 94 25 Ajaccio
1956 2589 38 14 ve-

1520 2618 56 17 nant
1594 2614 28 20 de
1642 2614 92 23 France,
1752 2620 31 13 un
1803 2613 143 25 chargement
1965 2613 29 21 de

1520 2648 97 23 poteaux
1650 2644 193 25 télégraphiques:
1858 2644 32 20 les
1916 2644 78 20 arbres

1520 2676 90 21 avaient
1625 2675 41 21 fait
1680 2682 31 13 un
1728 2675 54 25 long
1799 2681 85 19 voyage
1896 2678 23 17 et
1942 2675 51 20 subi

1520 2707 29 21 de
1566 2706 148 21 nombreuses
1722 2705 173 26 manipulations
1903 2706 58 20 dans
1972 2706 22 20 le

1519 2738 50 21 seul
1581 2738 41 20 but
1630 2738 72 20 d'être
1713 2737 93 25 injectés
1815 2740 24 17 et
1842 2736 150 26 goudronnés.

1850 2778 113 22 V.BareL
1986 2799 5 3 .

1631 2818 154 21 L’Humanité
1794 2817 92 22 5-11-25

2006 174 184 53 mrziE
2219 179 51 47 DI
2300 178 180 49 CÛESICA

2375 295 108 22 Aiacciu

2033 339 27 4 —
2067 327 123 21 Abbracciu
2202 328 23 20 di
2239 329 152 20 madamicella
2411 329 71 20 Laura

2010 357 88 21 Fratoni
2108 365 27 13 eu
2144 365 14 13 u
2168 359 49 25 sgiô
2224 359 106 20 Richaud.

2035 418 23 4 —
2066 409 69 20 Morte
2144 409 21 20 di
2180 416 14 13 u
2204 409 47 25 sgiô
2269 409 128 22 Ghiüvanni
2412 410 70 20 Cana-

2010 439 85 25 vaggio,
2105 440 73 20 d’anni
2189 441 33 20 68,

2034 501 25 4 —
2068 490 70 20 Morte
2147 490 22 20 di
2179 490 101 21 madama
2290 491 86 25 Agnula
2387 491 94 24 Alfonsi,

2010 520 72 20 d’anni
2091 525 33 20 77.

2368 572 89 22 Bastia

2035 614 24 4 —
2066 604 91 25 Seguitu
2172 611 13 13 a
2204 612 43 13 una
2261 605 62 24 rissa,
2342 606 84 20 Andria
2437 605 46 21 Fal-

2010 635 65 20 chetti
2085 635 72 21 firisce
2169 635 67 21 d’una
2250 636 134 21 rivulvarata
2406 643 16 14 u
2436 637 47 25 sgiô

2011 666 105 25 Pasquini
2123 666 105 21 Juvanni.

2350 717 134 23 Galinzana

2035 762 24 4 —
2066 752 70 21 Morte
2146 753 22 20 di
2178 760 14 13 u
2201 753 48 26 sgiô
2264 753 219 22 Ghiuvan-Frances-

2010 790 27 13 cu
2045 784 63 24 Leça,
2118 784 76 21 d'anni
2208 785 31 24 64.

2035 844 24 4 —
2068 835 71 20 Moite
2147 835 22 20 di
2185 843 13 13 u
2215 836 47 25 sgiô
2277 836 124 21 Dumenicu
2419 837 63 22 Leca,

2010 864 73 21 d'anni
2091 866 32 25 64.

2382 918 102 23 Centuri

2035 960 24 4 —
2069 951 69 22 Morte
2147 952 22 20 di
2184 959 13 13 u
2211 952 48 25 sgiô
2274 952 125 22 Ghiacumu
2411 953 59 21 Nesi.

2035 1012 24 3 —
2068 1002 71 21 Morte
2148 1003 22 20 di
2181 1010 13 13 u
2204 1003 166 26 sgiôCrucianu
2381 1004 87 21 Piazza.

2034 1062 25 5 —
2068 1053 70 21 Morte
2151 1054 22 20 di
2188 1060 13 14 a
2211 1055 113 21 marchese
2334 1056 25 20 L.
2373 1056 23 20 di
2410 1055 74 21 Sedilo

2010 1090 13 18 y
2038 1084 93 21 Canales
2159 1085 100 24 Deiitâîa,
2278 1091 49 16 nata
2342 1087 142 23 Franceschi,

2010 1115 73 20 d’anni
2092 1115 32 24 8.1,

2318 1169 164 22 Isula-Rossa

2033 1212 26 4 —
2064 1200 200 22 MortediMadama
2272 1202 67 21 Maria
2350 1203 133 24 Fioravanti,

2010 1235 49 16 nata
2070 1231 111 21 Graziani-

2380 1285 105 22 Novella

2035 1326 24 4 —
2068 1317 122 21 Abbracciu
2209 1318 22 20 di
2248 1318 153 21 madamicella
2417 1318 67 21 Maria

2010 1347 104 21 Massiani
2124 1354 12 14 e
2145 1348 21 20 di
2177 1356 14 12 u
2201 1349 84 20 tinente
2293 1350 99 25 Jascppu
2405 1349 80 21 Pietre-

2010 1384 32 15 ra.

2276 1431 221 26 Santa-Riparata'

2036 1473 26 4 —
2077 1463 142 22 Matrimoniu
2234 1465 22 20 di
2274 1466 155 20 madamicella
2443 1466 44 21 An-

2015 1494 105 21 nunziata
2137 1495 109 21 Fondacci
2260 1503 28 13 eu
2303 1504 15 13 u
2335 1497 50 25 sgiô
2400 1497 87 21 Simon-

2013 1525 130 22 Ghitxvanni
2157 1525 102 23 Suzzoni.

2415 1584 71 17 barte

2038 1622 27 4 —
2072 1611 125 20 Abbracciu
2216 1612 23 20 di
2254 1612 154 21 madamicella
2426 1613 61 21 Sam-

2015 1641 54 25 pieri
2079 1648 27 14 eu
2117 1649 14 13 u
2140 1642 49 25 sgiô
2199 1642 121 22 Francescu
2328 1643 106 22 Cantera.

2040 1702 25 4 —
2074 1692 70 21 Morte
2152 1693 22 21 di
2184 1700 15 14 u
2209 1694 148 25 sgiôMartinu
2365 1695 49 21 Loi.

2041 1754 24 4 —
2070 1744 121 21 Abbracciu
2201 1744 22 21 di
2234 1745 150 22 madamicella
2395 1747 92 20 Paulina

2016 1774 121 26 Quüichini
2146 1782 13 14 e
2167 1775 23 21 di
2208 1783 14 13 u
2232 1777 48 25 sgiô
2297 1777 105 21 Ghiuvan
2419 1778 69 21 Paulu

2018 1806 96 21 Poiidori
2127 1806 58 21 délia
2196 1807 79 21 Rocca.

2256 1863 234 29 Sorbo-Ocognanu

2041 1907 27 3 —
2076 1896 116 21 Prossimu
2215 1898 142 21 matrimoniu
2375 1900 23 20 di
2416 1901 74 20 mada-

2017 1927 87 21 micella
2113 1927 116 22 Marianna
2237 1928 137 23 Moracchini
2379 1937 28 14 cu
2417 1938 15 13 u
2441 1932 48 25 sgiô

2017 1958 112 21 Lavenne.

2396 2014 96 22 Tavera

2041 2055 27 4 —
2072 2044 141 22 Matrimoniu
2237 2046 200 23 dkmadamicella.
2448 2048 44 21 Ma-

2017 2074 33 20 ria
2063 2074 115 23 Casanova
2195 2083 27 13 eu
2231 2077 114 25 l’ajutante
2365 2079 126 21 Dumenicu

2016 2105 79 21 Sorba.

2093 2171 8 13 .-
2111 2174 6 14 ;
2283 2180 6 3 -
2389 2162 103 23 Yenacu

2041 2202 27 5 —
2076 2191 71 21 Morte
2156 2192 21 20 di
2185 2192 101 22 Madama
2295 2194 138 26 Sansonetti,
2440 2200 51 18 nata

2018 2222 194 28 Pozzo-di-Borgo,
2226 2225 76 22 d’anni
2308 2227 32 25 64.

2018 2323 37 29 DI!
2074 2324 185 31 PRODUCTEUR
2278 2328 19 27 A
2316 2328 177 30 L'ACHETEUR

2123 2378 35 34 K
2169 2380 33 33 À
2217 2380 28 33 P
2259 2381 83 35 OC
2356 2382 35 34 K
2473 2395 6 2 -

2153 2438 68 22 PUR
2233 2432 125 30 ÉGRENÉ
2366 2440 6 5 "
2398 2440 4 3 '

2083 2473 69 23 Pour
2167 2474 107 28 poussin
2287 2476 22 22 &.
2321 2477 111 24 Matelas

2018 2508 54 26 Par
2085 2512 89 23 Postal
2189 2514 22 22 di
2216 2514 106 30 Origine
2333 2523 18 21 5
2365 2519 25 20 et
2404 2524 30 16 10
2448 2518 45 28 kgs

2049 2556 94 25 Franco,
2155 2558 100 23 de'Port
2269 2562 18 20 &
2301 2560 162 32 d’EmbalIage

2019 2596 92 23 Contre
2120 2597 218 25 Remboursement
2342 2602 24 21 le
2375 2602 43 28 kg.
2441 2609 26 15 10
2473 2603 23 22 fr

2062 2642 167 30 PINEXJLL,
2250 2644 203 29 Commercant

2046 2690 171 25 EUFI8QUE.
2338 2694 126 30 (Sénégal)

2032 2773 240 32 Aiacciu-Stamparia
2288 2778 24 22 di
2334 2780 23 21 A
2383 2780 95 23 Muvra

2019 2815 21 22 U
2053 2816 218 31 direttore-gerente
2278 2827 6 14 :
2309 2820 72 24 Petru
2390 2822 103 23 ROCCA

25 2955 99 24 Fuglittinu
131 2959 18 17 di
155 2958 21 19 A
185 2957 128 20 Muvra—n*
322 2956 63 19 19—di
394 2961 11 13 u
411 2955 85 19 29-11-25

51 3026 242 56 PÂSQUAIE
327 3025 143 50 PÂ0L1

225 3092 66 21 ÔSSL4

70 3128 37 37 La
125 3131 80 36 Botta
222 3131 33 36 di
266 3130 177 37 Pontemovo

28 3178 154 30 RACONTO
187 3184 110 24 CORSO
303 3183 60 23 DEL
371 3180 124 25 SECOLO

214 3221 86 23 XVIII

16 3266 4 3 -
30 3250 24 34 1'
80 3272 14 4 ...
103 3257 28 26 .C
247 3258 25 19 DI

132 3293 253 26 F.D.Guerrazzi

191 3347 124 31 (Seguito)

27 3414 171 29 Pugnailcaso,
211 3415 70 23 bensi
295 3416 24 20 lo
330 3413 122 23 scandalo.
469 3412 30 22 Si

27 3447 48 19 1lon
85 3451 65 20 caste
161 3450 91 22 saltem
263 3449 81 25 cante,
354 3448 34 21 mi
400 3446 98 28 capite?

28 3473 56 27 ^erò
92 3482 76 23 riesce
175 3483 44 30 più.
231 3482 104 22 comodo
348 3487 91 21 negare
454 3479 45 22 che

28 3507 64 27 facile
101 3515 101 24 chiarire
215 3516 62 22 falso
294 3516 95 21 cotesto
408 3514 58 22 fatto
485 3514 14 20 ê

27 3543 31 25 gk
67 3547 52 23 altri
129 3550 44 22 che
185 3552 23 20 la
220 3550 76 22 storia
308 3548 130 28 aggiunge,
455 3552 45 16 vo-

27 3576 46 24 glio
84 3580 68 24 dirë-i
164 3584 74 28 rîgidi
249 3582 105 28 delegati
364 3581 88 28 spediti
461 3580 39 22 dal

14 3613 72 25 -papa
96 3614 49 23 fîno
158 3618 23 20 al
195 3622 100 17 numéro
314 3616 23 22 di
354 3616 86 27 cinque
456 3619 44 22 per

27 3641 97 29 v%ilare
136 3649 45 21 che
193 3650 8 21 i
212 3650 121 21 tributarii
342 3656 49 15 non
409 3648 91 22 frodas-

26 3677 51 21 Sero
91 3679 61 23 deile
168 3688 83 21 grasce
270 3683 32 21 nè
327 3683 39 21 dei
384 3678 114 26 fanciùlli.

27 3704 27 24 Se
65 3710 10 21 i
86 3711 70 24 Côrsi
173 3720 112 17 avessero
305 3718 116 25 aspèttato
439 3715 62 21 dalla

25 3742 141 27 vcrecondia
184 3754 98 16 romana
292 3749 24 21 la
327 3750 135 21 cessazione
475 3747 25 23 di

27 3776 88 24 cotesto
128 3786 79 22 censo,
217 3782 203 28 aspetterebbero.
425 3780 75 22 anche

27 3806 80 26 a-desso
115 3817 7 15 :
135 3814 22 20 ci
168 3815 21 21 si
201 3821 60 21 pose
273 3816 24 21 di
315 3822 79 16 mezzo
410 3814 90 27 Arrigo

44 3840 124 28 dmessere
179 3854 22 20 e,
222 3849 172 22 intercedendo
413 3852 87 18 ancora

523 2948 16 21 il
553 2953 101 17 vescovo
667 2947 24 21 di
703 2945 89 26 Aleria,
804 2945 52 22 fece
868 2944 98 22 lasciare
979 2944 22 21 la

522 2988 70 21 presa
602 2981 23 21 ai
637 2980 96 23 mastini
744 2979 86 28 papali.
852 2977 96 22 Dicono
956 2976 45 23 che

522 3015 39 21 cio
575 3020 46 17 non
631 3014 19 21 si
664 3015 122 21 ottenesse
798 3018 69 16 senza
877 3009 122 26 difficoltà,

522 3055 14 15 e
547 3050 22 20 al
581 3053 105 17 vescovo
699 3047 24 21 di
737 3047 89 25 Aleria,
846 3051 29 16 ne
894 3047 107 19 toccasse

522 3088 49 16 una
582 3081 134 23 ramanzina
728 3081 62 21 delle
802 3080 87 24 buone,
900 3077 102 23 facendo

523 3116 81 24 specie
611 3115 44 22 che
661 3121 33 15 un
704 3113 208 25 ecclesiastico,un
917 3116 85 17 vesco-

522 3155 35 16 vo
568 3148 131 29 impedisse
709 3148 24 21 la
745 3152 141 17 osservanza
899 3145 39 21 dei
950 3144 53 22 det-

522 3183 60 21 tami
601 3181 134 29 evangelici
745 3187 6 20 ;
772 3180 62 22 délia
857 3179 68 27 quale
946 3183 57 17 cosa

523 3216 163 28 maravigliato
710 3215 77 21 costui
806 3213 81 22 chiese
907 3212 95 27 spiega-

523 3250 77 26 zione,
613 3256 14 15 e
637 3250 34 28 gli
683 3248 27 22 fu
721 3248 54 22 data
787 3246 51 23 cosi
847 3253 6 15 :
866 3245 75 22 «Non
952 3245 48 21 dis-

524 3289 27 16 se
563 3283 64 22 forse
645 3282 69 22 Gesù
735 3281 81 22 Gristo
831 3280 23 22 ai
874 3278 126 28 discepoli,

525 3317 46 22 che
582 3317 166 21 allontanavan
758 3315 7 21 i
784 3313 106 23 fanciùlli
909 3313 31 20 da
956 3312 43 21 lui:

526 3350 104 22 Lasciate
639 3348 87 22 eh'essi
731 3352 113 23 vengano
857 3352 14 15 a
877 3352 39 15 me
925 3346 13 20 ?
949 3344 52 22 Ora

525 3384 19 22 il
555 3384 64 26 Papa
629 3382 211 27 nonrapprésenta
847 3380 48 27 egli
908 3378 90 25 Cristo,

525 3423 15 16 e
548 3418 43 21 voi
599 3422 48 16 uno
657 3416 40 21 dei
711 3415 117 27 discepoli
838 3413 53 22 suoi
898 3413 26 21 »?
934 3412 66 22 Caro

524 3451 61 25 mio,
598 3450 94 24 quando
709 3448 134 23 l’interesse
865 3447 21 22 ci
903 3446 60 22 fîcca
978 3446 23 21 la

525 3484 63 22 coda
598 3489 49 16 non
664 3484 26 20 vi
706 3484 117 26 aspettate
841 3488 14 14 a
873 3480 44 28 più
937 3481 63 20 santi

516 3517 140 23 ■commenti
669 3516 63 22 délia
743 3516 83 27 parola
837 3515 25 21 di
871 3514 57 26 Dio,
938 3520 63 16 mas-

527 3552 62 21 siine
599 3550 38 22 dai
652 3550 73 24 preti.
733 3549 50 23 Voi
802 3549 92 22 intanto
917 3549 84 21 notate

527 3586 91 26 questo,
633 3583 44 22 che
691 3589 32 15 ne
746 3583 81 22 franca
843 3583 118 26 la^spesa:
971 3581 30 21 da

526 3618 92 28 primai
632 3617 79 25 Côrsi,
731 3616 82 22 ridotti
830 3616 45 22 alla
895 3615 105 27 dispera-

526 3652 70 21 zione
614 3651 37 21 dai
674 3650 82 25 Greci,
772 3650 114 24 vendono
918 3648 82 28 eglino

528 3684 124 23 medesimi
668 3684 8 21 i
688 3683 87 28 figliuli
784 3689 44 22 per
846 3688 88 22 pagare
945 3682 8 21 i
960 3681 41 22 tri-

527 3718 61 26 buti;
595 3718 8 21 i
613 3717 105 22 Saracini
730 3717 42 26 poi
784 3722 26 15 se
822 3716 18 21 li
848 3716 107 27 pigliano
971 3715 30 21 da

528 3752 35 25 sè;
576 3757 43 22 per
639 3750 87 22 ultimo
747 3751 109 25 spettavà
875 3749 46 21 alla
934 3750 67 20 corte

528 3790 98 16 romana
634 3784 101 21 mettere
749 3788 44 21 per
800 3783 67 26 patto
881 3782 64 21 nella
964 3782 38 20 in-

527 3818 115 21 vestitura
653 3816 97 22 feudale
760 3816 24 21 la
793 3815 92 22 décima
897 3814 38 21 dei
951 3813 51 22 fan-

527 3846 22 21 ci
551 3846 51 21 ulli.

1055 2943 50 21 Ora
1114 2943 23 21 le
1151 2942 56 22 città
1230 2942 97 22 italiche
1346 2947 45 21 per
1409 2940 61 22 forza
1481 2945 14 15 o

1027 2983 43 21 per
1081 2982 82 16 amor-e
1170 2976 177 22 incominciano
1357 2981 14 15 a
1378 2973 118 23 costituir-

1027 3010 21 21 si
1057 3016 13 15 a
1088 3010 97 22 comuni
1195 3008 92 23 franchi
1307 3008 30 22 da
1353 3007 143 29 soggezione

1027 3043 131 28 impériale.
1173 3043 104 21 Comuni
1289 3042 41 22 noi
1338 3047 50 16 non
1411 3046 85 16 aveva-

1026 3083 49 19 mo,
1088 3075 71 23 bensi
1170 3076 74 22 conti:
1255 3082 40 16 ma
1309 3076 106 21 siccome
1432 3075 23 21 la
1467 3074 27 21 li-

1027 3110 67 22 berté
1112 3110 67 27 piace
1195 3115 25 16 a'-
1226 3110 64 25 tutti,
1298 3108 197 29 principalmente

1028 3151 13 15 a
1055 3144 72 28 quelli
1134 3143 45 22 che
1187 3149 49 16 non
1245 3143 23 21 la
1279 3142 118 28 vogliono
1415 3142 80 21 lascia-

1027 3184 26 16 re
1061 3183 32 22 go
1096 3177 139 25 derealtrui,
1252 3176 117 22 anch’essi
1379 3176 19 21 si
1411 3174 84 22 vendi-

1027 3216 88 17 carono
1130 3210 61 22 dalla
1206 3210 92 22 servitu
1317 3209 125 22 forestiera
1454 3214 43 21 per

1027 3244 145 23 contendere
1180 3244 51 21 indi
1244 3250 14 14 a
1265 3243 76 21 breve
1350 3243 60 22 délia,
1417 3241 79 29 sigho-

1026 3279 35 21 ria
1070 3278 141 26 domestica,
1217 3284 20 18 e,
1245 3276 66 22 virtù
1319 3276 67 22 fosse
1395 3281 15 16 o
1423 3276 73 22 fortu-

1026 3319 37 19 na,
1078 3314 37 19 tra
1127 3311 76 28 questi
1218 3309 166 29 rivolgimenti
1396 3310 100 26 primeg-

1025 3344 41 30 giô
1078 3345 19 22 il
1108 3346 72 20 conte
1200 3344 25 21 di
1247 3343 112 22 Cinârca.
1373 3342 32 22 La
1425 3342 70 22 storia

1026 3378 102 28 registra
1138 3377 116 22 l’orribile
1264 3382 110 22 governo
1393 3375 45 22 che
1449 3375 8 21 i
1468 3375 28 21 ti-

1026 3412 68 22 ranni
1114 3411 116 22 facevano
1250 3410 39 21 dei
1307 3409 82 28 Côrsi;
1403 3415 40 16 ma
1466 3408 36 25 ad.

1026 3448 82 20 eterna
1116 3451 119 16 onoranza
1245 3444 39 22 dei
1297 3444 76 21 nostri
1383 3443 66 28 padri
1460 3448 37 16 re-

1026 3480 74 28 gistra
1134 3479 108 21 eziandio
1276 3479 83 26 queste
1382 3477 88 28 parole:
1487 3476 8 21 i

1025 3512 105 29 principi
1145 3511 141 29 imperando
1303 3516 13 16 a
1334 3510 126 25 tirannide,
1488 3509 8 21 i

1027 3546 70 22 Côrsi
1120 3548 151 27 agguantano
1282 3545 25 21 le
1321 3546 61 21 armi
1406 3551 15 15 e
1441 3544 56 21 ban-

1027 3581 99 21 discono
1147 3581 24 21 la
1192 3578 94 25 liberté;
1306 3578 42 27 poi
1369 3579 128 21 convocata

1025 3614 149 22 l’assemblea
1189 3620 14 14 a
1217 3612 153 26 Morosaglia,
1390 3612 21 21 si
1429 3611 68 21 costi-

1026 3648 111 21 tuiscono
1157 3648 87 20 rettore
1273 3644 172 23 Sambucuccio
1472 3645 26 20 dr

1026 3680 166 23 Alando.Còsì
1202 3680 14 21 è
1227 3679 83 27 signor
1317 3677 104 28 Inglese:
1430 3683 66 21 ques-

1026 3716 26 20 to
1061 3715 68 20 santo
1142 3714 112 21 antenato
1266 3706 40 26 dei
1324 3713 83 20 nostro
1430 3711 66 21 Alto-

1026 3748 64 21 bello
1101 3747 26 21 fu
1138 3747 73 26 padre
1229 3745 64 22 délia
1311 3743 87 22 liberté
1420 3749 85 16 corsa..

1027 3779 171 23 Sambucuccio
1213 3778 86 28 giunse
1318 3782 14 15 a
1350 3777 107 21 stabilire
1479 3776 18 21 il

1026 3817 110 23 governo
1159 3811 24 21 di
1197 3811 74 21 Terra
1288 3809 39 21 dei
1341 3809 117 22 Comune:
1472 3808 23 21 di

1026 3840 74 22 moite
1114 3844 15 16 e
1138 3844 89 16 sconce
1246 3837 68 21 botte
1323 3836 95 27 piccbiò
1425 3836 8 21 i
1443 3841 54 16 con-

1521 2939 28 26 ti,
1560 2938 141 23 mainnanzi
1714 2938 24 22 di
1746 2939 146 21 morirenon
1913 2944 81 16 venne

1521 2978 14 15 a
1542 2978 61 21 capo
1611 2972 23 21 di
1643 2972 116 27 superarli
1767 2971 153 27 tutti,sicchè,
1931 2977 64 16 mor-

1520 3007 28 20 tu
1555 3006 44 25 lui,
1607 3005 132 22 rialzarono
1747 3005 22 22 la
1777 3006 85 20 cresta.
1869 3004 124 29 Ilpopolo,

1521 3044 50 17 non
1583 3039 21 22 si
1613 3038 117 22 sentendo
1745 3039 97 21 valente
1853 3044 14 16 a
1883 3039 112 21 resistere

1521 3072 31 22 da
1563 3072 35 26 sè,
1611 3078 56 22 pare
1679 3071 45 22 che
1733 3072 133 22 chiamasse
1887 3072 108 22 in.aiuto

1520 3106 9 21 i
1536 3105 119 22 marebesi
1672 3105 134 28 Malaspina
1818 3106 25 21 di
1862 3106 87 22 Massa.
1967 3105 27 23 Io

1521 3139 55 22 dico
1581 3141 74 26 pare:
1668 3139 179 27 imperciocchè
1854 3145 43 21 per
1916 3140 78 27 questi

1520 3173 77 27 tempi
1609 3178 46 16 non
1663 3173 21 21 si
1694 3174 116 21 avanzino
1826 3172 44 23 che
1889 3173 106 22 scrittori

1522 3212 13 15 e
1545 3208 65 20 carte
1621 3206 24 21 di
1655 3206 125 22 donazioni
1791 3206 182 27 chiesastiche,e
1981 3213 14 15 a

1522 3239 132 23 fabbricare
1663 3240 75 21 storie
1750 3245 46 19 çon
1805 3246 14 18 q
1824 3242 64 20 uesta
1894 3246 65 16 razza
1970 3240 25 22 di

1521 3274 126 25 materiali,
1678 3273 93 28 adagio.
1794 3273 94 22 Vo’cbe
1900 3273 34 22 vé
1964 3280 31 15 ne

1521 3307 63 21 basti
1599 3313 49 15 uno
1660 3308 116 26 esempio.
1788 3308 24 21 A
1825 3308 76 27 questi
1913 3308 82 27 giorni

1521 3340 33 22 bo
1561 3341 59 21 letto
1632 3341 64 20 nelle
1702 3340 136 24 Antichità
1847 3340 104 23 itahehe
1970 3341 24 21 di

1522 3373 123 22 Ludovico
1669 3373 116 23 Muratori
1804 3380 48 15 una
1870 3376 63 20 carta
1956 3374 39 22 dei

1523 3414 55 22 1019
1588 3413 16 16 o
1614 3413 28 23 29
1657 3406 28 23 la.
1692 3408 68 27 quale
1771 3408 24 22 fa
1804 3408 55 21 fede
1874 3414 67 16 corne
1962 3414 32 16 un

1521 3447 107 16 messere
1637 3440 120 28 Rolando,
1767 3443 74 20 conte
1849 3448 43 21 per
1904 3442 24 21 la
1943 3448 52 22 gra-

1521 3475 37 21 zia
1568 3474 24 22 di
1601 3474 48 22 Dio
1662 3480 14 16 e
1686 3475 97 28 signore
1793 3476 25 21 di
1827 3477 59 20 tutta
1899 3476 25 21 la
1936 3475 59 22 Cor-

1522 3509 57 25 sica,
1595 3508 82 22 Giulio
1686 3509 121 27 giudice,e
1816 3515 105 16 messere
1935 3508 60 23 Gio-

1522 3543 75 20 vanni
1609 3543 79 27 legato
1700 3543 169 28 sentenqiario
1882 3549 12 14 e
1907 3544 88 26 scapo-

1522 3575 67 27 laro,
1613 3576 59 21 certi
1681 3576 83 21 villani
1774 3582 14 15 a
1800 3582 87 22 pagare
1897 3576 98 21 aila.:ba-

1522 3609 41 21 dia
1571 3609 26 21 di
1607 3608 72 23 Santo
1693 3608 97 23 Stefano
1810 3609 26 21 di
1848 3609 98 21 Venaco
1969 3609 26 21 li-

1521 3643 45 21 bre
1578 3645 69 19 cento
1659 3642 25 21 di
1697 3642 74 21 buoni
1781 3642 82 21 danari
1876 3648 13 14 e
1900 3648 14 15 a
1926 3642 69 21 sfrat-

1521 3678 52 19 tare
1585 3676 61 21 dalle
1657 3678 64 19 terre
1730 3676 25 20 in
1767 3675 36 22 fra
1809 3678 37 19 tre
1856 3675 63 22 mesi
1932 3677 63 20 sotto

1522 3714 63 22 pena
1591 3709 24 21 di
1625 3714 45 22 300
1685 3708 80 21 fìorini
1772 3708 67 21 d’oro
1852 3714 14 14 e
1874 3708 61 21 délia
1943 3713 52 16 sco-

1522 3747 97 16 mtmtca
1626 3747 45 22 per
1682 3743 66 25 parte
1757 3741 24 21 di
1791 3747 105 16 messere
1904 3741 89 27 legato.

1522 3774 21 21 Il
1551 3775 109 20 dabbene
1671 3776 125 25 proposto,
1807 3773 129 22 comecchè
1952 3778 43 22 po-

1522 3812 30 17 co
1568 3809 84 19 tenero
1677 3806 25 22 di
1716 3806 86 26 Roma,
1821 3806 126 22 tuttavolta
1963 3805 32 22 ba

1521 3840 72 22 preso
1604 3840 30 15 un
1646 3834 115 27 granebio
1770 3834 41 22 nel
1823 3834 63 21 darci
1903 3834 92 21 cotesta

2020 2942 63 20 carta
2092 2947 69 16 corne
2166 2943 201 27 gënuinari.nfatti
2379 2953 60 17 pare
2448 2947 45 23 im-

2020 2974 116 27 possibile
2156 2981 69 17 corne
2242 2978 38 26 gli-
2287 2976 36 24 sià
2339 2982 99 26 passato
2452 2987 43 21 per

2021 3007 85 23 occhio
2115 3008 103 23 che-una
2226 3013 110 21 sentenza
2348 3013 44 25 dei.
2399 3019 60 24 TOI9
2478 3021 15 16 o

2021 3047 27 22 29
2062 3047 50 16 non
2132 3045 89 25 poteva
2243 3045 120 27 riçordare
2380 3048 11 20 ï
2403 3048 90 22 Tiorini

2021 3074 75 27 d-’óro,
2107 3076 85 23 battuti
2201 3078 39 21 dal
2248 3080 103 21 comurie
2371 3080 25 22 di
2414 3081 78 23 Firen-

2019 3114 27 16 ze
2056 3109 41 21 nel
2110 3115 61 23 1252.

2049 3143 78 21 Corne
2139 3146 20 19 &■
2165 3145 56 27 quei
2238 3146 75 28 tempi
2324 3147 24 21 le
2360 3153 59 17 cose
2431 3155 62 16 cam-

2020 3176 133 23 minassérò
2162 3177 25 23 io
2197 3181 50 19 nòn
2258 3180 26 22 vi
2296 3185 27 17 so
2332 3181 52 22 dire
2391 3188 45 21 per
2455 3189 38 21 ap-

2020 3210 111 27 puntino,
2165 3212 169 29 nondimanco,
2366 3216 127 22 essendoci

2020 3248 86 22 guerra
2117 3246 36 20 tra
2164 3246 91 27 popolo
2278 3253 13 15 e
2305 3247 94 28 baroni,
2414 3256 15 14 e
2445 3256 49 16 non

2020 3278 106 26 potendo
2141 3280 78 26 questi
2233 3280 99 22 vincere
2349 3283 91 26 quello,
2456 3283 38 22 n’è

2021 3311 79 26 quello
2113 3313 102 26 questi,è
2220 3313 70 22 facile
2299 3315 143 23 indovinare
2450 3316 44 22 che

2020 3344 23 21 le
2059 3346 172 26 procedessero
2248 3353 44 21 per
2302 3348 23 22 la
2348 3349 100 28 peggio.
2456 3350 38 22 In-

2020 3379 74 25 tanto,
2104 3379 88 27 poiebè
2201 3386 49 16 non
2270 3381 21 21 ci
2302 3381 32 22 ba
2351 3383 143 28 meraviglia

2021 3411 44 22 che
2076 3412 26 21 in
2110 3412 79 23 Roma
2195 3420 54 16 -non
2270 3415 20 21 ci
2310 3416 30 21 de
2341 3422 31 15 va
2395 3417 96 26 vedere,

2020 3446 89 27 scappò
2123 3446 60 23 fuori
2200 3447 120 29 Gregorio
2329 3449 58 26 VII,
2395 3450 20 21 il
2424 3451 69 26 quale

2020 3479 90 22 vicario
2116 3480 24 21 di
2149 3480 89 27 Cristo,
2248 3481 45 24 che
2304 3482 65 22 disse
2376 3489 14 15 a
2398 3483 40 22 oui
2445 3489 48 16 non

2020 3513 24 21 lo
2057 3514 66 20 voile
2142 3520 92 21 sapere,
2243 3515 20 22 il
2268 3532 4 3 .
2278 3513 44 24 suô
2342 3519 78 25 regiio
2444 3522 50 16 non

2021 3552 79 15 essere
2109 3547 24 21 di
2146 3550 84 24 questa
2241 3550 74 25 terra,'
2319 3552 98 24 pretese
2430 3550 64 21 nulla

2020 3586 72 15 meno
2110 3580 45 22 che
2171 3581 124 22 dominare
2313 3587 72 22 sopra
2398 3584 62 19 tutta
2470 3583 24 20 la

2020 3615 70 19 terra.
2113 3613 93 26 Costui,
2227 3614 129 21 informato
2383 3620 71 16 corne
2471 3616 23 20 la

2020 3648 102 20 matassa
2129 3646 101 21 andasse
2237 3646 110 22 arruffata
2358 3647 25 22 in
2393 3647 100 22 Corsica

2018 3680 24 21 ci
2050 3679 96 22 mandô.
2152 3680 79 26 legato
2240 3679 123 27 Landolfo,
2385 3686 108 16 vescovo

2020 3712 25 21 di
2054 3712 63 25 Pisa,
2127 3718 14 15 a
2150 3713 106 26 scoprire
2268 3713 98 25 marina,
2389 3714 105 21 limitan-

2020 3745 31 21 do
2059 3744 59 28 perô
2128 3745 18 22 il
2155 3750 43 17 suo
2208 3745 80 22 ufficio
2301 3751 13 16 a
2326 3745 167 29 distruggere,

2020 3778 131 21 sradicare
2161 3784 13 14 e
2186 3779 126 20 costrvÂre
2328 3779 26 20 in
2371 3780 80 22 puntu
2469 3779 25 20 di

2178 3832 8 28 (
2190 3832 140 29 Cuniinua)
