2547 3948
331 154 292 52 GÏURNALI
665 153 185 52 CORSI

131 323 200 25 L’Observateur,
340 321 31 22 N-
380 320 35 22 du
426 325 31 16 22
461 320 112 27 janvier.

104 361 212 24 ANTHOLOGIE
331 359 43 22 des
397 357 177 23 ECRIVAINS

281 387 115 23 CORSES

127 444 30 20 M.
170 442 137 22 Yvia-Croce
318 447 14 13 a
345 446 27 14 eu
381 437 137 22 l’excellente
532 437 42 19 ini-

102 474 75 20 tiative
195 473 30 20 de
242 476 113 20 composer
367 475 47 14 une
437 467 135 24 anthologie.

102 503 109 26 Jusqu’ici
219 506 111 21 personne
337 506 29 13 ne
373 498 74 20 s’était
453 496 81 26 jamais
542 499 32 17 at-

103 534 42 20 telé
162 535 13 18 à
193 531 92 26 pareille
301 531 103 23 besogne.
423 528 20 20 II
469 526 105 21 convient

103 565 57 19 donc
176 563 30 20 de
223 560 93 21 féliciter
331 559 29 21 M.
377 557 145 23 Yvia-Croce,
537 561 37 15 car

102 594 112 20 l’absence
227 592 54 20 d’un
288 591 30 20 tel
325 590 55 19 livre
393 587 56 20 était
462 593 45 14 une
514 586 60 20 lacu-

103 631 35 16 ne,
149 623 57 26 qu’il
220 625 35 18 est
262 621 97 20 heureux
366 619 29 20 de
402 617 51 21 voir
468 616 104 21 combler.

128 655 18 20 Il
157 657 34 18 est
199 653 50 21 aisé
264 652 28 21 de
305 649 116 23 concevoir
432 648 34 21 les
481 646 93 21 difficul-

103 687 33 19 tés
143 683 132 26 auxquelles
283 683 16 19 il
308 683 52 18 s’est
374 680 88 20 heurté.
480 677 93 20 Pareille

102 714 123 25 entreprise
259 711 75 22 n’était
368 711 53 18 sûre
456 708 15 19 d
477 706 94 23 aboutir,

102 745 102 25 qu’après
219 744 40 19 des
271 742 81 20 années
367 740 29 20 de
410 737 132 22 recherches
550 739 23 18 et

102 776 27 19 de
141 775 79 20 labeur
235 772 112 26 opiniâtre,
357 773 22 18 et
392 768 137 25 aussi-grâce
542 773 30 14 au

102 806 137 20 dévoûment
246 803 28 21 de
282 806 49 17 tous
343 807 55 14 ceux
406 800 31 19 de
454 804 42 15 nos
513 804 59 14 com-

102 836 112 25 patriotes,
224 834 39 25 qui
272 840 24 13 se
304 835 49 18 sont
365 830 41 21 fait
414 836 33 14 un
458 828 77 21 devoir
543 828 29 20 de

101 867 86 20 donner
195 865 41 20 des
250 863 188 25 renseignements
447 858 125 26 biographi-

102 903 54 18 ques
164 899 23 18 et
195 893 209 26 bibliographiques,
414 896 39 15 sur
465 890 40 20 des
517 889 55 20 écri-

103 927 61 20 vains
172 932 89 15 connus
269 931 30 14 ou
311 924 117 20 inconnus.
443 919 128 22 Félicitons-

101 963 55 14 nous
165 957 29 20 dé
203 963 27 14 ce
238 962 44 19 que
290 957 55 18 cette
361 951 125 26 entreprise
499 950 32 20 ait
540 957 30 18 pu

101 988 45 20 être
153 987 82 20 menée
244 987 14 19 à
265 985 59 21 bien.

126 1024 11 11 «
146 1018 42 20 Cèt
197 1023 98 18 ouvrage
304 1020 11 12 »
323 1015 32 20 dit
364 1014 22 20 la
400 1011 118 22 circulaire
525 1017 45 19 que

100 1055 56 14 nous
163 1053 73 15 avons
244 1046 103 21 entre-les
357 1044 73 21 mains
449 1047 11 11 c<
477 1048 94 19 groupe-

100 1085 25 14 ra
137 1077 187 27 impartialement
338 1079 50 17 tous
405 1074 35 20 les
461 1072 109 21 écrivains

99 1109 109 24 d’origine
216 1114 64 15 corse
287 1107 30 20 du
328 1105 77 26 (XVIIe
417 1103 69 22 siècle
500 1104 13 19 à
528 1109 41 14 nos

97 1138 72 26 jours)
194 1145 55 14 sans
269 1135 125 23 distinction
422 1135 31 20 de
482 1139 86 20 genres,

99 1172 65 23 ayant
172 1168 58 21 écrit
237 1168 56 20 dans
300 1170 70 18 toutes
375 1166 34 20 les
414 1165 102 25 langues,
523 1164 47 20 ain-

100 1200 18 20 si
127 1196 43 29 qiie
182 1199 59 20 dans
253 1199 32 20 les
301 1197 103 21 dialectes
418 1201 76 15 corses
504 1201 19 14 ».
536 1194 33 21 Ce

99 1237 48 14 sera
152 1230 67 23 donc,
228 1236 32 14 un
268 1227 103 22 véritable
383 1228 139 21 monument,
529 1224 40 26 qui

98 1267 110 20 groupera
224 1264 51 17 tous
291 1259 32 20 les
339 1258 111 21 écrivains
459 1258 40 19 nés
512 1256 56 21 dans

97 1295 63 17 notre
175 1291 39 21 île.
230 1291 62 21 Nous
313 1290 91 20 n’avons
421 1294 42 19 pas
478 1287 48 21 l’air
540 1287 28 20 de

97 1327 56 16 nous
166 1322 82 21 douter
264 1321 63 25 qu’ils
343 1323 51 18 sont
410 1318 84 27 légion,
512 1321 23 17 et
544 1318 24 20 la

97 1353 88 25 plupart
207 1353 72 20 doués
295 1351 51 21 d’un
368 1350 73 25 grand
457 1349 77 20 talent.
549 1349 19 19 II

97 1390 48 14 sera
153 1383 53 25 plus
219 1382 72 22 facile,
307 1380 121 21 désormais
437 1380 29 21 de
478 1386 24 13 se
519 1385 49 14 ren-

96 1414 39 21 dre
142 1417 98 22 compte,
249 1413 28 20 de
285 1413 21 20 la
318 1412 123 22 naissance,
454 1410 31 20 du
503 1410 65 20 déve-

96 1445 129 25 loppement
237 1443 39 21 des
284 1443 95 25 progrès,
389 1442 29 20 de
431 1444 65 18 notre
511 1440 57 21 litté-

97 1479 81 17 rature.
188 1475 64 21 Nous
260 1479 106 22 pourrons
379 1479 30 14 au
421 1471 97 26 surplus,
533 1477 35 15 sa-

96 1513 85 17 vourer,
204 1506 41 20 des
265 1504 87 21 extraits
371 1505 107 20 souvent,
486 1502 80 21 inédits

97 1537 140 23 d’écrivains,
253 1536 42 22 tels
308 1541 43 19 que
370 1534 80 21 Pierre
472 1533 93 25 Cyrnée,

97 1567 110 21 Giovanni
216 1567 58 20 délia
286 1566 86 23 Grossa,
379 1566 28 20 A.
417 1565 28 20 P.
460 1563 69 25 Cirai,
539 1563 26 24 V,

97 1598 107 26 Giubega,
215 1597 72 22 Padre
293 1596 76 23 Rossó,
376 1596 23 21 J.
411 1595 28 21 V.
450 1594 114 25 Grimaldi,

97 1628 105 25 Multedo,
210 1629 24 20 F.
242 1629 29 20 O.
280 1627 102 24 Renucci,
393 1627 24 20 S.
436 1625 69 25 Viale,
524 1625 42 21 Na-

96 1660 79 25 poléon
193 1660 26 20 F.
237 1655 79 26 Ortoli,
334 1658 40 21 Ch.
387 1657 118 20 Timóleon
514 1657 52 20 Pas-

94 1690 90 26 qùaiini.
199 1693 46 18 Une
253 1690 28 20 de
295 1696 40 13 nos
349 1689 82 25 gloires
448 1687 117 21 littéraires

95 1721 32 21 les
135 1721 50 26 plus
193 1727 76 20 pures,
279 1721 31 20 dé
315 1720 38 25 cjhi
361 1726 57 14 nous
427 1719 86 21 devons
528 1719 36 20 dé-

95 1753 73 24 plorer
174 1752 23 20 la
207 1751 32 21 fin
254 1751 142 26 prématurée,
406 1751 101 20 Lorenzo
524 1750 41 20 Ve-

95 1789 32 18 ro>
144 1785 65 18 autre
225 1783 92 25 précoce
333 1782 65 25 génie
414 1781 65 20 hélas
496 1781 6 20 !
531 1780 33 21 lui

95 1813 58 21 aussi
161 1813 93 26 disparu
265 1813 14 20 à
294 1813 21 20 la
323 1811 54 22 fleur
391 1812 29 20 de
433 1812 22 20 la
472 1811 43 21 vie.
530 1811 34 20 De

95 1851 25 14 ce
133 1844 97 23 dernier,
245 1844 22 20 le
283 1843 47 21 seul
347 1843 90 22 volume
452 1842 68 25 qu’on
533 1842 31 20 ait

94 1875 74 25 publié
198 1875 67 25 après
286 1880 25 14 sa
340 1877 65 21 mort,
438 1873 126 20 Premières

94 1909 23 17 et
124 1906 123 23 dernières,
256 1908 34 17 est
301 1904 140 25 aujourd’hui
451 1904 113 20 introuva-

94 1937 43 20 ble.

117 1967 117 20 N’eut-elle
242 1967 82 20 d’autre
334 1966 39 20 but
381 1972 46 19 que
435 1965 30 21 de
476 1965 87 21 raviver

92 2004 41 14 nos
139 1997 127 24 souvenirs,
276 1996 51 26 qu’il
335 2000 34 17 est
375 1997 64 22 utile,
453 2002 45 19 que
505 1999 58 18 cette

92 2028 126 25 anthologie
229 2028 32 20 ait
269 2028 35 20 été
316 2028 126 24 composée.
451 2026 56 23 Mais
520 2026 42 21 elle

92 2059 44 20 fera
147 2059 59 25 plus.
222 2058 48 21 Elle
283 2061 110 17 montrera
406 2058 15 19 à
439 2063 42 15 nos
498 2063 63 14 nom-

93 2090 67 20 breux
173 2088 162 27 compatriotes,
344 2088 39 25 qui
391 2088 80 21 vivent
482 2090 29 18 aii
524 2088 37 20 de-

92 2120 51 20 hors
151 2120 29 20 de
187 2120 46 20 l’île
244 2120 28 20 de
286 2119 84 24 misère,
379 2119 22 20 la
415 2119 33 20 foi
460 2119 98 23 ardente,

92 2151 91 20 l’amour
203 2150 124 26 passionné,
350 2156 45 19 que
408 2149 88 21 chacun
521 2149 39 20 des

92 2181 116 24 écrivains,
226 2187 14 14 a
258 2181 56 20 voué
327 2187 27 14 au
371 2187 55 18 pays
452 2179 67 21 natal.
533 2180 28 20 Et

92 2212 114 25 peut-être,
224 2212 33 20 les
274 2211 127 20 sentiments
409 2218 47 19 que
472 2211 22 20 lé
503 2210 57 21 livre

92 2242 109 24 éveillera,
224 2245 75 18 seront
320 2248 60 14 assez
405 2242 65 24 forts,
493 2241 65 21 sinon

92 2279 55 20 pour
167 2273 86 20 retenir
274 2279 54 14 ceux
352 2273 39 25 qui
413 2276 93 20 restent,
529 2279 29 14 en

91 2304 48 20 leur
146 2304 103 20 donnant
257 2303 20 20 la
285 2302 44 25 foi,,
339 2303 21 21 la
376 2304 93 20 volonté
484 2304 75 20 néces-

600 319 79 23 saires,
694 324 56 19 pour
763 317 56 20 faire
836 316 29 20 de
884 316 46 20 l’Ile
948 314 128 21 infortunée

600 349 46 20 l'île
654 349 106 24 prospère
768 351 23 16 et
798 346 118 26 glorieuse.

626 379 43 20 Les
683 378 89 20 extraits
788 376 103 25 produits
904 379 50 17 sont
968 374 107 26 précédés

599 415 41 19 par
657 409 40 19 des
715 408 91 22 notices,
818 406 80 21 écrites
906 413 40 18 par
962 405 31 20 M.
1010 404 66 21 Yvia-

600 439 79 21 Croce,
690 437 121 25 biographe
817 436 70 20 averti
904 439 22 17 et
939 441 86 20 sagace,
1036 441 38 14 aur

599 472 50 17 tant
657 467 134 26 qu’écrivain
801 466 119 25 distingué.

625 498 34 20 En
673 498 94 22 résumé,
778 500 58 17 cette
850 495 134 25 anthologie,
994 495 82 20 forme-

599 535 25 13 ra
633 535 32 13 un
673 534 53 19 gros
740 527 90 20 volume
840 526 29 20 de
885 526 38 20 600
940 531 88 20 pages,.
1037 531 38 14 au-

599 558 53 25 quel
670 558 28 20 de
724 557 124 21 nombreux
876 556 48 21 bois
948 556 125 25 originaux,

599 589 51 24 plus
658 588 29 20 de
701 593 37 15 100
751 587 119 21 fac-similé
886 587 28 20 de
930 586 105 26 portraits
1052 589 23 17 et

599 618 176 25 d’autographes,
797 617 167 22 contribueront
980 618 14 19 à
1019 617 56 20 don-

599 656 42 13 ner
661 655 32 14 un
705 649 80 21 intérêt
809 648 162 26 exceptionnel.
993 648 82 21 Toute-

598 679 51 24 fois,
659 679 85 25 malgré
751 685 42 14 son
801 679 60 22 luxe,
871 682 36 17 cet
917 685 98 18 ouvrage
1024 685 50 14 sera

598 710 14 20 à
620 709 22 20 la
650 710 77 24 portée
735 709 28 20 de
775 712 74 17 toutes
858 709 33 20 les
906 709 92 20 bourses
1013 709 61 25 puis-

598 746 46 19 que
648 740 46 20 l’on
703 746 81 18 pourra
792 739 65 23 avoir
864 739 98 21 l’édition
976 739 98 21 ordinai-

598 777 32 17 re,
645 777 58 18 pour
724 770 21 20 la
770 769 107 26 modique
895 776 85 15 somme
1000 770 30 20 de
1048 775 25 15 12

597 800 83 21 francs.

809 831 82 21 Matteo
901 830 144 22 CIRNENSI.

625 884 38 22 La
678 883 110 27 Corse,JY
785 887 9 10 0
809 886 36 20 du
854 890 77 23 5-1-25

610 928 236 23 L’ALMANACCU
858 929 28 21 di
896 929 24 22 A
931 928 122 23 MUVRA

622 993 85 20 L’altru
712 993 68 25 jornu
797 994 38 25 aju
846 993 95 21 ricivutu
950 1000 13 14 a
971 993 67 21 visita
1048 993 23 20 di

596 1023 27 21 zi’
632 1023 104 25 Martinu,
746 1031 31 14 un
783 1025 54 20 òmu
851 1024 107 21 all’antica
971 1024 24 20 di
1003 1024 8 20 i
1019 1030 52 14 nos-

596 1054 28 20 tri
633 1054 149 25 Ioghi.vinutu
789 1062 13 13 a
809 1055 58 23 yeda
875 1062 14 13 u
899 1054 84 26 figliolu
992 1061 13 14 a
1012 1055 58 20 Mar-

596 1085 78 25 seglia.
858 1084 25 26 '~j,
895 1093 4 3 •

622 1116 20 20 U
650 1115 85 26 figliolu
744 1117 14 19 è
765 1116 144 25 impiegatu,e
919 1116 108 25 travaglia
1034 1123 37 14 co-

595 1153 38 14 rne
640 1153 32 14 un
681 1146 105 25 dannafu,
790 1146 70 25 jornu
869 1154 13 13 e
894 1147 63 24 notti,
966 1153 41 19 par
1015 1150 56 17 met-

594 1180 22 17 te
626 1177 58 20 soldi
690 1177 29 20 da
727 1180 74 22 cantu,
810 1184 14 13 e
837 1177 93 21 ritirassi
939 1184 15 14 u
963 1178 39 25 più
1008 1181 63 22 prés-

595 1211 25 17 tu
628 1207 110 26 pussibuli
750 1208 24 20 in
782 1215 16 13 u
810 1214 27 15 so
845 1208 69 25 paesi,
920 1215 41 18 par
968 1212 70 17 metta
1045 1208 24 20 in

595 1237 84 26 pratica
687 1241 58 18 tuttu
753 1238 35 21 ciò
802 1238 80 21 ch’ellu
894 1240 66 20 avarà
974 1239 96 25 impara-

595 1272 24 17 tu
624 1269 23 20 di
656 1269 29 21 bè
696 1276 14 13 e
716 1269 22 20 di
747 1269 60 21 bònu
818 1269 64 22 fòr’di
892 1276 16 14 u
917 1276 26 15 so
948 1270 120 25 rughionu.

619 1299 44 26 Aju
682 1300 137 21 dumandatu
836 1307 14 14 a
863 1300 21 21 zi
897 1301 96 20 Martinu
1005 1301 64 20 s’ellu

594 1330 50 21 avia
652 1331 56 20 lettu
729 1331 144 21 l’almanaccu
889 1331 23 21 di
929 1332 20 20 A
957 1331 111 25 MUVRA;

595 1368 11 11 «
611 1362 43 23 No,
663 1362 32 20 mi
701 1362 87 25 risposi,
793 1369 38 14 ma
839 1362 62 25 n’aju
907 1362 73 21 intesu
997 1363 70 25 parla.

594 1392 52 21 Pari
659 1392 37 21 chi
711 1393 21 20 ci
748 1393 26 20 sò
786 1393 61 20 l’òmi
865 1393 23 20 di
902 1393 83 20 talentu
1000 1393 37 20 chî
1046 1393 20 20 ci

593 1423 92 21 scrivini
694 1423 113 24 inyérsi...

619 1468 24 7 ...
654 1454 21 20 O
683 1454 22 20 zi
713 1454 63 21 Marti
783 1455 7 20 !
804 1454 22 21 ci
834 1455 51 22 vole
890 1461 13 14 a
912 1455 77 25 prezzà
1000 1454 8 21 i
1017 1461 51 14 nos-

593 1485 29 21 tri
631 1488 70 22 pueta
713 1491 14 14 e
738 1485 36 21 ciò
784 1485 73 21 ch’elli
869 1485 94 25 faccinu,
986 1486 77 25 parchi

593 1523 13 14 a
611 1516 138 25 produzione
756 1516 24 21 di
789 1523 32 14 un
835 1516 69 25 paesi,
918 1520 58 17 sottu
991 1523 14 14 a
1013 1517 54 25 ogni

592 1547 78 23 mòdu,
677 1548 13 19 è
699 1547 67 21 d’una
778 1547 226 26 grand’impurtenza.
1014 1554 12 12 »

618 1578 61 25 Ogni
685 1578 61 25 paesi
755 1578 56 21 deve
824 1579 43 20 avè
872 1578 115 26 î’urgogliu
996 1578 23 21 di
1028 1579 37 24 dà,

592 1616 30 13 no
632 1609 123 20 solamente
771 1609 8 20 i
794 1609 40 25 più
849 1609 52 21 belli
913 1609 69 24 frutti,
1000 1609 9 21 i
1026 1609 40 26 più

592 1639 69 22 ricchi
679 1640 104 25 prudotti,
805 1640 8 20 i
831 1640 40 25 più
896 1640 124 25 grand’òmi
1042 1640 23 21 di

591 1677 170 19 guerraoancu
779 1671 7 20 i
795 1670 40 27 più
844 1671 81 20 celebri
940 1668 125 28 puìiticanti

590 1699 93 28 (ohimé
692 1702 7 20 !
704 1701 10 26 )
722 1708 36 14 ma
766 1708 59 15 ancu
833 1701 8 20 i
850 1702 39 25 più
903 1702 57 21 dolci
969 1702 14 21 ë
993 1702 71 21 nobili

591 1736 75 21 pueta.
676 1741 11 11 »

614 1775 28 5 —
649 1763 75 21 Allôra
731 1764 20 20 ci
760 1764 50 20 vole
818 1770 14 14 a
841 1763 73 26 Ieghia
918 1763 145 21 l’almanaccu

590 1794 22 20 di
621 1794 19 18 A
645 1793 78 22 Muvra
730 1794 12 21 ?
750 1801 11 12 »

614 1837 28 4 —
653 1825 27 21 Ci
690 1825 51 21 vole
748 1832 14 13 a
770 1825 106 26 leghiàlu.
885 1834 13 12 »

613 1868 29 4 —
654 1856 44 24 Ma,
712 1856 44 21 vòli
764 1856 42 21 che
811 1857 18 20 ti
838 1856 62 25 parle
908 1856 77 21 francu
992 1857 6 20 !
1010 1857 52 20 Cer-

589 1887 17 20 ti
614 1887 52 20 idee
674 1886 22 21 di
714 1887 157 21 st’almanaccu
881 1894 32 14 un
925 1887 31 21 mi
966 1887 97 26 piacënu

589 1917 66 21 mica.

615 1953 12 11 <‘
642 1948 115 21 Lasciateli
761 1949 29 20 da
797 1952 90 22 cantu,o
895 1948 27 21 zi’
927 1949 65 21 Marti
999 1950 6 20 !
1019 1949 44 22 Oc-

589 1979 98 25 cupetivi
702 1979 23 20 di
733 1979 34 21 ciò
789 1980 37 21 chi
844 1980 22 27 yi
879 1985 70 20 place,
972 1980 60 21 tinîti
1049 1987 13 14 a

588 2013 75 17 mente
671 2009 8 20 i
688 2010 61 20 nomi
758 2010 23 20 di
798 2010 71 21 nostri
891 2014 73 21 pueta,
972 2011 60 20 tiniti
1048 2018 14 13 a

587 2043 77 18 mente
672 2043 58 18 tüttu
738 2041 35 20 ciò
782 2041 38 20 chi
829 2042 30 24 pò
868 2041 23 20 fà
905 2042 50 19 amà
962 2048 14 14 a
988 2040 75 22 Corsi-

587 2078 26 13 ca
622 2071 29 21 da
659 2071 8 20 i
676 2077 26 14 so
711 2071 83 26 figliôli.

612 2102 75 21 L’idee
700 2103 26 20 sò
734 2102 70 21 libare
817 2109 64 15 corne
897 2103 85 21 l’acelli.
991 2104 36 21 Un
1040 2104 20 21 ci

587 2133 51 20 vole
646 2133 45 20 mai
700 2134 83 20 metteli
789 2134 24 20 in
822 2134 89 25 gabbia.

612 2164 96 20 L’ideale
716 2165 13 20 è
737 2171 31 14 un
778 2165 48 21 sole
838 2165 95 20 chîTucé
949 2172 41 18 par
999 2165 60 24 tutti,

586 2201 37 14 ma
636 2201 92 19 ognunu
738 2202 16 13 u
763 2196 51 20 vedi
826 2196 53 20 incu
894 2195 9 21 i
916 2202 25 14 so
957 2196 103 21 occhiali.

586 2226 37 21 Un
631 2226 20 21 si
660 2227 57 20 deve
728 2233 78 19 rompa
822 2227 109 24 1,'occhiali
946 2227 23 20 di
982 2233 79 15 nessu-

585 2264 57 14 nu...

865 2311 165 23 L’Aciartula.

177 2411 181 71 Gran
397 2409 187 73 Caffè
621 2409 65 71 di
725 2431 43 51 a
805 2411 171 71 Pace

181 2543 179 51 Piazza
377 2543 105 53 San
507 2541 175 55 Niculâ
697 2573 33 7 -
747 2543 223 53 BASTIA

93 2655 321 45 APPERITIVI
453 2657 35 43 E
517 2657 249 57 LIQUORI
795 2657 265 45 STRAFINI

1379 147 165 51 ALTRI
1571 137 223 57 JÜRNALI

1128 312 124 23 L’Action
1269 310 134 28 Française

1128 353 48 20 Une
1190 353 114 20 tradition
1321 351 29 20 de
1362 348 117 26 plusieurs
1493 344 80 21 siècles

1101 389 80 14 assure
1190 389 34 14 au
1241 381 158 27 représentant
1413 378 30 20 de
1455 377 25 20 la
1501 376 74 20 Fran-

1100 419 25 14 ce
1130 419 29 14 en
1166 413 73 24 Syrie,
1251 412 83 26 quand
1339 411 19 21 il
1359 409 78 22 arrive
1445 414 28 14 en
1486 406 87 21 Orient,

1100 443 34 21 les
1147 443 119 21 honneurs
1273 444 68 20 d'une
1354 439 93 27 grande
1460 436 113 26 réception

1100 473 127 25 religieuse.
1246 475 35 20 Un
1302 473 62 21 trône
1381 472 36 19 est
1428 468 81 21 dressé
1514 470 61 22 pour

1100 504 35 20 lui
1149 504 62 20 dans
1231 504 88 25 l'église
1333 505 23 18 et
1371 507 30 15 on
1424 499 35 21 lui
1478 504 96 19 marque

1100 534 33 21 les
1153 535 160 25 témoignages
1326 533 28 21 de
1367 532 90 24 respect
1464 529 44 25 qui
1521 529 54 19 sont

1099 566 101 19 réservés
1218 572 34 14 au
1263 566 127 24 protecteur
1411 561 43 21 des
1461 559 113 22 chrétiens

1099 595 61 21 dans
1171 595 23 21 le
1206 596 100 21 Levant.

1126 626 90 27 Quand
1227 627 24 20 le
1256 625 96 26 général
1364 622 96 23 Sarrail
1465 629 15 13 a
1491 621 82 20 débar-

1099 659 48 24 qué
1157 658 17 20 à
1182 657 124 26 Beyrouth,
1316 656 22 20 le
1345 655 77 24 clergé
1433 653 36 21 lui
1482 659 17 13 a
1507 651 68 25 offert

1099 688 34 20 les
1155 688 119 21 honneurs
1281 684 167 23 traditionnels.
1457 683 33 20 Le
1495 682 78 24 franc-

1099 725 81 18 maçon
1197 725 17 14 a
1229 718 85 25 refusé.
1330 716 32 21 Le
1374 713 159 27 représentant
1539 710 34 21 du

1099 747 129 23 Souverain
1236 747 99 25 Pontife,
1348 746 55 25 Mgr
1407 742 118 24 Giannini,
1534 741 39 21 dé-

1098 779 68 26 légué
1181 779 146 26 apostolique
1348 777 30 20 de
1391 776 73 26 Syrie,
1482 781 16 14 a
1509 773 63 21 alors

1098 811 97 20 adressé
1213 817 34 14 au
1262 808 96 27 général
1378 805 95 24 Sarrail
1490 805 25 20 la
1528 804 44 20 let-

1098 843 34 18 tre
1148 842 124 21 suivante:

1282 869 98 23 Beyrouth,
1394 867 12 19 3
1417 868 75 23 janvier
1497 867 51 19 1923.

1164 905 115 20 Excellence,

1119 939 26 18 Le
1150 939 23 18 R.
1182 939 22 18 P.
1213 938 61 21 Remi,
1279 936 43 19 curé
1327 936 46 19 latin
1384 937 24 17 de
1422 936 20 17 la
1454 935 52 23 ville,
1513 935 58 22 m’ap-

1097 967 58 21 prend
1165 967 12 18 à
1181 966 87 19 l’instant
1281 966 52 17 votre
1339 964 51 19 refus
1401 965 25 17 de
1442 968 48 14 vous
1504 963 67 18 rendre

1097 994 11 17 à
1114 995 54 18 notre
1188 994 60 23 église
1267 992 105 24 paroissiale
1379 997 49 18 pour
1445 992 19 17 la
1476 991 95 23 réception

1097 1022 100 19 solennelle
1205 1023 35 22 qui
1253 1026 22 13 se
1291 1021 65 18 faisait
1366 1020 67 23 depuis
1441 1020 89 23 quelques
1536 1019 35 19 siè-

1096 1050 37 18 cles
1148 1055 25 14 au
1186 1049 128 24 représentant
1334 1049 23 18 de
1363 1049 19 18 la
1392 1049 70 18 France
1475 1049 12 17 à
1497 1053 35 19 sqn
1542 1050 29 16 aa*

1096 1078 51 19 rivée
1158 1080 47 17 dans
1225 1083 32 13 ces
1271 1081 45 19 pays
1333 1078 25 17 du
1376 1077 77 18 Levant.

1117 1103 52 22 Vous
1184 1111 46 14 avez
1249 1110 45 14 sans
1306 1106 55 17 doute
1374 1110 36 13 vos
1431 1106 74 17 raisons
1523 1109 48 18 pour

1095 1134 72 19 refuser
1184 1134 98 19 d’assister
1293 1133 12 18 à
1314 1134 47 18 cette
1369 1133 106 19 cérémonie
1484 1132 87 23 religieu-

1095 1167 21 14 se
1121 1168 6 17 ;
1155 1168 49 13 nous
1228 1167 59 14 avons
1302 1162 29 18 les
1347 1162 65 19 nôtres
1425 1166 48 19 pour
1484 1165 48 14 vous
1557 1165 13 19 y

1095 1191 74 18 inviter.
1187 1191 87 18 L’ancien
1294 1190 91 23 protocole
1404 1189 87 20 consacré
1510 1194 34 17 par
1551 1189 19 18 le

1096 1218 113 23 Saint-Siège
1220 1219 12 18 à
1244 1219 19 18 la
1279 1219 87 18 demande
1384 1219 20 18 et
1416 1218 12 17 à
1440 1218 98 17 l’honneur
1546 1217 24 18 de

1094 1247 19 18 la
1125 1247 76 22 France,
1216 1247 20 18 et
1251 1246 106 19 fidèlement
1374 1245 80 20 observé
1463 1245 73 23 jusqu’à
1547 1249 22 14 ce

1094 1275 48 22 jour,
1161 1279 49 14 nous
1222 1279 25 14 en
1261 1275 62 18 faisait
1332 1280 27 13 un
1379 1274 72 19 devoir.
1465 1273 65 19 C’était
1541 1278 28 13 un

1094 1303 92 23 privilège
1202 1304 25 18 de
1246 1304 19 17 la
1276 1303 72 23 France,
1359 1304 47 17 dont
1424 1307 48 14 nous
1484 1306 25 14 ne
1523 1306 46 18 pou-

1094 1331 54 19 vions
1152 1336 34 18 pas
1198 1332 20 17 la
1223 1331 71 23 priver.
1301 1331 30 19 Au
1342 1331 98 22 contraire,
1446 1330 54 23 après
1514 1329 54 19 l’ins-

1094 1359 83 19 tallation
1204 1360 28 17 du
1248 1360 47 18 haut
1315 1359 139 21 commissariat,
1465 1357 66 24 j’avais
1536 1359 39 21 te-_

1093 1392 26 13 nu
1137 1387 12 18 à
1163 1387 86 22 présider
1262 1387 102 19 moi-même
1379 1387 19 18 la
1411 1386 102 19 cérémonie
1520 1390 48 18 pour

1093 1414 28 19 lui
1138 1415 72 19 donner
1225 1416 45 22 plus
1288 1415 69 19 d’éclat.
1458 1414 15 19 f.

1114 1443 72 18 Devant
1204 1444 57 18 votre
1274 1444 57 22 refus,
1338 1443 25 23 -je
1375 1443 38 18 n’ai
1430 1443 43 22 qu’à
1489 1442 78 19 m’incli-

1092 1475 41 14 ner.
1145 1471 127 19 J’informerai
1281 1473 19 17 le
1313 1471 126 23 Saint-Siège,
1452 1472 20 17 et
1489 1471 42 18 tout
1537 1475 30 14 se-

1092 1504 21 13 ra
1126 1499 34 19 dit.
1175 1500 26 18 Le
1212 1500 94 23 privilège
1322 1500 104 22 historique
1439 1500 24 18 de
1474 1500 19 17 la
1498 1499 69 18 France

1092 1532 45 13 aura
1152 1527 55 19 vécu.
1216 1528 53 19 -Mais
1288 1529 19 18 la
1321 1528 69 20 France,
1408 1527 42 19 doit
1474 1528 93 18 constater

1092 1559 36 19 que
1141 1560 21 14 ce
1178 1556 51 18 n’est
1245 1560 35 19 pas
1291 1557 52 18 notre
1359 1556 59 18 faute.

1113 1584 81 18 veuillez
1209 1584 78 23 agréer,.
1296 1585 110 21 Excellence,
1422 1584 112 19 l’assurance
1542 1585 24 17 de

1091 1616 30 13 ma
1130 1612 57 19 haute
1208 1609 141 22 considération.

1149 1646 58 19 Signé
1240 1646 32 16 Fr.
1282 1646 107 16 GIANNINI
1402 1646 117 19 archevêque
1541 1646 24 15 de

1174 1669 74 15 Serres,
1271 1669 70 15 vicaire
1363 1669 117 18 apostolique
1497 1669 68 18 d’Alep

1172 1692 21 13 et
1200 1691 81 19 délégué
1297 1692 113 18 apostolique
1427 1692 24 15 de
1469 1692 61 18 Syrie.

1116 1727 10 11 «
1135 1721 33 20 Le
1173 1721 117 26 privilège
1295 1722 126 25 historique
1426 1722 31 20 de
1463 1722 26 21 la
1491 1721 73 22 Fran-

1090 1759 25 13 ce
1137 1758 61 15 aura
1226 1754 60 19 vécu
1289 1753 12 21 !
1308 1757 12 12 »
1341 1753 64 21 Mais
1428 1753 137 26 qu'importe

1089 1789 47 15 aux
1153 1783 98 21 Sarrail
1260 1786 82 19 et'aux
1351 1784 103 24 Herriot,
1470 1784 37 21 La
1520 1787 45 22 par

1089 1813 43 21 trie
1147 1816 37 19 est
1196 1821 47 14 une
1254 1815 49 25 fois
1315 1815 29 21 de
1355 1815 58 25 plus
1419 1815 105 25 sacrifiée
1531 1822 34 14 au

1086 1845 73 24 parti.

1116 1899 91 22 LTdea
1227 1899 133 22 Nazionale

1112 1939 47 21 Per
1184 1939 142 24 concludere,
1344 1940 22 20 le
1393 1940 172 21 dichiarazioni

1087 1973 41 20 del
1134 1973 45 25 sig.
1196 1973 27 21 H
1221 1974 73 20 erriot
1308 1974 27 20 di
1345 1973 68 21 .voler
1440 1973 54 25 fare
1514 1981 49 14 una

1084 2003 98 25 politica
1199 2011 45 14 con
1261 2003 87 22 Vltalia
1373 2004 43 21 che
1440 2005 38 20 sia
1495 2011 69 14 vera-

1087 2036 75 19 mente
1183 2035 143 21 amîchevole
1347 2042 13 13 e
1374 2035 79 26 degna
1474 2036 89 20 di-due

1084 2065 89 25 grandi
1188 2066 106 21 Potenze
1300 2078 26 4 —
1333 2066 42 21 che
1383 2066 180 26 reciprocamen-

1086 2098 23 18 te
1129 2096 23 21 si
1167 2097 130 25 rispettino,
1322 2097 111 21 ciascuna
1454 2101 109 22 consape-

1085 2127 51 21 vole
1154 2134 13 14 e
1182 2128 85 25 gelosa
1281 2128 40 21 del
1331 2129 96 25 proprio
1441 2129 118 26 prestigio>

1085 2164 71 15 senza
1174 2159 89 25 gelosie
1290 2159 77 21 inutili
1373 2167 15 13 o
1401 2160 86 25 peggio
1501 2160 70 25 péri-,

1086 2189 79 25 colose,
1179 2196 15 14 e
1207 2190 45 21 cke
1268 2196 125 19 comunque
1424 2187 66 24 nulla
1507 2194 53 22 pos-

1085 2223 56 18 soho
1158 2223 93 19 mutare
1267 2221 50 21 alla
1335 2221 64 21 reale
1413 2218 104 29 poienzâ
1524 2224 38 18 at-

1086 2251 63 21 tuale
1164 2259 14 13 e
1192 2252 69 24 futur
1259 2259 17 14 a
1292 2253 39 20 dei
1336 2253 46 20 due
1399 2253 74 21 Paesi
1480 2263 27 4 —
1514 2259 47 15 non

1083 2285 99 22 possono
1196 2289 47 15 non
1260 2284 129 21 incontrare
1396 2284 164 21 consentimen-

1086 2316 30 18 to.

1625 303 35 20 Su
1677 301 81 25 questa
1771 299 65 21 base,
1854 295 42 21 che
1913 292 59 22 lasci
1984 290 88 21 Tenun-

1600 332 104 22 ciazione
1718 328 92 23 verbale
1828 334 13 13 e
1852 324 90 23 diventi
1957 323 90 21 concret
2046 327 23 16 a,

1600 370 31 14 un
1646 362 95 26 periodo
1754 360 27 21 di
1791 356 107 28 rapporti
1916 353 155 25 italo-france-

1599 395 23 20 si
1651 393 43 21 che
1716 393 66 20 siano
1808 387 112 23 destinati
1933 392 16 14 a
1958 383 113 27 produrre

1599 424 101 27 qualche
1711 424 79 25 frutto,
1798 421 49 25 può
1856 416 140 24 cominciare.
2006 414 64 21 Pun-

1600 459 22 18 to
1637 456 92 25 primo:
1742 453 139 21 riconoscere
1889 446 111 24 ail'Italia
2012 445 11 20 l
2029 444 42 21 im-

1599 493 78 14 menso
1694 485 75 25 sforzo
1786 482 43 21 che
1840 487 51 15 essa
1912 479 32 22 ha
1957 476 113 25 compiuto

1598 523 43 15 con
1662 516 26 21 la
1711 520 91 20 guerra,
1824 513 27 20 di
1868 518 43 15 sua
1940 509 130 26 spontanea

1598 547 101 24 volontà,
1714 553 13 14 e
1737 545 126 22 Vimmenso
1887 540 126 23 contributo
2028 537 42 22 che

1598 585 53 14 essa
1673 577 33 21 ha
1722 576 56 22 dato
1799 574 51 21 alla
1867 572 94 22 vittoria
1975 570 32 21 ed
2018 568 52 22 alla

1597 609 112 22 salvezza
1714 607 63 21 délia
1782 605 109 22 Francia.
1901 603 53 22 Taie
1972 602 98 21 riconos-

1598 641 98 21 cimento
1708 638 20 22 il
1740 638 43 25 sig.
1793 636 95 22 Herriot
1903 635 33 20 ha
1948 631 121 23 comincia-

1598 674 23 17 to
1635 671 40 20 col
1681 671 53 24 fare
1742 676 8 13 :
1763 669 13 19 è
1786 674 32 14 un
1835 666 120 22 eccellente
1960 665 74 24 punto
2043 662 27 20 di

1594 703 125 23 partenza,
1730 702 44 22 per
1779 698 106 21 arrivare
1904 702 17 14 a
1931 696 82 24 questa
2018 693 51 25 pri-

1597 738 40 15 ma
1668 730 145 21 concluzione
1835 728 41 21 che
1894 727 22 20 la
1927 724 140 23 nazionalità,

1597 763 35 21 dei
1650 761 80 22 soldati
1751 760 36 21 del
1805 760 34 20 Re
1859 758 91 23 d’Italia,
1965 754 104 23 vincitori

1597 794 23 21 di
1638 792 93 22 Vittorio
1746 791 93 24 Veneto,
1862 796 46 14 non
1927 789 45 25 può
1994 792 76 16 essere

1597 824 93 22 materia
1707 823 23 21 di
1745 821 139 23 discussione
1900 827 41 19 per
1962 824 105 16 nessuno.

1625 887 163 24 L’Humanité

1620 935 46 21 Les
1679 934 98 21 salaires
1789 933 43 20 des
1847 930 146 23 travailleurs
2014 930 54 19 sont

1595 966 170 21 stationnaires.
1775 964 125 24 Beaucoup
1913 960 154 25 n’atteignent

1593 1000 48 23 pas
1656 1002 31 15 20
1692 997 80 24 francs
1787 998 49 23 par
1840 994 61 26 jour.
1915 993 62 21 Mais
1985 992 22 20 le
2014 991 55 20 coût

1595 1028 30 21 de
1636 1028 26 21 la
1680 1028 36 21 vie
1732 1030 33 18 est
1777 1025 91 27 déplus
1884 1031 29 14 en
1922 1023 55 27 plus
1993 1022 73 21 élevé.

1595 1060 32 20 Le
1634 1059 62 25 pain
1711 1059 61 20 vient
1785 1058 17 20 à
1813 1056 71 26 peine
1898 1054 139 22 d’atteindre
2045 1053 23 20 le

1595 1090 82 25 chiffre
1682 1088 97 25 excessif
1790 1088 30 21 de
1831 1086 83 27 lfr,5o
1921 1086 22 21 le
1954 1085 47 21 kilo
2009 1084 61 27 qu’il

1595 1123 35 19 est
1647 1121 57 25 déjà
1717 1120 104 26 question
1842 1119 30 20 de
1894 1118 22 21 le
1926 1117 62 26 faire
2003 1122 64 15 mon-

1595 1155 35 18 ter
1637 1152 17 21 à
1666 1157 11 15 1
1681 1152 31 25 fr.
1721 1151 37 21 55.

1619 1183 66 23 Hier,
1700 1183 25 20 la
1747 1181 148 22 Commission
1916 1178 151 23 consultative

1595 1213 202 26 départementale,
1813 1212 86 23 réunie,
1917 1212 16 20 à
1941 1209 90 22 l’Hotel
2036 1209 31 21 de

1597 1245 63 24 Ville,
1675 1248 61 22 pour
1747 1245 25 20 la
1790 1243 99 26 fixation
1906 1243 42 20 des
1963 1247 66 15 cours
2050 1247 17 14 a

1593 1276 84 21 décidé
1697 1282 45 19 que
1754 1275 25 21 la
1801 1275 86 25 farine,
1894 1274 30 21 de
1939 1273 41 21 163
1984 1272 83 25 francs

1591 1307 122 26 passerait
1719 1307 16 20 à
1750 1307 41 21 165
1800 1306 89 25 francs.
1905 1306 36 20 La
1947 1304 75 26 prime
2036 1304 30 21 de

1590 1339 163 26 panification,
1769 1338 30 22 de
1814 1337 31 27 34
1858 1338 88 25 francs,
1965 1338 76 19 monte
2049 1336 16 20 à

1592 1370 33 21 38
1632 1370 89 25 francs.

1621 1401 37 20 On
1665 1402 59 23 peut
1738 1400 60 21 donc
1808 1400 20 20 d
1827 1399 106 21 attendre
1947 1405 54 14 sous
2015 1401 49 22 peu

1591 1432 17 20 à
1622 1431 51 21 voir
1684 1431 22 21 le
1711 1430 76 26 préfet
1799 1430 31 21 de
1843 1430 25 21 la
1877 1430 68 21 Seine
1960 1429 102 21 décréter

1591 1468 46 20 que
1652 1462 23 21 le
1689 1463 58 24 pain
1777 1468 26 15 se
1826 1462 84 25 paiera
1936 1460 128 22 désormais

1594 1499 12 15 1
1608 1493 32 26 fr.
1649 1493 31 22 55
1686 1494 22 21 le
1724 1494 52 21 kilo.
1792 1489 32 25 Êt
1836 1500 26 14 ce
1875 1493 58 20 n’est
1945 1496 47 22 pas
2003 1492 46 25 fini
2052 1492 11 21 l

1619 1525 62 22 C’est
1700 1525 62 21 ainsi
1781 1531 46 20 que
1840 1525 22 20 le
1886 1525 179 25 gouvernement

1590 1557 34 21 du
1635 1556 58 21 Bloc
1700 1557 41 20 des
1750 1556 104 21 Gauches
1864 1556 69 21 deM.
1941 1555 123 22 Herriot—

1589 1590 99 20 soutenu
1700 1591 47 22 par
1770 1587 32 22 M.
1812 1588 77 24 Blum,
1908 1587 124 21 Renaudel
2040 1589 24 18 et

1590 1622 51 18 tout
1653 1619 23 21 le
1698 1619 66 26 parti
1785 1619 27 22 S.
1816 1619 31 21 F.
1851 1619 21 20 1.
1881 1618 27 22 O.
1917 1630 27 5 —
1951 1619 58 20 tient
2025 1625 39 14 ses

1587 1654 130 22 promesses
1733 1650 132 21 électorales
1872 1650 12 21 l

1614 1682 95 21 Devant
1722 1682 170 25 l’impuissance
1899 1682 42 21 des
1945 1681 118 22 méthodes

1589 1713 294 22 démocratico-socialistes.
1904 1719 46 20 que
1966 1713 34 21 les
2015 1715 48 18 tra-

1588 1744 112 22 vailleurs
1710 1745 84 20 abusés
1803 1745 155 25 réfléchissent
1964 1745 11 20 !
1985 1745 76 26 Qu’ils

1588 1778 164 23 comprennent
1756 1776 62 25 enfin
1834 1782 46 19 que
1888 1776 101 26 l’unique
1997 1776 63 21 issue

1588 1806 31 22 de
1634 1807 27 21 la
1681 1807 110 21 situation
1792 1807 218 26 présente,toujours
2018 1814 42 19 ag-

1586 1840 95 23 gravée,
1695 1841 35 19 est
1745 1839 62 21 dans
1825 1845 45 15 une
1877 1839 126 21 révolution
2016 1839 44 26 qui

1588 1869 105 22 donnera
1710 1870 16 21 à
1734 1870 24 21 la
1766 1870 76 21 classe
1850 1870 102 21 ouvrière
1969 1870 22 21 le
2001 1873 60 22 pou-

1587 1901 52 21 voir
1655 1904 25 18 et
1693 1901 23 21 le
1730 1901 100 22 contrôle
1837 1901 30 21 de
1875 1904 52 19 tous
1944 1902 33 21 les
1984 1902 75 24 biens,

1587 1932 67 21 biens
1659 1939 46 19 que
1714 1939 26 14 se
1748 1933 118 25 disputent
1878 1940 28 14 en
1923 1940 26 14 ce
1961 1936 102 18 moment

1587 1963 35 21 les
1630 1964 130 21 mercantis.

1615 2034 114 22 L’Adula

1614 2089 36 20 Un
1655 2092 59 22 capo
1723 2095 88 18 ameno,
1820 2089 84 21 Albert
1910 2089 110 27 Quantin,
2036 2091 25 20 in

1586 2126 32 14 un
1636 2125 45 16 suo
1702 2120 57 21 libro
1769 2125 12 11 «
1785 2120 36 21 La
1835 2120 68 21 Corse
1910 2129 20 16 »,
1944 2123 117 24 stdmpato

1585 2151 42 21 nel
1634 2152 72 25 19141
1711 2151 106 21 Libreria
1821 2152 82 21 Perrin
1913 2155 24 18 et
1954 2153 45 24 Cie,
2013 2152 46 21 Pa-

1585 2182 48 25 rigi
1639 2181 40 27 ),a
1684 2185 55 22 pag.
1746 2183 54 24 226,
1805 2183 97 21 citando
1911 2190 31 14 un
1950 2184 74 21 brano
2032 2184 28 21 di

1585 2213 80 20 buona
1675 2214 80 24 poesia
1772 2214 25 20 in
1806 2217 80 22 pretta
1904 2214 81 26 lingua
1997 2216 64 20 itali-

1586 2251 57 14 ana.
1652 2244 29 21 di
1689 2244 25 21 G.
1725 2245 109 24 Multedo,
1850 2252 70 18 corso,
1932 2249 127 19 commenta

1585 2282 44 14 con
1645 2278 81 23 queste
1741 2275 188 23 maccheroniche
1947 2278 112 25 parole:\\

1585 2310 35 17 est
1627 2307 123 25 regrétabie
1758 2314 45 19 que
1808 2314 38 15 ces
1852 2308 71 22 beaux
1932 2315 51 15 vers
1987 2309 73 21 soient

2100 123 28 14 en
2136 115 74 21 italien
2219 117 22 18 et
2253 121 45 18 que
2313 115 42 21 l’on
2374 118 77 26 chante
2458 133 24 17 so

2099 148 55 20 dans
2162 152 44 15 une
2214 148 63 18 autre
2283 145 82 26 langue
2373 154 44 19 que
2427 152 20 23 la
2455 159 18 20 sj

2124 177 101 22 Secondo
2242 178 82 23 questo
2337 179 79 22 strano
2439 170 85 43 auto^'

2098 209 80 26 lingua
2186 208 101 21 italiana
2303 207 25 21 in
2339 208 90 25 Corsica
2437 217 13 18 è
2465 205 47 38 Ut/‘

2098 241 86 25 lingua,
2202 238 79 27 quella
2301 244 65 15 corsa
2373 241 19 20 è.
2405 256 6 6 .
2423 247 58 25 altra

2097 278 62 14 corne
2163 274 44 22 per
2211 269 100 25 esempio
2320 272 75 22 questi
2408 280 39 17 ver
2446 281 21 19 si
2477 284 9 14 1
2497 265 38 29 C°Sq-

2097 303 54 20 letto
2157 309 8 13 :
2484 292 13 14 n
2506 294 30 26 di«-

2146 332 74 21 D'una
2229 337 75 15 razza
2317 338 29 14 eu
2345 332 22 20 si
2372 340 88 21 grande

2146 363 68 21 Lasci
2227 362 51 20 sola
2288 369 47 14 una
2344 366 84 22 sorella

2148 395 74 20 Senza
2231 393 80 25 eugini
2318 396 96 24 carnali,

2145 425 86 23 Povera,
2243 431 25 14 or
2280 423 49 26 fana
2341 432 12 13 e
2366 427 85 25 zitella.

2144 456 41 21 Ma
2190 459 43 22 per
2238 455 29 25 fa
2271 455 25 21 la
2306 458 23 18 to
2337 456 103 26 vindetta

2147 487 42 22 Sta
2197 487 86 25 sigura,
2293 487 71 21 basta
2376 492 110 27 anch’ella

2227 522 98 27 (pagina
2334 525 44 24 2i5,
2388 533 37 20 op.
2434 531 72 33 citata)

2123 596 34 22 Le
2178 594 101 24 Gaulois

2120 637 61 21 Avec
2196 642 36 15 ses
2244 635 50 21 airs
2311 635 29 21 de
2356 638 49 20 tout
2418 647 108 27 comprend

2095 671 23 18 et
2130 674 37 14 ses
2175 666 142 26 prétentions
2324 667 16 20 à
2349 667 152 33 Tintelligence
2523 664 15 16 h

2094 697 228 25 verselle,M.Herriot
2333 705 17 14 a
2352 701 89 22 prouvé
2446 705 46 24 hier
2505 690 23 36 S’
2530 721 4 5 ¬

2094 729 100 27 ignorait
2218 728 145 22 absolument
2383 738 26 14 ce
2429 738 68 23 qu’est
2527 722 11 20 ^

2095 761 126 21 conscience
2237 759 155 27 catholique...
2510 753 26 18 Unt

2119 792 68 21 Notre
2206 791 120 25 président
2340 793 33 20 du
2396 795 87 26 Conseil
2492 811 13 14 a
2513 811 20 16 d-

2094 825 91 20 couvert
2201 828 44 20 que
2257 823 23 20 le
2293 823 67 25 Pape
2376 827 24 18 et
2410 829 60 22 toute
2481 834 32 23 l’p

2093 862 26 15 se
2130 861 56 15 avec
2198 854 35 21 lui
2247 855 137 24 réprouvent
2403 857 23 21 le
2439 846 96 45 modéré

2094 893 42 17 me,
2151 892 44 20 que
2206 891 58 15 nous
2278 887 81 20 tenons
2370 890 61 22 pour
2446 898 41 17 une
2491 881 39 40 fa/

2093 918 96 22 sinistre,
2199 916 24 21 la
2239 917 89 21 morale
2340 924 57 16 sans
2400 925 99 23 sanction
2503 933 28 22 chi

2093 956 25 14 re
2131 955 47 15 aux
2193 948 158 21 séminaristes
2359 950 30 20 de
2397 951 26 21 la
2435 959 39 17 rue
2481 958 47 28 l'u/#,

2093 983 24 18 et
2123 986 45 20 que
2180 979 76 22 l’école
2272 986 59 15 sans
2346 981 61 22 Dieu
2432 991 54 18 nous
2498 998 31 19 seni

2093 1011 43 22 blé
2142 1011 49 22 mal
2207 1011 60 26 faite
2280 1014 63 23 pour
2351 1012 86 25 former
2452 1017 31 22 les
2497 1023 22 22 ho

2093 1043 103 26 citoyens.
2211 1042 61 22 C’est
2285 1049 26 14 ce
2323 1044 60 25 qu’il
2397 1049 87 23 appelle
2490 1037 44 43 notlt

2093 1075 137 21 intolérance
2239 1076 25 19 et
2276 1081 27 14 ce
2319 1075 43 25 qui
2371 1075 35 22 lui
2410 1081 79 22 Paraît
2491 1092 40 18 auto

2092 1107 57 21 riser
2165 1106 33 21 les
2214 1106 109 21 mauvais
2344 1109 110 22 procédés
2467 1113 18 21 à
2491 1123 44 20 noth

2092 1138 74 26 égard
2177 1140 29 22 et,
2215 1144 29 14 en
2258 1138 142 25 particulier,
2412 1140 23 21 le
2441 1147 73 22 retrait
2518 1153 12 19 d

2092 1171 64 19 notre
2170 1168 168 22 ambassadeur
2349 1173 85 23 auprès
2439 1174 32 21 du
2478 1177 56 26 Saint.

2093 1201 74 25 Siège.

2117 1232 36 21 De
2165 1232 41 21 tels
2221 1232 182 23 raisonnements
2419 1243 25 14 se
2462 1241 74 26 passent

2091 1271 29 14 en
2140 1263 81 22 dehors
2228 1264 42 21 des
2275 1264 122 26 frontières
2416 1268 29 21 de
2459 1270 74 28 l’intëlli

2089 1302 78 19 gence.

2120 1388 10 13 «
2145 1380 86 22 Amico
2241 1380 25 23 le
2282 1383 85 20 nostre
2382 1382 93 25 favelle
2491 1393 45 20 sono

2089 1414 119 23 ambedue
2220 1421 111 21 romane,
2346 1416 124 26 possiamo
2488 1422 48 25 chia-

2089 1449 77 22 marci
2177 1448 93 23 fratelli
2284 1455 15 16 e
2310 1451 111 22 toccarci
2430 1452 25 23 la
2468 1460 67 20 mano-

2088 1483 20 22 il
2124 1485 43 21 tuo
2185 1483 45 28 Po,
2246 1483 27 22 la
2288 1483 52 23 mia
2358 1485 120 30 Duranza,
2498 1494 37 21 nati

2088 1517 119 23 ambedue
2227 1517 34 23 da
2286 1524 51 17 uno
2361 1521 90 22 stesso'
2463 1528 67 21 monte

2088 1558 81 16 vanno
2177 1551 33 23 ad
2216 1551 154 24 abbeverare
2380 1553 67 24 l’uno
2462 1556 19 22 il
2492 1558 42 24 Pie.

2088 1589 83 20 monte
2181 1586 80 23 l’altra
2272 1587 26 22 la
2309 1587 127 24 Provenza
2447 1597 21 15 ».

2203 1627 72 18 Lettara
2283 1627 21 18 di
2310 1627 71 19 Mistral
2389 1633 11 14 a
2407 1629 114 25 Dall’Ongaro.

2116 1952 13 13 «
2139 1961 26 8 ...
2174 1945 38 22 En
2223 1945 76 23 Corse
2311 1946 95 27 chaque
2421 1945 65 27 ville,
2494 1944 39 23 cha-

2088 1985 47 21 que
2148 1979 208 28 hameau,chaque
2365 1979 58 23 coin
2433 1979 32 22 de
2476 1981 57 24 terre,

2088 2013 94 28 chaque
2192 2014 96 27 rocher,
2290 2014 95 27 chaque
2395 2013 138 27 broussaille]

2086 2049 71 25 porte
2167 2047 36 23 les
2221 2055 117 21 marques
2359 2048 73 23 d’une
2451 2047 82 23 bataille

2086 2081 118 28 héroïque
2217 2089 65 20 pour
2299 2082 234 28 l’indépendancë...s

2339 2116 21 20 J.
2368 2116 26 20 B.
2405 2115 116 21 Lescarret.

2153 2150 94 24 (Mémoire
2253 2156 35 14 sur
2294 2152 20 18 la
2318 2152 62 23 Corse,
2388 2151 63 23 1873.)

2122 2237 127 27 Imprimerie
2260 2238 90 26 spéciale
2362 2238 27 21 de
2401 2238 20 21 A
2428 2236 85 23 MUVRA

2167 2266 32 24 38,
2206 2266 66 22 Cours
2278 2267 109 24 Grandval,
2395 2266 81 27 Ajaccio

2124 2305 32 21 Le
2166 2306 83 21 Gérant
2254 2313 9 14 :
2269 2306 135 26 Dominique
2412 2306 71 21 Massa

1637 2433 41 53 U
1695 2433 91 55 Più
1813 2435 141 53 Bellu
1995 2435 205 57 HOTEL
2233 2439 51 53 di
2309 2439 188 59 Corsica

1749 2523 645 57 CYRNOS—PALACE

1757 2595 204 33 PASQUALE
1991 2597 154 33 FILLIPI,
2171 2598 214 31 DIRËTTORE

1953 2643 239 63 BASTIA

283 3009 115 123 Si
463 3049 149 85 vo
675 3015 99 119 ci
835 3017 381 123 vulete
1279 3019 323 123 aiutà

699 3219 577 101 Abbunatevi
1321 3251 61 69 a
1421 3225 77 95 A
1547 3225 443 103 MUVRA.

510 3349 2 2 ■
647 3345 3 2 ‘
927 3349 4 2 ■

733 3383 495 121 Cumprate
1277 3391 27 95 i
1341 3393 295 97 nostri
1689 3395 221 101 libri.

363 3531 225 71 Fateci
659 3537 269 87 stampà
999 3541 211 73 ciochi
1283 3567 83 51 vo
1437 3549 141 71 fate
1647 3557 271 87 stampà
1967 3561 67 71 in
2081 3563 191 75 altrô.
