2554 3858
65 154 149 30 population,
232 151 24 19 la
268 149 65 21 Corse
349 149 37 17 est
399 146 24 20 le
430 145 107 24 départe-

67 186 64 20 ment
139 180 43 26 qui
189 179 90 23 compte
286 176 21 19 le
313 174 57 25 plus
378 173 30 19 de
421 172 116 24 fonction-

66 212 80 21 naires
153 207 66 22 civils
227 207 24 18 et
259 202 122 22 militaires
397 202 23 17 et
436 198 30 20 de
478 200 58 21 pen-

66 238 98 22 sionnés.
171 235 35 20 La
214 233 74 20 Corse,
295 230 103 20 devenue
404 229 131 21 possession

66 265 121 22 italienne,
202 256 125 27 ajouterait
335 255 15 20 à
359 261 26 13 ce
393 259 46 19 que
448 252 11 19 l
465 251 69 20 Italie

66 301 15 13 a
90 292 56 24 déjà
155 290 29 20 de
192 290 52 21 trop
252 295 25 5 —
282 291 43 13 une
331 280 140 27 population
475 282 59 15 sans

66 324 93 21 moyens
172 314 138 22 d’existence
321 313 46 21 par
382 308 25 19 la
420 309 59 17 terre
484 310 50 26 .na-

66 348 56 21 tale.
132 356 26 5 —
163 343 51 21 Elle
223 337 160 24 demanderait
391 341 15 13 a
416 333 9 20 l
432 331 69 21 Italie
508 337 26 13 ce

65 376 59 20 dont
140 370 87 22 l’Italie
243 370 112 20 manque:
368 362 43 19 des
424 360 110 20 aliments

65 407 60 19 pour
137 406 25 13 se
174 395 99 22 nourrir,
288 392 40 20 des
344 390 115 23 capitaux
472 389 62 21 pour

65 426 129 24 travailler.
203 424 36 20 La
250 421 65 20 Corse
321 419 37 19 est
371 422 33 14 au
409 416 115 19 contraire

65 450 224 28 harmonieusement
296 444 199 25 complementaire
503 439 30 20 de

65 486 25 20 la
98 484 99 20 France.
207 487 12 11 »

92 523 26 22 Si
130 522 101 21 Faulore
243 517 23 21 di
280 514 38 23 lali
329 508 130 34 spruposili
478 508 53 21 avia

64 557 98 23 vulsutu
181 553 23 21 fà
220 546 151 33 propaganda
390 550 42 22 per
446 539 86 24 l’ilaha

65 588 135 24 unn’avaria
211 583 73 22 micca
295 579 82 23 scriLtu
390 575 141 23 altrmienle,

62 621 88 29 perche
170 618 47 22 taie
240 611 158 26 contraverita
427 609 104 20 inettcnu

63 650 220 27 automaticamènte
291 646 22 21 in
323 647 98 25 tupezzu
428 640 103 21 st’assio-

64 695 46 18 ma,
123 693 14 15 a
140 692 21 14 ni
164 689 62 17 mess
228 688 14 14 u
263 679 28 22 da
310 676 54 23 tutti
376 682 13 14 e
403 671 128 24 formulatu

63 720 160 23 infrancese:
245 720 13 14 «
266 712 35 22 La
323 711 80 20 Corse
416 707 37 20 est
462 707 70 26 pour

65 754 26 22 la
103 753 97 21 France
216 753 37 16 un
271 743 105 23 «rabiot
383 748 21 18 »,
427 739 48 21 elle
494 739 37 18 est

64 789 69 24 pour
156 780 95 24 l'Italie
278 783 35 16 un
341 771 189 30 complément»

63 818 91 23 Iniatti,
165 816 60 21 tuttu
239 812 36 21 ciò
284 809 36 23 chi
332 807 80 23 l’isula
423 804 108 22 èsuscet-

62 851 68 23 tibile
142 849 23 22 di
175 846 104 24 furnisce
289 850 14 15 o
315 842 23 21 di
350 839 106 30 pruduee
467 842 64 16 man-

63 892 27 15 ca
109 884 22 21 a'
149 879 110 25 Pénisula
270 885 6 13 :
300 875 106 24 minière,
432 871 97 23 fureste,

63 924 82 23 pesca,
154 921 68 16 ecc...
236 906 188 28 tutt’incroccule
430 904 38 22 chi
475 909 56 16 cun-

63 954 145 20 currenzanu
217 946 8 22 i
237 940 131 34 pruduttori
380 936 111 25 Irancesi.

93 984 26 22 Si
132 990 15 14 u
164 980 74 30 padre
252 975 111 24 cuscritlu
379 973 103 22 Dumont
499 975 31 15 un

62 1019 62 21 s’era
136 1014 120 23 afürmatu
269 1017 29 15 un
310 1012 104 24 caprone
425 1004 104 29 appuntu

62 1052 64 21 bonu
137 1056 15 14 a
164 1048 22 21 fà
199 1053 31 15 un
243 1043 105 23 minislru
361 1040 25 21 di
397 1037 133 23 Marianno-

63 1092 39 18 na,
117 1090 14 14 u
141 1078 202 26 schiaffittariamu
354 1073 25 22 di
387 1080 13 14 a
410 1077 43 16 nos
456 1073 34 19 Ira
496 1075 35 16 in-

61 1115 150 31 dignazione,
236 1109 100 24 videndu
357 1107 24 21 in
404 1105 38 22 chi
460 1102 70 23 modu

62 1151 48 22 ellu
123 1150 70 21 Iratta
205 1145 25 22 di
243 1152 14 14 u
269 1143 103 22 dramma
381 1139 23 22 di
414 1138 116 26 l’emigra-

58 1184 70 22 zione
148 1181 91 21 farzata
259 1177 23 21 di
299 1174 74 30 quelli
391 1170 75 23 zitelli
478 1169 24 21 di
522 1175 7 14 i

59 1216 66 30 quali
138 1214 33 22 so’
184 1211 65 30 pieni
258 1210 7 21 i
278 1208 63 30 paesi
361 1205 72 26 corsi,
454 1208 76 24 grana

61 1250 95 30 spulata
176 1247 30 21 da
226 1252 13 14 a
259 1242 114 28 Matrigna
385 1247 13 15 a
417 1239 7 21 i
436 1239 93 28 quattru

62 1280 111 32 scaporni
190 1279 25 22 di
236 1285 14 14 u
269 1275 114 24 mondu...
402 1272 38 23 Ma
461 1270 69 22 unn'è

62 1316 89 29 megliu
163 1321 13 14 a
189 1312 52 22 ride
258 1309 60 23 dino’
334 1315 30 14 un
377 1302 154 32 suppuleliu?

89 1367 12 11 «
109 1363 46 20 Sur
162 1361 25 20 la
196 1359 50 20 côte
253 1354 119 23 orientale,
383 1353 51 20 tout
441 1350 22 20 le
474 1349 56 24 long

62 1392 29 20 de
99 1391 27 20 la
134 1391 65 19 route
206 1387 31 19 de
245 1382 119 26 Bonifacio
374 1381 16 20 à
398 1378 92 22 Bastia,
496 1377 35 20 les

61 1422 86 21 étangs
153 1414 125 23 succèdent
284 1413 16 19 à
307 1411 30 20 de
343 1409 88 26 petites
436 1407 95 25 plaines

61 1448 89 20 basses.
158 1445 77 23 Jusqu
243 1443 16 19 à
268 1447 36 14 ces
311 1438 118 21 dernières
434 1439 94 16 années,

61 1475 63 20 l'eau
132 1474 41 19 des
182 1472 106 20 torrents,
301 1467 90 21 arrêtée
399 1465 16 20 à
420 1467 111 22 proximi-

61 1504 25 19 té
95 1503 31 20 de
139 1502 24 19 la
177 1506 49 14 mer
236 1502 47 21 par
301 1496 32 20 les
353 1492 127 22 bourrelets
500 1491 31 19 de

59 1532 84 23 grèves
149 1527 134 22 surélevées,
290 1523 97 26 formait
392 1522 42 19 des
441 1519 90 21 marais

60 1559 110 24 fiévreux.
185 1556 35 20 La
235 1553 91 21 mission
340 1549 137 25 Rockfeller,
496 1547 34 20 les

60 1586 132 25 ingénieurs
208 1583 31 20 de
261 1579 212 22 l’assainissement,
497 1582 32 13 un

62 1615 62 24 petit
128 1613 95 25 poisson
232 1608 125 22 américain
369 1605 82 27 grand
461 1604 69 21 dévo-

59 1649 55 14 reur
121 1642 30 20 de
159 1641 77 20 larves
249 1639 53 19 sont
312 1636 90 20 arrivés
414 1634 16 20 à
444 1632 85 21 rendre

60 1669 131 22 habitable,
200 1668 73 20 même
280 1665 57 22 l'été,
348 1665 59 19 cette
421 1661 86 25 région.
515 1664 11 11 »

87 1711 75 25 Ebbè,
174 1711 71 27 postu
258 1707 37 22 chi
315 1705 114 22 missione
437 1709 13 15 e
462 1701 64 30 pesci

58 1743 128 25 ainericani
204 1742 64 22 lianu
285 1737 141 31 scugnuritu
446 1743 14 14 e
478 1735 50 22 zin-

58 1779 61 26 zale,
138 1777 37 22 chi
196 1783 14 14 u
232 1774 51 29 sgiô
304 1773 103 22 Dumont
425 1769 72 28 vaghi
512 1775 14 14 a

58 1810 106 31 passassi
171 1817 14 14 a
193 1805 204 33 prossim’istatina
405 1804 24 22 in
437 1803 89 25 Aleria,

59 1847 24 21 in
94 1845 114 28 Tagnone
220 1849 15 14 o
246 1842 24 21 in
281 1838 175 30 Gampudiloru.

87 1879 99 22 Sarernu
198 1873 126 25 assicurati
336 1872 55 22 d’un
398 1870 79 23 vèdeli
486 1870 40 28 più

58 1913 93 26 stampà
163 1910 7 22 i
181 1910 36 21 so’
230 1906 138 31 sprupositi.

86 1945 29 22 Al
118 1951 69 15 menu
205 1942 39 22 chi
264 1940 120 22 Marianna
398 1936 127 23 unn’abbia

59 1979 102 28 bisognu
184 1976 24 21 di
235 1971 153 32 prupaganda
410 1978 14 14 a
446 1969 80 22 l’altru

61 2011 99 23 mondu.

225 2046 122 27 Pasquaie
358 2043 137 24 Manfredi.

165 2128 125 31 Terra
312 2125 109 31 mea!

80 2198 17 18 A
104 2198 16 17 li
128 2196 55 18 Corsi
190 2194 53 19 ch’in
250 2192 76 19 Francia
337 2192 21 18 sô
369 2191 91 22 scappati,

82 2223 22 18 Li
112 2222 18 18 si
138 2222 42 17 dice
188 2224 70 18 spessu
264 2223 5 13 :
279 2224 8 10 «
292 2217 74 23 Figîioll
376 2216 78 23 ingrat!,

79 2247 85 19 Lasciate
171 2245 69 23 queste
247 2244 88 17 cuntrade
343 2242 96 18 straniere

78 2271 122 21 Riturnendu
207 2275 13 12 a
228 2274 46 13 cura
280 2269 19 17 le
305 2269 66 17 vostre
380 2268 51 18 terre
437 2269 5 17 !
449 2272 9 11 »

80 2298 73 21 Questa
160 2296 10 18 è
178 2295 85 23 ghiusta.
271 2293 16 18 U
294 2293 65 21 Corsu,
369 2293 25 17 da
402 2292 102 22 vigliaccu,

80 2323 21 18 Si
109 2323 26 17 ha
143 2321 82 18 lasciatu
232 2320 54 20 funa,
294 2318 41 18 fera
343 2322 11 13 e
362 2321 65 17 saccu,

80 2349 14 17 E
103 2348 74 17 mentre
185 2346 20 17 in
212 2344 77 19 Francia
297 2344 38 17 ellu
343 2347 46 14 cura
396 2342 98 22 lampioni,

79 2374 9 17 I
96 2374 28 17 so’
132 2371 61 19 cbiosi
201 2371 22 17 sò
231 2370 50 22 pien’
289 2369 18 17 di
314 2367 124 22 lamaghioni.

79 2397 43 19 Ab!
132 2397 41 18 Cun
181 2396 32 17 chi
221 2395 81 22 piacere,
311 2392 57 18 Santa
377 2392 70 18 Maria!

80 2423 23 17 In
111 2421 77 23 Ajacciu
197 2421 82 17 dumane
286 2418 100 20 sbarcaria,

80 2448 62 18 Pienu
151 2446 19 18 di
177 2446 62 20 forza;
247 2450 13 13 a
266 2444 20 18 fà
293 2444 20 17 lu
321 2443 37 18 me’
369 2444 80 20 duvere,

79 2473 63 22 Zappa
149 2472 21 17 lu
177 2471 70 18 cbiosu
255 2474 11 13 e
273 2473 44 14 cura
324 2469 20 17 le
352 2468 37 18 me’
397 2469 51 17 terre
455 2468 5 17 !

79 2498 37 20 Ma,
125 2497 19 17 si
150 2497 24 21 pò
182 2496 20 17 di
208 2505 26 3 —
241 2496 38 16 ’sse
286 2498 43 13 cose
337 2493 21 18 sò
366 2493 65 22 palese
438 2502 23 4 —

81 2522 43 21 Chi,
132 2522 52 17 terra
191 2525 43 12 mea
242 2520 43 17 inde
291 2519 21 17 lu
320 2518 36 17 me’
364 2522 58 18 paese

80 2547 22 18 Ci
110 2548 31 17 n’è
149 2546 99 22 ghiust’un
256 2543 97 23 pizzatellu
361 2544 93 21 tamantu,

80 2572 22 17 In
111 2572 58 17 fondu
178 2570 20 17 di
207 2571 22 16 lu
236 2569 79 18 vecchïu
323 2569 125 21 campusantu
455 2568 6 18 !

80 2597 83 21 Ognunu
171 2596 33 21 qui
212 2595 28 17 mi
248 2593 94 23 capiscerà
350 2594 56 21 bene,

81 2621 72 21 Questa
160 2622 51 15 terra
219 2624 42 13 nun
268 2619 17 18 la
296 2622 58 18 possu
365 2619 117 20 intrattene;

80 2647 50 17 M’ha
138 2646 74 17 vistutu
221 2645 20 17 di
248 2649 47 13 neru
301 2648 5 17 ;
314 2648 17 17 e,
340 2648 45 13 core
391 2644 21 17 in
420 2643 51 21 dolu,

80 2670 149 19 L’intraüenerà
237 2669 75 22 qualcbi
318 2669 37 17 me’
362 2668 77 23 figliolu

80 2695 80 22 Quandu
168 2695 69 17 l’Iddiu
245 2694 56 17 averà
308 2693 113 22 ghiudicatu

80 2720 36 18 Chi
123 2719 111 19 Alessandri
242 2719 25 17 ba
273 2720 67 20 troppu
348 2719 88 22 campatu
442 2717 5 18 !

278 2751 29 18 M.
314 2750 29 19 À.
352 2751 24 18 di
385 2750 121 19 Chidazzu.

605 139 185 50 “Grana
819 137 171 51 Corsa”

588 209 33 21 Di
636 209 105 22 Simonu
755 209 27 20 di
796 208 51 20 San
861 205 108 26 Jorghiu
982 203 22 17 (1>

588 263 84 25 Èccuci
693 265 98 22 un’altra
813 265 92 21 nianata
927 262 22 21 di
970 261 61 21 bona

560 301 106 20 sumenle
675 301 111 18 nuslrana
798 297 103 27 Iampala
913 301 43 15 cun
966 294 66 21 divu-

559 332 68 20 zione
638 337 13 14 e
663 336 112 22 speranza
787 336 13 14 a
812 336 13 14 u
835 328 67 21 solcu
914 326 23 21 di
949 328 82 19 noslru

559 363 64 22 bellu
632 362 81 22 imbïu
726 361 54 23 inde
793 368 13 14 u
820 360 83 22 cbiosu
916 359 23 21 di
952 365 13 14 a
978 365 54 14 nos-

561 398 33 19 tra
607 395 75 22 Fede:
699 402 13 14 u
726 394 133 24 Cursismu,
875 392 60 21 duve
948 390 60 22 tanli
1019 397 12 14 e

560 428 57 22 tanti
625 424 288 30 suminadori,cumpagni
922 431 13 14 e
943 422 88 22 fratelli

559 461 83 25 nosLri,
655 461 63 21 lianu
732 460 62 27 digìa
807 460 108 26 arregatu
929 456 6 22 i
949 456 33 21 so’
991 455 40 29 piu

559 493 104 23 ludevuli
675 492 83 22 sforzi.

586 527 76 21 Grana
675 526 39 28 più
728 527 121 23 nuslrana,
865 522 87 26 infatti,
966 528 31 15 un
1011 520 20 22 si

559 562 29 27 pô
604 561 74 21 truvà.
697 558 116 22 Scatulita
832 557 30 21 da
876 563 13 15 e
902 555 61 22 sulie
978 554 24 21 di
1017 560 14 15 u

559 593 115 28 rughione
688 591 102 24 d’Istria,
807 590 82 21 franca
903 588 29 21 da
945 594 14 14 u
973 589 58 25 pm-

556 625 114 29 %acchiu,
683 630 73 22 porga
768 623 23 20 di
804 621 101 28 ciugliu
917 627 13 15 e
942 620 24 20 di
977 625 54 16 vec-

558 659 49 25 cia,
618 664 30 14 un
661 656 71 22 risica
745 655 29 21 da
786 654 59 22 faltà
854 653 62 22 nèdi
925 651 106 30 pruduee

557 690 89 29 gattiva
659 691 111 20 sustanza
782 688 29 21 da
823 686 102 22 intusicà
938 693 6 14 i
952 684 78 29 spiriti

557 723 96 23 cursisli
665 722 38 22 chi
715 722 114 21 burrianu
841 719 88 22 cibassi
941 718 24 21 di
974 717 57 22 roba

558 757 120 22 cirnese...
691 763 13 14 e
717 755 75 21 basta.

584 790 76 27 Opéra
675 787 145 30 palriotlica,
842 792 71 23 opéra
931 784 99 26 murale,

557 829 71 22 opéra
639 821 121 23 lelteraria
773 827 77 15 corsa.

586 855 195 29 Unn’apreremu
805 854 95 28 dunque
927 851 104 22 “Grana

557 888 94 23 Corsa”
666 895 42 22 per
718 887 59 22 dalli
792 893 46 15 una
853 884 177 30 ciarnigliulala

556 935 29 4 —
599 924 69 27 postu
689 920 123 23 ch’unn’ha
836 920 100 27 bisognu
950 930 29 4 —
994 923 37 15 ma

556 955 192 29 semplicemenle
761 960 41 22 per
813 953 56 22 dalli
883 959 45 15 una
940 957 69 16 corsa
1017 957 13 14 a

557 990 23 21 la
590 988 109 26 manu,da
708 987 83 22 ch’ella
801 986 139 30 pigli—aria
948 992 14 14 e
970 984 59 22 sole.

586 1022 98 21 L/iniziu
697 1021 66 22 svela
775 1020 96 22 l’anima
884 1019 24 21 di
920 1018 109 22 l’autore:

585 1055 116 26 Ascolta,
722 1061 13 15 o
755 1053 96 23 Paisà!
870 1051 126 26 ascultale,
1017 1057 12 15 o

557 1089 140 23 Zitellucci
719 1086 165 29 campagnoli
893 1087 9 20 !
922 1084 108 29 seinplici

556 1122 105 30 suggetti
680 1128 42 22 per
736 1128 30 14 un
782 1120 194 29 patriotta-pueta
995 1117 36 22 in-

557 1156 79 22 chietu
654 1162 42 22 per
712 1154 109 22 l’abbene
838 1153 70 22 d’una
923 1158 66 16 razza
1007 1151 23 21 di

557 1192 71 27 punta
637 1196 14 15 a
659 1195 32 15 un
701 1187 115 30 periculu,
824 1187 24 21 di
858 1188 71 28 punla
938 1193 13 14 a
960 1187 70 20 cenlu

557 1223 108 29 periculi.

587 1256 59 22 Dice
658 1263 13 14 a
683 1263 14 14 u
709 1255 91 30 grande
807 1262 6 14 :

658 1296 28 21 di
696 1301 77 22 ra%%a
781 1295 71 27 forti
862 1300 13 14 e
888 1293 75 25 dura,

599 1329 35 21 Di
644 1330 86 20 nienti
740 1327 108 23 unn’ha’
856 1329 95 26 paura,

598 1362 54 22 Hai
662 1361 73 23 virtù
747 1362 31 21 ed
788 1360 100 23 unestà.

598 1407 52 23 Ha.’
661 1407 27 22 la
693 1407 61 29 fedi
766 1413 12 14 e
790 1406 26 22 la
827 1408 134 26 speranga,

597 1441 52 22 Ha’
659 1442 29 21 di
699 1442 72 21 tuttu
783 1441 28 21 in
822 1439 180 28 cibbundanga,

597 1475 52 22 Ha’
659 1476 30 21 di
698 1475 55 22 Diu
764 1474 28 22 lu
803 1474 119 22 timori...

599 1545 72 23 Tutti
681 1546 38 21 sti
729 1544 70 22 virtù
809 1550 133 19 cunserva,

596 1578 82 29 Eppo’
687 1578 66 22 dalli
764 1579 28 21 in
804 1578 113 21 iriserva

596 1613 23 21 A
632 1612 85 22 l’altri
729 1611 100 28 quande
841 1612 28 21 tu
881 1610 84 22 moril

582 1657 20 22 A
614 1657 8 21 i
633 1656 108 29 chiughij
763 1655 72 30 quelli
850 1655 24 21 di
886 1661 13 15 a
913 1660 61 16 nova
988 1660 39 22 ge-

554 1691 132 26 nerazione,
695 1697 42 22 per
748 1689 90 22 metteli
849 1689 23 21 in
885 1687 99 30 guardia
997 1687 28 21 da

554 1725 7 21 i
575 1724 69 22 tàruli
659 1723 107 22 cittadini
780 1730 13 14 e
804 1722 125 22 stranieri:

596 1764 137 22 Zitidâuci
746 1763 28 21 di
784 1763 115 27 criailla,

595 1798 36 21 Di
644 1798 110 21 Corsica
766 1796 26 22 la
802 1798 153 25 speranza...

728 1867 52 22 deti
791 1866 121 28 esempiu,

594 1901 23 22 A
632 1901 85 21 Cirnu
729 1900 76 28 al^eti
818 1905 35 16 un
865 1900 96 26 tempiu

594 1934 113 21 D’onori
716 1939 75 21 sen^a
802 1938 126 21 macagna

594 1967 23 21 E
627 1966 73 23 virtü
712 1967 30 21 di
752 1965 22 22 li
783 1966 140 27 campagni
933 1965 9 21 !

724 2036 113 28 Quandu
849 2035 102 21 chiama

594 2070 36 22 La
641 2071 60 21 voci
712 2070 29 21 di
752 2076 16 15 a
779 2071 88 20 vostra
878 2074 119 19 mamma,

596 2103 73 23 Tutti
678 2104 62 21 ritti
748 2109 76 23 sen^a
836 2102 79 29 lagni,

594 2137 98 22 Muriti
701 2136 44 29 pa’
756 2138 11 20 i
776 2136 39 22 so’
825 2136 137 28 campagni
968 2135 10 21 !

581 2178 93 30 Èccuci,
688 2182 23 20 in
723 2181 58 21 rime
792 2180 150 26 addulurate,
955 2179 70 23 l’esa-

553 2222 37 15 rae
608 2215 23 21 in
646 2215 105 28 detagliu
769 2214 23 21 di
804 2221 13 14 e
831 2213 89 29 grande
938 2213 86 29 piaghe

553 2249 25 21 di
590 2248 158 22 Cursiehella.

581 2282 20 22 U
613 2282 156 29 palriamenlu
781 2288 13 15 e
806 2289 14 14 u
832 2281 85 23 scordu
925 2288 6 16 :

579 2321 22 22 E
608 2322 26 21 si
641 2321 146 25 almenu,da
798 2321 86 22 Cirnu
894 2321 120 26 luntanu,

582 2355 28 21 Li
616 2355 153 21 cunsirvavi
775 2356 70 20 tuttu
852 2354 28 22 lu
888 2354 33 22 to’
926 2360 46 16 cor
972 2355 39 21 U..

552 2425 46 22 Ma
610 2426 28 20 tu
647 2424 106 28 rineghi
761 2426 109 25 passatu
882 2431 13 14 e
901 2424 124 27 prisentil

594 2494 75 26 Ebb'e,
681 2494 43 22 stà
736 2500 15 15 a
762 2495 82 25 senta,
859 2494 79 22 unn’a
944 2496 81 26 possa

922 2528 102 27 piattà:

556 2561 39 22 Un
603 2561 85 22 Corsu
696 2560 50 23 tali
752 2560 13 21 è
771 2561 113 27 indegnu
892 2561 28 21 di
924 2562 101 27 campai

553 2612 14 15 a
581 2605 101 22 nefanda
698 2605 102 22 Pulitiea
809 2613 6 13 :

594 2645 23 21 E
627 2646 54 25 noi,
694 2651 74 16 cume.
776 2646 128 24 muntoni,

598 2678 39 22 U11
648 2681 106 25 sapemu
766 2678 44 22 che
821 2678 63 22 bilà.

597 2711 39 22 Cu
649 2711 21 22 li
680 2718 34 16 no
715 2717 14 16 s
730 2713 37 20 tri
778 2712 125 22 divisioni

594 2744 121 23 Lascemu
724 2744 34 28 fà
772 2751 13 15 e
800 2744 79 29 disfà.

1058 140 13 14 a
1084 132 96 22 Libéria
1193 139 69 21 persa
1272 139 5 19 ;
1294 138 13 14 u
1320 131 85 22 scordu
1420 131 23 21 di
1456 130 64 22 l’anli
1524 142 7 4 -

1059 165 38 21 chi
1111 165 48 21 eroi
1168 172 5 13 :

1099 203 76 21 Duva
1186 205 85 25 seti;o
1284 202 124 25 antenali,

1144 235 39 21 Cu
1197 235 22 21 li
1229 235 77 27 misgi
1317 241 12 14 e
1342 234 21 22 li
1370 234 90 28 piloni
1466 234 11 21 ?

1102 267 87 28 Quilli
1204 269 28 21 di
1244 268 135 26 Sampieru
1396 267 92 24 Corsu,

1141 299 22 21 E
1174 299 30 21 di
1216 307 16 15 u
1241 299 79 29 grau’
1331 300 30 21 de
1372 298 117 23 Pauloni
1494 297 12 22 ì

1098 367 32 21 In
1136 367 90 27 fondu
1241 368 27 22 di
1279 373 15 15 a
1306 368 86 20 vostra
1404 366 86 22 tomba

1144 399 52 21 Chi
1207 399 75 23 unn’è
1293 400 54 20 mai
1352 399 97 28 Jiurita

1099 432 36 21 Ne
1148 432 88 23 duviii
1246 439 45 15 ave
1303 432 117 22 russori!

1057 475 20 21 A
1089 478 83 19 natura
1184 476 114 23 s’attrista
1311 482 28 15 cu
1353 482 13 14 u
1379 478 81 26 pueta:

1098 514 22 21 A
1128 514 108 28 furesta
1248 515 114 27 suspira,

1098 547 202 29 Murmureghja
1311 547 27 23 lu
1345 548 95 29 fiujnu-,
1452 560 9 10 r
1469 560 12 12 r,
1510 560 4 4 ■

1102 580 24 21 U
1134 580 52 22 soit
1198 582 25 20 si
1234 582 83 21 ritira

1098 612 23 21 E
1132 613 34 21 da
1174 613 51 28 più
1235 616 69 25 pocu
1317 613 72 23 lumu
1398 614 9 20 !

1058 662 12 14 e
1082 655 104 29 l’ingrati
1202 657 84 29 figlioli
1299 664 30 15 un
1344 658 20 21 si
1379 664 29 15 ne
1423 664 107 22 sgumen-

1059 691 55 19 lanu
1123 696 5 14 :

1098 728 46 21 Ma
1156 730 30 21 ni
1187 735 45 16 mu
1245 727 60 24 h’iîa
1315 731 122 27 primura
1445 737 10 21 ;

1098 761 16 21 I
1125 762 33 21 io'
1170 763 103 27 suspiri
1284 770 12 14 e
1306 764 96 27 pianti,

1096 801 15 20 I
1121 795 124 29 piglianu
1258 798 52 25 par
1320 798 89 21 cantil

1084 840 47 20 San
1139 839 101 29 Jorghiu
1250 840 30 22 ha
1288 848 59 15 ancu
1359 848 29 15 un
1400 842 68 22 trislu
1477 848 53 22 pen-

1057 878 52 15 sere
1117 879 42 21 per
1168 875 60 20 lutte
1235 880 13 15 e
1258 874 94 22 veccliie
1362 881 54 15 cose
1427 875 104 22 rilascia-

1058 907 30 24 te,
1101 911 41 22 per
1153 906 7 21 i
1172 906 56 22 boni
1241 913 42 17 eus
1285 910 23 19 tu
1311 908 30 22 mi
1355 908 23 21 in
1386 908 143 29 perdizione,

1058 945 41 21 per
1110 945 16 15 u
1137 940 174 28 scunvpjmentu
1326 941 24 21 di
1365 941 164 23 l’alberatura:

1101 977 100 30 Taglia,
1212 981 106 26 spianta
1331 981 154 22 abbandona

1098 1011 36 22 La
1145 1019 113 16 mamma
1271 1014 42 22 chi
1319 1015 53 21 t’ha
1384 1015 135 23 allaitatul

1097 1045 98 29 Lampa
1208 1048 27 20 in
1243 1047 71 22 terra
1324 1055 14 14 a
1347 1048 39 22 so’
1394 1054 109 20 curona,

1097 1078 176 29 Figliulacciu
1285 1083 75 20 tantu
1371 1082 116 28 ingratu,

1097 1112 23 21 E
1127 1113 126 28 ghiettati
1264 1114 38 22 ’ne
1314 1114 135 30 l’infernu,

1100 1145 45 27 Tu,
1159 1148 28 21 in
1198 1149 129 26 paradisu
1340 1150 80 21 natul

1056 1196 43 22 per
1109 1190 160 24 l’abbandonu
1281 1193 22 21 di
1316 1193 7 21 i
1334 1193 53 22 sani
1400 1193 76 23 lavori
1484 1201 6 13 :

1100 1230 84 23 Cardi
1201 1238 12 15 e
1232 1232 110 28 mucchj,
1365 1233 116 28 lamaghj
1497 1239 31 16 cu

1399 1268 126 25 mareddi,

1058 1297 53 21 Che
1117 1300 76 26 coppj
1204 1300 67 22 rotti
1276 1300 89 28 épefâi
1372 1300 29 22 di
1406 1300 125 28 cunceghj

1054 1329 22 22 E
1082 1330 28 22 lu
1119 1333 127 27 castagnu
1252 1333 112 28 tagliatu
1370 1334 157 21 inmuseddi.

1097 1401 73 22 Guai
1180 1403 30 21 in
1221 1409 37 16 un
1270 1405 102 24 cantu,e
1384 1405 29 20 in
1426 1403 101 23 Valtru:

1385 1437 130 28 sfatteghj
1519 1438 10 20 !

1081 1479 98 22 Simonu
1195 1480 24 22 di
1235 1481 47 22 San
1296 1481 110 29 Jorghiu,
1427 1484 51 20 cusi
1495 1484 33 19 at-

1055 1513 89 21 tristitu
1157 1513 30 22 da
1200 1514 7 21 i
1220 1515 60 21 tanti
1291 1522 13 14 e
1317 1515 58 21 tanti
1388 1515 104 22 malanni
1505 1515 23 22 di

1053 1554 14 14 a
1083 1547 76 28 palria
1178 1551 89 24 amata,
1290 1551 66 19 trova
1376 1551 152 26 quantunque

1054 1581 55 27 ogni
1120 1583 66 19 tantu
1198 1588 30 15 un
1238 1581 131 27 deriyativu
1379 1582 55 21 inde
1444 1589 12 14 a
1466 1582 61 22 bella

1053 1614 148 22 descrizione
1212 1615 24 21 di
1249 1623 13 14 a
1275 1618 91 19 natura.
1382 1615 84 27 Canta,
1478 1616 50 28 pia-

1053 1648 90 26 cevule,
1160 1648 7 21 i
1181 1648 36 22 so’
1230 1649 111 29 rughioni
1356 1656 27 15 cu
1399 1649 7 21 i
1418 1649 35 22 so’
1465 1649 61 26 fîori,

1054 1688 14 14 u
1082 1681 35 22 so’
1131 1681 64 22 bellu
1211 1682 53 22 sole
1283 1689 13 14 e
1312 1689 60 15 ancu
1391 1682 7 22 i
1415 1683 36 21 so’
1462 1683 65 28 jorni

1052 1715 133 22 d’invernu.

1053 1769 4 4 .
1079 1749 39 21 Ma
1132 1749 132 29 s’arreghie
1279 1752 133 26 sopraluttu
1428 1756 70 22 sopra
1513 1757 13 14 u

1052 1782 40 29 più
1102 1783 63 21 bellu
1174 1786 122 26 suggettu,
1304 1791 13 14 u
1328 1783 40 29 piu
1377 1790 79 20 corsu,
1464 1791 14 14 u
1487 1783 39 29 più

1052 1816 124 23 ludevule:
1201 1817 99 23 l’amore
1319 1817 23 22 di
1357 1825 13 14 a
1390 1824 63 20 casa,
1475 1817 24 22 di
1513 1824 12 15 a

1052 1850 116 29 fàmiglia.

1079 1883 118 23 Parlendu
1206 1884 20 22 a’
1236 1884 90 29 fìgliola
1337 1885 161 22 alluntanala:

1092 1923 43 21 Ed
1143 1925 43 19 eiu
1198 1929 29 15 so
1241 1924 15 20 d
1268 1930 17 15 u
1294 1924 74 27 focu,

1095 1956 147 21 Carissima
1248 1956 116 28 figliola,

1093 1989 121 21 Accort’a
1226 1989 28 21 la
1265 1989 35 23 to’
1310 1996 111 16 mamma

1093 2022 22 21 E
1126 2029 54 15 nun
1194 2023 73 21 dimu
1276 2023 103 28 parola.

1092 2057 23 20 A
1129 2062 61 15 casa
1200 2057 65 26 pari
1276 2056 72 23 biota

1093 2089 89 23 Nienti
1194 2091 25 20 ci
1231 2090 108 22 cunsola
1349 2091 9 21 !

1051 2128 20 22 a’
1089 2128 35 22 so’
1143 2135 134 22 cumpagna
1297 2129 86 22 ch’ellu
1402 2132 52 20 tene
1470 2130 54 22 d’un

1051 2168 80 16 amore
1142 2162 49 22 mai
1202 2162 126 29 atlepidilu
1337 2170 6 14 :

1095 2203 95 27 Quista
1200 2204 89 26 prima
1300 2203 109 23 viuletta

1095 2235 64 23 Cusï
1172 2236 84 22 béddh
1271 2243 12 14 e
1292 2237 163 28 profumata,

1095 2269 83 28 Oghie
1189 2271 39 20 mi
1239 2270 12 21 'e
1262 2272 70 20 stata
1344 2272 92 26 offerta

1093 2303 40 22 Da
1146 2303 26 21 la
1184 2303 49 21 me’
1243 2306 143 27 cumpagna
1401 2307 94 21 amata.

1091 2370 161 22 Dicendumi
1256 2377 9 15 :

1091 2404 23 21 A
1129 2405 22 21 ti
1162 2404 70 27 dogu
1244 2410 67 16 corne
1318 2407 85 26 prova

1095 2437 52 22 Che
1157 2437 80 22 i’amu
1248 2437 47 28 piü
1307 2438 161 29 ch’arimani,

1091 2470 23 22 E
1126 2471 111 22 dumani
1248 2471 187 30 d’avantaghiu

1090 2504 23 21 E
1123 2505 99 27 sempri
1234 2504 49 28 più
1297 2505 185 30 t’amaraghiu.

1076 2543 26 22 In
1116 2543 78 26 finale,
1204 2544 97 28 quaichi
1313 2546 153 22 eanzuneella
1478 2545 46 22 d’a-

1051 2583 73 21 more,
1135 2577 100 22 serinati
1247 2578 24 21 di
1283 2578 103 27 Pelrelu,
1397 2586 14 14 u
1422 2579 35 22 so’
1469 2586 56 15 caru

1050 2617 71 22 paese
1139 2611 89 21 ch’ellu
1247 2611 52 22 dice
1312 2618 29 16 un
1354 2612 56 22 vulè
1424 2613 48 21 mai
1483 2613 41 28 più

1050 2644 84 22 lascià.

1078 2677 35 22 Un
1129 2678 21 21 ci
1165 2677 184 29 allungheremu
1366 2679 40 28 più
1427 2679 23 22 in
1467 2679 58 22 allre

1050 2711 118 26 citazioni,
1183 2711 97 28 perché,
1298 2712 57 28 ogni
1368 2715 96 19 sunetlu
1478 2719 48 15 ine-

1050 2744 120 22 riterebbe
1181 2751 32 14 un
1226 2750 115 21 accennu,
1357 2752 13 15 e
1381 2745 37 22 ciò
1430 2745 95 23 ferebbe

1627 137 27 47 U
1683 138 201 46 Problema
1909 136 38 46 di
1971 150 20 32 e
2014 135 218 47 Ninuranze
2251 136 206 53 Naziunale

1586 246 20 19 U
1613 244 51 25 sgiô
1671 244 50 20 Mot
1723 246 33 20 ta,
1769 242 139 25 cunsigliere
1914 241 112 25 fédérale,

1558 274 139 23 rappurtore
1702 271 26 19 di
1732 277 15 13 a
1753 276 37 14 scs
1790 273 26 17 ta
1823 269 160 21 cummissione
1988 269 40 23 pù’

1559 306 16 14 a
1584 299 116 25 qiiistione
1708 298 27 20 cli
1740 304 12 13 e
1757 297 144 23 minuranze,
1911 296 26 20 di
1944 303 15 13 u
1968 302 60 18 qua-

1558 327 23 20 le
1588 333 15 14 u
1612 326 137 24 magistrale
1757 327 120 23 rapportu,
1891 324 113 20 aduttatu
2011 330 16 14 a

1558 354 49 20 l’un
1608 360 32 14 an
1641 354 67 19 imita
1716 354 24 18 a’
1748 352 84 21 seduta
1841 353 27 19 di
1875 358 16 14 a
1901 352 92 20 Società
2001 352 28 19 di

1557 388 13 13 e
1578 381 105 21 Nazione
1691 380 28 20 di
1726 387 15 13 u
1749 380 29 20 3o
1785 380 124 20 settembre
1920 380 60 24 ig3o,
1994 379 32 20 ha

1557 408 152 25 cumplettatu
1724 414 43 13 cun
1777 413 46 14 une
1828 407 76 25 poche
1912 407 26 20 di
1945 407 81 20 rimar-

1557 436 50 22 che,
1615 436 62 24 fatte
1685 436 33 19 da
1727 442 15 13 a
1751 435 95 20 tribuna
1860 441 15 13 a
1888 441 16 13 u
1912 435 34 19 so’
1959 441 68 13 nome

1555 463 133 25 persunalc,
1698 469 16 13 u
1722 465 113 22 rapportu
1842 462 28 19 di
1876 468 16 14 a
1897 468 37 14 ses
1934 465 26 17 ta
1965 468 61 14 cum-

1558 491 115 20 missione.

1583 518 145 22 St’additivu
1744 518 172 25 semi-ufficiosu
1932 519 13 19 è
1960 520 66 18 statu

1555 550 101 22 passatu
1669 549 64 19 sottu
1747 546 100 21 silenziu
1860 546 33 20 da
1907 553 16 13 a
1931 549 95 21 stampa

1555 575 114 24 france.se,
1679 581 17 13 a
1709 574 70 25 quale
1793 574 61 19 d’ait
1853 574 72 19 ronde
1938 573 88 21 unn'ha

1558 602 124 20 accinnatu
1691 608 16 13 a
1714 608 15 13 u
1737 603 112 23 rapportu
1857 603 74 18 stessu
1937 601 42 20 che
1984 604 44 21 per

1557 632 69 18 mette
1634 630 25 19 in
1672 629 52 20 luce
1737 629 190 20 l’intervenzione
1941 628 86 21 restrit-

1558 658 50 19 tiva
1616 657 26 20 di
1649 656 102 21 Briand.

1585 685 87 21 Grazia
1681 692 16 12 a
1706 685 54 22 Diu,
1770 691 48 14 una
1827 690 72 14 manu
1914 684 77 20 arnica
2006 684 22 20 ci

1557 713 33 20 ha
1600 713 146 21 indirizzatu
1759 719 15 13 u
1789 717 11 11 «
1809 712 103 20 Journal
1918 712 29 20 de
1957 713 70 20 Genè-

1558 746 44 15 ve»
1613 741 26 20 di
1645 747 16 14 u
1667 741 162 24 prim’ottobre
1833 747 9 16 ;
1851 740 25 20 in
1884 746 13 14 s
1897 742 24 18 tu
1930 746 97 14 numeru

1558 769 115 25 cugliemu
1686 772 40 17 stu
1742 769 76 20 branu
1832 768 121 25 éloquente
1969 768 28 20 di
2011 774 16 14 u

1558 798 104 20 discorsu
1669 798 28 20 di
1705 804 15 13 u
1728 797 139 25 cunsigliere
1874 797 76 20 Motta
1956 803 8 13 :

1581 842 9 11 «
1596 837 25 17 Le
1630 836 36 18 fait
1673 836 77 18 saillant
1757 837 24 17 de
1789 836 63 18 toutes
1860 839 36 14 nos
1908 834 119 19 discussions

1558 862 37 17 m’a
1604 862 72 17 semblé
1682 861 41 18 être
1728 860 130 19 l’affirmation
1863 860 89 18 nouvelle
1956 861 20 17 et
1981 864 46 13 una-

1557 886 53 18 nime
1618 887 25 17 du
1651 887 75 22 respect
1734 886 25 18 dû
1768 886 10 18 à
1786 886 19 17 la
1814 886 87 22 religion,
1910 885 11 18 à
1926 885 18 18 la
1949 885 77 22 langue,

1557 912 11 17 à
1575 912 19 17 la
1602 912 75 17 culture
1685 912 35 17 des
1728 911 107 18 minorités.
1844 911 26 17 Le
1883 910 96 23 problème
1991 910 36 18 des

1557 937 101 18 minorités
1666 938 49 17 n’est
1723 941 33 18 pas
1764 941 27 13 un
1799 936 97 23 problème
1905 940 90 18 passager
2008 936 20 18 et

1558 962 117 22 transitoire,
1684 962 14 17 il
1708 963 30 17 est
1745 962 119 22 permanent.
1869 961 50 18 C’est
1926 961 12 17 à
1942 965 22 13 ce
1972 961 54 21 titre,

1557 988 81 21 surtout,
1647 987 46 23 qu’il
1703 987 94 18 intéresse
1804 987 19 17 la
1831 986 45 23 paix
1883 987 26 17 du
1917 986 75 18 monde.
2001 986 26 18 La

1557 1012 87 18 doctrine
1654 1013 25 17 de
1692 1012 140 18 l’assimilation
1851 1011 136 23 systématique
2007 1012 20 17 et

1557 1038 63 18 forcée
1627 1039 30 17 est
1665 1038 115 18 condamnée
1788 1042 34 17 par
1829 1037 19 17 la
1865 1037 111 18 conscience
1984 1036 42 18 uni-

1556 1064 88 17 verselle.
1653 1063 35 18 Les
1694 1063 86 18 hommes
1789 1063 33 22 qui
1831 1062 85 18 seraient
1929 1062 98 22 empêchés

1556 1090 24 17 de
1588 1089 51 22 prier
1644 1093 24 13 en
1674 1093 88 13 commun
1767 1089 49 17 dans
1820 1089 43 17 leur
1868 1088 70 22 langue
1943 1088 85 18 seraient

1556 1114 29 18 les
1592 1114 90 18 victimes
1691 1114 58 18 d’une
1756 1113 91 23 injustice
1865 1113 118 18 intolérable.
1991 1113 36 18 Les

1556 1139 79 23 langues
1642 1144 25 13 ne
1675 1140 45 17 sont
1727 1143 33 18 pas
1768 1139 108 18 seulement
1883 1139 34 17 des
1925 1138 71 18 formes
2003 1139 24 17 de

1556 1164 133 23 l’expression,
1705 1164 83 18 chacune
1800 1164 66 18 d’elles
1882 1169 12 12 a
1902 1168 34 14 son
1943 1165 82 17 contenu

1556 1190 24 18 de
1587 1190 85 22 pensées,
1681 1190 84 18 chacune
1773 1190 66 17 d’elles
1852 1194 58 13 aune
1925 1189 102 18 substance

1556 1215 106 22 spirituelle
1675 1215 34 22 qui
1722 1215 29 18 lui
1768 1216 29 17 est
1810 1219 75 19 propre.
1898 1215 36 17 Les
1942 1215 85 18 cultures

1555 1238 26 21 né
1589 1242 44 17 sont
1640 1245 34 18 pas
1682 1241 107 18 seulement
1804 1241 81 18 l’oeuvre
1893 1241 33 18 des
1940 1240 86 22 vivants,

1556 1266 47 18 elles
1619 1267 46 17 sont
1679 1267 84 17 l’oeuvre
1778 1267 35 17 des
1829 1267 69 21 morts;
1915 1266 24 18 de
1947 1267 43 17 tous
1998 1266 29 18 les

1557 1292 66 20 morts,
1632 1292 80 18 l’oeuvre
1728 1292 33 17 des
1769 1292 123 22 générations
1901 1292 31 21 qui
1949 1292 79 21 passent

1556 1321 35 13 sur
1597 1317 18 17 la
1625 1317 51 17 terre
1687 1321 48 13 avec
1747 1317 53 17 leurs
1814 1317 110 17 inventions
1941 1317 19 16 et
1973 1316 54 18 leurs

1556 1342 130 21 découvertes,
1693 1342 54 17 leurs
1753 1341 48 23 joies
1811 1342 20 17 et
1838 1341 52 18 leurs
1899 1341 127 21 souffrances,

1555 1366 53 18 leurs
1621 1367 68 17 chutes
1698 1368 20 17 et
1725 1367 53 17 leurs
1787 1366 107 18 élévations
1910 1367 57 17 avant
1976 1366 51 17 d’en-

1556 1393 41 17 trer
1604 1392 47 18 dans
1659 1392 102 18 l’éternité.

1576 1417 26 18 La
1606 1417 74 18 Société
1689 1417 34 18 des
1729 1417 76 18 nations
1815 1422 11 13 a
1832 1416 100 19 contribué
1940 1416 11 18 à
1955 1416 72 18 former

1555 1447 27 13 un
1590 1442 61 23 esprit
1659 1447 96 13 nouveau.
1764 1442 72 22 Certes,
1846 1442 36 18 elle
1899 1447 25 12 ne
1932 1442 46 22 peut
1985 1445 41 19 pas,

1555 1468 38 18 elle
1600 1473 24 13 ne
1632 1469 47 17 veut
1688 1473 34 17 pas
1730 1468 84 22 imposer
1821 1473 26 12 un
1857 1467 72 23 régime
1937 1467 90 18 détermi-

1555 1493 25 18 né
1587 1493 11 17 à
1607 1494 42 17 tous
1657 1494 28 17 les
1694 1493 60 18 Etats.
1762 1493 21 18 Si
1792 1493 37 18 elle
1837 1492 87 18 s’avisait
1932 1493 22 16 de
1963 1493 64 17 tenter

1555 1520 50 16 cette
1613 1518 104 23 entreprise
1725 1518 123 22 chimérique,
1867 1518 37 17 elle
1920 1521 21 14 se
1953 1516 74 19 verrait

1554 1548 81 18 opposer
1642 1548 22 13 ce
1679 1548 38 18 que
1724 1543 25 18 M.
1760 1544 18 17 le
1787 1543 98 22 président
1893 1542 70 18 Briand
1972 1547 11 13 a
1990 1547 37 17 ap-

1554 1569 42 22 pelé
1603 1569 20 17 la
1630 1569 89 22 question
1733 1569 100 22 préalable.
1848 1569 15 16 Il
1880 1569 44 17 n’en
1933 1569 52 16 reste
1992 1572 34 17 pas

1555 1594 62 17 moins
1624 1598 37 18 que
1671 1594 76 22 l’esprit
1754 1598 94 16 nouveau,
1864 1593 48 18 dont
1918 1592 20 23 je
1946 1593 60 21 parle,
2015 1597 11 13 a

1554 1619 42 23 déjà
1604 1620 68 17 trouvé
1680 1624 35 13 son
1723 1619 113 23 expression
1849 1619 94 22 adéquate
1951 1619 47 17 dans
2007 1618 19 18 la

1554 1645 105 17 résolution
1672 1649 37 17 que
1716 1644 124 18 l’Assemblée
1853 1644 92 18 unanime
1956 1648 11 13 a
1980 1643 46 18 voté

1554 1670 18 18 le
1580 1669 22 18 21
1612 1670 107 22 septembre
1727 1669 46 18 1922
1780 1674 24 13 en
1812 1674 33 13 ces
1853 1670 81 17 termes:
1941 1676 4 4 •

1576 1701 10 10 i
1592 1695 132 18 L’Assemblée
1737 1695 85 22 exprime
1842 1695 79 22 l’espoir
1939 1699 37 17 que
1995 1694 30 18 les

1554 1721 53 18 Etats
1614 1721 34 22 qui
1656 1726 25 13 ne
1689 1722 44 17 sont
1741 1721 35 18 liés
1790 1720 90 19 vis-à-vis
1888 1721 25 17 de
1925 1720 19 18 la
1951 1719 74 18 Société

1554 1747 33 17 des
1594 1746 78 18 nations
1680 1751 35 17 par
1722 1751 74 13 aucune
1804 1746 106 23 obligation
1925 1745 62 23 légale
2000 1749 25 13 en

1554 1776 21 13 ce
1583 1772 33 22 qui
1630 1776 92 13 concerne
1738 1772 27 17 les
1783 1771 107 21 minorités,
1900 1771 125 18 observeront

1553 1797 111 22 cependant,
1672 1798 49 17 dans
1728 1797 19 18 le
1754 1797 110 18 traitement
1876 1797 35 17 des
1924 1796 100 18 minorités

1554 1823 23 17 de
1585 1827 50 16 race,
1644 1823 24 17 de
1676 1822 82 22 religion
1766 1827 25 13 ou
1799 1823 25 17 de
1835 1822 76 23 langue,
1920 1827 24 12 au
1960 1821 64 18 moins

1553 1847 19 18 le
1579 1847 60 18 même
1647 1847 59 23 degré
1714 1848 24 17 de
1748 1847 70 23 justice
1827 1848 19 17 et
1854 1848 24 17 de
1886 1847 96 18 tolérance
1990 1846 34 22 qui

1553 1873 30 17 est
1590 1872 55 23 exigé
1653 1877 34 18 par
1695 1873 29 17 les
1734 1873 67 18 traités
1810 1874 20 17 et
1838 1873 54 18 selon
1900 1872 76 18 l’action
1983 1876 42 18 per-

1553 1899 89 17 manente
1649 1898 26 17 du
1684 1898 83 18 Conseil.
1774 1904 9 10 »

1574 1923 36 17 Les
1618 1923 65 17 traités
1692 1923 24 17 de
1722 1923 43 22 paix
1773 1924 34 16 ont
1814 1923 66 18 amené
1885 1923 36 17 des
1927 1922 98 18 modifica-

1553 1948 51 17 tions
1608 1948 125 18 territoriales
1736 1948 143 22 profondes.Ces
1883 1947 141 19 modifications

1552 1973 127 17 territoriales
1689 1974 34 16 ont
1731 1973 76 22 produit
1815 1973 54 18 leurs
1885 1973 139 22 conséquences

1552 2002 38 13 non
1597 1998 64 18 moins
1669 1998 103 22 profondes
1784 2003 35 13 sur
1832 1998 29 18 les
1873 1999 87 21 rapports
1969 1999 55 17 entre

1551 2023 29 18 les
1588 2023 129 22 populations.
1726 2024 15 17 11
1755 2023 42 18 faut
1812 2023 99 19 souhaiter
1922 2028 37 18 que
1966 2023 58 19 l’idée

1552 2049 56 18 d’une
1616 2049 137 18 collaboration
1761 2049 96 18 confiante
1865 2050 20 17 et
1898 2049 61 23 loyale
1970 2050 54 17 entre

1552 2074 28 18 les
1588 2074 96 22 majorités
1693 2076 20 17 et
1720 2075 29 17 les
1757 2074 101 18 minorités
1874 2075 92 18 s’affirme
1982 2076 43 17 tou-

1550 2099 54 22 jours
1613 2100 107 23 davantage
1728 2104 72 14 comme
1808 2105 38 13 une
1860 2100 42 18 idée
1915 2100 109 18 dominante

1551 2125 47 18 dans
1610 2125 20 17 la
1641 2126 93 22 politique
1749 2126 23 17 de
1785 2125 73 23 chaque
1871 2130 53 18 pays.
1942 2125 50 19 C’est
1999 2126 25 18 de

1551 2152 51 17 cette
1608 2151 93 22 politique
1709 2156 36 18 que
1753 2151 74 22 dépend
1835 2152 19 18 le
1862 2152 58 18 salut.
1931 2152 35 18 Les
1975 2156 50 18 gou-

1551 2178 122 17 vernements
1681 2177 35 18 des
1721 2176 53 19 Etats
1783 2177 24 18 où
1816 2182 21 13 se
1845 2178 92 17 trouvent
1944 2178 34 18 des
1985 2178 40 17 mi-

1551 2202 72 18 norités
1631 2203 34 17 ont
1670 2202 70 23 charge
1748 2203 77 17 d'âmes.
1832 2203 30 18 Me
1870 2203 75 18 serai-il
1952 2204 72 22 permis

1551 2228 24 18 de
1581 2232 49 14 vous
1638 2228 49 18 citer
1694 2233 27 13 un
1732 2228 37 18 fait
1778 2228 38 19 très
1824 2229 66 18 récent
1907 2229 33 22 qui
1947 2234 77 13 concer-

1551 2257 25 14 ne
1584 2258 44 13 mon
1633 2258 48 18 pays
1686 2252 9 19 ?

1571 2279 46 18 Bien
1626 2279 110 21 entendu,le
1744 2279 96 22 problème
1848 2280 34 17 des
1891 2279 98 19 minorités
1997 2285 27 14 ne

1551 2308 21 13 se
1579 2308 45 18 pose
1632 2309 33 17 pas
1674 2309 24 13 en
1707 2304 65 18 Suisse
1780 2305 47 17 dans
1835 2305 29 17 les
1881 2305 72 18 mêmes
1960 2306 65 17 condi-

1552 2329 50 18 tions
1609 2330 113 21 qu’ailleurs
1727 2334 6 13 :
1742 2330 18 17 la
1767 2330 62 18 forme
1836 2330 105 18 fédérative
1957 2331 24 18 de
1988 2331 37 18 l’E-

1551 2356 28 17 tat
1586 2360 11 13 a
1605 2355 73 18 facilité
1685 2356 93 17 l’entente
1792 2357 20 17 et
1829 2356 18 18 la
1856 2357 64 17 bonne
1928 2357 98 18 harmonie

1552 2427 30 15 un
1591 2420 103 29 pessimu
1702 2420 114 28 specchiu
1829 2420 23 22 di
1863 2421 95 22 “Grana
1967 2421 58 22 Cor-

1551 2454 50 21 sa”.
1614 2453 36 22 Un
1663 2454 21 21 ci
1695 2453 180 29 allungheremu
1890 2460 46 16 non
1948 2455 40 28 più
2000 2455 24 21 in

1551 2487 55 21 Iode
1615 2493 41 22 per
1665 2494 31 14 un
1706 2489 66 19 tuecà
1784 2494 13 14 a
1807 2487 116 22 mudestia
1936 2487 22 22 di
1967 2487 58 22 l’au-

1553 2522 58 24 tore,
1627 2527 12 14 e
1650 2527 42 21 per
1703 2527 31 14 un
1746 2520 65 22 furzà
1826 2520 8 22 i
1845 2520 79 23 lettori
1939 2527 13 15 a
1966 2521 60 29 l’ap-

1552 2553 76 29 plausi
1638 2553 47 26 chi,
1698 2554 24 21 in
1734 2553 48 22 ’ssu
1795 2554 80 26 modu,
1888 2554 137 29 capileranu

1552 2587 166 21 direttamenle
1732 2594 13 14 a
1759 2587 47 22 San
1818 2587 110 29 Jorghiu,
1943 2595 83 16 nurae-

1553 2620 57 27 rosi,
1623 2621 125 27 spunlanei
1762 2627 13 14 e
1787 2621 113 22 meritali.

1761 2660 23 22 U
1799 2660 198 26 Sampetraccm.

1574 2704 26 22 (1)
1609 2703 76 19 Grana
1693 2704 76 22 Corsa,
1777 2705 71 22 puesïe,
1859 2706 10 17 1
1877 2706 78 18 volume
1963 2707 20 17 di
1991 2706 34 18 f28

1552 2729 75 22 pagine.
1640 2729 71 18 Prezzu
1718 2735 5 13 :
1741 2729 10 18 6
1761 2730 82 18 franchi.
1859 2730 104 23 Stamparia
1977 2732 19 17 di
2009 2732 17 18 A

1552 2754 75 18 Muvra.
1637 2754 85 22 Ajacciu.

2054 240 54 18 entre
2122 240 73 19 Suisses
2209 242 114 22 allemands,
2340 243 76 21 Suisses
2434 248 80 23 français

2054 264 76 19 Suisses
2138 265 75 19 italiens
2222 267 20 17 et
2250 267 77 18 Suisses
2335 268 66 19 latins.
2516 268 3 6 ’

2073 290 23 17 Je
2105 290 69 18 n’aime
2182 296 34 17 pus
2224 291 100 24 beaucoup
2332 297 37 17 que
2378 294 17 17 la
2412 295 68 22 Suisse
2488 303 35 19 soit

2053 314 50 18 citée
2110 319 71 14 comme
2190 321 25 12 un
2224 317 86 21 exemple
2319 322 49 17 pour
2375 319 29 18 les
2412 322 71 23 autres,
2491 331 30 15 car

2053 339 128 23 comparaison
2186 341 41 17 n’es
2230 342 7 16 L
2246 346 34 17 pus
2287 342 159 22 nécessairement
2454 349 61 20 raison

2053 364 48 18 mais
2115 369 64 18 voyez,
2193 367 107 17 mesdames
2317 367 21 17 et
2352 369 110 24 messieurs,
2480 379 41 16 mon

2053 390 68 16 canton
2127 390 167 23 natal,leTcssiujil
2300 396 25 13 ne
2331 394 112 22 compteque
2449 396 72 23 ÎGO.OOO

2053 413 108 23 habitants;
2171 419 37 13 une
2216 415 24 17 de
2249 420 32 14 ses
2289 416 64 18 lâches
2362 420 119 20 essentielles
2494 428 28 16 est

2053 438 22 18 de
2083 439 119 21 représenter
2209 440 112 22 dignement
2329 442 18 17 la
2352 443 76 19 culture
2437 447 85 22 etlalan-

2053 467 36 17 gue
2097 463 100 19 italiennes
2206 465 48 18 dans
2262 466 19 18 la
2294 466 144 21 Confédération
2454 461 68 32 suisse"

2052 488 25 17 La
2089 488 152 24 Confédération,
2250 492 98 21 composée
2357 493 48 18 dans
2418 499 22 13 sa
2453 501 68 18 grande

2052 512 85 23 majorité
2141 514 107 19 d’éléments
2254 517 177 23 germaniques,que
2436 519 24 19 fai
2464 522 58 22 t-elie?

2052 538 41 18 Elle
2100 539 43 17 aide
2155 539 131 20 efficacement
2298 542 19 17 la
2334 542 65 19 Suisse
2413 543 89 24 italienne
2510 551 10 18 à

2052 564 101 18 maintenir
2167 565 18 17 et
2198 566 11 16 à
2223 566 116 23 développer
2352 573 21 13 sa
2386 568 70 23 langue
2472 574 19 17 et
2500 579 20 14 sa

2052 589 29 16 cul
2085 589 48 17 ture.
2142 589 49 18 Dans
2199 595 40 12 une
2247 591 25 17 loi
2281 592 23 17 de
2310 592 51 18 cette
2366 593 67 22 année,
2443 597 31 20 qui
2482 601 39 19 pré-

2052 612 40 18 voit
2100 613 34 17 des
2141 614 125 18 subventions
2274 620 37 13 aux
2320 617 80 17 cantons
2411 622 48 17 pour
2466 622 55 21 l'ins-

2053 637 82 18 truction
2143 638 97 22 primaire,
2250 640 37 17 elle
2293 645 11 12 a
2309 641 77 18 accordé
2395 643 33 18 des
2437 646 83 22 subsides

2052 662 96 22 spéciaux,
2156 664 146 22 exceptionnels,
2310 670 38 13 aux
2356 665 60 20 écoles
2424 670 95 24 primaires

2053 688 32 17 des
2093 687 76 22 régions
2177 688 109 19 italiennes.
2295 690 49 17 Dans
2353 695 21 13 sa
2386 692 68 21 séance
2461 698 58 20 d’hier

2052 711 22 19 29
2080 713 111 22 septembre,
2199 714 19 17 le
2232 714 75 18 Conseil
2321 715 72 19 fédéral
2401 722 10 13 a
2424 720 65 22 décidé
2496 727 22 16 de

2052 738 103 17 soumettre
2162 738 11 17 à
2180 738 122 19 l’Assemblée
2310 739 82 20 fédérale
2400 747 27 14 un
2435 750 82 20 message

2052 763 19 16 et
2078 763 35 17 des
2122 763 125 22 propositions
2254 768 48 18 pour
2310 766 88 18 accorder
2405 773 24 14 en
2435 774 52 18 outre
2494 781 22 14 au

2052 787 68 18 Tessin
2135 793 37 13 une
2183 788 116 19 subvention
2308 791 90 19 annuelle
2406 798 46 17 pour
2458 798 18 18 la
2488 802 22 18 dé

2053 811 54 19 fense
2114 813 24 18 de
2143 818 20 13 sa
2171 814 74 18 culture
2253 815 21 17 et
2282 815 23 17 de
2314 819 21 13 sa
2343 815 76 24 langue.
2436 821 22 19 Et
2469 808 49 34 vo'C"

2052 837 28 17 les
2088 838 74 21 paroles
2170 838 31 22 qui
2210 839 106 18 terminent
2326 844 21 14 ce
2356 832 161 34 messageadrJS

2052 862 11 17 à
2068 862 119 19 l’assemblée
2196 864 84 18 fédérale
2286 869 5 13 :
2488 856 29 16 SSe

2074 893 9 11 «
2089 887 55 19 Ainsi
2152 893 35 17 que
2194 894 51 13 vous
2251 894 57 13 aurez
2316 895 25 17 pu
2350 895 48 16 vous
2404 899 21 14 en
2430 902 75 18 couvain

2052 917 31 13 cre
2097 918 25 12 au
2134 918 54 13 cours
2201 914 24 18 de
2239 915 56 17 notre
2308 917 75 23 exposé,
2391 919 18 19 le
2424 913 90 31 problème"

2052 937 125 24 linguistique
2193 940 21 17 et
2229 940 83 18 culturel
2330 941 25 17 du
2369 943 63 22 Tessin
2440 953 24 15 ne
2471 955 43 15 neuf

2052 962 41 19 être
2109 964 55 18 traité
2176 964 52 18 selon
2243 965 29 18 les
2287 964 61 23 règles
2364 970 108 23 ordinaires-
2487 978 27 17 les

2052 988 92 19 autorités
2156 989 93 19 fédérales
2262 995 26 13 ne
2304 991 19 17 le
2338 992 109 25 résoudront
2462 1002 54 20 qu’en

2052 1013 88 23 agissant
2146 1019 45 14 avec
2199 1020 38 13 une
2246 1016 71 22 grande
2330 1016 75 24 largeur
2411 1022 25 18 de
2442 1029 48 15 vues
2497 1028 20 17 et

2053 1044 47 13 avec
2115 1040 19 18 le
2144 1040 103 19 sentiment
2261 1042 23 17 de
2296 1041 19 18 la
2329 1042 95 21 solidarité
2432 1047 79 22 fédérale

2052 1064 27 18 En
2086 1069 23 14 ce
2117 1065 76 22 faisant,
2202 1071 40 13 non
2248 1067 109 18 seulement
2364 1073 48 14 vous
2423 1065 96 32 accompli!

2053 1094 31 14 rez
2092 1095 26 13 un
2127 1091 40 18 acte
2175 1092 23 17 de
2205 1091 72 23 justice
2290 1092 11 18 à
2309 1092 72 23 l’égard
2389 1094 24 18 de
2429 1096 19 18 la
2455 1097 64 22 Suisse

2052 1115 100 23 Italienne,
2161 1121 47 14 vous
2216 1118 94 18 donnerez
2317 1123 24 13 au
2350 1119 69 18 monde
2427 1125 26 14 un
2461 1127 60 16 exem-

2052 1141 31 22 ple
2091 1142 24 18 de
2123 1143 125 22 perspicacité
2262 1143 94 23 politique
2363 1145 12 17 à
2387 1145 73 23 l’égard
2468 1149 53 20 d’une

2052 1166 96 23 minorité,
2156 1168 47 18 mais
2211 1173 49 13 vous
2268 1168 52 19 ferez
2328 1174 72 17 preuve
2408 1171 24 18 de
2448 1176 73 19 sagesse

2053 1196 69 15 envers
2136 1193 18 18 le
2166 1198 46 18 pays
2228 1195 42 17 tout
2279 1195 63 18 entier
2349 1196 47 18 dont
2404 1197 19 17 la
2440 1197 81 21 destinée

2053 1218 30 17 est
2090 1217 119 20 intimement
2216 1219 38 19 liée
2261 1220 11 18 à
2281 1221 47 18 celle
2336 1221 24 18 de
2368 1226 35 14 nos
2410 1224 111 21 compatrio-

2053 1244 29 17 tes
2090 1244 25 17 du
2124 1244 64 18 Tessin
2194 1251 18 12 ».

2073 1269 16 17 11
2096 1269 35 18 m’a
2139 1274 46 17 paru
2192 1275 38 18 que
2236 1276 22 14 ce
2262 1271 37 19 fait
2304 1272 85 18 méritait
2397 1273 60 18 d’être
2462 1274 59 22 signa-

2052 1294 24 20 lé,
2092 1299 32 13 car
2131 1294 14 18 il
2158 1296 52 21 parle
2218 1296 18 17 le
2244 1297 82 23 langage
2333 1298 18 17 le
2368 1299 43 21 plus
2421 1301 99 22 persuasif,

2052 1319 51 17 celui
2110 1319 33 21 qui
2151 1321 40 16 sort
2198 1321 35 17 des
2242 1322 99 18 entrailles
2353 1324 33 17 des
2395 1323 75 22 choses,
2483 1326 19 17 et
2509 1327 12 18 il

2052 1344 84 21 indique,
2145 1345 11 17 à
2163 1345 100 19 l’occasion
2272 1347 46 18 d'un
2327 1348 56 18 débat
2397 1353 35 13 sur
2448 1349 28 18 les
2484 1355 38 18 rap-

2052 1370 52 21 ports
2112 1371 54 17 entre
2173 1371 87 22 majorité
2267 1373 21 17 et
2295 1373 97 22 minorité,
2407 1379 38 18 que
2452 1376 19 17 le
2479 1376 43 18 der-

2052 1394 42 18 nier
2101 1396 40 17 mot
2148 1396 48 18 delà
2204 1397 122 23 philosophie
2335 1399 94 23 politique
2438 1401 19 17 et
2469 1401 54 20 d’une

2052 1419 90 19 humaine
2149 1425 75 19 sagesse
2233 1424 30 16 est
2270 1423 20 18 la
2297 1424 100 18 solidarité
2405 1426 49 18 dans
2462 1427 19 17 la
2489 1427 35 18 fra-

2053 1445 76 18 ternité.
2137 1452 8 11 *

2077 1479 138 23 Senz’alcun
2225 1487 139 17 cummentu.
2374 1486 72 20 unn’è
2454 1493 40 14 ver
2494 1488 28 20 a?

2076 1508 20 19 A
2111 1511 39 17 sta
2164 1516 55 14 vera
2243 1511 151 24 requisitoria
2409 1517 81 18 contru
2505 1523 16 13 a

2051 1537 210 22 centralizzazione
2274 1540 156 25 imperialista
2443 1550 13 13 e
2468 1544 51 24 gia-

2051 1564 93 23 cubina,
2162 1572 15 13 u
2190 1569 108 18 senatore
2320 1570 118 21 canadese
2461 1572 57 21 Cha-

2048 1592 57 23 pais
2111 1592 33 21 ha
2151 1594 59 21 datu
2218 1595 139 26 fappoghiu
2370 1598 27 21 di
2408 1601 37 18 ste
2457 1604 61 17 corte

2050 1620 148 25 spiegazione
2202 1629 9 14 :

2073 1655 29 17 «n
2111 1661 13 17 y
2131 1657 51 18 avait
2189 1658 19 18 là
2215 1663 39 14 une
2268 1660 61 21 petite
2342 1662 69 17 nation
2424 1663 94 22 française

2050 1681 19 16 et
2077 1681 108 23 catholique
2192 1684 35 22 qui
2235 1685 74 21 passait
2317 1689 47 15 sous
2372 1686 18 18 la
2404 1688 114 20 domination

2050 1705 57 19 d'une
2115 1707 98 22 puissance
2220 1710 86 22 anglaise
2315 1712 21 16 et
2348 1713 124 20 protestante.
2484 1715 33 18 Les

2050 1731 103 20 difficultés
2161 1734 24 17 du
2193 1735 60 18 début
2265 1737 71 21 purent
2348 1736 41 19 être
2403 1739 84 21 aplanies
2497 1743 19 16 et

2049 1761 26 13 un
2087 1758 87 18 meilleur
2187 1761 61 21 esprit
2260 1761 47 18 finit
2321 1766 35 17 par
2369 1763 101 21 prévaloir.
2483 1766 33 18 Les

2050 1781 104 21 Canadiens
2161 1785 83 21 français
2252 1788 34 16 ont
2290 1786 37 18 fini
2333 1792 35 17 par
2375 1788 76 19 obtenir
2463 1791 23 18 de
2497 1792 18 17 la

2050 1808 103 23 métropole
2160 1810 28 18 les
2196 1811 43 22 plus
2247 1811 62 23 larges
2325 1812 108 20 franchises
2447 1817 19 16 et
2479 1821 36 14 une

2049 1834 108 19 autonomie
2164 1840 81 19 presque
2253 1837 81 19 entière.
2342 1838 17 18 Il
2367 1844 12 18 y
2386 1844 13 13 a
2406 1845 38 14 une
2456 1842 58 18 mino-

2050 1858 36 18 rité
2094 1860 84 22 anglaise
2185 1862 48 18 dans
2241 1862 19 18 la
2268 1864 94 20 province
2374 1865 23 18 de
2410 1865 73 22 Québec
2494 1869 19 17 et

2050 1884 33 18 des
2091 1885 99 19 minorités
2198 1887 107 22 françaises
2315 1889 47 18 dans
2368 1890 28 18 les
2404 1892 63 18 autres
2474 1897 40 18 pro-

2050 1910 73 18 vinces.
2132 1911 57 19 Grâce
2202 1917 24 13 en
2242 1913 61 19 bonne
2319 1915 76 21 partie.à
2402 1917 74 18 l’action
2486 1919 25 16 -de

2050 1935 28 17 sir
2086 1935 69 19 Robert
2163 1937 89 23 Borden,*
2259 1944 27 13 un
2300 1940 61 22 esprit
2373 1941 96 19 d’amicale
2480 1947 31 13 en-

2050 1961 52 17 tente
2110 1961 58 23 règne
2176 1967 34 13 sur
2217 1964 19 17 le
2245 1964 99 19 territoire
2352 1965 23 18 de
2382 1966 20 18 la
2407 1967 106 18 confédéra-

2050 1985 40 18 tion
2098 1988 121 18 canadienne.
2227 1989 26 18 La
2261 1990 91 18 minorité
2362 1991 78 22 possède
2451 1993 61 17 toutes

2048 2011 28 17 les
2084 2013 96 21 garanties
2188 2019 23 13 en
2220 2019 22 14 ce
2251 2015 33 22 qui
2292 2020 92 14 concerne
2393 2021 20 13 sa
2420 2017 68 22 langue
2495 2020 19 15 et

2048 2041 22 13 sa
2078 2037 103 23 religion.»

2064 2103 150 28 Compagnie
2228 2107 32 21 de
2276 2107 116 24 Chemins
2406 2108 32 22 de
2454 2109 47 22 Fer
2510 2109 5 4 ’

2167 2137 231 26 Départementaux

2104 2161 128 29 RÉSEAU
2244 2169 43 22 DE
2297 2170 46 21 LA
2359 2170 101 22 CORSE

2049 2210 167 21 Modifications
2222 2214 28 17 de
2255 2214 25 18 la
2287 2214 92 19 Marche
2388 2215 39 19 des
2436 2216 80 19 Trains

2049 2236 143 25 Périodiques
2204 2240 63 17 entre
2279 2239 67 19 Calvi
2356 2242 23 17 et
2390 2241 126 20 Ile-Rousse

2070 2279 27 18 La
2110 2280 114 24 Compagnie
2234 2286 12 13 a
2258 2282 103 19 l’honneur
2374 2284 114 19 d’informer
2499 2285 18 18 le

2049 2305 67 18 Public
2124 2310 42 18 que,
2174 2311 11 13 a
2190 2307 64 23 partir
2261 2307 26 18 du
2301 2309 27 17 15
2340 2308 72 19 Octobre
2427 2310 60 22 1930,
2498 2311 19 17 et

2050 2335 24 13 en
2080 2331 65 18 raison
2153 2332 25 17 du
2185 2332 127 23 changement
2317 2334 25 18 de
2347 2335 73 18 service
2426 2336 34 18 des
2465 2340 53 14 cour-

2050 2356 48 17 riers
2105 2357 109 22 maritimes,
2223 2358 20 18 la
2251 2359 77 18 marche
2341 2360 35 18 des
2383 2361 63 18 trains
2453 2361 65 22 pério-

2050 2381 66 22 diques
2125 2383 53 17 entre
2184 2382 128 20 Ile-Rousse
2321 2386 20 16 et
2354 2384 66 20 Calvi
2433 2390 44 14 sera
2490 2387 29 17 ré-

2050 2407 99 22 organisée
2156 2408 23 17 de
2185 2408 19 17 la
2212 2408 53 21 façon
2274 2410 91 18 suivante
2371 2416 5 12 :

2072 2432 18 18 1'
2100 2441 22 4 —
2130 2433 25 17 Le
2162 2433 51 18 train
2220 2434 112 23 périodique
2338 2436 24 17 N-
2371 2435 23 18 IG
2402 2437 32 18 bis
2440 2437 34 22 qui
2479 2442 42 18 par-

2051 2457 37 18 tait
2095 2457 24 18 de
2127 2457 59 22 Calvi,
2194 2458 20 18 le
2221 2459 94 19 Mercredi
2327 2461 11 17 à
2345 2461 24 17 12
2379 2461 45 18 h.30
2437 2464 27 16 est
2477 2467 42 19 sup-

2048 2481 67 24 primé.

2071 2507 27 18 Le
2105 2507 50 18 train
2163 2508 85 23 régulier
2254 2509 23 18 N-
2287 2509 21 18 IG
2316 2512 81 21 reprend
2403 2516 34 14 son
2446 2513 74 18 horaire

2051 2533 72 17 normal
2129 2537 5 13 :
2143 2533 67 23 départ
2218 2534 24 18 de
2249 2534 56 19 Calvi
2313 2536 12 17 à
2333 2536 24 18 13
2363 2537 19 17 h.
2388 2536 31 20 3S.

2071 2557 19 18 2-
2099 2567 23 4 —
2130 2558 34 18 Les
2172 2559 60 18 trains
2247 2560 121 24 périodiques
2379 2562 24 18 N-
2417 2563 25 18 34
2455 2564 32 18 bis
2500 2564 20 17 et

2050 2582 22 18 33
2080 2583 30 18 bis
2118 2585 66 17 seront
2190 2585 39 18 mis
2238 2590 24 14 en
2270 2587 78 18 marche
2357 2587 17 18 le
2385 2588 64 19 Lundi
2463 2589 57 18 seule-

2050 2610 49 16 ment
2106 2609 33 21 (au
2146 2609 38 19 lieu
2191 2611 27 16 du
2226 2610 90 19 Samedi
2323 2614 19 16 et
2348 2613 26 17 du
2378 2612 140 24 Dimanche).

2099 2643 23 4 —
2129 2634 34 18 Les
2172 2636 62 17 trains
2242 2636 22 18 N-
2269 2636 24 18 34
2303 2638 21 17 et
2337 2637 23 19 33
2374 2638 115 19 circuleront
2501 2639 19 18 le

2050 2658 64 18 Mardi
2120 2661 18 16 et
2144 2659 16 18 le
2168 2660 90 19 Mercredi
2264 2663 33 21 (au
2304 2662 41 19 lieu
2354 2664 25 17 du
2386 2663 76 19 Mardi
2476 2669 43 13 seu-

2050 2684 86 22 lement).

2071 2709 51 18 Pour
2132 2710 28 18 les
2171 2711 71 19 heures
2255 2712 24 18 de
2291 2713 73 23 départ,
2378 2715 100 18 consulter
2490 2715 28 18 les

2051 2734 88 19 affiches.

2328 2761 33 19 La
2371 2762 124 19 Direction.

56 2858 106 22 Fuglittinu
169 2857 20 17 di
195 2858 22 17 A
222 2856 121 19 Muvra—n.
345 2856 93 18 178—diu
442 2855 85 19 19-10-30

82 2920 242 52 FMÛUALE
357 2919 145 48 PA0L1

263 2995 62 19 OSSIA

101 3040 39 35 La
157 3039 81 36 Rûtla
254 3039 30 36 di
297 3039 176 36 Pontenuovô

58 3100 466 23 RA.CONTOCORSODELSECOLO

249 3139 81 22 XVIII

281 3178 24 18 M

153 3219 33 23 F.
200 3219 37 24 D.
254 3218 173 25 Guerrazzi

85 3291 134 28 Proposero
237 3289 102 22 andarne
359 3289 48 22 alla
427 3295 71 15 cerca
512 3295 14 15 a

58 3323 124 26 Giussani,
191 3323 74 26 Asco,
274 3322 109 22 Mòltifao
395 3322 29 21 ed
436 3321 92 22 inaltre

57 3359 63 19 terre
131 3356 156 28 prossimane,
310 3362 12 15 e
339 3356 132 24 andarono,
489 3361 39 15 ma

57 3391 129 19 tornarono
203 3390 37 20 co’
251 3388 79 22 sacchi
341 3389 70 21 vuoli
418 3395 7 19 ;
436 3388 8 21 i
452 3394 77 21 popo-

57 3421 128 22 lialterrili
199 3421 64 22 dalla
278 3421 60 21 vista
358 3421 40 21 dei
414 3420 114 22 Francesi

56 3453 178 27 stracorridori,
244 3455 8 20 i
268 3453 61 29 quali
344 3460 107 15 avevano
462 3453 67 22 inco-

57 3486 112 21 minciato
182 3493 13 14 a
207 3486 122 22 mostrarsi
342 3486 31 21 fin
386 3487 31 25 là,
430 3486 34 28 gîi
473 3492 56 23 sup-

57 3519 125 27 plicarono
198 3526 13 15 a
233 3526 47 15 non
300 3519 33 27 gli
351 3525 100 22 esporre
470 3525 14 15 a
495 3519 33 21 si-

56 3552 126 21 curissimo
194 3552 94 22 eecidio
297 3559 6 13 :
323 3552 37 21 eol
376 3552 95 21 nemico
488 3558 41 15 co-

56 3585 21 19 si
88 3590 86 22 grosso
194 3591 28 15 su
235 3585 34 28 gli
287 3584 77 26 occhi,
379 3591 48 15 non
446 3591 82 15 essere

56 3623 15 14 a
83 3619 91 18 tentare
189 3623 57 16 cosa
259 3617 42 21 ehe
311 3617 95 22 valesse
416 3625 6 17 ;
441 3617 34 28 gli
487 3618 41 20 uni

56 3655 14 14 e
89 3649 35 27 gli
136 3648 56 22 altri
203 3650 22 20 si
238 3649 159 22 riserbassero
412 3657 13 14 a
434 3649 95 22 fortune

57 3681 114 28 migliori.
184 3682 82 22 Allora
278 3689 130 21 passarono
419 3683 7 21 i
438 3682 73 22 monti
520 3690 6 18 ;

54 3719 16 14 e
80 3715 42 26 qui
130 3715 22 20 si
160 3714 118 23 rinfocolò
286 3715 24 21 la
318 3722 96 20 guerra.

82 3746 22 22 A
116 3746 101 23 Fritzlar
225 3750 68 20 conte
301 3747 150 27 diNarbona,
458 3754 71 15 uomo

552 2856 103 28 superbo
668 2863 13 15 e
694 2856 120 22 di.natura
825 2856 87 26 feroce,
922 2855 25 22 fu
959 2862 66 15 com-

553 2895 79 16 messo
639 2890 135 28 opprimere
785 2889 23 22 la
818 2892 67 26 parte
896 2888 129 22 oltramon-

553 2925 55 19 tana
618 2930 6 19 ;
637 2922 156 29 reputandola
814 2923 102 28 impresa
933 2928 91 22 appena

552 2956 78 28 degna
642 2956 38 21 del
693 2962 43 15 suo
748 2955 81 22 valore
841 2956 51 21 usci
902 2961 124 15 veramen-

552 2992 25 19 te
587 2995 85 22 grosso
691 2996 12 15 e
715 2989 92 22 munilo
826 2989 163 21 oltimamenle
1002 2987 23 22 di

551 3022 133 28 artiglierie
693 3022 30 21 da
732 3022 107 28 Ajaccio,
849 3027 38 16 ma
895 3020 131 29 procedeva

552 3055 164 26 allasbadata,
727 3055 79 21 sicuro
818 3054 24 21 di
853 3060 47 16 non
908 3054 118 21 incontrà-

552 3095 27 15 re
595 3094 89 15 veruno
702 3087 100 28 intoppo
814 3094 44 21 per
874 3087 24 21 la
915 3086 53 27 via;
987 3093 38 15 ma

551 3121 85 28 giunlo
645 3121 45 21 che
699 3120 25 21 fu
736 3126 13 15 a
761 3119 108 22 Mezzana
879 3126 56 15 ecco
943 3126 84 15 occor-

552 3154 73 28 rergli
645 3153 123 22 Clemente
787 3153 77 27 Paoli,
878 3153 87 28 eh’egli
977 3159 49 16 cre-

552 3188 60 20 deva
623 3186 98 22 rimasto
731 3188 77 19 morto
817 3193 14 14 a
840 3185 163 27 Pòntenuovo,
1013 3192 13 16 a

552 3218 168 30 contrastargli
728 3218 17 22 il
752 3225 73 22 passo
833 3226 6 15 :
851 3219 73 22 salito
932 3215 18 26 il
962 3219 63 22 biion

553 3255 71 19 conte
636 3252 24 21 in
672 3252 81 21 furore
762 3252 88 28 perché
856 3252 21 22 si
885 3254 142 20 attenlasse-

552 3292 28 16 ro
592 3285 144 28 resistérgli,
748 3286 108 21 raccolse
866 3285 24 22 le
908 3292 43 15 suc
963 3285 64 23 forze

553 3326 43 21 per
617 3319 100 26 levarsi,
737 3319 109 29 eom’egli
868 3319 94 27 diceva,
985 3326 42 21 per

552 3359 95 22 sempre
658 3353 118 22 d’intorno
794 3353 55 29 quel
860 3353 96 22 faslidio
965 3354 62 21 d’in-

552 3388 64 20 setto
626 3392 7 19 ;
652 3393 38 15 ma
708 3386 140 22 intantochè
865 3386 18 22 il
901 3386 81 22 tafano
1003 3387 23 21 lo

553 3425 196 23 pungevaorqua
759 3425 28 15 or
794 3419 23 22 là
826 3419 199 26 dolorosamente,

553 3452 30 22 ed
594 3452 23 21 ci
629 3458 100 16 menava
745 3452 88 22 invano
851 3451 23 22 le
885 3452 72 26 mani,
969 3458 57 16 ecco

553 3484 128 29 arrivargli
701 3484 97 26 notizie,
809 3484 45 22 che
864 3484 8 21 i
885 3483 67 22 Côrsi
964 3491 63 15 coin-

553 3518 66 29 parsi
638 3524 15 15 a
673 3517 56 22 Péri
749 3517 118 22 facevano
887 3516 23 22 le
921 3516 62 22 visie
1003 3517 23 21 di

553 3551 145 28 piombargli
710 3550 50 21 aile
772 3550 76 27 spalle
857 3557 6 13 :
874 3549 24 21 di
908 3556 58 15 vero
977 3556 50 15 era-

553 3591 32 14 no
594 3583 94 22 accorsi
698 3583 25 21 ai
735 3583 53 21 suoi
805 3582 72 22 danni
889 3588 44 15 con
944 3583 83 27 quanti

553 3622 109 16 avevano
681 3618 86 26 potuto
779 3618 76 20 trarre
865 3622 57 15 seco
933 3615 95 22 PAbba-

554 3649 71 26 tucci,
634 3649 114 21 l’Ornano
756 3654 14 15 e
777 3648 16 21 il
802 3648 75 28 padre
883 3648 74 21 Paolo
967 3648 60 23 Roc-

554 3688 97 15 cassera
668 3681 80 21 buono
769 3687 13 15 a
793 3681 133 28 predicare,
938 3681 88 28 meglio

554 3722 15 15 a
586 3715 156 21 combattere.
754 3713 21 22 Il
792 3716 70 20 conte
879 3713 124 29 obbligato
1014 3720 12 15 a

554 3748 108 28 riparare
677 3747 25 22 al
718 3752 79 16 nuovo
812 3746 106 29 pericolo
935 3748 91 20 smezzô

1052 2855 21 21 le
1086 2855 72 26 forze,
1168 2862 37 15 ina
1213 2856 109 28 respinlo
1329 2856 30 22 da
1369 2857 69 23 ambe
1447 2857 22 22 le
1477 2865 49 21 par-

1052 2888 16 21 ti
1081 2889 19 20 si
1112 2888 91 22 slrinse
1213 2888 40 22 nel
1266 2889 118 23 fiuminale
1403 2890 23 22 di
1439 2890 87 23 Celavo

1051 2920 60 22 duve
1119 2921 81 29 riparô
1210 2922 24 21 in
1246 2921 60 23 forte
1313 2923 107 28 positura
1431 2930 96 16 munen-

1052 2953 52 22 dola
1114 2955 23 21 di
1159 2956 131 28 terrapieni
1307 2956 49 22 edi
1374 2958 150 29 artiglierie:

1051 2986 100 29 deposla
1169 2989 40 27 poi
1221 2990 57 28 ogni
1300 2990 167 29 intempestiva
1478 2991 48 23 bal-

1052 3019 84 28 danza,
1146 3021 83 22 invece
1241 3022 23 21 di
1272 3022 117 23 assaltare
1398 3027 76 19 atlese
1482 3031 43 15 con

1053 3052 117 30 diligenza
1179 3062 14 14 a
1212 3055 131 23 difendersi
1363 3057 108 22 assalilo.

1080 3086 8 21 I
1101 3088 54 28 capi
1164 3086 68 24 Côrsi
1243 3090 130 22 esaminala
1380 3090 60 22 bene
1447 3091 23 22 la
1478 3091 48 21 f'ac-

1053 3120 74 22 cenda
1138 3128 107 15 vennero
1258 3123 36 21 nel
1308 3130 83 21 parère
1401 3124 24 22 di
1436 3131 45 15 non
1490 3131 35 15 ar-

1053 3152 99 23 risicare
1161 3153 126 30 ballaglia,
1297 3156 67 22 bensi
1372 3157 151 23 circuirelut-

1054 3187 22 20 ta
1088 3189 91 20 cotësta
1191 3191 80 25 gente,
1284 3189 123 23 bloccarla
1415 3197 14 15 e
1437 3190 89 23 ridurla

1053 3225 12 14 a
1084 3219 63 22 darsi
1164 3221 149 28 prigioniéra
1323 3229 44 22 per
1377 3223 33 22 fai
1414 3226 24 19 ta
1448 3224 26 21 di
1491 3224 35 22 vi-

1052 3253 59 21 veri.
1131 3253 20 22 II
1163 3255 122 29 conte,,di,
1294 3255 113 24 Narbona
1420 3264 14 14 a
1443 3263 83 23 p.rezzo

1053 3285 125 29 d’ingordo
1191 3288 93 31 premiq
1294 3290 67 26 troyo
1370 3290 71 21 modo
1453 3290 24 22 di
1486 3297 40 16 av-

1053 3318 79 22 visare
1141 3319 19 21 il
1172 3322 72 19 conte
1255 3321 24 21 di
1287 3321 72 22 Vaux
1366 3322 64 22 delle
1441 3330 86 22 angus-

1054 3351 32 21 tie
1104 3352 26 20 in
1150 3352 39 21 cui
1201 3352 21 21 si
1241 3355 98 21 trovava
1353 3355 99 27 ridolto,
1466 3357 61 21 onde

1053 3384 87 28 questi,
1161 3384 46 21 che
1223 3387 76 21 ormai
1313 3387 101 23 credeva
1426 3389 40 22 vin
1472 3392 20 19 la
1504 3389 22 22 la

1053 3416 103 29 impresa
1166 3415 62 29 ùrlò,
1242 3418 139 23 beslemmiô
1391 3427 13 15 e
1414 3422 40 28 poi
1466 3423 61 27 piut-

1054 3452 63 19 losto
1129 3456 45 15 con
1185 3450 104 23 ismania
1300 3449 110 31 febbriîe,
1429 3454 44 22 che
1482 3462 44 16 con

1053 3483 168 22 sollecitudine
1232 3485 144 27 soldatesca,
1389 3487 21 21 si
1421 3488 64 22 dette
1497 3489 29 22 ad

1054 3518 130 21 ammanire
1196 3520 67 27 corpi
1276 3519 24 22 di
1312 3516 91 26 miîizie
1414 3522 113 30 spingen-

1053 3549 55 22 dole
1123 3557 45 15 con
1185 3552 84 26 parole
1280 3553 152 23 accesissime
1448 3562 14 14 e
1481 3562 45 15 con

1053 3582 7 21 1
1062 3583 76 28 arghe
1147 3590 150 24 promesse.^
1309 3592 97 16 correre
1425 3594 14 15 e
1449 3588 75 28 impe-

1054 3614 50 23 dire
1124 3616 23 21 lo
1167 3622 111 22 smacco;
1288 3614 30 37 cja
1335 3619 77 27 prima
1424 3621 66 28 spedi
1511 3621 15 22 il

1054 3648 80 22 mardi
1136 3655 26 16 es
1164 3655 13 15 e
1198 3649 64 23 délia
1274 3643 79 35 VaÌle,
1366 3658 12 15 e
1391 3659 26 15 ce
1426 3654 65 21 n’era
1503 3654 23 22 di

1054 3686 89 17 avanzo
1152 3690 7 18 ;
1169 3688 38 15 nia
1216 3682 65 30 dopo
1290 3691 59 21 poco
1357 3685 34 28 gli
1399 3686 68 22 avviò
1476 3687 51 22 die-

1053 3715 37 20 tro
1097 3721 44 15 con
1150 3713 61 24 altrô
1218 3716 187 24 distaccamento
1412 3719 18 22 il
1439 3719 88 24 barone

1053 3745 24 22 di
1088 3747 111 22 Bomenil
1208 3756 7 19 ;
1228 3756 13 15 e
1251 3751 127 22 tutlavolta
1386 3753 140 29 parendogli

1554 2859 44 22 che
1617 2859 94 23 fossoro
1730 2861 71 28 pochi
1812 2862 22 21 ci
1853 2862 115 29 aggiunse
1988 2866 36 20 tre

1554 2893 65 28 corpi
1632 2893 23 22 di
1665 2894 87 21 milizie
1760 2901 76 20 corse,
1846 2896 137 22 comandale
1994 2896 30 23 da

1554 2928 37 19 tre
1603 2926 105 29 capitani
1720 2928 71 26 côrsi,
1801 2928 18 22 il
1830 2935 71 16 nome
1912 2929 38 23 dei
1957 2930 66 29 quali

1554 2965 42 22 per
1605 2959 101 29 rispetto
1715 2961 89 22 allrove
1814 2962 108 23 discorso
1932 2970 47 15 non
1991 2964 32 22 mi

1553 2992 71 28 giova
1636 2993 130 28 ricordare,
1777 2997 29 20 né
1815 2995 56 22 altri
1882 2996 67 23 liada
1959 3004 65 15 mos-

1555 3026 70 21 trarsi
1634 3027 112 28 voglioso
1757 3028 24 22 di
1799 3029 155 28 opprendere.
1966 3030 57 23 Tul-

1555 3061 22 19 le
1585 3062 83 25 queste
1680 3061 87 22 milizie
1779 3068 43 22 per
1832 3062 23 22 la
1868 3063 120 29 Biguglia,
1998 3064 24 22 la

1553 3092 101 23 Casinca
1666 3100 13 15 e
1691 3093 23 22 le
1723 3095 62 28 pievi
1794 3095 39 22 del
1845 3096 78 23 Verde
1935 3104 13 14 e
1959 3097 25 22 di
1991 3098 33 21 A-

1554 3125 68 27 leria,
1639 3126 122 24 dovevano
1773 3132 127 25 penetrare
1918 3131 38 21 nel
1969 3131 55 22 Fiu-

1554 3159 83 22 morbo
1657 3167 13 15 e
1689 3161 82 28 quinci
1791 3169 44 21 per
1853 3164 40 21 vie
1913 3167 111 20 montane

1553 3192 116 29 giungere
1687 3194 24 21 in
1735 3197 78 26 tempo
1833 3202 42 22 per
1895 3197 109 22 bloccare
2016 3198 7 22 i

1554 3223 140 24 bloccatori.
1706 3227 27 22 E’
1742 3228 101 27 sembra,
1857 3229 45 22 che
1909 3230 33 28 gl’
1949 3230 76 29 impe-

1549 3258 104 23 ,dimenti
1672 3261 117 27 natprali.
1795 3262 140 24 stimassero
1946 3271 76 22 poco.;

1554 3292 74 28 quelli.
1636 3292 64 30 degli
1708 3294 89 22 uomini
1806 3296 73 27 nulla,
1889 3298 89 27 perché
1982 3299 42 28 più

1554 3325 50 28 péri
1607 3325 36 21 col
1645 3332 42 16 osa
1708 3327 41 21 via
1758 3334 47 15 non
1817 3335 40 16 era
1875 3330 56 22 dato
1940 3330 85 24 inima-

1553 3358 94 28 ginare:
1657 3359 85 22 difatti
1751 3361 90 27 piccola
1849 3369 68 16 mano
1926 3363 24 22 di
1958 3371 66 16 mon-

1555 3392 75 21 tanari
1642 3394 35 19 Ira
1686 3392 93 29 Poggio
1797 3401 13 15 e
1819 3394 118 25 Isolaccio
1948 3404 78 17 arres-

1554 3428 84 19 tarono
1650 3428 61 20 lutte
1723 3431 82 24 queste
1817 3429 96 23 milizie.

1580 3458 119 29 Pasquale
1711 3459 66 23 Paoli
1783 3468 48 15 non
1842 3469 91 22 posava
1940 3465 85 28 giorno

1554 3493 30 20 né
1592 3494 66 19 notte
1669 3499 43 22 per
1722 3494 136 28 rianimare,
1868 3498 112 28 eccitare,
1988 3506 37 15 or-

1554 3525 85 21 dinale
1647 3531 7 15 :
1667 3526 24 21 in
1704 3527 99 28 qualche
1814 3533 67 24 parte
1892 3531 33 28 gli
1937 3533 87 22 veniva

1555 3557 60 22 fatto
1628 3559 116 23 con.buon
1755 3567 121 23 successo,
1888 3564 42 28 più
1942 3571 84 17 soven-

1555 3593 23 19 te
1589 3597 31 15 no
1629 3598 6 19 ;
1651 3598 47 16 non
1708 3593 75 23 micca
1794 3595 44 22 che
1849 3596 135 29 all’aspetto
2001 3600 25 22 di

1555 3623 34 23 lui
1600 3630 46 16 non
1656 3626 21 21 si
1689 3628 180 28 accendessero,
1881 3630 32 22 od
1924 3631 48 22 aile
1982 3639 43 16 sue

1554 3657 82 28 parole
1652 3665 47 15 non
1713 3659 149 30 fremessero,
1875 3670 38 15 ma
1929 3671 14 15 a
1954 3672 71 17 mano

1555 3696 12 16 a
1586 3697 78 21 mano,
1677 3692 86 30 cb’egli
1781 3694 20 22 si
1822 3695 187 26 allontanavano
2018 3707 6 19 ;

1554 3723 17 21 il
1587 3724 110 28 pensiero
1709 3726 129 29 ripigliava
1853 3729 17 22 il
1881 3736 143 23 sopravven-

1554 3758 25 19 to
1591 3757 48 22 alla
1650 3759 120 27 passione,
1780 3767 13 15 e
1801 3761 25 22 lo
1837 3762 116 31 schioppo
1963 3767 63 21 testé

2052 2864 80 22 carico
2143 2872 120 22 ponevano
2276 2868 28 22 da
2313 2872 68 25 parte
2390 2877 48 16 non
2448 2875 69 17 senza

2052 2904 29 15 un
2099 2899 100 28 sospiro.

2077 2932 45 22 Dal
2142 2940 70 22 paese
2232 2935 63 23 dove
2313 2943 92 24 nacque
2424 2945 14 15 e
2457 2936 55 24 mori

2050 2964 122 31 Sampiero
2190 2968 130 29 d’Ornano,
2331 2971 64 22 dalla
2407 2975 63 19 terra
2480 2970 34 22 ba-

2050 3002 71 25 gnata
2134 3000 37 23 dal
2179 3008 90 23 sangue
2278 3003 120 28 dell’eroe,
2408 3009 107 20 vennëro,

2051 3038 12 15 e
2082 3040 48 15 non
2142 3038 84 25 poleva
2243 3035 51 24 fare
2306 3044 13 15 a
2337 3045 76 20 meno,
2427 3040 90 27 cinque-

2051 3069 69 19 cenlo
2134 3069 87 21 uomini
2242 3070 141 29 improvvidi
2403 3070 115 31 magnini-

2052 3104 116 19 mamente
2186 3102 39 21 del
2241 3104 48 27 poi,
2308 3111 48 16 non
2373 3106 102 22 volendo
2488 3105 29 20 né

2051 3134 103 27 sapendo
2165 3136 119 27 guardare
2300 3138 67 22 nulla
2378 3139 63 22 ollre
2452 3138 16 22 il
2480 3137 39 21 do-

2052 3173 62 20 vere,
2136 3174 12 15 e
2167 3168 20 22 si
2205 3169 115 24 ofï’ersero
2329 3171 23 22 al
2365 3172 67 23 Paoli
2444 3177 41 23 per
2493 3170 24 21 la

2051 3199 51 22 vita
2114 3207 13 14 e
2135 3207 41 22 per
2183 3201 23 22 la
2215 3205 83 20 morte.
2309 3204 47 22 Per
2362 3208 88 26 quanto
2463 3206 24 20 lu
2495 3202 23 21 ci

2052 3233 66 27 pensi
2129 3240 78 23 sopra,
2227 3238 25 19 tu
2268 3244 47 15 non
2327 3240 78 21 verrai
2415 3246 14 15 a
2438 3243 81 18 conos-

2052 3272 53 16 cere
2125 3268 61 24 tutti,
2195 3269 7 22 i
2213 3269 95 24 benifizî
2320 3272 45 21 che
2373 3280 46 15 una
2431 3269 88 32 grande

2051 3300 79 22 anima
2149 3301 103 30 largisce
2263 3304 48 22 alla
2330 3306 114 21 eontrada
2460 3305 60 21 dove

2052 3340 42 21 per
2100 3335 78 27 grazia
2190 3336 39 22 del
2250 3337 61 22 cielo
2324 3338 48 21 ella
2382 3343 136 24 comparve,

2052 3366 7 22 i
2077 3369 102 26 presenti
2189 3376 61 16 sono
2268 3377 77 20 meno,
2359 3373 30 20 né
2408 3372 7 21 i
2427 3372 42 28 più
2478 3371 42 21 im-

2053 3402 109 26 portanti,
2173 3403 87 27 perché
2271 3403 24 23 le
2301 3405 164 28 generazioni,
2478 3403 42 22 che

2052 3432 22 23 la
2087 3434 171 25 circondarono
2266 3444 48 15 non
2325 3438 23 22 la
2361 3442 157 25 compresero,

2052 3473 13 15 o
2082 3474 27 15 se
2127 3475 131 24 compresa,
2280 3478 48 15 non
2348 3471 90 22 ebbero
2457 3469 61 24 virtù

2052 3500 126 26 d’imitarla
2186 3512 5 19 ;
2205 3511 39 16 ma
2260 3505 46 22 ella
2319 3505 138 29 partendosi
2474 3504 45 22 las-

2052 3534 37 22 ciô
2100 3538 66 27 quasi
2178 3545 30 14 un
2221 3538 104 23 modello
2334 3538 112 26 alfuturi,
2455 3535 65 24 affin-

2052 3567 43 23 chè
2103 3569 7 22 i
2129 3571 102 27 pensieri
2244 3578 13 15 e
2268 3571 24 22 le
2310 3578 72 23 opéré
2395 3571 53 22 loro
2463 3569 23 22 ci
2493 3569 27 20 à-

2052 3601 132 24 dattassero
2194 3612 6 18 ;
2220 3611 97 22 ognuno
2335 3604 38 23 del
2396 3602 88 31 popolo
2498 3599 23 22 si

2052 3638 83 27 reputa
2145 3637 68 22 erede
2224 3637 26 22 di
2258 3645 32 15 un
2299 3638 141 22 frammenlo
2448 3634 24 21 di
2482 3639 39 16 co-

2052 3670 60 20 tësla
2133 3670 85 27 anima,
2230 3672 69 27 quale
2310 3672 19 21 il
2340 3676 68 18 corne
2428 3674 30 16 un
2467 3672 53 16 san-

2052 3702 79 22 tuario
2141 3703 92 29 riposto
2245 3704 86 23 denlro
2339 3704 25 22 di
2372 3702 33 22 lui
2414 3701 26 21 lo
2449 3700 24 21 fa
2482 3705 38 15 sa-

2052 3741 48 20 ero,
2122 3736 27 21 ed
2158 3737 56 28 ogni
2234 3744 71 15 senso
2318 3738 23 21 di
2353 3735 64 25 viltà,
2432 3733 25 21 di
2468 3733 53 21 bas-

2052 3773 65 17 sezza
2123 3775 29 16 ne
2158 3769 130 29 allontana,
2295 3769 67 31 quasi
2370 3772 100 18 sozzura
2476 3764 43 22 che
