2520 3933
60 158 24 20 et
94 157 38 22 n’a
141 164 31 15 eu
183 159 24 20 la
216 157 102 22 sérieuse
330 158 24 19 et
361 156 78 21 ferme
447 154 84 21 volon-

58 189 25 22 té
97 190 40 29 d’y
147 193 85 25 porter
242 190 120 22 remède...

87 223 40 22 Où
135 230 32 15 en
176 226 38 19 est
221 224 23 21 la
252 223 73 22 Corse
339 221 14 22 à
363 221 93 22 l’heure
475 218 57 28 qu’il

60 258 36 19 est
103 257 12 21 ?
139 257 94 27 Depuis
253 255 77 28 quand
349 253 129 23 existe-t-il
501 252 30 21 de

59 290 101 27 grandes
182 291 80 20 routes
291 290 23 20 et
336 287 32 22 où
391 285 121 22 sont-elles
519 285 12 20 ?

61 322 64 22 Dans
145 323 58 27 quel
212 322 47 22 état
281 323 35 20 est
340 321 23 21 la
383 317 124 24 vicinalité
519 318 13 20 ?

61 355 97 26 Quelles
180 357 56 20 sont
257 356 34 20 les
316 351 215 24 communications

59 389 85 22 reliant
150 390 25 20 le
182 388 115 22 chef-lieu
304 385 226 23 d’arrondissement

60 429 29 14 au
94 424 94 23 canton,
199 423 24 20 le
234 422 84 20 canton
329 419 14 22 à
349 420 24 20 la
385 417 142 22 commune?

61 455 40 21 Où
112 457 36 19 est
158 456 25 20 la
195 454 91 21 culture
293 454 12 20 ?
319 451 40 22 Où
368 450 119 23 s’élèvent
494 449 36 21 les

60 493 68 22 corps
137 488 31 21 de
177 487 87 22 fermes
273 487 12 20 ?
303 485 37 21 De
352 484 81 27 quelle
442 483 90 26 impor-

60 522 67 20 tance
139 522 39 19 est
185 518 166 28 l’exportation
363 517 31 20 de
411 521 47 16 nos
474 515 58 21 den-

60 553 52 22 rées
123 555 25 19 et
170 553 32 20 de
213 557 45 16 nos
278 550 107 29 produits
394 550 14 20 ?
425 548 41 21 Où
477 549 55 20 sont

60 587 34 20 les
104 585 88 28 grands
202 584 117 22 chantiers
327 582 134 22 maritimes
467 580 12 21 ?
492 579 40 22 Où

62 625 30 16 en
104 620 36 20 est
149 617 156 23 l’industrie?
316 615 40 22 Où
367 616 58 21 sont
435 614 35 22 les
482 613 49 21 usi-

60 653 60 21 nes?
139 651 42 22 Où
199 657 31 15 en
249 652 36 19 est
292 651 67 20 notre
376 646 155 23 commerce?

63 685 39 22 Où
112 686 56 20 sont
179 685 80 20 toutes
270 688 38 16 ces
317 681 85 22 choses
415 680 49 27 qui,
472 679 58 21 dans

62 718 51 21 leur
129 716 132 25 ensemble,
282 715 102 21 forment
404 713 25 20 et
446 711 85 22 consti-

60 751 67 20 tuent
133 750 23 21 le
169 748 100 28 progrès
276 747 13 21 ?
299 747 39 22 Où
346 747 38 20 est
392 745 66 22 enfin
469 745 62 20 cette

61 783 91 27 banque
161 783 55 20 tant
224 779 129 24 demandée
359 781 25 20 et
391 779 90 21 devant
489 783 43 15 ve-

61 816 38 21 nir
109 822 30 15 en
148 815 55 21 aide
218 814 14 22 à
239 815 23 21 la
272 812 120 29 propriété
401 813 41 20 ?...

88 848 37 21 De
141 850 55 20 tout
213 848 58 25 cela,
291 847 114 27 quelques
417 847 114 24 tronçons

64 882 29 21 de
101 883 83 20 routes
195 879 121 27 terminés,
325 879 117 28 quelques
454 878 77 20 autres

62 914 14 22 à
91 914 65 22 l’état
183 913 127 22 d’ébauche
329 918 32 16 ou
372 912 31 22 de
411 911 87 28 projet,
508 911 24 20 et

59 948 24 21 le
93 949 63 20 reste
176 946 15 22 à
211 946 65 22 l’état
284 949 5 3 '
296 946 106 21 illusoire
418 945 31 21 de
459 943 72 22 faible

61 980 157 28 espérance...

91 1013 75 22 Voilà
194 1013 28 21 la
241 1013 77 22 Corse
340 1009 192 29 d'aujourd'hui

61 1045 56 23 telle
137 1052 50 21 que
206 1045 62 23 Vont
283 1046 66 27 faite
363 1050 50 16 nos
426 1049 106 23 gouver-

59 1081 103 20 nants...

90 1128 24 9 .,.
122 1112 120 22 Persister
250 1112 56 21 dans
315 1113 62 20 cette
385 1110 60 23 voie
453 1110 77 21 funes-

61 1147 32 24 te,
106 1145 157 23 abandonner
272 1146 23 21 la
307 1145 76 22 Corse
399 1143 17 23 à
427 1144 46 21 elle
481 1144 50 21 mê-

60 1185 46 20 me,
119 1185 31 15 ne
162 1179 55 22 rien
228 1181 78 20 tenter
317 1179 28 21 de
354 1177 178 22 sérieusement

57 1213 93 28 grand,
162 1219 33 15 ne
203 1212 70 28 point
278 1218 17 22 y
306 1211 66 22 créer
379 1217 50 16 une
437 1211 94 27 banque

61 1251 60 22 pour
139 1246 74 21 venir
229 1251 30 16 en
270 1245 52 22 aide
338 1244 14 22 à
363 1245 24 21 la
398 1243 130 29 propriété,

60 1278 108 29 négliger
186 1279 31 21 la-
232 1277 127 27 vicinalité,
378 1284 34 15 ne
427 1277 70 28 point
513 1283 19 22 y

61 1312 83 22 établir
151 1313 45 21 des
203 1311 212 27 fermes-modèles,
425 1317 33 16 ne
464 1311 68 28 point

62 1351 147 22 encourager
216 1344 137 27 l’industrie,
363 1351 32 15 ne
406 1345 72 27 point
489 1350 42 16 ou-

61 1379 51 21 vrir
122 1378 51 22 des-
185 1377 108 23 marchés
307 1378 40 27 qui
360 1378 120 21 facilitent
495 1379 35 20 les

60 1412 122 26 relations,
205 1417 31 16 ne
258 1412 67 27 point
340 1411 67 22 enfin
425 1412 59 21 tirer
500 1412 30 21 de

61 1450 28 16 ce
96 1451 58 22 pays
166 1447 56 20 tout
227 1446 24 21 le
259 1445 59 28 parti
330 1445 60 23 dont
398 1445 19 22 il
432 1447 37 20 est
479 1451 52 16 sus-

62 1478 109 28 ceptible,
185 1481 26 20 et
222 1478 52 23 cela
283 1485 32 16 au
325 1479 61 28 plus
405 1479 47 26 tôt,
474 1478 58 23 c’est

60 1512 127 28 perpétuer
198 1513 24 21 le
232 1513 54 26 mal,
297 1513 56 22 c’est
363 1519 69 16 nous,
445 1513 85 28 perdre

61 1545 165 23 entièrement.

87 1580 31 21 Le
130 1580 95 22 conseil
231 1579 102 29 général,
343 1581 19 21 il
372 1580 53 23 faut
435 1581 34 21 lui
476 1587 54 16 ren-

61 1613 40 22 dre
112 1613 69 22 cette'
194 1613 94 28 justice,
308 1613 87 27 animé,
406 1620 94 16 comme
511 1614 19 22 il

59 1647 30 21 l’a
98 1647 110 27 toujours
218 1646 38 23 été
266 1647 54 22 d’un
331 1648 132 22 sentiment
473 1648 57 21 bien

59 1681 51 21 vrai
118 1681 30 21 de
156 1681 157 28 patriotisme,
326 1681 38 22 n’a
372 1687 44 22 pas
428 1681 102 28 manqué

59 1713 14 22 à
82 1715 24 21 la
115 1714 34 22 fin
158 1715 32 21 de
198 1714 90 29 chaque
302 1716 94 21 session
410 1715 120 28 d’appeler

58 1749 23 20 la
92 1747 135 23 sollicitude
241 1749 31 20 du
288 1751 191 26 gouvernement
490 1754 40 17 sur

59 1783 69 20 notre
138 1781 158 23 malheureux
309 1789 67 22 pays.
389 1783 81 22 Vains
493 1783 37 29 ef-

55 1815 71 28 forts
136 1815 10 21 !
497 1826 5 4 •

88 1847 31 22 Le
129 1850 83 27 temps
223 1851 37 20 est
269 1855 63 16 venu
339 1856 51 16 non
400 1851 55 27 plus
466 1849 64 24 d’ex-

60 1882 89 27 primer
160 1883 44 22 des
213 1889 80 20 voeux,
303 1885 65 21 mais
379 1884 110 28 d'agir...

88 1915 20 22 Il
116 1915 51 22 faut
185 1915 47 29 qùe
243 1922 44 16 nos
298 1917 178 28 représentants
493 1924 36 16 ac-

60 1949 69 26 tuels,
141 1950 87 22 mieux
236 1950 100 27 inspirés
348 1957 48 22 que
405 1957 32 16 ne
454 1952 23 21 le
493 1951 37 23 fu-

61 1984 52 19 rent
126 1988 46 16 nos
191 1983 99 28 députés
313 1984 148 27 d’autrefois,
477 1991 52 21 pre-

58 2017 56 20 nant
125 2022 30 15 en
164 2017 79 21 mains
257 2017 35 21 les
300 2017 99 23 intérêts
409 2020 25 19 et
444 2018 24 21 la
476 2024 54 15 cau-

59 2054 25 16 se
95 2049 29 21 de
139 2052 72 19 notre
219 2056 66 22 pays,
298 2050 132 23 formulent
440 2051 30 22 de
494 2051 35 22 sé-

58 2083 94 21 rieuses
158 2084 164 27 propositions
331 2087 73 26 ayant
416 2091 62 22 pour
489 2085 39 22 ob-

59 2116 35 27 jet
100 2116 31 21 de
142 2116 67 22 fixer
212 2116 133 23 l’atténtion
351 2119 44 21 dés
405 2118 124 23 chambres

61 2151 24 19 et
95 2149 32 21 du
145 2153 191 24 gouvernement
344 2158 41 15 sur
395 2151 67 23 l’état
481 2151 49 23 d’a-

61 2182 92 22 bandon
164 2183 138 28 déplorable
312 2184 31 22 où
349 2191 64 16 nous
425 2191 104 17 sommes

62 2217 23 20 et
93 2222 41 16 sur
141 2217 36 21 les
186 2223 101 21 moyens
298 2218 39 29 d’y
352 2221 86 26 porter
453 2220 77 22 remè-

61 2249 37 22 de.
122 2250 31 21 Le
174 2253 111 20 moment
296 2254 37 20 est
346 2254 114 27 propice.
475 2253 54 26 Que.

61 2288 43 17 nos
111 2283 178 28 représentants
300 2291 25 16 se
333 2286 130 27 pénètrent
473 2287 57 22 bien

60 2316 29 22 de
113 2319 63 20 cette
197 2319 86 22 cruelle
302 2319 77 23 vérité
394 2320 64 29 qu'il
469 2321 62 23 n'est

58 2351 73 26 point
147 2351 31 21 dè
195 2353 66 26 pays
281 2352 60 28 plus
363 2354 167 23 malheureux

61 2389 45 21 que
117 2383 27 23 la
155 2385 106 22 Corse...
271 2393 13 13 »

236 2418 25 19 F.
266 2418 27 19 de
301 2419 205 21 Susini-Houssart.

287 2454 17 13 35r

272 2472 16 15 «
301 2473 16 14 «

107 2495 71 23 Cette
191 2497 79 27 lettre,
276 2497 82 24 sévère
380 2501 64 21 mais
456 2501 71 28 juste,

61 2528 139 24 caractérise
221 2531 55 21 bien
291 2532 23 21 la
332 2533 78 22 Corse
435 2534 30 22 de
484 2541 45 16 nos

58 2562 93 27 jours...

87 2595 48 22 Elle
146 2597 40 22 n’a
197 2604 43 21 pas
248 2597 37 23 été
297 2599 110 24 adressée
420 2601 14 22 à
438 2603 23 20 la
472 2601 56 23 Mu-

60 2634 45 17 vra
111 2630 143 28 puisqu’ellê
263 2633 35 20 est
316 2633 68 22 datée
399 2635 34 22 du
450 2641 25 22 25
491 2641 38 17 oc-

60 2662 67 22 tobre
137 2662 85 30 1849...
243 2665 67 22 Vous
321 2672 58 17 avez
399 2668 58 22 bien
466 2669 23 21 lu
501 2681 29 5 —

60 2692 116 27 mil'huit
189 2700 55 19 cent
263 2702 112 25 quarante
399 2702 132 23 neuf—et

61 2728 56 22 c’est
141 2736 34 15 un
192 2731 95 27 journal
300 2733 29 21 de
349 2733 89 29 Bastia,
463 2735 67 22 l'Ere

62 2761 120 24 Nouvelle
196 2765 39 26 qui
245 2765 22 21 la
276 2766 78 27 publia
361 2768 61 22 dans
434 2775 41 16 son
488 2775 40 16 nu-

61 2794 64 23 méro
137 2796 33 22 du
190 2803 25 23 15
230 2800 128 23 novembre
376 2802 8 27 (
398 2803 80 22 même
491 2809 38 16 an-

61 2828 43 22 née
111 2829 9 27 )

89 2862 21 20 A
120 2865 63 20 cette
194 2863 99 29 époque,
308 2867 21 21 la
339 2867 90 24 France
444 2869 86 23 n’avait

62 2900 84 17 encore
163 2897 53 22 rien
240 2898 41 22 fait
303 2906 60 21 pour
383 2903 23 20 la
427 2902 102 23 Corse-

63 2927 59 22 Mais
131 2929 87 28 depuis
226 2931 12 21 ?
259 2931 62 30 Qu’y
334 2936 63 21 a-t-il
411 2936 30 21 de
459 2936 71 22 chan-

61 2960 73 28 gé?...

428 3003 29 21 E.
471 3003 29 22 G.

85 3087 52 47 La
171 3089 109 49 lettre
306 3096 36 44 et
361 3095 147 60 l’esprit

88 3178 31 21 Le
127 3179 137 29 règlement
280 3185 40 26 qui
331 3185 63 28 régit
417 3194 46 15 nos
475 3189 53 21 che-

61 3212 61 21 mins
135 3213 30 21 de
187 3214 38 22 fer
243 3217 37 20 est
290 3216 101 25 d’utilité
403 3221 123 28 publique.

61 3243 20 22 Il
95 3251 14 14 a
119 3246 63 22 ainsi
202 3247 118 24 l’autorité
331 3253 24 20 et
361 3252 23 21 la
397 3254 67 21 force
479 3255 49 22 d’u-

62 3279 30 19 nè
110 3277 120 25 véritable
241 3282 41 21 loi.
307 3282 30 23 Le
351 3285 115 24 Ministre
486 3288 43 22 des

61 3310 111 23 Travaux
184 3313 95 22 Publics
284 3315 31 22 l’a
325 3317 122 24 d’ailleurs
460 3322 69 20 revê-

60 3345 27 19 tu
108 3343 31 21 de
150 3350 28 16 sa
189 3346 121 27 signature
321 3351 24 20 et
355 3351 36 22 les
402 3355 85 25 agents
499 3354 30 21 de

61 3378 68 20 notre
139 3378 61 21 voie
218 3379 75 22 ferrée
304 3387 108 21 peuvent
426 3386 103 22 verbali-

61 3415 38 15 ser
110 3411 25 20 et
144 3412 98 21 relever
251 3414 77 21 toutes
339 3416 36 21 les
387 3418 142 23 infractions

61 3448 30 15 au
99 3448 40 15 sus
150 3443 38 22 dit
199 3444 138 29 règlement,
351 3455 98 17 comme
462 3452 24 21 le
496 3452 33 21 fe-

61 3476 77 21 raient
148 3476 32 21 de
190 3478 67 20 vrais
268 3479 179 26 représentants
466 3485 31 20 de
506 3486 24 21 la

61 3508 72 21 Force
145 3509 128 28 Publique.

98 3541 126 23 Personne
238 3549 32 15 ne
291 3543 49 23 fera
363 3547 31 21 de
416 3548 115 23 difficulté

61 3580 60 23 pour
131 3575 120 22 admettre
263 3577 23 20 le
295 3577 55 22 bien
364 3579 77 23 fondé
450 3581 29 21 de
491 3588 40 21 pa-

61 3608 79 23 reilles
151 3608 190 28 dispositions.il
348 3611 107 24 faudrait
469 3615 62 22 vrai-

61 3642 66 22 ment
135 3641 73 22 avoir
211 3642 23 21 la
241 3642 49 21 tête
296 3643 57 22 vide
359 3650 32 17 ou
405 3645 14 22 à
426 3646 104 24 l’envers

61 3680 61 24 pour
133 3680 31 16 en
180 3674 162 23 méconnaître
365 3680 70 20 toute
457 3680 24 21 la
496 3686 35 16 sa-

62 3714 76 23 gesse.
156 3707 77 22 Notre
252 3707 82 23 réseau
356 3713 38 19 est
415 3715 86 20 ouvert
517 3714 14 22 à

61 3743 53 21 tout
124 3741 24 21 le
162 3739 157 23 monde.Une
329 3742 97 24 infinité
435 3745 30 21 de
470 3752 60 21 gens

557 153 108 26 peuvent
674 158 18 21 y
703 151 108 22 circuler.
818 147 95 23 N’étant
920 151 43 22 pas
973 150 57 17 con-

557 188 72 19 tenus
653 191 43 20 par
712 184 42 21 des
773 182 56 24 lois,
846 181 30 21 ils
889 178 141 28 pourraient

557 219 96 20 donner
663 217 62 21 libre
734 221 70 16 cours
820 213 14 22 à
843 215 54 20 tous
916 212 66 21 leurs
992 216 38 16 ca-

558 250 80 28 prices
651 252 24 19 et
694 249 68 21 nuire
777 246 63 23 ainsi
856 252 30 15 au
896 245 49 21 bon
958 243 71 22 ordre

557 285 26 20 et
591 289 30 15 au
632 283 57 21 bien
701 281 89 28 public.
809 279 32 22 La
853 276 151 29 Compagnie
1016 281 14 15 a

557 322 33 15 un
599 315 111 22 matériel
718 314 41 27 qui
769 311 139 29 représente
922 316 32 15 un
965 309 65 27 capi-

557 349 33 21 tal
610 349 127 21 immense.
760 346 51 21 Elle
835 344 52 22 doit
909 343 71 22 avoir
999 347 30 16 en

557 381 66 22 main
636 387 27 15 ce
681 380 39 28 qui
733 381 59 26 peut
800 378 35 22 lui
847 378 50 21 être
908 374 121 24 nécessai-

557 420 26 15 re
607 420 63 21 pour
687 414 24 21 la
721 411 129 29 préserver
861 410 41 21 des
918 409 111 22 atteintes

557 448 43 21 des
617 446 147 23 malfaiteurs
776 446 25 19 et
812 445 55 21 tous
875 443 35 21 les
929 442 100 27 gredins

557 481 42 26 qui
618 480 132 21 sillonnent
768 483 46 16 nos
838 477 81 21 routes
942 477 25 19 et
984 480 46 15 nos

559 517 154 23 campagnes.
737 509 74 23 Voilà
819 508 120 29 pourquoi
958 508 20 21 il
993 508 38 20 est

557 546 50 21 bon
617 545 72 27 qu’on
693 544 81 28 puisse
782 543 71 21 avoir
864 548 32 15 un
902 541 62 22 frein
968 545 63 23 pour

557 579 36 20 les
606 578 111 21 contenir
731 579 25 20 et
767 582 30 15 au
809 575 86 22 besoin
903 575 35 21 les
950 579 81 17 mesu-

557 617 48 16 rer.

586 644 42 21 Un
640 643 141 27 règlement,
794 648 50 15 une
852 643 34 20 loi
895 641 62 22 n’est
965 640 65 28 qu’u-

556 682 33 15 ne
600 677 72 20 lettre
683 674 158 23 morte.Seuls
853 679 61 16 ceux
925 674 41 27 qui
975 675 57 20 sont

557 708 102 28 chargés
671 708 30 21 de
712 709 36 20 les
759 707 134 28 appliquer,
906 707 31 21 de
945 707 37 20 les
994 707 37 20 in-

557 741 121 28 terpréter
688 742 53 21 leur
760 741 109 22 donnent
888 741 22 21 la
929 740 50 21 vie.
994 739 38 22 Or

557 775 19 22 il
590 776 38 20 est
654 775 58 21 clair
728 780 46 22 que
786 775 67 21 toute
872 774 41 26 loi,
935 779 96 16 comme

557 809 68 21 toute
636 807 67 28 règle
725 808 81 22 admet
825 808 43 21 des
880 807 149 27 exceptions.

558 841 68 22 Dans
641 842 103 21 certains
763 847 48 20 cas,
830 841 59 22 dans
912 840 118 22 certaines

558 875 209 26 circonstances,la
773 874 109 28 majesté,
894 875 23 20 la
932 874 100 27 rigueur

558 909 30 21 de
600 909 23 21 la
632 909 35 21 loi
679 909 100 21 doivent
789 908 87 22 fléchir
890 914 62 21 pour
970 913 61 22 pou-

557 942 57 21 voir
634 941 83 22 mieux
740 941 120 28 s’adapter
882 947 47 16 aux
947 941 84 22 condi-

557 975 66 22 tions
633 975 41 27 qui
684 977 129 20 entourent
819 976 25 21 la
852 975 40 22 vie
906 975 30 22 de
944 974 87 22 l’hom-

556 1014 49 15 me.
616 1007 74 23 Faute
706 1009 30 20 de
758 1008 167 22 méconnaître
936 1014 41 16 ces
988 1013 43 16 no-

556 1041 67 22 tions
644 1042 98 27 simples
762 1044 26 19 et
807 1041 176 26 élémentaires,
998 1047 32 16 on

557 1074 112 28 s’expose
684 1081 46 16 aux
743 1075 55 28 plus
809 1075 89 28 grands
907 1074 122 26 déboires,

557 1114 49 15 aux
619 1109 55 26 plus
686 1110 129 20 navrantes
828 1108 162 23 désillusions.

583 1141 68 22 C’est
662 1147 28 16 ce
701 1143 41 26 qui
753 1148 31 15 va
797 1142 111 22 arrivera
924 1142 35 22 M.
970 1141 61 22 Fon-

556 1175 67 22 taine
632 1175 120 22 directeur
759 1175 31 22 de
799 1177 71 20 notre
877 1176 57 21 voie
942 1175 86 22 ferrée.

558 1208 35 22 Ce
605 1209 75 21 brave
699 1208 98 23 homme
817 1208 113 23 s’attache
949 1211 56 26 trop
1017 1208 14 23 à

556 1242 24 22 la
585 1243 72 21 lettre
666 1242 33 22 du
707 1242 134 29 règlement
848 1245 24 20 et
884 1249 31 16 en
931 1242 99 29 néglige

556 1277 54 20 tout
621 1275 14 22 à
652 1276 44 22 fait
706 1276 100 29 l’esprit.
829 1276 21 23 Il
870 1282 29 16 ne
919 1278 60 26 peut
987 1282 43 22 pas

557 1310 160 27 comprendre
726 1310 58 28 qu’il
794 1317 19 22 y
833 1317 14 15 a
858 1311 30 21 de
894 1316 43 22 par
947 1311 24 22 la
979 1310 49 26 vie,

557 1344 105 21 certains
669 1346 121 20 moments
798 1344 33 22 où
836 1345 23 20 la
866 1345 34 20 loi
913 1346 26 19 et
948 1345 37 20 les
994 1343 36 22 rè-

556 1377 120 27 glements
692 1377 102 22 doivent
807 1377 167 22 s’humaniser.

584 1410 42 22 Un
638 1410 58 22 chef
704 1411 29 21 de
753 1417 58 22 gare
829 1412 37 21 est
887 1413 66 24 tenu,
967 1416 62 16 nous

556 1444 33 25 le,
598 1449 98 21 savons,
704 1443 14 23 à
733 1450 28 16 se
768 1446 102 21 trouver
883 1450 41 16 sur
934 1444 24 22 le
973 1444 55 28 quai

556 1477 14 22 à
590 1477 112 23 l’arrivée
720 1478 31 21 de
768 1478 93 28 chaque
878 1478 70 22 train.
962 1478 24 21 A
1002 1484 27 15 ce

555 1513 109 20 moment
669 1512 36 21 les
713 1517 138 24 voyageurs
862 1513 101 21 doivent
972 1514 56 20 tous

556 1546 53 21 être
615 1546 82 21 nantis
709 1546 29 21 de
749 1547 66 21 leurs
827 1546 79 22 billets
919 1548 24 19 et
959 1552 71 16 occu-

556 1585 45 22 per
622 1580 66 21 leurs
708 1581 88 27 places.
816 1580 38 23 Le.
861 1579 57 23 chef
929 1580 31 22 de
972 1586 57 22 gare

556 1613 53 22 doit
616 1614 106 27 pouvoir
729 1614 123 23 contrôler
856 1615 36 21 les
897 1614 81 22 billets
986 1614 43 21 des

556 1647 128 26 arrivants,
694 1647 97 23 vérifier
802 1649 38 21 les
852 1648 59 22 colis
932 1650 25 20 et
968 1648 61 22 faire

555 1680 24 22 le
591 1681 211 23 transbordement
816 1682 43 22 des
879 1682 150 22 marchandi-

556 1714 130 23 ses-Voilà
696 1716 23 21 le
730 1715 137 28 règlement
877 1721 31 17 ou
920 1716 80 28 plutôt
1005 1717 24 21 la

555 1748 71 22 lettre
638 1748 32 22 du
679 1748 141 29 règlement.
841 1749 99 28 L’esprit
946 1752 39 20 est
995 1756 33 15 un

555 1788 49 21 peu
616 1781 119 23 différent.
754 1783 21 22 Il
785 1789 63 16 nous
860 1784 36 22 dit
912 1783 59 28 qu’il
978 1784 52 22 faut

555 1816 112 27 toujours
696 1816 126 23 s’attacher
842 1817 14 22 à
872 1823 90 23 rogner
992 1818 37 22 les

555 1850 78 26 coins,
652 1849 14 22 à
681 1851 86 22 rendre
790 1852 81 21 moins
879 1851 118 23 onéreuse
1005 1853 24 21 la

555 1883 100 28 rigueur
668 1883 70 23 d’une
753 1885 43 26 loi,
809 1884 109 23 atténuer
925 1886 22 21 la
959 1885 70 22 sévé-

555 1916 47 23 rité
613 1917 57 22 d’un
688 1917 142 29 règlement.
852 1918 41 23 Un
903 1925 126 23 voyageur

556 1951 41 27 qui
610 1951 69 22 vient
690 1958 42 21 par
753 1952 117 29 l’express
882 1953 29 22 de
923 1953 80 22 Bastia
1015 1952 14 23 à

556 1984 147 23 Pontenovu
711 1985 52 22 doit
771 1986 73 21 avoir
850 1987 24 20 la
884 1986 89 22 faculté
979 1986 50 22 d’u-

555 2018 80 22 tiliser
653 2019 24 21 le
686 2019 62 22 train
760 2025 27 16 se
799 2021 113 21 trouvant
926 2026 31 16 en
971 2026 57 22 gare

555 2057 64 22 pour
630 2054 95 20 rentrer
735 2052 15 22 à
761 2053 135 27 Barchetta,
901 2053 128 23 Casamoz-

554 2091 27 16 za
596 2091 33 17 ou
636 2086 87 22 Bastia.
740 2086 67 23 C’est
827 2086 163 23 élémentaire.
1003 2087 25 22 Si

554 2119 25 22 le
590 2119 59 22 chef
662 2120 31 21 de
703 2126 57 23 gare
776 2127 33 15 ne
826 2122 119 26 peut-être
957 2121 14 22 à
983 2127 46 16 son

556 2153 107 27 guichet,
678 2159 62 22 pour
751 2154 33 21 lui
802 2153 105 23 délivrer
915 2161 33 15 un
959 2155 71 22 billet

555 2186 54 22 rien
618 2188 33 20 né
662 2186 111 29 s’oppose
785 2187 14 22 à
807 2194 29 15 ce
843 2194 46 22 que
899 2189 24 21 le
935 2188 58 22 chef
998 2189 31 22 de

554 2220 65 21 train
630 2220 83 27 puisse
726 2220 113 23 l’établir.

599 2253 68 23 Dans
685 2255 37 21 les
733 2255 104 25 stations,
848 2255 33 22 où
894 2256 37 22 les
949 2257 77 21 arrêts

556 2289 57 20 sont
623 2286 93 24 réduits
731 2287 15 23 à
754 2290 118 27 quelques
883 2290 118 22 secondes
1013 2289 14 22 à

555 2322 73 27 peine
637 2327 33 17 on
676 2328 31 16 en
714 2323 50 28 agit
770 2323 63 22 ainsi
842 2329 60 22 pour
908 2325 36 20 les
952 2324 77 22 trains

556 2355 143 23 ordinaires.
707 2356 122 29 Pourquoi
840 2363 32 16 ne
880 2358 96 27 pourrai
977 2359 53 22 ton

555 2395 44 22 pas
611 2389 102 28 adopter
722 2391 24 21 la
756 2391 82 22 même
849 2390 66 29 règle
929 2392 30 21 de
972 2397 58 17 con-

555 2423 67 22 duite
633 2429 63 22 pour
706 2430 47 16 une
760 2430 59 22 gare
834 2424 32 22 où
875 2424 117 29 l’express
1004 2431 26 16 se

555 2457 81 22 croise
645 2463 60 16 avec
713 2464 33 15 un
757 2460 69 20 autre
837 2458 60 23 train
908 2459 13 21 ?
930 2458 67 23 C’est
1006 2459 25 22 là

555 2496 49 16 une
627 2490 107 23 solution
750 2492 89 28 simple
858 2493 25 20 et
895 2493 136 22 nullement

556 2524 154 28 compliquée
732 2525 33 22 où
787 2527 38 21 les
848 2525 98 23 intérêts
965 2527 30 22 de
1007 2527 23 22 la

556 2557 153 29 Compagnie
725 2565 27 16 se
766 2560 131 22 concilient
915 2566 60 16 avec
994 2561 36 21 les

555 2592 161 22 commodités
725 2595 24 20 et
760 2594 37 21 les
802 2593 100 23 intérêts
905 2594 43 22 des
955 2600 75 23 voya-

555 2630 81 22 geurs.

787 2666 89 22 Pierre
886 2667 114 26 Ignotus.

557 2770 168 49 Gioberti
741 2773 27 47 i!
786 2769 25 18 ‘é
825 2773 168 49 Primate
1013 2774 17 17 *

667 2858 22 33 e
706 2844 37 48 la
766 2845 153 49 Corsica

582 2965 67 26 Dopu
656 2972 32 13 un
697 2966 68 26 lungo
770 2967 93 25 periodo
869 2968 161 23 diimmeritato

555 2995 69 25 obïio,
633 2996 23 20 la
663 2996 71 25 figura
742 2997 23 21 di
773 2997 114 22 Vincenzo
900 2999 108 25 Gioberti,
1018 3002 13 19 è

555 3026 109 21 ritornata
672 3026 123 27 famigliare
804 3029 45 25 agli
857 3029 84 21 italiani
947 3037 7 17 ;
964 3038 30 13 ne
1002 3038 28 14 va

555 3057 52 20 data
615 3057 52 21 Iode
675 3058 74 25 ampia
757 3065 13 14 e
775 3059 108 24 cordiale,
888 3060 21 20 al
919 3060 111 22 Comitato

555 3087 146 21 Giobertiano
710 3089 116 21 nazionale
835 3090 22 20 di
869 3089 91 27 Torino,
976 3098 13 14 e
1002 3093 28 20 ad

555 3118 87 20 uomini
663 3118 22 20 di
707 3119 125 22 indiscussa
855 3121 91 25 coJtura,
969 3123 61 25 quali

555 3148 112 21 Giovanni
685 3149 95 25 Gentile,
803 3151 81 25 Arrigo
900 3151 79 26 Solmi,
1002 3154 26 21 G.

555 3179 105 20 Balsamo
675 3179 91 22 Grivelli
783 3188 15 14 e
812 3182 28 20 A.
857 3182 112 25 Anzîlotti,
989 3184 42 21 che

554 3209 123 20 all’illustre
691 3211 91 21 statista.
792 3212 138 25 piemontese
943 3214 88 21 dedica-

554 3245 58 14 rono
620 3239 59 20 studi
688 3240 54 21 dotti
751 3248 14 13 e
773 3242 112 25 profondi.

580 3270 35 20 Da
623 3270 63 20 molti
704 3272 52 20 anni
765 3272 24 21 in
798 3273 50 20 fatti
861 3281 45 13 non
917 3275 19 20 si
949 3276 82 21 scrive-

555 3306 28 14 va
591 3301 40 24 più
641 3301 60 20 nulla
710 3303 35 19 sul
754 3303 107 23 Gioberti,
873 3304 15 20 il
896 3306 68 24 quale
972 3313 58 14 sem-

554 3330 70 20 brava
641 3337 127 19 scomparso
785 3334 61 20 dalla
865 3337 108 20 memoria
993 3338 36 19 dei

554 3361 51 20 suoi
618 3361 143 22 concittadini
770 3370 6 13 :
786 3364 17 19 il
811 3371 42 13 suo
863 3365 102 24 pensiero
974 3367 56 25 poli-

554 3390 168 25 tico-filosofico,
729 3393 42 20 che
776 3394 24 19 in
807 3401 32 13 un
847 3398 59 17 certo
915 3401 114 17 momento

555 3421 90 20 serobrò
671 3422 90 23 persino
783 3424 96 21 dovesse
903 3427 126 24 ecclissare,

555 3451 76 24 quello
640 3451 23 19 di
672 3451 100 25 Mazzini,
788 3461 70 18 parve
872 3461 103 19 superato
990 3465 41 17 per

555 3487 97 18 sempre,
661 3488 14 13 e
687 3488 45 14 non
747 3484 109 21 interessò
870 3485 38 25 pîu
923 3493 106 15 nessuno.

583 3516 12 10 "
608 3511 42 20 Chi
661 3517 69 15 aveva
746 3523 27 4 —
786 3515 74 20 scrive
878 3515 24 20 E.
923 3516 108 23 Diomede

556 3540 130 22 Tambòrini
691 3553 26 3 —
723 3550 42 14 con
773 3545 23 20 la
804 3545 114 26 maggiore
926 3547 106 26 eloquen-

556 3578 26 13 za
591 3572 92 21 bandito
691 3573 23 20 la
721 3574 95 22 riscossa
830 3576 90 25 d’Itaîia,
935 3585 67 14 verso
1015 3579 16 20 il

557 3601 99 21 Primato
665 3604 84 20 morale
757 3612 13 13 e
782 3606 67 20 civile
856 3610 33 17 tra
897 3607 22 21 le
933 3610 98 24 nazioni,

556 3637 48 14 non
612 3636 80 21 poteva
701 3640 45 14 non
756 3636 76 21 subire
845 3637 111 22 l’estrema
976 3640 57 21 sfor-

556 3664 56 18 tuna
620 3662 94 22 durante
722 3671 31 14 un
762 3667 93 24 periodo
862 3667 25 20 in
897 3669 37 20 cui
947 3671 85 20 trionfé

556 3691 18 20 il
581 3692 111 25 pnncipio
707 3694 57 21 délia
781 3698 122 24 negazione
920 3699 59 22 délia
995 3708 38 19 pa-

556 3722 44 21 tria
609 3728 20 15 ».

583 3753 59 25 Oggi
651 3754 84 24 invece,
744 3756 25 21 in
779 3758 37 20 cui
824 3758 9 20 i
843 3759 69 21 valori
923 3761 110 25 spirituali

1056 149 101 19 vengono
1163 140 174 25 singolarmente
1342 132 123 30 apprezzati
1472 139 14 13 e
1494 137 34 14 so-

1055 181 30 13 no
1094 171 111 26 compresi
1214 171 58 20 dalla
1281 170 104 21 Nazione,
1395 165 18 21 si
1432 165 12 18 è
1457 161 71 22 venfi-

1055 207 49 18 cato
1113 209 30 14 un
1153 205 139 17 mutamento
1305 201 83 25 quanto
1402 194 44 22 mai
1460 192 69 21 sensi-

1055 234 44 20 bile
1108 240 13 13 e
1129 232 87 25 rapido.
1228 232 31 20 Le
1267 225 160 32 pubblicazioni
1437 224 35 21 sul
1485 222 44 21 dis-

1055 263 95 26 graziato
1169 262 105 21 ministro
1295 262 22 20 di
1340 258 66 22 Carlo
1429 255 97 21 Alberto,

1055 293 140 23 abbondano,
1215 299 14 14 e
1246 293 21 20 la
1283 294 87 20 recente
1388 283 139 27 Bibliografia

1055 324 144 21 Giobertiano
1226 323 24 20 di
1273 322 96 22 Antonio
1391 319 88 20 Bruers,
1505 315 23 19 lo

1055 361 119 19 comprova
1180 354 29 20 ad
1215 354 140 21 esuberanza.
1363 347 95 24 Volumi,
1463 351 66 21 opus-

1055 386 50 24 coli,
1115 384 87 22 articoli
1212 385 23 19 di
1247 385 74 20 riviste
1330 390 13 14 e
1351 382 23 21 di
1382 377 103 29 giornali,
1496 382 33 15 es-

1055 423 57 14 cono
1125 427 27 5 —
1168 415 30 20 da
1213 422 32 14 un
1260 416 35 24 po’
1311 414 22 21 di
1350 411 54 22 anni
1420 417 14 13 a
1449 410 78 24 questa

1056 451 62 21 parte
1124 458 27 5 —
1159 452 14 14 a
1182 446 119 24 centinaia,
1310 441 109 25 esaltanti,
1426 441 24 20 in
1463 445 66 20 géné-

1055 485 31 15 ré,
1096 476 101 22 l’attivita
1206 477 89 24 politica
1308 483 12 14 e
1333 472 107 24 filosofica
1453 470 23 21 di
1488 469 39 21 lui.

1081 508 18 20 Il
1110 507 85 26 grande
1205 508 103 24 patriotta
1318 503 125 26 subalpino,
1456 501 20 21 ci
1492 507 37 19 ap-

1056 545 53 19 pare
1118 545 46 17 ora,
1177 538 69 25 quale
1254 539 118 20 realmente
1383 534 24 21 fu
1417 540 6 14 :
1440 539 31 14 un
1480 537 48 20 pre-

1056 575 96 15 cursore.
1477 588 7 8 ,
1512 587 15 11 ,*

1082 594 17 21 Il
1108 601 41 14 suo
1159 598 11 12 «
1178 593 101 22 Primato
1286 592 83 22 morale
1377 597 14 14 e
1396 589 65 22 civile
1470 589 58 24 degli

1057 625 85 21 Italiani
1151 632 12 11 »
1173 625 62 21 edito
1247 631 13 14 a
1269 623 111 22 Bruxelles
1392 621 38 21 nel
1444 619 58 26 1843,
1516 625 13 14 e

1056 656 101 20 dedicato
1166 656 22 20 al
1194 654 162 22 virtuosissimo
1361 652 70 21 Silvio
1438 650 89 22 Pellico,

1057 686 84 21 rimane
1149 693 14 13 e
1171 687 96 20 rimarrà
1275 694 11 11 «
1294 684 16 21 il
1321 683 77 21 codice
1414 679 115 22 definitivo

1056 717 58 20 délia
1128 720 78 17 nostra
1224 723 62 14 razza
1296 722 11 11 »
1314 722 6 13 :
1334 719 52 16 esso
1402 710 127 23 costituisce

1056 747 80 22 inoltre
1144 747 16 21 il
1169 748 41 25 più
1219 747 86 25 insigne
1312 745 145 21 monumento
1466 740 63 22 stori-

1057 778 143 21 co-filosofico
1216 778 57 21 délia
1280 776 122 26 grandezza
1416 777 77 18 eterna
1506 771 22 21 di

1057 810 70 20 Roma
1134 813 100 18 maestra
1242 807 71 26 d’ogni
1321 806 75 21 civiltà
1403 805 23 20 al
1438 803 90 22 mondo.

1082 835 18 20 11
1115 843 11 12 «
1141 835 101 20 Primato
1252 838 12 12 »
1276 832 82 21 suscité
1375 830 79 21 fervidi
1467 833 63 17 entu-

1057 866 75 20 siasmi
1137 873 14 14 e
1157 864 114 24 consensi,
1280 863 27 20 da
1316 869 45 14 una
1369 865 71 23 parte,
1450 868 13 13 e
1471 859 59 22 criti-

1056 896 42 21 che
1103 897 79 20 acerbe
1186 896 106 21 daîl’altra
1297 901 6 13 :
1309 894 92 20 I’autore
1406 893 24 20 fu
1436 892 93 20 tacciato

1056 927 23 20 di
1088 927 82 21 retrivo
1179 934 14 13 e
1205 927 24 20 di
1241 924 124 22 visionario.
1377 924 18 20 Il
1403 923 57 21 libro
1473 922 57 21 ebbe

1056 958 69 21 molta
1132 958 122 21 diffusione
1266 955 56 22 nelle
1330 954 67 22 classi
1405 954 58 21 coite
1471 960 14 13 e
1493 953 36 20 nel

1056 989 59 20 clero
1124 996 6 17 ;
1146 996 13 13 e
1176 989 98 20 divenne
1284 986 63 26 quasi
1359 992 44 14 una
1418 984 76 26 specie
1507 983 22 21 di

1057 1019 93 26 vangelo
1172 1019 92 26 politico
1274 1025 6 13 :
1303 1023 97 15 nessuna
1417 1015 111 27 pubblica-

1056 1051 71 23 zione,
1145 1057 78 14 scosse
1240 1048 81 27 quanto
1342 1051 80 22 questa
1441 1047 88 21 l’anima

1056 1081 96 25 italianà,
1168 1081 38 26 già
1220 1080 101 21 ridestata
1329 1080 38 20 dal
1378 1086 42 14 suo
1432 1078 99 21 secolare

1056 1115 89 22 torpore
1156 1113 37 20 dal
1211 1111 66 27 genio
1291 1111 22 20 di
1327 1111 133 25 Bonaparte.
1483 1108 47 22 Con

1056 1143 139 26 quest’opera
1209 1143 107 25 poderosa
1328 1142 22 20 la
1364 1141 113 26 quistione
1491 1140 40 21 ita-

1056 1174 66 24 liana,
1145 1174 126 21 astrazione
1292 1173 54 20 fatta
1366 1176 165 17 momentanea-

1056 1208 74 17 mente
1138 1205 37 20 dei
1183 1205 115 25 problema
1308 1203 220 26 dell’indipendenza,

1056 1236 79 20 veniva
1146 1239 138 17 nettamente
1296 1239 77 21 posata
1386 1234 90 22 davanti
1487 1234 43 21 alla

1057 1266 137 25 Diplomazia
1203 1273 103 19 europea,
1311 1267 54 20 Essa
1373 1265 128 27 pressâgiva
1508 1265 22 20 le

1056 1291 90 32 ïfjrorme
1158 1298 23 20 di
1195 1298 42 21 Pio
1249 1297 37 25 IX,
1299 1297 21 21 di
1330 1298 67 21 Carlo
1413 1297 91 21 Alberto
1516 1303 14 14 e

1055 1329 22 20 la
1089 1328 58 26 Lega
1159 1329 79 20 Italica
1246 1336 7 13 :
1269 1329 16 20 il
1298 1329 107 24 Gioberti,
1423 1328 23 21 vi
1456 1328 75 21 addita

1056 1366 42 14 con
1113 1359 116 21 chiarezza
1239 1359 22 21 le
1272 1360 36 21 vie
1319 1360 29 20 da
1360 1360 89 25 seguire
1460 1366 41 19 per
1508 1359 22 20 la

1055 1390 134 21 redenzione
1197 1390 60 21 délia
1263 1390 68 25 patria
1349 1391 61 25 Capo
1421 1390 59 21 délia:
1494 1397 37 14 co-

1055 1421 94 21 siddetta
1158 1421 80 21 scuola
1247 1421 122 26 neoguelfa,
1379 1421 44 26 egli
1432 1428 46 14 non
1492 1428 38 14 era

1055 1458 31 14 un
1095 1452 98 21 unitario
1207 1452 98 22 assoluté
1313 1459 64 15 corne
1386 1452 101 24 Mazzini,
1494 1453 35 20 col

1055 1483 67 25 quale
1129 1483 19 20 si
1154 1485 67 19 trovò
1230 1490 76 19 spesso
1312 1485 23 21 in
1344 1484 100 21 conflitto
1450 1491 6 13 :
1466 1484 64 20 l’uni-

1055 1515 23 19 tà
1085 1514 90 26 politica
1184 1515 106 24 assoluta,
1301 1515 96 22 secondo
1403 1515 16 21 il
1426 1522 41 14 suo
1477 1522 53 18 pen-

1055 1545 66 24 siero,
1130 1552 47 14 non
1185 1552 71 15 aveva
1264 1547 121 20 sufficiente
1393 1547 54 20 base
1455 1546 75 21 nazio-

1055 1576 51 21 nàle
1114 1583 40 18 per
1162 1577 84 25 poteré
1250 1578 112 24 trionfare,
1371 1581 87 18 mentre
1466 1578 64 20 l’uni-

1054 1608 24 19 tà
1085 1607 122 21 federativa
1214 1615 40 14 era
1263 1609 154 21 antichissima-
1427 1608 24 21 in
1466 1609 63 21 Italia

1055 1645 13 14 e
1078 1645 10 11 “
1097 1642 148 18 connaturata
1253 1640 21 20 al
1282 1647 40 14 suo
1329 1640 68 26 genio
1407 1647 19 14 ».

1081 1670 150 25 Propugnava
1239 1671 89 26 dunque
1337 1679 47 13 una
1395 1671 134 21 Confedera-

1054 1701 65 21 zione
1123 1701 23 20 di
1152 1701 56 21 Stati
1215 1701 94 25 Italiani,
1313 1709 42 14 con
1361 1706 77 17 centro
1444 1703 84 20 morale

1054 1739 15 14 a
1078 1732 78 25 Roma,
1168 1733 22 20 la
1206 1733 68 25 quale
1288 1742 11 11 «
1313 1734 150 25 precludendo
1475 1734 53 25 ogni

1055 1763 35 21 via
1099 1764 43 21 aile
1150 1764 134 22 rivoluzioni
1292 1765 27 21 éd
1328 1765 45 21 aile
1384 1765 143 22 innovazioni

1054 1794 115 22 forestière
1178 1803 10 10 »
1199 1796 96 21 avrébbe
1307 1800 128 18 aumentato
1448 1797 22 21 la
1488 1797 41 20 ric-

1054 1825 79 22 chezza
1141 1833 14 14 e
1163 1827 22 20 la
1193 1826 64 21 forza
1265 1827 56 21 délia
1328 1828 103 21 nazione.
1443 1828 85 25 Questa

1055 1857 198 26 Confederazione,
1265 1859 21 20 la
1294 1859 66 26 quale
1368 1865 41 20 per
1416 1866 57 19 poco
1482 1866 46 14 non

1054 1888 20 21 si
1082 1890 82 20 avverò
1173 1890 39 22 nel
1221 1890 57 25 1848,
1294 1890 83 21 doVeva
1392 1892 74 20 éssere
1480 1892 49 25 prè-

1054 1919 85 22 sieduta
1147 1921 38 20 dal
1194 1920 119 24 Pontefice,
1323 1922 108 21 missione
1439 1922 37 21 dei
1488 1922 41 21 Pa-

1054 1954 60 21 pato,
1125 1952 97 20 essendo
1237 1953 72 24 quella
1318 1953 23 20 di
1353 1959 11 11 «
1374 1960 118 19 comporre
1501 1953 28 20 ed

1054 1981 107 21 unificare
1169 1982 33 25 gli
1216 1983 56 20 Stati
1287 1983 84 20 italiani
1380 1990 19 17 »,
1411 1990 38 14 ma
1465 1989 65 20 posta

1054 2015 58 18 sotto
1125 2013 22 20 la
1162 2013 72 21 tutela
1249 2013 94 22 miîitare
1357 2014 37 21 dei
1413 2015 117 20 Piemonte

1055 2050 11 10 «
1083 2043 81 22 Stanza
1180 2044 124 26 principale
1319 2045 60 21 délia
1394 2045 82 22 milizia
1490 2046 40 21 ita-

1053 2073 60 22 liana
1117 2079 25 17 ».

1080 2105 85 26 Questa
1175 2106 60 25 idea,
1245 2107 28 20 da
1281 2107 31 21 lui
1320 2111 115 18 sostenuta
1447 2115 44 14 con
1499 2108 31 21 fe-

1054 2136 35 25 de,
1099 2143 37 14 era
1141 2138 135 25 appoggiata
1284 2139 58 20 dalle
1350 2139 45 25 più.
1405 2140 124 20 autorevoli

1054 2168 153 25 personnalità
1213 2169 58 21 délia
1278 2170 108 25 penisola,
1393 2170 80 26 poichè
1481 2177 49 19 rap-

1054 2202 133 22 presentava
1193 2200 85 25 allora,
1291 2201 81 22 l’unico
1381 2201 72 26 logico
1462 2205 69 18 asset-

1055 2233 24 18 to
1086 2230 98 25 politico.

1080 2261 170 22 Naturalmente
1258 2266 55 18 tutte
1317 2263 22 22 le
1345 2264 116 25 provinciê
1469 2268 62 17 etno-

1055 2292 159 25 graficamente
1222 2294 95 25 italiane,
1329 2295 74 22 anche
1410 2302 26 14 se
1444 2300 87 22 sogget-

1055 2326 23 17 te
1093 2330 15 13 a
1119 2323 279 28 dominazioni-straniere,
1413 2327 118 22 dovevano

1055 2357 89 18 entrare
1153 2362 14 13 a
1175 2355 67 21 farne
1250 2360 60 22 parte
1326 2363 92 20 ognuna
1432 2358 34 21 coi
1481 2366 51 18 pro-

1056 2385 34 25 pri
1098 2392 29 19 go
1128 2387 72 23 verni,
1210 2387 119 22 modificati
1344 2389 29 20 da
1391 2388 81 22 Istituti
1482 2397 50 19 rap-

1056 2418 144 23 presentativi
1214 2417 108 28 (Cunsigli
1336 2419 24 21 di
1373 2420 71 25 Stato,
1458 2421 75 21 Parla-

1056 2448 76 24 menti,
1141 2448 59 26 ecc.)
1209 2455 14 15 e
1232 2456 42 15 con
1288 2450 66 25 pîena
1366 2452 130 21 autonomia
1504 2453 28 20 ed

1056 2478 164 26 îndipendenza
1251 2482 190 25 amministrativa,
1473 2483 60 21 onde

1056 2509 83 22 evitare
1154 2511 17 20 il
1186 2511 131 26 dispotismo
1331 2513 38 21 dei
1387 2516 78 23 poteré
1482 2521 51 14 cen-

1056 2541 63 20 trale.

1082 2566 30 20 La
1121 2566 102 26 Corsica,
1233 2569 88 21 ritinuta
1331 2570 30 20 da
1369 2570 40 25 lui,
1418 2570 96 21 assieme
1519 2578 15 14 a

1055 2597 75 25 Malta,
1140 2606 12 11 «
1162 2605 47 14 una
1218 2599 58 21 delle
1283 2604 163 22 appartenenze
1462 2602 71 21 nobili

1055 2628 83 21 d’Italia
1147 2636 21 17 »,
1177 2629 95 25 doveva,
1288 2631 42 21 ben
1348 2633 80 24 inteso,
1448 2634 85 20 esservi

1055 2664 170 20 rappresentata
1233 2664 57 17 sotte
1301 2662 79 26 l’egida
1395 2664 58 20 délia
1466 2664 68 21 Fran-

1055 2689 40 21 cia.

1081 2721 41 20 Nel
1131 2726 11 11 «
1152 2722 102 21 Primato
1259 2731 11 12 »
1280 2723 42 26 egli
1331 2724 113 27 rivolgeva
1452 2726 27 20 ai
1493 2733 41 14 va-

1055 2751 70 22 lorosi
1130 2753 87 25 figlioli
1223 2754 64 21 délia
1296 2755 100 26 Corsica,
1409 2760 79 22 queste
1496 2764 38 19 pa-

1055 2783 48 21 rôle
1112 2790 6 13 :

1081 2821 11 10 «
1112 2815 29 20 Se
1154 2822 32 14 un
1208 2818 107 19 concòrso
1331 2818 161 22 straordinario
1510 2819 23 21 di

1055 2845 89 21 fortuna
1153 2847 23 20 vi
1185 2847 32 20 ha
1229 2847 76 21 divelti
1314 2848 59 22 dalla
1385 2856 98 15 cumune
1496 2857 38 19 gé-

1056 2876 78 21 nitrice
1142 2878 29 20 ed
1179 2878 136 26 incorporati
1323 2887 14 13 a
1346 2887 31 14 un
1387 2881 82 26 popolo
1478 2885 55 17 stra-

1056 2907 70 25 niero,
1141 2909 103 26 sappiate
1256 2912 138 20 mahtenervi
1408 2912 24 21 di
1448 2912 83 25 animo,

1056 2938 23 20 di
1087 2938 96 22 desideri
1192 2947 15 14 e
1217 2940 23 20 di
1246 2946 106 19 speranze
1357 2942 92 22 italiani.

1082 2975 11 11 «
1103 2970 144 22 Ricordatevi
1256 2971 41 21 che
1302 2972 7 20 i
1317 2974 71 21 vostri
1396 2974 38 21 avi
1442 2975 91 20 veniva-

1056 3006 30 14 no
1104 3001 91 25 riputati
1201 3002 9 20 i
1219 3002 98 26 peggiori
1326 3004 86 22 schiavi
1421 3005 37 21 dei
1469 3012 62 14 mon-

1056 3030 29 21 do
1093 3038 14 13 e
1116 3031 41 22 che
1165 3037 82 22 questo
1253 3033 93 23 biasimo
1355 3043 39 14 era
1401 3036 22 21 la
1435 3036 98 26 maggio-

1057 3068 24 14 re
1089 3062 50 21 Iode
1145 3064 43 21 che
1196 3064 78 21 daresi
1280 3069 88 20 potesse
1374 3071 159 16 umanamente

1056 3092 43 21 alla
1108 3093 124 23 virtùloro.
1239 3095 10 21 I
1257 3096 68 20 vostri
1333 3098 65 24 padri
1407 3098 127 21 abborriro-

1056 3130 30 14 no
1094 3124 17 20 il
1120 3125 66 26 giogo
1202 3126 24 21 di
1240 3133 45 14 una
1298 3127 88 22 illustre
1402 3128 130 26 repubblica

1055 3153 91 23 italiana
1163 3163 14 14 e
1193 3157 77 21 fecero
1286 3161 59 18 sottu
1358 3159 33 25 gli
1405 3160 101 23 Ornano,
1524 3160 9 19 i

1057 3184 109 27 Giafferri,
1172 3188 9 20 i
1190 3188 86 21 Gaffori
1284 3195 14 14 e
1305 3189 8 19 i
1318 3189 73 25 Paoli,
1401 3190 98 25 portenti
1510 3190 23 21 di

1056 3215 75 22 valore
1139 3224 42 19 per
1190 3219 156 21 riscattarsene
1352 3228 7 13 :
1368 3227 15 14 e
1391 3227 13 14 a
1413 3221 38 20 voi
1456 3221 55 20 darà
1516 3221 18 20 il

1056 3253 67 14 cuore
1131 3248 23 20 di
1163 3250 88 20 servire
1259 3254 198 21 spontaneamente
1465 3257 15 14 a
1488 3258 45 14 una

1056 3277 93 22 nazione
1155 3281 118 21 straniera,
1286 3281 81 25 perché
1375 3282 44 20 ella
1433 3281 67 21 Iiberi
1510 3283 23 21 vi

1055 3308 86 21 chiama
1147 3310 12 20 ?

1081 3345 11 11 «
1107 3339 48 21 Che
1168 3341 81 21 liberté
1261 3343 13 20 è
1286 3343 22 20 la
1320 3347 77 16 vostra
1411 3349 42 19 per
1466 3350 68 15 avéré

1055 3370 95 23 qualche
1158 3378 78 15 scarso
1249 3374 104 25 suffragio
1370 3374 24 20 in
1411 3381 32 13 un
1461 3375 74 24 parla-

1056 3404 75 17 mento
1140 3401 120 24 forestiero
1266 3405 12 20 ?
1300 3405 9 20 I
1317 3405 68 25 pochi
1395 3405 24 20 in
1435 3405 53 25 ogni
1496 3412 39 19 go-

1055 3436 70 15 verno
1131 3432 106 23 debbono
1246 3435 102 21 ubbidire
1355 3435 22 21 ai
1384 3435 79 25 pocchi
1473 3436 30 20 od
1511 3437 24 20 ai

1056 3461 63 20 molti
1125 3468 6 13 :
1140 3469 38 14 ma
1186 3464 24 20 la
1220 3471 52 14 vera
1280 3466 79 21 liberté
1367 3467 15 19 è
1391 3466 16 20 il
1420 3466 83 21 decoro
1511 3467 24 21 di

1056 3490 36 20 chi
1107 3492 124 26 ubbidisce,
1248 3496 142 25 richieggono
1405 3496 42 21 che
1461 3498 74 23 questi

1057 3521 63 20 molti
1128 3529 12 14 e
1153 3525 69 23 pochi
1236 3527 62 20 siano
1310 3534 52 13 seco
1378 3527 117 25 congiunti
1511 3528 24 21 di

1056 3551 75 26 stirpe,
1140 3554 25 20 di
1174 3555 86 26 îingua,
1272 3558 23 19 di
1305 3558 80 25 patria,
1394 3558 23 20 di
1431 3559 103 21 costumî.

1057 3582 33 20 Or
1104 3585 67 22 quale
1188 3587 14 18 è
1221 3587 22 20 la
1259 3592 73 16 vostra
1351 3589 85 20 unione
1452 3595 44 14 con
1512 3590 23 19 la

1059 3613 99 26 Francia,
1168 3622 25 14 se
1207 3624 47 14 non
1269 3619 73 24 quella
1355 3619 23 20 di
1393 3626 44 14 una
1451 3619 85 22 infâme

1058 3644 87 21 vendita
1154 3653 14 14 e
1175 3647 24 20 di
1209 3654 32 14 un
1249 3653 60 21 patto
1320 3650 111 25 ilîusorio,
1441 3657 41 18 per
1499 3652 36 20 cui

1058 3671 154 26 dugentomila
1221 3677 85 20 uomini
1319 3678 20 20 si
1352 3679 98 21 credono
1461 3679 73 25 Iiberi,

1058 3702 137 24 immolando
1210 3706 105 23 Farbitrio
1326 3709 51 21 loro
1390 3717 14 14 a
1418 3710 118 21 trentadue

1058 3733 85 22 milioni
1152 3735 24 21 di
1190 3741 96 18 estranei
1295 3739 12 20 ?
1318 3739 39 21 Ma
1373 3741 81 25 poiehè
1470 3741 65 21 Iiberi

1060 3764 23 20 vi
1100 3765 120 23 chiamano
1238 3775 13 14 e
1263 3766 37 23 tali
1316 3771 57 21 siete
1390 3771 90 21 almeno
1495 3779 41 18 per

1553 127 83 22 diritto,
1652 123 97 26 sappiate
1764 120 96 25 cogliere
1873 117 17 21 il
1904 116 74 20 destro
1999 111 23 20 di

1553 157 117 22 esercitare
1689 155 77 23 questa
1787 147 146 29 prerogativa,
1959 149 63 16 corne

1553 188 72 26 prima
1634 187 20 19 la
1665 182 150 23 Provvidenza
1824 179 35 21 vel
1868 183 75 20 porga.

1580 228 10 11 «
1600 218 88 21 Potrete
1697 214 43 23 voi,
1754 210 78 23 isolani
1843 207 83 22 d’Italia
1943 208 79 17 esitare

1553 257 31 14 un
1592 249 82 20 istante
1682 243 89 28 quando
1783 242 22 20 vi
1818 240 50 21 saré
1880 238 51 20 dato
1944 235 14 20 d
1965 235 58 24 eleg-

1552 286 53 20 gere
1614 279 34 20 fra
1657 275 72 25 Parigi
1738 281 13 14 e
1759 273 71 20 Roma
1838 271 13 20 ?
1861 269 48 21 Che
1917 269 13 18 è
1938 268 84 24 quanto

1553 311 48 21 dire
1609 309 34 21 fra
1652 315 30 13 un
1691 305 80 27 popolo
1784 303 28 20 da
1825 301 36 21 voi
1873 299 150 22 differentissi-

1553 341 69 22 mo'di
1632 344 90 20 sangue,
1737 335 23 21 di
1774 333 87 23 favella,
1879 328 102 23 d’indole,
1999 328 23 18 di

1553 370 110 23 abitudini
1671 377 13 13 e
1691 367 88 27 (poichè
1787 364 50 26 oggi
1850 363 87 24 l’empio
1951 361 73 18 costu-

1553 411 37 14 me
1598 402 23 21 vi
1630 398 97 26 domina)
1737 395 100 24 eziandio
1846 394 23 21 di
1882 392 112 25 religione,
2010 394 13 14 e

1553 436 21 20 la
1583 434 40 26 più
1631 433 84 20 illustre
1723 429 94 22 nazione
1825 426 36 21 dei
1869 423 89 23 mondo,
1967 428 13 13 a
1987 426 36 14 cui

1553 465 56 22 tanti
1626 462 80 27 Iegami
1718 461 22 21 vi
1753 459 115 25 stringono
1886 455 22 20 di
1924 452 57 24 fede,
2000 451 23 20 di

1553 496 76 21 civilté
1637 501 14 14 e
1659 493 23 21 di
1690 495 78 18 natura
1777 490 12 21 ?
1993 513 6 6 .

1581 535 11 11 «
1606 524 133 23 Continuate
1748 529 13 13 a
1774 520 86 22 inviare
1871 518 8 20 i
1893 515 68 23 vostri
1978 520 46 19 gio-

1554 558 53 21 vani
1616 563 13 14 a
1638 553 146 27 disciplinarsi
1795 550 58 22 nella
1861 552 63 23 parte
1929 547 37 26 più
1971 545 53 21 elet-

1553 593 23 17 ta
1585 587 59 22 délia
1653 585 105 28 penisola,
1773 590 13 14 e
1794 582 28 21 ad
1830 577 143 25 imbeverarsi
1987 575 37 21 dei

1554 617 135 24 sentimenti,
1698 616 57 21 delle
1763 613 104 22 dottrine,
1877 610 57 22 delle
1942 614 83 16 manié-

1554 657 32 17 ré,
1598 649 58 20 délia
1669 647 87 25 loquela
1773 652 13 13 e
1799 644 35 21 dei
1847 642 55 21 tanti
1917 640 35 21 riti
1966 639 58 20 délia

1553 680 85 26 patria:
1652 678 60 21 acciò
1723 669 37 28 nei
1773 676 80 25 giorno
1866 672 36 21 dei
1915 677 54 20 gran
1984 669 41 20 ris-

1553 714 59 18 catto
1622 710 63 21 siano
1693 706 73 28 pronti
1775 706 28 21 ed
1812 701 168 30 apparecchiati.

1580 746 11 11 «
1601 740 68 22 Prodi
1678 738 71 24 Corsi,
1758 738 146 20 rammentate
1913 733 41 21 che
1962 732 63 20 deste

1553 773 22 21 al
1588 771 84 22 mondo
1685 769 136 26 Napoleone,
1836 773 37 15 ma
1887 765 41 21 che
1942 764 15 21 il
1970 763 55 21 rice-

1554 807 63 18 veste
1628 801 112 22 dall’Italia
1754 798 150 29 peninsulare,
1917 801 63 16 corne
1993 800 31 15 un

1553 834 124 27 germoglio
1685 833 35 21 dei
1729 839 41 14 suo
1779 831 58 21 bello
1846 836 14 15 e
1867 828 101 22 dilettoso
1982 829 43 17 ter-

1554 873 64 18 reno,
1637 865 139 26 trapiantato,
1795 861 82 22 nutrito
1895 867 13 14 e
1922 865 49 14 reso
1987 863 38 20 ga-

1554 897 87 26 gliardo
1649 896 34 21 fra
1691 896 21 21 le
1720 898 74 18 vostre
1807 893 57 26 rupi.
1874 887 150 30 Specchiatevi

1554 929 37 20 nel
1604 928 86 27 grande
1697 933 67 15 uomo
1773 925 42 21 che
1823 922 138 29 procedendo
1973 920 53 25 dap-

1555 960 73 26 prima
1637 959 34 21 col
1680 965 70 15 senno
1759 956 71 27 patrio
1845 962 13 14 e
1870 956 86 25 portato
1967 951 58 21 dalle

1555 991 44 20 due
1607 991 51 21 idee
1666 990 56 21 délia
1732 988 63 22 unité
1805 986 90 22 italiana
1903 992 13 13 e
1927 982 99 23 dell’uni-

1554 1023 23 20 tà
1586 1022 108 24 cattolica,
1704 1021 19 21 si
1731 1020 51 21 levô
1790 1018 43 22 aile
1839 1021 69 18 stesse
1914 1023 13 14 e
1935 1018 90 19 ottenne

1555 1054 53 25 quei
1624 1052 75 22 trionfi
1715 1052 42 21 che
1770 1051 23 21 lo
1811 1055 75 16 resero
1903 1047 82 21 arbitro
2002 1045 23 20 di

1555 1084 94 22 Francia
1657 1091 13 14 e
1678 1084 116 25 d’Europa.
1808 1081 36 21 Ma
1852 1079 89 27 quando
1949 1078 77 21 imme-

1555 1123 63 14 more
1624 1116 36 21 dei
1666 1115 47 21 suoi
1719 1113 104 27 principii
1832 1112 19 21 si
1860 1113 83 20 mostrô
1951 1111 75 25 ingra-

1555 1151 23 17 te
1587 1154 66 14 verso
1662 1147 76 23 Roma,
1748 1145 42 22 che
1799 1151 71 14 aveva
1878 1142 117 23 benedettô
2009 1141 17 20 il

1555 1185 42 14 suo
1615 1181 81 18 scettro
1712 1184 13 13 e
1739 1183 66 15 verso
1819 1175 77 21 ITtalia
1908 1174 41 21 che
1961 1174 23 20 in
1993 1172 33 22 lui

1555 1210 101 21 salutava
1664 1209 16 21 il
1688 1215 40 14 suo
1737 1208 125 24 redentore,
1872 1206 43 26 egli
1924 1205 69 22 cadde
2001 1204 24 21 in

1554 1244 62 18 tanta
1629 1240 99 26 sciagura
1734 1239 42 22 ché
1784 1240 45 25 puô
1839 1238 47 22 solo
1891 1236 135 27 pareggiarsi

1554 1272 43 21 alla
1610 1278 42 15 sua
1659 1272 129 25 grandezza.
1801 1269 125 22 Miserando
1943 1268 44 21 fato
2002 1267 24 21 di

1555 1304 64 25 colpa
1628 1310 14 14 e
1650 1303 23 21 di
1679 1310 64 18 pejia,
1752 1303 74 26 degno
1833 1301 24 22 di
1865 1304 76 18 eterno
1949 1306 14 15 e
1976 1306 51 19 pro-

1555 1335 70 20 fondo
1636 1334 138 25 rammarico,
1783 1333 82 26 perché
1876 1333 69 20 niuno
1958 1337 69 20 seppe

1555 1372 96 19 pensare
1659 1373 13 14 e
1680 1366 82 21 sentire
1770 1365 39 26 più
1818 1364 164 21 italianamente
1990 1362 36 21 dei

1555 1401 77 18 vostro
1642 1397 65 21 unico
1713 1396 152 26 compatriota,
1872 1396 30 20 né
1905 1394 56 22 ebbe
1964 1400 63 15 men-

1554 1432 23 17 te
1591 1429 40 25 più
1646 1428 82 21 eccelsa
1741 1435 13 14 e
1772 1426 164 27 cosmopolitica
1942 1433 7 18 ;
1967 1425 60 22 onde

1554 1460 97 21 sublime
1659 1460 37 21 nel
1705 1466 40 15 suo
1754 1459 102 26 apparire
1863 1465 64 15 corne
1935 1457 36 22 nel
1984 1463 41 15 suo

1554 1495 120 21 tramonto,
1683 1491 42 26 egli
1731 1491 24 21 fu
1761 1491 25 21 in
1794 1490 109 22 ambedue
1908 1490 21 21 le
1938 1489 88 21 fortune

1554 1529 32 14 un
1598 1522 52 22 vivo
1656 1523 84 21 ritratto
1748 1522 92 21 d’Italia.

1581 1561 9 10 «
1601 1553 259 23 Guartevidall’imitarlo
1867 1553 36 21 nei
1911 1552 49 22 suoi
1967 1559 60 15 erro-

1553 1585 28 23 ri,
1591 1592 41 19 per
1640 1593 46 14 non
1692 1586 96 25 seguirlo
1797 1585 60 21 nella
1864 1585 85 24 rovina,
1963 1591 63 14 acco-

1553 1617 116 20 munando
1675 1617 24 21 Je
1708 1621 74 17 vostre
1793 1617 54 21 sorti
1864 1616 104 22 avvenire
1982 1622 43 15 con

1553 1648 76 25 quelle
1645 1648 57 21 délia
1713 1649 95 20 nazione
1821 1655 13 14 a
1849 1648 36 21 cui
1898 1648 54 21 siete
1967 1647 58 21 assai

1553 1686 68 14 meno
1630 1680 116 25 compagni
1756 1680 42 21 che
1806 1680 66 24 servi,
1886 1679 140 26 imperocchè

1553 1718 25 14 se
1586 1712 31 25 gli
1626 1711 74 21 eventi
1709 1712 143 25 costringono
1863 1711 90 21 talvolta
1967 1711 8 21 i
1988 1717 39 20 po-

1554 1743 54 26 poli,
1627 1749 46 14 non
1689 1742 120 23 altrimenti
1823 1742 41 21 che
1868 1743 31 25 gli
1907 1742 118 24 individui,

1552 1774 30 20 ad
1599 1777 109 18 accettare
1725 1781 31 14 un
1774 1774 119 21 simuïacro
1912 1774 23 21 di
1955 1774 71 25 patria

1554 1805 107 25 adottiva,
1671 1812 44 14 non
1724 1806 19 20 si
1752 1807 46 24 puô
1806 1805 46 21 mai
1860 1805 118 26 rinnegare
1985 1812 42 19 per

1553 1843 12 14 a
1567 1843 64 15 more
1639 1837 23 20 di
1670 1844 49 14 essa
1727 1837 23 21 la
1758 1837 72 26 patria
1838 1837 107 25 naturale,
1959 1843 67 15 senza

1554 1868 102 22 rendersi
1668 1875 38 14 reo
1714 1868 22 21 di
1746 1869 121 21 esecrabile
1880 1869 118 26 parricidio
2005 1876 19 13 ».

1580 1899 35 21 Ho
1624 1900 76 21 voluto
1709 1900 67 21 citare
1790 1900 58 21 nella
1860 1907 41 15 sua
1914 1900 109 27 intégrité,

1553 1935 82 21 questo
1652 1932 117 25 éloquente
1786 1932 78 25 brano,
1878 1932 81 27 perché
1975 1939 50 14 esso

1555 1963 128 20 costituisce
1690 1970 45 14 una
1743 1964 81 25 pagina
1836 1964 24 20 di
1873 1964 86 21 visione
1972 1964 55 26 poli-

1554 1992 44 22 tica
1606 1993 87 26 précisa
1698 2001 13 14 e
1719 1994 117 22 realistica.

1580 2025 26 20 In
1622 2028 83 22 quanto
1721 2032 14 14 a
1750 2026 135 25 Napoleone,
1899 2026 37 21 dei
1952 2026 72 26 quale,

1554 2062 65 15 corne
1628 2056 19 21 si
1656 2057 13 20 è
1678 2057 57 20 visto
1743 2056 99 22 Gioberti
1854 2064 38 15 era
1904 2065 31 14 un
1949 2058 77 21 ammi-

1555 2090 75 18 ratore
1636 2088 110 25 convinto,
1756 2089 75 25 eglijo
1840 2089 115 21 considéré
1969 2096 57 15 sem-

1554 2125 41 18 pre
1609 2119 98 25 italiano,
1723 2128 12 11 «
1752 2120 83 25 perché
1849 2121 21 20 la
1889 2121 90 21 Corsica
1996 2121 30 21 ha

1554 2156 90 20 sempre
1650 2155 145 21 appartenuto
1800 2153 145 20 moralmente
1953 2159 14 15 e
1975 2160 52 19 geo-

1554 2181 158 26 graficamente
1720 2182 106 26 all’Italia,
1836 2191 13 13 e
1860 2184 82 25 perché
1955 2184 72 27 politi-

1555 2216 103 18 camente
1671 2220 44 15 non
1725 2214 29 20 ha
1766 2215 46 20 mai
1824 2214 54 22 fatto
1892 2219 62 22 parte
1968 2216 59 21 délia

1555 2244 94 21 Francia
1658 2245 36 20 dal
1708 2245 84 22 diluvio
1810 2246 140 22 universale..
1968 2253 11 11 »
1997 2248 31 21 al-

1555 2275 8 21 1
1570 2282 71 19 epoca
1664 2276 55 21 délia
1745 2278 84 21 nascita
1855 2278 22 21 di
1900 2279 128 25 Napoleone

1555 2311 81 16 stesso.

1581 2338 50 21 Che
1638 2338 17 21 il
1660 2340 83 25 grande
1751 2340 136 26 Imperaterè
1895 2340 58 23 fosse
1958 2342 70 21 italia-

1556 2376 38 17 no,
1601 2376 40 14 era
1649 2371 71 20 anche
1726 2371 121 26 l’opinione
1861 2373 23 20 di
1895 2372 106 23 Stendhal
2015 2381 13 14 e

1555 2401 24 20 di
1588 2401 65 20 molti
1661 2402 50 21 altri
1719 2406 71 18 stesse
1798 2403 103 22 francesi.

1583 2432 31 20 La
1624 2433 68 20 storia
1703 2434 12 20 è
1723 2434 69 21 storia
1799 2441 13 14 e
1821 2442 98 14 nessuno
1930 2436 29 21 ha
1970 2437 16 20 il
1997 2437 32 20 di-

1557 2462 52 21 ritto
1618 2463 24 20 di
1651 2464 100 21 alterarla
1760 2472 14 13 o
1782 2466 23 19 di
1814 2467 138 21 cancellarîa.

1584 2493 36 21 Gli
1635 2495 148 22 avvenimënti
1795 2497 96 21 dolorosi
1905 2498 35 21 dei
1956 2499 49 26 1848
2017 2507 13 13 e

1557 2525 59 25 1849,
1624 2525 74 22 fecero
1703 2527 132 26 naufragare
1842 2528 15 21 il
1867 2534 99 21 progetto
1972 2531 58 21 délia

1558 2556 191 23 Confederazione
1757 2559 90 21 italiana
1856 2561 27 21 ed
1892 2561 16 21 il
1916 2568 41 15 suo
1971 2562 60 22 idea-

1557 2591 50 17 tore
1615 2588 86 22 moriva
1710 2590 92 21 lontano
1810 2591 58 21 dalla
1880 2593 70 24 patria
1959 2594 49 21 solo
2018 2600 12 15 e

1558 2619 126 22 sconsolato
1688 2626 15 15 a
1708 2621 74 26 Parigi
1788 2622 137 22 nell’ottobre
1931 2625 35 20 dei
1973 2625 55 21 1852.

1558 2650 35 20 Da
1608 2656 51 16 esso
1675 2653 61 23 peré,
1749 2654 91 24 auspice
1852 2654 21 21 la
1891 2655 99 22 Dinastia
2007 2657 23 21 di

1558 2681 90 24 Savoia,
1653 2682 85 21 doveva
1746 2685 154 25 germogliare,
1909 2687 74 24 quello
1991 2688 40 25 più

1557 2713 87 24 grande
1652 2712 57 22 délia
1717 2715 63 20 unité
1788 2712 91 28 d’ïtaîia,
1892 2716 139 23 felicemente

1558 2744 114 25 compiuta
1680 2750 42 15 con
1730 2745 95 22 l’ultima
1837 2753 88 20 guerra.

1733 2782 28 21 O.
1774 2783 29 21 F.
1819 2783 181 24 TENGAJOLI.

1584 2822 85 21 Vldea
1680 2824 137 26 Nazionale,
1826 2831 13 20 7
1847 2830 78 22 agostu
1934 2832 57 22 1924.

1557 2925 131 51 POUR
1719 2929 63 49 LA
1815 2931 173 51 PATRIE
2013 2933 15 49 !

1587 3060 107 29 Quoique
1705 3061 22 23 le
1734 3063 104 30 chapitre
1858 3065 28 22 de
1906 3066 22 23 la
1945 3075 84 22 guerre

1558 3100 30 16 en
1598 3094 50 22 soit
1659 3095 74 23 arrivé
1741 3104 15 15 a
1765 3100 49 20 être
1825 3099 171 32 anachronique
2012 3103 17 23 il

1558 3130 37 19 est
1606 3129 106 28 toujours
1733 3130 42 23 des
1792 3133 135 29 grincheux,
1942 3135 29 23 de
1987 3144 42 22 par

1557 3164 69 19 notre
1655 3163 106 24 machine
1786 3167 79 27 ronde,
1887 3169 39 28 qui
1941 3172 14 20 à
1974 3178 55 16 mon

1558 3195 75 22 instar
1641 3202 27 16 se
1679 3198 152 24 souviennent
1853 3208 83 17 encore
1955 3205 29 22 de
2005 3205 25 23 la

1558 3229 90 28 grande
1656 3231 72 22 tuerie
1744 3235 24 19 et
1782 3233 42 23 des
1835 3235 124 29 profondes
1988 3239 42 25 ini.

1558 3263 77 28 quités
1645 3264 82 29 qu’elle
1742 3273 14 15 a
1764 3268 150 29 engendrées.

1586 3297 29 22 Je
1626 3304 29 16 ne
1666 3298 60 29 puis,
1736 3301 55 27 moi,
1803 3302 91 23 oublier
1902 3307 50 21 tout
1963 3309 14 20 à
1987 3307 42 23 fait

1558 3337 46 22 que
1616 3331 24 22 le
1650 3331 69 24 brave
1731 3334 89 30 bougre
1839 3343 44 22 que
1899 3339 24 28 je
1948 3341 51 23 suis
2016 3348 14 16 a

1559 3366 37 20 été
1611 3370 91 18 comme
1710 3369 49 21 tant
1779 3369 100 23 d’autres
1890 3371 23 22 la
1936 3374 93 23 victime

1559 3397 30 22 de
1601 3399 111 27 procédés
1723 3402 129 23 révoltants
1866 3411 45 16 aux
1918 3408 112 27 premiers

1557 3430 68 29 jours
1639 3432 29 22 de
1676 3433 23 22 la
1713 3442 83 21 guerre
1822 3437 31 22 du
1878 3439 70 24 droit
1955 3441 10 28 (
1973 3442 24 29 Ì)
2009 3445 23 19 et

1559 3463 31 22 de
1603 3465 25 22 la
1647 3467 155 25 civilisation
1808 3471 26 28 (!)

1588 3497 125 31 Incorporé
1724 3503 58 20 au7e
1788 3503 140 30 d’artillerie,
1944 3509 13 20 à
1963 3508 68 29 Ajac-

1560 3531 45 27 cio,
1617 3533 26 27 je
1652 3533 37 22 fus
1704 3539 100 26 renvoyé
1813 3538 64 22 dans
1883 3545 53 16 mes
1941 3542 91 27 foyers

1559 3571 31 15 en
1601 3566 125 23 novembre
1740 3568 59 23 1914.

1589 3597 112 30 Rappelé,
1718 3601 70 23 visité
1811 3610 42 21 par
1870 3611 32 15 un
1929 3607 104 23 médecin

1560 3631 16 22 d
1584 3631 38 27 ici,
1639 3632 24 28 je
1674 3632 37 23 fus
1716 3634 49 28 pris
1778 3635 46 22 bon
1835 3643 61 22 pour
1910 3638 22 24 le
1944 3641 90 21 service

1559 3670 68 20 armé
1645 3671 24 19 et
1694 3673 88 26 envoyé
1797 3679 30 14 au
1849 3672 55 23 173e
1923 3677 14 20 à
1963 3676 71 23 Corté

1560 3701 56 23 d’où
1628 3704 68 27 après
1708 3704 53 29 cinq
1777 3706 59 22 mois
1850 3706 28 22 de
1899 3708 79 29 séjour
2004 3717 30 15 on

1561 3743 11 14 «
1579 3736 158 30 m’embarqua
1745 3746 11 14 »
1766 3746 59 22 pour
1837 3739 23 22 le
1879 3740 70 24 front.
1962 3743 20 22 Il
1995 3750 38 16 me

1560 3770 110 22 souvient
1692 3772 66 22 avoir
1779 3780 32 15 vu
1827 3774 64 22 alors
1907 3783 31 14 un
1961 3777 74 23 Mon-

2048 108 76 23 sieur,
2138 109 52 17 sans
2200 101 71 22 doute
2281 101 46 23 fort
2338 102 53 26 bien
2405 109 52 29 dans
2472 121 5 17 1

2048 139 90 32 papiers
2150 142 44 17 aux
2206 136 107 28 magnats
2323 136 28 22 de
2363 138 23 23 la
2395 144 60 27 politj
2479 131 19 18 GS

2049 171 133 31 disparaître
2196 168 142 23 subitement
2350 170 43 25 des
2404 165 93 43 rangsf’

2049 213 57 17 ceux
2117 204 38 30 qui
2167 202 83 23 allions
2263 209 59 15 nous
2341 204 57 25 faire
2414 217 11 15 «
2434 220 46 23 Crev
2488 201 10 15 e

2049 241 22 22 la
2093 245 74 24 peau»
2186 235 126 23 s’installer
2332 239 136 36 tranquille
2469 231 30 39 J*

2049 274 55 23 chez
2115 272 33 22 lui
2155 273 23 20 et
2188 270 52 22 n’en
2251 269 52 29 plus
2323 270 87 33 bouger
2421 279 48 32 jÜSq

2049 305 137 25 l’armistice;
2197 303 64 23 alors
2282 304 70 29 qu’un
2372 310 53 26 père
2439 316 25 25 de
2479 296 20 42 iì

2049 341 89 23 enfants
2153 345 35 15 me
2200 337 72 23 tenait
2282 343 140 29 compagnie,
2434 355 36 20 Sllr
2483 329 17 37 ,°

2049 376 62 29 ligne
2122 373 29 22 du
2164 372 25 22 P.
2203 371 27 22 L.
2241 370 42 28 M.,
2296 371 57 24 dans
2365 381 31 17 un
2406 385 74 28 wag0n
2489 367 11 17 3

2049 409 104 22 bestiaux
2166 406 38 29 qui
2216 412 61 15 nous
2294 408 86 22 menait
2398 413 13 21 à
2430 401 70 46 l’ahai*

2050 443 52 23 toir.

2078 474 131 31 Cependant
2222 475 78 21 rentré
2322 474 34 23 du
2379 477 59 28 front
2452 487 28 28 jJa

2050 509 83 32 prends
2142 511 13 20 à
2167 507 152 23 l’intendance
2331 516 45 22 que
2388 519 34 18 ma
2438 519 52 27 class

2050 547 36 21 est
2097 544 95 25 libérée;
2202 541 44 23 ouf
2257 542 6 21 !

2077 578 27 23 Je
2115 576 87 24 n’allais
2214 582 43 23 pas
2270 575 130 33 longtemps
2421 589 80 29 profit^

2051 613 28 23 de
2094 619 36 16 ma
2141 611 88 23 liberté.

2079 647 65 22 Deux
2161 646 66 28 jours
2252 646 66 27 après
2341 646 26 28 je
2386 650 115 31 m’alitais

2050 681 48 22 rien
2107 677 125 24 d’anormal
2245 680 13 20 à
2266 677 49 23 cela
2327 682 68 27 après
2406 673 95 46 quelqu^

2051 714 58 23 mois
2130 713 28 22 de
2169 711 122 23 tranchées
2314 713 100 27 n’est-ce.
2422 726 79 22 pas?^

2051 748 32 23 Ce
2094 747 53 31 qu’il
2160 754 17 22 y
2187 753 28 16 eu
2233 746 128 24 d’anormal
2381 750 73 28 furent

2050 781 138 31 prétentions
2207 780 54 23 d’un
2290 782 112 31 médecin,
2416 794 27 17 au
2457 799 44 22 nom

2051 817 52 23 bien
2112 815 100 23 folichon
2224 817 25 20 et
2257 815 52 23 bien
2320 823 68 18 corse
2396 825 66 27 aussi,
2470 833 31 21 qu-

2051 858 37 16 me
2099 850 97 23 réclama
2205 849 55 22 1600
2271 849 78 25 francs
2361 852 140 37 d’honoraires

2051 892 58 23 pour
2120 885 33 22 les
2164 883 63 23 soins
2243 890 54 23 que,
2310 884 30 23 de
2355 893 91 20 concert
2457 901 45 21 avec

2052 926 30 16 un
2092 918 100 23 médecin
2200 920 14 20 à
2227 918 58 22 trois
2296 919 82 28 galons
2391 922 27 23 de
2434 925 21 24 la
2465 936 37 19 »0a.

2051 954 56 27 rine,
2114 953 16 22 il
2142 952 90 23 m’avait
2243 952 133 30 prodigués,
2384 962 30 17 au
2425 958 42 26 lieu
2480 966 22 23 de

2052 995 36 16 me
2097 988 57 22 faire
2168 987 114 22 admettre
2293 989 13 20 à
2315 987 103 31 l’hôpital
2425 1000 77 23 comme

2052 1022 16 23 il
2077 1022 74 24 aurait
2159 1021 30 22 dû
2201 1021 22 22 le
2235 1021 86 23 faire...

2079 1057 72 29 Après
2161 1062 29 15 un
2201 1062 31 15 an
2240 1055 30 22 de
2282 1056 99 24 maladie
2393 1062 22 20 et
2420 1061 38 24 dès
2468 1073 35 22 qUe

2049 1091 59 30 j’eus
2116 1092 131 21 commencé
2259 1092 14 20 à
2285 1091 116 24 travailler
2417 1095 52 26 dans
2485 1101 17 24 }a

2052 1133 41 15 rue
2112 1125 40 22 des
2168 1124 161 28 trois-Maries,
2343 1133 31 16 un
2394 1131 109 28 gendarme

2053 1172 27 6 —
2088 1159 180 23 saluez!—vint
2283 1166 37 16 me
2348 1163 91 24 trouver
2454 1174 49 22 pour

2052 1201 37 16 me
2104 1194 48 23 dire
2163 1200 44 23 que
2223 1200 12 14 a
2245 1200 44 16 ma
2301 1195 124 26 situation
2440 1201 26 22 de
2482 1211 21 16 ce

2053 1229 61 30 qu'il
2125 1235 29 16 en
2166 1227 119 24 résultait
2296 1229 43 22 des
2346 1232 117 30 enquêtes,
2469 1241 34 26 ap-

2048 1265 156 28 paremment
2214 1262 49 23 elle
2280 1262 62 24 était
2349 1267 50 26 pas
2412 1268 92 29 réguliè-

2052 1305 54 16 re)).

2080 1332 45 24 Sur
2135 1339 37 17 ses
2183 1332 100 24 conseils
2295 1333 25 30 je
2332 1334 59 23 m’en
2405 1335 36 24 fus
2453 1338 51 26 donc

2052 1370 14 20 à
2075 1367 149 23 l’intendance
2233 1369 31 21 où
2272 1367 46 23 l’on
2332 1375 36 16 me
2380 1369 26 23 fil
2413 1370 47 24 filer
2470 1381 34 17 sur

2053 1401 76 24 Corté.
2137 1401 96 29 Là-bas,
2241 1404 13 20 à
2260 1402 22 23 la
2290 1401 101 25 Caserne
2402 1404 99 33 Marbeuf,

2053 1444 32 15 un
2105 1436 112 31 capitaine
2223 1436 123 31 m’obligea
2357 1440 14 20 à
2391 1441 80 23 revêtir
2486 1443 18 24 la

2052 1471 71 23 livrée
2134 1471 107 23 militaire
2253 1474 25 20 et
2286 1479 25 15 se
2323 1472 103 25 refusant
2436 1477 12 21 à
2460 1479 42 22 tou-

2052 1509 23 20 te
2086 1506 135 30 explication
2239 1513 38 16 me
2292 1506 87 31 dirigea
2400 1508 58 25 illico
2471 1519 33 17 sur

2053 1541 72 30 Lyon,
2134 1540 45 23 fort
2185 1540 115 29 Lamotte,
2311 1541 61 29 d’où,
2382 1550 43 16 une
2432 1547 72 22 semai-

2052 1582 29 15 ne
2091 1575 52 30 plus
2155 1575 90 28 tard,on
2252 1576 119 30 m’envoya
2381 1579 13 20 à
2406 1577 25 24 St
2438 1579 66 25 Etien-^

2051 1617 37 16 ne.
2486 1619 14 17 •.

2079 1645 79 22 Treize
2166 1646 66 29 jours
2244 1647 68 28 après
2329 1646 25 29 je
2368 1653 37 16 me
2425 1651 77 22 retrou-

2051 1680 38 22 vai
2097 1682 14 20 à
2123 1679 66 23 Corté
2203 1681 5 21 !
2221 1681 5 21 !
2235 1681 6 21 !

2079 1715 44 22 Pas
2134 1721 57 24 pour
2202 1714 132 31 longtemps
2346 1723 40 15 car
2403 1716 21 23 le
2438 1717 64 24 lende-

2052 1749 61 23 main
2122 1749 27 23 de
2164 1757 51 15 mon
2232 1750 89 23 arrivée
2337 1750 76 30 j’étais
2432 1752 71 24 cahoté

2052 1784 56 23 dans
2119 1784 24 22 le
2150 1785 148 23 trinichellu
2313 1785 40 30 qui
2365 1792 37 16 me
2422 1787 81 23 condui-

2052 1819 44 22 sait
2103 1821 13 20 à
2122 1819 103 23 Aleria...

2079 1853 66 23 Enfin
2151 1856 65 28 après
2231 1855 65 22 mille
2307 1857 23 20 et
2347 1855 63 22 mille
2436 1858 67 21 autres

2051 1888 120 29 péripéties
2184 1889 58 22 dont
2258 1892 99 27 peuvent
2368 1890 135 30 s’enorgueil-

2052 1922 30 23 lir
2087 1925 52 20 tous
2147 1923 33 23 les
2187 1923 118 24 Ramoilol
2317 1924 29 23 de
2354 1924 91 23 l’armée
2451 1925 52 22 fran-

2053 1957 69 28 çaise,
2141 1958 24 29 je
2177 1965 42 22 pus
2237 1958 180 23 définitivement
2428 1962 75 19 rentrer

2052 1991 54 23 chez
2124 1993 44 22 moi
2190 1995 69 27 grâce
2288 2000 28 16 au
2340 1995 121 29 système...
2471 1993 33 23 des

2053 2027 162 28 permutations
2229 2028 6 21 !

2256 2063 105 23 Luciani
2373 2063 83 23 Même.

2257 2106 20 20 A
2281 2106 159 21 meublements

2208 2137 175 25 RueFesch,3i,
2394 2138 93 25 Ajaccio.

2144 2244 281 34 L’Almanaccu

2089 2327 200 30 L’Almanaccu
2311 2331 29 26 di
2361 2331 27 26 A
2414 2329 90 27 Muvra

2054 2375 48 27 per
2114 2376 59 28 1925
2187 2371 15 24 è
2214 2371 112 26 surtitu!
2342 2370 48 27 208
2406 2367 98 39 pagine!

2055 2416 45 17 roo
2122 2409 108 36 disegni
2249 2411 6 25 !
2281 2410 14 27 8
2309 2419 122 19 canzone
2449 2416 31 19 eu
2493 2415 11 17 2

2055 2448 107 27 musica
2175 2450 6 25 !

2090 2488 13 26 I
2125 2489 52 35 più
2190 2498 71 27 gran
2279 2491 123 28 scrivani
2413 2499 15 18 e
2435 2489 69 36 pueta

2057 2529 73 26 corsi
2143 2537 6 18 :
2163 2530 91 27 Santu
2273 2531 156 32 Casanova,
2452 2529 52 27 Luc-

2059 2568 102 33 ciardi,
2191 2571 180 34 Maistrale^
2387 2568 117 30 Martinii

2059 2608 214 37 Appin^apadu,
2303 2612 24 27 Tj
2344 2607 160 38 StrampaU-

2058 2649 38 30 tu,
2113 2648 24 27 LJ
2149 2650 20 25 S
2169 2654 66 31 amp
2236 2653 27 24 et
2265 2660 17 17 r
2282 2660 16 17 a
2300 2661 13 17 c
2315 2653 29 25 ci
2344 2661 27 19 u,
2383 2651 121 27 Tristani,

2059 2687 98 27 Marco
2178 2690 119 35 Angeli,
2323 2685 181 33 d*Altimontù

2059 2726 144 35 Minicode,
2218 2730 119 28 Simomi
2354 2732 33 26 di
2399 2731 24 26 li
2433 2724 71 32 Lecci-

2059 2766 240 31 Sambucucciudi
2309 2771 132 31 Casinca,
2450 2767 54 27 Bor-

2055 2805 103 34 ghetti,
2188 2808 119 28 Simonu
2332 2810 121 30 d:Aullè,
2477 2804 23 27 G

2063 2844 130 35 Olivieri,
2227 2849 38 26 G.
2277 2850 128 33 Luciani,
2434 2849 33 26 G•
2479 2843 25 27 P‘

2060 2884 109 28 Codacc
2171 2887 47 27 ion
2220 2888 13 26 i
2235 2888 105 35 ,Kyrn,
2348 2886 156 41 Guglielfh'h

2057 2923 102 35 Pincu,
2180 2927 29 27 U
2227 2927 157 39 Babbu^iu,
2413 2925 91 31 Mattec

2059 2963 141 37 Cirnensi,
2239 2967 39 27 G.
2300 2970 33 26 di
2363 2980 19 17 a
2406 2964 96 31 Grotta

2055 3012 71 19 ec....

2088 3050 106 37 Pre^u
2206 3063 9 16 :
2239 3056 20 25 3
2267 3056 138 27 franchi.

2088 3090 40 26 Pè
2147 3096 107 32 aposta
2260 3106 16 17 ■;
2283 3096 20 26 4
2313 3093 135 30 franchi.

2119 3207 33 31 U
2169 3207 143 35 Teatru
2330 3208 119 33 Corsu

2085 3277 29 23 Ci
2123 3285 115 19 mancanu
2246 3282 6 21 !
2275 3278 138 27 Ghiuvanni
2429 3265 81 32 Nottini

2058 3310 7 30 (
2075 3311 22 22 U
2110 3312 174 31 Sampetracciu
2294 3317 9 27 )
2312 3316 31 22 ha
2355 3312 76 25 dicisu
2441 3307 23 22 di
2472 3304 33 22 feo

2057 3351 31 16 ne
2098 3353 56 16 unu.

2085 3380 23 22 U
2121 3387 26 16 so
2155 3384 77 21 teatru
2246 3383 53 22 sarà
2310 3390 33 15 un
2352 3383 77 22 teatru
2443 3371 49 27 amb
2492 3374 12 16 11

2057 3413 64 23 lante
2138 3421 29 16 eu
2179 3423 47 15 una
2236 3419 87 26 truppa
2343 3404 167 34 schiettameîlte

2058 3453 73 17 corsa.

2097 3481 57 23 Cusi
2165 3483 25 22 in
2200 3484 58 27 ogni
2273 3490 73 22 paese
2364 3483 25 22 di
2412 3479 70 24 Ciruu

2058 3513 49 23 farà
2118 3521 14 15 a
2142 3516 82 27 pròva,
2235 3523 31 15 eu
2277 3518 9 21 i
2297 3517 102 23 drammi
2412 3521 13 15 e
2433 3519 13 15 e
2458 3508 40 23 eufl
2497 3508 7 15 1

2058 3548 79 22 medie
2150 3549 24 21 di
2183 3549 95 22 l’autori
2290 3551 95 26 isulani,
2398 3548 37 23 chi
2447 3551 12 15 a
2469 3541 36 22 o°s

2059 3581 36 20 tra
2105 3581 132 23 litteratura
2249 3583 34 21 s’è
2295 3584 60 22 fattu
2366 3585 77 27 piazza
2451 3573 59 26 al’°c'

2060 3612 54 22 chiu
2126 3614 23 21 di
2161 3621 16 14 u
2188 3616 61 20 sole.

2098 3645 19 22 E
2129 3646 51 23 sarà
2202 3649 67 20 tanta
2294 3650 111 23 rubaccia
2415 3640 95 31 d’idPuf'

2060 3679 91 22 tazione
2163 3681 23 21 di
2200 3687 76 16 menu
2286 3682 6 22 !

2088 3712 35 22 Ne
2138 3715 131 26 parleremu
2285 3716 40 28 più
2347 3724 13 16 a
2371 3719 74 25 longu
2457 3711 22 21 in
2489 3705 21 19 üf

2061 3747 219 26 prossim’articulu.

2091 3779 90 24 Ch’ellu
2195 3785 78 26 campi
2286 3784 110 27 Jannettu
2406 3785 6 20 !
