2463 3849
233 153 164 47 Vers
437 150 59 47 le
539 147 254 50 Gouffre

56 285 82 25 Quand
152 285 33 20 les
202 284 82 24 anglais
301 290 26 13 se
341 286 51 18 sont
412 282 87 24 imposé

31 322 28 14 au
77 321 65 14 cours
156 315 40 19 des
212 315 81 19 années
302 314 29 19 de
342 313 22 20 la
380 318 88 20 guerre,
476 312 23 20 le

30 346 98 20 sacrifice
132 345 61 20 fiscal
200 351 43 18 que
250 344 161 24 comportaient
418 342 33 20 les
460 343 39 19 né-

30 376 91 20 cessités
144 375 37 20 de-
190 375 86 23 l’heure,
283 375 30 20 ils
321 374 54 20 l'ont
388 373 41 19 fait
445 373 52 20 d’un

30 412 62 15 coeur
109 406 61 25 léger
190 409 22 16 et
227 405 27 19 de
280 406 75 19 bonne
378 405 67 24 grâce
453 410 7 16 ;
470 403 28 20 ils

29 436 172 25 n'éprouvèrent
206 441 38 19 pas
248 434 20 21 le
276 435 78 20 besoin
358 434 29 20 de
392 433 107 26 déployer

28 466 22 20 la
58 466 93 24 majesté
167 466 28 19 de
207 465 110 24 l’appareil
330 465 14 19 à
361 464 119 20 coercition
488 470 8 17 ;

29 496 21 20 le
67 495 89 21 dernier
181 495 124 23 boutiquier
325 494 29 20 de
374 495 22 19 la
406 501 10 10 «
427 492 48 26 City
484 500 12 12 »

28 533 25 13 se
70 526 88 21 rendait
179 528 85 22 compte
286 531 46 19 que
359 531 26 14 ce
397 524 100 25 prélève-

28 560 62 17 ment
107 562 40 14 sur
159 562 36 14 ses
213 561 93 14 revenus
320 555 68 24 opéré
398 560 46 14 une
451 553 45 20 fois

28 594 57 20 pour
98 589 89 19 toutes,-
198 585 64 20 serait
276 585 138 20 strictement
429 586 22 17 et
460 583 36 25 ju-

29 618 160 21 dicieusement
205 615 100 24 employé
313 615 14 19 à
335 613 120 21 maintenir
462 613 35 20 in-

27 652 58 17 tacte
92 647 23 20 la
127 646 78 20 valeur
212 645 27 20 de
247 644 21 21 la
281 644 106 21 monnaie
395 643 100 21 nationa-

26 680 30 20 le.

52 713 91 23 Quand;
151 710 114 22 Mussolini
278 710 97 20 réclama
389 709 30 20 du
440 716 55 17 peu-

26 745 36 26 ple
74 744 76 21 italien
166 743 22 20 le
204 743 125 19 versement
342 740 28 20 de
384 739 109 21 certaines

25 780 70 18 taxes,
108 774 17 20 il
139 773 60 21 avait
217 771 49 25 déjà
281 771 94 20 affectué
389 770 40 20 des
441 775 53 15 cou-

27 812 40 19 pes
85 804 102 21 sombres
195 803 54 19 dans
260 802 22 20 là
296 806 75 15 masse
379 799 115 26 parasitai-

25 842 25 14 re
65 835 38 26 qui
112 832 136 23 encombrait
260 833 33 20 les
302 830 190 21 administrations

25 866 71 20 d’Etat
108 868 22 17 et
144 864 16 21 il
175 863 71 22 ofirait
262 869 28 14 en
309 865 75 18 retour
400 868 43 14 aux
456 868 37 14 su-

23 896 43 25 jets
75 896 29 20 du
113 894 34 21 roi
160 894 88 22 d’Italie,
257 894 22 20 le
294 892 110 26 spectacle
415 893 78 20 récon-

24 927 83 20 fortant
118 926 29 20 de
160 926 22 19 la
190 924 140 21 renaissance
346 922 119 22 nationale.

48 962 91 26 Anglais
157 965 22 17 et
188 960 86 22 Italiens
288 960 121 26 pouvaient
426 966 29 14 en
469 959 22 21 la

24 994 158 21 circonstance,
196 991 71 26 parler
284 991 30 20 de
336 991 78 21 devoir
429 989 62 23 fiscal

23 1025 96 25 puisque
126 1029 28 14 ce
165 1023 77 20 devoir
255 1022 56 21 était
317 1022 21 20 la
355 1025 137 21 contre-par-

22 1056 32 20 tie
66 1053 28 22 dé
107 1055 21 20 la
141 1053 134 26 sauvegarde
288 1053 41 21 dés
347 1053 91 21 intérêts
446 1053 45 21 col-

23 1086 71 21 lectifs
112 1089 23 16 et
149 1084 134 26 particuliers
304 1086 90 19 assurée
411 1090 40 19 par
469 1084 22 21 le

22 1119 182 23 gouvernement.

49 1153 56 20 Mais
114 1158 28 15 en
155 1152 82 21 France
244 1151 21 21 le
272 1151 80 21 devoir
362 1152 62 20 fiscal
432 1153 58 20 n’est

23 1185 67 24 qu’un
105 1186 55 21 mot,
174 1189 31 14 un
219 1182 27 20 de
264 1189 39 14 ces
320 1186 58 18 mots
396 1183 56 20 dont
460 1189 30 14 on

22 1221 15 14 a
53 1218 50 21 trop
115 1214 71 21 abusé
202 1216 22 18 et
239 1213 38 26 qui
292 1216 41 18 ont
348 1214 71 24 perdu
440 1213 51 22 leur

21 1245 77 21 valeur
115 1244 28 20 de
160 1245 72 20 même
251 1251 46 18 que
320 1244 33 21 les
370 1244 73 21 billets
461 1245 29 20 de

21 1276 90 25 banque
117 1279 52 17 sont
176 1275 110 26 dépréciés
295 1282 41 19 par
344 1275 69 21 l’abus
422 1277 68 24 qu’on

22 1313 29 14 en
65 1307 52 20 fait.'

47 1343 32 20 Le
92 1343 90 21 dernier
190 1343 38 20 des
242 1342 59 21 naïfs
309 1349 12 14 a
331 1342 40 22 fini
377 1350 42 18 par
430 1349 61 16 com-

22 1374 96 25 prendre
132 1380 46 18 que
191 1373 19 21 si
226 1373 21 20 le
258 1374 43 20 dos
319 1373 31 21 du
364 1374 127 21 contribua-

22 1404 36 21 ble
71 1407 34 18 est
121 1405 92 20 tonsuré
226 1405 13 19 à
256 1404 167 24 l’ordonnance,
432 1409 58 17 cette

21 1435 117 25 opération
156 1435 103 22 irritante,
266 1439 35 17 est
309 1436 115 26 pratiquée
432 1443 57 18 pour

20 1466 41 21 des
78 1466 44 20 fins
137 1466 39 25 qui
197 1466 61 21 n’ont
271 1466 49 21 rien
339 1466 28 21 de
383 1473 106 15 commun

23 1503 53 14 avec
88 1503 27 14 ce
131 1497 56 25 qu’il
199 1500 34 17 est
247 1503 104 15 convenu
377 1497 113 26 d’appeler

21 1527 95 21 l’intérêt
123 1528 83 24 public.
213 1527 72 21 L’idée
294 1534 45 19 que
346 1528 87 26 l’impôt
440 1535 50 15 cor-

20 1558 96 26 respond
131 1559 14 19 à
159 1559 130 21 un.service
311 1560 71 20 rendu
401 1560 15 20 à
430 1560 58 21 celui

21 1590 40 25 qui
77 1589 22 21 le
113 1589 58 25 paie,
186 1596 14 14 a
216 1590 170 25 complètement
396 1590 93 25 disparu

22 1620 30 20 du
67 1620 105 21 domaine
193 1621 38 20 des
254 1621 97 21 réalités.
371 1621 117 21 D’ailleurs

18 1651 23 20 le
69 1655 47 17 mot
132 1651 72 21 d’Etat
221 1652 54 20 n’est
289 1651 51 26 plus
356 1659 30 14 en
403 1652 85 22 France

19 1683 68 23 qu’un
102 1682 90 25 élégant
207 1682 157 26 euphémisme,
378 1689 57 19 pour
451 1684 38 20 dé-

18 1712 76 25 signer
105 1713 22 20 le
141 1719 85 20 groupe
245 1713 29 21 de
291 1713 126 26 politiciens
429 1720 60 15 com-

18 1743 91 21 binards
132 1744 40 25 qui
184 1747 88 22 passent
286 1748 24 17 et
325 1748 115 22 repassent
448 1751 40 15 sur

19 1774 103 21 l’estrade
150 1774 157 24 ministérielle,
332 1775 101 25 toujours
453 1776 34 21 les

17 1806 86 20 mêmes
116 1811 137 16 comme,ces
267 1806 109 25 figurants
385 1806 32 21 du
426 1806 63 22 théâ-

16 1840 34 17 tre
67 1837 29 20 de
110 1836 114 25 faubourg.
237 1836 32 22 Ce
274 1837 41 25 jeu
332 1838 39 24 qui
379 1838 49 21 leur
436 1844 52 19 pro-

18 1867 39 21 fite
74 1870 23 18 et
113 1873 58 15 nous
194 1867 69 25 ruine,
286 1868 110 21 nécessite
416 1868 72 22 l’exis-

20 1902 64 17 tence
105 1898 66 21 d’une
188 1898 99 21 clientèle
302 1898 117 22 électorale
431 1899 57 21 dont

18 1929 33 20 les
72 1929 97 21 services
177 1935 29 15 ne
218 1935 23 14 se
255 1929 78 26 paient
340 1930 50 26 plus
403 1936 28 14 en
441 1930 46 21 dis-

16 1960 105 21 tinctions
141 1959 150 26 honorifiques
307 1966 87 15 comme
402 1966 29 15 au
440 1960 46 22 bon

17 1991 67 21 vieux
107 1994 73 22 temps
198 1994 162 21 avant-guerre.
372 1991 59 20 C’est
438 1991 49 20 ain-

16 2021 20 21 si
53 2022 82 25 qu’une
149 2022 73 20 bonne
229 2021 77 21 moitié
323 2021 28 22 de
365 2022 22 20 la
400 2022 85 21 France

16 2053 33 20 vit
62 2059 44 14 aux
114 2052 84 26 dépens
210 2052 27 20 de
251 2052 80 21 l’autre
338 2052 77 21 moitié
422 2053 64 21 seule

15 2084 126 21 laborieuse
156 2087 24 17 et
194 2082 134 26 productive.
348 2083 59 21 C’est
427 2087 59 18 cette

17 2114 104 22 nouvelle
138 2120 55 15 cour
208 2114 37 19 des
260 2113 102 22 miracles
387 2114 39 24 qui
443 2122 43 19 par

15 2146 22 20 la
50 2149 63 18 vertu
131 2145 30 21 du
186 2144 82 25 régime
292 2145 79 24 électif,
398 2149 87 21 permet

16 2177 14 20 à
47 2182 43 15 nos
103 2175 102 21 hommes
219 2176 118 25 politiques
345 2175 28 22 de
381 2182 25 15 se
414 2177 71 20 main-

15 2208 59 20 tenir
89 2213 30 14 au
134 2206 93 25 pouvoir
238 2210 23 17 et
281 2207 112 21 d’assurer
409 2207 22 20 le
447 2214 35 14 sa-

15 2239 34 20 lut
65 2238 28 20 de
107 2237 61 21 leurs
190 2237 130 25 prébendes.

40 2272 28 21 Et
75 2271 60 21 alors
144 2272 6 20 !
162 2275 110 17 comment
284 2271 134 26 peuvent-ils
425 2278 59 15 vous

15 2303 73 26 parler
105 2303 146 21 d’économies
262 2306 53 17 tous
332 2309 37 14 ces
383 2302 100 22 ministè-

14 2340 40 17 res.
68 2334 39 26 qui
116 2340 25 14 se
154 2333 117 22 succèdent
278 2337 25 17 et
310 2333 39 25 qui
357 2332 50 22 font
414 2337 68 17 avant

14 2369 49 17 tout
78 2364 81 22 l’office
185 2364 28 21 de
226 2364 126 21 ministères
372 2364 29 20 de
419 2370 63 15 men-

14 2397 66 20 dicité
100 2402 58 19 pour
171 2396 21 20 le
208 2398 147 18 recrutement
371 2394 41 22 des
425 2395 57 21 élec-

13 2431 67 17 teurs.

41 2457 145 26 Aujourd’hui
199 2463 54 15 sous
261 2457 23 21 la
301 2462 91 16 menace
407 2456 28 21 de
443 2463 38 19 pé-

15 2489 79 20 nalités
100 2488 123 23 fiscales,on
232 2493 59 15 nous
299 2487 80 22 convie
386 2493 45 14 une
436 2488 45 21 fois

15 2519 28 21 de
60 2519 49 25 plus
133 2520 13 19 à
166 2519 120 21 entretenir
309 2518 39 20 des
371 2517 110 22 fonction-

18 2551 73 20 naires
110 2550 98 23 inutiles,
217 2549 12 20 à
240 2549 73 21 servir
326 2549 39 21 des
373 2548 107 26 pensions

13 2587 44 15 aux
72 2580 142 26 embusqués,
223 2586 42 15 aux
270 2580 37 21 fils
315 2579 165 25 d’embusqués,

11 2618 45 15 aux
71 2611 156 24 faux-mutilés,
251 2617 45 15 aux
309 2616 82 15 veuves
402 2610 80 25 joyeu-

7 2649 50 18 ses,
74 2643 14 19 à
94 2641 120 22 entretenir
226 2648 37 14 ces
278 2641 100 21 officines
390 2641 29 21 de
430 2647 51 19 gas-

14 2673 80 26 pillage
106 2679 45 18 que
172 2672 133 21 constituent
327 2672 32 21 les
384 2671 97 26 pupilles

14 2704 28 20 de
52 2705 22 19 la
88 2703 78 21 nation
176 2710 29 14 ou
220 2702 141 22 l’institution
376 2703 105 21 ruineuse

12 2735 29 20 de
53 2738 98 18 scarnets
159 2734 122 21 médicaux.

38 2771 33 21 Ce
90 2772 57 20 n’est
160 2777 40 19 pas
213 2777 56 19 pour
287 2773 62 18 autre
362 2770 67 20 chose
435 2776 46 20 que

13 2802 33 20 les
64 2802 129 20 inventeurs
202 2801 101 26 d’impôts
312 2801 106 20 viennent
425 2800 57 21 d’ar-

13 2833 58 20 rêter
96 2833 41 20 des
154 2833 63 25 plans
233 2831 121 26 ingénieux
375 2832 39 24 qui
440 2835 42 17 ont

17 2864 47 24 pris
75 2870 45 14 aux
141 2864 85 20 vivants
243 2866 51 17 tout
305 2868 27 15 ce
350 2862 54 26 qu’il
426 2863 56 20 était

13 2894 97 25 possible
113 2894 30 20 de
147 2894 49 21 leur
200 2894 94 25 prendre
299 2900 29 14 en
333 2893 115 21 attendant
452 2893 30 20 de

12 2925 95 25 prendre
128 2925 22 21 le
165 2928 56 17 reste
240 2931 45 14 aux
301 2927 70 17 morts
397 2929 41 19 par
457 2923 24 21 la

14 2956 144 25 suppression
179 2956 28 20 de
229 2955 120 25 l’héritage.

39 2988 60 21 Tout
112 2987 48 21 cela
181 2992 27 14 va
221 2987 74 20 servir
317 2987 13 19 à
344 2991 137 20 encourager

12 3020 33 20 les
58 3020 109 24 dépenses
182 3017 63 20 folles
258 3017 54 20 d’un
330 3015 49 21 Etat
391 3016 39 25 qui
444 3016 36 21 n’a

10 3050 82 25 jamais
105 3055 28 15 su
141 3050 63 24 gérer
216 3053 24 15 sa
248 3047 90 21 fortune
349 3050 24 16 et
380 3047 39 25 qui
428 3048 53 20 s’est

13 3081 65 20 laissé
95 3086 82 19 gruger
184 3084 84 15 comme
277 3085 32 13 un
322 3077 101 21 imbécile
430 3080 51 18 tou-

12 3115 34 16 tes
59 3111 33 20 les
104 3110 43 21 fois
162 3109 51 26 qu’il
228 3109 56 19 s’est
304 3108 59 20 mêlé
378 3107 103 25 déjouer

12 3141 22 20 le
56 3141 47 20 rôle
121 3141 28 20 de
172 3143 77 22 patron
258 3146 6 17 ;
275 3139 14 20 à
297 3138 75 21 solder
383 3138 23 20 le
417 3138 62 21 bilan

12 3172 29 19 de
49 3178 35 14 ses
97 3170 131 25 entreprises
247 3169 116 20 ruineuses
372 3175 7 17 ;
388 3169 14 19 à
410 3174 70 20 payer

13 3202 21 19 la
54 3204 54 17 note
122 3201 40 20 des
169 3199 67 25 gaffes
252 3199 141 20 accumulées
402 3205 28 13 en
439 3199 42 25 Sy-

12 3231 34 20 rie
61 3235 23 16 et
104 3237 29 14 au
154 3231 72 20 Maroc
242 3236 44 19 par
298 3229 29 20 de
339 3229 85 20 vieilles
441 3235 39 15 cu-

12 3262 65 19 lottes
89 3261 29 20 de
134 3267 64 19 peau.

37 3297 62 20 Nous
121 3301 159 16 conserverons
295 3301 30 14 en
345 3297 75 18 retour
441 3301 39 14 ces

12 3327 94 20 ruineux
131 3324 127 26 monopoles
273 3325 133 22 électoraux,
423 3324 57 21 dont

11 3356 134 21 l’aliénation
160 3355 68 21 aurait
236 3355 53 20 suffi
300 3356 14 18 à
329 3360 56 14 nous
393 3355 87 24 préser-

13 3392 41 14 ver
69 3386 29 19 de
111 3386 23 19 la
150 3385 83 21 faillite.
257 3385 44 20 Les
324 3385 122 21 socialistes
465 3386 15 19 à

12 3422 31 14 un
60 3415 68 20 siècle
139 3416 29 19 de
183 3415 100 20 distance
304 3418 40 16 ont
360 3415 47 19 crié
419 3422 61 13 com-

12 3452 38 13 me
66 3445 34 20 les
116 3444 104 21 Jacobins
230 3452 11 11 «
251 3445 88 20 Périsse
356 3444 21 20 la
395 3445 85 20 France

12 3475 72 25 plutôt
99 3475 69 24 qu’un
181 3473 100 26 principe
289 3479 11 11 »
308 3474 6 20 !

38 3505 41 20 Les
93 3504 111 25 principes
211 3508 77 16 seront
299 3505 127 19 maintenus
435 3512 7 17 ;
450 3505 31 20 ils

11 3535 88 19 vivront
120 3539 85 16 comme
217 3533 33 20 les
261 3534 58 20 abus
335 3538 23 16 et
375 3535 34 19 les
431 3536 51 24 pré-

10 3565 66 24 jugés
84 3567 23 16 et
119 3564 22 19 la
156 3564 82 19 France
248 3570 31 13 en
292 3569 98 15 mourra.

38 3593 34 20 Un
82 3593 118 25 diplomate
210 3593 76 20 italien
294 3593 66 20 disait
373 3600 38 14 ces
415 3594 66 24 jcurs

13 3623 101 20 derniers
130 3629 55 14 avec
205 3623 96 24 sagacité
321 3627 22 15 et
354 3629 25 14 ce
388 3630 53 14 sens
448 3624 32 20 du

12 3653 46 19 réel
75 3652 40 24 qui
128 3651 154 22 caractérisent
300 3659 25 13 sa
341 3659 59 17 race,
416 3654 65 20 seule

11 3682 105 20 héritière
135 3683 31 19 du
182 3687 51 14 sens
249 3682 104 24 pratique
369 3689 44 18 que
429 3690 52 18 pos-

11 3711 100 20 sédaient
115 3712 34 20 les
153 3712 63 19 vieux
222 3711 75 21 Latins
304 3719 8 13 :
320 3718 9 11 «
333 3712 62 20 Nous
400 3713 79 20 avions

11 3741 108 20 autrefois
132 3748 30 14 en
178 3741 85 25 Europe
278 3749 35 13 un
330 3741 90 22 homme
433 3749 47 15 ma-

524 280 51 20 lade
585 279 105 25 (allusion
705 279 14 19 à
733 276 106 26 l’Empire
855 274 71 26 turc);
936 280 57 15 nous

524 316 70 14 avons
622 307 139 27 aujourd’hui
784 312 45 14 une
857 306 82 20 femme
947 311 46 14 mo-

523 340 101 20 ribonde.
638 346 11 11 »

549 370 115 20 L’homme
680 366 86 21 malade
778 365 60 21 avait
857 371 44 14 une
911 370 81 14 excuse

523 400 16 20 il
557 398 137 22 succombait
701 398 14 19 à
723 403 45 14 une
783 395 88 21 anémie
887 394 105 24 congéni-

524 429 43 21 tale
589 429 73 20 restée
678 426 83 22 rebelle
784 432 45 14 aux
854 425 137 20 traitements

522 459 133 26 spécifiques
678 457 54 26 qu’il
746 456 70 22 s’était
831 455 66 20 laissé
909 454 81 20 docile-

523 493 60 17 meut
599 489 124 25 appliquer.
738 487 55 20 Mais
810 486 21 20 la
844 485 83 20 femme
943 490 47 15 mo-

523 519 93 21 ribonde
633 518 71 21 recèle
723 517 100 25 toujours
836 514 39 22 des
889 515 100 20 réserves

522 549 112 24 d’énergie
659 548 73 23 vitale,
763 546 79 26 qu’elle
864 552 25 14 se
914 545 74 21 refuse

521 579 150 20 obstinément
682 579 13 19 à
713 581 78 17 mettre
804 583 28 13 en
847 582 77 15 oeuvre
932 583 57 18 pour

521 610 97 24 extirper
629 609 22 19 le
667 614 80 15 cancer
756 607 45 26 .qui
814 604 21 22 la
848 613 78 19 ronge.

545 640 71 24 Après
626 641 55 21 tout,
686 644 46 14 une
740 637 76 21 nation
824 642 14 14 a
847 636 50 22 bien
903 637 22 21 le
931 637 58 21 droit

519 668 29 21 de
555 675 25 14 se
585 668 96 21 suicider
700 673 87 15 comme
800 673 31 14 un
848 667 108 25 individu,
969 668 19 21 si

519 698 30 21 tel
565 702 34 17 est
612 704 41 15 son
667 699 45 20 bon
734 698 84 25 plaisir.
835 697 62 22 Nous
911 700 78 19 concé-

518 729 65 24 dons,
592 735 53 14 sans
657 730 105 23 réserves,
772 736 27 13 ce
806 728 60 22 droit
872 730 14 19 à
891 729 21 20 la
922 729 66 21 Fran-

518 765 26 15 ce
552 767 57 19 pour
619 765 26 15 ce
653 759 39 26 qui
700 759 20 21 la
731 765 109 15 concerne
848 767 8 18 ;
865 760 57 21 mais
931 766 57 15 nous

518 790 148 22 n’entendons
677 797 41 18 pas
727 791 81 24 qu’elle
817 792 100 20 entraîne
932 791 56 21 dans

518 826 40 16 son
576 821 86 21 suicide
679 822 39 20 des
742 822 107 20 éléments
869 822 119 26 ethniques

517 851 122 22 différents.

542 883 62 21 Nous
621 889 71 15 avons
708 883 75 22 donné
806 887 64 18 notre
886 883 63 22 chair
965 887 22 17 et

518 917 63 18 notre
602 918 79 22 argent
699 915 13 20 à
735 914 21 21 la
778 915 84 20 France
870 922 7 17 ;
887 920 58 15 nous
958 921 29 15 ne

516 944 32 21 lui
564 945 139 21 demandons
712 951 40 19 pas
760 946 40 20 des
812 949 98 22 comptes
919 946 67 25 qu’el-

516 971 22 24 le
546 975 67 21 serait
621 982 29 14 en
659 976 66 26 peine
733 976 28 22 de
769 982 58 15 nous
834 976 152 22 fournir.Mais

517 1012 56 15 nous
590 1013 59 15 nous
657 1007 103 22 refusons
768 1014 29 15 au
805 1008 86 25 gouffre
905 1008 30 20 où
943 1007 43 22 elle

515 1043 57 15 nous
591 1038 109 21 entraîne.

541 1068 67 21 Vivre
620 1068 92 22 d’abord
722 1069 6 21 !
736 1069 7 20 !
753 1070 6 20 !
769 1069 66 22 Vivre
851 1076 87 15 comme
952 1069 33 21 l’I-

516 1098 58 26 talie,
588 1106 88 15 comme
688 1100 22 21 la
718 1099 84 25 Serbie,
812 1107 87 15 comme
911 1104 74 18 toutes

515 1129 33 21 les
559 1130 144 26 populations
711 1130 159 28 Yougo-slaves
882 1131 41 26 qui
935 1138 49 14 aus-

516 1160 19 20 si
555 1162 123 25 éprouvées
687 1169 45 18 que
748 1163 22 20 la
786 1162 85 22 France
883 1162 101 21 connais-

515 1196 50 16 sent
579 1199 31 14 ou
626 1197 155 18 commencent
788 1194 14 20 à
810 1194 115 21 connaître
927 1193 57 21 'Père

515 1222 29 21 de
559 1224 125 25 prospérité
704 1224 102 21 réservée
821 1229 45 17 aux
883 1224 100 21 volontés

514 1256 90 19 tenaces
621 1258 23 17 et
652 1255 126 22 créatrices.

541 1284 62 22 Telle
620 1289 35 18 est
669 1286 22 20 la
705 1286 102 26 tragique
823 1285 84 22 réalité.

542 1315 31 22 La
591 1317 146 24 regarderont
752 1324 29 14 en
799 1317 49 21 face
863 1321 51 17 tous
929 1322 56 15 ceux

515 1352 44 19 que
573 1354 29 14 ne
615 1346 99 23 troubleî
722 1354 41 19 par
778 1348 22 20 la
820 1347 110 21 tentation
944 1347 39 20 des

516 1377 93 22 intérêts
621 1378 131 25 personnels
766 1378 133 24 immédiats,
908 1377 30 20 du
948 1384 37 19 pe-

515 1408 27 20 tit
554 1409 83 21 intérêt
653 1409 57 21 local
723 1412 23 17 et
756 1410 144 20 momentané
913 1412 24 17 et
944 1408 39 26 qui

514 1443 79 18 savent
610 1446 45 19 que
672 1440 98 21 l’intérêt
783 1440 29 20 de
834 1441 87 20 chacun
937 1439 47 21 doit

514 1473 91 19 trouver
618 1471 63 25 place
699 1471 56 21 dans
769 1471 95 22 l’intérêt
879 1471 29 21 de
924 1474 58 18 tous.

540 1501 31 21 La
591 1502 180 21 méconnaîtront
786 1506 52 17 tous
851 1503 34 20 les
902 1501 82 26 parasi-

514 1535 33 18 tes
564 1532 41 26 qui
618 1539 26 14 se
659 1537 162 22 cramponnent
837 1534 146 25 égoïstement

513 1569 29 15 au
559 1567 59 17 statu
627 1570 53 19 quo,
686 1564 40 25 qui
733 1564 103 22 dorment
844 1563 139 26 aujourd’hui

513 1594 56 21 dans
591 1601 33 14 un
641 1595 108 21 bien-être
768 1594 124 27 provisoire
908 1597 24 18 et
944 1594 39 26 qui

513 1631 25 14 se
559 1625 143 22 réveilleront
724 1625 88 22 demain
829 1626 57 21 dans
899 1625 23 21 le
937 1631 53 15 ma-

512 1655 66 22 lheur
590 1657 99 25 général.

627 1698 196 23 Anton’Simone
838 1697 118 24 Franchi.

650 1793 206 38 Ninni-Nanna

534 1889 58 20 Statli
596 1889 80 26 fascialu
684 1891 19 18 in
711 1890 21 18 lu
740 1892 18 17 to
767 1889 92 23 veculellu,

535 1917 16 19 Û
558 1918 79 23 Ciucciu,
646 1918 19 19 la
671 1919 38 18 miô
716 1919 72 18 lennera
798 1917 48 19 viola
851 1918 9 19 !

533 1946 47 19 Fòra
586 1946 74 19 dinotle
669 1946 54 19 alcun
727 1946 60 19 ucellu
794 1945 46 22 vola,

532 1974 28 19 Fà
565 1974 20 19 lu
593 1975 24 21 to'.
621 1974 127 23 hinni-nanna,
760 1980 14 13 u
781 1973 37 19 miò
825 1973 100 24 agnulellu.

532 2027 53 20 Senti
589 2028 9 19 !
609 2028 29 19 Lu
644 2029 54 18 ventu
699 2027 73 24 picckia
779 2032 13 13 a
801 2027 19 18 lu
825 2027 83 24 purtellu
911 2033 8 16 ;

531 2056 33 19 Ma
570 2056 18 19 si
591 2056 58 18 sbatte
654 2056 20 18 in
680 2055 15 19 li
699 2056 53 23 vetri,
758 2060 10 14 e
775 2055 86 23 mugghia
867 2055 67 19 invanu
940 2060 6 18 ;

535 2084 38 22 Vai,
578 2085 11 18 ò
597 2084 90 19 ventacciu
693 2084 8 18 !
714 2082 33 20 Vai
753 2083 36 24 piû
799 2082 82 24 luntanu,

531 2113 18 17 F
555 2112 57 19 lascia
623 2111 63 24 ripusà
694 2111 20 18 lu
721 2112 36 18 miô
765 2110 91 25 agnulellu
860 2112 9 18 !

532 2165 22 20 In
560 2166 75 19 l'ombra
643 2166 21 19 di
672 2165 18 19 la
694 2165 52 22 valle,
753 2171 15 13 u
772 2164 104 25 fiumicellu,

530 2194 15 19 A
554 2194 17 19 li
575 2194 42 19 nidi
622 2198 91 14 mormora
719 2193 20 19 lu
749 2199 20 13 so
775 2194 55 18 cànlu
836 2200 9 15 ;

534 2222 47 22 Veni,
588 2224 12 16 ò
606 2221 97 25 fiumucciu
708 2221 10 19 /
723 2220 53 20 Corri
779 2223 32 22 qui
820 2222 75 17 accantu

530 2250 38 19 Per
572 2251 85 18 annannà
664 2255 35 13 cun
706 2250 30 18 mè
742 2249 21 20 lu
765 2249 39 19 miô
808 2249 92 23 agnulellu
906 2249 9 18 !

530 2304 14 18 A
551 2305 50 18 natte
608 2304 65 19 innora
681 2303 32 25 già
719 2303 19 18 lu
745 2308 21 14 so
772 2302 87 20 mantellu

530 2331 39 20 Una
574 2331 59 22 Stella,
641 2332 16 18 ti
662 2331 65 25 feghia
734 2336 36 14 cun
777 2331 72 18 surrisu
856 2338 9 16 ;

528 2359 27 20 Fa
556 2360 24 22 la,
589 2361 12 18 ò
606 2359 96 23 stelluccia,
709 2359 24 19 da
741 2360 21 18 lu
766 2358 97 19 Paradisu.
872 2376 3 3 .

775 2404 27 19 G.
809 2404 52 19 dila
867 2403 87 20 Grotta.

504 2500 98 19 Raconti
610 2499 24 19 di
641 2499 21 19 A
669 2498 82 20 Muvra

591 2562 116 54 Oliu
734 2563 158 53 Santu

538 2682 60 19 Santu
605 2681 78 23 Baìnzu,
691 2681 29 19 20
726 2686 63 14 marsu
794 2678 60 22 i909.

595 2727 29 19 Un
629 2731 73 18 gruppu
707 2726 21 19 di
731 2726 116 23 parocchiani
851 2726 21 18 di
879 2725 19 19 S.
908 2725 67 20 Bainzu

661 2760 12 13 a
677 2755 113 24 Monsignori
797 2753 23 19 G.
828 2754 65 19 Beneti

692 2783 63 20 Vescu
762 2782 98 19 d’Aiacchi.

628 2829 144 25 Monsignori,

531 2865 90 22 Vinimu
634 2865 25 21 in
667 2872 28 14 eu
702 2868 59 18 tuttu
777 2872 17 13 u
802 2864 93 26 rispettu
907 2864 69 22 duvu-

505 2900 25 17 tu
542 2903 14 15 a
572 2897 23 21 la
606 2900 74 17 vostra
696 2897 130 24 grandezza,
835 2896 141 21 sottiimetavi

505 2934 31 13 un
550 2934 53 14 casu
609 2927 37 21 chi
653 2927 22 20 ci
684 2927 48 25 pari
741 2928 108 20 intéressé
856 2926 120 21 fortamen-

506 2958 18 20 ti
535 2965 15 14 a
562 2961 78 18 nostra
647 2960 64 18 santa
717 2956 130 27 religioni.U
855 2961 121 18 nostrucu-

505 2992 49 18 ratu
562 2989 90 20 l’abbati
657 2988 146 26 Santi,degnu
811 2988 25 20 in
843 2988 52 21 tutti
903 2987 9 21 i
920 2995 57 18 pun-

504 3019 19 21 ti
530 3019 23 21 di
561 3026 16 14 u
586 3019 116 21 ministeru
711 3018 94 21 ch’eddu
813 3018 88 25 riempii
907 3018 29 20 ha
943 3025 32 14 un

504 3049 80 22 difettu
592 3057 7 13 :
613 3049 59 25 Laga
688 3052 82 23 troppu
786 3053 94 17 suvente
888 3048 64 22 sfiatà
959 3056 16 13 u

504 3080 85 21 mondu
611 3085 67 15 senza
694 3080 140 20 amministrà
845 3079 89 21 l’ultimî
943 3085 33 15 sa-

504 3110 114 21 cramenti.

529 3146 91 21 Riciviti
633 3152 63 15 ecc...
709 3152 62 15 ecc...

641 3182 35 21 Un
685 3185 92 23 gruppu
790 3181 27 21 di
824 3182 153 24 parocchiani

696 3212 29 21 di
739 3214 78 20 Santu
824 3213 98 21 Bainzu.

507 3277 101 19 Veseovatu

548 3305 20 18 di
707 3305 82 21 Aiacciu,
797 3304 24 19 23
828 3310 63 14 marsu
900 3304 52 20 1909.

520 3332 82 19 Aìacciu.

606 3374 59 21 Caru
673 3375 75 21 abbati
759 3375 71 23 Santi,

530 3415 80 22 Detevi
616 3422 15 13 a
638 3422 59 19 pena
704 3416 23 20 di
735 3416 74 26 Ieghîa
817 3422 14 14 a
836 3416 79 21 lettara
926 3416 48 21 ch’e

505 3451 73 20 vengu
589 3446 23 20 di
621 3443 74 24 ricéva
701 3446 29 20 da
737 3447 9 19 i
756 3445 69 22 vostrî
832 3446 142 25 parocchiani

505 3475 23 20 di
540 3476 24 20 S.
576 3475 92 21 Bainzu.
677 3476 31 20 Mi
717 3477 87 24 parinu,
817 3477 81 23 questi,
904 3477 69 20 moltu

504 3506 83 20 sudesfi
603 3506 29 20 da
648 3513 37 16 vo,
698 3512 67 15 menu
786 3512 66 18 sopra
869 3513 32 14 un
912 3510 61 17 certu

505 3540 79 20 puntu.
595 3536 96 20 Circheti
704 3536 23 20 di
735 3536 75 26 vighià
821 3542 14 13 a
844 3536 73 20 cïochi
929 3543 46 14 una

506 3565 67 21 simili
582 3566 150 21 riclamazioni
740 3573 32 14 un
781 3566 20 20 si
809 3566 61 24 possi
878 3566 40 25 più
924 3573 51 18 pru-

506 3595 72 21 ducia.

530 3626 89 21 Riciviti
628 3632 14 14 a
652 3626 131 21 binidizioni
791 3626 23 20 di
822 3632 16 15 u
845 3630 78 17 vostru
937 3633 38 19 pa-

505 3655 28 20 tri
541 3656 25 20 in
574 3656 55 20 Jesu
638 3656 83 20 Cristu.

717 3707 18 25 f
746 3708 152 24 GIOVANNI,

767 3744 69 20 Vescu
843 3744 130 23 d‘Aiacciu.

1046 184 19 19 A
1078 182 119 21 dumenica
1208 180 103 26 siguenti,
1321 180 56 26 preti
1382 179 63 22 Santi
1455 185 38 15 cu-

1021 212 44 21 ddò
1073 213 24 19 in
1110 211 100 27 pulpitru
1223 218 14 14 e
1244 211 60 20 disse
1317 210 28 21 sti
1354 210 39 21 dui
1404 210 71 25 paròli
1484 216 7 13 :

1043 253 28 5 —
1084 241 83 22 Sefatla
1178 248 45 14 una
1236 240 150 22 riclamazioni
1394 246 13 14 a
1418 246 16 14 u
1440 246 52 14 nos-

1018 275 37 17 tru
1068 272 70 25 dignu
1156 271 90 26 pastori,
1253 278 15 13 u
1287 277 67 14 vescu
1370 270 119 21 d’Aiacciu.

1018 301 76 26 Sapeti
1104 302 52 20 tutti
1165 302 23 20 di
1199 301 77 21 cioche
1283 300 75 21 voddu
1374 300 69 26 parla.
1459 300 31 21 So

1017 331 60 21 forza
1086 335 59 17 statu
1155 338 31 14 un
1195 337 57 19 pocu
1260 330 129 25 négligenti.
1398 330 37 21 Ma
1444 330 46 21 d’o-

1017 368 26 14 ru
1052 361 24 21 in
1087 361 45 25 pòi,
1144 361 54 26 ogni
1206 361 81 21 malatu
1304 361 51 20 sarà
1368 360 90 21 visitatu
1476 366 13 13 e

1017 390 114 26 priparatu
1145 398 42 19 per
1199 391 95 21 I’ultimu
1310 390 98 26 viaghiu.
1419 389 69 21 Pochi

1016 421 70 24 paròli
1095 427 13 14 a
1117 421 54 21 boni
1181 421 136 21 intindidori.

1040 451 26 20 In
1072 451 111 26 fatti,ogni
1191 451 148 23 malatu,ancu
1347 451 141 21 ch’edd’avis-

1015 481 19 20 si
1039 488 44 14 una
1090 482 96 24 simplici
1190 482 77 21 frebba
1272 482 36 21 chi
1317 489 30 13 un
1355 482 67 26 pudia
1428 481 60 22 risis-

1014 515 23 17 ta
1046 519 13 14 a
1068 519 45 14 una
1126 513 103 21 cartedda
1242 513 23 20 di
1274 512 92 22 chininu
1372 520 14 14 o
1398 517 44 16 una
1450 520 38 14 co-

1014 542 42 22 lica
1065 544 36 20 chi
1110 550 16 14 u
1135 544 95 21 minimu
1239 544 96 20 lavativu
1343 544 57 21 facia
1411 550 74 19 passa,

1014 580 38 15 era
1059 574 114 25 cunfessu,
1191 575 142 23 cuminicatu,
1352 575 94 21 inuliatu
1462 575 23 20 di

1015 610 45 15 una
1067 612 93 15 manera
1169 609 62 17 santa
1240 612 13 15 e
1261 609 82 22 prontu
1352 605 135 26 ad’atipassi-

1014 636 24 20 ni
1047 637 23 20 in
1077 636 116 22 Paradisu.
1203 648 6 4 -

1039 720 36 22 Un
1096 721 99 25 ghiornu
1212 720 132 22 affachetinu
1367 720 24 21 in
1414 719 70 21 Santu

1014 751 84 21 Bainzu
1106 751 40 20 dui
1154 751 127 22 orrizinchi.

1068 782 99 26 Compra
1176 783 103 24 tintenni,
1284 781 140 27 ciarnigliuli,
1429 785 56 17 stac-

1013 813 28 25 ci,
1051 813 110 23 brandali,
1175 814 85 21 cavezzi
1275 820 14 15 e
1304 812 104 27 bragheri
1413 813 6 21 !
1426 813 6 20 !
1441 813 43 21 Chi

1012 850 30 15 ne
1050 851 91 19 compra
1146 845 13 20 ?

1037 877 20 19 A
1065 875 92 21 vendita
1162 875 25 22 fù
1195 875 65 25 bòna,
1273 882 37 15 ma
1323 881 48 15 unu
1388 874 22 22 di
1427 874 58 21 l’ori-

1011 906 87 22 zincchi
1113 906 37 21 chi
1159 906 91 21 suffriva
1261 906 24 21 di
1300 906 78 21 frebba
1386 909 97 21 terzana,

1011 937 37 20 avì
1053 938 130 20 un’accessu
1193 943 14 14 e
1215 937 19 20 si
1243 937 56 21 volsi
1307 940 68 18 metta
1383 936 23 21 in
1419 937 64 21 lettu.

1037 967 19 22 E
1064 968 76 21 subitu
1148 974 66 15 cume
1227 967 24 22 di
1262 968 70 26 justu,
1341 975 16 14 u
1371 969 77 20 cüratu
1463 967 20 21 si

1011 998 106 26 prisenta.

1035 1041 27 6 —
1070 1030 22 21 O
1100 1029 83 25 amîeu,
1197 1029 86 25 v-aghiu
1291 1030 29 20 da
1332 1036 44 15 cun
1377 1030 66 21 fessa.

1035 1072 27 6 —
1069 1061 38 21 Ma
1115 1067 16 14 u
1139 1060 61 23 mali,
1207 1061 14 20 ò
1229 1060 74 22 Missé.
1312 1067 30 14 un
1352 1062 14 19 è
1373 1060 63 26 gravi
1445 1061 6 21 !

1037 1091 138 22 Buscbetimi
1182 1090 110 26 piuttostu
1300 1098 31 14 un
1340 1098 58 20 pocu
1406 1091 23 20 di
1437 1091 47 22 chi-

1009 1123 62 22 nina.
1362 1141 4 3 .
1406 1142 5 4 .

1035 1155 80 25 Quista
1133 1156 13 19 è
1165 1154 78 22 i’affari
1259 1155 24 20 di
1299 1161 15 14 u
1328 1153 88 21 medicu
1428 1152 23 21 di
1466 1159 15 15 u

1009 1192 77 20 corpu.
1109 1186 44 25 Eju
1167 1187 26 20 sò
1210 1192 15 15 u
1242 1185 87 23 medicu
1346 1185 25 20 di
1385 1184 95 21 l’anima.

1010 1216 18 21 E
1041 1217 19 21 si
1068 1217 17 21 li
1093 1216 47 22 cosi
1153 1216 100 22 avissinu
1270 1217 29 20 da
1307 1216 67 21 turnà
1388 1214 53 22 mali
1449 1221 32 14 un

1008 1248 75 21 vodhu
1092 1248 103 21 st’anima
1203 1254 13 13 a
1224 1247 24 21 lu
1256 1253 38 15 me
1301 1246 82 22 caricu.

1007 1296 4 3 .
1035 1274 18 26 Ë
1061 1285 32 15 un
1101 1285 60 19 pocu
1178 1284 40 20 par
1230 1277 61 22 forza
1302 1276 21 22 ci
1335 1276 58 23 volsi
1409 1282 14 14 a
1436 1276 24 21 fà
1468 1283 14 13 a

1010 1308 146 23 cunfêssiôni.

1034 1339 101 26 Quandu.
1141 1347 16 14 u
1169 1342 63 24 prete
1243 1339 25 21 fu
1285 1338 81 26 partitu
1375 1338 106 21 l’orrizin-

1009 1371 44 21 chu
1062 1371 84 21 malatu
1150 1371 61 21 disse
1218 1376 14 14 a
1241 1376 16 14 u
1265 1376 26 14 so
1303 1375 126 20 cumpagnu
1439 1376 6 13 :

1034 1414 27 4 —
1069 1402 86 20 Fermé
1161 1405 36 17 stu
1205 1400 56 26 preti
1274 1400 14 20 è
1295 1406 32 14 un
1335 1406 59 19 pocu
1402 1402 65 18 tontu
1473 1398 7 21 !

1034 1432 35 21 Ma
1079 1432 53 25 quai
1140 1432 26 21 fù
1171 1439 14 14 a
1193 1434 25 18 sò
1227 1437 102 19 surpresa
1339 1430 141 26 quànd’éddü

1009 1470 14 14 u
1037 1464 52 20 visti
1106 1470 66 17 vena,
1186 1463 23 20 in
1221 1466 58 17 cotta
1292 1468 14 14 e
1320 1461 24 21 in
1361 1460 64 24 stolâ,
1440 1467 41 20 par

1009 1494 156 21 cumminioni.

1033 1537 27 5 —
1070 1525 86 21 ïndhè!
1165 1532 14 14 o
1193 1524 68 21 missé
1269 1527 114 21 esagerete
1389 1523 92 21 !Unso

1008 1557 30 25 pò
1046 1556 71 21 micca
1124 1556 24 20 in
1153 1555 87 26 priculu
1248 1555 24 21 di
1285 1554 73 21 morti.

1006 1605 7 6 ,
1034 1586 37 22 Ma
1079 1587 93 25 quandu
1179 1593 14 13 a
1205 1585 154 22 cummunioni
1365 1585 26 20 fu
1399 1584 54 21 fatta
1467 1591 14 15 e

1008 1624 15 14 u
1032 1618 58 25 preti
1098 1617 85 26 partitu
1196 1616 53 21 dissi
1262 1615 126 22 l’orrizincu
1397 1615 83 26 impau*

1008 1648 44 22 ritu
1061 1656 7 14 :

1033 1689 26 5 —
1065 1679 37 21 Un
1111 1678 33 21 c’è
1159 1686 12 14 a
1180 1679 32 23 dì,
1221 1679 15 21 ò
1247 1678 89 25 cumpà,
1346 1684 15 14 u
1378 1684 41 14 me.
1426 1683 54 15 casu

1009 1710 101 22 dev’essa
1121 1710 72 25 gravi.

1033 1740 96 26 Qualchi
1145 1740 79 22 minuti
1238 1741 68 25 dôpu,
1315 1739 24 20 în
1352 1739 126 25 carrughiù,

1007 1771 85 22 s’intesi
1100 1775 37 18 stu
1146 1775 66 17 cantu
1221 1776 6 14 :

1096 1820 28 21 Vi
1137 1820 70 21 adoro
1215 1819 53 26 ogni
1276 1822 115 18 momentu

1110 1851 92 24 Evyiva,
1212 1851 15 20 il
1239 1857 44 19 pan
1291 1850 37 21 del
1336 1850 42 21 ciel

1131 1882 62 21 Gran
1203 1881 153 22 Sacramentu.

1032 1937 13 14 e
1058 1936 47 15 una
1117 1930 145 26 campanedla
1269 1929 37 21 chi
1318 1936 32 14 un
1363 1928 21 22 si
1393 1931 86 19 stanca-

1006 1967 29 15 va
1043 1961 23 21 di
1071 1961 24 21 fà
1103 1961 79 21 Drelin
1189 1961 9 19 !
1206 1961 77 21 Drelin
1292 1960 7 21 !
1314 1960 92 22 Drelin!

1032 1991 97 26 Qualchi
1138 1990 52 24 uîmL
1200 1991 37 22 chi
1247 1992 21 21 si
1280 1991 28 21 ni
1321 1991 66 23 môri,
1396 1990 55 22 dissi
1462 1997 15 15 u

1005 2024 98 24 malatu;
1112 2022 71 22 Senti*
1187 2029 22 21 :u
1225 2022 57 26 preti
1294 2021 38 22 chi
1346 2025 63 23 porta
1425 2021 53 22 l’es-

1005 2053 158 22 trem’unzioni
1168 2054 26 20 in
1202 2052 141 27 prucissioni.

1030 2095 26 5 —
1067 2083 73 22 Ïndhè
1146 2084 7 21 !
1162 2084 32 20 mi
1202 2084 48 26 pari
1258 2083 37 22 chi
1303 2088 24 16 tu
1333 2084 35 21 sia
1379 2086 23 18 tu
1408 2089 7 14 :
1427 2083 19 20 si
1456 2083 21 21 ci

1004 2115 98 25 capiscu,
1113 2121 14 14 u
1142 2119 77 17 cuiatu
1233 2114 52 23 veni
1293 2115 48 25 qui.

1029 2156 26 5 —
1061 2146 33 21 Oh
1101 2145 7 21 !
1118 2145 71 22 allòra
1194 2152 14 14 a
1214 2146 32 20 mi
1251 2150 73 19 toccu,
1333 2152 16 14 o
1356 2144 20 21 si
1392 2150 31 15 no
1439 2148 36 17 stu

1004 2176 108 27 pritacciu
1121 2177 32 21 mi
1163 2176 77 22 tomba
1252 2177 29 20 da
1289 2182 63 15 veru.

1029 2208 18 21 E
1059 2207 128 22 l’orrizincu
1204 2207 21 21 si
1239 2206 60 23 tireti
1311 2207 29 21 da
1357 2213 15 14 u
1381 2205 95 22 balcônu

1002 2238 36 21 d’a
1045 2245 27 15 so
1081 2242 85 18 stanza.
1176 2238 43 21 Era
1227 2237 24 22 in
1266 2238 46 21 altu
1325 2244 14 13 e
1352 2237 20 21 si
1381 2237 23 21 ni
1413 2242 63 21 scap-

1002 2270 46 25 peti
1062 2277 32 14 un
1116 2276 60 19 pocu
1184 2268 148 26 zupichendu,
1344 2275 37 15 ma
1394 2274 81 20 scappa

1002 2307 57 15 ancu
1068 2300 85 22 avali...
1214 2302 17 12 ^

1191 2336 104 23 Simoxm
1308 2335 29 22 di
1348 2335 19 23 li
1378 2334 84 23 Lecci.

1050 2379 87 18 (Parlato.
1146 2379 19 15 di
1172 2378 62 18 Sartè)

1071 2447 39 37 La
1129 2447 84 36 Corn
1231 2446 170 46 Touristique

1023 2530 26 19 La
1064 2529 52 19 Corse
1131 2529 119 24 Touristique,
1256 2534 37 18 que
1300 2528 60 25 dirige
1370 2530 52 17 notre
1435 2528 38 19 ami

1001 2558 25 18 M.
1037 2558 86 22 François
1130 2557 65 24 Pietri,
1206 2557 52 19 vient
1269 2558 22 18 de
1301 2557 46 19 faire
1354 2558 50 22 parai
1406 2558 67 18 treson

1002 2586 80 19 Numéro
1086 2586 24 17 de
1118 2585 45 20 Noël
1171 2586 33 23 qui
1214 2585 69 19 achève
1294 2585 19 18 le
1320 2585 43 22 plus
1374 2585 100 19 heureuse-

1001 2616 52 17 ment
1060 2615 19 18 la
1087 2614 29 18 fin
1124 2614 26 19 de
1156 2618 22 14 sa
1184 2614 91 23 première
1288 2613 60 19 année
1354 2612 118 20 d’éxistënce.

1024 2642 25 20 Ce
1066 2642 85 23 numéro,
1160 2643 46 17 tant'
1216 2646 34 18 par
1262 2646 20 14 sa
1295 2641 133 23 présentation;
1435 2645 38 19 que

1000 2675 35 18 par
1041 2670 122 19 l’abondance
1177 2671 21 17 et
1212 2670 20 18 la
1237 2669 72 20 variété
1316 2670 25 19 de
1348 2674 39 15 son
1389 2670 59 21 texte,
1454 2670 20 18 et

1000 2699 20 18 le
1031 2699 79 18 nombre
1117 2698 25 19 de
1158 2702 31 15 ses
1199 2697 129 23 illustrations,
1336 2697 106 23 représente
1450 2697 24 18 de

1001 2727 73 19 sérieux
1090 2726 68 19 efforts
1168 2726 91 22 auxquels
1266 2730 25 15 on
1298 2730 25 14 ne
1329 2727 48 22 peut
1384 2729 89 19 manquer

1000 2756 25 18 de
1035 2756 68 18 rendre
1110 2755 104 22 hommage.

1023 2784 36 18 Mis
1067 2788 24 14 en
1107 2784 57 17 vente
1171 2787 26 14 au
1212 2783 43 22 prix
1267 2783 23 18 de
1303 2783 66 22 quatre
1382 2781 69 23 francs,
1458 2782 16 18 il

1001 2812 31 18 est
1038 2811 77 19 adressé
1121 2815 46 15 sans
1175 2810 138 23 augmentation
1320 2811 25 19 de
1351 2810 43 23 prix
1407 2810 12 17 à
1429 2811 44 17 tous

999 2840 30 18 les
1039 2839 89 19 abonnés.
1323 2838 15 11 :t
1353 2844 13 4 -

1023 2866 57 21 Créée
1088 2871 25 15 en
1124 2867 98 19 décembre
1229 2866 51 22 1924,
1295 2867 19 18 la
1320 2865 54 20 Corse
1387 2865 86 19 Touristi-

1000 2900 35 19 que
1051 2896 46 19 s’est
1113 2895 83 23 imposée
1208 2899 48 18 pour
1263 2894 59 22 tâche,
1333 2899 24 14 en
1374 2894 67 19 dehors
1450 2894 26 17 de

999 2925 54 18 toute
1061 2923 136 19 considération
1207 2923 96 23 politique,
1309 2922 25 18 de
1341 2922 47 18 faire
1399 2921 75 19 connaî-

999 2953 31 17 tre
1034 2953 19 17 la
1062 2951 63 22 Corse,
1133 2952 26 21 et,
1169 2952 27 18 du
1203 2949 61 20 même
1272 2948 87 25 coup,'de
1366 2950 19 18 la
1392 2949 47 19 faire
1447 2949 26 19 ai-

1000 2984 47 14 mer.

1008 3026 4 4 .
1023 3008 26 18 La
1057 3007 68 19 beauté
1132 3008 24 18 de
1163 3010 34 15 son
1201 3010 116 19 programme
1322 3011 13 12 a
1337 3005 49 20 suffi
1390 3006 12 16 à
1407 3005 18 17 la
1431 3010 43 14 ren-

1000 3036 34 17 dre
1042 3034 132 25 sympathique
1184 3034 32 19 dès
1226 3034 30 19 les
1263 3033 90 24 premiers
1360 3034 59 23 jours,
1430 3034 22 18 et
1460 3038 12 13 a

1000 3063 137 23 puissamment
1145 3062 96 19 contribué
1248 3066 25 15 au
1279 3060 65 20 succès
1350 3061 34 23 qui
1395 3065 78 14 couron-

1000 3096 26 14 na
1036 3096 32 14 ses
1075 3090 76 19 efforts.

1024 3118 52 20 Voici
1082 3119 20 18 le
1108 3118 98 19 sommaire
1211 3118 23 18 de
1239 3122 23 14 ce
1266 3117 78 19 numéro
1349 3118 24 17 de
1377 3117 44 18 Noël
1426 3117 46 18 dont

999 3151 49 14 nous
1056 3145 116 20 conseillons,
1174 3145 96 19 vivement
1273 3145 20 18 la
1296 3145 72 18 lecture
1375 3145 11 17 à
1390 3145 43 18 tous
1437 3148 35 15 nos

999 3174 56 19 amis.

1022 3201 90 19 Editorial
1118 3200 30 23 (C.
1152 3201 30 23 T.)
1186 3206 7 17 ;
1199 3200 58 20 Conte
1263 3201 23 17 de
1293 3200 47 19 Noël
1352 3200 25 22 (J.
1380 3200 24 18 de
1409 3200 19 17 la
1433 3200 39 18 Pa-

999 3230 48 22 rafa)
1052 3228 75 19 illustré
1137 3234 33 18 par
1177 3227 69 20 Lucien
1254 3227 44 19 Péri
1302 3232 6 17 ;
1315 3227 79 24 Ajaccio,
1405 3228 67 18 sonnet

1000 3256 54 22 (Paul
1061 3255 86 24 Arrighì)
1152 3261 6 17 ;
1163 3255 93 23 Napoléon
1262 3255 14 18 P
1283 3256 21 17 et
1308 3259 22 14 sa
1337 3255 70 19 famille
1418 3254 54 22 (avec

998 3284 112 22 hors-texte)
1114 3288 6 17 ;
1126 3283 79 23 Ajaccio,
1209 3283 67 18 station
1281 3283 106 22 climatique
1390 3282 33 23 (Dr
1426 3282 47 19 Zue-

999 3312 72 22 earelli)
1076 3316 6 17 ;
1089 3310 78 19 Kallisté
1172 3310 28 23 (C,
1204 3310 31 23 T.)
1240 3316 7 17 ;
1253 3311 26 17 De
1284 3310 82 19 Zieavoà
1370 3311 102 18 l’Ineudine

999 3338 26 22 (J.
1029 3340 24 17 de
1061 3339 19 17 la
1084 3338 59 23 Tour)
1147 3343 6 17 ;
1164 3335 108 25 Le'Souper
1280 3339 24 16 de
1310 3338 99 19 Beaueaire
1418 3338 54 22 (avec

998 3365 114 22 hors-texte)
1118 3370 6 16 ;
1133 3366 36 18 Les
1178 3364 87 20 environs
1270 3366 25 18 de
1302 3365 79 19 Ghisoni
1385 3365 28 22 (F.
1421 3364 50 20 San-

998 3393 48 23 toni)
1053 3398 7 17 ;
1067 3393 94 22 Napoléon
1166 3394 12 16 à
1182 3393 21 19 la
1206 3392 71 21 Grotte,
1282 3394 67 17 sonnet
1354 3392 88 23 (Vincent
1448 3394 24 17 de

998 3420 78 23 Peretti)
1081 3425 9 17 ;
1097 3420 39 18 Nos
1143 3421 142 17 collaborateurs
1290 3419 107 23 artistiques
1399 3419 59 24 (C.T.)
1463 3425 7 17 ;

998 3448 36 18 Les
1038 3447 95 18 Fourches
1139 3448 23 18 de
1177 3448 19 18 la
1205 3447 74 18 Bavella
1287 3448 53 21 (aveé
1344 3448 114 23 hors-texte)
1464 3452 6 18 ;

998 3475 51 18 L’art
1060 3475 24 18 de
1098 3476 89 20 regarder
1201 3479 28 13 un
1235 3479 80 18 paysage
1329 3475 34 23 (Dr
1377 3475 81 23 Marcou)
1463 3480 7 17 ;

999 3502 98 18 Tourisme
1110 3506 53 14 corse
1170 3507 24 13 en
1201 3501 58 19 Corse
1265 3502 27 22 (J.
1299 3502 57 23 Maki)
1361 3507 7 17 ;
1376 3502 96 22 Paysanne

998 3529 64 21 Corse,
1071 3530 69 17 sonnet
1147 3534 45 14 avec
1201 3529 21 17 h.
1236 3530 52 17 texte
1300 3529 49 22 (Max
1359 3529 68 23 Eoger)
1430 3535 6 17 ;
1446 3531 25 17 Le

998 3557 65 18 Musée
1081 3555 93 22 d’Ajaccio
1189 3556 29 23 (F.
1235 3556 107 24 Corbellini)
1347 3562 6 17 ;
1368 3557 103 19 Premières

999 3583 71 24 neiges,
1085 3583 65 22 poésie
1162 3583 60 23 (Abbé
1233 3584 19 17 î.
1267 3584 101 23 Ferracci);
1381 3584 27 19 Le
1416 3584 56 19 Golfe

998 3611 26 17 de
1030 3611 62 21 Porto,
1104 3615 48 14 avec
1159 3612 105 17 hors-texte
1270 3612 26 17 de
1300 3612 21 17 F.
1327 3612 99 18 Corbellini
1432 3618 7 16 ;
1445 3613 26 18 La

998 3638 73 19 Guerre
1086 3638 25 18 de
1118 3637 96 23 Quarante
1224 3642 35 14 ans
1274 3639 66 22 (Henri
1346 3639 112 23 Pierangéli)
1463 3644 6 17 ;

999 3664 70 19 Choses
1076 3666 21 17 et
1100 3665 70 19 Autres
1176 3665 28 23 (C.
1210 3665 29 23 T.)
1245 3670 7 17 ;
1260 3666 26 17 Le
1294 3665 99 24 Régiment
1397 3667 75 21 provin-

998 3692 37 18 cial
1042 3697 55 13 corse
1104 3696 26 13 au
1143 3692 30 19 18-
1181 3692 56 19 siècle
1256 3693 52 22 (avec
1321 3694 46 18 hors
1374 3693 66 23 texte).
1448 3704 25 3 —

998 3719 27 17 La
1031 3720 113 18 couverture
1156 3725 11 13 a
1184 3720 30 18 été
1220 3719 85 20 illustrée
1312 3726 34 17 par
1353 3721 25 17 M.
1392 3721 23 17 A.
1423 3721 49 19 Bou-

997 3746 51 19 chet.

1569 135 165 40 VISTE
1757 132 181 40 CORSE

1870 225 16 14 a
1898 218 26 20 V.
1932 218 30 20 A.

1544 269 41 23 Un
1593 274 63 23 pocu
1668 273 72 22 sopra
1753 273 13 15 a
1777 265 127 25 Pietralba,
1915 265 70 26 postu

1515 302 79 22 nant’a
1601 308 32 15 un
1641 300 128 28 curpanile,
1778 305 17 15 u
1800 304 72 22 paese
1880 297 25 22 di
1916 296 69 23 Case-

1515 334 62 23 Nôvi
1584 335 32 21 du
1617 335 65 21 mina
1692 339 15 16 a
1714 333 61 22 valle
1781 331 86 23 florida
1877 331 24 22 di
1908 336 14 16 a
1929 329 56 23 Tre-

1514 367 123 29 ghinaglia
1646 367 39 22 chi
1697 366 21 22 si
1725 366 120 25 cuntinua,
1853 363 129 29 quajo’ndi,

1514 407 13 16 a
1537 407 80 17 mezzu
1629 407 14 15 a
1651 400 101 23 l’oliveti
1761 399 56 28 rigi.
1830 398 24 23 U
1879 396 69 23 Tedu
1963 397 21 22 si

1513 436 79 27 spicca
1600 436 65 21 sottu
1676 440 29 16 eu
1726 433 7 22 i
1757 439 28 16 so
1805 432 52 22 tetti
1870 430 61 23 rossi
1945 437 14 16 e
1970 436 14 16 e

1513 475 27 16 so
1550 476 54 15 case
1615 475 14 15 a
1641 471 98 20 terrazze
1746 475 7 19 ;
1767 473 18 15 u
1796 465 111 22 stradone
1926 470 57 22 pare

1511 509 35 16 un
1557 502 108 29 frigiettu
1675 502 88 21 biancu
1770 500 103 28 ghittatu
1883 505 13 15 a
1905 503 78 17 mezzu

1512 543 13 15 a
1544 537 8 22 i
1572 537 78 26 campi
1672 533 140 24 accidentati
1839 539 15 16 e
1880 531 103 29 verdeg-

1512 570 84 28 gianti.

1539 605 24 21 A
1584 602 124 24 l’orizonte
1723 601 63 24 l’alte
1803 602 129 26 muntagne
1943 599 40 22 d’u

1512 637 77 22 Padru
1594 642 14 16 e
1618 636 39 23 d’u
1664 635 132 24 Rutonduli
1804 633 177 28 fistuneghianu

1510 677 16 14 u
1538 671 63 21 cielu
1612 676 94 15 accesu.
1724 668 41 23 Un
1776 669 75 21 boscu
1871 667 24 22 di
1906 667 75 21 leccie

1511 707 67 18 canta
1586 709 13 15 e
1614 702 115 28 s’aîteppa
1737 706 73 18 versu
1830 706 14 16 e
1855 700 69 23 ruine
1935 700 47 22 fra-

1510 737 41 28 gili
1561 744 6 20 ;
1581 743 48 16 una
1640 737 113 28 surgente
1765 734 157 24 frischissima
1934 740 14 16 a
1959 733 20 23 si

1509 771 139 28 fisculeghia
1660 777 14 16 a
1686 770 82 22 mezz’a
1788 775 34 16 un
1833 768 103 23 fracassu
1948 767 31 23 d’i

1511 805 85 23 monti.

1538 838 24 23 U
1573 843 72 23 paese
1656 838 25 22 in
1700 837 67 22 ruina
1784 835 67 28 dipòi
1871 841 47 16 una
1930 840 50 16 ses-

1510 873 93 22 santina
1626 871 79 22 d’anni
1723 871 99 27 impone
1847 876 16 15 u
1880 869 99 22 silenziu

1509 908 67 20 tantu
1596 906 14 21 è
1627 906 120 27 singulàre
1763 910 17 16 u
1801 903 63 23 lòcu.
1882 903 24 22 A
1927 907 53 18 sera

1509 939 103 28 quand’u
1623 940 51 22 sole
1683 940 118 21 tramònta
1812 943 14 16 e
1839 937 38 22 chi
1890 936 21 22 si
1928 942 52 16 mû-

1509 973 20 23 ri
1538 974 132 22 diventanu
1686 973 71 26 rossi,
1770 977 70 17 cume
1851 970 60 24 s’elli
1932 970 47 23 fus-

1509 1007 54 23 sinu
1572 1006 100 30 pigliâti.
1686 1007 31 21 da
1726 1012 34 16 un
1780 1005 120 26 incendiu,
1912 1009 68 23 pare-

1508 1047 33 15 nu
1551 1040 44 29 più
1605 1040 50 28 alti,
1667 1040 44 28 più
1726 1038 123 28 maestosi,
1859 1037 43 30 più
1912 1038 66 27 pieni

1508 1074 40 22 d’u
1558 1075 34 21 mi
1594 1076 65 20 stem
1670 1073 40 23 chi
1719 1073 8 22 i
1736 1078 81 23 copre.
1827 1072 40 23 Ma
1877 1078 17 15 u
1906 1072 73 22 déco-

1509 1114 28 16 ra
1546 1108 14 22 è
1568 1107 44 29 più
1620 1108 65 22 bellu
1697 1113 14 16 e
1722 1107 40 28 più
1771 1106 115 23 terribule
1893 1111 15 16 a
1924 1107 56 20 hot-

1507 1143 32 24 te,
1556 1141 96 28 quandu
1668 1147 15 16 a
1703 1141 57 22 luna
1779 1138 156 30 ghiughendu
1964 1144 15 15 a

1507 1175 158 28 piatta-piatta
1675 1180 30 17 eu
1714 1180 15 16 e
1735 1174 69 23 stelle
1813 1171 94 25 d’aret’a
1915 1172 8 21 i
1928 1177 52 21 ,nu-

1507 1208 17 22 li
1540 1208 146 28 vagabondi,
1701 1213 67 17 carca
1779 1206 123 29 d’argentu
1919 1210 15 16 e
1953 1204 25 23 di

1506 1242 116 29 lucignuli
1630 1247 14 17 e
1656 1247 55 17 case
1719 1240 42 24 òra
1772 1239 176 29 scunquassate.

1535 1275 28 23 Bi
1575 1274 83 24 sintite
1667 1274 117 29 stringhie
1792 1280 17 15 u
1818 1272 54 24 côre
1881 1272 96 28 quandu

1508 1309 148 28 penetrendu
1663 1309 27 22 in
1701 1308 32 22 du
1741 1307 99 23 silenziu
1850 1306 24 23 di
1884 1306 31 23 s.ti
1926 1311 52 17 mû-

1506 1343 20 22 ri
1537 1343 142 27 macagnati,
1692 1348 17 16 u
1717 1343 87 21 vostra
1813 1339 164 30 pedeintrona

1507 1383 46 15 una
1575 1377 65 21 volta
1655 1375 125 26 .sfundata,
1801 1380 16 15 o
1829 1373 96 29 quandu
1943 1378 34 16 un

1506 1416 70 22 pezzu
1595 1410 23 21 di
1631 1411 70 26 petra
1715 1406 187 30 sbrigiulata.d'a
1920 1412 58 16 vec-

1506 1443 77 23 chiaia
1602 1449 68 16 casca
1687 1440 190 30 stintigliulendu
1898 1439 79 23 nant’a

1506 1483 47 17 una
1574 1477 102 28 sgherba
1690 1477 25 21 di
1729 1476 113 28 ianeparu
1862 1479 79 21 seccu,
1960 1479 16 16 o

1502 1517 66 23 •puru
1575 1517 17 16 u
1602 1512 58 21 volu
1701 1516 46 16 una
1761 1508 147 27 curnacchia,
1920 1507 56 22 d’un

1506 1545 174 28 saccu-pinutu,
1699 1543 55 23 d’un
1782 1541 135 24 casarecciu
1936 1541 39 23 chi

1506 1584 69 17 cerca
1582 1578 95 28 qualchi
1692 1577 107 29 granellu
1815 1577 89 22 restatu
1911 1575 65 22 forse

1506 1618 43 23 per
1557 1618 27 17 se
1596 1612 121 22 scancerie
1727 1612 73 27 piene
1811 1610 25 22 di
1847 1608 128 29 lamaghié.

1506 1645 42 24 Un
1553 1648 69 26 topu,
1634 1652 33 16 un
1678 1645 85 27 acellu,
1775 1651 34 15 un
1815 1648 96 18 rumore
1919 1648 57 22 qua-

1505 1680 90 29 lunque
1616 1680 24 21 bi
1652 1679 52 24 face
1722 1678 111 23 stravede
1844 1684 15 16 e
1871 1682 103 24 pensa...

1507 1719 31 17 un
1546 1714 80 22 enima
1637 1713 25 22 si:
1670 1719 33 16 ne
1712 1714 57 21 vola
1778 1711 120 29 purtandu
1906 1711 26 22 in
1942 1717 34 16 nu

1506 1753 27 16 so
1545 1747 134 25 rimusçhiu
1685 1747 56 22 tutti
1752 1747 9 21 i
1779 1745 86 23 secreti
1873 1744 33 23 d’i
1913 1743 58 24 tem-

1506 1781 24 28 pi
1542 1781 89 22 andati.
1961 1801 4 4 .

1534 1814 92 28 Quindi
1637 1821 15 16 e
1663 1814 102 26 culandi,
1777 1815 87 27 végéta
1880 1812 95 29 qualchi

1505 1854 83 23 magru
1598 1848 112 28 giardinu
1723 1848 77 28 pienu
1812 1847 25 22 di
1848 1846 126 29 puncicule

1505 1888 14 16 e
1527 1883 25 21 di
1563 1882 65 23 cardi
1637 1882 75 29 gialli,
1719 1881 30 23 da
1755 1882 63 22 tuttu
1826 1882 38 21 stu
1872 1879 108 25 «chaos»,

1504 1915 54 23 ch’u
1572 1918 83 25 tempu
1673 1915 75 23 frusta
1767 1921 15 16 e
1792 1920 73 23 copre
1884 1913 88 27 d’erba,

1504 1955 71 23 sorge
1585 1956 31 16 eu
1630 1950 101 22 so.tettu
1742 1949 27 22 in
1781 1947 83 29 teghie
1884 1947 89 23 turchi-

1503 1989 31 16 ne
1556 1989 16 17 e
1582 1989 34 16 un
1634 1983 83 28 piculu
1727 1982 133 28 campanile
1866 2002 3 2 ,
1873 1981 61 23 fattu
1947 1981 26 22 di

1504 2016 39 23 dui
1555 2017 93 28 pilastri
1657 2016 72 22 alt’un
1742 2018 87 24 metru,
1841 2022 15 15 a
1867 2015 106 27 çhiesuc-

1502 2050 37 22 cia
1560 2050 40 23 d’u
1622 2056 80 22 paese,
1717 2051 137 21 cunsacrata
1872 2055 15 16 a
1901 2048 71 23 Santa

1503 2083 78 23 Lucia.
1589 2094 4 3 -
1725 2103 3 3 .

1530 2112 17 28 È
1562 2117 90 27 chiuca,
1667 2118 91 25 chiuca,
1768 2118 115 26 semplice
1898 2122 14 16 e
1919 2122 54 17 mu-

1502 2151 74 27 desta,
1588 2150 67 24 biôta
1665 2151 26 22 di
1706 2152 71 25 tuttu,
1788 2149 54 23 sôlu
1854 2156 32 16 un
1897 2155 76 17 arma-

1502 2184 38 23 riu
1550 2191 81 17 mezzu
1642 2184 99 29 fragicu,
1754 2191 48 15 una
1816 2185 95 27 pittura.
1917 2183 55 23 bec-

1502 2218 56 25 chia.
1567 2218 57 22 d’un
1635 2218 30 23 sò
1675 2218 146 28 quant’anni,
1833 2217 88 23 rustica
1932 2224 39 16 ma

1501 2252 72 30 piena
1583 2252 25 22 di
1616 2251 62 28 fede,
1689 2258 32 16 un
1727 2253 74 21 altare
1807 2252 25 22 in
1846 2252 77 25 ruina,
1929 2252 41 22 uni

1509 2286 65 23 >ochi
1582 2286 25 22 di
1619 2285 115 23 candileri
1751 2285 115 27 stronchi,
1876 2285 95 28 qualchi

1501 2319 59 24 fiore
1571 2325 119 22 seccu,un-
1701 2318 89 27 Cristu.
1798 2319 26 21 in
1834 2325 68 19 ramu
1911 2319 60 23 fattu

1503 2353 30 23 da
1543 2360 48 16 una
1601 2356 75 20 manu
1684 2359 92 16 rozza...
1788 2358 58 18 eccu
1857 2354 64 21 tuttu
1932 2353 38 23 cio

1501 2387 38 23 chi
1551 2388 22 21 si
1581 2387 69 23 trôva
1662 2388 25 21 in
1699 2392 27 17 sa
1734 2387 104 22 chiesola
1850 2386 38 23 chi
1900 2387 70 22 résis-

1501 2423 22 21 té
1535 2428 14 16 a
1558 2428 15 16 u
1585 2427 81 17 morsu
1674 2421 25 23 di
1711 2421 79 23 Fanni.
1805 2421 23 22 A
1840 2422 47 27 pila
1901 2426 68 17 senza

1501 2454 81 28 forma,
1594 2456 97 27 tagliata
1702 2455 24 22 in
1744 2461 46 16 una
1806 2457 64 25 petra
1882 2455 87 22 turchi-

1501 2494 29 16 na
1541 2495 14 16 e
1567 2489 68 22 dolce
1650 2491 69 26 porta
1728 2492 38 19 stu
1780 2490 92 21 monitu
1887 2489 83 22 barba-

1501 2522 49 23 ru:ï
1563 2523 15 22 b
1590 2528 15 17 o
1618 2522 85 27 b<,sa
1714 2523 114 22 scrizione
1840 2522 129 23 sivededi-

1501 2555 30 23 QÔ
1543 2556 78 28 sopr’a
1632 2559 69 26 porta
1715 2556 109 23 d’intrata
1835 2557 134 27 scalpellata

1501 2595 70 24 sopra
1579 2590 93 22 listessa
1685 2591 65 27 petra
1765 2589 107 24 turchina
1880 2597 7 15 :
1908 2590 10 22 I
1929 2591 14 22 b
1953 2596 15 17 o

1501 2623 20 22 b.
1537 2624 64 22 IOÓI.
1611 2624 43 23 AI.
1679 2645 3 3 .

1526 2657 88 26 Prima,
1623 2658 35 21 mi
1669 2656 155 27 n’arricordu,
1836 2664 17 16 u
1860 2658 73 28 j.ornu
1943 2658 25 22 di

1501 2691 38 23 Sta
1548 2691 80 27 Lucia,
1635 2692 9 21 i
1657 2691 159 28 petralbinchi
1825 2691 22 22 si
1854 2697 33 17 ne
1898 2692 71 22 c.ulla-

1501 2731 61 17 vanu
1570 2726 26 23 in
1603 2725 155 27 prucessione
1769 2732 14 14 a
1795 2731 14 16 e
1820 2724 121 24 case-nòvi
1953 2731 15 16 e

1501 2759 112 23 mettianu
1628 2764 34 17 un
1678 2764 63 22 pocu
1758 2759 26 22 di
1795 2759 59 27 vita,
1873 2759 55 22 sinò
1943 2760 25 22 di

1501 2794 116 26 spaventu
1632 2793 25 22 in
1674 2798 27 16 se
1722 2793 138 27 muricagne
1875 2792 94 23 millan-

1501 2826 85 23 ninche
1595 2831 15 16 e
1620 2827 67 23 mute
1694 2825 32 28 pè
1734 2832 16 17 u
1762 2831 101 23 sempre.

1527 2860 23 21 A
1567 2865 113 22 campana
1699 2859 39 23 chi
1749 2860 123 23 chiamava
1892 2866 14 16 a
1918 2861 50 27 pri-

1501 2892 72 29 ghera
1584 2893 93 27 dorme,
1684 2893 64 28 dòpu
1755 2899 48 23 .270
1810 2894 55 22 anni
1877 2894 24 24 di
1913 2900 56 17 can-

1501 2929 24 20 tu
1542 2928 92 27 allegru
1645 2933 15 16 o
1673 2927 121 27 dulorosu,
1808 2933 67 16 senza
1892 2928 75 23 battà-

1501 2960 80 28 gliòlu,
1591 2963 106 23 cannata,
1708 2960 25 22 in
1745 2967 32 16 un
1798 2964 69 20 cantu
1882 2966 86 18 ascosu

1501 2996 93 26 esposta
1603 3000 13 15 a
1628 2994 89 27 l’acqua
1729 3000 13 16 e
1754 3001 14 16 a
1777 2995 8 22 i
1801 2995 75 23 venti.

1527 3043 24 6 ...
1566 3027 100 28 Epensu
1676 3033 14 16 a
1707 3028 8 21 i
1725 3029 73 27 tempi
1810 3028 74 23 scorsi
1896 3028 26 22 di
1938 3029 30 22 li-

1501 3061 63 22 beria
1583 3061 69 22 sott’a
1676 3062 145 26 prutezzione
1849 3062 24 22 di
1897 3061 70 24 Santa

1501 3094 95 23 Lucia...

1733 3129 92 25 Isepptt
1836 3128 102 26 Filippi.

1508 3214 29 37 h
1552 3214 94 39 Satuto
1661 3215 33 36 al
1704 3217 57 35 mio
1773 3227 84 34 paese
1874 3218 93 37 natale

1519 3303 62 25 Salve,
1586 3304 151 24 bell’Occiglioni,
1742 3306 55 19 iltuo
1804 3308 82 22 cospetto

1517 3332 48 19 Viva
1573 3333 88 22 risveglîa
1666 3333 22 18 în
1692 3338 31 13 me
1729 3334 20 18 la
1759 3335 132 20 rimembraoza

1517 3359 34 18 Del
1558 3359 43 18 rimi
1606 3360 45 18 anni
1659 3359 51 23 miei,
1716 3364 12 13 e
1735 3361 21 20 dj
1763 3362 88 19 baldanza

1518 3386 17 18 R
1542 3386 78 23 dî.gioja
1627 3387 94 18 minonda
1727 3388 15 19 il
1747 3393 46 15 cuor
1800 3390 31 18 ne!
1838 3391 58 22 petto.

1518 3430 39 19 Ben
1564 3431 27 18 mi
1596 3431 72 18 rieordo
1679 3431 82 21 allorchè
1771 3435 109 21 pargoletto,

1518 3457 77 23 Qnando
1603 3463 66 19 sorgea
1675 3459 16 18 il
1698 3459 71 24 giorno,
1778 3461 54 19 useia
1837 3462 19 17 di
1859 3463 70 18 stanza.

1518 3485 15 19 E
1540 3486 56 22 pieno
1603 3486 119 19 d’innoeenza
1727 3493 11 13 e
1743 3488 21 18 di
1769 3490 88 22 costanga

1518 3512 40 19 COQ
1563 3514 71 22 ragazù
1641 3514 20 18 di
1665 3514 27 18 mi
1692 3519 11 13 a
1707 3515 30 18 età
1741 3521 13 17 p
1754 3517 67 18 rendes
1836 3517 71 22 düetto,

1518 3555 29 20 ûh
1550 3557 6 18 !
1562 3558 53 18 dolce
1619 3559 37 21 età,
1660 3558 27 18 oh
1692 3558 6 18 !
1703 3558 134 21 rimembranza
1844 3566 41 13 rara

1518 3583 57 19 Corne
1578 3585 46 18 Iiete
1635 3581 79 23 esnitate
1719 3587 31 18 nel
1755 3588 39 18 mio
1797 3592 55 15 cuore

1517 3611 56 19 Unité
1579 3617 12 13 a
1599 3614 63 20 qnella
1668 3613 24 22 fè,
1701 3614 18 18 si
1723 3618 48 18 para
1781 3620 12 13 e
1800 3615 16 18 si
1823 3617 69 21 chiara,

1518 3655 37 19 Chi
1559 3656 102 23 m’insegnô
1667 3657 73 19 l’amato
1746 3659 84 22 genitore

1519 3682 40 20 Con
1567 3684 20 18 la
1594 3683 37 19 mia
1636 3684 91 23 génitrice
1733 3691 61 17 ognor
1800 3687 17 18 si
1824 3692 48 18 cara,

1517 3710 56 18 Amhi
1581 3716 33 13 ora
1621 3712 21 19 in
1649 3712 73 19 braecio
1731 3714 19 18 al
1756 3714 40 18 mio
1806 3715 38 18 alto
1851 3716 81 20 Fattore.

1659 3751 128 24 Ghiuseppe
1794 3752 149 23 Gîovannelli.

2112 132 268 56 Conversation

2056 199 374 65 Politico-Religieuse

2039 302 32 22 Le
2077 301 86 24 Préfet
2170 309 9 15 :
2191 302 177 32 Monseigneur,
2377 315 56 22 perm

2013 334 35 20 tez
2058 338 45 23 que
2111 332 26 29 je
2147 339 64 17 vous
2229 333 60 23 offre
2304 341 52 18 mes
2370 339 69 32 hom^

2013 368 40 23 ges
2061 369 57 16 avec
2128 369 53 17 mes
2188 369 101 18 excuses
2295 371 62 22 pour
2361 369 23 23 le
2394 373 44 28 déra

2013 395 92 27 gement
2116 399 46 23 que
2172 395 25 27 je
2213 400 61 18 vous
2295 402 69 18 cause
2383 386 72 39 auin?'

2013 424 69 21 i’hui.
2409 415 46 21 mr'

2035 457 20 20 L
2061 457 96 26 Eveque
2166 463 9 15 :
2186 457 74 28 Soyez
2270 460 121 29 remercié,
2405 464 45 31 Mon

2008 485 65 24 sieur
2093 487 23 21 le
2132 486 85 29 préfet,
2237 493 63 22 pour
2315 489 25 23 la
2357 480 98 45 premiè^

2008 517 72 23 visite
2088 517 58 23 dont
2154 524 63 17 vous
2222 518 99 29 daignez
2326 521 129 34 m’honoreri

2035 548 32 22 Le
2077 548 85 29 Préfet
2170 555 9 16 :
2191 548 66 24 C’est
2267 555 62 22 pour
2338 558 47 17 une
2393 557 63 30 affaire

2008 578 69 24 d’une
2085 580 104 22 certaine
2200 579 100 29 gravité.

2038 609 118 29 L'Evêque
2171 617 10 16 :
2203 609 66 24 C’est
2291 611 62 24 donc
2373 614 84 34 d’autant

2006 640 52 28 p’us
2071 641 141 23 intéressant
2221 647 6 16 :
2239 641 28 28 Je
2274 647 64 17 vous
2349 643 83 30 écouté.

2033 672 32 22 Le
2075 671 85 29 Préfet
2167 678 9 16 :
2192 671 29 29 Je
2231 677 104 24 suppose
2349 681 45 22 que
2410 685 46 25 vous

2007 703 158 22 connaissez.«
2174 703 23 22 A
2210 702 93 23 Muvra
2311 710 23 16 ».

2032 732 123 30 L'Evêque
2162 741 11 15 :
2184 733 186 26 Certainement.
2384 738 70 31 Jesujs

2006 770 59 17 avec
2084 764 112 24 curiosité
2214 765 116 28 toujours,
2351 773 58 18 avec
2427 780 27 19 an.

2006 795 66 23 xiété
2078 795 97 29 parfois,
2185 797 23 21 la
2216 801 129 23 campagne
2353 798 30 22 de
2391 806 63 24 presse

2006 825 127 30 régionale,
2158 828 103 21 comme'
2272 827 65 23 Vous
2359 829 68 25 devez
2440 838 14 23 ie

2006 856 57 23 faire
2073 863 61 17 vous
2148 859 79 21 même
2235 859 25 21 et
2268 858 26 28 je
2309 862 104 21 constate
2423 868 31 24 q\je

2006 888 22 22 la
2043 888 143 26 démocratie
2206 894 69 17 corse
2295 895 31 16 en
2348 889 106 33 ébullition

2006 918 83 29 depuis
2100 921 36 22 ün.
2143 920 89 23 certain
2243 922 79 25 temps
2337 922 85 22 semble
2430 932 24 19 gj-.

2006 950 65 23 rivée
2082 951 14 22 à
2107 957 31 15 un
2154 953 112 21 tournant
2285 951 43 22 des
2341 952 54 27 plus
2408 947 51 35 critjJ

2006 987 65 23 ques.
2092 999 4 2 .
2108 1000 3 3 .

2032 1013 32 23 Le
2074 1011 87 31 Préfet:
2173 1020 10 16 :•
2190 1027 3 4 •
2197 1013 28 28 Je
2238 1014 25 24 Je
2283 1018 76 23 pense
2378 1020 30 16 un
2419 1023 34 22 peu

2006 1046 135 22 moi-même
2152 1047 26 21 et
2188 1044 58 23 c’est
2255 1050 62 23 pour
2328 1046 51 20 cela
2392 1050 38 22 que
2436 1044 23 35 0

2006 1075 67 23 viens
2084 1081 60 17 vous
2154 1076 67 28 prier
2237 1076 30 21 de
2280 1074 112 23 modérer
2409 1081 42 24 cette

2006 1107 83 22 ardeur
2099 1106 35 22 de.
2139 1105 175 30 prosélytisme,
2328 1105 42 28 qui
2386 1112 26 16 se
2428 1112 24 22 ré-

2006 1136 52 24 vêle
2068 1137 58 22 dans
2140 1138 72 21 votre
2223 1135 73 28 jeune
2307 1135 86 29 clergé.
2406 1138 46 28 Quej

2006 1169 42 25 est,
2060 1173 42 22 par
2112 1166 118 28 exemplè,
2240 1172 27 16 ce
2278 1164 108 29 pétulant
2394 1174 13 14 «
2414 1168 38 27 Pre.

2006 1200 22 20 te
2039 1198 77 22 Corsu
2126 1203 15 16 »
2151 1197 42 28 qui
2206 1196 59 23 écrit
2275 1202 31 16 en
2317 1198 78 26 patois
2414 1200 11 22 ?

2030 1227 122 29 L’Evêque
2161 1234 8 16 :
2176 1228 87 22 V&tOis
2274 1233 32 16 ou
2313 1228 90 29 langue,
2408 1236 45 20 vous

2006 1259 154 23 conviendrez
2170 1263 60 18 avec
2240 1258 53 23 moi:
2305 1264 47 22 que
2364 1265 27 17 ce
2400 1260 53 28 hardi

2006 1290 149 23 corsicantise
2170 1291 50 20 sert
2237 1295 61 18 avec
2314 1290 107 25 maîtrise,
2433 1294 21 23 de

2006 1320 112 25 l’idiome.,
2123 1320 141 23 maternel...
2286 1319 31 23 Sa
2333 1322 79 27 plume
2426 1329 28 19 me

2006 1352 86 23 semble
2097 1350 119 24 d’ailleurs
2223 1350 189 25 exclusivement
2417 1354 40 25 ani-i

2006 1381 56 29 méer
2066 1382 30 23 de
2103 1382 149 28 patriotisme
2263 1383 25 21 et
2298 1382 31 22 de
2336 1383 102 28 religion.
2456 1399 3 3 -

2030 1413 35 23 En
2075 1412 152 25 considérant
2238 1420 14 14 «
2263 1412 43 23 Les
2319 1412 106 24 Bastions
2433 1417 19 23 de

2006 1444 52 24 L’Est
2066 1451 13 15 »
2087 1450 87 17 encore
2183 1445 52 21 tout
2245 1443 112 28 fumants,
2366 1444 18 23 il
2394 1451 58 25 songe

2006 1476 67 23 aussi.
2077 1473 17 24 à
2107 1476 68 23 cette'
2184 1477 66 20 autré
2261 1475 126 23 sentinelle
2397 1482 55 19 avan-

2006 1505 38 24 cée
2053 1506 74 29 qü’êst
2135 1513 45 16 son
2191 1506 67 28 paysj
2271 1512 46 17 son
2328 1513 14 15 «
2354 1506 60 24 Isola
2421 1508 32 24 do-

2006 1538 59 23 Lente
2074 1545 10 14 »
2096 1537 71 29 point
2177 1537 32 23 de
2218 1538 62 22 mire
2288 1537 44 22 des
2342 1538 53 28 plus
2402 1540 51 26 puis-

2006 1571 74 21 santes
2090 1569 155 26 convoitises,
2257 1568 72 29 enjeu
2342 1570 53 21 tout
2403 1569 49 25 dési-

2006 1599 43 29 gné
2059 1600 33 22 du
2101 1599 111 24 moindre
2219 1598 170 30 dérangement
2396 1600 58 25 Euro-

2006 1629 64 24 oéen.

2029 1662 87 27 Quand
2131 1668 49 16 aux
2197 1667 43 24 /50
2256 1666 120 24 paroisses
2387 1667 64 19 corses

2001 1698 55 17 sans
2065 1694 106 27 pasteurs
2185 1693 59 22 elles
2262 1693 133 28 rappellent
2410 1694 49 29 trop-

2002 1724 154 23 brutalement
2167 1723 13 23 à
2195 1729 46 17 son
2257 1729 68 17 coeur
2340 1724 30 22 de
2389 1725 62 26 prêtre

2001 1757 61 21 cette
2075 1754 77 24 laïcité
2170 1754 148 23 outrancière
2335 1755 32 22 de
2384 1753 67 25 l’école

2001 1787 39 27 qui
2055 1787 54 22 tarit
2121 1786 35 23 les
2175 1791 97 17 sources
2289 1786 91 23 mêmes
2395 1785 26 22 de
2436 1788 15 21 la

2001 1817 39 23 vie
2049 1817 126 29 religieuse
2183 1819 26 20 et
2216 1816 42 23 fait
2266 1816 67 29 rugir
2339 1816 55 30 Mgr
2398 1816 53 24 Ruch

2000 1853 92 18 comme
2105 1854 31 16 un
2148 1849 52 22 lion
2208 1847 79 24 blessé
2295 1848 14 21 à
2320 1850 70 20 mort.

2027 1880 32 22 Le
2069 1879 85 27 Préfet
2164 1885 6 17 :
2192 1878 67 23 Vous
2286 1884 40 17 me
2351 1878 99 29 paraissez

1999 1916 90 18 avouer
2112 1910 151 23 vous-même
2294 1909 64 29 Mgr,
2378 1915 43 23 que
2435 1912 15 21 le

1999 1944 153 21 mouvement
2162 1943 86 27 auquel
2264 1940 120 24 collabore
2397 1948 11 13 «
2421 1940 27 24 Un

2000 1972 67 23 Prete
2087 1973 78 22 Corsu
2183 1980 15 14 »
2216 1974 38 21 est
2269 1972 64 22 aussi
2348 1971 102 23 séditieux

1999 2009 46 22 que
2063 2004 60 22 celui
2146 2003 78 29 dirigé
2243 2009 42 22 par
2303 2002 110 28 l’Evêque
2429 2003 22 23 de

1998 2034 140 29 Strasbourg
2151 2036 25 21 et
2185 2035 25 21 le
2222 2033 99 31 général
2333 2034 32 22 de
2375 2033 75 23 Castel-
2456 2039 3 21 ;

1997 2071 72 17 nau...
2090 2065 122 25 C’est.une
2219 2066 71 28 .ligue
2304 2065 146 28 anti-gouver-

1998 2097 133 22 nementale
2141 2097 42 28 qui
2195 2096 52 25 doit,
2259 2094 190 28 être.,surveillée!

2024 2126 122 29 VEvêque
2156 2134 8 16 :
2173 2127 65 23 Tout
2244 2128 74 25 doux,
2327 2129 53 21 tout
2390 2126 60 23 doux!

1998 2157 35 22 M.
2042 2159 23 21 le
2069 2177 3 2 .
2076 2157 87 24 Préfet.
2173 2157 48 23 Ces
2232 2159 175 28 protagonistes
2412 2163 38 17 ma-

1997 2189 123 28 gnanimes
2142 2196 27 16 se
2188 2189 110 23 tiennent
2317 2190 134 28 rigoureuse-

1997 2221 66 22 ment
2073 2226 41 16 sur
2129 2221 24 22 la
2175 2219 151 24 défensive...
2343 2219 107 28 Pourquoi

1996 2256 31 16 ne
2048 2258 41 21 pas
2109 2251 103 29 prendre
2231 2258 31 16 en
2279 2250 169 26 considération,

1997 2287 30 17 en
2050 2283 55 22 haut
2129 2283 57 26 lieu,
2213 2282 116 23 certaines
2355 2281 94 29 requêtes

1997 2312 93 31 n’ayant
2098 2313 52 23 rien
2159 2313 134 30 d’exagéré,
2310 2314 52 22 rien
2367 2313 30 22 de
2407 2317 42 17 con-

1996 2345 70 22 traire
2075 2344 13 22 à
2095 2345 23 22 la
2135 2345 106 23 fameuse
2254 2352 13 14 «
2284 2344 89 29 Egalité
2393 2342 55 29 répur
2453 2349 6 14 ?

1997 2375 115 23 blicaine»
2125 2376 12 22 ?

2023 2406 32 23 Le
2064 2406 86 30 Préfet
2157 2413 7 16 :
2185 2406 32 23 Le
2235 2406 193 23 Gouvernement
2439 2409 9 16 a

1996 2437 98 23 d’autres
2109 2437 66 23 chats
2189 2437 14 23 à
2214 2437 110 24 fouetter.
2342 2435 104 29 Pourquoi

1996 2468 32 22 lui
2042 2468 64 23 créer
2116 2469 42 22 des
2169 2468 126 24 difficultés
2303 2469 96 22 inutiles
2406 2468 12 21 ?
2438 2483 5 3 -

2022 2499 122 28 L'Evêque
2150 2506 6 16 :
2164 2499 47 23 Son
2218 2500 95 29 apathie
2320 2499 128 28 dédaigneu-

1995 2536 25 17 se
2032 2538 13 15 a
2053 2534 53 24 trop
2115 2531 136 28 longtemps
2262 2529 60 24 duré
2332 2533 26 20 et
2368 2530 79 29 Cyrnos

1996 2567 29 16 ne
2037 2564 56 20 veut
2099 2562 54 27 plus
2161 2563 50 21 être
2220 2561 140 23 considérée
2369 2563 78 20 comme

1997 2598 46 18 une
2053 2593 96 22 bâtarde
2159 2593 34 22 !...
2214 2591 25 24 Si
2258 2593 23 22 là
2292 2591 93 24 révolte
2396 2592 22 21 et
2432 2590 15 21 la

1994 2622 126 25 résistance
2128 2624 14 22 à
2154 2623 159 29 l’oppresseur
2322 2623 83 29 génois
2416 2626 31 16 eu-

1995 2657 53 20 rent
2058 2655 41 21 des
2111 2654 66 23 chefs
2189 2655 91 28 laïques
2291 2654 14 21 à
2319 2654 52 22 leur
2386 2653 42 22 tête
2435 2650 12 21 il
2457 2666 2 2 ■

1995 2690 30 17 ne
2036 2685 49 23 faut
2092 2685 94 23 oublier
2197 2691 46 23 que
2253 2686 24 22 le
2293 2684 80 30 clergé
2384 2684 63 22 entre-

1994 2716 60 23 tient
2067 2717 23 22 le
2097 2716 39 22 feu
2149 2715 66 24 sacré
2227 2716 75 30 parmi
2314 2716 37 22 les
2364 2713 83 31 popula-

1994 2747 89 23 tions...
2092 2746 58 23 Cela
2158 2748 104 27 pourrait
2269 2748 56 21 bien
2339 2752 27 17 se
2382 2747 65 25 repro-

1994 2777 66 24 duire
2069 2780 24 20 et
2102 2784 31 16 au
2143 2779 49 22 lieu
2203 2778 31 23 de
2243 2777 114 24 chercher
2368 2776 63 23 noise
2437 2772 9 22 à

1993 2815 15 15 «
2019 2808 40 24 Un
2071 2809 68 22 Prete
2149 2808 78 23 Corsu
2236 2817 12 14 »
2261 2815 31 17 on
2305 2808 68 24 ferait
2380 2806 67 24 mieux

1994 2839 29 22 de
2036 2841 21 21 le
2069 2841 127 21 remercier
2203 2840 31 22 de
2243 2846 44 17 son
2306 2842 75 26 gravé
2392 2839 54 21 aver-

1994 2870 123 24 tissement
2124 2871 41 29 qui
2174 2871 98 23 retentit
2280 2876 30 17 en
2317 2867 129 32 profondeur

1994 2903 23 21 et
2026 2901 114 23 d’étudier
2151 2907 58 17 avec
2218 2902 32 22 lui
2261 2902 22 21 la
2292 2901 104 23 solution
2403 2896 42 24 d’un

1994 2933 119 26 problème
2134 2933 65 21 aussi
2218 2932 106 21 anxieux
2347 2934 23 19 et
2395 2925 48 26 aussi

1994 2961 91 25 délicat
2420 2969 4 4 '
2450 2976 9 10 *

2020 2993 32 21 Le
2073 2992 86 27 Prefet
2176 2997 7 16 :
2212 2992 183 23 Pourriez-vous

1993 3022 89 23 donner
2097 3022 111 23 l’adresse
2230 3023 54 22 d’un
2312 3022 131 29 personnage

1993 3054 61 22 aussi
2072 3052 133 29 renseigné,
2225 3054 61 22 aussi
2304 3052 138 30 compétent;

1994 3089 26 16 ce
2032 3089 105 17 nouveau
2147 3084 119 27 Bridaine,
2279 3087 61 21 cette
2353 3083 90 24 Eminen-

1993 3120 27 16 ce
2041 3114 70 23 Grise
2129 3115 189 28 daignerait-elle
2334 3121 39 18 me
2394 3115 51 21 rece-

1993 3146 54 21 voir
2052 3146 13 21 ?

2021 3174 119 29 L'Evêque
2151 3183 7 16 :
2168 3176 77 24 Trêve
2257 3178 30 22 de
2299 3172 145 33 plaisanterie.

1995 3205 33 22 M.
2046 3207 21 22 le
2084 3205 95 25 Préfet!
2201 3208 30 22 La
2251 3207 138 24 renommée
2411 3204 34 21 aux

1993 3240 54 20 cent
2068 3237 104 24 bouches
2198 3244 26 16 se
2244 3239 113 28 chargera
2372 3237 34 23 tôt
2423 3235 22 20 o«

1993 3269 50 22 tard
2074 3269 29 22 de
2125 3274 65 17 vous
2209 3270 133 27 apprendre
2364 3274 27 17 ce
2412 3266 33 26 que

1994 3304 59 18 vous
2064 3299 116 28 paraissez
2194 3299 104 28 ignorer.
2320 3300 68 22 Vous
2402 3296 43 22 aver

1992 3328 115 24 d’ailleurs
2123 3329 106 23 l'excuse
2248 3331 30 21 de
2302 3336 30 17 ne
2346 3336 41 22 pas
2407 3327 36 21 être

1994 3359 73 22 Corse
2078 3361 24 20 et
2120 3360 32 22 de
2165 3366 32 16 ne
2206 3361 106 27 pouvoir
2316 3367 49 23 .par
2376 3352 68 30 consé-

1993 3391 72 25 quent
2075 3391 79 21 sentir,
2158 3393 54 20 tout
2221 3392 24 22 le
2252 3392 96 24 frisson;
2352 3387 93 32 passion-

1989 3418 33 23 né
2039 3420 40 27 qiii
2090 3420 79 23 anime
2182 3423 101 21 certains
2290 3417 155 32 gestes.régiV

1991 3455 64 17 naux
2065 3452 24 20 et
2099 3450 54 24 font
2161 3452 83 23 vibrer
2255 3452 15 23 à
2278 3452 117 23 l’unisson
2404 3444 42 26 to^

1993 3486 32 16 un
2032 3482 92 27 peuple.
2304 3501 4 2 .
2407 3501 16 4 ...
2435 3479 11 29 J

2017 3511 33 22 Le
2056 3511 88 28 Préfet
2152 3519 7 14 :
2171 3513 40 21 Du
2218 3514 86 26 calme,
2314 3514 34 22 du
2355 3512 91 22 calmé-••

1992 3540 157 24 Donnez-moi
2159 3549 32 16 au
2202 3544 80 22 moins
2297 3545 23 20 le
2330 3542 69 24 loisir
2409 3534 37 26 d'é-

1991 3572 78 22 tudier
2077 3573 24 21 la
2109 3572 122 24 situation.
2379 3580 12 7 --

2019 3601 122 30 L'Evêque
2150 3610 7 15 :
2168 3603 23 23 Il
2198 3610 21 22 y
2228 3611 14 15 a
2252 3605 56 27 plus
2315 3605 32 21 de
2358 3608 42 24 150
2414 3599 30 21 aa£

1992 3637 46 22 que
2047 3639 62 16 vous
2119 3639 64 17 nous
2193 3636 68 20 tenez
2269 3637 40 19 cés
2319 3637 89 26 propos
2413 3631 32 18 en-

1993 3662 128 23 dormeurs.
2124 3680 7 6 .
2134 3664 42 22 .Us
2182 3670 30 16 ne
2220 3667 123 26 trompent
2349 3665 51 27 plus
2404 3657 44 31 per-

1992 3697 75 18 sonne
2076 3694 150 23 maintenant
2234 3697 26 21 et
2270 3696 80 21 seules
2357 3695 41 21 des
2409 3687 40 24 réa-

1991 3722 105 23 lisations
2107 3725 95 27 rapides
2213 3728 24 19 et
2245 3725 133 28 équitables
2388 3719 63 31 pour-

1991 3755 55 20 ront
2056 3754 88 22 calmer
2153 3756 37 21 les
2198 3756 96 26 esprits.
