2616 3806
52 108 81 29 Capi
143 113 50 18 e...
206 106 80 29 Capi
296 107 8 24 !

73 175 17 14 A
97 173 75 16 l’amlcu
183 178 9 10 «
198 173 55 16 Flcca
260 174 57 15 Nasu.
322 180 9 7 «•

45 208 15 17 U
70 207 138 23 Gapi-macchia

44 233 23 17 Di
76 238 11 12 u
97 236 39 14 mw
144 236 62 17 paese,

44 257 77 21 Sempre
129 256 95 18 ratacchia

43 281 21 17 In
73 280 55 18 raodu
136 282 82 16 curlese.

45 304 113 22 Quand’ellu
170 306 59 21 sorte,

44 329 83 18 Marehia
135 329 80 18 ridendu
223 336 6 16 ;

44 353 94 19 L’amiche
146 356 55 20 porte

44 379 27 17 Ne
79 379 24 17 và
112 378 118 21 piechiendu.

45 424 14 22 È
66 433 27 13 un
102 428 37 17 bon
147 428 108 18 strumenlu

46 453 61 17 Ch’un
115 452 30 18 stà
153 452 38 17 mai
199 453 49 20 solu,

45 477 28 18 lia
80 480 47 20 gran
137 476 25 17 lai
163 480 24 14 en
189 477 19 17 lu
215 481 6 13 :

44 501 177 22 Merl’acquagnolu.

44 526 15 18 E
67 530 34 18 per
105 525 91 18 cacciassi

45 550 63 19 L’idee
115 554 53 16 nere,

47 576 64 17 Ronca
118 575 29 22 pe’
155 574 7 18 i
170 574 72 19 chiassi

47 600 81 18 Cum’un
136 603 83 14 sumere.

45 651 22 17 In
75 651 19 17 la
102 649 95 23 grandura

45 675 23 18 Ci
75 678 68 18 sporna
151 678 27 14 ua
186 678 54 18 pocu,

46 700 41 17 Vol’
96 699 19 18 fà
122 698 65 22 figura

46 725 22 17 In
79 722 95 24 ogniiocu

47 748 64 19 D'esse
119 749 85 17 scortatu

45 774 27 18 Da
79 772 52 24 jente
139 772 46 18 fida.

46 799 27 18 Da
81 797 44 23 ogni
134 798 40 17 latu
180 802 5 13 :

47 823 48 18 Viva
102 822 5 10 '
116 822 19 17 ai
142 821 60 23 grida.

46 869 15 22 È
68 873 21 18 di
96 871 95 21 mistieru,

47 898 46 22 Capi
101 898 76 22 pastore
183 902 6 16 ;

45 924 59 17 Anc’a
111 927 27 13 un
146 922 74 18 interru

46 948 59 18 Cecca
111 946 72 19 l’onore

47 973 23 18 Di
78 978 11 12 a
98 971 112 23 cumpagnîa

48 997 29 18 D’i
86 998 26 17 so’
118 997 84 17 elettori.

47 1023 76 21 Stampa
129 1022 71 22 buggia

48 1047 27 19 Pè
82 1047 36 20 ayè
127 1046 69 18 furori.

48 1098 83 18 Vol’esse
138 1096 99 19 incensatu

48 1122 79 18 Cum’un
134 1122 99 21 patriarca,

48 1145 78 20 Pereh’è
133 1146 38 18 ben
179 1147 46 17 natu

47 1172 15 18 E
70 1172 57 22 guida
134 1176 12 13 a
153 1171 58 18 barca

49 1197 23 18 Di
78 1198 19 17 la
104 1196 79 23 pulitica

49 1221 168 20 ’Nlercumunale,.

50 1246 13 18 S
65 1247 18 17 ta
92 1245 106 19 metafisica

48 1271 23 18 Di
77 1272 22 17 lu
106 1270 88 24 parziale.

47 1322 53 18 Vene
107 1321 103 23 l’abbrogu,

50 1347 87 22 Ricoglie
145 1351 11 13 a
162 1346 54 21 ienle
221 1351 6 17 ;

50 1372 22 17 In
80 1371 44 23 ogni
132 1372 46 21 logu

50 1397 80 18 Gridàsj
139 1398 61 16 sente.

48 1421 17 18 II
72 1422 89 21 eapurale

48 1446 29 18 Un
86 1445 67 19 vol’Sfà
161 1446 42 18 soin
209 1450 6 12 :

49 1470 91 19 Stercbbe
148 1471 57 20 male,

49 1495 84 19 Serebbe
139 1495 21 18 in
169 1496 52 17 dolu.

49 1545 32 20 ’Ne
88 1546 28 18 so’
123 1550 42 13 sera
167 1547 25 20 le,

48 1570 29 19 Qh
83 1570 6 19 !
97 1571 32 18 ehi
137 1571 83 22 tiechjna
226 1571 5 18 !

50 1595 56 19 Certe
113 1596 76 18 cantate
195 1595 28 20 !...

50 1620 56 18 Rima
113 1620 101 22 mischina,

49 1645 61 23 Figlia
116 1646 20 17 di
143 1645 54 23 vinu,

48 1671 65 18 Robba
120 1671 20 17 di
148 1671 89 22 stracciu,

50 1695 25 18 Fà
83 1697 32 17 ’nu
123 1696 81 19 cunfinu

48 1721 27 17 Lu
85 1721 160 22 vanghigliacciu,

49 1775 23 19 Di
80 1777 21 15 lu
109 1776 98 20 stampone

48 1799 29 19 Un
86 1800 17 18 si
110 1804 73 18 sépara,

48 1825 17 17 A
72 1825 21 17 lu
101 1825 76 18 calzone

47 1849 72 19 Fatt’ha
126 1854 39 13 una
172 1851 71 18 sbarra.

50 1874 52 23 Cusi,
109 1880 12 13 a
127 1875 63 19 calore

48 1899 16 17 U
72 1900 108 17 s’accherna
187 1905 28 12 un
223 1904 54 18 pocu,

50 1924 71 19 Bicin’a
128 1930 14 12 u
150 1929 44 15 çore

49 1949 15 20 0
72 1955 12 13 a
92 1950 65 22 quellu
164 1951 50 17 locu.

48 2003 16 18 E
72 2004 47 21 cusi,
128 2005 55 17 sente

49 2028 16 18 U
72 2029 79 18 vecchiu
157 2029 117 23 cheroeugliu
282 2035 6 16 ;

49 2053 15 18 E
71 2054 119 22 puzzulente,

48 2078 27 19 Dà
83 2080 122 23 santavugliu

49 2104 16 17 A
73 2105 21 17 lu
102 2105 79 22 pudore,

49 2129 17 18 À
73 2130 38 17 l’on
112 2130 41 17 esta
159 2134 7 17 ;

49 2153 163 23 ’Su^stampadore

50 2178 29 19 Un
87 2179 19 18 ci
114 2180 24 17 ’ol
146 2180 33 22 più
185 2181 36 18 stà.

209 2212 103 21 Sussinu,

84 2309 196 23 Abbunamentu

30 2368 33 14 Per
71 2369 44 14 tauta
122 2368 9 14 è
139 2367 27 19 più
174 2368 16 14 di
196 2368 106 18 qualch’annti,

31 2387 16 15 E
53 2389 46 13 scattt
104 2388 60 14 aacli'eo
170 2388 48 14 slizzn
224 2387 79 16 raavriaa,

30 2407 56 18 Tengu
92 2411 11 10 a
107 2407 73 14 cuntirmà.
185 2407 18 14 lu
208 2407 29 14 mi&
243 2407 60 14 caminu
309 2409 5 13 ;

29 2426 73 15 Rïnnovn
110 2427 120 17 l'abbmiamentq
243 2426 92 18 qqist'ançn.

29 2445 27 15 Un
65 2447 65 18 gbiornu
137 2446 67 18 veftçvà:.
206 2447 15 15 Si
228 2448 49 18 sppi'a,

29 2498 48 14 Riccn
80 2498 17 14 di
99 2497 49 19 gloria
151 2497 20 18 pè
174 2501 10 11 a
187 2498 51 14 nostra
241 2496 75 15 liandiera

30 2517 68 17 Ornata,
103 2521 10 10 o
119 2517 62 15 l'amatu
187 2517 55 16 tesoru,

32 2536 24 15 Cu
62 2537 17 14 la
84 2537 46 15 Corsa
136 2536 31 14 tela
172 2540 10 10 a
187 2536 40 15 testa
232 2536 16 14 di
256 2535 48 16 Morn,

30 2556 79 15 Cantendu
114 2555 105 16 aCnrsicbella
222 2555 17 14 in
243 2555 94 17 cumpagnia,

29 2574 79 16 Averemu
113 2575 43 16 allor'
160 2575 16 14 la
180 2574 143 15 nostr’AutOnomia.

136 2599 72 15 Mattea
217 2600 19 14 di
245 2599 75 15 Loretu.

396 103 229 28 PRIMAYERA

382 175 97 20 Cantate
487 173 83 26 giojosi

380 202 73 20 Amici
463 200 70 23 fideli,

381 229 91 20 Risona’
481 228 23 20 di
515 226 50 21 cieli

382 257 88 20 L’amor
478 255 23 20 di
511 254 16 20 H
537 254 81 20 chiosi.

383 309 18 20 U
411 315 67 14 nome
486 306 23 21 di
521 306 52 24 Diu,

382 336 41 19 Più
432 335 61 20 forte
501 340 14 13 e
524 333 136 25 piùgrende,

381 363 107 19 Ardende
496 361 20 21 si
525 360 86 25 spende

380 389 56 20 Taie
443 395 74 19 acqua
526 388 76 20 ind’un
618 387 43 21 riu.

383 442 17 20 E
409 441 77 26 quella
495 447 59 19 gran
563 441 62 21 frase
631 448 6 13 :

384 469 131 22 «Amatevi,
525 468 100 20 amate!»

382 496 95 20 Survola
485 499 107 17 contrate

382 523 34 20 Da
425 524 95 20 l’amore
527 523 24 20 in
555 530 62 14 vase.

382 575 98 21 L’acellu
490 575 83 21 suttile

383 603 95 21 Cerc’un
488 602 164 26 piattatoghiu,

383 630 35 20 Un
427 632 72 20 umile
512 630 101 25 alloghiu

383 657 41 20 Più
433 658 155 24 primaverile.

384 709 31 20 La
423 716 111 19 campana
542 716 66 18 sona,

384 737 17 20 E
409 737 64 21 l’aria
481 737 96 21 difonde

384 764 31 20 Le
423 768 54 17 note
489 765 113 24 profonde

383 792 27 20 Di
420 792 78 25 quieta
508 793 100 20 ciccona.

385 845 30 20 La
425 846 92 25 Pasqua
525 845 115 25 gioconda

384 872 97 22 Chiama
490 874 24 20 la
523 878 90 20 natura,

385 900 17 20 E
411 907 44 17 me,
465 904 107 17 creatura

383 927 76 21 Trista
467 935 13 13 e
489 928 142 25 vagabonda,

385 981 145 21 Finchè’nde
542 981 89 21 l’albori

386 1009 28 19 Di
423 1009 78 21 l’annu
510 1010 105 23 nuvelJu,

385 1036 80 21 Rimiri
474 1037 90 21 l’acellu

384 1063 18 21 E
411 1064 72 21 rimiri
492 1065 8 20 i
508 1064 59 21 fiori.

385 1117 18 19 E
411 1121 83 21 questa
502 1117 113 25 armunia,

385 1145 64 20 Bella
457 1152 13 13 e
478 1144 99 25 infinita,

385 1172 47 20 Ben
441 1176 79 21 prestu
530 1173 110 20 m’imbila

384 1200 19 19 A
412 1200 22 20 fà
443 1200 91 24 puesia.

384 1252 95 22 Anfarte
488 1253 98 25 perdutu

385 1279 31 21 Su
424 1281 82 20 I’aridu
514 1281 96 25 scogliu,

384 1307 47 21 Ora
440 1309 31 20 mi
480 1309 98 25 ricogliu

385 1336 44 20 Per
437 1336 97 21 diventà
543 1340 73 18 mutu.

385 1389 100 21 Guard’u
495 1390 108 20 Iabirintu

385 1417 29 20 Di
421 1418 81 20 l’astru
510 1418 101 24 Iucente,

385 1444 42 21 Chi
436 1452 41 18 per
486 1446 138 21 l'occidente

383 1472 36 22 Ne
426 1478 66 20 parte
500 1474 132 21 scunvintu.

384 1527 63 20 Sona
454 1527 24 21 la
484 1533 119 19 campana,

384 1554 108 22 L’ultima
501 1556 118 24 armonia;

384 1582 78 21 Pensu
470 1590 15 13 a
494 1587 31 20 te,
535 1582 81 25 Maria,

385 1612 21 21 O
414 1613 69 21 Stella
491 1614 96 20 luntana
597 1613 7 20 !

454 1649 24 22 XJ
490 1649 148 23 Canalincu.

359 1758 54 15 Canti
418 1758 79 15 d’Esilin

357 1799 91 21 Notte
457 1800 33 19 di
497 1799 171 26 Tennagiiiu

380 1860 52 19 Luce
439 1861 19 17 la
464 1861 50 18 luna
521 1860 109 22 innaurata,

380 1885 286 25 Sispecchiainlanevebianca,

381 1910 28 17 Ed
416 1911 21 17 iii
446 1912 30 17 sta
485 1911 67 18 fredda
560 1911 76 18 nuttata

381 1935 58 18 Corre
445 1940 12 13 a
462 1936 38 18 me’
505 1935 63 19 anima
573 1937 73 17 stanca.

380 1985 66 19 Nant’a
453 1986 46 19 l’ale
506 1986 21 18 di
536 1991 12 12 n
557 1991 89 18 pensera,

381 2011 37 18 Fra
424 2011 16 18 li
449 2011 62 19 nivuli
521 2011 115 23 grisgiogni,

381 2036 79 22 Rapidu’
465 2036 90 22 sguattru
561 2041 11 13 e
579 2036 78 23 leggeru

381 2061 16 19 U
401 2061 36 20 me’
443 2062 63 21 spirtu
512 2065 55 14 corre
577 2061 21 18 in
606 2061 61 22 sogni.

381 2112 64 21 Passa,
454 2113 69 17 rivene
531 2112 56 22 eppoi
595 2112 71 22 planta,

381 2137 41 22 Poi,
429 2137 72 22 riparte
509 2141 54 14 corne
570 2142 13 13 u
592 2138 66 20 ventu,

381 2162 74 18 Mentre
462 2167 15 13 u
485 2162 59 19 trìstu
553 2166 44 14 core
605 2162 54 18 canla

381 2186 18 18 U
406 2187 28 18 so’
443 2188 59 17 solitu
510 2187 92 18 lamenlu.

381 2238 54 18 Dnve
443 2239 35 20 sei,
488 2239 28 19 tu,
526 2241 11 14 o
545 2241 43 14 cara
592 2237 11 18 ?

381 2263 56 18 Duve
445 2263 21 18 sò
474 2264 9 16 i
491 2263 26 18 to’
525 2261 112 19 bell’occbif

382 2289 46 20 Avà,
438 2290 53 16 soltu
500 2293 12 13 a
520 2288 46 17 luna
573 2287 72 21 chîara,

361 2312 165 22 Cbiamenduti,sô
531 2312 21 18 in
557 2312 101 23 ghjnoccbj
663 2311 6 17 !

382 2363 31 19 Ma
417 2369 40 13 nun
465 2364 52 18 senti
524 2363 19 17 la
551 2363 35 18 me’
592 2367 53 16 voce,

381 2389 17 17 N
399 2394 26 13 un
429 2390 53 18 senti
486 2386 184 24 aYoeeimplorentel

384 2413 75 24 Signor’
467 2414 38 19 Diu
511 2413 6 18 !
526 2413 18 18 la
553 2413 35 18 me’
596 2416 54 15 croce

383 2439 76 22 Quantu
464 2440 20 17 la
490 2439 49 18 feste
547 2439 79 21 pesante
632 2437 5 19 !

383 2490 27 18 La
417 2490 46 17 luna
472 2489 101 18 innaurata
582 2488 44 18 luce
632 2493 6 16 ;

385 2515 18 17 A
409 2515 36 17 me’
453 2515 53 17 aima
512 2513 26 18 và
542 2513 96 18 currendu
643 2516 7 17 ;

384 2539 68 18 Faccïu
458 2540 21 17 la
486 2539 37 18 me’
530 2538 33 18 via
572 2542 57 14 cruce

362 2565 18 18 E'
385 2564 52 22 a’gni
442 2565 56 21 Lappa
503 2564 30 18 stò
537 2562 135 23 pienghiendu.

379 2596 27 16 M-
410 2596 111 15 Alessandri
527 2595 19 14 dl
557 2595 97 15 Chidazzii.

735 106 211 24 DEFINIZIONE

730 166 38 15 Kctu
774 166 23 15 ciù
801 168 29 14 ebe
835 171 49 14 pensu
889 168 16 13 in
911 171 24 10 me
939 168 57 16 slcssn,

730 185 74 17 Amicu.di
809 187 23 14 cio
837 187 25 14 clii
867 186 56 18 seguili
928 190 68 13 aspessu.

710 212 35 17 Più
754 213 18 19 si
780 214 73 19 rimenü
862 220 10 13 e
878 214 32 23 più
917 219 57 17 puzza

710 236 58 20 Cume
776 240 62 19 quelta
847 244 45 17 poca
901 244 50 12 cosa.

709 261 56 19 S’ella
773 263 142 19 v’abbracciavi
923 264 71 21 slurzn,

709 285 47 23 Ogni
766 287 51 19 virlù
827 289 44 18 tene
877 293 22 13 as
899 293 51 13 cosa.

709 310 14 17 E
731 311 111 23 buggierda,
851 312 108 23 traditrice;

708 334 105 24 Pruraelte,
820 342 30 13 ma
859 343 27 12 un
895 338 43 17 tene
945 338 38 18 mai
989 342 6 16 ;

709 358 80 23 Viziosa,
797 362 143 21 calunniatrice,

710 383 88 19 Trescina
807 387 47 17 tutti
863 387 15 18 li
886 387 51 22 guai.

709 407 76 19 Azzizza
792 409 40 23 ’gni
844 412 101 20 nimicizia,

710 432 59 19 Tuttu
777 433 55 19 ruina
842 440 12 12 e
862 436 91 20 ’ntrisiea,

709 457 129 19 Abbacchisce
846 459 18 19 la
871 460 83 22 justizia,

710 481 16 17 E
732 481 57 18 l’omu
797 482 22 18 lu
828 485 59 17 rende
894 484 46 21 vile,

710 506 17 17 A
735 506 66 21 l’occhj
817 508 58 18 mette
883 514 13 12 u
906 509 90 21 mandile,

710 530 16 17 E
733 530 153 22 quest’è;brutta
891 531 104 20 Pulitica.

769 562 84 20 I/Orsu
861 565 115 19 d’Orezza.

720 667 244 31 Spaiseghianu

711 731 9 17 I
725 730 77 23 giovani
813 732 20 17 di
844 732 88 21 Castirla,

712 755 62 21 Quelli
782 756 32 18 ebi
821 761 77 15 venenu
908 758 43 20 avà,

711 780 93 18 Lascianu
812 781 21 18 lu
841 782 85 23 so’paese

711 804 80 22 Quandu
803 807 54 17 s’ouu
868 807 74 17 marità.

711 829 115 19 Giuvanotte
832 831 99 18 castirlese

712 854 30 18 Un
750 858 25 14 ne
782 855 70 18 volenu
860 856 65 22 piglià.

712 898 77 22 Eppuru
796 898 19 19 le
824 900 99 18 damicelle

711 923 23 17 In
739 922 80 20 Castirla
830 925 21 16 sò
859 925 77 18 belline.

712 947 25 18 Gi
743 952 27 14 ne
776 948 19 22 je
805 949 39 17 mol
845 949 22 18 tu
876 950 84 22 garbate,

713 973 50 18 Tant
764 977 12 13 u
784 972 78 20 dilicate
871 978 11 14 e
889 974 40 18 fine
938 979 6 16 ;

713 996 87 20 Cantanu
808 998 35 17 ale
850 999 115 22 so’purtelle

711 1021 71 23 Megliu
793 1023 36 17 che
837 1023 19 19 le
865 1023 110 19 eardelline.

712 1066 79 21 Quandu
800 1067 43 18 dice
850 1073 27 13 un
884 1068 99 19 castirlese
990 1074 7 13 :

715 1097 10 10 «
731 1091 76 22 M’ogliu
815 1093 75 22 marità,
899 1093 61 19 avale.
971 1100 9 11 »

713 1116 95 22 Pensa.au,
816 1118 49 18 lutte
872 1122 89 18 surçrese
970 1124 6 12 :

713 1146 12 11 «
734 1141 29 18 Un
770 1141 68 19 feriste
845 1143 59 18 micca
912 1144 50 18 male
970 1144 28 18 !...

713 1165 92 22 Qualessa
812 1168 49 21 serà,
871 1168 28 18 fra
907 1168 39 22 noi,

713 1190 37 18 Chi
757 1191 43 19 serà
807 1197 11 13 a
829 1193 52 21 gusti
888 1193 28 18 toi
923 1192 10 19 ?
940 1199 9 11 »

713 1236 55 23 Dopu
773 1236 17 18 si
799 1238 55 17 sente
862 1238 21 17 in
888 1242 57 18 paese
950 1244 6 12 :

714 1261 44 19 Taie
766 1261 17 18 si
791 1262 68 18 marita
867 1263 56 17 altrô.

714 1286 72 21 Tandu,
792 1291 12 13 e
811 1288 63 17 nostri
885 1288 99 19 castirlese
992 1294 5 13 :

714 1317 11 11 <r
731 1311 58 19 Cmne
798 1312 57 18 J’altri
860 1313 11 18 è
880 1318 26 13 un
913 1313 47 19 bufô
970 1313 5 18 !

713 1336 60 19 S’ellu
779 1337 70 18 m’avia
860 1338 117 19 dumandatu

713 1361 85 19 L’averla
804 1362 84 22 rispostu
895 1364 26 17 nò
930 1362 6 18 l
946 1371 10 10 »

713 1406 112 19 Giavanotti
833 1408 20 18 di
858 1408 86 22 Castirla,

713 1431 25 18 Vi
745 1431 145 23 ladicufranca,
896 1433 65 19 franca
970 1439 5 12 :

713 1456 16 18 O
737 1457 75 19 voisite
824 1462 56 14 senza
891 1459 66 23 gustu,

715 1481 15 18 0
737 1482 22 18 lu
766 1482 92 23 curaggiu
865 1483 21 18 vi
894 1488 72 14 manca.

713 1506 114 19 Circatevîle
835 1507 20 19 In
864 1513 61 17 paese,

713 1531 22 18 Bi
742 1532 86 23 piglianu
839 1534 138 18 nant’un’anca.
985 1543 5 3 -

714 1576 15 18 E
736 1581 34 18 per
777 1581 76 19 quessa,
862 1580 32 16 stu
904 1579 95 23 cunsigliu

714 1602 18 17 A
738 1602 34 18 voi
778 1602 22 17 lu
810 1603 66 22 vogliu
885 1604 24 17 dà
917 1608 5 13 :

715 1626 80 21 Quandu
801 1628 21 17 vi
833 1629 69 18 sentite
907 1629 21 17 in
935 1629 65 19 brama

715 1651 22 18 Di
746 1652 78 18 vulebbi
832 1655 134 22 aeeumpagnà,

716 1676 126 24 Scegliteuna
849 1679 78 22 paisana

715 1702 29 17 Un
752 1703 49 18 state
808 1703 34 22 più
850 1709 12 13 a
873 1704 70 22 spaisà.

716 1746 74 22 Quante
797 1753 11 13 a
816 1748 39 22 voi,
860 1753 12 14 o
879 1749 105 22 damicelle,

717 1772 36 18 Chi
761 1773 62 17 brama
824 1774 19 17 te
857 1774 61 19 d’esse
926 1779 62 17 spose,

715 1797 139 23 Appiatedipiù
863 1804 75 14 manere

715 1822 124 23 Aceugliance
848 1824 24 18 ed
878 1828 88 15 amurose
971 1830 6 16 ;

716 1847 28 17 Un
752 1848 86 17 fermanu
846 1849 77 18 veccbie
935 1849 54 23 figlie

717 1872 39 19 Che
763 1873 18 17 le
787 1877 50 14 vane
844 1874 25 18 ed
876 1874 113 23 orgogliose.

763 1906 24 19 F.
799 1906 178 20 Franceschetti.

694 2014 133 25 Pedone
848 2016 152 24 Muvrinu

718 2074 132 20 GRASSELLI.
856 2085 24 4 —
886 2076 115 18 Almanaceu

694 2100 75 23 speditu
776 2099 48 22 jovi.
836 2099 87 24 Ptingrazj
931 2104 12 13 e
951 2100 49 18 salu-

694 2125 25 18 ti.

718 2158 77 19 PIETRI
802 2158 70 18 G.B.—
876 2158 79 19 Numeri
960 2163 41 18 spe-

694 2183 43 18 diti.
752 2184 112 18 Rîcererete
873 2184 24 17 da
911 2184 32 21 qni
956 2184 45 18 indà

694 2212 38 15 cun
741 2208 109 23 regularità.

717 2244 92 19 MATTEU
818 2245 20 17 di
845 2243 156 20 LORETU.—Fi-

696 2270 53 18 diate
756 2270 33 22 qui
796 2274 62 18 sopra.

718 2306 21 18 F.
746 2305 256 19 FRANCESCHETTI.—Una

694 2335 80 19 apressu
782 2335 11 13 a
800 2331 7 17 1
813 2329 187 23 aitra,pianpianinu.

718 2365 143 21 FIORDÀLICE.
869 2375 24 4 —
905 2365 58 19 Forse
978 2370 24 14 cu

696 2394 32 16 stu
736 2393 77 18 nivone,
821 2392 82 22 pulenda
911 2395 11 13 e
929 2390 73 23 îigalel-

696 2417 23 18 lu
731 2417 18 18 ti
758 2417 68 18 îeranu
839 2416 78 23 ripiglià
928 2420 15 12 u
956 2420 47 17 pesu

696 2442 106 19 mancante.
810 2441 62 18 Saluti
879 2441 21 18 in
908 2441 49 17 casaJ

719 2479 21 17 F.
745 2479 22 17 A.
778 2477 129 19 CASANOVA.
913 2486 25 4 —
945 2476 58 19 Micca

697 2501 88 25 pulitica!
796 2503 17 17 A
822 2503 71 22 sapete.

720 2537 128 20 BONZANINI.
855 2534 42 22 —È
905 2538 98 21 intesaper

697 2564 82 18 l’estate.
794 2563 95 23 Curaggiu
900 2563 82 22 dunque,
993 2567 11 13 e

697 2593 74 18 sempre
779 2587 6 18 !

1022 108 104 21 Cullana
1134 108 100 22 Storica
1245 108 28 21 di
1284 106 23 22 A
1316 105 91 22 Muvra

1076 152 25 36 Â
1117 153 158 45 Cunquista
1293 151 143 36 Francese

1155 207 32 35 di
1203 219 19 24 a
1240 206 121 37 Corsica

1070 256 47 28 (Da
1126 263 32 16 un
1175 256 122 23 Giurnale
1308 255 25 21 di
1344 254 105 29 l'Epuca)

1188 308 132 28 (Seguitu)

1036 354 139 22 Provinces
1187 355 131 22 cl'ciu-dela
1330 354 42 21 des
1383 354 94 22 Monts.

1178 401 78 18 Vico.G
1267 401 68 18 Pieves

1022 433 16 19 A
1048 434 46 18 Vico
1404 431 34 19 400

1090 458 93 19 Sorronsù
1403 457 34 18 150

1089 482 115 19 Sevinentro
1402 481 37 18 400

1090 506 36 19 Ota
1402 505 36 19 200

1091 531 76 18 Cruzini
1403 529 36 19 240

1089 555 80 19 Cinarea
1403 553 35 19 450

1392 589 48 19 1740

1161 634 103 23 Ajaccio.
1273 635 12 18 8
1292 634 68 18 Pieves

1022 667 17 18 A
1046 667 82 22 Ajaccio,
1137 668 110 19 Forteresse
1394 665 45 20 1700

1089 693 89 22 Appietto
1403 690 35 19 140

1090 718 54 17 Alala
1405 714 35 20 120

1089 741 26 18 La
1123 742 86 18 Mezzana
1404 739 35 19 450

1090 766 60 18 Cauro
1405 763 34 19 580

1089 791 70 18 Celavo
1394 788 45 19 1300

1091 815 76 18 Ornano
1405 812 35 19 880

1090 840 8 17 I
1099 845 10 13 s
1110 840 37 18 tria
1405 837 34 19 700

1393 867 47 20 4870

1151 913 33 19 La
1192 913 85 18 Rocca.
1285 913 12 18 5
1305 913 68 18 Pieves

1023 947 17 18 A
1047 948 73 17 Taravo
1394 944 46 19 1000

1090 971 92 22 Viggiano
1406 968 35 19 450

1090 996 52 18 Tallà
1405 993 35 19 400

1090 1021 60 23 Scopp
1150 1025 67 14 amena
1405 1018 35 19 500

1090 1045 77 19 Carbini
1406 1042 34 20 600

1394 1079 46 19 3550
1454 1090 13 5 -

1168 1124 180 19 Porto-Vecchio

1023 1159 18 18 A
1048 1159 101 22 Bonifazio,
1157 1159 110 18 Forteresse
1408 1156 34 19 600

1056 1183 153 21 Porto-Vecchio,
1218 1184 110 17 Forteresse
1407 1181 34 18 100

1407 1216 34 19 700

1091 1264 28 18 En
1126 1263 46 20 décà
1180 1263 35 18 des
1222 1263 64 18 Monts
1385 1261 58 19 21875

1093 1288 81 19 Au-délà
1182 1288 35 18 des
1224 1288 62 18 Monts
1386 1285 57 20 10860

1203 1324 29 18 En
1240 1325 43 17 tout
1384 1321 58 20 32733
1446 1334 5 4 -

1047 1351 28 17 En
1083 1350 40 19 état
1129 1351 25 17 de
1162 1350 65 22 porter
1234 1349 30 19 les
1271 1349 75 18 Armes.

1078 1400 113 23 Nombre
1203 1400 44 22 des
1261 1399 130 23 Couvents
1403 1400 43 21 des

1194 1432 138 29 Religieux

1091 1472 138 19 Observantins
1419 1469 24 19 25

1091 1498 87 18 Recolets
1422 1495 23 18 14

1092 1523 94 22 Capucins
1422 1520 22 18 18

1093 1547 86 19 Serviles
1430 1546 12 17 5

1091 1572 130 19 Dominicains
1430 1570 13 18 2

1092 1597 144 19 Missionnaires
1243 1597 13 18 à
1262 1596 66 19 Bastia
1431 1598 11 15 i

1207 1633 54 18 Total

1047 1681 18 17 A
1072 1681 51 18 l’Isle
1130 1681 25 18 de
1163 1679 80 23 Capraia
1251 1681 79 17 environ
1344 1679 46 18 1300
1404 1679 96 19 habitants

1025 1704 18 20 &
1049 1711 28 12 un
1085 1706 88 18 Couvent
1180 1704 164 20 d’Qbservantins.

1054 1753 41 22 On
1107 1753 39 22 n’a
1157 1758 43 23 pas
1211 1751 102 29 marqué
1324 1758 44 16 sur
1381 1754 23 21 la
1420 1751 78 27 Carte,

1027 1785 20 21 si
1058 1785 37 20 les
1115 1783 203 28 Ecclésiastiques
1337 1783 23 21 &
1379 1784 37 21 les
1435 1783 66 22 Reli-

1025 1815 76 27 gieux
1111 1816 58 20 sont
1177 1814 109 27 compris
1295 1814 80 27 paimi
1384 1815 38 21 les
1430 1819 68 23 32735

1025 1844 120 23 Habitans
1157 1850 31 17 en
1201 1844 50 22 état
1262 1845 31 22 de
1313 1846 84 25 porter
1416 1845 37 20 les
1462 1850 39 16 ar-

1026 1881 62 17 mes.
1101 1875 56 22 S’ils
1168 1875 43 28 n’y
1224 1877 57 20 sont
1291 1880 45 22 pas
1347 1874 117 28 compris,
1476 1875 24 21 le

1026 1906 103 22 nombre
1150 1906 55 21 doit
1225 1911 31 16 en
1272 1906 52 22 être
1339 1911 89 16 encore
1446 1906 55 26 plus

1027 1935 178 26 considérable,
1222 1941 19 23 y
1251 1937 74 27 ayant
1339 1935 27 22 66
1385 1935 116 22 Couvens

1027 1972 31 16 en
1069 1969 126 24 comptant
1205 1967 64 20 celui
1283 1966 31 22 de
1324 1966 68 22 l’ïsle
1408 1967 30 20 de
1455 1965 46 22 Ca-

1026 1998 76 28 praia,
1119 2000 73 20 outre
1203 1997 62 27 qu’il
1275 2003 19 21 y
1304 2003 15 14 a
1330 1998 105 21 environ
1447 2002 54 22 1500

1026 2030 83 20 autres
1128 2027 124 23 habitans.
1278 2027 65 22 Mais
1366 2033 31 15 en
1422 2027 79 21 même

1025 2061 72 23 tems,
1107 2058 19 22 il
1134 2058 51 21 faut
1193 2057 128 27 défalquer
1329 2058 33 20 du
1372 2056 68 25 total,
1447 2058 54 20 tout

1026 2094 28 16 ce
1066 2089 42 26 qui
1121 2094 29 16 se
1161 2089 90 20 trouve
1262 2088 62 20 dans
1336 2088 37 20 les
1389 2085 113 23 différen-

1025 2121 40 20 tes
1083 2118 157 23 Forteresses
1262 2117 122 27 occupées
1403 2122 44 22 par
1464 2117 37 22 les

1027 2149 112 28 Troupes
1159 2149 32 21 de
1212 2148 100 25 France,
1324 2148 24 21 &
1367 2148 61 21 dans
1445 2149 56 20 tous

1026 2182 38 20 les
1072 2180 110 22 endroits
1194 2179 41 27 qui
1247 2184 32 16 en
1291 2177 146 28 dépendent,
1443 2178 59 22 dont

1026 2212 37 21 les
1067 2210 115 28 François
1187 2211 57 20 sont
1250 2208 139 28 également
1394 2208 105 27 maîtres;

1026 2242 19 22 ü
1057 2244 38 19 est
1105 2247 32 16 en
1148 2240 81 22 même
1237 2243 64 19 tems
1312 2239 58 22 hors
1379 2241 31 20 de
1417 2239 81 27 doute,

1028 2277 47 23 que
1086 2272 79 27 parmi
1177 2276 64 16 ceux
1252 2271 42 27 qui
1304 2272 57 20 sont
1373 2276 30 17 en
1415 2270 48 22 état
1470 2270 32 21 de

1028 2303 131 27 porteries
1171 2306 81 17 armes
1263 2301 32 22 du
1307 2300 55 22 côté
1374 2302 31 21 de
1422 2300 77 26 Paoli,

1028 2335 55 19 tous
1090 2338 31 16 ne
1128 2332 137 27 paroîtront
1271 2336 44 23 pas
1320 2336 31 16 en
1359 2336 141 23 campagne,

1028 2364 105 26 quelque
1143 2368 115 23 pressans
1270 2367 48 23 que
1330 2362 111 27 puissent
1451 2362 50 21 être

1029 2399 40 16 ses
1082 2393 103 22 Ordres.

1095 2448 83 18 Numéro
1186 2448 27 17 du
1221 2447 60 18 Mardi
1290 2446 23 19 18
1320 2446 56 19 Avril
1383 2446 52 19 1769.

1220 2480 27 19 De
1255 2480 63 19 Gènes
1325 2479 21 19 le
1353 2479 12 18 8
1372 2480 62 18 Avril.

1060 2519 40 22 On
1118 2522 39 20 est
1167 2519 34 22 ici
1221 2525 96 16 comme
1337 2520 107 26 par-tout
1460 2518 42 21 ail-

1029 2551 75 25 leurs,
1116 2550 24 22 <&
1157 2551 81 21 même
1250 2554 91 18 encore
1358 2550 65 26 plus,
1442 2548 59 21 dans

1029 2581 24 22 la
1064 2581 55 27 plus
1130 2581 93 28 grande
1233 2580 121 22 attention
1367 2585 42 17 sur
1420 2584 28 16 ce
1459 2580 41 26 qui

1519 116 26 15 /a
1556 115 27 15 se
1596 114 83 23 passer
1691 114 30 15 en
1733 107 87 24 Corse,
1836 105 153 22 maintenant

1519 145 44 22 jue
1570 140 37 21 les
1614 138 114 28 François
1736 137 105 22 doivent
1849 135 73 22 avoir
1930 140 58 22 reçu

1519 172 32 19 les
1564 169 107 23 renforts
1682 167 73 28 qu'ils
1770 166 155 23 attendoient
1935 172 5 19 ;
1952 165 38 21 les

1519 200 101 21 Patrons
1638 200 43 21 des
1701 198 129 21 Bâtimens
1849 198 93 19 venant
1962 195 30 20 de

1519 230 122 21 Livourne
1649 231 44 20 ont
1699 226 114 29 rapporté
1821 225 60 28 qu’il
1891 231 29 15 en
1930 225 62 22 étoit

1519 259 78 22 arrivé
1613 257 111 29 quantité
1736 257 14 22 à
1770 258 22 20 la
1814 255 81 22 Bastia
1909 255 22 22 &
1943 254 47 22 San

1519 289 125 26 Fiorenzo,
1662 287 102 28 chargés
1776 288 31 21 de
1824 285 120 28 Troupes,
1961 284 30 21 de

1519 318 134 23 munitions
1671 319 30 21 de
1718 323 88 22 guerre
1817 315 23 23 &
1858 316 30 21 de
1909 315 84 28 provi-

1519 349 67 22 sions
1594 349 30 21 de
1632 348 94 22 bouche
1735 348 75 27 partis
1818 347 31 20 de
1856 346 134 24 Provence;

1519 379 20 21 &
1550 378 51 22 l’on
1615 385 32 15 ne
1658 379 73 21 doute
1744 378 72 27 point
1829 382 47 21 que
1888 377 23 20 le
1920 376 72 22 Com-

1519 411 22 20 te
1552 409 31 21 de
1596 409 75 22 Vaux
1682 408 42 28 qui
1737 408 85 22 devoit
1833 412 87 22 passer
1931 406 60 22 dans

1519 440 63 20 cette
1599 439 50 21 Isle
1660 444 63 22 pour
1732 445 19 22 y
1762 437 107 28 prendre
1882 437 24 21 le
1927 441 66 17 com-

1519 469 157 21 mandement
1685 467 108 23 Général
1804 467 31 22 de
1844 465 99 23 l'armée
1952 465 41 27 n’y

1519 499 34 21 ait
1570 498 54 27 déjà
1637 499 44 21 fait
1695 498 97 27 publier
1809 496 184 23 l’Ordonnance

1519 529 114 21 suivante
1644 535 6 15 :

1628 583 44 22 DE
1683 582 68 23 PAR
1763 582 37 22 LE
1811 581 70 23 ROI.

1547 626 190 23 Noèl-Charles
1756 626 90 22 Comte
1859 626 30 21 de
1910 625 82 25 Vaux,

1519 656 282 23 Lieutenant-Général
1822 656 44 21 des
1888 654 106 23 Armées

1519 687 36 22 du
1566 686 57 26 Roi,
1638 686 191 22 Grand-Croix
1840 686 31 21 de
1888 684 107 23 l'Ordre

1520 717 31 20 de
1576 717 37 21 St.
1637 717 88 25 Louis,
1752 716 190 22 Commandant
1963 721 31 15 en

1521 746 74 26 Chef
1608 745 36 23 les
1665 746 115 28 Troupes
1792 747 30 21 de
1840 746 26 21 S.
1878 746 37 22 M.
1929 745 65 22 dans

1519 775 71 23 Vlsle
1601 777 31 20 de
1649 777 90 22 Corse.

1541 805 45 22 ■Sa'
1591 806 109 28 Majesté
1709 808 79 24 ayant
1792 806 58 28 fait
1859 805 135 22 connoitre

1519 841 53 17 aux
1580 836 110 28 Peuples
1699 836 30 21 de
1739 836 70 22 l'Isle
1817 836 32 21 de
1857 836 85 21 Corsé
1943 836 53 25 par

1519 872 31 16 sa
1569 865 172 23 Déclaration
1762 866 35 22 du
1813 871 17 22 5
1849 865 72 22 Août
1940 864 56 27 1768

1519 895 106 29 qu'elles
1633 896 97 22 étaient
1737 901 40 16 ses
1785 896 143 21 intentions
1938 900 57 17 con-

1519 927 110 21 cernant
1648 926 27 21 la
1690 926 173 27 pacification
1882 926 31 21 de
1932 926 63 21 cette

1520 955 60 26 Isle,
1587 955 57 22 Elle
1657 962 16 14 a
1680 956 66 27 jugé
1759 956 88 21 devoir
1859 954 57 23 leur
1921 954 75 29 faire

1520 985 137 29 expliquer
1664 986 30 21 de
1702 985 80 22 même
1788 984 106 29 qu'elles
1901 985 96 21 ètoient

1521 1016 37 22 les
1576 1016 52 22 lois
1646 1017 31 21 de
1693 1016 27 21 la
1740 1016 102 22 Guerre
1854 1015 15 21 à
1886 1014 110 29 laquelle

1519 1046 36 22 ils
1564 1052 27 16 se
1599 1048 61 20 sont
1670 1046 106 28 exposés
1782 1048 53 26 par
1843 1045 28 21 la
1882 1044 114 23 témérité

1520 1075 78 30 qu'ils
1622 1078 46 20 ont
1690 1081 31 16 eu
1743 1076 31 21 de
1791 1075 109 23 résister
1919 1076 16 21 à
1957 1080 39 16 ses

1523 1106 124 28 Troupes,
1659 1106 23 21 &
1690 1112 32 15 en
1734 1106 180 27 conséquence,
1922 1106 22 21 il
1955 1111 43 16 or-

1521 1137 85 21 donne
1617 1142 27 15 ce
1657 1137 46 27 qui
1712 1137 56 21 suit
1777 1143 8 15 :

1549 1168 28 23 1°.
1592 1169 47 22 Les
1655 1168 113 29 Villages
1777 1174 64 16 sans
1852 1167 146 23 retranche-

1520 1201 70 20 ment
1601 1200 66 21 dont
1678 1198 37 23 les
1733 1199 131 22 Habitans
1880 1200 117 20 commet-

1521 1231 75 20 tront
1621 1230 44 20 des
1691 1228 131 22 hostilités
1847 1230 89 20 contre
1961 1227 37 22 les

1522 1259 117 28 Troupes
1645 1260 35 20 du
1687 1258 51 22 Roi
1745 1265 62 16 sans
1813 1258 53 22 être
1873 1261 125 19 soutenus

1521 1289 216 23 extérieurement
1744 1291 53 26 par
1808 1294 38 16 un
1860 1289 85 28 Corps
1955 1294 43 16 ar-

1521 1321 48 25 mé,
1582 1322 91 21 seront
1684 1320 89 22 brûlés
1782 1320 24 21 &
1818 1320 39 21 les
1867 1320 73 22 biens
1954 1319 44 21 des

1522 1351 133 23 Habitans
1675 1350 113 23 dévastés
1795 1357 11 20 ;
1823 1350 25 21 &
1864 1356 64 16 ceux
1944 1349 55 22 des-

1523 1383 54 21 dits
1585 1381 132 23 Habitans
1725 1382 46 27 qui
1776 1380 100 23 tomber
1877 1383 46 19 ont
1927 1381 71 21 entre

1523 1412 39 22 les
1578 1413 85 21 mains
1681 1412 46 21 des
1741 1411 115 27 Troupes
1866 1411 31 21 de
1916 1411 27 21 S.
1959 1410 38 21 M.

1523 1444 91 21 seront
1640 1442 106 26 envoyés
1771 1441 168 29 prisonniers
1967 1446 30 15 en

1523 1474 106 24 France,
1636 1472 88 28 quand
1730 1471 79 22 même
1816 1471 35 21 ils
1856 1476 27 16 se
1887 1470 114 22 seroient

1523 1504 101 21 rendus
1639 1505 55 25 par
1711 1502 172 28 composition
1891 1508 11 17 ;
1919 1502 27 21 S.
1960 1501 38 21 M.

1525 1533 142 28 défendant
1686 1532 30 21 de
1738 1532 59 23 leur
1817 1532 125 22 accorder
1956 1532 45 20 des

1524 1565 150 22 conditions
1688 1564 156 21 contraires.

1553 1597 25 22 II
1577 1601 18 17 0.
1607 1597 115 28 Lorsque
1732 1595 36 22 les
1774 1596 130 22 Habitans
1912 1596 89 21 seront

1525 1627 150 23 retranchés
1687 1632 34 16 ou
1734 1627 124 27 défendus
1878 1625 123 22 extérieu-

1524 1660 100 20 rement
1639 1660 56 26 par
1713 1658 45 21 des
1773 1662 66 23 gens
1858 1657 93 25 armés,
1965 1655 36 22 ils

1524 1690 91 22 seront
1624 1694 76 23 reçus
1711 1687 16 21 à
1738 1686 138 30 capituler,
1892 1686 24 21 &
1927 1687 26 21 la
1960 1692 41 15 ca-

1525 1720 145 28 pitulation
1692 1724 59 16 sera
1775 1718 124 26 observée,
1921 1720 80 26 parce

1526 1749 66 30 qu'il
1614 1756 14 17 y
1653 1755 68 16 aura
1740 1748 54 23 lieu
1816 1749 31 21 de
1867 1748 136 28 présumer

1527 1781 72 22 alors
1620 1780 65 28 qu'il
1696 1779 93 22 n'aura
1807 1780 51 26 pas
1876 1777 38 23 été
1934 1777 68 23 libre

1525 1811 79 22 auxd.
1623 1810 131 22 Habitant
1774 1810 30 21 de
1823 1810 77 20 venir
1922 1808 15 22 à
1955 1807 47 22 l'o-

1527 1842 137 25 béissance,
1673 1839 24 23 &
1708 1839 79 28 qu'ils
1797 1840 95 21 auront
1899 1839 38 21 été
1942 1837 61 30 for-

1527 1873 40 21 cés
1582 1872 31 21 de
1623 1871 37 27 s'y
1671 1870 111 28 refuser.

1554 1903 55 23 III®.
1621 1905 46 21 Les
1678 1903 135 23 Habitans
1824 1903 45 21 des
1888 1902 115 28 Villages

1526 1936 106 25 soumis,
1640 1935 47 28 qui
1696 1936 91 20 seront
1797 1934 59 27 pris
1868 1933 37 22 les
1917 1938 85 17 armes

1527 1967 16 21 à
1551 1965 27 23 la
1585 1966 80 24 main,
1670 1970 43 17 ser
1715 1965 47 21 ont
1766 1963 106 28 réputés
1877 1963 125 29 brigands

1527 1997 24 21 &
1555 2002 98 16 comme
1657 1994 50 23 tels
1714 1994 105 28 envoyés
1824 1999 55 16 aux
1887 1993 115 22 Galères.

1555 2028 54 23 IV°.
1625 2029 72 21 Ceux
1712 2028 44 21 des
1777 2026 122 28 Villages,
1912 2026 47 28 qui
1971 2032 32 15 ne

1526 2060 91 22 seront
1624 2061 51 26 pas
1686 2064 92 15 encore
1790 2062 79 16 venus
1880 2056 15 21 à
1905 2055 98 23 l'obéis-

1526 2095 84 19 sance,
1623 2088 59 23 s'ils
1690 2090 62 20 sont
1759 2089 60 26 pris
1833 2086 78 26 seuls,
1926 2092 33 16 ou
1972 2092 29 15 en

1528 2121 64 27 petit
1602 2119 116 25 nombre,
1731 2124 61 16 sans
1810 2116 52 23 être
1880 2119 122 25 porteurs

1529 2151 60 22 d'un
1613 2150 80 21 ordre
1715 2151 52 26 par
1788 2149 68 20 écrit
1878 2148 31 21 de
1931 2147 73 22 leurs

1531 2179 203 26 Commandais,
1763 2179 24 21 &
1820 2177 114 29 éloignés
1967 2177 36 21 du

1530 2212 85 26 Corps
1621 2211 43 21 des
1670 2210 89 22 autres
1767 2208 132 23 Habitans
1908 2208 92 25 armés,

1526 2242 91 22 seront
1624 2239 105 28 réputés
1742 2238 131 29 brigands,
1893 2237 24 22 &
1927 2243 76 16 envo-

1522 2272 48 27 yés
1582 2276 52 17 aux
1647 2269 117 23 Galères.

1554 2304 42 21 V°.
1609 2303 46 22 Les
1672 2302 112 29 Villages
1797 2303 47 27 qui
1852 2308 28 15 se
1892 2303 111 20 soumet-

1528 2336 74 22 tront
1619 2334 16 21 à
1652 2333 150 28 l'approche
1822 2332 45 21 des
1886 2331 117 28 Troupes

1528 2367 35 21 du
1569 2365 49 22 Roi
1624 2365 89 21 seront
1718 2369 75 22 reçus
1799 2362 204 23 favorablement

1528 2397 24 21 &
1562 2396 196 27 participeront
1776 2400 53 16 aux
1846 2398 90 23 grâces
1954 2398 49 22 que

1528 2428 36 21 Sa
1574 2426 110 27 Majesté
1697 2427 39 20 est
1757 2423 116 29 disposée
1890 2423 113 22 d'accor-

1529 2458 46 21 der
1586 2457 16 21 à
1613 2458 61 20 tous
1684 2461 66 16 ceux
1761 2456 46 27 qui
1815 2454 25 24 le
1849 2454 154 22 mériteront

1524 2490 54 26 par
1597 2493 51 16 une
1667 2486 159 23 soumission
1846 2484 155 23 volontaire.

1707 2544 27 18 De
1742 2544 77 18 Monaco
1827 2543 20 18 le
1854 2542 24 18 17
1883 2542 63 18 Avril.

1556 2577 40 23 Un
1609 2577 121 23 Courrier
1741 2575 109 30 dépêché
1867 2577 32 20 de
1909 2577 24 20 la
1944 2574 58 22 Bas-

2017 96 33 23 tia
2060 95 23 21 le
2098 92 138 24 Dimanche
2248 98 13 20 9
2276 91 31 22 de
2319 95 28 17 ce
2362 89 65 22 mois
2449 92 44 23 par

2017 125 32 22 M.
2066 126 23 21 le
2109 124 90 22 Comte
2210 123 29 21 de
2252 122 80 24 Vaux,
2350 119 39 21 fut
2406 118 84 26 oblige

2017 156 30 22 de
2059 154 111 22 relâcher
2180 153 14 22 à
2205 153 23 21 la
2240 151 104 28 Capraia
2356 148 14 22 à
2379 154 72 16 cause
2460 147 32 21 du

2017 191 57 23 gros
2085 186 82 25 temps
2179 183 41 28 qui
2232 182 107 22 survint.
2352 180 84 27 Ayant
2456 183 39 17 re-

2017 216 48 22 mis
2077 214 13 22 à
2102 215 23 21 la
2136 214 70 21 voile
2216 214 22 20 le
2253 218 26 15 10
2288 217 29 15 au
2329 209 86 26 matin,
2430 208 18 21 il
2458 207 36 22 fut

2018 251 90 17 encore
2120 245 83 27 obligé
2214 244 23 21 le
2254 248 25 16 12
2298 241 29 22 de
2340 239 74 22 venir
2432 237 62 23 relâ-

2018 276 58 22 cher
2084 275 41 21 ici.
2136 274 21 22 Il
2168 281 14 15 a
2193 271 114 29 rapporté
2319 275 46 24 que
2375 270 23 21 le
2411 267 82 23 Géné-

2018 307 35 21 ral
2064 306 61 27 parti
2139 305 30 21 de
2184 303 95 22 Toulon
2292 303 24 20 le
2335 305 22 21 4,
2370 299 89 37 arriva^
2470 298 25 21 le

2018 336 139 23 lendemain
2169 334 14 22 à
2200 333 47 22 San
2264 333 127 23 Fiorenzo,
2407 328 58 24 d’où
2477 328 17 21 il

2019 373 26 15 se
2062 366 81 22 rendit
2159 365 54 23 tout
2222 364 30 21 de
2261 363 65 22 suite
2336 361 13 22 â
2357 362 24 21 la
2399 359 81 23 Bastia
2487 364 6 19 ;

2018 398 18 21 il
2047 403 18 22 y
2078 396 102 27 parvint
2190 394 14 22 à
2215 400 14 20 4
2240 394 91 22 heures
2344 391 33 22 du
2398 390 60 25 soir,
2471 388 23 22 &

2019 427 38 22 fut
2067 431 110 18 reconnu
2196 423 181 23 Commandant
2389 419 109 23 Général

2020 457 30 22 de
2069 458 82 20 toutes
2162 457 36 21 les
2213 454 108 28 Troupes
2334 451 13 22 à
2364 453 23 20 la
2403 452 51 21 tête
2465 450 31 21 de

2021 487 72 22 celles
2105 486 42 28 qui
2159 492 27 16 se
2203 484 146 22 trouvoient
2360 483 61 20 dans
2433 482 64 21 cette

2019 518 76 21 Ville.
2104 517 21 22 Il
2133 523 14 15 a
2155 514 81 30 ajouté
2244 520 49 22 que
2299 514 54 22 tout
2361 514 24 21 le
2395 510 100 24 Convoi

2019 548 44 21 des
2085 546 119 27 Troupes,
2230 545 44 21 des
2299 543 138 23 munitions
2464 541 31 21 de

2020 583 88 23 guerre
2119 577 23 21 &
2154 577 43 22 des
2209 577 82 20 autres
2303 573 145 30 provisions
2460 572 37 21 est

2020 607 80 23 arrivé
2110 608 24 21 le
2147 614 11 22 5
2172 613 30 16 au
2214 606 59 26 soir,
2286 606 23 21 &
2321 610 47 23 que
2380 605 36 20 les
2429 603 66 21 deux

2019 638 137 28 Régimens
2177 637 123 23 Irlandois
2315 635 42 29 qui
2373 641 31 15 ne
2421 633 77 29 parti-

2020 673 55 18 rent
2086 668 113 28 qu’après
2209 668 23 21 le
2245 666 101 23 Convoi
2358 667 59 20 sont
2431 662 65 24 aussi

2021 698 93 23 arrivés
2126 698 14 22 â
2151 699 53 21 leur
2215 698 159 22 destination.

2072 759 83 18 Numéro
2163 760 26 17 du
2196 757 96 19 Vendredi
2300 756 23 19 21
2331 756 57 19 Avril
2396 755 54 18 1769.

2173 792 26 17 De
2207 790 18 19 la
2233 790 64 18 Bastia
2304 790 20 18 le
2332 789 21 18 il
2362 789 66 18 Avril.

2047 831 52 21 Nos
2111 830 143 27 opérations
2265 836 33 15 ne
2314 829 131 22 tarderont
2454 832 44 23 pas

2022 861 31 22 de
2070 866 158 16 commencer
2237 866 6 20 ;
2257 860 22 21 &
2298 860 25 21 la
2341 857 108 29 capacité
2467 857 29 21 de

2021 897 45 16 nos
2078 889 140 27 Généraux,
2230 891 56 20 leur
2302 890 81 22 bonne
2405 888 93 23 intelli-

2021 927 77 22 gence
2115 920 23 22 &
2151 920 106 22 l’ardeur
2276 926 47 20 que
2343 919 156 27 témoignent

2022 951 120 22 l’Officier
2149 950 23 22 &
2182 952 24 20 le
2218 949 85 22 Soldat
2315 955 65 16 nous
2391 949 109 22 donnent

2022 982 49 21 lieu
2090 980 32 22 de
2141 981 81 21 croire
2243 980 61 27 qu’il
2323 986 27 15 se
2362 980 51 21 fera
2426 979 31 21 de
2476 979 23 20 la

2023 1012 80 21 bonne
2125 1011 111 28 besogne
2244 1017 7 19 ;
2270 1016 64 16 nous
2356 1010 143 21 attendions

2021 1047 45 17 nos
2074 1041 181 26 Renforts,tout
2261 1043 39 19 est
2308 1040 191 22 heureusement

2022 1070 82 24 arrivé
2112 1078 33 15 en
2153 1072 84 21 divers
2246 1071 113 22 endroits
2367 1076 7 20 ;
2385 1071 65 20 mais
2457 1075 43 22 par

2023 1102 32 23 où
2060 1107 276 17 commencerons-nous
2343 1100 158 28 d’agirPC'est

2023 1139 28 15 ce
2075 1133 41 26 qui
2135 1135 38 20 est
2198 1137 90 17 encore
2314 1138 33 16 un
2365 1134 88 23 secret,
2477 1130 23 22 &

2022 1164 24 20 le
2064 1165 81 19 secret
2162 1164 59 20 dans
2242 1163 36 21 les
2299 1161 95 29 projets
2415 1167 84 16 assure

2023 1199 62 21 pour
2095 1192 145 23 l’ordinaire
2251 1193 23 21 le
2287 1192 85 22 succès
2384 1192 31 21 de
2426 1190 75 24 l'exé-

2023 1224 92 21 cution.
2129 1222 93 29 Depuis
2230 1223 25 20 la
2264 1223 111 21 consulte
2384 1228 49 21 que
2441 1222 59 21 Pao-

2023 1254 18 20 li
2048 1252 27 22 fit
2086 1252 14 21 à
2110 1252 103 22 Casinca
2221 1253 38 21 les
2273 1259 33 21 15,
2318 1251 25 23 16
2353 1253 23 20 &
2387 1258 25 22 17
2424 1252 75 24 Mars,

2023 1284 19 21 il
2052 1289 31 16 ne
2095 1283 61 21 s'est
2166 1284 54 21 rien
2232 1282 72 28 passé
2317 1284 30 21 de
2361 1283 56 21 bien
2439 1281 62 23 inté-

2023 1315 104 21 ressant.
2151 1313 22 23 U
2194 1314 138 27 paroissoit
2353 1312 148 23 néanmoins

2024 1344 59 29 qu'il
2092 1343 116 23 méditoit
2219 1345 108 26 quelque
2336 1349 63 22 coup
2409 1344 92 27 impor-

2022 1377 53 20 tant
2087 1376 74 19 avant
2171 1374 113 22 l’arrivée
2296 1375 31 20 de
2339 1379 47 16 nos
2399 1373 102 23 nouvel-

2023 1404 163 27 lesTroupes,
2195 1404 71 27 après
2276 1404 74 22 s’être
2362 1403 84 22 assuré
2455 1409 46 22 que

2023 1437 57 20 tous
2092 1440 41 16 ses
2153 1435 67 22 Gens
2241 1436 128 21 entroient
2387 1434 114 27 parfaite-

2024 1467 67 20 ment
2099 1465 61 21 dans
2171 1471 40 16 ses
2221 1471 71 20 vues,
2301 1465 24 22 <6e
2336 1465 72 21 avoir
2420 1463 82 23 donné

2025 1502 39 15 ses
2074 1496 86 21 ordres
2172 1503 31 14 en
2212 1495 180 28 conséquence.
2403 1496 22 21 Il
2434 1495 68 22 avoit

2025 1527 79 21 même
2115 1525 56 29 déjà
2178 1526 134 23 rassemblé
2321 1527 37 21 les
2371 1532 42 22 500
2423 1524 76 23 Ecclé-

2025 1557 133 26 siastiques
2170 1563 33 16 ou
2212 1557 137 27 Religieux
2360 1557 60 26 qu’il
2436 1556 68 23 ayoit

2025 1587 81 23 résolu
2124 1587 31 22 de
2175 1587 60 22 faire
2253 1593 89 18 armer,
2354 1587 23 21 &
2392 1587 24 21 le
2437 1592 26 23 29
2483 1586 20 21 il

2025 1619 54 21 leur
2083 1618 70 22 avoit
2160 1617 79 23 confié
2247 1618 23 21 la
2278 1618 77 27 garde
2364 1617 32 21 de
2404 1618 24 20 la
2437 1616 67 23 Tour

2027 1649 30 21 de
2067 1648 112 27 Prenato,
2189 1653 58 17 sous
2255 1649 24 21 le
2288 1648 214 22 commandement

2026 1679 56 22 d’un
2094 1678 127 23 Chanoine
2242 1679 120 27 guerrier,
2374 1679 42 26 qui
2432 1679 70 26 porte

2025 1716 43 15 sur
2077 1709 91 24 lui.des
2182 1715 114 21 marques
2307 1710 31 21 de
2351 1709 94 25 valeur,
2458 1713 45 23 par

2026 1741 25 21 la
2068 1740 115 22 cicatrice
2194 1740 73 22 d’une
2281 1740 111 22 blessure
2411 1739 58 28 qu’il
2487 1744 13 15 a

2026 1776 73 22 reçue
2119 1777 33 15 en
2172 1771 150 22 combattant
2333 1771 87 21 contre
2432 1774 70 17 nous.

2027 1801 45 21 Les
2091 1800 98 23 Soldats
2209 1801 42 27 qui
2272 1801 96 22 étoient
2391 1800 60 22 dans
2474 1805 28 15 ce

2027 1833 70 26 poste
2109 1831 36 22 lui
2156 1834 45 19 ont
2212 1832 68 21 servi
2291 1836 65 22 pour
2367 1831 98 28 grossir
2476 1835 28 16 ce

2027 1862 59 27 qu'il
2097 1863 97 26 appelle
2202 1867 47 17 son
2260 1862 98 25 armée.;
2369 1862 64 21 mais
2442 1866 61 17 nous

2028 1899 31 15 ne
2070 1898 93 17 savons
2173 1899 43 21 pas
2229 1892 21 22 si
2261 1894 25 20 la
2302 1893 100 26 Troupe
2420 1890 83 24 sacrée

2027 1924 41 26 qui
2080 1923 55 21 doit
2152 1923 117 21 défendre
2280 1924 23 20 la
2315 1923 68 22 Tour
2395 1924 32 20 de
2445 1922 60 22 Pre-

2027 1956 58 19 nato
2104 1954 45 20 fait
2160 1954 79 27 partie
2249 1954 44 21 des
2311 1958 61 23 3000
2391 1953 113 22 hommes

2028 1985 42 26 qui
2081 1984 104 21 doivent
2194 1983 113 27 toujours
2325 1983 69 22 tenir
2404 1984 26 21 la
2443 1989 63 16 cam-

2027 2018 89 24 pagne,
2129 2013 22 21 &
2160 2015 41 26 qui
2211 2016 148 25 composent
2367 2014 25 21 le
2403 2014 60 22 tiers
2475 2013 31 21 de

2027 2050 26 15 sa
2064 2044 86 22 milice
2170 2050 31 15 ou
2212 2044 23 21 si
2247 2044 62 22 c'est
2322 2045 45 20 des
2378 2050 57 22 r5oo
2447 2043 60 29 qu'il

2028 2081 13 15 a
2048 2073 14 23 à
2071 2080 26 16 sa
2106 2074 78 26 solde,
2196 2080 32 16 ou
2237 2074 66 22 enfin
2311 2074 52 22 s’ils
2372 2074 55 22 font
2435 2080 70 16 nom-

2028 2105 42 22 bre
2090 2110 61 16 avec
2173 2110 61 17 2000
2257 2107 83 20 autres
2364 2105 62 26 qu’il
2447 2107 59 26 peut

2028 2143 91 17 encore
2127 2138 100 27 joindre
2239 2143 30 16 au
2280 2140 63 20 total
2355 2139 62 20 dans
2429 2139 23 20 le
2467 2138 40 21 be-

2028 2172 63 25 soin,
2102 2177 41 16 car
2154 2170 133 29 quoiqu’on
2299 2173 36 21 ait
2348 2172 113 21 annoncé
2473 2177 31 15 en

2027 2205 84 22 divers
2134 2205 98 22 endroit
2253 2205 60 27 qu’il
2332 2205 83 21 auroit
2425 2211 28 22 30
2460 2210 43 17 000

2027 2239 111 21 hommes
2149 2243 59 17 sous
2219 2238 37 21 les
2268 2244 89 20 armes,
2367 2244 33 16 on
2412 2244 32 15 ne
2452 2238 55 22 voit

2028 2277 43 22 pas
2080 2277 48 21 que
2136 2276 40 17 ses
2187 2271 80 22 forces
2277 2273 84 21 soient
2371 2272 96 21 au-delà
2476 2271 31 21 de

2028 2311 28 15 ce
2066 2305 43 27 qui
2122 2306 39 20 est
2171 2304 92 22 calculé
2278 2305 133 25 ci-dessus,
2425 2310 30 16 ne
2469 2305 37 21 lui

2027 2338 67 22 étant
2113 2343 44 22 pas
2168 2338 157 22 absolument
2345 2338 111 26 possible
2476 2338 32 21 de

2027 2373 65 20 tenir
2102 2372 55 20 tout
2168 2377 45 16 son
2225 2372 91 21 monde
2324 2370 77 23 armé.
2434 2390 5 3 .

2266 2432 22 28 [à
2300 2431 96 29 suivre)

2029 2537 100 23 Aiacciu
2137 2549 29 5 —
2177 2537 136 28 Stainparia
2325 2536 26 22 di
2364 2537 24 22 A
2399 2538 107 26 Muvra,

2030 2581 15 14 u
2053 2572 246 24 Dh*etlore-Gerente:
2309 2573 74 23 Petru
2392 2572 114 24 ROCCA.

31 2699 130 24 FuglitUnudi
164 2698 129 19 AAluvra—
299 2703 21 14 a.
321 2698 56 18 112—
384 2697 38 20 diu
426 2696 74 20 17-2-29

55 2757 245 53 maOALE
333 2755 145 49 PA0L1

235 2823 66 19 0SSL4.

75 2861 37 35 La
129 2859 80 36 Rôtîa
226 2858 32 37 di
271 2858 176 37 Pûntenmvô

31 2911 472 28 RACONTOCORSODELSECOLO

222 2947 87 22 XVIII

256 2991 25 19 DI

127 3028 34 24 F.
176 3028 35 24 D.
228 3027 176 25 Guerrazzi

208 3112 126 30 (,Seguito)

61 3158 136 23 AU’ultimo
216 3157 95 28 palpito
323 3157 40 22 del
382 3157 53 21 sole
455 3161 54 16 cor-

33 3192 97 28 rispos.e
140 3191 106 22 Tultimo
255 3191 40 22 del
305 3196 43 17 suo
358 3190 153 27 cuore,quel-

22 3226 35 21 J.0
70 3226 136 21 s’immerse
213 3225 41 21 nel
263 3230 74 19 mare,
349 3225 85 26 questo
444 3223 66 21 nella

33 3256 104 23 eternità
148 3263 6 18 ;
166 3262 16 17 e
193 3257 24 21 lo
227 3256 139 22 iasciarono
378 3261 93 21 appeso
483 3255 26 21 in

34 3290 149 22 obbedienza
195 3289 145 22 dell’ordine
353 3288 40 23 del
407 3293 105 23 genera-

33 3323 25 21 le
68 3329 6 20 ;
95 3328 49 17 non
164 3327 89 22 posero
269 3322 130 21 sentinella
410 3328 14 14 a
439 3326 74 22 guar-

34 3356 77 25 darlo,
123 3355 163 26 reputandolo
295 3355 143 21 abbastanza
443 3354 69 27 vigi-

32 3389 50 22 lato
93 3388 64 22 dalla
163 3387 111 28 giustizia
286 3388 122 21 inesorata
415 3393 40 15 ma
462 3388 50 20 ret-

32 3424 25 19 ta
79 3422 46 21 che
144 3422 136 25 percoteva
300 3420 212 22 indistintamente

35 3455 78 21 umidi
125 3453 130 28 esuperbi.
266 3464 29 4 —

62 3487 11 22 I
86 3486 71 24 Corsi
169 3487 26 21 in
206 3485 57 28 quel
276 3487 75 26 tempi
364 3491 50 17 non
422 3490 90 16 consu-

33 3526 104 17 mavano
150 3520 51 21 olio
221 3523 45 23 per
277 3518 157 28 risparmiare
446 3518 62 25 sole,

34 3554 63 21 onde
109 3554 21 22 si
143 3552 148 22 coricavano
301 3550 137 22 abuon’ora
448 3556 6 15 :
468 3556 41 15 or-

34 3586 176 22 dinari’amente
232 3584 79 28 prima
330 3584 66 21 delle
416 3583 48 21 due
482 3584 26 20 di

527 2697 68 20 notte
615 2695 129 22 andavano
754 2701 13 15 a
780 2695 105 26 giacere,
899 2699 26 16 se
937 2693 66 27 qual-

528 2728 45 22 che
593 2732 134 18 occûrenza
739 2733 50 17 non
799 2727 19 21 li
829 2726 153 27 persuadeva
989 2732 14 15 a

527 2761 111 28 vegliare
648 2767 6 19 ;
672 2760 84 22 sicchè
768 2759 39 23 chi
819 2760 20 21 si
852 2760 67 22 fosse
936 2758 68 28 aggî-

529 2796 52 20 rato
595 2800 46 21 per
655 2794 25 21 le
691 2794 44 21 vie
754 2793 25 23 di
792 2792 210 30 Corte'avrebbe}

528 2827 205 28 maravigliando,
754 2826 92 22 veduto
858 2827 65 26 dopo
941 2825 61 21 assai

529 2862 95 20 cotesto
643 2861 83 26 tempo
745 2861 48 21 due
802 2859 62 22 lumi
883 2859 80 21 accesi
978 2858 25 21 in

530 2892 47 23 due
588 2898 55 17 case
654 2893 108 22 diverse.
775 2892 49 22 Per
834 2893 39 20 cui
884 2897 86 17 manca
979 2891 24 22 di

531 2926 113 26 discorsi,
669 2926 35 27 glì
715 2926 86 21 obietti
814 2925 97 22 estremi
923 2930 82 21 passa-

532 2964 30 17 no
582 2965 13 15 a
614 2965 32 15 un
658 2958 25 22 di
709 2963 84 23 presso
814 2963 96 17 comme
929 2963 75 22 acqua

531 2993 109 26 piovana
650 2997 44 22 per
703 2992 23 21 la
735 2992 85 22 doccia
830 2997 5 19 ;
850 2991 39 22 chi
901 2991 43 27 poi
953 2996 53 17 cos-

531 3027 67 19 tuma
612 3028 96 22 notare,
720 3025 31 21 da
761 3025 65 21 tutto
840 3024 77 28 piglia
936 3029 70 22 argo-

533 3060 83 20 mento
641 3058 25 20 di
683 3058 180 26 speculazione,
884 3062 14 16 e
920 3057 85 26 quindi

535 3096 70 16 causa
616 3091 26 21 di
662 3095 151 17 conoscenza
822 3096 6 19 ;
844 3095 44 22 per
898 3091 23 20 la
936 3090 70 27 quale

535 3128 57 18 cosa
608 3129 50 16 non
669 3123 72 27 parrà
758 3124 84 20 strano
859 3128 26 16 se
904 3121 102 23 affermo

535 3157 45 22 che
600 3157 40 21 dal
650 3157 74 21 modo
738 3161 46 17 con
796 3156 46 21 che
858 3156 23 21 la
892 3157 56 20 luce
966 3156 40 21 dei

534 3190 62 21 •lurni
612 3190 77 20 viene
701 3188 172 23 riflessa'fuori
885 3188 40 22 dai
944 3189 64 21 vetri

537 3222 65 21 delle
621 3227 55 16 case
699 3225 26 18 tu
740 3221 58 28 puoi
811 3221 153 28 distinguere
982 3221 27 22 in

537 3255 70 27 quale
626 3255 61 20 stato
699 3254 21 20 si
741 3254 98 21 trovino
854 3255 25 19 le
889 3254 117 26 famiglie.

539 3287 75 22 Calda
626 3293 22 19 e,
667 3292 44 21 per
721 3286 53 23 cosi
785 3286 62 27 dire,
860 3286 125 28 pétulante
995 3286 14 21 è

537 3320 24 22 la
579 3321 55 20 luce
654 3319 45 21 che
717 3319 120 22 rischiara
846 3319 8 21 i
870 3319 119 22 conviti'e
999 3319 12 23 i.

537 3352 84 23 festini
631 3358 6 19 ;
661 3351 68 27 però,
742 3358 27 16 se
788 3352 31 21 da
839 3352 104 26 imposta
961 3351 48 21 allô

538 3384 153 28 improvviso
704 3387 82 24 aperta
798 3390 54 16 essa
867 3389 141 22 prorompe,

536 3419 18 21 ti
572 3417 70 28 parrà
654 3416 47 22 che
722 3417 87 22 insulti
819 3418 24 20 la
854 3419 77 22 notte,
955 3417 54 21 anzi

537 3457 59 20 pare
611 3451 45 21 che
667 3450 22 21 la
708 3449 123 28 proyochi
845 3456 14 15 e
870 3450 23 21 la
912 3449 97 22 ferisca.

538 3483 46 22 Più
597 3482 121 26 modesto,
731 3488 51 16 non
804 3484 113 25 pertanto
938 3487 72 16 meno

536 3517 81 21 sicuro
639 3515 103 27 splende
756 3516 20 21 il
785 3515 67 21 lume
871 3519 138 22 compagno

534 3549 51 28 agli
606 3547 74 23 studii
704 3548 65 21 delle
787 3548 119 26 sapienza,
939 3551 70 17 corne

536 3582 81 27 quello
629 3581 45 21 che
685 3585 26 15 sa
727 3585 81 17 essere
818 3581 55 21 luce
882 3580 25 21 in
920 3580 89 20 traccia

1030 2691 26 22 di
1072 2692 54 21 Luce
1137 2699 6 19 ;
1167 2696 41 16 ma
1219 2691 19 22 il
1254 2692 66 22 lume
1341 2695 86 17 acceso
1439 2689 62 22 délia

1028 2724 161 22 tribolazione
1202 2726 87 24 tréma,
1302 2729 14 15 e
1330 2723 109 28 supplica
1457 2722 45 22 che

1030 2757 24 21 al
1061 2762 44 17 suo
1114 2757 87 22 dolore
1209 2762 51 16 non
1271 2757 22 22 si
1304 2756 122 28 aggiunga
1435 2756 18 20 il
1460 2755 42 22 do-

1029 2790 54 22 lore
1106 2790 64 22 délia
1180 2790 101 22 tenebra
1287 2796 11 21 ;
1318 2789 143 22 abbastanza
1479 2789 24 20 la

1029 2823 121 27 travaglia
1166 2823 22 21 la
1200 2822 52 22 vita
1264 2822 65 22 delle
1343 2821 100 23 miserie
1456 2821 47 21 cir-

1031 2854 208 29 costanti,perché
1245 2861 52 16 non
1304 2859 115 23 vengano
1426 2853 77 22 anche

1030 2889 8 21 i
1048 2888 115 22 fantasmi
1175 2888 65 22 délia
1252 2889 69 22 notte
1330 2893 14 16 a
1352 2887 120 22 crescerle
1485 2887 18 21 il

1030 2927 71 22 peso.

1059 2954 18 21 E
1087 2960 52 16 non
1158 2954 104 22 sarebbe
1273 2955 64 21 stato
1357 2952 98 23 difficile
1466 2953 38 21 in-

1031 2988 120 21 dovinare
1167 2987 46 21 che
1224 2987 8 21 i
1252 2987 71 25 lumi,
1336 2987 8 20 i
1355 2986 64 27 qùali
1428 2986 25 21 in
1464 2991 39 16 co-

1031 3021 63 21 testa
1103 3022 70 20 notte
1184 3020 159 21 scaturivano
1355 3019 63 21 dalle
1432 3018 72 22 fines-

1032 3055 38 20 tra
1081 3053 64 22 delle
1160 3052 48 22 due
1222 3057 55 17 case
1291 3052 26 23 di
1332 3052 82 24 Corte,
1432 3056 73 17 erano

1033 3086 58 21 stati
1101 3085 79 23 accesi
1192 3085 64 22 dalla
1266 3084 161 24 tribolazione
1434 3091 6 14 :
1460 3090 46 21 per

1032 3119 80 21 verità
1132 3123 50 18 uno
1201 3119 91 21 ardeva
1311 3118 64 21 nella
1391 3123 55 16 casa
1465 3117 41 22 del

1033 3152 76 28 padre
1130 3152 25 21 di
1168 3150 31 23 Gi
1203 3151 168 24 ovanbrando,
1382 3149 79 23 l’altro
1479 3151 27 20 in

1034 3185 81 27 quella
1126 3185 26 22 di
1165 3183 66 23 Orso
1244 3184 131 27 Campana.

1062 3217 34 22 Vi
1106 3219 164 21 rammentate
1293 3216 27 22 di
1337 3216 91 21 Lellina
1445 3216 22 20 la
1477 3215 30 22 fi-

1033 3251 77 26 gliola
1130 3251 24 21 di
1168 3248 76 28 Orso,
1257 3250 46 22 che
1320 3250 95 20 doveva
1425 3249 82 21 essère

1035 3283 93 27 moglie
1135 3283 26 22 di
1171 3281 195 24 Giovanbrando
1372 3282 13 21 ?
1402 3281 102 26 Ebbene,

1035 3321 56 16 essa
1102 3315 14 21 è
1127 3315 80 28 quella
1227 3316 44 21 che
1289 3314 91 26 veglia.
1400 3315 107 26 Bisogna

1036 3348 46 22 che
1093 3349 42 21 voi
1146 3348 130 27 impariate
1287 3347 90 27 meglio
1396 3354 14 14 a
1421 3352 87 17 conos-

1036 3382 72 25 cerla,
1120 3381 152 22 diventando
1284 3379 67 23 d’ora
1364 3380 25 21 in
1400 3380 42 27 poi
1452 3385 55 21 par-

1034 3416 26 20 te
1070 3414 148 27 importante
1228 3414 65 21 délia
1303 3413 83 21 nostra
1394 3412 74 23 storia
1476 3418 6 20 ;
1491 3418 15 14 e

1036 3446 91 29 perché
1136 3447 27 21 vi
1175 3451 30 16 en
1208 3447 31 21 tri
1252 3447 63 21 bene
1331 3446 63 21 nella
1404 3445 103 22 fantasia

1036 3481 25 21 io
1078 3485 31 16 ve
1120 3481 24 20 la
1154 3480 66 20 vado
1231 3486 15 15 a
1259 3478 143 22 descrivere
1411 3483 45 16 con
1465 3484 42 21 pa-

1035 3514 53 22 role
1097 3513 119 21 succinte.
1228 3512 33 22 Di
1272 3511 92 23 statura
1374 3511 14 21 è
1398 3511 83 25 brève,
1491 3516 15 15 e

1034 3546 26 21 di
1071 3546 109 21 membra
1199 3546 113 23 asciutte,
1324 3545 59 25 perd
1399 3543 108 22 mirabil-

1036 3580 82 21 mente
1130 3579 112 26 disposta
1253 3584 14 15 a
1279 3579 143 23 sopportare
1438 3577 23 20 le
1472 3576 35 21 fa-

1528 2688 66 23 tiche
1603 2695 6 18 ;
1632 2689 63 22 forte
1711 2693 70 16 corne
1792 2687 119 25 l’acciaio,
1924 2687 81 22 destra

1528 2724 92 25 quanto
1641 2722 7 21 i
1660 2720 78 24 müffli
1752 2721 39 22 dei
1812 2720 56 22 suoi
1880 2720 68 28 paesi
1956 2725 6 19 ;
1982 2720 23 20 la

1529 2755 63 28 pelle
1602 2755 93 26 pallida
1706 2754 24 21 le
1742 2752 108 23 imbruni
1862 2754 19 20 il
1891 2754 59 24 sole,
1960 2751 45 22 chè

1529 2789 19 21 il
1556 2788 78 26 padre
1645 2792 77 17 usava
1732 2787 109 21 menarla
1852 2791 98 22 sempre
1967 2790 39 16 se-

1530 2827 30 17 co
1571 2820 41 28 pei
1629 2820 80 22 monti
1721 2826 13 15 a
1748 2819 89 26 caccia,
1851 2824 16 16 o
1879 2820 22 20 ai
1914 2818 93 29 procoi

1530 2859 44 22 per
1593 2853 108 28 vigilare
1720 2854 25 21 le
1756 2852 117 22 faccende
1892 2852 25 22 di
1929 2851 61 22 villa
1997 2857 7 15 :

1529 2888 81 27 giusta
1630 2887 18 21 il
1659 2887 113 21 costume
1793 2885 71 22 côrso
1877 2886 25 21 le
1913 2885 56 21 vêla
1987 2884 18 20 il

1530 2925 61 21 capo
1604 2925 33 16 un
1648 2919 129 27 paunilino
1792 2919 88 21 bianco
1888 2918 52 22 fino
1959 2918 47 20 aile

1531 2952 150 27 sopraciglia
1695 2957 77 16 curve
1784 2952 26 21 in
1824 2951 124 26 bell’arco,
1966 2956 40 16 ma

1531 2985 69 28 quasi
1623 2985 104 22 indivisi
1737 2990 7 20 ;
1767 2985 35 27 gli
1817 2984 71 21 occhi
1908 2989 98 22 sempre

1531 3021 89 19 teneva
1640 3022 81 18 mezzo
1733 3016 79 23 chiusi
1823 3023 14 15 e
1851 3016 67 23 bassi
1939 3016 66 22 forse

1532 3057 44 22 per
1593 3050 131 27 modestia,
1746 3056 14 16 0
1777 3051 120 27 piuttosto
1916 3049 90 28 perché

1532 3088 100 23 sapesse
1648 3083 45 22 che
1705 3085 143 20 mettevano
1868 3089 74 21 paura
1949 3088 6 15 :
1980 3083 26 20 in

1532 3116 83 23 effetto
1634 3117 22 21 le
1675 3122 44 16 sue
1740 3116 95 28 pupille
1855 3116 151 27 apparivano

1532 3149 121 23 chiazzate
1661 3150 26 21 di
1695 3154 71 20 nero,
1778 3150 25 20 di
1815 3149 91 22 celeste
1922 3148 83 22 chiaro

1533 3190 14 15 e
1567 3183 25 22 di
1601 3183 77 27 giallo
1687 3188 6 17 :
1717 3188 48 19 ma,
1788 3182 133 27 quietando
1943 3187 62 20 essa,

1533 3215 167 28 quest’ultimo
1712 3216 84 20 colore
1810 3220 51 16 non
1878 3214 21 22 si
1919 3214 88 22 distin-

1531 3254 82 22 gueva
1623 3250 90 25 troppo
1719 3254 6 19 ;
1746 3253 13 15 e
1770 3247 36 28 gli
1822 3248 44 21 alri
1883 3247 47 22 due
1942 3252 65 16 com-

1532 3285 130 24 ponevano
1674 3286 33 15 un
1718 3281 65 20 cotai
1799 3279 95 28 grisgio
1906 3280 100 21 scialba-

1532 3316 27 20 to
1566 3314 64 21 assai
1637 3313 176 27 somiglievole
1822 3313 23 20 al
1854 3313 101 26 piombo
1965 3317 42 22 po-

1533 3347 44 21 lito
1587 3352 7 19 ;
1614 3346 97 27 quando
1720 3346 41 27 poi
1775 3345 104 27 qualche
1893 3344 115 28 passione

1532 3379 83 28 l’agita
1615 3384 40 20 va,
1669 3379 18 21 il
1697 3378 75 27 giallo
1790 3378 22 21 si
1824 3378 142 25 estendeva,
1986 3378 21 20 si

1533 3412 140 21 accendeva
1682 3418 6 19 ;
1709 3410 120 22 insorama
1840 3410 8 21 i
1866 3412 55 20 suoi
1937 3409 80 26 occhi,

1533 3444 77 21 allora
1622 3444 168 21 diventavano
1798 3443 53 27 pari
1861 3449 14 15 a
1886 3442 73 28 quelli
1969 3443 41 21 del

1532 3478 69 27 gatto
1611 3476 121 22 salvatico
1743 3482 7 19 ;
1762 3477 20 20 il
1792 3476 71 22 volto
1880 3477 72 20 ovale
1962 3481 47 16 con

1532 3510 22 21 si
1574 3509 105 27 perfetto
1703 3509 120 22 contorno
1849 3509 45 21 che
1915 3508 93 27 meglio

1532 3548 51 15 non
1603 3542 103 21 avrieno
1719 3541 123 27 disîgnato
1860 3542 23 21 le
1905 3541 87 21 Grazie
2001 3546 6 15 :

1533 3576 24 20 la
1564 3573 76 23 bocca
1648 3573 172 27 ombreggiata
1830 3574 63 21 dalla
1901 3573 109 27 caluggi-

2031 2690 32 15 ne
2081 2684 42 22 del
2134 2685 84 22 labbro
2236 2685 129 26 superiore
2384 2686 125 20 mostrava

2031 2717 163 28 duemargini
2206 2718 90 25 stretti,
2309 2718 155 22 erovesciati
2483 2717 26 22 in

2031 2750 97 26 dentro,
2147 2751 93 21 indizio
2252 2751 157 21 sicurissimo
2422 2751 23 21 di
2458 2750 51 22 ani-

2031 2789 41 17 mo
2085 2783 135 22 deliberàto
2232 2788 13 16 e
2254 2785 121 20 costante.

2059 2816 96 27 Questà
2165 2816 117 22 fanciulla
2295 2819 71 19 stava
2376 2817 86 21 seduta
2470 2821 41 17 so-

2031 2855 43 21 pra
2084 2854 15 16 a
2112 2855 48 16 una
2171 2855 79 22 panca
2262 2849 97 22 dinanzi
2372 2850 23 20 al
2413 2851 96 21 camino

2031 2888 44 21 per
2096 2883 139 24 abitudine,
2252 2887 52 17 non
2315 2881 42 30 già
2373 2883 92 26 perché
2486 2883 24 21 la

2032 2915 114 28 stagionë
2167 2915 152 27 invogliasse
2344 2921 12 15 a
2378 2916 115 22 scaldarsi
2503 2922 5 19 ;

2032 2948 30 22 da
2072 2948 128 28 parecchio
2211 2949 85 26 tempo
2309 2949 159 21 erasi-recata
2484 2948 27 22 in

2031 2986 73 17 mano
2123 2982 25 20 le
2159 2981 83 25 molle,
2265 2987 13 15 e
2290 2982 151 26 percotendo
2462 2986 47 17 con

2032 3014 81 27 quelle
2132 3014 26 21 di
2173 3015 75 21 tratto
2261 3014 26 21 in
2309 3016 78 19 tratto
2407 3015 18 20 il
2442 3015 78 27 pavi--

2032 3048 95 25 mento,
2151 3053 32 15 ne
2204 3052 79 17 aveva
2307 3047 145 27 scheggiato
2476 3053 35 15 un

2032 3081 111 21 mattone
2152 3086 6 20 ;
2171 3080 25 21 di
2206 3082 87 19 contro
2305 3086 13 15 a
2327 3080 33 21 lei
2373 3079 103 28 giaceva
2485 3080 26 21 in

2031 3114 64 21 terra
2105 3114 23 20 la
2137 3118 80 21 serva,
2226 3113 102 21 veccbia
2338 3117 70 17 corsa
2418 3118 45 17 con
2473 3113 36 27 gli

2032 3145 80 26 occhi,
2121 3146 18 20 il
2151 3151 58 17 naso
2222 3150 14 16 e
2243 3146 25 21 le
2284 3145 68 22 mani
2362 3146 83 26 uguali
2461 3146 49 26 agli

2033 3179 81 26 artigli
2122 3179 40 21 del
2168 3178 71 26 falco,
2250 3185 14 15 e
2273 3178 68 22 forse
2347 3179 25 20 la
2379 3179 132 28 somiglan-

2032 3216 26 16 za
2075 3210 25 22 di
2109 3211 34 21 lei
2164 3212 39 21 col
2215 3210 63 22 falco
2298 3217 52 16 non
2360 3210 77 22 finiva
2455 3210 55 29 qui;

2033 3246 90 19 teneva
2133 3244 24 21 le
2168 3244 77 27 spalle
2258 3244 142 27 appogiate,
2415 3250 14 15 0
2441 3249 70 17 corne

2033 3277 7 20 i
2052 3275 73 23 Côrsi
2134 3276 100 25 dicono,
2245 3275 149 23 arrembaie
2405 3277 48 21 alla
2467 3281 44 23 pa-

2033 3311 62 22 rete,
2118 3309 25 21 le
2153 3309 88 27 gambe
2258 3314 29 16 su
2300 3309 67 25 ritte,
2384 3314 13 15 e
2422 3314 46 17 con
2487 3309 24 21 le

2034 3342 97 21 braccia
2150 3344 51 20 tese
2214 3347 14 15 e
2238 3341 25 21 le
2273 3341 68 22 mahi
2361 3342 151 27 aggruppate

2034 3374 21 21 si
2073 3377 154 25 agguantava
2244 3374 9 21 i
2276 3374 119 28 ginocchi
2405 3381 7 19 ;
2430 3376 82 21 anima

2033 3408 109 26 propria,
2163 3413 16 16 o
2200 3407 121 27 piuttosto
2344 3407 102 22 volonté
2466 3408 46 21 ella

2035 3445 50 17 non
2096 3444 87 21 aveva,
2191 3439 72 22 bensi
2277 3445 47 17 con
2336 3439 107 23 l’occhio
2454 3441 58 21 fisso

2033 3474 41 20 nel
2082 3473 70 21 volto
2157 3473 64 21 délia
2227 3472 117 22 fanciulla
2352 3473 86 26 spiava
2447 3475 68 26 quel-

2033 3506 26 21 lo
2070 3504 47 22 che
2128 3510 87 16 avesse
2225 3511 13 14 a
2251 3505 52 21 fare
2316 3511 17 16 o
2343 3511 49 15 non
2404 3506 51 21 fare
2464 3513 6 19 ;

2178 3563 6 18 *
2189 3554 139 22 Cuntinua
2333 3555 9 26 )
