2586 3912
42 123 62 31 £re
116 122 41 26 de
168 117 206 29 réalisalions

303 197 387 77 BILAN
723 195 21 75 !

62 367 19 21 II
97 368 35 18 est
148 364 52 24 bon,
223 364 55 21 utile
283 365 80 24 même,
387 365 14 20 à
419 364 90 26 chaque

39 398 30 21 fin
87 396 92 21 d’année
196 395 29 21 de
246 395 55 22 faire
321 397 13 19 à
352 399 50 22 part
429 395 40 23 soi,
490 395 22 20 le

38 428 61 22 bilan
125 426 29 22 de
169 433 42 15 son
234 427 74 21 action
334 430 22 18 et
382 427 28 20 dé
430 433 25 14 se
473 426 39 20 de-

42 458 96 22 mander
162 458 74 26 quelle
257 462 35 18 est
308 458 22 21 la
353 458 110 25 longueur
480 457 31 20 du

38 489 91 21 chemin
137 496 121 19 parcouru,
268 490 33 20 les
310 493 64 17 notes
384 489 127 21 d’examens

38 521 153 25 rétrospectifs
221 528 58 14 nous
301 520 50 21 font
369 526 100 15 mesurer
490 518 22 21 la

39 552 113 25 grandeur
163 556 23 17 et
195 552 22 21 la
232 552 109 21 nécessité
355 551 29 20 de
402 553 63 17 notre
473 550 39 20 be-

38 586 72 22 sogné
132 587 23 17 et
178 589 58 14 nous
253 583 100 19 donnent
370 580 102 26 l'orgueil
483 580 29 20 de

38 612 80 21 l’effort
140 612 115 24 accompli.

64 641 20 21 Il
96 650 16 17 y
120 649 14 13 a
153 641 109 25 quelques
288 642 85 19 années
385 642 14 19 à
422 640 91 26 pareille

41 676 95 24 époque,
146 672 32 20 les
187 671 62 21 idées
258 671 152 26 régionalistes
430 671 84 21 étaient

39 704 142 22 totalements
203 702 103 26 ignorées
327 710 28 14 en
379 703 76 21 Corse.
481 703 32 20 La

38 740 82 21 guerre
132 733 60 20 avait
199 733 79 21 chassé
297 734 23 20 le
332 734 105 21 souvenir
452 734 62 21 bien-

38 765 82 21 faisant
135 763 29 21 de
176 764 19 20 A
212 764 86 26 Cispra.
314 765 69 21 Notre
398 771 54 19 pays
474 764 40 26 qui

39 795 80 26 depuis
124 794 126 26 longtemps
259 795 53 20 était
320 795 87 21 attaché
418 802 29 14 au
464 796 50 20 des-

39 827 73 21 tinées
129 825 28 20 de
170 825 23 20 la
210 825 91 25 France,
317 826 60 20 avait
394 826 30 20 dû
438 826 76 20 suivre

40 860 58 18 cette
118 855 102 21 dernière
237 856 56 20 dans
310 856 22 20 la
345 860 134 16 tourmente.
495 856 19 20 Il

41 895 29 14 en
87 886 54 21 était
151 886 55 20 sorti
215 886 84 25 épuisé,
309 886 91 21 affaibli-
410 887 31 20 La
448 893 66 19 gran-

41 919 56 21 deur
108 917 29 20 de
153 923 41 14 son
214 917 100 21 sacrifice
333 917 61 20 avait
419 918 34 20 été
473 918 42 19 im-

42 954 84 18 mense,
147 947 96 26 puisque
253 951 109 22 quarante
370 948 62 21 mille
443 948 29 20 de
477 954 37 15 ses

41 979 95 24 enfants,
163 979 110 20 restèrent
295 979 97 20 couchés
418 986 39 14 sur
480 979 34 21 les

41 1010 92 25 champs
153 1009 29 21 de
197 1016 103 19 carnage.
320 1008 98 26 Ceux-là,
440 1010 38 25 qui
491 1010 23 20 la

41 1046 88 21 guerre-
151 1040 54 23 finie
230 1041 114 20 revinrent
367 1041 57 20 dans
452 1041 62 21 leurs

39 1072 82 25 foyers,
129 1070 75 22 furent
215 1070 90 27 frappés
317 1072 31 20 du
356 1072 109 25 spectacle
473 1072 42 20 mi-

42 1102 94 24 sérable,
149 1108 45 19 que
210 1102 49 21 leur
276 1102 66 24 offrit>
369 1103 49 21 leur
434 1103 79 25 patrie.

42 1134 30 20 Ils
89 1140 31 13 en
136 1132 89 21 vinrent
239 1133 59 21 alors
320 1134 14 20 à
351 1140 26 14 se
393 1134 122 21 demander

41 1165 22 21 la
78 1164 79 26 portée
177 1163 28 21 de
219 1164 50 20 leur
284 1164 107 24 sacrifice,
409 1172 26 14 sa
446 1165 69 25 signi-

42 1195 90 21 fication
141 1194 13 21 ?
170 1194 98 26 L’image
280 1195 29 21 de
319 1195 22 21 la
359 1196 68 25 petite
443 1196 72 25 patrie

41 1226 148 21 abandonnée
214 1226 13 20 à
232 1226 45 21 elle
289 1227 81 24 même,
386 1227 67 21 hanta
465 1228 50 20 leur

43 1263 102 15 cerveau.
167 1256 48 21 Elle
239 1256 77 21 dévint
337 1257 50 21 leur
401 1275 3 4 .
412 1261 104 17 constant

42 1288 72 22 souci.
120 1287 64 21 Cette
198 1287 81 21 misère
290 1288 40 25 qui
344 1288 50 21 leur
407 1289 52 20 était
466 1292 50 18 tan-

42 1320 66 25 gible,
126 1318 34 21 fut
169 1318 49 21 leur
238 1318 64 26 point
315 1319 29 20 de
360 1320 154 24 comparaison

42 1351 76 20 d’avec
131 1354 51 16 tous
190 1349 33 21 les
236 1349 111 21 sacrifices
352 1356 46 19 que
405 1350 111 21 d’innom-

44 1381 88 21 brables
159 1380 36 21 fils
219 1380 29 21 de
265 1380 95 26 Cyrnos,
377 1381 89 22 avaient
479 1388 37 15 ac-

43 1412 90 26 compli,
152 1418 39 15 sur
212 1415 52 17 tous
276 1412 33 21 les
326 1412 92 26 champs
441 1413 28 21 de
477 1413 39 21 ba-

42 1444 61 20 taille
122 1443 29 21 de
169 1442 106 26 l’Europe
283 1449 57 19 pour
347 1443 23 21 le
385 1444 51 25 plus
443 1445 72 25 grand

45 1481 78 15 renom
130 1474 56 21 delà
195 1474 91 21 France.
296 1474 157 26 L’ingratitude
461 1477 55 20 était

43 1505 125 22 manifeste.
186 1506 47 20 Nos
241 1505 110 21 sacrifices
366 1506 87 22 avaient
465 1511 51 17 tou-

41 1538 64 25 jours
120 1537 35 20 été
171 1537 128 21 considérés
313 1544 87 17 comme
408 1538 29 21 de
442 1538 73 26 justes

42 1568 90 21 tributs.
154 1568 21 20 O
190 1568 127 25 générosité
342 1569 31 21 du
399 1570 80 25 peuple
493 1570 23 20 le

41 1600 52 25 plus
112 1599 78 21 libéral
208 1599 28 21 de
249 1599 22 21 la
289 1603 59 17 terre
357 1601 7 20 !

69 1631 64 20 Cette
149 1630 128 26 ignorance,
298 1631 56 21 dans
381 1632 95 25 laquelle
492 1633 28 20 la"

45 1662 85 20 France
155 1661 53 22 était
219 1668 40 14 sur
276 1665 64 18 notre
367 1669 62 19 pays,
455 1664 61 20 avait

43 1693 109 25 qüélques
164 1693 94 21 raisons.
277 1694 31 20 La
327 1694 78 24 Corse,
420 1701 28 14 en
454 1694 60 24 effet,

43 1724 60 21 avait
124 1725 36 20 été
182 1724 119 25 assimilée,
319 1732 44 14 aux
383 1729 74 17 autres
478 1726 38 20 dé-

45 1759 135 23 partements
186 1755 104 26 français,
299 1763 29 14 en
337 1757 62 25 dépit
406 1757 38 21 des
449 1757 67 21 clairs

43 1787 179 25 enseignements
241 1787 30 21 de
287 1787 107 22 l’histoire
413 1791 24 18 et
456 1788 29 21 de
493 1789 23 20 là

44 1818 140 26 géographie.
199 1818 48 21 Elle
255 1824 30 16 ne
292 1819 93 25 pouvait
392 1820 65 25 donc,
466 1821 51 25 pré-

43 1849 79 21 tendre
144 1850 14 20 à
176 1849 48 21 rien
242 1850 87 21 d’autre
339 1857 46 19 que
400 1851 117 26 n’importe

45 1880 52 26 quel
106 1880 155 26 département
276 1881 104 25 français,
390 1889 37 14 ces
442 1886 75 17 autres

44 1912 164 25 départements
227 1912 84 21 étaient
334 1912 59 22 ainsi
413 1914 50 24 plus
486 1914 32 20 fa-

45 1943 93 23 vorisés,
156 1950 38 14 car
210 1950 29 15 au
254 1944 65 25 point
335 1944 28 20 de
377 1951 44 14 vue
438 1946 81 20 écono-

539 363 83 26 mique,
644 363 28 20 ils
690 363 83 20 étaient
793 362 29 20 de
846 360 115 25 beaucoup
983 365 27 14 en

539 401 83 14 avance
643 401 39 12 sur
700 399 64 14 nous.
775 393 50 19 Une
842 392 50 21 telle
904 390 108 21 assimila-

539 426 47 20 tion
605 427 77 17 contre
703 423 97 26 laquelle
821 426 49 17 tout
886 422 122 26 protestait,

539 455 54 22 était
600 462 31 13 un
638 457 77 18 contre
724 461 52 14 sens
782 454 131 25 historique.
929 454 36 21 On
984 460 27 13 en

538 487 60 20 était
609 485 79 22 arrivé
700 486 17 19 à
733 485 90 21 oublier
834 492 44 19 que
890 485 34 21 les
933 491 79 15 carac-

539 518 59 20 tères
613 517 130 20 nationaux
755 515 143 22 demandent
908 516 42 21 des
963 517 50 19 réa-

539 548 53 20 lités
609 547 168 21 radicalement
792 547 120 21 distinctes
922 550 24 18 et
957 547 55 21 irré-

539 578 119 21 ductibles.

566 615 81 20 Contre
662 622 32 13 un
717 615 70 25 pareil
812 616 45 20 état
879 615 29 20 de
925 616 86 23 choses,

540 646 33 20 les
585 646 90 20 anciens
698 646 154 24 combattants,
868 653 43 19 que
933 654 29 13 ne
970 646 44 26 gri-

540 677 71 21 saient
613 684 40 19 pas
658 678 34 20 les
698 684 126 19 promesses
826 676 87 27 (réelles
916 678 68 21 celles
992 678 21 20 là

541 715 66 19 parce
624 715 44 19 que
682 715 59 14 nous
760 709 121 25 façonnant
897 710 14 20 à
928 709 21 20 la
969 715 45 14 ser-

542 740 75 20 vitude
624 739 10 26 )
649 739 29 21 de
701 746 88 18 grasses
808 740 114 20 sinécures
945 739 69 21 conti-

542 771 106 22 nentales,
669 770 114 25 réagirent
797 771 29 21 de
842 773 49 18 tout
904 770 49 21 leur
959 771 53 20 être.

542 802 30 20 Ils
587 801 173 25 s’inquiétèrent,
786 808 39 14 car
838 808 31 14 un
882 801 70 25 pareil
970 802 44 20 état

541 832 29 20 de
587 832 40 20 fait
651 832 111 24 menaçait
781 832 28 20 de
827 833 66 20 durer
904 831 109 25 toujours.

541 862 30 20 Ils
590 869 28 13 ne
635 862 114 21 voulaient
766 863 51 24 plus
838 870 44 18 que
898 863 21 20 la
945 862 69 22 Corse

541 892 36 21 fût
589 899 44 14 une
641 893 107 21 éternelle
755 893 153 25 sacrifiée,une
922 895 92 19 éternel-

540 923 23 20 le
576 923 77 26 dupée.
669 924 18 19 Il
704 924 116 25 puisèrent
833 924 85 22 d’autre
925 928 52 22 part
984 931 30 14 un

541 960 101 14 nouveau
658 961 106 19 courage,
771 956 14 19 à
793 955 22 20 la
833 962 43 14 vue
887 955 29 21 de
928 956 86 20 l’écoeu-

540 985 162 25 rantspectacie
707 992 45 19 que
759 986 50 20 leur
817 986 168 24 offraient,ceux
988 986 26 21 de

541 1016 60 20 leurs
617 1017 210 25 compatriotes.^/
832 1018 100 21 rubeant
938 1019 25 20 in
971 1024 43 14 ser-

540 1047 107 21 vitutem.

568 1084 27 20 Et
610 1085 52 20 c’est
680 1085 58 20 ainsi
760 1086 53 25 qu’à
830 1085 23 21 la
865 1085 57 21 suite
936 1086 30 20 de
979 1092 35 14 ces

541 1115 99 21 diverses
654 1116 178 22 considérations
840 1120 34 17 est
882 1118 29 19 né
922 1123 27 13 ce
954 1117 60 24 jour-

541 1145 45 21 nal.
596 1146 33 20 En
642 1146 110 26 quelques
757 1148 92 23 années,
863 1146 16 21 il
893 1154 13 13 a
914 1147 100 25 conquit,

542 1183 45 14 une
604 1176 63 26 place
681 1177 86 21 enviée.
783 1178 38 20 On
838 1181 52 21 peut
906 1185 29 13 en
954 1178 60 20 avoir

541 1207 22 21 la
576 1214 89 18 preuve,
686 1208 56 21 dans
758 1208 34 21 les
808 1212 102 22 attaques
927 1209 87 20 détour-

542 1239 54 20 nées
616 1239 53 25 qu’il
686 1239 75 24 reçoit.
781 1240 76 20 L’élite
878 1243 49 17 tout
938 1243 76 17 autant

542 1276 45 18 que
595 1269 21 21 le
625 1270 88 24 peuple,
724 1273 52 17 sont
784 1270 100 26 conquis.
895 1271 46 20 Des
949 1270 65 21 adhé-

542 1300 61 20 sions
625 1300 164 21 enthousiastes
806 1307 57 14 nous
871 1301 106 20 arrivent.

569 1337 86 20 Devant
672 1344 32 13 un
719 1337 117 24 auditoire,
857 1337 86 25 chaque
962 1337 52 25 jour

542 1367 50 25 plus
607 1368 124 21 nombreux
745 1371 22 18 et
770 1368 51 26 plus
835 1368 94 25 attentif,
939 1369 20 20 A
968 1369 46 20 Mu-

543 1405 47 18 vra,
607 1405 79 19 essaye
695 1400 38 20 -de
751 1400 112 21 redonner
871 1400 13 20 à
896 1400 23 20 la
936 1399 77 24 Corse,

542 1435 43 15 son
594 1431 50 20 âme
660 1430 115 22 véritable.

569 1462 59 21 C’est
641 1462 55 21 chez
705 1462 42 21 elle
756 1466 23 17 et
791 1469 46 14 non
852 1462 97 25 ailleurs,
959 1463 55 25 qu’il

542 1492 48 21 faut
607 1493 140 22 maintenant
762 1494 108 21 chercher
884 1495 23 20 le
914 1495 67 25 pouls
987 1495 27 20 de

542 1523 23 21 la
579 1524 75 21 Corse.
674 1525 60 20 C’est
751 1525 43 21 elle
819 1526 66 24 qu’on
903 1526 46 20 suit
962 1532 52 14 sans

542 1554 22 21 le
577 1555 54 25 dire,
647 1556 54 20 c’est
714 1556 42 20 elle
764 1557 68 25 qu’on
847 1556 52 26 pille
905 1563 54 14 sans
969 1563 45 14 ver-

541 1592 80 20 gogne.
640 1586 60 21 C’est
724 1588 111 25 pourquoi
856 1594 56 14 nous
930 1588 84 21 devons

541 1617 50 20 voir
614 1617 57 21 dans
688 1621 65 17 notre
777 1620 84 22 succès,
874 1619 23 20 le
904 1625 57 19 gage
970 1625 44 15 cer-

541 1648 48 20 tain
605 1648 51 21 d’un
665 1649 79 21 avenir
756 1649 60 25 plein
832 1650 28 20 de
868 1650 146 21 réalisations.

569 1685 128 26 Quelqu’un
706 1692 13 14 a
732 1686 39 24 dit,
782 1693 45 19 que
836 1693 26 14 ce
877 1693 11 11 «
897 1686 40 26 qui
951 1688 63 19 mène

542 1716 23 20 le
585 1717 88 24 monde,
683 1723 27 15 ce
727 1717 39 25 qui
775 1717 63 21 vient
845 1719 13 19 à
867 1718 54 21 bout
932 1718 29 20 de
969 1721 45 17 tout

542 1747 29 21 ici
593 1748 46 24 bas,
663 1754 26 14 ce
702 1752 52 17 sont
764 1748 40 21 des
819 1749 118 21 minorirés
957 1753 57 17 tena-

543 1785 45 18 ces,
598 1779 151 21 convaincues
755 1783 23 17 et
783 1780 53 20 bien
841 1780 107 21 dressées.
959 1780 55 21 Elles

544 1810 114 20 marchent
677 1810 29 20 de
720 1810 84 21 l’avant
820 1814 23 18 et
863 1818 30 14 on
914 1811 34 21 les
965 1811 49 21 suit,

544 1848 31 13 on
599 1841 97 21 emboîte
718 1841 22 21 le
761 1848 41 18 pas
819 1842 98 21 derrière
934 1842 55 21 elles
997 1851 17 11 »,

570 1872 60 21 Nous
642 1878 72 15 avons
736 1873 132 21 conscience
876 1873 69 21 d’être
962 1876 52 18 cette

544 1903 103 21 minorité
657 1903 7 20 !

751 1940 95 22 Matteo
867 1940 122 22 Cirnensi.

130 3382 20 59 I
174 3383 175 58 nostri
374 3385 115 58 veri
512 3386 162 57 amici
696 3402 74 41 un
792 3390 64 54 sô
878 3389 143 57 mica

51 3474 160 70 quelli
243 3474 86 58 ch!
362 3476 47 57 ci
442 3478 239 57 contanu
711 3476 309 75 chjachjare

53 3578 91 43 ma
164 3567 161 72 quelli
354 3567 86 58 chi
462 3584 218 55 paganu
709 3585 36 42 u
773 3587 63 40 so
851 3570 168 59 abbu=

56 3664 273 55 namentu.

1186 109 61 38 Uns
1260 108 102 37 lettara

1163 198 31 27 Pu
1203 197 50 32 sgiô
1264 195 60 25 Petru
1335 195 69 25 Rocca

1207 237 103 24 Direttore
1323 235 20 24 di
1351 235 17 27 P
1376 233 95 26 MCIVRR

1160 280 57 30 Sgiô
1248 279 131 26 Direttore,

1064 336 78 23 Cume
1169 335 59 23 tanti
1255 333 51 22 altri
1330 332 142 29 giuvanòtti,
1492 338 13 15 e

1036 371 118 22 nécessita
1202 369 23 22 di
1249 374 16 15 u
1287 367 82 22 studiu
1400 367 102 25 m’hanu,

1037 411 42 23 per
1087 411 31 15 un
1133 408 88 24 tempu,
1235 401 93 23 esiliatu
1338 402 24 22 di
1377 401 126 23 Corsica...

1064 439 122 26 Pnrtantu,
1228 436 47 22 Dio
1296 436 33 22 mi
1380 435 68 23 liberi
1481 435 23 22 di

1037 473 129 23 scurdarmi
1186 473 24 22 di
1222 471 30 23 1’«
1271 470 63 22 Isula
1340 478 14 13 »
1378 476 20 21 e,
1410 471 95 21 luntanu

1037 507 131 27 dall’occhi,
1193 507 32 21 mi
1249 510 56 23 pare
1331 504 63 23 ch’iô
1422 504 83 22 l’abbia

1037 541 42 29 più
1098 541 84 23 vicinu
1189 547 13 16 a
1211 546 15 16 u
1235 539 54 23 côre
1300 555 25 5 ...

1064 575 94 27 Vorrei,
1172 574 63 23 ch’in
1252 574 22 21 la
1285 573 57 22 città
1363 573 142 28 chiugulella

1038 609 24 21 di
1080 609 74 27 l’Alpi
1171 609 64 21 duve
1249 608 33 22 mi
1294 608 72 22 tròvu
1389 613 79 22 persu,
1481 606 23 21 A

1038 642 89 23 Muvra
1146 644 33 21 mi
1205 642 109 29 purtassi,
1331 642 25 21 in
1377 642 22 21 la
1411 646 27 16 so
1446 640 55 22 boc-

1039 683 26 16 ca
1096 683 33 16 un
1152 683 62 22 pocu
1239 677 25 22 di
1275 676 65 22 l’aria
1369 675 87 25 nativa,
1479 674 25 22 in

1037 712 17 21 li
1065 717 29 16 so
1105 710 77 27 occhi,
1208 717 32 16 un
1250 711 62 28 pocri
1329 710 24 21 di
1367 707 77 30 qiiella
1452 708 51 22 fier-

1037 744 31 27 tà,
1081 745 26 22 in
1117 746 27 20 lu
1152 751 28 16 so
1192 746 63 27 pelu,
1277 750 67 17 cume
1361 750 34 15 un
1408 744 56 21 alitu
1480 742 23 22 di

1038 779 72 27 quelli
1133 779 138 27 profumi...

1066 812 30 22 Sà
1121 818 68 17 corre
1213 820 14 15 e
1236 813 66 27 saltà,
1323 819 13 15 e
1351 818 33 15 un
1410 810 93 24 truverà

1039 844 72 31 fatiga
1125 853 14 15 a
1147 846 131 30 ghiunghie
1293 848 52 21 sinu
1354 852 14 16 a
1376 846 41 28 qui
1430 862 23 5 ...

1066 880 23 21 A
1106 880 89 23 Muvra
1212 882 61 22 deve
1288 887 51 16 esse
1351 886 13 16 a
1379 886 61 16 voce
1452 881 51 21 lun-

1039 914 61 24 tana,
1115 921 16 15 u
1146 915 42 22 filu
1206 915 38 22 chi
1258 916 21 21 ci
1296 916 53 28 lega
1359 920 95 22 sempre
1469 920 13 15 a
1490 920 13 15 a

1040 952 108 23 mamma,
1160 948 112 23 l’Isulella
1297 955 51 16 cara
1361 965 25 5 ...

1069 980 69 21 Deve
1145 988 52 17 esse
1215 982 92 23 l’amica
1321 983 46 26 chi,
1380 983 25 21 in
1425 989 76 15 mezzu

1041 1013 21 21 ai
1086 1014 93 29 pinzüti,
1210 1017 21 21 ci
1251 1018 124 27 permette,
1410 1016 90 28 qualchi

1041 1048 66 21 volta
1129 1047 23 21 di
1164 1052 65 25 parla
1242 1057 71 16 corsu

1068 1084 71 19 Deve
1148 1086 48 20 es^e
1210 1091 44 21 per
1264 1085 8 21 i
1288 1086 68 26 cofsi,
1368 1085 45 22 sôli
1421 1092 13 14 e
1452 1086 37 21 lus

1040 1114 58 26 tani,
1116 1120 68 16 cume
1196 1126 17 14 u
1224 1119 94 23 ritrattu
1332 1120 29 21 da
1370 1120 105 28 famiglia
1484 1127 5 13 <

1040 1148 25 21 di
1092 1147 99 27 l’amata,
1209 1158 46 17 una
1274 1159 53 16 cosa
1335 1153 48 22 "chi
1407 1154 20 21 si
1439 1154 50 21 dev

1040 1180 76 29 fighià
1141 1182 57 27 ogni
1225 1186 59 23 hntü
1300 1184 27 27 jri
1346 1188 18 21 li
1384 1189 105 21 mument

1040 1215 24 21 di
1074 1215 132 22 solitudine
1215 1216 36 20 ed
1272 1222 105 21 tristezza
1390 1237 24 6 ...

1068 1248 201 28 Ringrazienduv.
1282 1255 24 22 vj
1315 1261 75 22 pregu
1403 1256 24 21 di
1435 1262 54 16 man

1041 1282 122 22 dammila.
1277 1291 25 18 -j
1351 1306 3 2 .

1268 1323 45 28 diva
1328 1330 97 21 Grotta.

1111 1412 110 37 Sonetto
1239 1413 55 36 alla
1319 1420 104 37 Corsica

1043 1507 42 21 Diè
1090 1507 16 21 il
1112 1508 93 21 mirifico
1211 1508 81 21 mondo
1298 1516 20 15 m
1324 1512 95 25 Febo.un
1428 1516 66 20 Morte

1041 1539 18 20 11
1073 1538 136 26 mitologico,
1222 1539 59 21 l’afro
1296 1547 20 16 ui
1329 1544 106 23 Annibale

1041 1570 71 20 Roma
1120 1577 31 13 un
1157 1570 89 25 Cesare,
1254 1577 12 14 e
1273 1574 127 25 tu,?iCcioIa
1407 1578 61 24 valle,

1042 1600 35 21 Un
1080 1600 46 21 San
1130 1601 72 24 Piero,
1206 1608 32 14 un
1243 1601 120 28 dePâdi^n
1368 1606 125 28 Bonaparte,

1255 1637 15 12 %■
1305 1633 8 20 :|

1042 1660 91 20 Corsica
1150 1661 53 24 mia,
1212 1664 26 17 tu
1252 1661 61 25 pfims
1317 1664 24 21 in
1350 1666 53 25 ogni
1412 1671 58 21 parte

1043 1690 221 22 Dell’immortalitate
1272 1688 96 28 iarrarco
1377 1697 17 20 il
1402 1697 55 21 calle
1463 1707 6 15 ;

1042 1722 112 25 Apprezza
1161 1722 17 20 il
1187 1726 39 17 tuo
1234 1728 164 21 graieuòr.dona
1405 1728 89 26 lespalle

1042 1753 20 20 A
1075 1757 79 21 questa
1168 1753 62 26 arpia
1245 1753 153 26 cheammorba
1410 1766 14 14 e
1431 1760 63 25 genio

1404 1791 28 20 ed
1440 1794 54 17 arte.

1044 1838 42 20 Dal
1093 1838 62 20 Reno
1161 1839 22 20 al
1191 1838 59 24 Nilo,
1257 1838 36 21 dal
1298 1844 86 20 ’anubio
1389 1844 21 20 al
1420 1844 74 26 Gange

1044 1868 210 26 Imperativamente
1264 1873 55 21 err$l
1327 1878 39 18 tuo
1380 1882 65 14 nome

1044 1900 43 20 E.iì
1096 1900 65 24 Golo,
1171 1906 86 20 sangue
1264 1904 40 17 tuo
1310 1906 67 25 ispira
1386 1912 13 14 e
1407 1906 85 26 piange.

1317 1940 8 25 \

1044 1959 116 24 Vendetta,
1167 1961 14 19 è
1185 1960 16 20 il
1205 1963 40 17 tuo
1249 1960 72 25 fïagel,
1326 1965 31 19 Jal
1364 1966 129 24 empiogno-

1437 2004 4 3 -
1456 2003 36 13 me

1045 2020 52 20 Pria
1103 2021 113 24 fubriaca,
1226 2022 38 24 poi
1273 2022 18 20 ti
1299 2027 53 19 sppa
1360 2029 15 13 e
1379 2024 71 26 fange
1458 2033 7 17 ;

1045 2050 18 21 Il
1077 2058 71 17 puzzo
1152 2058 70 14 ancor
1229 2052 18 20 ti
1255 2052 81 26 logorie
1344 2053 95 22 chiome.

1224 2088 113 22 Dumemi
1349 2089 110 24 Cristini.

1294 2124 4 3 _
1303 2110 15 12 '1
1413 2121 3 3 .
1431 2114 2 2 ‘

1093 2182 57 37 Nos
1155 2183 88 46 lignes
1259 2184 36 36 de
1303 2184 131 47 Ivigation

1069 2274 39 20 lia
1121 2275 36 20 été
1171 2275 58 21 donc
1249 2275 103 23 déciçbue
1369 2278 43 21 les.
1429 2286 44 15 nou

1044 2311 72 15 veaux
1132 2306 125 26 paquebots
1269 2313 29 13 en
1310 2310 122 21 nstruction
1445 2312 31 20 de-

1044 2340 54 17 vant
1110 2337 113 21 desservir
1234 2338 34 20 les
1276 2337 36 25 ligj
1329 2340 28 20 de
1372 2341 21 20 la
1412 2342 64 22 Corse

1043 2371 77 17 seront
1134 2368 55 21 d’un
1205 2372 98 22 tonnage
1310 2370 81 22 férieur
1399 2373 14 20 à
1425 2380 51 15 ceux

1043 2398 40 21 des
1092 2399 95 21 bateaux
1195 2399 39 26 qui
1243 2399 49 21 font
1299 2399 85 23 lèrvice
1398 2405 78 20 actuel-

1043 2429 92 21 lement.

1070 2460 46 21 Nos
1134 2462 166 24 représentants
1311 2465 113 21 xmnaires
1438 2471 38 17 ont

1043 2493 91 24 accepté
1146 2492 55 25 cela;
1220 2492 29 21 ils
1258 2492 76 23 n’enat
1343 2496 51 24 plus
1402 2498 14 19 à
1432 2505 44 14 une

1044 2523 145 25 capitulation
1197 2524 76 24 près...

1067 2553 19 19 A
1095 2554 21 20 la
1122 2554 92 25 rigueur
1222 2560 46 14 une
1275 2554 94 23 dimtion
1382 2558 29 20 de
1427 2562 47 18 ton-

1043 2590 58 19 nage
1109 2591 31 13 ne
1149 2591 57 15 nous
1216 2585 130 23 affecteraas
1354 2590 119 20 extraordi-

1043 2615 124 21 nairement
1176 2616 19 21 si
1203 2616 22 20 la
1236 2616 147 24 \itessQnima
1392 2620 28 21 de
1436 2627 36 15 ces

1043 2646 95 21 bateaux
1150 2647 75 21 devait
1241 2648 47 20 être
1306 2650 62 25 cdngt
1384 2652 86 25 noeuds,

1044 2677 81 21 vitesse
1138 2684 45 19 que
1194 2678 50 21 font
1258 2679 34 20 les
1303 2681 66 21 criers
1384 2682 87 22 italiens

1043 2709 80 20 reliant
1134 2708 191 24 Civita-Vecchiaa
1340 2712 129 28 Sardaigne.

1067 2739 220 22 Malheureusement
1294 2748 76 18 p'nous
1376 2750 54 15 avec
1438 2745 32 21 les

1044 2770 108 25 coquilles
1163 2771 30 20 de
1209 2771 55 21 noix
1278 2775 22 18 et
1323 2774 75 22 sabots
1416 2776 53 20 dont

1043 2807 58 15 nous
1111 2807 80 15 serons
1217 2802 126 25 gratifiésus
1355 2807 114 21 continue-

1043 2838 54 14 rons
1111 2833 14 19 à
1135 2833 46 20 être
1195 2834 94 20 secoués
1302 2840 57 19 tprze
1376 2841 23 16 et
1410 2838 58 21 seize

1042 2862 82 21 heures
1141 2863 81 21 durant
1236 2868 68 17 avant
1308 2873 29 14 :re
1352 2868 84 21 rendus
1454 2870 13 20 à

1043 2893 117 21 Marseille.

1068 2924 82 24 Quand
1158 2931 31 13 on
1200 2931 71 19 songe
1278 2931 52 19 qua
1338 2930 74 20 trente
1424 2936 43 14 ans

1043 2954 22 21 la
1076 2954 32 20 Cic
1120 2954 81 26 Valéry
1210 2962 58 14 nous
1280 2959 93 21 tnortait
1383 2961 14 19 à
1409 2961 57 20 Mar-

1043 2985 63 20 seille
1114 2986 15 19 à
1144 2992 45 14 une
1202 2986 83 22 vitesse
1294 2987 37 23 bre
1344 2990 29 20 de
1385 2992 81 24 quinze

1044 3016 81 20 noeuds
1134 3023 29 13 on
1172 3023 29 14 en
1206 3021 35 17 est
1255 3019 13 19 à
1283 3021 112 21 senander
1408 3022 20 20 si
1442 3023 22 20 la

1044 3046 76 24 Corse,
1130 3048 50 20 tout
1187 3048 155 24 doucetteirne
1350 3052 115 22 s’achemi-

1044 3084 29 14 ne
1078 3083 41 19 pas
1125 3084 52 14 vers
1185 3079 57 25 l’âge
1256 3079 30 21 du
1298 3082 66 21 staillé
1370 3083 6 19 !

1079 3159 83 25 «LE
1185 3160 135 28 PETIT}
1322 3164 52 25 RS
1375 3165 27 25 E
1412 3173 17 17 »

1073 3231 172 23 L’interessant
1258 3233 128 25 hebadaire
1400 3238 60 28 ajac-

1047 3265 54 21 cien
1129 3265 70 21 vient
1218 3266 31 21 de
1276 3269 69 22 reitre
1372 3276 57 17 sous
1436 3273 23 22 la

1046 3298 119 22 direction
1191 3299 30 21 de
1241 3302 146 24 notrèellent
1403 3312 56 16 con-

1046 3332 62 22 frère
1117 3332 35 22 M.
1158 3332 93 23 Marcel
1258 3333 82 25 Levde
1348 3337 37 23 Me
1398 3339 60 23 Vin-

1046 3369 55 20 cent
1109 3367 73 23 Porte
1193 3367 159 27 l’éminerpcat
1364 3374 33 21 du
1407 3374 51 22 bar-

1045 3407 58 16 reau
1111 3401 133 29 d’Ajaccio.

1072 3435 70 22 Nous
1166 3436 223 27 souhaitons«Petit
1400 3441 55 23 Cor-

1046 3475 25 16 se
1079 3476 16 15 »
1107 3471 90 27 longue
1213 3470 42 21 vie
1268 3472 24 19 et
1303 3473 80 24 mérité.

1063 3563 105 29 Quelli
1180 3563 153 27 chiricfiu
1341 3567 112 26 AMU-

1045 3608 91 25 VRA
1147 3616 19 17 e
1179 3607 98 26 ch’un
1293 3610 94 28 slenu
1393 3615 58 24 mi-

1045 3663 41 18 ca
1101 3656 141 30 abbunàj
1263 3663 86 22 unnu
1374 3669 41 17 ca
1431 3669 18 17 a

1045 3704 166 25 ricusalPa
1219 3711 23 17 u
1252 3703 59 30 pid.

1567 111 146 50 NuKzie
1748 109 39 49 di
1812 109 153 49 Corsica

1869 207 106 24 Aiacciu

1556 271 26 4 —
1587 256 18 25 È
1614 263 77 20 morta,
1710 266 14 14 u
1739 264 12 16 2
1766 258 118 27 jnnaghiu,
1902 257 95 22 madanu

1532 292 90 22 Veduva
1632 291 91 21 Filicina
1733 290 84 25 Lazari,
1832 294 50 17 nata
1897 289 97 23 Lavar.de

1556 342 27 4 —
1592 325 17 25 È
1627 333 70 17 morta
1716 328 150 21 Madamicella
1894 327 103 22 Niculett;

1532 362 92 25 Coggia.

1555 411 28 4 —
1592 394 17 26 È
1626 402 71 18 morta
1710 398 101 21 Madama
1825 398 103 21 Juvanna
1940 396 54 21 Lovi

1531 431 44 25 chi,
1586 434 51 18 nata
1646 430 167 27 Stéphanopoli.

1889 477 86 23 Bastia

1555 541 28 4 —
1596 529 19 21 U
1624 529 48 25 sgiô
1690 528 125 21 Dümenicu
1833 527 144 27 Brignardelli
1990 528 7 20 i

1531 564 89 17 cascatu
1629 560 28 21 da
1666 567 15 13 u
1690 560 95 26 purtellu
1796 559 98 21 bulendu
1909 559 84 21 sarralu

1518 589 2 28 j
1531 592 75 25 piazza
1615 592 22 20 di
1649 598 15 14 u
1675 591 179 21 Nôvu-Marcatu.

1556 623 18 20 E
1583 626 73 17 mortu
1671 622 72 26 sopra’
1751 629 16 13 u
1776 622 73 27 colpu.

1554 671 28 4 —
1590 660 18 20 E
1616 663 72 18 morta
1701 660 152 21 Madamicella
1866 660 127 21 Ponsevera

1553 708 28 5 —
1590 697 20 20 U
1618 697 97 25 giovanu
1724 698 90 21 Antonu
1821 697 78 26 Filippi
1908 709 27 4 —
1942 702 13 16 2
1964 704 33 14 an-

1530 729 23 19 ni
1561 740 27 4 —
1597 729 13 20 è
1618 732 88 17 cascatu
1721 729 23 21 in
1754 736 30 14 un
1794 736 69 19 pozzu
1873 736 13 14 e
1894 736 24 14 se
1934 736 63 14 anne-

1529 763 60 22 gatu.

1826 809 147 27 Casaglione

1552 869 28 5 —
1589 858 25 20 In
1638 864 45 15 una
1697 858 89 26 disputa
1802 859 83 21 Antoni
1905 859 92 21 Gicanti.

1529 892 88 22 pastore
1625 896 13 14 a
1651 889 72 21 Salice
1729 890 43 21 tirò
1787 897 46 14 una
1845 891 129 26 pistulittata
1987 898 10 14 a

1528 921 79 20 Adami
1615 921 112 26 Pasquale
1734 928 13 14 e
1757 929 14 14 u
1780 922 85 21 tumbô.

1894 971 77 22 Currà

1551 1030 27 4 —
1587 1018 19 21 U
1619 1019 48 25 sgio
1677 1019 70 21 Paulu
1757 1020 107 25 Leonetti,
1880 1021 55 21 dittu
1943 1021 54 23 Ros-

1525 1056 63 17 sono,
1593 1056 25 14 se
1626 1050 97 26 Iampatu
1732 1051 29 21 ’Iu
1770 1051 68 21 fiume
1846 1059 13 14 e
1867 1059 25 14 se
1903 1059 94 19 annega-

1526 1084 32 18 tu.

1888 1133 80 23 Gauru

1551 1180 27 4 —
1586 1171 18 20 E
1613 1174 71 18 morta
1698 1172 102 21 Madama
1817 1173 82 26 Marsilj
1909 1174 87 26 Agnula

1525 1201 70 22 Maria
1602 1214 27 4 —
1636 1203 33 20 zia
1679 1202 67 22 Minia
1755 1214 26 4 —
1789 1211 13 14 a
1816 1204 26 22 85
1858 1205 61 21 anni.

1903 1254 64 23 Ersa

1548 1301 28 5 —
1585 1292 18 19 E
1608 1295 81 22 mortu,
1696 1293 24 20 in
1729 1293 124 26 Marseglia,
1861 1302 15 13 u
1881 1295 48 25 sgiô
1934 1295 62 22 Man-

1524 1322 54 20 noni
1595 1322 130 25 Francescu,
1742 1324 110 26 Capitanu
1869 1332 13 14 a
1896 1333 15 13 u
1925 1327 68 25 longu

1523 1359 73 18 corsu,
1606 1360 14 14 e
1628 1355 13 20 è
1649 1358 57 17 statu
1716 1355 108 22 intarratu
1833 1358 13 19 à
1852 1357 61 21 Ersa.

1808 1404 158 26 Îsula-Rossa

1546 1453 28 4 —
1582 1441 134 23 S’annuncia
1733 1444 132 23 i’abbracciu
1882 1446 22 21 di
1921 1447 74 22 Mada-

1522 1473 87 21 micella
1627 1474 98 22 Massoni
1739 1476 103 26 Jasipina
1850 1484 13 14 e
1872 1478 23 21 di
1909 1486 15 13 u
1945 1480 49 26 sgiô

1522 1504 77 21 Orsini
1608 1506 95 25 Antone,
1714 1507 125 23 Culuniale.

1857 1558 109 27 Pruprià

1544 1612 28 4 —
1580 1600 136 24 S’annuncia
1732 1604 134 22 l’abbracciu
1884 1607 21 20 di
1920 1608 75 21 Mada-

1520 1632 88 20 micella
1625 1633 70 21 Maria
1713 1635 95 22 Leandri
1826 1644 13 14 e
1864 1638 23 20 di
1906 1646 16 13 u
1945 1640 49 25 sgiô

1520 1662 137 27 Ghiaseppiu
1667 1665 95 22 Leandri
1774 1668 103 22 stitutore
1889 1676 14 14 a
1917 1670 75 22 Levie,

1850 1717 115 25 Pianellu

1542 1770 28 5 —
1579 1760 18 20 E
1603 1766 71 16 morta
1681 1763 102 22 Madama
1793 1765 49 21 Vva
1852 1767 65 22 Grazi
1926 1768 68 22 Culu-

1519 1790 70 25 rinda,
1601 1796 51 17 nata
1661 1793 97 23 Moretti.

1577 1822 18 26 ^
1614 1833 70 17 m°rta
1702 1831 103 22 Madama
1825 1834 70 22 Maria
1916 1836 76 22 Tiresa

1521 1855 69 26 Grazi,
1602 1863 51 17 nata
1662 1861 70 22 Paoli.

1904 1912 60 23 Péri

1542 1960 27 5 —
1577 1952 16 19 E
1602 1957 80 21 mortu,
1692 1962 13 13 a
1720 1962 15 14 u
1750 1958 86 24 spidale
1846 1959 21 21 di
1880 1961 80 24 Bastia,
1975 1969 15 13 u

1517 1979 49 25 sgiô
1585 1981 127 25 Ghiuvanni
1731 1987 98 27 Petrelli,
1844 1991 146 22 sott’urficiale

1517 2010 116 22 culuniale.
1643 2013 18 20 E
1670 2018 58 18 statu
1735 2016 111 24 intarratu
1855 2020 24 21 in
1888 2020 55 23 Péri.

1847 2067 112 25 Moltifao

1538 2107 27 4 —
1577 2098 30 21 Se
1622 2101 102 22 maritata
1741 2104 153 24 Madamicella
1907 2109 80 23 Divota

1512 2127 102 23 Colonna
1623 2137 49 16 cuu
1678 2133 49 25 sgiô
1732 2134 158 26 Costa-Savelïi
1896 2140 91 23 Liunar-

1511 2158 38 21 du.

1800 2216 157 30 Murusaglia

1532 2258 28 4 —
1573 2248 30 20 Se
1618 2248 55 22 fattu
1692 2252 133 24 l’abbracciu
1840 2257 22 21 di
1879 2259 102 23 Madami-

1507 2278 56 20 cella
1571 2278 51 21 Rim
1634 2281 89 25 Agnula
1731 2290 28 15 eu
1769 2292 14 14 u
1792 2287 50 25 sgiô
1850 2288 72 23 Natali
1930 2292 51 21 Bar-

1505 2310 71 22 tumé,
1586 2310 129 26 niguziante
1723 2321 13 14 a
1744 2315 83 27 Ficaja.

1853 2367 99 25 Olivese

1490 2412 2 30 I
1528 2415 26 4 —
1568 2406 29 20 Se
1607 2408 55 21 fattu
1671 2410 161 26 Labbracciudi
1841 2416 139 24 Madamicel-

1502 2436 22 20 la
1534 2436 149 25 Ghiacumina
1695 2441 132 25 Giacometti
1845 2453 27 15 eu
1891 2455 15 14 u
1930 2451 48 24 sgiô

1501 2465 130 25 Ghiuvanni
1641 2471 139 25 Giacometti.

1876 2526 70 24 Sartè

1523 2572 26 23 “7
1558 2564 29 20 Se
1596 2564 55 22 fattu
1660 2567 133 25 l’abbraçciu
1802 2572 24 20 di
1836 2573 140 24 Madamicel-

1497 2594 22 19 Ia
1536 2594 86 22 Tavera
1638 2597 78 23 Cicïlia
1730 2607 28 14 eu
1778 2609 15 13 u
1808 2604 49 25 sgiô
1875 2606 99 23 Durazzo

1497 2626 100 21 Michèle.

1520 2673 26 5 —
1566 2663 19 20 U
1603 2664 98 25 giovanu
1717 2667 106 24 Tramoni
1838 2672 93 23 Fiücinu
1948 2682 25 14 se

1495 2693 102 21 tumbatu
1604 2695 142 25 ghîuchendu
1753 2707 27 14 eu
1788 2708 30 14 na
1827 2703 85 25 pistola.

1665 2744 278 32 Serra-di-Seopamene

1518 2801 26 4 —
1560 2786 18 24 È
1589 2795 74 17 mortu
1676 2793 114 24 l’aiutante
1804 2797 76 23 Susini
1895 2802 74 21 Anton

1493 2819 117 26 Silvestru,
1617 2823 89 22 titulare
1714 2826 23 20 di
1749 2833 13 14 a
1774 2828 89 26 Iegione
1871 2831 97 24 d’onore.

1838 2878 102 24 Vénacu

1515 2926 27 4 —
1555 2912 105 31 È^mortu
1672 2927 16 13 u
1704 2922 48 24 sgiô
1766 2923 125 25 Pantalacci
1907 2928 61 22 Don-

1491 2946 118 27 Tumagiu.

1783 3003 154 26 Venzolasca

1549 3035 36 21 Un
1594 3038 74 20 zitellu
1680 3039 23 20 di
1713 3045 25 20 14
1745 3043 56 20 anni
1813 3050 14 13 a
1837 3044 65 22 féritu
1911 3047 53 22 d’un

1490 3065 66 25 colpu
1566 3066 22 20 di
1598 3068 18 20 ri
1618 3069 35 20 vol
1655 3076 27 14 va
1684 3077 33 17 ru,
1727 3078 13 14 a
1756 3073 116 27 disgrazia,
1887 3084 30 14 un
1933 3079 31 20 zi-

1490 3096 50 20 tellii
1547 3097 24 20 di
1583 3098 13 20 8
1605 3101 61 20 anni.

1827 3154 107 25 Vezzani

1543 3180 18 25 È
1568 3189 58 18 statu
1634 3186 57 22 fattu
1700 3196 15 12 u
1728 3192 143 23 matrimoniu
1885 3196 22 20 di
1915 3197 45 21 Ma-

1490 3214 112 24 lamicella
1611 3217 69 22 Maria
1694 3219 96 23 Tristani
1805 3230 28 14 eu
1846 3232 14 13 u
1876 3227 84 22 tinente

1490 3245 90 22 Pacconi
1590 3248 79 21 Paulu.

2069 101 39 38 M.
2126 99 90 39 Villa!
2232 98 18 37 à
2267 97 27 38 la
2313 95 152 39 Sorbonne

2057 192 74 23 Notre
2143 192 47 22 ami
2210 190 33 23 M.
2261 189 69 23 Louis
2345 187 85 26 Villat,
2445 191 54 23 pro-

2030 228 91 22 fesseur
2132 225 13 24 à
2155 227 23 21 la
2197 223 94 24 Faculté
2315 223 42 22 des
2368 224 85 21 lettres
2465 220 28 23 de

2030 263 131 28 Besançon,
2182 259 137 23 soutiendra
2346 258 23 22 le
2395 256 103 23 Mercre-

2030 297 23 22 di
2080 303 24 16 21
2123 295 106 28 Janvier,
2248 293 14 22 à
2272 294 23 21 la
2309 292 135 26 Sorbonne,
2461 296 37 16 ses

2030 331 79 23 thèses
2132 331 29 22 de
2177 330 109 22 doctorat
2299 334 25 16 es
2338 327 94 22 lettres.
2457 325 41 23 Ses

2028 367 65 22 deux
2119 365 80 23 thèses
2220 363 145 23 concernent
2382 360 117 24 l’histoire

2029 401 30 22 de
2076 402 33 21 la'
2122 400 75 23 Corse
2220 399 30 22 de
2273 397 52 30 1769
2341 396 14 23 à
2368 395 64 30 1789.
2454 394 46 23 Nul

2029 436 72 22 doute
2119 434 98 30 qu’elles
2235 432 169 24 n’obtiennent
2415 431 24 22 le
2447 431 52 28 plus

2029 470 74 29 grand
2114 471 25 21 et
2146 470 23 22 le
2183 469 53 29 plus
2255 466 83 25 mérité
2362 465 94 24 succès.

2057 511 30 23 La
2107 516 75 17 revue
2199 510 100 28 Kyrnos
2317 508 109 29 publiera
2441 506 57 23 dans

2029 552 44 17 son
2096 545 105 29 premier
2217 543 100 24 numéro
2334 543 10 29 (
2352 550 31 16 en
2393 541 90 24 février
2489 541 9 29 )

2029 587 31 15 un
2068 580 60 23 beau
2146 579 108 29 chapitre
2271 579 30 22 de
2313 579 21 22 la
2351 577 70 23 thèse
2434 576 64 29 prin-

2028 615 83 28 cipale.

2028 711 31 26 A
2071 712 177 26 Messieurs
2272 710 48 26 les
2343 709 152 26 éleveurs

2154 752 42 26 de
2207 753 32 25 la
2252 751 111 27 Corse.

2052 831 58 25 Qu’il
2119 838 36 15 me
2161 832 44 21 soit
2212 831 83 27 permis
2301 834 49 17 tout
2358 829 93 22 d’abord
2467 828 28 22 de

2027 864 118 20 remercier
2152 864 22 20 la
2192 864 79 20 Presse
2294 863 28 21 de
2338 862 90 21 vouloir
2446 861 49 21 bien

2026 895 176 25 gracieusement
2210 902 57 14 nous
2276 895 76 21 ouvrir
2364 901 37 15 ses
2423 893 73 22 colon-

2026 933 40 15 nes
2074 934 57 19 pour
2140 934 57 14 nous
2211 930 118 23 permettre
2338 927 29 21 de
2384 925 111 22 travailler

2025 958 55 22 dans
2088 959 96 21 l’intérêt
2192 959 28 21 de
2228 959 103 26 l’élevage
2339 966 29 14 en
2377 958 79 22 Corse.

2050 996 30 21 Le
2096 997 78 21 cheval
2191 997 69 21 Corse
2277 997 55 21 n’est
2346 1003 41 19 pas
2415 1002 80 15 encore

2024 1034 61 15 assez
2093 1028 100 25 connu,il
2200 1028 48 21 faut
2258 1028 32 21 lui
2298 1028 55 21 faire
2364 1028 22 21 la
2400 1028 94 21 réclame

2024 1059 52 26 qu’il
2085 1060 85 21 mérite.

2048 1097 58 22 Tout
2120 1105 87 14 comme
2217 1099 22 20 le
2253 1105 43 19 pur
2311 1105 56 20 sang
2384 1097 75 25 arabe,
2477 1097 16 21 il

2022 1133 54 21 peut
2083 1136 25 14 se
2114 1131 100 20 résumer
2219 1137 29 14 en
2257 1130 59 21 deux
2332 1133 67 19 mots:
2419 1129 75 22 Sobri-

2022 1162 41 22 été,
2073 1161 138 22 endurance.

2047 1198 118 22 Comment
2169 1199 118 22 maintenir
2294 1204 23 17 et
2325 1201 73 20 même
2404 1200 89 21 amélio-

2021 1236 36 14 rer
2064 1230 22 20 la
2094 1237 51 15 race
2151 1231 69 21 Corse
2226 1232 11 21 ?

2046 1267 17 19 A
2072 1271 57 18 cette
2143 1269 110 25 question,
2262 1269 24 26 je
2300 1270 128 25 répondrai:
2439 1274 11 12 «
2460 1266 31 25 Ên

2020 1298 107 22 imfusant
2135 1300 30 20 du
2179 1307 57 20 sang
2247 1301 91 25 arabe»;
2357 1308 39 15 car
2410 1302 81 21 l’arabe

2020 1334 34 16 est
2080 1331 167 23 l’amélioration
2270 1339 41 20 par
2327 1333 127 21 excellence
2470 1338 22 17 et

2020 1361 38 26 qui
2067 1362 132 22 s’acclimate
2204 1368 94 22 partout.

2046 1400 62 21 Voilà
2116 1403 118 26 pourquoi,
2244 1403 193 23 l’administration
2453 1406 39 20 des

2019 1431 65 23 haras
2110 1441 14 13 a
2136 1437 86 24 envoyé
2239 1443 86 15 comme
2345 1438 88 21 étalons
2463 1444 27 15 en

2021 1464 68 22 Corse
2100 1466 40 22 des
2152 1474 106 20 pur-sang
2274 1470 84 25 arabes,
2379 1470 42 21 des
2441 1478 50 18 pur-

2020 1502 56 21 sang
2083 1498 152 26 anglo-arabes
2245 1504 23 17 et
2273 1501 40 21 des
2322 1502 127 26 demi-sang
2461 1503 29 20 du

2020 1528 54 21 Midi
2082 1530 121 25 possédant
2213 1532 31 20 du
2255 1539 56 19 sang
2324 1534 75 20 arabe.

2045 1566 27 20 Je
2090 1573 30 14 ne
2137 1569 129 21 m’étendrai
2282 1577 40 19 pas
2345 1571 146 26 longuement

2019 1602 40 15 sur
2066 1597 32 21 les
2107 1599 95 25 qualités
2210 1600 30 21 du
2254 1601 76 22 cheval
2339 1602 80 25 Corse,
2426 1603 15 20 il
2450 1604 39 20 s’a-

2019 1628 33 26 git
2059 1632 48 18 tout
2115 1630 142 26 simplement
2265 1633 28 20 de
2303 1633 21 21 le
2336 1634 51 20 voir
2402 1635 14 19 à
2431 1634 60 21 l’oeu-

2019 1666 46 14 vre.

2045 1697 132 28 Quiconque
2194 1701 71 24 prend
2285 1709 45 13 une
2351 1703 89 21 voiture
2461 1704 27 20 de

2019 1729 63 25 place
2089 1734 23 16 et
2120 1730 40 21 fait
2168 1738 45 14 une
2221 1739 79 15 course
2305 1740 31 14 un
2345 1741 44 18 peu
2399 1735 89 26 longue,

2019 1764 34 16 est
2063 1762 128 20 émerveillé
2201 1769 29 15 en
2247 1769 82 20 voyant
2347 1766 61 21 deux
2425 1767 64 25 petits

2019 1791 101 22 chevaux
2127 1794 70 24 partir
2205 1795 14 19 à
2227 1802 45 14 une
2285 1796 71 21 allure
2369 1798 81 25 souple
2467 1803 23 16 et

2018 1823 110 21 cadencée
2145 1828 23 17 et
2185 1826 86 21 courrir
2287 1827 57 22 ainsi
2357 1829 91 26 jusqu’à
2464 1835 24 16 20

2017 1854 51 21 kms
2076 1862 52 14 sans
2137 1857 73 21 même
2214 1858 63 20 avoir
2280 1858 77 22 besoin
2366 1860 29 21 de
2400 1867 88 20 repren-

2018 1886 39 21 dre
2065 1886 96 22 haleine.

2043 1922 75 26 Quant
2127 1931 29 14 au
2165 1927 113 20 caractère
2290 1928 29 20 de
2327 1934 37 15 ces
2377 1929 107 26 chevaux,

2016 1953 18 21 il
2041 1961 16 13 n
2062 1961 29 14 en
2099 1959 35 17 est
2144 1963 41 18 pas
2196 1957 28 21 de
2242 1958 110 25 meilleur,*
2363 1960 22 20 la
2403 1968 83 18 preuve

2016 1991 28 14 en
2050 1989 34 17 est
2091 1987 53 24 qu’à
2152 1987 22 21 la
2182 1994 122 20 campagne
2321 1997 55 15 vous
2394 1999 92 16 rencon-

2015 2018 46 18 trez
2070 2022 38 15 sur
2116 2017 33 21 les
2158 2023 76 17 routes
2247 2027 26 14 ce
2273 2027 11 14 s
2298 2022 66 24 petits
2381 2024 105 22 animaux

2014 2046 72 24 pleins
2094 2048 29 20 de
2141 2056 57 20 sang
2210 2053 89 20 montés
2312 2060 40 18 par
2372 2054 42 22 des
2426 2056 59 21 vieil-

2013 2077 68 25 lards,
2096 2079 40 21 des
2150 2080 93 23 femmes
2261 2087 22 17 et
2297 2084 39 21 des
2351 2086 98 26 enfants,
2464 2092 22 17 et

2013 2110 102 21 conduits
2121 2111 24 21 le
2152 2112 51 25 plus
2211 2119 97 17 souvent
2315 2123 54 15 avec
2386 2125 33 14 un
2434 2119 50 21 sim-

2012 2140 37 24 ple
2056 2140 51 22 licol
2120 2149 40 14 sur
2167 2144 22 20 le
2195 2152 48 14 nez.

2037 2177 28 21 Et
2076 2179 139 23 maintenant
2227 2189 44 19 que
2282 2184 38 25 j’ai
2343 2186 41 21 fait
2405 2188 79 26 l’éloge

2010 2208 30 20 du
2047 2209 77 22 cheval
2133 2211 77 26 Corse,
2217 2215 90 23 parlons
2316 2223 30 15 un
2353 2224 44 19 peu
2407 2219 30 21 de
2442 2226 40 15 son

2009 2239 116 27 élevage.*'"

2037 2277 46 20 Une
2090 2280 86 23 grande
2190 2283 71 23 partie
2274 2284 39 20 des
2327 2286 111 25 éleveurs,
2453 2296 29 14 ne

2008 2306 49 21 font
2076 2309 69 21 saillir
2167 2311 60 22 leurs
2244 2315 136 23 poulinières
2400 2320 81 24 qu’une

2007 2339 72 20 année
2091 2345 39 15 sur
2143 2341 65 26 deux,
2223 2350 54 16 sous
2293 2348 100 24 prétexte
2406 2350 29 20 de
2448 2351 32 21 les

2006 2368 78 22 laisser
2099 2377 100 19 reposer.
2212 2375 59 21 C’est
2285 2377 22 21 là
2327 2386 45 14 une
2390 2382 90 21 routine

2006 2405 31 19 qu
2045 2400 15 20 il
2073 2400 47 22 faut
2126 2403 153 29 abandonner;
2288 2409 56 21 mais
2354 2418 59 18 pour
2425 2412 54 22 faire

2005 2430 69 21 saillir
2087 2432 87 27 chaque
2186 2439 79 23 année,
2275 2439 14 20 il
2300 2439 45 23 faut
2359 2443 118 26 appliquer

2005 2463 32 18 les
2046 2469 111 20 principes
2162 2467 100 22 suivants
2270 2475 74 18 rentre
2348 2473 13 20 8
2367 2478 23 16 et
2399 2478 13 21 9
2419 2475 55 21 mais

2004 2498 74 15 sevrer
2084 2494 20 20 le
2115 2496 210 27 poulain,diminuer
2333 2504 21 20 le
2361 2506 80 20 travail
2449 2507 28 20 de

2003 2522 20 20 la
2033 2525 124 23 poulinière
2166 2532 22 16 et
2201 2529 19 20 la
2237 2531 50 21 bien
2311 2535 97 21 nourrir.
2419 2536 59 22 xNeuf

2000 2560 63 17 jours
2071 2557 65 23 après
2143 2558 19 19 la
2173 2559 111 27 mise-bas,
2295 2564 15 20 il
2323 2564 46 22 faut
2384 2573 92 16 amener

2002 2585 20 19 la
2031 2586 122 23 poulinière
2165 2590 13 19 à
2188 2590 87 23 l’étalon
2285 2599 22 15 et
2321 2602 28 14 ne
2358 2597 21 20 la
2396 2603 80 17 remet-

2001 2618 33 17 tre
2042 2621 27 15 au
2077 2620 76 19 travail
2163 2627 44 18 que
2214 2623 66 21 d’une
2289 2624 64 26 façon
2363 2630 46 19 très
2425 2637 48 17 pro-

1999 2647 106 23 gressive.

2025 2689 33 14 un
2068 2686 126 22 travaillant
2203 2689 57 22 ainsi
2269 2693 163 24 sérieusement
2442 2698 32 21 les

1998 2713 101 22 eleveurs
2109 2723 75 15 seront
2197 2721 155 27 récompensés
2367 2727 29 20 de
2412 2728 58 22 leurs

1997 2745 83 24 efforts,
2090 2746 60 22 leurs
2165 2751 101 23 produits
2285 2755 75 22 mieux
2387 2759 85 21 réussis

1996 2780 123 20 gagneront
2129 2779 40 21 des
2182 2787 91 18 courses
2285 2792 29 14 ou
2326 2793 79 16 seront
2420 2797 51 14 ven-

1996 2807 41 19 dus
2047 2814 13 13 a
2074 2808 20 20 la
2106 2815 101 18 remonte
2220 2820 29 14 ou
2265 2816 89 23 achetés
2371 2827 43 17 par
2429 2822 41 20 des

1996 2839 137 22 particuliers
2151 2842 29 20 du
2203 2846 115 22 continent
2334 2851 68 23 grâce
2421 2852 13 19 à
2449 2852 20 21 la

1996 2870 139 24 propagande
2144 2878 45 18 que
2198 2880 57 16 nous
2263 2876 75 23 ferons
2348 2886 28 15 en
2391 2881 78 22 faveur

1996 2898 37 20 des
2042 2901 118 21 excellents
2173 2904 100 23 chevaux
2285 2915 82 16 corses.

2019 2935 59 21 Dans
2101 2944 45 15 une
2169 2942 119 22 prochaine
2314 2949 109 23 causerie,
2443 2950 24 25 je

1996 2971 52 15 rous
2057 2969 157 23 entretiendrai
2223 2973 28 21 de
2265 2974 21 21 la
2305 2979 106 23 question
2427 2980 40 21 des

1996 3001 85 17 courses
2094 3005 38 19 qui
2146 3006 55 16 vont
2209 3007 120 22 reprendre
2342 3015 29 14 en
2380 3010 55 25 1925
2444 3015 23 17 et

1996 3033 33 18 lui
2050 3033 55 16 vous
2119 3037 146 19 apporteront
2279 3044 32 14 un
2328 3046 138 21 encourage-

1996 3062 56 16 nent
2060 3066 38 18 qui
2108 3067 57 16 vous
2174 3068 34 16 est
2221 3065 53 22 bien
2282 3068 39 21 dû.

2013 3100 33 20 Le
2055 3101 119 24 Directeur
2190 3107 30 20 de
2227 3108 26 21 la
2266 3110 93 23 Station
2370 3117 94 21 perma-

1996 3134 60 18 lente
2067 3133 117 24 d’étalons
2191 3138 30 20 de
2228 3139 26 21 la
2269 3141 74 22 Corse:

2225 3175 29 22 G.
2262 3176 157 28 Desquilbeto

2076 3270 98 18 ratmta
2198 3273 220 22 renascentur
2429 3290 28 6 ...

2009 3322 20 22 Ü
2044 3330 18 19 y
2073 3330 15 16 a
2107 3331 66 20 pour
2183 3328 37 22 les
2242 3330 106 28 langues
2360 3341 98 18 comme

1980 3362 66 19 pour
2055 3357 38 23 les
2102 3362 101 22 nations
2212 3365 25 20 et
2250 3371 66 19 pour
2334 3367 37 23 les
2383 3376 74 21 croy-

1980 3395 83 22 ances,
2077 3392 44 22 des
2134 3395 78 23 crises
2235 3398 33 22 de
2278 3400 96 28 fatigue
2384 3405 27 20 et
2424 3404 33 22 de

1980 3423 90 23 deciin.
2091 3426 66 23 Mais
2174 3435 64 18 nous
2249 3438 96 19 venons
2354 3436 32 23 de
2398 3438 58 22 voir

1980 3459 146 23 ressusciter
2132 3460 42 24 des
2180 3465 102 23 nations
2288 3468 76 26 qu’on
2375 3470 80 23 disait

1980 3493 99 27 tnortes,
2090 3495 65 22 mais
2167 3496 45 23 des
2221 3504 136 22 croyances
2369 3505 46 25 qui
2427 3511 27 15 se

1980 3525 127 24 perdaient
2132 3534 28 17 se
2183 3534 57 20 sont
2269 3537 147 22 retrouvées
2428 3540 25 20 et

1980 3557 40 23 ies
2032 3565 121 23 langages
2165 3570 34 20 qu
2206 3572 33 16 on
2254 3570 97 24 croyait
2362 3570 90 22 endor-

1980 3592 42 22 mis
2041 3597 44 19 ont
2106 3598 126 23 proclamé
2245 3600 56 23 leur
2313 3603 87 25 gloire.

2097 3661 35 21 M.
2146 3662 103 23 Camille
2260 3665 99 22 JuIIian.

2007 3695 111 21 Discours
2126 3699 28 18 de
2166 3701 114 22 réception
2288 3703 16 18 à
2311 3703 138 19 l’Académie

2165 3733 118 24 îrançaise.
