2584 3822
66 486 153 34 kamentu

10 521 279 47 diucaneP^store

43 595 53 20 njg]iu
103 593 17 17 la
128 591 59 21 penna
196 585 20 18 in
225 588 64 16 manu,

9 602 259 44 Sl£lpcrdiverlimcnlu;

25 650 55 19 Mancu
88 643 10 18 è
105 637 133 22 cuusulawone

10 679 28 16 cio
43 671 56 21 scrivu
111 663 67 24 questu
194 659 84 18 lamenta
285 663 5 13 :

9 682 9 18 S
25 703 19 17 L8
51 694 54 21 morte
112 689 18 18 (U
138 689 20 17 lu
167 691 37 12 mio
212 688 45 14 cane

70 721 39 16 resu
115 717 45 19 pocu
169 710 99 19 cuntcntu.

25 774 40 19 M-La
72 771 39 17 resu
119 767 46 20 pocu
174 761 92 18 cuntentu

26 802 20 17 La
53 794 52 21 morte
112 789 18 19 di
139 789 21 17 lu
169 786 38 19 miô
215 790 54 13 cane.

26 826 23 17 Un
55 819 43 20 séria
107 817 65 16 mancu
182 811 19 18 in
210 815 47 18 pena

27 841 91 28 DaPu(lella
131 837 125 22 suppurtane;

27 875 34 20 Eiu,
68 871 15 16 1»
90 866 24 19 so*
121 862 98 25 giuvenlù,

28 896 47 26 Oghie
81 893 17 18 la
105 893 56 20 possu
170 888 86 21 lagnano.

27 945 83 28 mquant’a
118 943 17 17 le
144 940 78 23 qualilai
229 945 5 12 :

26 977 54 19 EU’era
86 971 48 18 bonu
142 972 11 12 e
162 966 59 17 fidatu
228 970 5 16 ;

26 999 54 23 Curria
87 994 52 22 volpe
147 996 11 13 e
166 990 80 23 cignale,

24 1024 73 23 Epiera
105 1018 50 19 bellu
164 1016 92 23 pruvatu;

25 1053 28 19 Ma,
60 1048 67 18 dacane
132 1040 113 25 pecuraghiu

24 1074 12 22 È
41 1077 17 17 lu
65 1071 30 24 più
101 1068 29 19 clii
136 1067 49 18 m’ba
190 1065 101 24 ghiuvatu.

23 1135 20 18 La
50 1130 22 19 to’
80 1126 63 20 morte,
151 1128 11 13 o
170 1122 81 21 Paslore,

8 1160 36 17 «-La
51 1157 57 16 messu
114 1150 42 18 ’nde
164 1147 115 23 l’addisperu
286 1146 5 18 !

23 1183 23 19 Un
53 1182 51 21 possu
113 1179 66 14 mancu
189 1173 30 22 più
226 1173 66 17 dorme

23 1210 20 17 La
49 1205 48 19 notte
105 1202 23 17 da
135 1201 20 17 lu
164 1202 81 19 pensera
251 1202 5 17 ;

23 1233 12 19 E
40 1232 62 22 pecure
110 1230 55 14 senza
174 1223 18 19 tè

22 1259 17 18 In
45 1254 71 23 figliera
124 1256 25 13 un
159 1251 54 17 stanu
222 1248 31 18 bè.

22 1310 101 26 Quand’ellu
128 1309 48 17 c’era
185 1308 73 17 Paslore

22 1338 51 20 Piidla
79 1336 62 17 dorme
150 1334 120 22 spenseralu.

22 1360 160 23 Lumiocompulu,
192 1358 18 18 la
218 1359 61 20 notte,

22 1391 21 17 Da
49 1389 17 16 la
73 1386 53 22 volpe
134 1389 32 13 era
174 1384 69 18 curalu
251 1388 5 17 ;

22 1416 17 17 In
45 1409 110 27 quatlr’anni
163 1409 49 18 cb’io
219 1408 66 21 l’avia,

20 1439 57 20 ?înnda
86 1437 56 17 m’era
150 1435 36 17 mai
197 1435 94 17 maneatu.

22 1497 28 18 Era
57 1499 25 14 un
89 1497 45 14 cane
142 1492 19 17 di
168 1492 57 18 sfiera

8 1520 99 21 Cunusciutu
119 1518 20 17 in
148 1519 31 16 stu
186 1517 95 23 rughione
287 1522 5 16 ;

22 1546 23 19 Un
52 1545 17 18 si
76 1544 75 22 parlava
159 1543 35 18 che
202 1543 57 18 d’ellu

21 1573 17 17 In
44 1570 69 19 Alistru
123 1570 22 16 ed
151 1569 20 17 in
179 1568 93 19 Bravone.

21 1596 44 23 Eppò
73 1595 26 18 c’è
106 1595 61 17 Teosu
176 1593 62 18 Prelri

21 1621 29 19 Chi
57 1621 22 22 pô
87 1620 17 18 fù
112 1620 19 17 lu
141 1619 107 18 testimone.

20 1680 14 17 A
40 1679 29 17 stu
77 1677 152 23 sopranuminatu

20 1703 129 19 Ditestimunià
157 1702 14 17 li
177 1703 60 17 tocca.
261 1715 3 3 .

20 1729 45 18 Ebbe
72 1734 10 12 a
90 1728 97 18 ricunosce
195 1732 11 13 a
214 1727 59 18 forza.

20 1755 18 17 Di
46 1755 31 17 stu
85 1753 37 18 miô
130 1757 46 14 cane
184 1753 20 17 di
219 1756 63 14 marca
288 1757 5 12 :

20 1779 66 22 Cinque
94 1778 69 23 cignali
172 1778 20 17 in
201 1782 24 13 un
243 1781 51 14 mese

20 1805 7 17 I
33 1804 55 18 l’avia
95 1803 49 23 presi
151 1803 86 18 inbocca.

19 1863 54 17 Forse
81 1865 41 14 sera
130 1861 19 17 lu
158 1860 74 18 destinu

19 1887 31 18 Chi
57 1886 120 18 mivol’vede
184 1885 89 18 scanatu?

20 1912 34 19 Avà
62 1911 18 18 ci
87 1911 26 18 s’è
120 1910 85 21 Pediolu,

21 1937 24 18 Ma
51 1937 10 17 è
66 1936 77 17 vecchiu
152 1936 130 22 sgangberatu
288 1940 5 16 ;

21 1962 40 18 Dnie
67 1961 51 17 volte
125 1960 73 18 l’anche
210 1961 84 20 tronche,

21 1987 12 18 E
39 1988 20 16 da
64 1991 35 13 una
107 1986 50 17 mula
164 1985 130 24 agguerciatu.

20 2045 25 18 Ma
51 2044 16 18 si
74 2049 11 13 a
93 2045 59 17 morte
161 2044 26 17 mi
202 2043 91 22 culpisce-

21 2071 77 17 Iseanatu
106 2074 40 13 nun
154 2069 22 18 sò
184 2072 61 15 ancu.'

20 2096 21 17 Mi
44 2095 79 18 n’allevu
128 2098 76 18 sempre
208 2095 85 21 quattru,

8 2121 8 17 E
20 2121 16 17 di
43 2124 60 14 cresce
108 2125 26 13 un
143 2120 22 18 sô
171 2119 38 18 mai
216 2120 67 17 stancu
288 2123 6 17 ;

21 2146 24 18 Ma
50 2150 10 13 a
67 2146 20 17 lu
93 2146 39 21 par’
138 2145 19 18 di
164 2144 75 19 Paslore

21 2171 23 18 Un
50 2175 23 14 ne
78 2172 55 17 trovu
138 2171 20 17 di
167 2170 70 18 valore.

20 2227 69 22 Appena
96 2227 31 18 chi
135 2227 22 18 fù
166 2227 89 22 scuparta

20 2252 19 17 Di
44 2252 72 18 Paslore
123 2257 11 13 a
143 2252 82 20 malatia,

20 2277 22 18 Lu
49 2277 36 18 miò
93 2277 61 18 amicu
164 2276 91 19 Grimaldi

20 2302 48 19 Disse
75 2308 5 12 :
88 2303 89 17 mandalu
186 2303 21 17 in
222 2301 72 22 Bastia,

18 2327 30 18 Per
54 2328 48 18 vede
110 2328 24 21 si,
144 2328 139 21 francamente,

20 2352 103 19 Guariscelu
132 2353 17 18 si
158 2353 65 22 pudia.

19 2405 12 18 E
37 2406 57 19 Gbian
99 2407 86 18 ’Battisla
193 2406 69 19 Massei

20 2430 44 20 S’era
72 2432 71 19 offertu
151 2432 122 18 vuluntariu:

20 2456 18 18 Di
44 2457 20 18 lu
72 2458 68 18 trennu
148 2457 20 18 di
176 2457 20 18 la
204 2462 43 13 sera

19 2480 95 21 S’incbietô
122 2487 56 18 sopra
185 2482 88 22 l’orariu;

8 2506 89 20 femiad’un
101 2508 105 23 ghiunghie
210 2509 84 21 atlempu

18 2532 14 17 A
39 2534 44 17 vede
91 2539 13 12 u
111 2533 126 19 veterinariu.

20 2586 25 19 Ma
51 2588 50 18 tuttu
109 2589 16 18 si
134 2588 55 23 passô
197 2588 19 18 in
225 2587 48 18 detü

19 2611 29 19 Era
54 2613 25 18 sti
84 2614 37 18 miô
126 2614 39 18 cari
171 2612 87 19 amicacci
267 2617 6 17 ;

19 2636 12 17 E
36 2638 15 17 si
58 2643 24 14 ne
88 2639 76 22 partinu
172 2644 12 13 a
188 2638 63 18 caceia

8 2659 100 23 t-ascendumi
117 2669 11 13 a
135 2669 47 13 cane
196 2664 20 17 in
223 2662 71 22 bracci,

19 2685 59 22 Quellu
86 2689 51 18 tintu
145 2690 19 17 di
173 2689 82 20 Paslore,

21 2711 48 20 Eorse
77 2718 54 14 senza
136 2715 33 19 più
177 2714 96 20 pensacci.

337 481 65 23 Eppoi,
412 488 10 12 a
431 483 74 20 dibbila
519 486 72 21 franco.

339 506 27 18 Un
374 507 73 22 l’aghiu
453 509 55 18 tantu
516 513 75 19 curalu,

337 531 112 20 Pcreh’avia
458 534 18 17 la
485 539 57 17 peura

317 556 71 18 Cb’ellu
398 562 39 13 nun
446 558 50 19 fussi
505 560 107 19 arrabbiatu
618 567 5 16 ;

337 581 14 17 E
359 582 49 22 cusi,
417 583 21 18 lu
448 583 52 19 tintu
509 590 47 14 cane

338 606 54 19 Poc’a
401 613 46 17 pocu
455 609 20 22 jè
484 610 81 22 spiralu.

338 670 41 17 Una
388 672 60 17 morte
452 673 42 17 cusi
499 674 65 21 cruda,

338 695 75 18 Paslore
423 701 26 13 un
457 698 20 17 la
486 699 101 22 merilava,

338 719 43 21 Chi,
394 725 34 17 per
437 721 19 18 fù
464 722 20 17 lu
494 723 28 18 so’
530 724 90 22 serviziu,

318 744 19 18 Di
347 745 71 22 megliu
427 751 26 13 un
462 747 17 17 si
488 752 25 14 ne
528 749 81 18 truvava
615 754 5 17 ;

338 769 110 20 Gbiasteme
459 772 69 18 ch’ellu
536 774 84 22 murissi,

338 794 115 23 GhiurUjCbi
463 802 40 13 nun
512 798 13 17 li
534 803 24 13 ne
566 799 55 18 daval

338 856 26 18 Mi
372 857 86 22 dispiace
466 859 92 19 ch’ell’un
566 861 29 17 sia

338 882 21 17 In
368 883 92 22 religione
469 889 102 17 permessa,

338 906 14 18 O
361 907 55 18 sinnò
424 909 54 18 vulia
486 910 18 17 fù
512 915 56 17 spese

338 931 37 19 Per
383 933 40 18 falli
431 934 19 17 di
460 940 38 13 una
510 940 67 17 messa,

339 957 46 18 G’un
392 958 68 19 funeru
467 960 19 17 di
493 961 64 18 valore

338 983 76 22 Apparu
423 985 58 18 d’una
489 987 97 17 cunfessa.

318 1045 77 22 Quande
402 1051 61 18 pensu
472 1053 11 12 a
492 1048 20 17 lu
525 1049 37 17 miô
571 1054 51 16 cane,

339 1071 21 18 Di
370 1072 48 18 boue
426 1073 73 21 qualilù
510 1073 56 23 pienu
573 1074 28 18 I...

338 1096 62 23 Oghie
408 1097 20 18 in
437 1099 57 21 preda
503 1099 18 17 di
536 1099 87 22 l’inselli,

339 1122 15 17 U
363 1122 17 18 si
389 1123 79 18 succbia
476 1124 20 17 lu
507 1124 83 18 terrenu!

339 1147 27 18 Ed
375 1148 32 17 eiu
416 1149 21 17 sô
446 1149 88 21 ubligatu

341 1172 22 18 Di
372 1172 19 19 fù
399 1173 87 22 guardia,
493 1179 11 13 a
513 1175 19 17 lu
541 1179 68 14 serenu
618 1175 5 18 !

408 1212 18 19 U
434 1212 166 20 Piubbitacciu.

342 1314 18 23 J\
373 1313 43 24 Dül
430 1312 170 26 GMIUVANETTI

385 1354 31 24 M.
428 1354 26 24 Q.
469 1361 16 17 e
496 1353 21 26 3.
532 1353 23 25 F.

339 1428 27 17 Lu
376 1428 49 18 vinti
434 1428 28 18 sei
470 1428 115 22 Jennaghiu,

319 1453 105 18 Ghiurnala
433 1453 67 18 fredda
509 1458 11 13 e
527 1453 19 18 di
560 1454 64 20 ventu,

341 1478 35 18 Era
384 1483 11 13 a
404 1479 19 17 lu
431 1479 37 18 me’
477 1478 122 23 fuculaghiu,

339 1504 140 21 Ripusendumi
488 1505 137 16 unmomentu.

319 1563 78 19 Sent’un
404 1563 83 23 piccbiu;
494 1564 51 18 dieu:
550 1564 75 18 Intrati!

319 1599 23 4 —
350 1589 66 18 Sarani
425 1589 58 18 amici
491 1594 12 13 o
512 1589 88 23 parenti?
604 1599 23 4 —

340 1614 80 22 Quandu
430 1615 30 18 vo’
469 1615 37 18 seli
516 1615 83 22 affacati,

341 1640 85 18 Graziosi
435 1644 11 14 e
454 1640 115 18 surridenti.

341 1700 55 19 Parsi
404 1701 58 18 cb’un
473 1700 67 23 raghiu
549 1700 19 18 di
578 1700 35 18 soli

341 1726 46 18 Incu
395 1726 31 18 voi
436 1726 29 18 sia
474 1727 80 17 intratu.

340 1751 58 18 Aveti
406 1752 44 17 l’elù
458 1752 20 17 di
487 1756 13 13 u
508 1751 48 18 iiori

320 1776 197 24 Quand’ell’èghiustu
523 1777 103 18 sbucciatu.

552 1818 23 14 y'

341 1847 23 3 —
369 1837 96 21 Vuliamu,
475 1838 52 18 aveti
535 1837 58 21 diüu,

342 1863 144 18 <tL’Almanaccu
496 1863 129 20 diMuvrella»,

342 1888 35 18 Stu
386 1888 51 18 libru
446 1888 43 18 ch’è
498 1890 52 16 lutin
558 1888 69 18 scriltu

342 1914 22 17 In
372 1913 66 23 lingua
446 1914 21 17 di
475 1913 125 19 Cursichella.

343 1970 35 19 Chi
385 1971 31 17 no’
424 1970 95 23 possimu,
528 1970 18 17 la
555 1974 50 17 sera,

341 1996 17 17 A
365 1995 95 18 l’intondu
469 1995 20 18 di
497 1995 19 18 la
524 1995 64 22 ziglia,

342 2020 64 18 Prima
414 2021 20 17 di
442 2020 19 18 fù
470 2021 19 17 la
497 2020 97 23 prighera,

341 2046 60 17 Fanni
408 2045 68 18 littura
483 2045 21 18 in
513 2045 92 23 famiglia..

342 2102 24 19 Sô
375 2103 52 18 statu
436 2103 52 17 tuttu
498 2102 94 18 cuntentu

342 2128 22 18 Di
372 2127 76 19 servavi
456 2127 12 18 à
475 2127 89 21 l’islanti,

341 2153 15 18 E
365 2153 44 18 subi
412 2154 21 17 tu
441 2158 11 13 a
460 2153 22 17 lu
491 2153 97 17 momentu

341 2179 16 18 U
366 2178 77 23 v’aghiu
449 2178 62 18 missu
520 2177 85 18 davanti.

341 2236 14 18 E
363 2240 69 14 avemu
441 2235 61 18 allora
509 2235 56 20 letlu,

341 2261 42 18 Cun
391 2261 71 22 piaceri
471 2261 23 17 ed
499 2260 95 21 armunia,

341 2287 23 17 Di
372 2287 20 17 lu
401 2287 67 17 nostru
477 2286 87 20 dialeltu,
591 2295 4 4 -

341 2311 138 19 L’abbundanti
488 2311 74 22 puesia.

341 2369 33 18 Po’
383 2370 21 17 lu
411 2368 73 18 v’aveti
494 2368 88 22 purtatu;

340 2395 38 18 Par
387 2399 30 14 me
425 2394 20 18 fu
453 2393 72 23 doppiu
533 2392 71 23 piaceri
610 2397 6 16 ;

343 2421 76 17 Primu:
431 2419 71 18 avevvi
511 2418 116 20 cunlintatu,

320 2446 85 18 Secondu
412 2450 5 13 :
426 2444 85 23 impjutn
518 2449 27 12 un
552 2443 75 18 duveri.

342 2502 22 19 Ci
373 2501 94 20 truvareti
477 2502 18 17 la
504 2501 47 20 risa,

342 2527 22 19 Ci
373 2527 93 18 truvareti
476 2527 21 17 lu
507 2527 66 17 cantu.

342 2552 22 19 Ci
373 2552 96 19 truvareti
479 2552 21 17 lu
509 2551 44 18 visu

342 2578 23 18 Di
373 2579 66 18 noslra
444 2577 77 18 Corsica
528 2576 21 18 in
554 2575 74 23 piantu.

342 2635 94 23 Ligh]lilu
446 2634 59 23 pianu
515 2633 55 23 pianu
578 2637 5 13 :

343 2661 62 18 Felilu
412 2665 11 13 a
432 2659 46 18 tutti
487 2658 97 21 cunoscia,

343 2685 72 19 Parchè
424 2685 55 18 molti
488 2689 40 13 nun
536 2683 16 18 li
560 2687 47 14 sanu

343 2711 22 19 Li
373 2712 28 17 so’
407 2710 39 19 doli
455 2714 11 14 e
471 2710 19 17 la
499 2710 27 17 so’
532 2707 97 24 angoscia.

672 490 118 25 Sparghjlilu
798 499 11 12 a
818 495 90 18 bracciati

671 516 16 16 A
696 516 13 17 li
718 517 98 22 chiugbi.a
825 519 13 17 li
848 520 73 21 majori,

672 539 58 18 Comu
740 542 78 21 magbiu
827 543 33 17 in’i
869 545 49 20 prati

672 563 79 24 Sparghj
760 566 79 19 virdura
848 572 11 13 e
866 568 14 17 li
890 568 51 19 fiori.

669 619 61 20 Sareti
739 622 18 17 di
767 622 122 20 Cursichella

668 645 25 18 La
702 647 38 17 luci
749 652 24 13 eu
782 649 20 17 lu
811 649 101 22 splindori,

669 670 41 19 Cun
718 673 32 17 vo’
758 672 68 19 vidarù
833 675 93 18 ancb’ella

668 695 107 20 Arrizzassi
784 698 20 18 lu
814 700 26 17 so’
849 700 44 21 soli,

669 751 15 18 U
693 753 37 17 soli
738 754 32 17 chi
780 759 42 13 sera
830 755 71 22 pialtu,

669 777 30 18 Ma
707 778 30 17 chi
746 779 97 18 cumencia
852 785 12 12 a
871 781 69 21 spuntù
947 783 5 12 :

669 801 15 18 U
693 802 64 18 soli-di
766 804 19 17 la
792 804 89 21 Justizia,

670 826 15 17 U
694 828 38 17 soli
740 828 19 17 di
768 833 12 13 a
788 829 75 18 Liberlù
869 829 5 18 !

662 864 95 20 Simonu
766 866 24 18 di
799 866 44 19 San
852 868 100 23 Jorghiu.

733 954 139 26 Chiama

671 1016 38 19 S’io
718 1018 20 17 vi
746 1018 43 18 dieu
799 1020 29 17 ste
836 1020 77 22 parolle,

671 1042 14 17 E
694 1043 26 17 mi
728 1044 52 17 delta
788 1044 119 19 l’emuzione.

671 1067 62 22 Corsi,
742 1069 124 19 arrizzemuci
874 1071 53 20 tutti,

671 1092 29 18 Un
709 1093 17 17 ci
734 1094 62 18 stemu
805 1099 11 14 a
824 1095 19 18 fù
850 1100 89 13 canzone.

671 1117 23 17 Di
703 1118 82 19 salvacci
792 1120 89 18 abbiamu
890 1120 64 19 sanna!

671 1142 124 20 Mustremula
804 1150 11 12 a
823 1145 104 19 Marianna.

672 1200 16 16 A
697 1199 76 19 Corsica
783 1201 11 17 è
803 1202 118 21 minacciata,

672 1224 16 18 U
697 1225 86 21 periculu
792 1231 10 12 e
811 1226 117 19 imminente.

673 1249 21 18 Si
702 1251 71 17 moslra
782 1250 75 23 figliolu
864 1252 76 22 ingratu

649 1274 61 18 Tuttu
718 1276 43 21 quel
774 1275 41 18 ch’è
825 1275 129 20 indifférente.

672 1300 54 22 Dipoi
735 1301 65 21 quellu
809 1302 112 19 PontenoYU
928 1308 5 12 :

649 1325 50 19 Male
704 1326 20 18 in
729 1327 70 23 peghiu
806 1328 44 18 roba
856 1328 99 23 eghiente.

673 1383 132 19 Ricurdemuci
815 1385 24 17 di
849 1386 59 22 tempi

672 1408 23 18 Di
703 1409 100 22 agluriosa
812 1410 143 23 indipendenza.

672 1434 134 19 Ricurdemuci
815 1435 19 18 di
843 1436 62 21 quelli

673 1458 35 19 Chi
716 1460 76 17 luttonu
801 1460 20 18 in
827 1465 128 18 permanenza.

673 1483 25 19 Sô
705 1485 71 18 cascati
782 1490 5 13 :
797 1490 22 13 or
826 1490 78 18 percosa
909 1486 9 18 ?

673 1509 36 19 Clii
716 1511 18 17 ci
743 1511 52 18 delta
803 1512 18 18 la
829 1511 106 19 cuscenza?

673 1567 86 22 Dunque,
769 1572 26 13 un
805 1568 79 23 bisogna
893 1568 63 18 tardù:

673 1591 47 22 Quel
728 1593 30 17 chi
766 1593 53 18 tarda
824 1593 60 22 piglia
889 1593 55 23 piegu
950 1593 5 18 !

672 1618 33 17 Pe’
713 1623 10 12 a
732 1622 54 14 corsa
793 1619 110 22 prusperilù

674 1642 30 19 Un
711 1643 53 18 basta
773 1644 73 17 l’umile
854 1644 91 23 impiegu.

673 1667 58 19 Femu
740 1673 46 13 coru
793 1669 19 17 in
821 1669 87 18 armunia

674 1693 33 18 Pe’
714 1694 19 17 la
741 1695 66 17 nostra
816 1694 107 18 aulonomia
930 1694 5 18 !

726 1732 23 19 F.
759 1733 177 19 Franceschetti.

653 1818 130 26 Pedone
806 1820 150 24 Muvrinu

674 1889 22 18 F.
705 1888 207 19 FRANCESCHETTI—
915 1889 44 22 Spe-

652 1915 106 17 disceremu
767 1919 14 12 u
789 1918 81 14 numaru
884 1914 74 19 cbieslu

653 1944 27 13 un
688 1939 21 18 di
717 1939 26 18 sti
755 1939 52 22 jorni
814 1944 5 13 :
833 1939 125 18 Publicbemu

652 1965 21 17 in
681 1964 21 17 lu
711 1964 87 22 giurnale
806 1969 11 13 a
825 1964 67 22 puesia
908 1969 51 12 man-

652 1990 52 17 data.
713 1988 138 19 Mudifiehemu
868 1989 46 22 perô
922 1994 11 12 a
940 1989 19 18 la

651 2014 81 23 megliu,
741 2013 91 23 perché...
841 2013 72 18 Saluti.

674 2053 86 18 SIMONU
769 2054 23 17 DI
799 2053 44 18 SAN
857 2053 99 18 JORGHIU

651 2088 24 3 —
680 2078 69 19 Eccula
755 2084 5 11 :
776 2078 38 18 site
831 2079 96 17 esauditu.
936 2079 22 17 Bi

651 2104 101 18 mandemu
758 2108 27 13 un
790 2104 110 17 almanaccu
904 2105 54 21 postu

651 2129 32 18 chi
691 2134 14 13 u
713 2130 66 17 vostru
788 2129 11 18 è
807 2129 20 17 di
835 2130 66 17 ronda.
914 2128 45 18 Gra-

651 2155 30 18 zie
691 2155 52 17 tante
754 2159 10 14 e
779 2155 66 18 saluti.
860 2155 16 17 A
884 2155 75 17 Lettera

651 2185 12 13 a
671 2185 14 12 u
694 2181 59 21 puetu
761 2180 21 17 di
790 2184 12 13 u
812 2179 97 23 Castagnu
917 2184 42 14 esce

651 2209 58 18 sopra
716 2205 124 18 l’Almanaccu
849 2205 20 17 di
886 2209 12 13 a
905 2204 55 19 «Mis-

651 2231 52 22 gia».

674 2270 16 18 U
699 2269 159 18 PIUBBITACCIU
863 2279 23 4 —
895 2269 64 18 Ferete

652 2300 13 12 u
674 2295 93 22 pussibile
776 2299 33 18 per
817 2299 43 14 esse
868 2294 33 23 più
909 2299 51 13 cum-

652 2320 135 23 prenditoghiu
804 2320 81 17 un’altra
901 2320 57 17 volta.

651 2346 74 17 Avemu
733 2346 49 17 fattu
790 2350 11 13 a
809 2345 18 18 la
836 2345 79 22 megliu.
928 2344 31 19 Sa-

653 2371 46 17 luti.

674 2410 77 18 PETRU
759 2409 21 18 C.
787 2419 22 4 —
817 2409 59 18 <:Fale
882 2414 38 13 una
925 2410 36 17 let-

653 2435 54 18 tera”
717 2435 11 18 è
741 2436 65 21 prestu
818 2436 58 17 delta.
889 2435 30 18 Pe’
931 2436 29 16 sta

652 2461 54 18 volta
718 2460 15 18 li
742 2460 16 18 si
770 2460 89 22 pruverà,
874 2464 31 13 ma
913 2464 48 13 vur-

652 2486 64 18 riamu
724 2485 30 18 chi
763 2486 31 17 bo’
801 2485 71 18 fussile
879 2490 27 13 un
913 2489 47 18 pocu

653 2512 24 17 ad
685 2511 68 18 occhiu
758 2515 34 17 per
797 2510 65 18 bedeci
867 2515 11 13 a
884 2509 74 24 l’asgiu!

1335 120 260 51 Mémoires

1104 198 51 47 du
1179 199 45 46 R.
1241 199 44 46 P.
1309 198 46 47 de
1380 198 217 59 Singlande,
1623 197 205 46 Aumônier

1143 265 210 32 (Spediziône
1371 266 33 24 di
1421 265 181 24 Maillebois
1619 262 167 33 1738=1741)

1179 347 10 7 •
1390 336 147 34 (Seguitu)

1010 410 143 27 Cependant
1160 412 24 21 le
1193 414 80 25 temps
1282 413 107 25 pressoit
1398 419 5 20 ;
1413 412 39 22 dé-

979 442 26 27 jà
1023 444 23 20 le
1066 444 114 22 tambour
1199 445 89 21 battoit
1308 450 62 20 pour
1392 445 59 22 faire

981 476 107 25 prendre
1100 477 35 20 les
1146 483 81 15 armes
1239 482 48 16 aux
1298 478 101 26 troupes
1410 478 39 27 qui

982 506 118 23 dévoient
1110 509 100 22 assister
1220 509 13 22 à
1245 510 54 21 leur
1307 508 128 23 exécution
1444 517 5 14 :

982 544 31 15 ne
1025 539 115 27 sçaehant
1151 542 56 25 plus
1219 543 57 26 quel
1294 547 90 23 moyen
1403 548 49 16 em-

981 571 94 28 ployer,
1095 572 24 27 je
1140 573 23 21 le
1181 573 29 22 fis
1228 576 90 20 mettre
1329 574 12 22 à
1353 580 99 22 genoux

982 609 61 21 pour
1051 604 89 23 réciter
1148 607 24 20 le
1188 606 63 23 Veni
1264 608 118 25 Creator,
1392 614 59 15 avec

981 642 44 17 son
1038 644 156 23 compagnon
1204 640 22 21 &
1237 641 61 21 moi.
1311 640 71 22 Cette
1392 641 57 27 priè-

980 676 28 15 re
1020 677 30 15 ne
1062 671 36 22 fut
1109 678 43 21 pas
1164 672 82 27 plutôt
1257 673 68 26 finie,
1343 673 60 27 qu’il
1413 680 38 15 me

980 703 37 21 dit
1027 704 58 27 qu’il
1098 710 26 15 se
1136 705 95 22 sentoit
1240 706 92 27 inspiré
1339 706 30 21 de
1378 706 71 27 Dieu,

980 736 22 21 &
1014 737 59 26 qu’il
1088 739 142 21 consenloit
1249 739 13 22 à
1282 739 61 22 faire
1359 742 55 19 tout
1424 746 27 16 ce

980 774 47 22 que
1036 769 145 29 j’exigerois
1193 772 30 20 de
1231 772 44 21 lui.
1291 772 17 22 Il
1322 779 25 14 se
1359 773 93 21 confes-

980 808 27 15 sa
1019 809 59 15 avec
1090 806 56 19 tous
1158 805 37 20 les
1207 805 135 21 sentimens
1355 806 32 20 du
1399 807 52 25 plus

980 835 41 22 vif
1028 835 23 21 &
1063 836 32 21 du
1107 837 54 26 plus
1174 837 95 22 sincère
1282 838 113 27 repentir
1405 845 5 14 :
1427 839 25 27 je

980 874 31 15 ne
1017 868 149 28 m’occupois
1174 869 54 27 qu’à
1234 869 154 24 l’entretenir
1393 872 58 21 dans

980 902 36 21 les
1036 901 95 22 bonnes
1151 902 167 27 dispositions
1336 904 32 22 où
1385 904 25 26 je
1429 906 22 20 le

980 935 97 27 voyois,
1091 934 21 22 &
1125 935 25 27 je
1162 935 186 24 m’entretenois
1366 937 85 22 douce-

981 972 67 17 ment
1058 973 61 16 avec
1130 969 45 25 lui,
1185 969 113 28 lorsqu’il
1309 976 38 15 me
1356 970 97 21 deman-

982 1001 30 21 da
1023 1001 20 20 si
1054 1000 90 27 j’avois
1164 1002 129 28 remarqué
1312 1003 62 21 celui
1393 1009 59 16 avec

981 1034 41 27 qui
1037 1034 17 21 il
1065 1034 90 27 parloit
1174 1036 51 20 lors
1245 1035 30 22 de
1295 1041 57 16 mon
1369 1035 82 22 entrée

982 1067 60 21 dans
1054 1067 22 21 la
1087 1069 83 25 prison
1183 1073 5 16 :
1203 1068 18 21 il
1233 1070 46 23 est,
1292 1075 40 15 me
1343 1068 75 27 dit-il,
1429 1070 23 20 la

982 1106 72 15 cause
1066 1101 31 21 de
1108 1106 57 16 mon
1178 1101 120 26 malheur,
1317 1102 17 21 il
1351 1102 47 21 m'a
1412 1107 41 16 en-

982 1133 62 28 gagé
1055 1133 14 22 à
1083 1134 111 22 déserter
1204 1141 6 15 :
1228 1135 17 21 il
1262 1134 64 23 étoit
1340 1140 111 16 convenu

982 1168 31 21 de
1032 1169 23 20 le
1075 1167 63 22 faire
1157 1173 62 16 avec
1229 1169 61 25 moi,
1303 1168 23 21 &
1337 1168 31 21 de
1379 1168 74 27 m’ap-

982 1203 84 24 porter
1084 1206 58 16 mon
1164 1201 67 27 linge
1249 1200 62 28 qu’il
1328 1201 69 21 avoit
1407 1202 45 20 mis

982 1234 60 20 dans
1062 1239 44 15 son
1125 1233 103 21 abresac
1237 1239 6 15 :
1266 1238 63 16 nous
1347 1233 106 22 devions

982 1272 62 21 pour
1056 1267 50 20 cela
1118 1271 63 16 nous
1193 1266 87 21 rendre
1292 1265 13 22 à
1317 1272 31 15 un
1361 1267 90 21 certain

983 1299 99 22 endroit
1091 1305 6 16 :
1118 1299 17 22 il
1155 1305 18 22 y
1193 1306 13 15 a
1227 1299 106 27 manqué
1342 1306 6 15 :
1368 1300 26 27 je
1413 1299 38 22 l’ai

983 1333 239 22 malheureusement
1251 1335 56 25 trop
1335 1333 97 21 attendu
1445 1340 7 19 ;

983 1367 59 21 c'est
1053 1372 28 16 ce
1094 1365 97 22 funeste
1203 1366 81 21 retard
1298 1365 40 28 qui
1350 1365 47 22 m’a
1412 1365 42 22 fait

983 1400 114 27 prendre.
1112 1405 14 15 «
1137 1396 74 24 Mais'
1230 1399 141 27 ajouta-t-il,
1384 1399 25 27 je
1419 1399 33 21 lui

984 1434 126 26 pardonne
1122 1433 30 21 de
1164 1433 50 21 bon
1226 1438 69 16 coeur
1304 1438 6 20 ;
1328 1433 23 21 le
1363 1438 91 22 pauvre

983 1467 82 21 diable
1076 1468 38 20 est
1125 1467 66 20 aussi
1203 1465 90 23 touché
1305 1471 46 21 que
1363 1466 50 21 moi
1424 1465 29 22 de

983 1506 58 16 mon
1052 1500 71 21 triste
1135 1502 52 19 sort
1198 1505 6 16 :
1224 1499 21 22 Il
1257 1501 39 20 est
1307 1505 31 15 un
1351 1499 30 21 de
1393 1504 61 16 ceux

984 1534 40 27 qui
1045 1534 103 21 doivent
1168 1538 40 16 me
1228 1532 62 22 faire
1309 1532 96 22 mourir
1414 1538 5 19 ;
1434 1532 19 21 il

984 1567 46 22 m’a
1042 1566 93 28 promis
1146 1566 32 21 de
1192 1568 90 19 mettre
1300 1565 62 22 trois
1379 1565 75 21 balles

984 1601 60 21 dans
1056 1605 46 16 son
1113 1599 67 26 fusil,
1193 1598 23 22 &
1228 1599 30 22 de
1269 1605 41 15 me
1322 1599 60 22 tirer
1390 1598 65 22 droit

984 1640 29 15 au
1023 1639 75 19 coeur,
1107 1638 64 22 pour
1180 1632 164 28 m’empêcher
1352 1632 30 21 de
1391 1631 60 22 souf-

984 1667 73 22 frir».
1071 1666 37 22 Ce
1127 1665 93 23 sont-là
1239 1666 31 21 de
1292 1671 41 16 ces
1343 1666 71 21 traits
1424 1665 30 21 de

984 1700 123 22 franchise
1117 1699 22 21 &
1151 1699 32 22 de
1194 1698 135 28 simplicité
1340 1698 73 28 qu’on
1424 1704 30 15 ne

983 1737 87 19 trouve
1083 1739 47 22 que
1142 1733 80 27 parmi
1232 1733 37 21 les
1279 1733 101 21 soldats.
1390 1731 65 26 Quel

984 1769 69 20 autre
1064 1767 74 28 qu'un
1150 1766 80 22 soldat
1241 1765 178 28 pardonneroit
1428 1770 27 16 sa

984 1803 66 20 mort
1061 1800 13 21 à
1087 1799 131 28 quelqu’un
1230 1800 41 27 qui
1285 1800 23 21 la
1326 1799 32 21 lui
1377 1798 78 22 auroit

984 1833 169 26 occasionnée,
1166 1839 43 15 sur
1216 1834 22 20 la
1246 1833 90 26 simple
1347 1837 109 22 promes-

985 1874 27 15 se
1024 1868 30 21 de
1065 1868 25 21 la
1100 1867 70 22 hâter
1179 1865 22 23 &
1211 1867 29 21 de
1248 1866 119 22 l’adoucir
1375 1866 82 21 autant

985 1900 59 28 qu’il
1056 1901 23 20 le
1091 1899 114 28 pourroit
1212 1900 13 21 ?

1015 1934 30 21 Le
1062 1936 81 24 temps
1161 1939 66 15 venu
1243 1933 25 26 je
1280 1934 38 20 les
1330 1932 126 22 conduisis

985 1973 30 15 au
1026 1967 50 22 lieu
1090 1967 31 20 du
1138 1966 120 26 supplice,
1276 1965 23 21 &
1318 1967 55 20 tout
1392 1964 64 22 étant

985 2001 54 27 prêt
1049 2005 63 21 pour
1122 1997 157 26 l’éxécution,
1296 1998 25 27 je
1333 2003 123 17 comraen-

985 2033 51 28 çois
1048 2032 13 22 à
1072 2033 104 24 reculer,
1186 2037 56 16 sans
1253 2033 114 25 pourtant
1375 2036 82 16 cesser

985 2067 31 22 de
1026 2067 54 21 leur
1092 2066 89 27 parler,
1193 2065 102 27 lorsque
1303 2065 26 27 je
1339 2070 40 16 me
1390 2066 66 19 trou-

985 2100 40 21 vai
1036 2098 140 23 embarassé
1193 2104 44 21 par
1255 2103 48 16 une
1323 2098 74 21 corde
1415 2097 40 28 qui

985 2133 120 22 attachoit
1123 2131 51 23 l’un
1194 2132 32 21 de
1246 2137 42 16 ces
1310 2131 146 25 déserteurs,

986 2173 45 21 par
1041 2167 23 21 le
1076 2166 59 28 pied
1148 2166 76 25 droit,
1236 2165 23 21 &
1270 2165 86 22 l’autre
1375 2170 43 22 par
1433 2165 23 20 le

986 2200 59 28 pied
1064 2199 96 29 gauche
1171 2205 6 20 ;
1201 2205 31 15 en
1252 2205 41 15 me
1315 2200 143 20 retournant

986 2239 63 22 pour
1060 2233 56 22 voir
1127 2238 27 16 ce
1166 2233 43 27 qui
1221 2238 39 16 me
1272 2232 117 25 retenoit,
1400 2231 57 28 j’ap-

987 2272 85 22 percus
1084 2267 24 20 le
1120 2265 81 28 Major
1212 2266 42 27 qui
1266 2265 108 22 donnoit
1386 2265 24 21 le
1426 2264 31 21 si-

986 2301 57 27 gnal
1054 2305 63 22 pour
1128 2299 62 22 faire
1202 2299 39 22 feu
1252 2305 6 15 :
1268 2299 27 27 je
1306 2298 89 22 n’étois
1406 2298 51 21 rien

986 2333 79 22 moins
1077 2339 47 21 que
1135 2333 60 22 hors
1207 2333 30 21 de
1246 2333 106 27 danger:
1364 2331 26 28 je
1397 2331 58 22 criai

987 2373 47 22 que
1044 2367 36 21 les
1093 2366 95 28 prières
1199 2365 120 22 n’étoient
1331 2371 43 21 pas
1385 2370 72 16 enco-

986 2406 28 16 re
1024 2400 73 22 finies
1109 2399 22 22 &
1141 2405 41 16 me
1193 2399 85 22 retirai
1296 2399 23 21 le
1338 2399 56 27 plus
1405 2398 52 21 vite

987 2433 60 28 qu’il
1058 2439 40 16 me
1109 2433 37 21 fut
1156 2432 112 28 possible
1279 2438 6 15 :
1299 2432 25 27 je
1335 2437 33 16 ne
1379 2433 24 20 le
1414 2438 43 20 pus

987 2467 139 27 cependant
1138 2465 63 22 faire
1213 2471 90 16 encore
1315 2471 68 16 assez
1396 2465 60 26 loin,

988 2506 63 22 pour
1069 2505 47 22 que
1134 2500 23 21 la
1179 2499 111 22 cervelle
1305 2498 31 21 de
1348 2504 41 15 ces
1400 2499 58 20 mal-

986 2534 111 21 heureux
1107 2539 33 15 ne
1151 2532 99 28 réjaillit
1261 2537 45 22 pas
1318 2537 41 16 sur
1369 2531 58 26 moi,
1437 2531 21 22 &

988 2573 31 15 ne
1039 2567 98 21 couvrit
1156 2571 60 17 mon
1239 2565 101 27 surplis.
1365 2565 42 22 On
1428 2571 31 15 ne

987 2599 108 29 sçauroit
1127 2599 84 22 croire
1244 2599 83 27 quelle
1356 2598 103 21 horreur

987 2632 128 28 m’inspira
1135 2637 28 16 ce
1184 2631 98 22 funeste
1294 2631 130 28 spectacle,
1438 2630 21 22 &

989 2666 87 27 depuis
1088 2666 23 21 le
1123 2668 80 25 temps
1217 2665 29 21 de
1257 2666 84 20 toutes
1349 2665 36 21 les
1394 2663 66 22 fonc-

988 2700 66 21 tions
1066 2699 31 22 de
1109 2704 58 16 mon
1180 2697 140 27 ministère,
1328 2703 94 16 aucune
1429 2702 31 16 ne

1477 412 46 21 m’a
1536 414 52 20 tant
1601 411 70 23 coûté
1683 418 48 21 que
1748 411 60 21 celle
1824 410 126 21 d’assister

1477 444 14 22 à
1502 446 22 20 la
1536 447 66 19 mort
1614 445 30 21 de
1656 451 65 15 ceux
1741 444 41 28 qui
1803 444 103 21 avoient
1920 448 29 15 eu

1478 479 23 19 le
1512 478 111 21 malheur
1635 477 39 29 d'y
1684 479 54 20 être
1746 476 159 23 condamnés.
1915 476 34 21 M.

1478 511 23 20 le
1522 510 110 27 Marquis
1652 511 30 20 de
1704 510 149 25 Maillebois,
1880 510 70 20 notre

1477 548 112 15 nouveau
1604 542 115 25 Général,
1732 542 61 21 étoit
1805 541 55 21 d’un
1873 546 77 16 carac-

1477 574 53 22 tère
1540 577 58 25 trop
1611 575 39 21 vif
1667 575 23 21 &
1712 576 52 26 trop
1776 575 176 26 entreprenant

1478 614 60 21 pour
1561 608 88 27 perdre
1672 608 128 27 beaucoup
1822 608 29 21 de
1869 609 81 25 temps

1478 641 60 21 dans
1546 647 49 16 une
1605 641 86 22 inutile
1701 642 108 21 inaction
1820 647 5 17 ;
1834 641 117 27 quelques

1475 675 74 27 jours,
1557 674 71 27 après
1649 680 45 15 son
1715 673 200 28 débarquement,
1933 672 18 21 il

1477 706 28 21 fit
1529 712 108 16 avancer
1664 708 86 26 quatre
1779 706 173 22 détachemens

1477 741 85 19 contre
1575 740 36 20 les
1631 739 120 22 Ilabitans
1763 740 31 20 de
1806 739 104 28 Seziglia
1922 738 29 21 de

1478 771 118 27 Cassano,
1616 772 22 21 &
1657 773 32 20 de
1711 772 85 21 Monte
1813 771 137 28 Maggiore,

1478 805 36 21 les
1527 805 54 27 plus
1594 805 93 21 mutins
1707 805 22 21 &
1749 806 37 21 les
1805 806 55 26 plus
1873 804 80 21 déter-

1478 837 79 22 minés
1569 838 44 21 des
1626 838 113 25 rebelles,
1759 837 22 22 &
1796 838 41 30 qui
1850 837 103 22 avoient

1478 876 31 16 eu
1519 870 111 22 l’audace
1642 871 32 21 de
1686 871 73 21 venir
1779 871 62 21 tirer
1862 876 42 15 sur
1916 870 37 21 les

1478 905 84 25 postes
1574 903 107 21 avancés
1694 903 32 21 du
1739 908 73 22 corps
1831 903 73 21 établi
1921 908 30 15 au

1478 935 117 22 Couvent
1605 936 221 27 d’Alsiprato,dont
1836 941 43 15 nos
1887 937 65 19 trou-

1478 974 43 21 pes
1533 968 115 22 s’étoient
1659 968 122 28 emparés.
1792 969 19 21 Il
1824 968 27 22 fit
1862 974 91 21 couper

1477 1004 56 19 tous
1544 1002 36 21 les
1593 1002 102 21 oliviers
1703 1001 23 22 &
1734 1003 36 20 les
1779 1004 81 19 autres
1869 1002 83 21 arbres

1478 1034 109 22 fruitiers
1599 1041 47 15 aux
1657 1035 121 21 environs
1791 1035 30 21 de
1831 1040 41 16 ces
1884 1035 69 20 villa-

1477 1073 54 22 ges,
1540 1067 93 28 malgré
1645 1068 23 21 la
1680 1067 134 22 résistance
1826 1067 21 22 &
1858 1067 95 27 l’oppo-

1479 1100 78 21 sition
1582 1101 45 20 des
1653 1100 132 26 Ilabitans,
1822 1101 40 27 qui
1897 1102 55 19 tous

1478 1133 104 21 avoient
1592 1134 53 26 pris
1664 1134 37 21 les
1722 1139 87 16 armes.
1831 1133 68 21 Nous
1913 1139 40 15 eû-

1479 1171 52 16 mes
1543 1167 119 26 quelques
1675 1167 95 21 soldats
1783 1167 30 20 de
1824 1165 62 26 tués,
1899 1172 54 21 par-

1478 1199 34 21 mi
1523 1199 108 26 lesquels
1643 1199 36 21 fut
1691 1205 29 15 ce
1731 1199 86 21 traître
1830 1199 41 27 qui
1883 1199 71 21 avoit

1479 1230 72 22 causé
1570 1232 23 21 le
1612 1232 112 21 malheur
1741 1231 57 22 d’un
1816 1232 43 21 des
1871 1231 82 22 déser-

1478 1265 67 20 teurs
1557 1264 61 22 dont
1627 1264 25 28 je
1662 1265 73 21 viens
1748 1265 29 21 de
1789 1266 130 26 rapporter
1930 1265 23 21 le

1479 1297 119 27 supplice,
1611 1297 22 22 &
1645 1298 17 21 il
1674 1304 33 15 ne
1719 1303 103 22 manqua
1834 1297 14 22 à
1859 1299 23 20 la
1901 1298 52 27 pei-

1480 1336 30 15 ne
1522 1331 30 21 de
1564 1337 26 15 sa
1604 1331 103 27 perfidie
1720 1337 46 22 que
1784 1332 22 21 la
1826 1331 75 22 honte
1914 1331 40 28 qu'

1479 1364 48 21 elle
1538 1363 117 23 méritoit.
1670 1364 133 22 D’ailleurs
1822 1367 71 20 notre
1912 1371 42 15 en-

1479 1397 107 27 treprise
1605 1400 42 19 eut
1665 1400 56 19 tout
1740 1399 23 20 le
1782 1398 86 21 succès
1879 1398 73 27 qu'on

1480 1431 106 25 pouvoit
1606 1430 97 23 désirer
1712 1437 6 19 ;
1738 1432 36 20 les
1795 1432 105 21 rebelles
1923 1437 29 16 en

1480 1462 81 23 furent
1581 1464 155 26 consternés,
1757 1464 22 22 &
1794 1470 46 16 nos
1852 1467 102 25 troupes

1479 1502 30 15 en
1523 1500 135 25 conçurent
1669 1503 64 21 pour
1744 1503 49 16 eux
1809 1503 32 15 un
1860 1497 94 28 mépris

1479 1528 55 29 égal
1544 1529 14 22 à
1569 1530 174 28 l’indignation
1756 1536 48 22 que
1816 1532 54 20 leur
1886 1531 69 22 avoit

1480 1562 72 22 causé
1559 1564 23 20 la
1595 1564 101 21 retraite
1709 1563 136 28 précipitée
1854 1564 100 27 qu’elles

1480 1596 101 21 avoient
1592 1596 39 22 été
1643 1596 112 29 obligées
1767 1598 31 20 de
1817 1597 60 22 faire
1896 1597 60 22 l’an-

1481 1628 46 22 née
1538 1629 156 27 précédente.

1508 1661 39 23 Un
1558 1663 86 27 piquet
1652 1664 33 21 du
1694 1663 135 29 Régiment
1837 1665 31 21 de
1877 1665 77 21 Bearn

1481 1701 26 16 se
1516 1697 114 21 trouvoit
1635 1698 79 26 parmi
1723 1703 41 16 ces
1770 1697 184 23 détachemens:

1478 1729 25 27 je
1515 1735 40 16 me
1566 1730 85 21 rendis
1662 1729 14 22 à
1687 1730 87 27 portée
1786 1731 31 21 de
1830 1731 127 23 confesser

1481 1763 38 21 les
1529 1763 95 22 blessés
1636 1764 42 26 qui
1690 1765 139 26 pouvoient
1840 1770 30 16 en
1884 1766 73 21 avoir

1482 1796 86 21 besoin
1580 1803 6 15 :
1604 1796 131 28 j’écoutois
1747 1803 47 16 une
1805 1797 149 27 confession,

1481 1829 100 27 lorsque
1590 1830 25 26 je
1624 1830 38 21 vis
1672 1836 49 15 une
1730 1831 92 21 rebelle
1830 1830 127 23 s’avancer

1482 1862 31 21 de
1524 1862 79 21 roche
1614 1869 29 15 en
1656 1863 77 22 roche
1754 1863 21 21 &
1792 1865 55 25 prêt
1865 1864 14 21 à
1897 1864 61 21 tirer

1482 1902 42 15 sur
1534 1896 35 21 M.
1579 1896 32 22 de
1620 1896 116 28 Beaujeu,
1750 1895 103 23 Officier
1865 1897 32 21 du
1909 1896 48 23 Ré-

1482 1929 96 28 giment
1590 1930 30 21 de
1633 1929 112 27 Flandre,
1765 1930 23 21 &
1807 1930 43 27 qui
1862 1936 57 16 sans
1931 1937 26 15 se

1482 1962 76 22 défier
1569 1963 33 21 du
1613 1964 95 27 danger
1719 1963 32 22 où
1760 1964 17 20 il
1788 1963 71 26 étoit,
1869 1963 89 22 fumoit

1482 1996 65 21 alors
1558 1996 202 26 tranquillement
1770 2002 26 15 sa
1808 1997 68 26 pipe.

1510 2028 113 22 «Prenez
1630 2029 75 27 garde
1715 2028 13 22 à
1737 2035 72 20 vous,
1819 2029 138 26 Monsieur,

1481 2062 35 21 lui
1528 2062 104 27 criai-je,
1644 2062 67 22 voilà
1723 2062 131 28 quelqu’un
1868 2064 41 26 qui
1926 2069 31 15 va

1483 2101 63 16 vous
1558 2096 91 21 tirer».
1661 2095 30 27 Je
1702 2095 50 22 l’en
1765 2095 73 27 défie,
1859 2102 41 15 me
1920 2096 38 21 ré-

1483 2129 135 27 pondit-il:
1640 2130 17 21 il
1679 2130 91 27 parloit
1787 2135 91 16 encore
1898 2129 60 28 qu’il

1483 2161 37 22 fut
1531 2164 88 20 atteint
1631 2162 56 22 d'un
1700 2168 65 22 coup
1777 2163 30 21 de
1819 2163 42 22 feu
1873 2163 41 27 qui
1923 2164 34 21 lui

1483 2201 68 16 cassa
1563 2201 27 16 sa
1602 2196 60 27 pipe
1674 2196 22 21 &
1709 2202 48 15 une
1777 2196 60 21 dent
1856 2196 62 21 dans
1934 2197 23 20 la

1484 2229 96 22 bouche
1591 2235 5 20 ;
1609 2231 53 20 tant
1674 2230 18 21 il
1704 2232 39 19 est
1750 2230 53 21 vrai
1813 2235 47 21 que
1869 2230 23 21 le
1901 2235 56 16 cou-

1483 2268 58 22 rage
1561 2268 33 16 ne
1613 2264 59 26 peut
1692 2268 49 21 que
1761 2263 80 25 nuire,
1860 2262 40 22 s’il
1913 2262 46 22 fait

1483 2295 115 29 négliger
1608 2297 37 20 les
1656 2301 72 23 sages
1740 2295 161 28 précautions
1912 2301 46 22 que

1483 2330 23 21 la
1517 2329 124 27 prudence
1652 2329 131 22 conseille.

1511 2362 30 22 Le
1560 2363 57 27 jour
1637 2363 43 21 des
1699 2362 132 22 Rameaux
1849 2362 26 28 je
1894 2362 30 22 fis
1935 2363 23 21 la

1484 2395 159 23 bénédiction
1664 2396 45 21 des
1729 2396 114 25 lauriers,
1856 2396 23 21 &
1897 2395 62 27 j’eus

1483 2429 131 22 l'honneur
1634 2429 55 21 d’en
1710 2428 129 28 présenter
1855 2430 14 20 à
1889 2428 35 22 M.
1936 2429 23 21 le

1485 2462 111 28 Marquis
1606 2463 31 21 de
1650 2462 152 26 Maillebois,
1818 2468 30 15 en
1868 2463 35 21 lui
1922 2462 38 21 di-

1485 2498 54 20 sant
1549 2502 6 15 :
1565 2503 13 13 «
1588 2498 121 25 acceptez,
1726 2501 59 16 mon
1802 2495 117 25 Général,
1932 2501 27 16 ce

1485 2529 93 22 laurier
1589 2535 48 22 que
1647 2529 102 28 l’Eglise
1760 2534 64 16 vous
1836 2528 122 28 présente,

1486 2568 97 16 comme
1602 2568 32 15 un
1652 2561 105 29 présage
1775 2563 31 20 de
1824 2568 64 15 ceux
1899 2562 61 21 dont

1485 2601 63 16 vous
1567 2596 62 21 allez
1646 2600 64 17 vous
1729 2600 141 17 couronner
1887 2600 74 16 vous-

1486 2629 79 22 même
1573 2635 7 14 :
1599 2628 26 28 je
1645 2634 31 15 ne
1696 2628 76 22 doute
1792 2628 72 27 point
1879 2633 48 22 que
1938 2628 22 21 la

1487 2663 120 27 conquête
1618 2663 30 21 de
1660 2663 23 20 la
1697 2661 76 23 Corse
1785 2668 31 15 ne
1831 2667 64 16 vous
1913 2661 48 22 élè-

1487 2702 33 15 ve
1538 2702 31 15 au
1589 2696 95 22 comble
1703 2696 45 21 des
1766 2695 111 27 dignités
1895 2695 31 21 où
1938 2695 23 21 le

1973 112 87 23 mérite
2071 112 117 22 militaire
2198 112 83 27 puisse
2290 111 121 28 parvenir
2420 116 30 16 en

1974 146 100 21 France.
2086 146 28 26 Je
2127 152 30 15 ne
2170 146 73 21 doute
2256 146 80 27 point,
2355 151 39 16 me
2412 143 38 23 ré-

1974 180 127 27 pondit-il,
2115 180 31 21 de
2165 186 45 15 son
2230 179 62 26 côté,
2313 178 55 29 qu’à
2381 179 22 21 la
2415 178 33 21 fin

1975 213 30 21 de
2018 215 70 19 votre
2101 213 116 25 Mission,
2231 214 21 20 la
2265 213 67 21 Cour
2345 218 30 16 ne
2388 218 62 15 vous

1975 246 105 21 accorde
2090 246 23 21 la
2126 245 161 28 récompense
2301 252 48 20 que
2363 244 88 23 mérite

1976 279 22 20 le
2010 278 50 22 zèle
2072 279 22 21 &
2104 278 157 23 l’exactitude
2272 285 61 15 avec
2345 278 106 27 laquelle

1977 317 62 16 vous
2059 312 143 28 remplissez
2221 315 55 19 tous
2294 313 37 20 les
2351 311 100 22 devoirs

1976 345 30 20 de
2025 346 70 20 votre
2113 345 128 22 ministère
2251 353 22 14 ».
2287 345 35 22 M.
2337 346 31 21 de
2381 345 70 22 Mail-

1976 378 88 25 lebois,
2075 378 37 21 fut
2122 379 182 22 effectivement
2315 379 43 22 fait
2373 379 76 22 Maré-

1976 410 55 21 chal
2042 411 30 20 de
2084 411 91 22 France
2195 414 66 20 cette
2281 412 87 27 année,
2389 414 22 21 &
2425 414 24 21 la

1977 442 67 22 Cour
2054 443 47 22 m’a
2109 444 83 22 donné
2201 452 47 15 une
2258 447 77 26 petite
2345 447 106 27 pension

1977 482 42 15 sur
2029 476 170 23 l’Aumônerie
2211 479 32 21 du
2256 479 111 22 Château
2381 480 72 21 d'En-

1975 511 112 24 trevaux,
2101 516 96 16 comme
2215 517 31 16 on
2265 513 22 20 le
2305 519 71 16 verra
2389 514 62 21 dans

1976 541 22 21 la
2010 542 63 21 suite
2085 543 30 20 de
2127 549 41 15 ces
2180 543 141 23 Mémoires.

2005 574 34 21 M.
2053 575 30 21 de
2096 575 150 29 Maillebois,
2263 580 76 20 avant
2350 585 46 16 son
2410 578 43 22 dé-

1979 611 53 23 part
2043 609 30 21 de
2084 610 22 21 la
2119 610 114 28 Balagne,
2254 612 83 22 donna
2353 613 73 21 ordre
2438 613 14 22 à

1978 640 35 22 M.
2021 642 23 20 le
2054 642 108 29 Marquis
2169 644 31 22 de
2208 644 130 28 Villemur,
2352 647 31 21 de
2393 653 58 16 con-

1978 673 82 23 tinuer
2071 675 13 22 à
2095 676 131 28 inquiéter,
2239 679 23 20 le
2274 680 55 26 plus
2342 680 59 26 qu’il
2414 686 38 15 se-

1977 707 51 21 roit
2044 709 118 26 possible,
2184 711 37 21 les
2238 712 108 22 rebelles
2359 713 60 21 dans
2430 714 23 20 la

1975 739 143 27 jouissance
2130 742 31 22 de
2172 744 65 21 leurs
2248 746 88 21 terres.
2350 746 33 21 En
2396 746 58 22 effet

1978 778 33 16 on
2025 773 114 24 détruisit
2156 777 21 21 la
2198 778 56 26 plus
2266 779 94 27 grande
2373 780 80 27 partie

1979 806 43 21 des
2041 813 80 22 orges,
2143 815 41 16 sur
2199 811 22 20 la
2234 811 92 22 récolte
2340 813 114 27 desquel-

1979 839 37 22 les
2033 839 62 24 étoit
2112 842 90 23 fondée
2213 844 55 22 leur
2279 846 156 21 subsistance
2446 852 5 15 :

1979 872 16 21 il
2015 874 73 21 remit
2108 876 65 21 aussi
2188 875 13 22 à
2215 876 34 22 M.
2262 878 23 21 le
2300 878 110 28 Marquis
2422 880 31 20 de

1980 904 129 29 Villemur,
2131 909 24 20 le
2173 910 56 26 plan
2250 910 124 29 d’attaque
2394 913 60 26 qu'il

1978 941 70 19 avoit
2066 941 106 27 projetté
2193 948 42 16 sur
2251 944 22 21 la
2285 945 117 28 Balagne,
2422 952 30 15 en

1979 973 79 20 même
2069 975 80 26 temps
2161 975 58 27 qu’il
2229 977 91 27 agiroit
2332 981 87 19 contre
2431 980 23 20 la

1979 1005 56 21 côte
2046 1006 30 21 de
2089 1006 114 23 Colieres
2216 1008 22 22 <&
2251 1010 22 20 la
2286 1010 125 23 Province
2424 1013 31 20 de

1978 1038 88 26 Nebio,
2078 1040 108 27 supposé
2203 1041 88 27 qu’eile
2311 1050 32 15 ne
2364 1044 92 23 réussit

1980 1077 42 20 pas
2043 1078 44 20 par
2105 1073 22 21 la
2147 1079 65 24 voye
2225 1075 44 21 des
2280 1076 174 28 négociations

1979 1104 58 26 qu’il
2050 1106 96 22 vouloit
2158 1113 90 17 encore
2264 1112 112 20 entamer
2394 1112 61 21 dans

1979 1139 65 20 cette
2056 1139 78 25 partie
2147 1141 30 20 de
2188 1141 76 27 l’Isle,
2283 1146 77 19 avant
2381 1144 74 23 d’em-

1978 1170 88 28 ployer
2077 1172 22 20 la
2111 1171 67 23 force
2190 1174 44 21 des
2246 1181 89 16 armes.
2347 1176 49 22 Ces
2405 1178 49 21 dis-

1978 1203 125 25 positions
2115 1205 80 27 faites,
2214 1213 27 15 ce
2261 1208 108 23 Général
2380 1211 75 26 partit

1979 1235 31 21 de
2019 1236 79 26 Calvi,
2110 1237 109 28 Capitale
2229 1241 31 20 de
2271 1242 22 20 la
2306 1242 115 27 Balagne,
2431 1243 23 21 &

1979 1269 81 21 arriva
2073 1270 22 21 le
2110 1277 23 21 13
2147 1272 69 22 Avril
2228 1272 13 22 à
2254 1273 47 22 San
2314 1274 122 24 Fiorenzo
2447 1283 6 15 :

1980 1302 18 21 il
2007 1308 18 22 y
2036 1302 114 28 séjourna
2162 1306 24 20 le
2200 1312 35 20 14,
2250 1313 61 21 pour
2322 1310 134 21 reconnoî-

1980 1338 36 19 tre
2029 1337 36 20 les
2077 1338 95 21 contins
2184 1339 31 22 de
2227 1339 81 24 Nebio
2321 1341 22 22 &
2356 1343 38 21 les
2414 1343 40 22 dé-

1980 1369 108 22 bouchés
2100 1371 42 27 qui
2155 1373 102 22 alioient
2268 1380 48 16 aux
2327 1381 94 22 gorges
2433 1376 23 22 <&

1979 1408 48 16 aux
2038 1406 146 26 montagnes
2194 1411 47 21 que
2252 1408 36 21 les
2300 1409 106 22 rebelles
2416 1416 40 15 oc-

1980 1437 120 26 cupoient
2119 1438 33 21 du
2171 1439 54 22 côté
2237 1441 31 21 du
2285 1441 73 22 Mont
2369 1442 86 22 Tenda

1981 1469 30 21 de
2024 1470 83 27 Lento,
2130 1472 22 21 la
2171 1471 76 24 Pieve
2260 1474 29 21 de
2302 1475 112 28 Bigorno
2432 1476 22 22 &

1980 1503 43 21 des
2035 1502 120 24 Colieres.
2166 1504 20 22 Il
2195 1507 76 21 sentit
2279 1514 45 20 par
2332 1508 123 23 l’examen

1981 1536 59 26 qu’il
2051 1536 27 22 fit
2090 1538 30 21 de
2132 1538 23 21 la
2166 1539 150 27 disposition
2338 1542 31 21 du
2385 1549 70 22 pays,

1980 1569 23 21 &
2013 1570 22 21 la
2047 1571 65 21 suite
2123 1572 44 21 des
2180 1572 151 24 évènemens
2343 1575 31 22 l’a
2383 1582 74 21 prou-

1982 1602 41 27 vé,
2034 1603 58 27 qu’il
2104 1605 78 22 seroit
2193 1606 83 29 obligé
2288 1608 31 21 de
2332 1614 125 20 cpmmen-

1981 1642 42 16 cer
2033 1638 22 20 la
2067 1643 136 24 campagne
2223 1646 45 21 par
2287 1641 116 28 l’attaque
2425 1643 30 21 de

1982 1672 66 20 cette
2066 1672 80 26 partie
2155 1679 6 19 ;
2183 1674 104 26 puisque
2308 1674 87 23 c’étoit
2413 1682 45 21 pat-

1982 1704 47 21 elle
2040 1705 69 21 seule
2120 1705 60 27 qu’il
2194 1707 106 26 pouvoit
2319 1709 140 21 communi-

1983 1743 61 22 quer
2053 1744 62 16 avec
2126 1739 37 21 les
2175 1742 102 26 troupes
2297 1741 30 22 de
2346 1743 23 20 la
2389 1743 69 21 Bala-

1982 1777 56 22 gne,
2051 1772 80 26 quand
2152 1775 64 19 cette
2237 1774 126 23 Province
2382 1777 77 21 seroit

1981 1805 146 21 totalement
2149 1807 117 21 soumise.
2293 1809 88 22 Avant
2402 1809 56 22 d’en

1982 1838 73 21 venir
2064 1844 50 15 aux
2125 1839 127 22 dernières
2265 1842 155 26 extrémités,
2441 1844 18 21 il

1980 1871 74 27 jugea
2070 1871 13 22 à
2105 1877 91 22 propos
2213 1874 32 21 de
2263 1876 86 20 tenter
2367 1881 91 17 encore

1983 1910 48 15 une
2042 1903 48 23 fois
2103 1905 30 21 de
2145 1911 114 17 ramener
2267 1908 37 21 les
2314 1909 92 27 esprits
2415 1915 45 21 par

1983 1936 23 20 la
2017 1936 118 26 douceur,
2149 1936 21 22 &
2182 1937 27 22 fit
2221 1938 98 26 publier
2332 1942 64 19 cette
2409 1940 51 21 Dé-

1984 1969 127 21 claration.

2009 2008 14 13 «
2033 2001 32 22 Le
2074 2002 110 28 Marquis
2193 2004 30 21 de
2232 2003 150 30 Maillebois,
2393 2006 66 23 Che-

1984 2035 79 22 valier
2073 2036 43 21 des
2129 2036 94 23 Ordres
2242 2038 30 21 de
2290 2038 31 22 Sa
2343 2039 115 28 Majesté,

1983 2071 74 25 ayant
2079 2068 39 23 été
2138 2070 107 23 informé
2269 2077 47 22 que
2340 2075 119 25 quelques

1985 2101 122 23 Iiabitans
2118 2104 31 21 de
2160 2103 75 28 l’Isle,
2255 2106 114 22 oubliant
2381 2113 27 16 ce
2421 2107 39 27 qu’

1984 2136 31 21 ils
2026 2136 104 22 doivent
2142 2136 13 22 à
2164 2138 54 21 leur
2226 2139 87 26 patrie,
2325 2139 136 24 cherchent

1984 2169 14 21 à
2017 2169 130 27 perpétuer
2166 2171 38 21 les
2226 2173 120 25 troubles,
2368 2173 23 22 &
2411 2179 48 22 que

1984 2207 63 22 pour
2056 2202 96 23 réussir
2162 2204 61 21 dans
2235 2206 66 21 leurs
2313 2207 148 26 pernicieux

1984 2236 122 26 desseins,
2116 2237 30 21 ils
2158 2239 43 20 ont
2213 2237 42 22 usé
2267 2239 31 21 de
2310 2241 71 20 toute
2392 2242 67 19 sorte

1986 2269 31 21 de
2027 2275 103 22 moyens
2144 2276 62 21 pour
2218 2272 90 21 cacher
2319 2278 33 16 ou
2371 2273 91 22 altérer

1985 2303 23 20 le
2019 2302 137 28 règlement
2167 2309 47 21 que
2227 2304 29 22 Sa
2267 2305 107 28 Majesté
2384 2313 12 14 a
2406 2306 54 26 fait,

1985 2336 30 21 de
2026 2338 101 19 concert
2138 2342 61 16 avec
2218 2337 161 28 l'Empereur,
2397 2346 64 20 pour

1984 2369 23 21 la
2019 2369 157 27 pacification
2189 2371 32 21 du
2234 2377 60 23 pays
2305 2379 6 14 :
2331 2372 74 28 qu’ils
2418 2375 45 20 ont

1985 2403 80 21 même
2076 2402 86 23 affecté
2181 2404 29 21 de
2228 2404 125 28 répandre
2371 2412 47 21 que
2437 2408 23 20 la

1985 2437 111 26 garantie
2117 2442 46 22 que
2184 2436 30 23 Sa
2227 2437 107 29 Majesté
2351 2445 14 15 a
2383 2440 79 27 stipu-

1985 2468 47 27 lée,
2046 2475 30 16 en
2088 2469 89 23 faveur
2188 2471 44 22 des
2250 2472 103 27 Corses,
2375 2473 88 22 n’étoit

1986 2503 26 21 ni
2022 2502 85 27 réelle,
2120 2504 26 21 ni
2160 2505 90 22 solide.

2152 2561 11 26 (
2166 2561 146 28 Cuntinua)

1987 2657 97 22 Aiacciu
2092 2670 29 4 —
2133 2658 133 30 Stamparia
2278 2659 25 22 di
2318 2661 23 21 A
2352 2661 104 26 Muvra,

1989 2700 14 14 u
2016 2693 239 25 Diretlore-Gerente:
2266 2696 70 22 Pétru
2347 2696 112 22 ROCCA.

36 2822 61 20 sento
106 2821 103 22 davvcro
220 2820 113 23 lelificalo
342 2818 24 22 di
374 2817 84 30 sparti-

6 2854 61 20 recon
78 2855 38 21 voi
128 2855 23 22 la
163 2855 78 29 gloria
253 2854 24 22 di
289 2855 83 28 qneslo
385 2851 72 26 l'alto;

5 2887 27 18 Vû>
42 2892 26 15 ne
79 2891 161 20 accrescerele
251 2888 24 22 la
284 2889 88 23 vostra,
381 2886 23 21 io
412 2884 47 23 sal-

58 2921 35 21 col
113 2928 80 17 nuovo
212 2929 75 16 onore
298 2922 23 21 la
339 2925 120 24 vergogna

5 2952 90 24 l’ecchia.

23 2986 60 22 “~Oi*
104 2988 59 24 bene
183 2991 46 25 via,
243 2988 148 31 spiccialevi,
416 2986 43 22 che

5 3013 44 27 lora
59 3021 20 20 si
91 3021 23 23 fa
126 3023 77 27 tarda,
215 3030 13 15 e
249 3023 74 22 udite.
336 3037 16 7 ..
375 3023 84 27 questo

6 3049 58 25 àiono
77 3055 111 24 minaccia
201 3057 105 29 pioggia.

25 3094 23 7 *—
54 3085 18 23 E
80 3088 21 22 vi
110 3093 158 26 accorgerele,
278 3090 43 22 che
328 3087 94 31 quando
431 3093 29 16 ne

5 3119 21 17 Va
36 3117 56 25 délia
103 3122 76 23 salute
190 3124 61 21 délia
261 3123 75 30 patria
348 3121 84 29 pregio
442 3120 17 22 il

6 3146 74 28 'Unaro
92 3161 67 17 meno
171 3157 62 22 délia
246 3157 56 29 pula
326 3155 37 22 del
375 3160 84 23 grano.

57 3185 95 32 Dunque
160 3190 12 22 ?

24 3227 25 6 —
56 3218 44 24 Voi
114 3226 67 20 avete
190 3231 14 15 a
223 3230 86 23 sapere
321 3229 67 16 corne
400 3222 15 21 il
428 3221 34 22 si-

6 3251 47 21 £noi*
74 3258 65 19 conte
151 3257 24 22 di
198 3257 116 26 Marbeuf,
336 3254 125 24 volendosi

6 3283 109 34 'Çndieare
126 3295 14 16 a
152 3291 56 28 ogni
219 3293 66 26 palto
297 3284 165 27 deïl'archibu-

7 3317 52 43 ^ala
80 3325 127 28 sparalagli
230 3327 84 20 conlro
336 3322 31 23 da
390 3321 72 29 padre

22 3352 124 31 Grnardino,
156 3357 30 22 ha
199 3358 130 22 deliberato
338 3356 23 22 di
369 3355 94 23 tender-

7 3381 72 48 |.1Una
90 3389 104 29 trappola
201 3391 81 29 quinci
292 3390 69 24 oltre,
374 3388 89 23 daccliè

31 3416 53 23 b-ate
94 3420 105 26 dabbene
211 3424 96 22 bazzica
327 3430 42 22 per
386 3422 77 29 questi

16 3448 60 33 U?»hi
86 3454 38 26 più
135 3457 44 22 che
199 3464 45 16 non
257 3457 120 23 dovrebbe
386 3463 7 20 ;
406 3456 57 28 perô

10 3478 18 47 j1*
29 3482 7 14 1
45 3479 25 23 *la
80 3484 55 26 fatto
147 3490 120 23 ricercare
279 3488 185 31 d’impreslargli

40 3517 39 21 nila
88 3525 51 20 casa
163 3531 42 22 per
220 3523 161 31 rimpiattarci
399 3522 64 23 venti

10 3546 109 45 j»panaiieri
129 3562 6 15 :
148 3557 48 29 egli
205 3562 5 4 '
217 3561 79 19 stesso
313 3556 114 24 verrebbe
449 3562 14 14 a

32 3581 94 29 PUanare
134 3589 24 23 la
171 3590 93 23 fazione
273 3599 6 14 :
287 3591 40 22 voi
336 3590 78 29 capite
424 3589 40 21 be-

49 3613 121 37 Altobello,
183 3624 43 22 che
238 3624 101 29 bisogna
351 3621 113 24 concede-

39 3649 10 15 a
66 3651 59 23 colui
137 3656 43 22 che
192 3659 46 26 può
250 3657 118 29 pigliare;
380 3655 84 23 nondi-

8 3708 11 15 ^
27 3680 50 46 anÇo
88 3683 29 23 ho
128 3688 91 24 chieslo
226 3693 79 26 tempo
317 3697 12 15 a
341 3689 121 25 rillettere,

41 3716 10 14 e
70 3716 73 31 Icnipo
153 3723 30 21 mi
191 3723 70 29 valgo
275 3730 42 22 per
327 3722 137 23 consultare

486 2816 24 21 la
521 2817 82 20 vostra
614 2813 122 29 opinione.

514 2861 29 4 —
550 2847 32 23 La
603 2847 46 22 mia
672 2846 114 28 opinione
801 2846 21 25 è,
836 2844 45 22 che
893 2850 25 15 se
929 2845 30 22 mi

487 2882 90 22 aiulatc
589 2881 28 22 ad
630 2882 118 20 arreslare
754 2881 84 26 questo
844 2877 117 22 earnefice

487 2915 24 22 di
522 2917 72 20 conle
602 2914 23 21 io
633 2914 22 21 vi
667 2913 82 28 regalo
758 2912 25 21 di
792 2911 47 22 mio
847 2911 113 28 cinquan-

488 2952 23 19 la
522 2949 59 28 luigi
593 2947 23 22 di
628 2953 51 15 oro.

515 2994 29 5 —
553 2981 133 29 Ciriquanta
711 2979 58 28 luigi
794 2978 24 21 di
841 2983 43 16 oro
894 2977 6 21 !
912 2976 48 21 Che

488 3015 68 23 dite?
567 3015 38 22 Ma
617 3013 97 30 proprio
726 3012 24 21 in
761 3011 76 22 verilà
846 3010 54 22 ?Lo
911 3009 49 29 giu-

488 3051 91 20 rareste
590 3048 28 21 da
631 3046 115 23 crisliano
762 3042 152 24 battezzato?
924 3041 35 22 Oh

488 3082 98 23 farebbe
598 3081 15 22 il
624 3079 127 30 doppio....

516 3117 25 21 I11
554 3117 84 27 questo
649 3114 22 21 si
688 3112 40 23 udi
740 3111 99 29 strepito
852 3110 23 21 di
888 3115 71 19 arme,

488 3157 13 15 e
514 3150 22 21 lo
549 3151 77 20 scalto
635 3147 23 22 di
672 3146 73 23 moite
766 3144 71 22 molle
849 3143 23 22 di
885 3142 76 23 aceia-

488 3184 52 22 rino
563 3182 95 29 quando
681 3180 114 22 s’incarna
804 3185 6 15 :
836 3178 24 21 al
889 3178 72 27 punto

488 3220 78 20 stesso
582 3222 58 16 sono
662 3213 100 30 lugubre
782 3215 35 19 Lre
835 3218 13 15 e
867 3212 94 27 quattro

488 3251 66 22 volte
565 3250 24 21 lo
600 3247 126 23 scuccolo.
742 3244 123 23 Allobello
878 3242 84 23 trabal-

490 3283 71 23 lando
575 3282 24 21 di
617 3286 83 17 urrore
718 3285 46 15 non
788 3277 39 28 già
845 3277 24 20 di
890 3281 70 23 paura

490 3316 85 23 mandé
589 3321 29 15 un
632 3313 52 22 urlo
697 3311 141 22 sirazianle:

516 3362 29 5 —
552 3348 62 23 Gesù
627 3346 55 26 mio,
696 3345 51 22 ch’è
757 3345 84 27 questo
854 3340 68 23 mai?

502 3398 4 3 -
517 3383 25 22 Si
559 3381 113 30 spalanca
695 3377 94 25 l'useio,
814 3378 50 19 ollo
875 3381 15 15 o
901 3373 60 22 dieci

490 3415 127 25 moschetti
628 3419 59 16 sono
710 3409 124 30 appuntali
857 3414 70 22 sopra
938 3406 23 22 di

490 3450 34 22 lui
534 3456 6 20 ;
549 3449 76 21 dielro
634 3452 11 16 a
655 3443 80 29 questi
744 3443 19 21 si
771 3444 129 25 allengono
908 3438 53 23 altri

490 3480 142 33 granatieri;
643 3477 58 29 ogni
723 3477 128 21 resislenza
863 3472 99 23 sarebhe

491 3523 46 15 non
550 3520 57 25 pure
619 3509 132 26 temeraria,
774 3514 36 15 ma
833 3506 80 22 stolta.
926 3504 36 21 Un

491 3550 108 28 sergente
610 3545 36 22 dei
659 3541 129 32 granatieri
800 3541 49 20 cosi
861 3538 35 29 gli
912 3543 50 22 par-

493 3583 34 22 lé:

517 3630 30 5 _
555 3617 34 22 Su
600 3616 29 21 da
641 3614 83 24 bravo,
746 3610 94 22 forLuna
860 3606 23 22 di
896 3611 66 23 guer-

491 3659 26 15 ra
526 3658 6 19 ;
546 3651 38 21 voi
597 3649 57 21 siete
667 3645 111 30 prigione
789 3642 25 22 di
825 3642 48 21 Sua
890 3639 72 22 Maes-

492 3687 31 20 tà.
956 3703 5 5 .

518 3715 136 25 Altobbello
666 3719 47 16 non
725 3711 93 28 rispose
839 3709 91 27 parola,
942 3710 21 15 si

987 2810 65 21 volté
1063 2815 43 22 per
1117 2808 127 23 fulminare
1256 2814 45 16 con
1313 2808 23 22 lo
1355 2806 103 30 sguardo

988 2843 17 21 il
1017 2842 94 22 fralello
1123 2842 100 21 rimaslo
1231 2841 38 22 sul
1280 2841 74 26 letto;
1368 2846 37 16 ma
1412 2840 46 28 egli

987 2882 40 16 era
1039 2881 139 22 seomparso
1190 2880 70 16 senza
1272 2874 45 22 che
1329 2874 20 21 ci
1366 2875 93 27 potesse

988 2909 155 22 indovinarne
1155 2908 17 20 il
1182 2913 75 16 corne.
1271 2907 34 21 Lo
1323 2907 134 27 frugarono,

988 2941 135 30 privaronlo
1143 2940 121 22 delfarme
1277 2947 14 15 e
1313 2940 37 22 del
1362 2939 95 26 danaro,

988 2975 39 29 poi
1036 2975 23 21 lo
1071 2972 170 24 incatenarorio
1250 2980 44 22 per
1301 2973 23 22 la
1333 2971 124 23 manodes-

989 3012 35 19 tra
1036 3015 13 15 e
1061 3014 42 23 per
1113 3007 24 22 la
1145 3007 87 29 gamba
1255 3007 96 22 sinistra
1360 3014 7 18 ;
1379 3005 47 28 egli
1438 3005 20 22 si

988 3042 104 22 lasciava
1103 3040 51 27 fare
1166 3046 67 16 corne
1252 3041 155 24 smemoralo;
1420 3044 35 16 co-

987 3077 21 20 si
1021 3075 23 21 Io
1055 3080 74 16 aveva
1138 3079 100 23 pereoso
1250 3072 126 23 l’inaudito
1388 3071 71 22 Iradi-

989 3110 78 20 mento
1078 3107 44 22 che
1144 3113 47 15 non
1202 3106 33 28 gli
1259 3111 85 23 pareva
1363 3104 95 22 sentirai

988 3141 40 29 più
1037 3147 77 16 uomo.
1128 3139 149 22 Finalmente
1295 3138 61 22 dalla
1368 3143 91 15 caméra

988 3181 74 16 venne
1080 3176 71 19 tratto
1168 3172 63 22 nella
1252 3173 75 27 prima
1342 3173 89 24 stanza,
1446 3177 13 14 e

988 3208 65 29 quivi
1063 3214 44 15 con
1116 3212 79 17 nuova
1208 3205 149 29 maraviglia,
1367 3203 22 22 al
1399 3203 60 22 lume

989 3242 24 21 di
1025 3247 46 16 uno
1084 3241 38 21 dei
1133 3239 114 28 lampioni
1258 3237 87 30 porlati
1356 3237 40 21 dai
1409 3243 49 22 gra-

989 3273 84 22 natieri
1085 3272 111 26 francesi,
1215 3270 133 29 contemplé
1366 3270 92 21 intorno

989 3307 47 21 alla
1068 3305 78 22 lavola
1167 3307 68 26 posta
1258 3309 80 17 mezzo
1367 3304 92 26 quattro

988 3346 12 15 s
1003 3342 50 19 Iran
1055 3345 13 15 e
1080 3337 75 29 figure
1164 3345 6 19 ;
1184 3337 16 22 il
1213 3344 43 15 suo
1268 3335 96 24 fralello
1375 3335 23 22 M
1401 3335 58 22 aria-

989 3378 31 16 no
1031 3372 44 21 che
1099 3373 99 20 conlava
1219 3371 92 21 monete
1323 3367 22 21 di
1366 3375 50 20 oro,
1429 3375 29 15 un

990 3404 103 23 uffîciale
1104 3404 109 21 francese
1220 3403 42 22 che
1270 3400 72 30 glielo
1350 3404 107 23 conlava,

990 3438 23 21 la
1025 3439 99 26 cognata
1133 3436 74 22 Lucia
1220 3436 42 21 che
1274 3434 95 22 batteva
1379 3434 24 22 le
1414 3440 45 16 ma-

989 3471 24 22 ni
1025 3477 12 15 e
1048 3469 107 22 strillava
1163 3477 7 13 :
1182 3466 167 29 —Quattrini!
1361 3467 99 28 quattri-

989 3505 24 20 ni
1022 3504 5 20 !
1040 3509 43 22 per
1095 3502 84 22 ultimo
1203 3502 18 21 il
1232 3503 96 27 paslore
1348 3499 111 22 Basliano

990 3537 43 22 che
1055 3535 82 28 girava
1151 3535 17 21 il
1182 3540 57 23 capo
1252 3532 64 23 dalla
1328 3532 78 22 desira
1414 3533 45 21 alla

989 3569 96 22 sinistra
1097 3567 76 28 spalla
1186 3573 12 15 a
1217 3566 44 22 mo’
1273 3565 25 21 di
1314 3564 101 28 pendola
1430 3565 29 21 da

989 3601 118 28 orologio.
1118 3599 120 22 AltobelJo
1251 3597 78 23 lancié
1338 3603 28 16 su
1377 3598 82 22 Maria*

990 3641 30 16 no
1039 3633 34 29 gli
1089 3632 67 22 occlii
1175 3632 62 21 aculi
1253 3632 87 27 quanto
1361 3630 96 27 coltelli,

991 3674 37 15 ma
1039 3666 77 22 costui
1129 3665 35 21 co’
1174 3665 54 21 suoi
1238 3663 99 28 fuggiva
1359 3669 100 22 pauroso

990 3701 43 22 che
1049 3699 34 29 gli
1103 3697 92 22 fossero
1216 3696 64 22 feriti
1287 3703 6 16 ;
1316 3701 46 16 nen
1387 3702 71 16 aveva

1485 2806 108 23 membro
1605 2806 43 22 che
1659 2806 35 29 gli
1706 2808 76 19 stesse
1794 2805 58 22 ferai
1855 2811 23 20 o,
1891 2812 13 15 e
1917 2807 44 20 tut-

1487 2840 62 22 tavia
1556 2839 140 22 oslenlando
1705 2838 124 29 petnlanza
1838 2838 81 22 diceva
1926 2844 6 15 :

1511 2885 29 4 —
1545 2872 104 29 Bisogna
1662 2878 59 22 pure
1737 2871 90 26 rilarci,
1840 2877 56 16 caro
1915 2871 45 22 fra-

1487 2906 71 27 tello;
1568 2918 28 5 —
1608 2906 76 28 questi
1694 2905 61 29 luigi
1765 2905 31 21 mi
1808 2904 151 29 pagheranno

1486 2939 22 22 la
1520 2939 97 29 pigione
1629 2939 23 21 di
1670 2944 56 16 casa
1744 2938 85 21 d'onde
1849 2938 31 21 mi
1891 2940 68 20 avete

1486 2972 59 22 fatto
1557 2972 106 22 cacciare
1673 2972 48 26 via,
1734 2978 13 15 e
1766 2971 22 21 le
1807 2977 70 22 spese
1896 2971 62 21 dello

1485 3005 134 29 sgombero.

1511 3051 30 4 —
1549 3038 74 22 Corne
1633 3038 6 22 !
1651 3037 105 22 esclamé
1765 3037 121 22 I’ufficiale
1898 3037 59 22 fran-

1486 3078 54 15 cese
1550 3070 134 23 restandosi
1695 3070 39 22 dal
1747 3073 97 20 contare
1855 3077 44 15 con
1912 3077 45 15 una

1486 3107 92 19 nioneta
1591 3104 23 21 in
1633 3110 78 21 mano,
1728 3107 84 26 questo
1833 3110 70 15 uomo
1914 3104 44 21 che

1486 3138 21 22 ci
1519 3139 143 27 consegnale
1671 3139 14 19 è
1696 3140 81 19 vostro
1789 3136 115 22 fralello?

1512 3183 28 4 —
1549 3170 45 23 Già
1604 3179 6 18 ;
1620 3171 29 21 da
1662 3171 36 21 cié
1711 3170 84 22 vedele
1802 3170 44 21 che
1854 3170 23 21 lo
1890 3169 66 22 ruha-

1485 3207 23 19 te
1529 3210 80 16 mezzo
1626 3210 40 22 per
1697 3203 151 28 venticinque
1868 3203 88 28 luigi...

1485 3237 81 28 quanti
1576 3243 31 15 ne
1617 3243 73 15 aveva
1693 3242 38 16 mo
1743 3235 104 23 contati?

1512 3281 28 4 —
1547 3269 148 22 Venlidue...

1512 3314 28 5 —
1547 3301 33 22 Mi
1593 3307 87 22 pareva
1691 3303 123 20 ventumo.

1512 3347 29 5 —
1547 3334 19 22 E
1577 3341 48 16 non
1637 3341 103 15 saranno
1752 3336 30 20 nè
1794 3340 115 16 mancose
1919 3333 39 22 voi

1485 3375 47 15 non
1540 3368 23 22 ci
1571 3368 118 21 rimettele
1700 3367 74 29 qtielli
1784 3367 44 22 che
1841 3370 67 19 avete
1920 3373 38 15 ru-

1486 3404 23 19 to
1518 3401 110 22 echeora
1639 3403 78 19 tenetc
1726 3401 23 21 in
1757 3406 79 20 mano,
1848 3407 13 14 e
1870 3400 24 22 la
1905 3406 54 15 vos-

1485 3437 36 19 tra
1538 3434 77 28 degna
1633 3436 111 19 consorte
1763 3439 47 15 non
1826 3439 57 16 cava
1896 3432 62 22 fuori

1485 3467 33 28 gli
1528 3467 54 21 altri
1595 3466 45 22 che
1650 3466 21 22 si
1686 3468 13 20 è
1720 3465 139 29 rimpiattali
1877 3465 24 22 in
1914 3468 46 19 las-

1486 3507 72 14 ca.—
1569 3499 103 22 L’aveva
1685 3499 60 22 fatto
1757 3505 42 21 per
1815 3498 144 22 distrazione

1485 3535 82 25 sapete
1577 3532 7 21 !
1598 3532 87 28 perché
1706 3532 23 20 la
1741 3531 45 22 Dio
1801 3532 81 27 grazià
1904 3537 55 16 casa

1485 3565 92 22 Alando
1585 3564 31 22 ha
1624 3570 74 16 onore
1706 3565 29 20 da
1744 3563 132 23 vendere...

1512 3609 29 5 —
1546 3597 26 22 Si
1583 3597 75 26 vede;
1672 3603 14 15 e
1705 3597 39 21 voi
1764 3597 97 27 signora
1873 3596 88 29 perché

1485 3632 99 20 avevate
1596 3629 109 29 grancito
1713 3629 15 21 il
1741 3629 59 28 luigi
1808 3629 14 21 ?

1513 3674 28 4 —
1550 3661 25 22 Io
1583 3662 14 21 ?
1604 3662 172 21 distrazione...
1790 3661 45 22 Dio
1851 3662 108 28 grazia...

1486 3701 55 15 casa
1554 3694 121 22 Alando...
1688 3700 73 16 onore
1781 3694 30 22 da
1831 3695 129 21 vendere...

1988 2805 92 28 rispose
2088 2805 188 30 singhiozzando
2288 2807 22 21 la
2325 2807 89 22 donna.

2013 2850 29 5 —
2050 2838 18 22 E
2080 2841 35 19 tre
2126 2839 159 29 venticinque,
2298 2840 21 21 si
2341 2847 12 14 a
2356 2840 55 22 {fret
2413 2842 22 20 lé
2448 2847 13 16 a

1986 2871 52 22 dire
2049 2871 121 23 l’ufficiale
2181 2872 103 23 schifato
2297 2873 30 22 da
2341 2876 122 19 lanlasoz-

1985 2911 71 20 zura;
2069 2911 36 15 ma
2118 2905 41 28 poi
2182 2906 167 22 ravvisandosi
2369 2913 13 15 e
2393 2914 71 21 pren-

1986 2937 76 22 dendo
2075 2937 91 22 un’aria
2179 2939 158 26 carezzevole,
2350 2943 68 24 posta
2439 2940 23 22 la

1985 2976 69 16 mano
2066 2977 27 15 su
2106 2970 22 22 la
2136 2971 76 28 spalla
2225 2971 23 21 di
2261 2971 119 28 Mariano,
2390 2973 72 28 ripre-

1984 3009 27 16 se
2021 3011 6 13 :
2036 3015 27 4 —
2075 3004 39 21 voi
2127 3004 32 21 mi
2183 3004 91 28 piacete
2284 3013 7 18 ;
2313 3005 61 22 siete
2392 3010 69 17 Uomo

1985 3035 133 23 fabbricato
2145 3043 13 15 a
2181 3043 75 22 prova
2279 3038 25 21 di
2322 3038 86 22 bomba
2419 3045 6 20 ;
2438 3039 23 21 la

1984 3072 80 19 vostra
2076 3076 55 15 casa
2143 3070 94 22 sembra
2247 3070 60 23 fatta
2315 3077 14 16 a
2340 3074 68 25 posta
2421 3078 42 22 per

1984 3103 97 21 tendere
2092 3103 22 21 la
2125 3102 100 29 tagliola
2233 3110 5 19 ;
2251 3110 26 15 se
2288 3105 24 20 vi
2320 3104 83 28 garba,
2418 3111 12 14 e
2438 3105 25 22 vi

1983 3136 100 28 garberà
2095 3135 23 22 di
2127 3139 75 23 certo,
2215 3137 176 22 continuaread
2401 3144 62 15 eser-

1984 3169 85 21 citarvi
2080 3168 38 22 nel
2130 3169 111 22 mestiere
2253 3170 69 21 dicui
2331 3173 69 19 avete
2413 3174 50 18 lan-

1985 3205 23 18 to
2021 3201 245 28 beneincomincialo,
2276 3203 24 21 io
2312 3203 151 29 vipromello

1985 3234 60 22 farvi
2065 3241 88 22 pagare
2164 3242 42 21 per
2217 3236 55 28 ogni
2286 3236 107 22 uffîciale
2416 3237 49 28 pri-

1984 3267 108 28 gioniere
2103 3268 61 21 dieci
2174 3275 14 14 o
2197 3269 173 28 quindiciluigi
2382 3276 82 15 secon-

1985 3300 30 21 do
2028 3300 17 20 il
2056 3300 94 22 merilo.

2012 3344 29 5 —
2049 3332 103 23 Toccate
2163 3340 45 22 qua
2216 3341 6 19 ;
2235 3336 13 20 è
2260 3334 76 23 affare
2356 3335 69 26 fallo,
2449 3343 13 14 e

1985 3369 61 18 se'-—
2054 3366 64 21 disse
2135 3366 114 29 piglando
2262 3370 35 19 tra
2314 3368 17 21 il
2350 3368 87 28 polliee
2450 3376 13 15 e

1984 3396 95 24 l’indice
2091 3404 31 15 un
2133 3399 61 28 luigi
2214 3406 42 22 per
2274 3400 120 22 l’estremo
2407 3408 56 15 con-

1986 3433 126 19 torno—e
2123 3438 27 15 se
2170 3438 47 16 non
2237 3434 95 27 sapessi
2352 3437 89 25 quanto
2456 3435 6 21 i

1985 3463 113 24 Francesi
2111 3466 135 26 procedono
2259 3466 48 21 alla
2331 3468 99 27 grande,
2452 3474 12 15 e

1985 3498 67 20 éome
2063 3497 80 22 animo
2156 3499 115 27 piultosto
2282 3499 60 22 dare
2351 3500 45 21 che
2405 3500 59 22 rice-

1985 3535 64 20 vere,
2064 3536 95 22 sempre
2169 3531 130 28 splendidi,
2314 3539 99 22 sempae
2424 3541 41 21 ge-

1985 3562 89 27 nerosi,
2086 3564 23 20 io
2120 3563 80 22 vorrei
2221 3563 66 24 darvi
2300 3569 85 24 questo
2405 3567 59 28 luigi

1987 3595 24 21 in
2021 3596 106 21 senseria
2139 3596 38 21 del
2190 3600 105 19 mercato
2308 3598 70 22 fatto.

2160 3662 160 30 [Cuntinua)
