2542 3910
24 454 19 24 4
54 451 10 23 i
77 443 132 28 Frateüi
223 443 88 25 Pueti

36 517 85 22 Cantemu
129 519 11 12 a
147 512 84 21 Ma-hiu,

36 546 45 19 jlese
88 539 25 18 d’i
120 538 53 18 fiori.

35 570 14 18 U
56 563 110 23 rusulaghiu

36 588 86 29 gparghie
130 587 7 17 i
145 587 76 18 s’odori.

34 615 76 24 jjgmma
115 613 68 17 natura

35 645 24 19 Dà
66 644 36 15 cun
109 638 84 22 primura

35 672 33 17 Iso
76 662 67 22 secreti

34 697 15 18 A.
56 691 31 20 noi
94 688 59 24 pueti.

35 735 87 21 Cantemu
130 735 11 13 a
148 729 77 23 Maghiu

35 756 108 25 Ch’accende
148 755 8 17 i
164 755 40 18 cori

35 786 37 21 Gbi,
81 781 68 25 pagW»
157 785 11 13 a
176 780 78 22 pagbiu,

35 810 77 22 Saldauu
120 806 66 18 amori.

34 838 23 19 pè
64 840 11 13 a
82 834 60 17 donna
149 835 60 16 corsa,

34 861 62 22 Kostra
105 858 76 19 risorsa,

35 888 39 19 Sola
79 883 110 20 incurrotla,

34 911 50 22 Canti
92 914 11 13 a
110 908 70 18 dirotta
186 906 5 17 !

35 956 85 20 Cantemu
128 956 12 13 a
146 949 77 23 Maghiu

34 982 20 20 Di
60 977 88 22 l’elettori
154 981 5 17 ;

35 1009 45 18 Focu
88 1009 11 13 a
106 1008 13 12 u
123 1000 105 23 vespaghiu

34 1033 25 20 D’i
65 1027 100 22 castradori
171 1026 5 17 !

34 1053 108 25 Puliticanti,

33 1086 9 17 I
47 1080 59 21 vostri
111 1078 59 19 stanti

35 1110 22 18 go
64 1112 10 13 e
81 1105 63 18 nostre
152 1103 35 17 lite

35 1134 31 19 Gbi
72 1131 30 18 vo’
112 1128 102 19 accendite.

34 1177 83 20 Cantemu
124 1177 12 13 a
143 1171 77 22 Maghiu

33 1203 21 20 Di
59 1207 11 13 u
80 1198 90 20 tribulalu

35 1226 75 22 Ch’ebbe
117 1223 92 23 curaghiu

33 1255 22 19 Di
60 1252 49 20 sulcà
115 1254 13 13 u
136 1250 54 21 pratu
197 1247 6 18 !

33 1278 67 22 Diggià,
105 1276 18 17 la
131 1274 54 22 spiga

34 1305 34 17 Au
75 1301 58 18 ventu
143 1298 88 23 iughie...

34 1329 33 19 Diu
73 1325 68 23 lsappia
145 1323 80 24 porgbie

35 1356 15 18 A
56 1358 11 14 a
74 1356 46 19 gran
127 1350 60 22 faliga
193 1348 5 18 !

32 1397 84 20 Cantemu
123 1399 12 12 a
142 1392 76 23 Maghiu

32 1424 20 19 Di
54 1428 11 12 a
72 1419 97 25 pecurella,

31 1451 15 17 A
52 1452 52 18 capra
110 1450 11 14 e
125 1444 80 23 l’eghiu,

31 1477 15 17 A
51 1472 104 25 pasturella.

31 1502 15 18 A
52 1499 62 19 veccia
121 1497 69 18 infiora

30 1528 8 17 1
43 1523 107 25 prunicciali
156 1527 5 13 :

31 1552 60 20 Ganta,
97 1554 11 13 o
116 1549 81 23 paslora,

30 1578 7 18 1
43 1578 18 16 to
66 1574 77 20 animali
148 1574 5 17 !

34 1620 86 18 Cantemu
129 1622 12 14 a
147 1616 78 23 Maghiu
231 1621 6 12 :

30 1645 54 19 Primi
91 1643 58 19 calori
157 1647 6 18 ;

30 1672 18 18 In
55 1671 21 18 lu
83 1669 93 23 îinaghiu,

29 1696 50 20 Tanti
85 1695 65 20 sudori
155 1694 5 18 !

30 1724 15 17 A
51 1723 46 17 lima
104 1721 69 23 sguilla

31 1748 60 23 Sopr’a
99 1747 75 18 furlana

29 1774 12 19 E
48 1773 66 18 manda
121 1777 12 13 a
143 1771 70 23 squilla

30 1801 15 17 A
50 1800 19 17 la
76 1799 84 17 lunlana.

29 1843 88 18 Cantemu
125 1846 12 13 a
140 1841 78 23 Maghiu

28 1870 19 17 l)i
54 1874 15 12 u
76 1870 51 17 lecca
134 1867 69 23 piattu.

28 1904 20 4 —
52 1894 51 19 Gran
110 1891 156 23 buccunciagbiu,

26 1921 35 18 Per
68 1924 37 18 que
110 1919 17 18 si
135 1918 49 18 fattu
191 1922 6 13 :

25 1947 20 17 In
52 1946 108 23 prefettura,

26 1971 67 18 Manna
101 1971 61 18 sicura
169 1975 6 17 ;

26 1997 16 17 A
48 2001 37 17 me,
93 2001 11 13 a
112 1997 36 20 mè,

26 2022 13 18 0
48 2021 45 23 Sgiò
100 2021 65 19 Marliè
171 2020 6 19 !

26 2065 89 18 Cantemu
120 2070 12 13 a
140 2064 77 23 Maghiu

26 2091 21 18 Di
55 2090 117 19 Cursichella

26 2116 33 18 Ghi
67 2121 25 13 va
100 2117 21 17 in
128 2115 121 23 naufraghiu,

27 2142 67 18 Misera
102 2146 11 14 e
120 2141 50 18 bella
176 2141 5 17 !

27 2166 88 19 Cantemu
120 2167 8 17 i
136 2167 44 22 guài

27 2192 21 18 Di
55 2197 11 13 e
73 2194 65 17 nostre
145 2193 52 17 terre
202 2197 6 17 ;

29 2218 42 19 Cusi
80 2218 21 18 fù
109 2218 38 18 mai

29 2243 24 19 Cu
62 2249 11 13 e
81 2244 76 18 vccchie
165 2242 73 24 guerre!

28 2293 85 20 Cantemu
121 2299 11 13 a
139 2293 77 23 Maghiu

28 2319 20 18 Di
56 2320 110 18 Pontenovu
173 2318 6 18 !

27 2344 69 19 Liberté
101 2345 5 18 !
112 2345 68 22 raghiu

29 2370 96 22 Spentu’ne
133 2371 51 17 l’ovu
190 2369 5 18 !

28 2396 15 16 A
49 2396 107 18 fratellanza
160 2394 10 19 ?

31 2421 46 19 Voce
84 2422 21 17 di
110 2426 59 18 panza
176 2421 5 18 !

31 2446 77 19 Mischiu
116 2448 19 17 di
143 2451 53 14 razza
201 2445 10 19 ?

29 2472 40 19 Idea
79 2478 54 18 pazza
142 2472 5 19 !

28 2514 59 24 Ganta,
96 2521 11 13 o
114 2516 58 23 pueta
176 2515 5 18 !

28 2540 52 19 Ganta
88 2542 87 21 sfrinatu,

29 2565 54 20 Cànta
91 2572 10 14 e
108 2568 74 18 décréta

28 2591 32 18 Pin
68 2593 57 18 ch’hai
133 2593 48 18 fiatu
188 2597 6 12 :

28 2616 34 18 Più
70 2617 81 20 illusioni
158 2618 6 18 !

28 2641 44 18 Cani
77 2647 23 13 cu
107 2643 40 18 cani
154 2643 5 18 !

29 2665 31 19 Più
68 2667 41 19 fede
115 2670 72 21 guasta,

28 2690 26 19 Ma
60 2697 5 13 :
80 2692 63 21 Corsi
151 2698 14 14 e
173 2694 66 18 basta
242 2694 7 17 !

78 2730 19 19 U
105 2731 176 23 Sampetraccîu.

399 448 15 25 A
422 448 65 27 l’Orsii
495 448 88 28 d’Orezza

359 499 42 18 Una
407 505 60 16 mane,
475 506 12 12 a
495 500 37 19 San
540 502 90 21 Pedrone,

358 524 80 22 Quandu
446 526 56 18 l’alba
509 527 110 22 richiarava,

359 550 43 17 Vidi
410 555 55 17 sorge
472 556 26 12 un
508 552 105 22 lumicone;

358 574 113 23 Dapertuttu
479 576 120 22 alluminavà,

358 599 15 18 E
381 600 65 22 pensai
452 605 38 14 cun
499 601 86 19 tristezza
591 607 5 12 :

359 624 32 18 C’è
399 625 52 18 forse
460 631 12 12 u
481 626 43 18 focu
532 627 20 18 in
558 627 68 18 Orezza
631 627 11 18 ?

357 661 116 20 Vallerustie
482 664 52 18 luttu
544 666 78 20 quanlu,

358 687 27 18 Da
393 693 13 12 u
415 689 100 22 splendore
523 690 116 21 n’erarossu;

357 713 102 19 L’abitenti
466 719 24 13 cu
496 716 92 21 spaventu

358 737 108 20 Gridavanu
476 744 12 13 a
495 740 22 17 lu
525 745 90 13 succorsu
623 745 5 13 :

358 769 10 10 a
378 763 21 18 Si
407 764 21 18 lu
436 765 44 17 focu
486 765 47 17 dura
540 764 57 23 assài,

358 788 36 18 Chi
402 789 67 19 feranu
473 790 15 17 li
497 790 50 23 pipai
551 790 10 18 ?

357 825 30 18 Un
396 826 18 18 si
421 826 41 19 fera
470 827 33 22 più
513 827 82 18 umhasti

358 850 39 19 Sili
406 852 35 22 foji
449 853 21 17 sò
479 852 103 23 hrusgiati;

356 876 30 18 Un
395 877 18 17 si
419 878 78 17 truverà
506 878 32 22 più
546 878 65 21 slacci,

356 902 60 18 L’arti
423 903 61 18 seran’
487 903 84 18 tralascia
574 903 20 22 U,

356 927 36 18 Più
397 928 68 19 rocche
470 928 25 18 nè
503 928 113 23 tupaghiole,

356 952 27 19 Nè
391 954 83 21 grattule
482 954 24 17 nè
514 954 93 18 cherriole
616 954 5 17 !

357 990 25 18 Le
388 991 126 21 donne,cume
523 990 65 18 feranu

356 1015 78 19 S’ell’un
443 1017 80 17 trovanu
531 1016 90 22 spurtelle
628 1015 11 18 ?

355 1041 26 18 Le
386 1042 90 23 castagne
480 1046 26 13 un
512 1041 115 23 cuglieranu,

356 1066 62 19 Ch'un
426 1067 29 18 c’è
460 1067 43 18 zani
507 1066 25 18 nè
539 1067 84 18 curhelle
632 1065 5 18 !

355 1091 15 19 E
377 1093 84 22 cusi,per
468 1092 46 23 ogni
521 1092 41 18 latu

355 1118 60 17 Tuttu
421 1122 42 14 sera
468 1118 114 17 cunsumalu
591 1117 5 18 !
603 1123 10 11 »

355 1153 61 19 C’una
420 1156 52 16 cerla
480 1155 114 21 impazienza

355 1179 16 18 E
378 1180 74 18 nutizie
459 1181 130 21 aspettavamu
596 1185 5 17 ;

353 1205 127 19 Unn’aviamu
488 1205 33 23 più
526 1209 94 19 sperenza,

333 1230 26 19 Da
365 1230 273 23 upenseruunmanghiavamu

355 1256 20 18 Si
381 1258 57 16 slava
445 1257 73 17 cu’telu
526 1256 20 18 in
554 1256 66 20 l’ossu,

355 1281 115 17 Guardendu
478 1281 21 16 lu
507 1281 42 17 celu
555 1284 62 13 rcssu.

355 1316 37 19 Era
401 1317 20 17 in
430 1317 45 17 dolu
484 1317 20 17 lu
512 1317 86 20 cantone,

354 1342 110 18 Tutt’unitu
473 1347 11 13 e
492 1343 123 22 cungregatu,

356 1367 82 22 Quandu
443 1368 56 22 junse
506 1368 22 18 lu
536 1369 72 21 pedone

353 1394 18 17 A
378 1394 57 22 purtà
443 1394 20 17 lu
472 1394 101 17 cunsulalu
579 1398 5 12 :

355 1425 10 10 «
371 1419 47 19 Fate
422 1419 57 21 festa,
488 1419 32 18 chi
524 1424 12 13 a
541 1419 16 18 si
567 1420 44 17 vale
619 1418 6 18 !

353 1445 92 21 Disse,un
450 1445 27 18 c’è
483 1445 52 17 nulla
540 1445 20 17 di
566 1445 49 17 male
620 1443 5 18 !

354 1481 25 19 S6
390 1483 53 17 statu
452 1482 102 23 appostain
562 1481 74 19 Orezza:

353 1508 78 22 Appena
438 1507 87 19 arrivatu
532 1507 20 18 in
567 1507 68 23 piazza,

354 1534 60 17 ïanta
421 1533 52 23 jenle
481 1533 63 18 ch’era
550 1537 77 14 accorsa

353 1558 71 19 N’ebbe
431 1559 24 22 pè
468 1563 38 13 una
514 1559 122 21 passighiata.

353 1584 64 18 Nantu
426 1589 12 13 a
445 1582 111 24 porta,e’èra
565 1583 62 19 l’Orsu

354 1609 35 19 Chi
396 1610 49 18 facia
453 1614 11 13 a
472 1614 22 13 so
498 1609 53 18 fuma
551 1610 26 17 ta.
585 1615 9 11 »

352 1647 112 21 Ma,mentre
468 1647 32 19 chi
507 1652 13 13 a
526 1647 21 18 lu
555 1647 83 18 Levante

354 1672 30 18 Un
392 1673 33 18 bel
433 1673 82 22 ghiornu
523 1673 95 20 silevava,

354 1698 92 18 L’oscuru
456 1699 21 17 di
485 1699 20 18 lu
514 1698 85 18 Punente

354 1724 59 18 Tutta
419 1724 54 18 l’aria
488 1723 137 19 n’amacchiava
630 1727 6 13 :

353 1749 31 18 Un
392 1750 46 17 velu
444 1750 20 17 di
470 1751 42 17 seta
519 1754 46 14 nera

354 1774 71 23 Cupria
433 1775 19 18 la
459 1775 76 18 «Muvra
540 1775 86 18 »ïntiera.

353 1812 28 19 Gu
386 1813 89 22 rispettu,
484 1812 90 18 l’Aitineu

354 1838 65 19 Saluta
426 1837 63 19 l’Orsu
496 1837 105 22 Orezzincu,

352 1864 29 18 Lu
388 1868 60 19 prega
452 1864 20 17 di
482 1863 83 23 prisentà

352 1890 19 17 A
379 1890 20 17 lu
405 1890 67 17 nostru
481 1889 92 18 Direttore

353 1915 27 18 La
387 1919 23 14 so
417 1916 55 21 parte
477 1914 20 18 di
503 1914 86 18 tristezza

353 1940 28 19 Cu
386 1940 96 19 cuntrittu
490 1944 11 13 e
508 1939 72 18 afflittu
586 1943 50 14 core.

489 1967 125 18 L’Aitxîicu.

333 2029 18 23 fi
366 2029 65 31 queili
438 2029 32 23 chi
483 2029 18 24 si
511 2028 103 27 scordanu

352 2077 65 23 Aghlu
424 2078 58 17 trovu
490 2081 27 14 un
525 2077 78 22 paisanu

331 2101 44 19 Ch’è
383 2107 35 18 par
425 2103 26 18 sti
457 2103 53 23 loghi
517 2103 102 22 impiegatu
628 2107 6 16 ;

352 2125 55 26 Dôpu
415 2128 87 19 strintuii
510 2129 20 17 la
536 2133 58 13 manu

330 2153 79 23 L’aghiu
417 2159 27 12 un
452 2158 48 18 pocu
509 2153 125 23 quistiunatu,

352 2179 36 22 Ma,
398 2179 105 22 unn’aghiu
510 2180 58 17 avutu
578 2179 58 17 barba

352 2204 23 18 Di
383 2206 56 17 sente
448 2210 12 12 u
465 2206 70 17 nostru
541 2204 81 23 parlatu.

352 2241 56 23 Dipoi
415 2241 74 18 eh’ell’è
496 2241 72 23 partitu

352 2267 28 17 Da
387 2267 23 17 lu
417 2271 22 14 so
447 2268 64 17 amatu
521 2271 61 18 paese,

353 2291 31 19 S’è
390 2293 91 17 scurdalu
490 2293 20 17 di
517 2293 21 17 lu
546 2296 57 14 corsu

352 2317 74 19 Subit’a
433 2318 21 18 lu
460 2318 64 22 primu
532 2322 57 17 mese,

355 2343 22 22 E,
386 2348 35 17 per
428 2343 36 18 avè
473 2343 20 18 lu
501 2344 91 20 so.mottu

352 2367 59 20 Ci’ole
419 2373 11 13 a
438 2369 74 22 parlalli
518 2369 20 18 in
542 2368 91 19 francese.

350 2405 70 19 Maladi
428 2406 67 23 vogliu
501 2406 21 17 la
529 2406 50 18 sorte

352 2431 36 18 Chi
394 2431 20 18 ci
418 2432 26 17 ha
453 2432 53 17 tantu
514 2431 94 23 castigatu
617 2430 5 18 !

351 2457 60 18 Tuttu
419 2458 22 17 lu
449 2457 71 22 populu
526 2461 54 14 corsu

351 2481 21 19 Si
380 2482 83 18 fermerà
469 2482 130 23 sparnuceiatu
609 2487 5 13 :

351 2507 43 19 Unu
403 2509 54 21 parte
464 2508 100 21 a’culunia,

330 2534 70 18 L’altru
403 2538 33 18 per
440 2533 193 23 Francia,impiegatu.

330 2570 79 22 Quandu
416 2575 27 14 un
450 2570 17 18 ci
479 2570 43 18 serà
532 2570 32 23 più
573 2570 60 21 nimu,

352 2595 147 24 Pienghiereniu
508 2595 45 18 tutti
562 2596 72 21 quanti.

352 2621 108 21 Chi,nant’a
470 2621 21 17 lu
502 2620 73 22 scogliu
581 2620 54 17 nudu

350 2646 91 18 .Fermera
449 2645 70 23 cignali
527 2645 92 18 erranti...

351 2671 16 18 E
377 2671 76 18 canterà
460 2671 117 22 l’impiegatu
586 2675 6 13 :

354 2703 10 12 «
371 2697 36 18 Chi
412 2701 25 14 ne
442 2697 44 18 vole
494 2696 17 18 si
517 2701 25 13 ne
549 2696 59 18 stanti
614 2695 6 18 !
626 2701 10 11 »

449 2727 25 19 P.
484 2726 127 19 Àndreotti.

769 454 111 23 Cuntrasiu

667 486 32 24 fra
710 495 25 16 un
745 489 67 23 Corsu
819 498 15 16 e
842 497 26 16 un
877 490 94 30 Paricjinu

787 552 14 14 V
808 553 51 14 Corsu

669 576 17 15 Si
691 577 60 18 (Innqne
757 578 78 15 rilurnatu
838 583 10 10 a
853 580 39 14 vede
897 584 11 10 a
912 580 52 17 Cirnn,

667 596 55 15 Nostru
727 601 66 11 mumma
798 598 58 15 sincera
861 603 9 10 e
875 600 87 17 prntettrice
965 601 7 14 ?

666 616 56 14 Dimmi
727 620 4 10 :
736 617 38 14 i'iiai
781 618 77 15 i-ilruvata
864 619 100 18 coma’prima,

666 635 58 15 L'Isula
728 637 16 14 di
749 634 66 19 beîlezzc
819 638 99 15 incautatrice
925 638 6 15 ?

666 655 75 19 Spiegami
746 658 54 13 etuimi
803 659 42 16 paria
850 658 17 15 in
870 659 42 14 frase
916 659 55 16 ottuse,

666 674 13 15 O
685 676 61 15 amante
756 677 16 14 di
780 677 57 18 piaceri
841 682 9 10 e
858 682 86 11 cornemnse
949 678 5 14 !

771 711 14 14 V
790 711 80 18 Parjginu

665 736 90 17 Mu./bi!nan
758 739 14 14 ci
775 738 59 18 capiscu
837 743 9 10 a
848 740 27 14 stn
877 739 93 19 lingnaggiu.

665 756 76 17 Sò/77/edi
747 758 81 15 Francine
836 762 8 11 e
850 763 31 10 non
889 760 72 14 diCirna.

665 777 20 14 Si»
692 778 49 14 nobilu
749 778 16 14 di
773 782 78 14 mamma,e
855 779 28 18 più
892 780 16 13 di
916 780 53 13 babbn.

664 797 113 18 Attrüjuiscu.si
783 798 17 14 di
805 802 37 14 poca
848 799 52 16 stima,

664 816 20 14 I)i
686 818 179 17 lutoyammiainsi;jene
870 820 99 16 comprend...

664 836 21 13 Je
688 837 39 13 vois:
730 837 16 14 la
754 838 61 14 colonie
819 842 11 11 a
837 842 25 11 ses
865 841 76 12 moments
948 840 6 13 !

784 873 14 14 U
804 873 50 14 Corsu

666 898 173 19 Veramente.agbinafà
844 901 34 14 c'un
884 901 86 18 rînncgalu:

664 918 100 17 Maladettu.c
770 921 62 16 quandu
838 921 13 14 ci
856 921 50 14 cascai
910 921 5 14 !

664 938 94 18 Sanguaociu
761 940 112 18 corsn,inpienu
877 941 92 15 abbelenatu:

664 957 81 16 Insensatu
751 963 8 10 e
764 960 17 13 di
787 963 42 11 vana
834 960 78 15 antoritai.

664 977 17 14 Si
685 981 10 11 a
700 979 61 14 calunia
766 979 22 14 ha
792 980 36 14 data
833 980 17 14 in
854 980 47 17 pienu
907 984 10 10 a
924 984 30 13 me,

663 997 39 14 D'un
707 1001 72 14 gnvernu
786 999 16 14 di
807 999 80 17 lonli,lu,si
894 1004 11 10 u
910 1000 17 14 rè
931 1000 4 14 !

768 1033 15 14 U
789 1033 80 18 Pariginu

664 1060 72 15 Dianire!
741 1061 25 14 Ma
770 1061 70 18 cu'aghiu
844 1062 41 14 fattu
892 1066 11 11 a
907 1061 64 16 sl’imbê-

941 1083 29 14 cile

663 1100 42 14 Sans
710 1101 111 15 connaissance
825 1102 57 14 alcune
889 1102 16 14 in
909 1101 60 19 pulitez-

946 1120 24 15 za?

663 1138 53 18 Specia
721 1140 15 14 di
742 1140 154 19 buse,idiot,omaccia
903 1141 31 14 vile
940 1143 5 14 !

663 1159 130 16 Cb'nnn'amache
798 1160 70 19 u’regime
873 1161 36 14 dila
918 1161 51 15 sfelza!

663 1178 40 15 Mon
709 1180 71 14 X>ieü'.\la
785 1181 47 14 di'ssa
837 1181 84 18 jente,ayez
925 1182 45 17 pilier

662 1198 24 14 lis
693 1203 23 10 ne
720 1202 56 12 savent
782 1201 20 13 ni
809 1201 43 14 vivre
858 1201 20 14 ni
884 1205 60 11 causer.

782 1235 14 14 U
804 1235 49 15 Co-rsu

662 1262 30 14 liai
696 1262 53 18 raggiò
755 1262 17 14 di
777 1263 45 17 parla
825 1263 17 14 in
847 1263 32 14 'ssa
886 1267 67 13 manera,

662 1281 99 17 Ta.paidgiuu
771 1282 115 13 naturalizzatu.

662 1299 53 17 Spirtu
721 1300 129 17 iDfecondu,adori
855 1305 33 11 una
898 1302 76 16 bandera,'

662 1319 13 13 £
682 1319 47 14 d'una
734 1323 67 12 mamma
806 1320 12 14 ti
823 1323 20 12 ne
847 1321 15 14 si
869 1322 73 13 scurdatu
948 1321 5 14 !

662 1338 25 15 Ma
695 1342 63 15 peixosa
764 1343 22 11 un
794 1343 19 11 ne
820 1340 36 15 Xesti
863 1345 32 10 una
900 1340 70 15 baslella?

662 1358 59 19 ltegina
725 1359 52 15 madré
783 1363 9 11 e
798 1360 73 15 rilucente
877 1361 44 15 steüa
926 1361 5 14 !

815 1392 16 14 U
839 1392 111 15 Pàsturellu.

696 1492 32 25 A
742 1491 68 26 miô
821 1493 108 25 zitelia

685 1563 48 19 Ghià
740 1565 33 17 chi
781 1565 28 18 mi
817 1570 50 18 vegu
875 1565 85 23 obligatu

684 1589 23 18 Di
716 1590 18 17 fù
739 1594 82 17 çanzone
826 1595 11 13 o
844 1591 101 22 paghiella,

685 1615 23 18 Di
716 1615 55 22 jornu
781 1616 55 18 sott’a
843 1616 22 18 lu
873 1617 47 21 sole,

685 1640 23 18 Di
717 1642 53 17 notte
778 1643 40 16 sott
823 1646 12 13 a
842 1642 19 18 la
869 1642 61 21 Stella,

685 1665 123 24 Parleraghiu
816 1667 140 23 unsuppulellu

686 1691 23 17 Di
716 1692 18 17 la
742 1692 41 18 miò
792 1697 42 13 cara
841 1693 70 18 zitella.

686 1730 38 19 S’io
731 1731 17 18 ti
755 1731 129 22 scrivu,amiô
890 1734 69 20 tesora,

686 1755 25 19 Sò
716 1758 72 21 parolle
796 1757 20 18 di
825 1763 12 13 u
844 1758 40 18 miô
891 1762 50 14 core.

685 1782 41 18 Avà
732 1784 57 21 partu
796 1788 6 17 ;
810 1787 34 18 per
851 1784 30 17 tre
888 1783 49 18 mesi

686 1807 79 19 Privatu
771 1809 21 17 di
800 1809 21 17 lu
829 1810 20 16 lo
856 1813 65 14 amore
929 1808 5 18 !

685 1833 51 18 Ma.ti
744 1834 89 22 seraghiu
841 1834 82 22 sinceru,

684 1858 22 18 Ti
711 1859 23 18 dò
742 1860 72 21 parolla
822 1860 75 18 d’onore
903 1860 6 18 !

685 1898 14 18 E
707 1899 143 22 giuvanolleun
858 1900 22 18 sò
888 1904 69 18 scarse,

684 1923 55 19 Ma.di
745 1925 31 17 l’ai
779 1926 29 17 Ire
813 1930 27 13 un
844 1926 28 17 mi
877 1930 24 14 ne
907 1926 58 22 piace;

685 1949 137 22 Eppoi,cambia
829 1951 88 22 d’amore,

684 1974 30 18 Un
721 1975 26 17 mi
755 1979 25 14 ne
789 1976 55 18 sentu
852 1980 74 19 capace,

685 1999 36 18 Chi
727 2000 19 19 la
754 2002 20 16 to
783 2005 80 17 persona
871 2002 40 17 sola

684 2026 16 17 A
705 2030 30 14 me
742 2026 28 17 mi
778 2026 19 18 si
804 2026 24 22 pò
836 2027 85 18 cunface.

685 2064 22 19 Ci
715 2069 24 14 ne
747 2065 44 18 serà
798 2065 33 22 più
839 2066 78 23 garhata

683 2090 36 18 Per
726 2091 68 22 giràlu
800 2092 70 17 mondu
877 2091 71 19 intiern
956 2090 10 19 ?

683 2114 76 20 Cum’ed
764 2115 46 19 ella?
815 2121 25 13 un
844 2117 28 18 c’è
877 2116 87 23 penseru!

684 2140 35 19 Chi
726 2141 21 18 fù
755 2141 19 18 la
783 2142 40 17 sola
831 2143 62 17 creala

683 2166 112 19 Peradornà
803 2167 20 18 lu
829 2167 117 19 mi’amore...

682 2191 26 18 La
717 2191 37 19 miò
762 2193 73 21 rosa,lu
842 2193 39 17 miô
886 2193 49 18 fiore
944 2193 5 18 !

682 2231 25 18 La
714 2236 20 13 so
742 2232 88 23 angeliea
836 2232 86 23 prisenza

682 2257 91 18 Aceende’
779 2257 39 18 ndu
826 2257 21 18 lu
853 2258 39 18 miô
897 2259 53 22 pettu
959 2263 6 17 ;

683 2277 13 22 È
704 2283 52 17 lume
763 2283 21 17 di
791 2283 19 18 la
817 2287 89 18 speranza

683 2307 27 18 Cu
717 2307 131 19 l’incantevuîe
856 2310 81 21 aspettu,

682 2328 14 22 È
704 2333 19 18 la
732 2333 54 22 perla
792 2333 85 23 preziosa

683 2357 34 20 Chi
722 2359 45 22 ghià
772 2360 53 17 tuttu
832 2360 18 17 lu
857 2360 107 18 mi’affetlu.

682 2398 36 18 Eiu
728 2403 28 13 un
764 2399 27 18 mi
799 2404 25 13 ne
832 2400 69 17 scordu
909 2400 38 18 mai

682 2424 21 17 Di
709 2424 15 17 li
731 2428 22 14 so
762 2424 60 18 chîari
831 2425 67 18 culori.

683 2448 13 18 0
704 2449 70 18 M...sè’
781 2450 94 21 prelebata

683 2474 26 18 Cii
719 2475 46 18 tutti
772 2475 16 18 li
795 2476 19 17 lo
823 2476 107 22 splendori,"

682 2499 14 18 E
703 2500 67 18 vurrìa
776 2501 77 21 copreti,
862 2506 12 13 o
882 2505 48 18 cara,

682 2525 22 18 Di
713 2526 52 18 tutt’i
774 2526 33 22 più
815 2526 47 18 belli
867 2526 45 18 fiori
920 2526 5 19 !

683 2567 29 19 Ma
720 2568 98 23 malgradu
827 2569 52 18 tuttu
888 2571 76 20 qhesiu,

675 2594 25 17 'A
708 2593 84 18 laseiatti
797 2594 22 17 sò
825 2594 74 18 fnrzatu
909 2593 5 18 !

682 2618 76 21 Partu,e
766 2619 89 21 seraghiu
864 2619 83 21 sinceru,

683 2643 93 23 Seraghiu
785 2644 21 18 lu
814 2645 20 17 to
842 2644 61 18 fidalu
913 2644 5 17 !

682 2668 30 19 Un
720 2673 43 14 men
765 2670 20 17 lu
786 2674 25 13 vu
819 2670 21 17 lu
849 2671 19 16 Lo
877 2674 54 14 nome

682 2694 37 18 Per
726 2694 57 18 ch’un
792 2695 28 18 sia
828 2695 95 18 criticatu.

752 2728 25 18 G.
787 2727 24 20 L.
818 2728 123 19 Geronimi.

1115 134 236 33 GIURNALI

1001 193 154 24 Autonomia

1023 232 24 18 Le
1055 233 80 18 résultat
1140 235 34 17 des
1183 234 89 18 élections
1277 237 24 13 en
1307 233 71 22 Alsace,
1384 233 33 22 qui
1424 238 11 12 a
1441 232 29 18 été

1002 261 36 14 une
1046 259 84 21 surprise
1135 264 48 16 pour
1187 259 133 20 beaucoup,est
1325 263 49 13 venu
1379 258 90 20 montrer,

1000 281 11 17 à
1020 282 17 17 la
1045 283 59 18 veille
1112 284 24 17 du
1145 284 66 22 procès
1219 284 23 17 de
1251 283 79 21 Colmar,
1343 284 128 21 l’importance

1001 306 25 17 du
1035 310 121 16 mouvement
1163 308 132 19 autonomiste.
1301 307 24 19 Ce
1333 309 56 17 serait
1393 313 22 13 se
1420 308 51 17 leur-

1001 336 30 13 rer
1039 337 37 17 que
1084 334 25 17 de
1117 334 18 17 la
1142 335 97 16 contester
1246 333 43 22 plus
1297 332 111 24 longtemps.

1022 356 34 18 Les
1065 357 166 23 circonscriptions
1240 359 24 17 de
1272 357 79 20 Colmar.
1359 357 110 21 d’Altkirch,

1000 380 23 18 de
1036 382 214 24 Mulhouse-campagne,
1260 383 23 17 de
1297 382 86 22 Saverne,
1397 384 25 17 de
1434 383 37 17 Ha-

999 410 74 17 guenau
1081 408 20 16 et
1114 408 24 17 de
1152 408 98 18 Molsheim
1262 408 33 17 ont
1308 408 31 17 élu
1347 409 32 17 des
1392 409 78 17 autono-

1000 430 65 18 mistes
1073 436 26 13 ou
1107 433 33 17 des
1148 433 150 18 autonomisants
1311 434 88 17 notoires.
1412 433 57 18 L’une

1000 455 32 18 des
1040 456 166 24 circonscriptions
1214 459 24 17 de
1243 458 172 23 Strasbourg-ville,
1420 458 49 17 ainsi

999 484 36 17 que
1042 482 58 17 celles
1108 482 23 18 de
1139 482 84 19 Forbach
1231 485 19 16 et
1258 484 23 16 de
1294 483 174 21 Thionville-ouest,

999 505 46 18 dans
1053 506 20 17 la
1080 506 84 22 Moselle,
1172 509 35 16 ont
1214 509 32 17 élu
1254 508 34 17 des
1302 508 139 17 communistes.
1452 508 17 16 A

998 529 158 24 Mulhouse-ville,
1164 533 20 17 le
1191 533 86 17 candidat
1290 532 177 21 anti-autonomiste,

998 554 24 17 M.
1031 554 113 23 Grumbach,
1153 562 11 12 a
1172 558 31 17 été
1209 558 37 21 élu,
1256 557 55 24 grâce
1318 563 24 12 au
1348 558 121 18 désistement

998 578 26 17 du
1031 580 79 21 pasteur
1124 581 76 22 Scheer,
1209 583 48 17 mais
1265 583 14 17 il
1294 583 40 17 s’en
1342 584 29 17 est
1384 582 47 18 fallu
1444 582 25 17 de

997 607 43 18 peu.
1049 603 21 18 Si
1078 605 38 17 l’on
1124 606 76 18 totalise
1211 607 29 18 les
1247 607 46 18 voix
1307 607 74 18 réunies
1389 612 24 13 au
1426 611 43 18 pre-

997 628 48 18 mier
1054 630 43 17 tour
1106 630 46 18 dans
1159 631 30 18 les
1197 632 48 18 trois
1259 632 136 22 départements
1403 636 65 13 recou-

997 654 43 18 vrés
1047 659 35 18 par
1089 655 29 18 les
1131 657 142 21 protestataires
1280 658 25 17 de
1312 657 84 18 diverses
1408 661 60 13 nuan-

997 684 37 17 ces,
1043 684 24 13 on
1078 681 63 18 arrive
1152 687 25 12 au
1192 682 68 18 chiffre
1273 683 158 22 impressionnant
1443 682 24 17 de

997 704 75 18 100.000
1079 706 52 17 voix.
1140 706 24 18 Et
1177 707 97 22 plusieurs
1287 707 96 18 candidats
1391 715 9 8 «
1407 707 61 18 natio-

996 734 50 13 naux
1052 736 10 11 »
1070 732 35 16 ont
1112 732 32 20 dû,
1153 736 49 18 pour
1209 732 41 18 être
1263 733 49 21 élus,
1320 733 104 22 témoigner
1433 732 34 17 des

997 756 115 21 sympathies
1119 757 12 17 à
1138 757 174 18 l’autonomisme...

1017 780 104 23 Lorsqu’on
1134 785 48 14 nous
1196 782 30 17 dit
1233 787 37 17 que
1283 783 19 17 le
1309 783 32 17 Dr.
1349 782 74 17 Ricklin
1437 782 30 18 est

996 809 26 13 un
1030 805 95 22 «Boche»,
1134 806 15 17 il
1157 807 43 17 faut
1209 807 46 22 qu’il
1263 808 18 17 le
1289 807 39 18 soit
1341 807 79 18 devenu.
1431 806 36 18 Car

996 834 47 14 nous
1057 835 50 13 nous
1121 835 108 14 souvenons
1244 833 27 16 du
1287 833 68 21 temps,
1372 833 57 16 avant
1447 832 20 17 la

996 859 74 18 guerre,
1085 856 25 17 où
1124 860 34 14 son
1173 857 79 17 élection
1261 857 12 17 à
1285 857 86 17 Altkirch
1383 856 65 18 faisait
1455 857 12 16 à

996 879 63 18 Berlin
1067 880 19 18 le
1094 881 60 18 même
1163 881 48 18 effet
1224 881 150 22 qu’aujourd’hui
1380 882 12 17 à
1404 881 61 18 Paris.

1018 904 108 19 Seulement
1136 915 23 4 —
1173 908 21 16 et
1206 907 46 17 c’est
1259 907 19 17 là
1291 911 37 17 que
1341 911 20 13 se
1374 908 66 16 trouve
1447 906 19 18 le

996 930 57 17 noeud
1061 931 27 17 du
1096 931 96 22 problème
1197 941 23 4 —
1225 932 18 17 la
1251 932 71 17 France
1330 931 100 22 qu’aiment
1436 932 30 17 les

995 956 143 21 autonomistes,
1153 961 22 13 ce
1192 957 50 17 n’est
1255 962 33 17 pas
1305 958 19 17 la
1337 957 68 17 France
1421 956 46 18 telle

995 980 68 22 qu’elle
1072 982 31 17 est
1109 986 5 16 ;
1123 981 46 18 c’est
1176 982 20 17 la
1207 982 70 18 France
1285 982 47 17 dont
1339 982 19 17 le
1364 982 68 21 peuple
1439 982 26 17 al-

995 1005 63 18 sacien
1066 1011 12 12 a
1086 1005 45 19 rêvé
1135 1006 84 22 pendant
1223 1011 27 13 un
1257 1006 121 22 demi-siècle,
1384 1006 19 18 la
1409 1006 58 18 Fran-

995 1035 21 13 ce
1022 1031 45 17 telle
1075 1031 56 22 qu’ils
1137 1032 111 17 voudraient
1253 1032 68 22 qu’elle
1328 1031 36 18 fût.
1369 1031 97 22 Beaucoup

995 1056 121 20 d’Alsaciens,
1124 1060 23 14 en
1155 1055 52 22 1918,
1215 1057 33 17 ont
1256 1061 32 13 cru
1296 1055 123 19 sincèrement
1423 1060 44 13 con-

995 1081 65 21 quérir
1068 1081 18 17 la
1094 1081 76 18 France.
1179 1081 26 18 Ils
1213 1083 34 16 ont
1254 1086 34 13 cru
1296 1081 67 22 qu’elle
1370 1080 97 19 reconnaî-

995 1105 45 18 trait
1052 1106 20 17 la
1085 1106 113 22 supériorité
1212 1106 25 17 du
1251 1106 147 22 gouvernement
1410 1106 55 20 local,

995 1131 24 17 de
1026 1131 18 17 la
1057 1131 165 18 décentralisation
1236 1133 19 16 et
1268 1132 24 17 de
1305 1132 51 17 leurs
1369 1130 97 18 méthodes

995 1156 168 21 administratives,
1176 1157 20 17 et
1204 1156 70 22 qu’elle
1280 1157 30 17 les
1317 1155 109 22 adopterait.
1440 1154 26 19 Ce

995 1181 30 17 fut
1032 1182 42 17 leur
1082 1185 67 14 erreur
1157 1182 20 17 et
1185 1181 47 18 c’est
1238 1181 43 18 leur
1289 1180 103 22 déception.

1016 1206 30 17 Au
1054 1206 53 21 fond,
1116 1206 19 17 la
1148 1206 91 17 tradition
1253 1206 92 22 politique
1352 1206 23 17 de
1387 1205 79 17 l’Alsace

996 1232 29 17 est
1031 1235 39 14 une
1079 1231 89 18 tradition
1177 1232 23 16 de
1205 1231 149 22 gouvernement
1358 1230 109 18 démocrati-

995 1260 37 17 que
1045 1257 19 16 et
1072 1256 55 17 local.
1136 1256 41 17 Elle
1188 1257 30 16 est
1225 1255 12 18 à
1249 1255 101 22 l’antipode
1357 1255 33 18 des
1401 1258 65 14 conce-

995 1281 62 20 ptions
1065 1280 170 18 révolutionnaires
1240 1281 20 17 et
1267 1279 168 23 napoléoniennnes
1442 1280 24 16 de

994 1305 19 17 la
1019 1304 102 18 Troisième
1129 1304 123 22 République.
1258 1304 41 17 Elle
1304 1305 31 17 est
1342 1305 39 21 trop
1389 1304 77 22 parente

995 1330 24 17 de
1026 1330 18 17 la
1052 1329 56 18 nôtre
1116 1334 47 17 pour
1171 1334 37 18 que
1216 1334 49 13 nous
1273 1334 24 13 ne
1305 1329 17 17 la
1337 1329 128 22 comprenions

995 1359 39 18 pas.
1040 1355 36 18 Les
1083 1355 138 18 autonomistes
1228 1355 91 18 alsaciens
1326 1356 85 20 pensent,
1416 1358 49 14 com-

995 1385 30 14 me
1030 1381 28 18 les
1067 1380 81 22 Suisses,
1155 1385 38 18 que
1200 1381 19 17 le
1225 1380 87 18 meilleur
1318 1380 148 23 gouvernement

995 1406 46 18 c’est
1048 1406 52 17 celui
1108 1406 32 22 qui
1148 1407 31 17 est
1189 1406 40 18 tout
1243 1405 43 22 près
1294 1405 26 18 du
1328 1406 66 22 peuple
1402 1406 20 17 et
1431 1405 34 22 qui

995 1436 23 13 en
1026 1431 77 18 connaît
1110 1432 29 17 les
1146 1431 85 18 besoins.

1016 1457 26 17 Us
1055 1457 34 17 ont
1103 1456 80 18 cherché
1197 1456 40 18 cela
1250 1460 24 14 en
1287 1456 108 23 Allemagne
1408 1456 21 17 et
1439 1459 25 13 ne

993 1481 47 18 l’ont
1047 1486 34 18 pas
1089 1481 73 19 trouvé.
1170 1482 27 17 Us
1204 1481 20 18 le
1230 1481 103 18 cherchent
1345 1480 118 23 aujourd’hui

994 1512 24 13 en
1026 1507 72 18 France
1112 1508 20 17 et
1144 1511 25 14 ne
1176 1507 26 22 l’y
1210 1507 91 18 trouvent
1308 1511 34 17 pas
1353 1507 110 21 davantage.

994 1532 48 18 Leur
1057 1532 89 23 tragédie,
1160 1533 48 18 c’est
1221 1532 132 22 d’appartenir,
1366 1536 46 14 avec
1425 1535 39 14 une

993 1558 99 18 mentalité
1100 1558 23 18 de
1130 1558 49 22 petit
1187 1557 43 19 Etat
1242 1557 94 22 fédératif,
1345 1557 10 18 à
1363 1558 24 17 de
1393 1557 70 22 grands

993 1583 52 18 Etats
1055 1583 118 19 centralisés.

1015 1608 40 18 Eux
1063 1609 58 21 seuls,
1132 1610 46 17 dans
1187 1613 21 14 ce
1222 1609 58 23 grand
1295 1608 166 20 bouleversement,

993 1635 43 16 sont
1043 1634 63 18 restés
1118 1634 87 23 logiques
1213 1639 32 17 ou,
1253 1635 17 17 si
1283 1634 39 18 l’on
1330 1633 48 19 aime
1390 1634 72 21 mieux,

992 1659 114 18 immobiles.
1111 1659 89 23 Lorsque,
1207 1665 34 17 par
1246 1660 90 22 exemple,
1342 1664 24 13 on
1371 1659 92 24 s’indigne

993 1689 36 17 que
1042 1685 29 18 les
1079 1685 118 22 catholiques
1205 1685 92 18 alsaciens
1311 1685 84 22 puissent
1407 1686 57 17 voter

992 1714 48 18 pour
1054 1710 35 18 des
1104 1711 137 18 communistes
1255 1712 20 16 et
1288 1710 132 21 inversement,
1438 1714 25 14 on

993 1735 64 18 oublie
1065 1735 49 22 qu’il
1122 1740 24 14 en
1153 1741 12 12 a
1173 1735 86 23 toujours
1267 1735 31 19 été
1305 1736 55 18 ainsi.
1367 1736 25 17 M.
1400 1736 64 17 Peiro-

994 1761 28 17 les
1029 1765 24 13 ne
1067 1761 99 21 paraissait
1173 1761 59 23 guère
1242 1761 62 18 moins
1315 1761 114 22 redoutable,
1438 1766 25 13 au

994 1786 58 22 temps
1060 1786 25 18 de
1093 1786 106 19 Guillaume
1206 1787 24 21 II,
1239 1791 37 18 que
1282 1791 26 14 ne
1313 1787 19 18 le
1339 1788 43 17 sont
1388 1787 76 22 aujour-

992 1811 53 18 d’hui
1051 1812 30 17 les
1095 1812 75 18 Hueber
1178 1813 20 17 et
1204 1813 30 18 les
1248 1812 81 18 Mourer.
1338 1812 49 18 C’est
1393 1812 20 18 la
1426 1813 37 17 tra-

992 1837 59 18 dition
1061 1837 34 22 qui
1103 1841 21 14 se
1133 1837 96 23 poursuit.

1013 1862 26 18 La
1047 1863 72 18 France
1125 1863 142 19 viendra-t-elle
1273 1863 12 18 à
1292 1864 48 17 bout
1346 1864 23 17 de
1382 1868 21 13 ce
1411 1868 52 13 mou-

992 1889 76 17 vement
1073 1887 10 18 ?
1095 1888 18 18 Il
1120 1888 42 18 faut
1169 1889 20 17 le
1202 1889 98 18 souhaiter
1313 1889 24 18 de
1348 1890 42 17 tout
1402 1893 60 16 coeur,

992 1914 46 17 dans
1051 1913 85 18 l’intérêt
1143 1915 23 17 de
1174 1914 20 17 la
1206 1914 51 22 paix.
1265 1914 48 18 Mais
1325 1919 48 13 nous
1380 1919 24 13 en
1417 1914 47 18 dou-

992 1939 43 17 tons
1042 1938 17 18 si
1069 1939 38 17 elle
1114 1939 107 22 n’emploie,
1230 1944 47 18 pour
1284 1940 47 21 cela,
1340 1944 36 18 que
1383 1940 34 17 des
1424 1940 38 17 mé-

992 1964 66 17 thodes
1074 1963 111 23 judiciaires
1209 1966 21 17 et
1244 1964 106 23 policières.
1368 1965 52 18 Nous
1437 1969 26 14 ne

992 1993 79 18 croyons
1079 1993 34 17 pas
1121 1990 12 17 à
1139 1989 20 18 la
1167 1989 108 22 répression
1282 1990 66 23 pénale
1356 1990 32 18 des
1401 1990 61 18 idées.

992 2014 139 18 L’interdiction
1136 2015 34 18 des
1175 2015 95 22 journaux
1273 2015 141 22 autonomistes,
1420 2015 42 18 l’ar-

992 2039 89 18 restation
1097 2040 33 17 des
1143 2040 53 18 chefs
1210 2041 26 17 du
1243 2042 120 17 mouvement
1375 2041 53 18 n’ont
1437 2045 25 14 eu

992 2064 73 18 d’autre
1073 2064 48 18 effet
1128 2069 36 18 que
1179 2065 96 19 d’assurer
1282 2070 26 13 au
1316 2065 72 19 Conseil
1401 2066 63 18 muni-

992 2089 47 22 cipal
1048 2090 24 17 de
1080 2090 104 22 Haguenau
1192 2095 38 14 une
1238 2091 101 18 réélection
1345 2091 117 23 triomphale,

992 2112 38 21 et-à
1042 2114 44 19 MM.
1096 2115 76 19 Ricklin
1180 2115 21 19 et
1214 2116 59 19 Rossé
1285 2117 43 18 leur
1336 2117 78 18 élection
1421 2117 12 17 à
1443 2117 20 18 la

993 2139 101 20 Chambre.

1013 2165 51 18 Nous
1078 2166 91 23 ignorons
1177 2171 23 14 ce
1207 2167 56 22 qu’on
1277 2168 90 22 reproche
1374 2173 23 13 au
1411 2168 52 22 juste

992 2195 37 13 aux
1042 2191 54 18 chefs
1104 2193 143 18 autonomistes.
1257 2193 20 18 Si
1290 2193 40 18 l’on
1337 2195 45 20 peut
1394 2194 69 18 établir

992 2216 145 22 objectivement
1150 2219 20 16 et
1183 2218 24 18 de
1218 2218 54 21 façon
1285 2218 109 19 irréfutable
1406 2219 56 22 qu’ils

992 2242 33 17 ont
1039 2242 79 18 commis
1126 2243 34 18 des
1174 2244 53 17 actes
1234 2245 24 16 de
1272 2244 58 18 haute
1343 2245 84 17 trahison
1437 2248 26 14 ou

991 2267 92 21 eomplolé
1091 2269 64 17 contre
1163 2268 20 18 la
1191 2269 63 18 sûreté
1262 2270 24 17 de
1299 2269 61 22 l’Etat,
1368 2270 15 17 il
1390 2274 24 14 ne
1428 2270 36 18 s’é-

991 2291 64 19 lèvera
1063 2297 35 18 pas
1106 2297 38 14 une
1151 2293 47 18 voix
1205 2298 47 18 pour
1260 2295 28 18 les
1296 2294 94 19 défendre.

1012 2318 47 18 Mais
1067 2318 15 18 il
1096 2318 66 19 faudra
1169 2323 38 18 que
1221 2320 49 18 cette
1282 2324 71 18 preuve
1360 2321 38 17 soit
1410 2321 53 18 aussi

992 2342 77 19 efficace
1076 2348 37 18 que
1120 2344 26 17 l’a
1153 2345 84 21 promise
1243 2344 26 19 M.
1280 2345 95 18 Poincaré.
1384 2345 35 18 Car
1426 2346 37 18 elle

991 2367 58 19 devra
1056 2369 113 18 convaincre
1176 2370 29 18 les
1212 2369 53 23 jurés
1273 2370 25 18 du
1304 2371 110 21 Haut-Rhin,
1421 2375 42 18 par-

992 2394 26 17 mi
1028 2394 83 22 lesquels
1119 2399 23 14 se
1148 2396 91 17 trouvent
1247 2400 44 13 sans
1300 2396 57 18 doute
1364 2397 99 21 quelques-

991 2423 37 14 uns
1041 2420 34 17 des
1084 2419 93 20 électeurs
1186 2421 23 18 de
1224 2421 42 18 MM.
1275 2421 75 18 Ricklin
1364 2423 19 17 et
1395 2421 67 18 Rossé.

991 2444 39 18 Elle
1038 2445 59 18 devra
1105 2446 113 18 convaincre
1226 2446 51 18 aussi
1285 2447 19 17 la
1312 2447 109 18 conscience
1429 2452 34 17 pu-

991 2470 69 22 blique,
1066 2471 34 21 qui
1105 2475 21 14 se
1131 2472 95 17 montrera
1231 2471 93 23 peut-être
1329 2472 42 22 plus
1376 2472 88 23 exigean-

991 2498 19 16 te
1026 2499 75 15 encore.
1117 2496 17 18 A
1142 2496 65 18 défaut
1224 2497 22 18 de
1262 2497 52 22 quoi,
1332 2502 21 13 ce
1365 2497 98 23 jugement

991 2521 124 22 apparaîtrait
1122 2525 73 14 comme
1202 2526 28 13 un
1237 2521 66 23 procès
1311 2522 23 18 de
1342 2524 89 17 tendance
1441 2523 21 17 et

991 2546 23 17 de
1021 2550 115 19 vengeance.
1151 2546 48 19 Loin
1206 2548 25 17 de
1241 2547 63 18 briser
1311 2547 19 18 le
1343 2549 120 17 mouvement

991 2572 131 20 autonomiste,
1128 2572 15 17 il
1151 2577 25 13 en
1184 2572 106 18 accroîtrait
1297 2573 19 17 la
1322 2573 87 23 vigueur.
1416 2573 46 18 Loin

991 2596 24 17 de
1022 2596 49 18 faire
1079 2597 49 17 taire
1135 2597 19 17 la
1161 2598 118 21 propagande
1287 2598 110 20 allemande,
1406 2598 16 18 il
1429 2598 34 18 l’a-

990 2621 121 18 limenterait.
1121 2621 24 18 Et
1152 2622 14 17 il
1174 2622 102 18 désolerait
1282 2623 45 18 tous
1334 2623 28 18 les
1375 2627 46 19 gens
1429 2623 34 22 qui

991 2646 33 17 ont
1031 2646 11 17 à
1055 2650 54 14 coeur
1115 2646 20 18 la
1147 2647 46 22 paix
1201 2648 19 17 et
1234 2648 18 17 le
1267 2648 151 22 rapprochement
1428 2648 34 18 des

990 2671 85 22 peuples.

1363 2704 33 18 W.
1404 2704 34 18 M.

1012 2730 88 22 (Journal
1108 2730 21 19 de
1138 2730 73 23 Genève)

1625 132 71 59 Le
1739 131 196 56 Procès
1976 130 71 57 du
2090 128 245 69 Complot

1517 216 377 58 Autonomiste
1934 213 251 58 Alsacien
2191 211 252 60 lorrain

1934 302 92 29 [Suite)

1522 406 35 20 Un
1567 407 85 20 nouvel
1661 407 104 20 incident
1778 413 25 13 se
1811 406 70 24 greffe
1898 412 28 13 en
1944 411 26 13 ce

1496 438 102 16 moment
1612 441 41 13 sur
1666 435 22 19 la
1704 434 113 20 demande
1831 440 45 18 que
1889 433 42 20 fait
1938 432 31 20 M.

1496 461 90 20 Ricklin
1596 462 29 20 de
1633 462 22 20 la
1667 462 67 20 lettre
1742 462 30 20 de
1783 461 187 21 remerciements

1495 496 46 18 que
1548 490 32 19 lui
1589 491 109 24 envoyait
1705 490 23 20 le
1737 489 60 21 Curé
1812 496 29 13 en
1854 488 114 26 question.

1495 516 37 20 On
1546 522 106 16 constate
1666 524 46 18 que
1719 518 35 19 les
1768 518 76 25 pièces
1856 520 53 17 sont
1922 516 47 19 très

1494 544 105 21 difficiles
1607 546 13 19 à
1629 550 94 16 trouver
1736 546 58 19 dans
1801 546 23 19 le
1840 544 97 22 dossier,
1946 546 23 16 et

1493 571 33 20 Mc
1534 573 102 20 Berthon
1644 574 94 24 prétend
1749 573 56 25 qu’il
1814 572 96 20 n’existe
1923 571 46 20 mê-

1494 606 37 13 me
1536 606 40 18 pas
1584 600 154 21 d’inventaire
1751 602 40 18 des
1800 600 101 20 dossiers
1913 605 56 14 sous

1493 628 90 20 scellés.
1592 628 20 20 Il
1620 628 113 21 demande
1741 636 30 12 au
1781 628 120 20 Président
1908 633 61 13 com-

1493 659 63 16 ment
1563 656 22 19 le
1590 656 56 25 jury
1653 664 85 18 pourra
1743 657 68 25 juger
1818 663 30 13 en
1857 659 63 16 toute
1927 654 42 20 im-

1493 684 116 23 partialité
1624 691 46 13 une
1687 685 79 20 affaire
1780 685 56 19 dont
1851 684 17 19 il
1890 683 79 20 n’aura

1493 717 45 18 que
1546 711 41 20 des
1595 712 179 20 connaissances
1790 718 93 18 vagues.
1894 711 17 20 Il
1920 711 49 20 doit

1493 740 119 19 connaître
1629 741 35 19 les
1681 740 75 25 pièces
1774 741 30 19 du
1819 740 150 20 volumineux

1492 767 97 20 dossier.
1603 775 11 11 «
1622 768 63 20 Avec
1701 774 46 14 une
1760 768 72 24 ligne,
1847 767 67 24 dit-il,
1937 773 30 14 on

1492 799 55 19 peut
1555 796 89 23 pendre
1652 802 31 13 un
1692 795 101 21 homme.
1803 796 18 19 Il
1830 795 60 20 suffit
1898 796 68 24 qu’au

1492 821 93 21 dernier
1593 827 105 17 moment
1706 830 31 13 on
1745 823 110 25 produise
1869 827 60 16 cette
1941 823 27 19 li-

1492 855 47 19 gne
1547 857 60 18 pour
1616 857 60 14 nous
1684 851 148 24 surprendre,
1848 855 23 16 et
1878 852 55 19 c’est
1941 857 26 13 ce

1493 883 46 18 que
1548 884 60 14 nous
1619 880 138 23 prévoyons.
1772 879 64 20 Voici
1853 878 114 25 pourquoi

1492 910 59 15 nous
1559 906 142 20 demandons
1709 912 46 19 que
1760 907 34 19 les
1802 907 95 19 accusés
1905 907 62 19 aient

1491 932 22 19 la
1521 932 82 21 liberté
1612 934 29 20 de
1650 934 75 20 revoir
1739 934 34 20 les
1790 934 76 25 pièces
1886 934 81 20 saisies

1493 959 111 22 chez-eux
1628 962 84 20 durant
1735 962 34 20 les
1794 962 172 24 perquisitions.

1492 987 75 24 Qu'ils
1575 989 106 25 puissent
1689 989 47 20 s’en
1751 990 83 20 servir.
1843 990 29 20 La
1882 990 30 20 loi
1929 990 39 20 de-

1492 1016 83 20 mande
1582 1023 46 18 que
1635 1017 34 20 les
1674 1017 68 24 jurés
1749 1018 63 20 aient
1819 1018 147 20 connaissan-

1492 1048 27 14 ce
1527 1043 40 20 des
1576 1044 102 21 dossiers
1687 1051 6 17 ;
1703 1045 18 19 il
1730 1051 30 14 ne
1769 1045 61 20 suffit
1839 1051 42 19 pas
1897 1045 69 25 qu’ils

1491 1072 149 20 connaissent
1655 1072 114 21 certaines
1785 1074 77 24 pièces
1883 1079 45 19 que
1943 1074 23 19 le

1492 1098 129 21 Procureur
1629 1100 99 20 Général
1742 1107 56 14 aura
1807 1101 125 25 produites,
1948 1101 17 19 il

1491 1125 50 21 faut
1554 1127 67 24 qu’ils
1632 1127 36 21 les
1682 1129 147 20 connaissent
1842 1133 76 15 toutes
1934 1134 30 14 ou

1492 1154 67 24 qu’ils
1568 1155 62 20 aient
1639 1162 30 13 au
1678 1156 76 20 moins
1762 1157 22 19 la
1792 1157 128 25 possibilité
1937 1157 29 19 de

1491 1181 34 19 les
1533 1183 119 20 connaître
1660 1184 126 23 toutes.Or,
1795 1190 58 14 avec
1859 1185 21 19 le
1888 1185 78 20 désor-

1491 1208 43 20 dre
1542 1215 45 19 que
1595 1217 60 14 nous
1664 1212 157 23 constatons,il
1831 1216 35 16 est
1874 1212 92 20 évident

1492 1242 47 18 que
1546 1238 21 19 la
1576 1237 71 21 chose
1655 1243 35 16 est
1697 1239 147 25 impossible.
1854 1247 11 12 »

1516 1264 31 20 M.
1557 1265 105 25 Mazoyer
1670 1267 126 20 intervient
1804 1274 58 18 pour
1873 1268 93 20 deman-

1491 1292 42 19 der
1541 1293 13 19 à
1562 1292 31 21 Me
1600 1294 104 20 Berthon
1713 1295 30 19 de
1751 1301 30 13 ne
1790 1301 41 18 pas
1840 1295 93 21 insister
1941 1299 24 17 et

1490 1319 33 20 lui
1532 1319 35 21 dit
1574 1321 57 24 qu’il
1641 1325 35 16 est
1688 1322 92 24 disposé
1797 1324 13 18 à
1826 1323 33 19 lui
1876 1323 88 21 donner

1490 1351 77 17 toutes
1574 1348 35 23 le£
1617 1348 100 22 facilités
1726 1356 59 18 pour
1794 1354 80 17 mettre
1883 1352 13 19 à
1912 1358 52 19 pro-

1491 1374 26 21 fit
1525 1376 33 20 les
1566 1376 111 21 dossiers.

1514 1403 32 21 M.
1555 1404 86 21 Fachot
1665 1405 126 21 intervient
1811 1408 154 23 personnelle-

1490 1435 64 17 ment
1561 1436 23 16 et
1589 1432 87 21 affirme
1685 1439 45 19 que
1746 1437 75 17 toutes
1837 1435 35 20 les
1888 1435 76 25 pièces

1489 1464 53 15 sont
1551 1460 51 20 bien
1617 1467 29 13 en
1661 1461 62 25 règle
1739 1466 23 15 et
1779 1462 54 25 qu’il
1850 1469 75 17 saura,
1942 1464 22 19 le

1489 1491 102 17 moment
1605 1495 67 17 venu,
1682 1495 28 14 en
1724 1490 98 20 extraire
1838 1490 34 20 les
1887 1491 76 25 pièces

1489 1515 40 24 qui
1546 1519 41 16 ont
1600 1516 28 20 de
1645 1516 165 25 l’importance.
1828 1518 99 25 «Quand
1939 1519 25 25 je

1489 1543 129 25 parlerai,je
1625 1545 116 23 produirai
1749 1546 34 20 les
1790 1546 97 25 pièces.»

1513 1571 44 21 Sur
1565 1572 55 25 quoi
1628 1572 32 20 Mc
1669 1573 101 21 Berthon
1788 1574 83 21 s’irrite
1884 1579 23 16 et
1923 1576 41 20 fait

1489 1606 136 18 remarquer
1631 1607 46 19 que
1685 1602 78 20 c’était
1771 1602 53 20 bien
1837 1603 22 20 là
1867 1604 26 23 Iet
1900 1608 64 21 guet-

1488 1635 73 17 apens
1573 1629 70 25 qu’on
1655 1629 51 21 leur
1723 1631 124 25 préparait.
1856 1632 30 20 Le
1907 1632 57 20 Pro-

1489 1663 82 14 cureur
1596 1657 99 21 Général
1716 1659 85 20 sortira
1828 1660 33 20 les
1886 1660 78 25 pièces

1488 1686 79 24 quand
1589 1686 16 20 il
1623 1686 99 25 parlera,
1741 1694 27 14 ce
1784 1688 39 25 qui
1846 1693 54 16 veut
1914 1689 49 20 dire

1488 1714 78 24 quand
1580 1714 33 21 les
1628 1715 81 21 débats
1725 1720 78 17 seront
1819 1717 55 20 clos.
1884 1717 78 21 «Nous

1489 1742 153 21 n’admettons
1671 1750 42 19 pas
1738 1751 40 14 ces
1802 1745 160 26 agissements.

1489 1770 62 21 Nous
1559 1771 130 21 réclamons
1697 1779 47 18 que
1751 1773 36 20 les
1795 1773 76 25 pièces
1887 1774 76 21 soient

1489 1799 118 24 produites
1623 1800 119 25 d’avance,
1755 1808 45 18 que
1817 1808 59 15 nous
1899 1803 64 24 puis-

1488 1828 65 19 sions
1566 1828 34 20 les
1609 1830 138 20 examiner.»

1513 1856 31 20 M.
1553 1856 86 21 Fachot
1647 1857 32 20 lui
1688 1861 89 21 promet
1785 1859 56 24 qu’il
1850 1865 31 15 ne
1896 1859 66 21 sorti-

1488 1890 26 14 ra
1527 1884 48 20 rien
1585 1885 41 24 qui
1634 1891 31 14 ne
1673 1886 44 20 soit
1726 1886 56 21 dans
1799 1887 23 20 le
1835 1887 88 21 dossier
1938 1892 23 16 et

1488 1912 55 25 qu’il
1551 1919 30 14 ne
1589 1913 79 25 puisse
1676 1915 122 20 contrôler.

1511 1939 30 20 Mc
1550 1941 101 21 Berthon
1664 1949 29 14 va
1707 1943 52 25 plus
1773 1943 47 21 loin
1841 1948 23 16 et
1878 1951 82 14 accuse

1488 1969 29 20 M.
1528 1969 86 21 Fachot
1626 1970 30 20 de
1671 1977 30 14 ne
1718 1977 42 20 pas
1774 1975 52 23 trop
1843 1973 77 20 savoir
1936 1979 27 14 ce

1488 1997 55 26 qu’il
1552 2002 54 16 veut
1618 1997 60 22 faire
1691 2003 23 16 et
1726 2000 29 20 de
1764 2007 29 13 ne
1809 2007 41 19 pas
1866 2001 97 25 déposer

1489 2029 50 17 tout
1546 2026 28 20 de
1582 2027 61 20 suite
1651 2027 34 20 les
1692 2027 77 25 pièces
1783 2029 39 24 qui
1831 2030 132 24 pourraient

1488 2054 125 20 intéresser
1620 2055 35 20 les
1664 2055 73 25 jurés.
1747 2056 18 21 II
1774 2057 21 19 Je
1808 2061 48 16 met
1870 2064 29 14 au
1918 2057 45 21 défi

1488 2081 28 21 de
1525 2082 90 21 donner
1627 2087 76 17 toutes
1715 2084 33 21 les
1765 2085 78 25 pièces
1860 2085 104 22 invento-

1488 2111 67 19 riées.
1565 2110 51 21 Une
1623 2112 136 21 altercation
1769 2119 25 14 se
1803 2114 91 24 produit
1908 2121 56 14 avec

1488 2138 21 20 le
1516 2139 124 20 secrétaire
1654 2140 132 24 particulier
1794 2142 29 19 de
1831 2141 31 21 M.
1870 2143 22 20 Je
1908 2143 56 20 Pro-

1488 2173 91 14 cureur.

1512 2198 32 20 M.
1554 2198 85 21 Fachot
1649 2200 87 24 répond
1744 2201 13 20 à
1767 2200 31 21 Me
1807 2202 101 21 Berthon
1918 2209 46 18 que

1488 2226 153 21 l’instruction
1651 2234 12 13 a
1672 2229 38 20 été
1719 2229 62 20 close
1789 2236 28 14 en
1832 2234 81 20 quatre
1929 2237 35 14 se-

1487 2255 88 20 maines
1583 2259 24 17 et
1615 2262 45 19 que
1665 2257 48 20 cela
1718 2258 106 24 prouvait
1832 2259 53 20 bien
1893 2259 69 25 qu’on

1488 2283 63 20 avait
1558 2283 29 20 de
1598 2284 94 25 l’ordre,
1706 2285 53 21 bien
1776 2292 47 19 que
1840 2286 31 21 M.
1880 2287 82 20 Mitton

1488 2311 32 20 ait
1528 2311 34 21 dit
1570 2318 53 18 que,
1629 2319 60 18 pour
1702 2320 81 14 mener
1792 2315 96 21 l’affaire
1904 2322 59 15 com-

1488 2345 37 14 me
1533 2340 16 19 il
1554 2340 76 23 faut,il
1640 2341 32 20 lui
1680 2341 75 21 fallait
1761 2343 35 20 six
1801 2343 59 21 mois
1868 2344 28 20 de
1902 2343 60 25 plus.

1511 2367 46 20 Sur
1565 2369 92 24 quoiMe
1665 2370 100 21 Berthon
1775 2371 87 25 répond
1875 2378 46 18 que
1937 2378 27 14 ce

1489 2398 74 22 temps
1568 2397 57 20 était
1630 2397 119 25 beaucoup
1758 2399 28 20 de
1795 2399 105 25 trop.Les
1908 2406 57 19 qua-

1487 2427 36 16 tre
1531 2424 117 21 semaines
1656 2426 57 20 dont
1722 2432 57 15 vous
1787 2428 77 23 parlez
1877 2428 87 20 étaient

1487 2457 85 15 encore
1583 2456 52 22 trop
1658 2454 97 25 longues
1768 2461 58 18 pour
1841 2455 40 21 des
1896 2456 68 20 inno-

1488 2483 87 17 cents.«
1581 2480 127 25 D’ailleurs,
1719 2482 29 20 M.
1757 2483 93 24 Fachot,
1865 2490 57 14 vous
1934 2491 30 13 ne

1488 2514 68 14 savez
1564 2515 41 17 pas
1614 2516 83 14 encore
1704 2516 28 14 ce
1744 2517 46 19 que
1799 2517 58 15 vous
1873 2513 89 20 voulez.

1488 2535 62 21 Vous
1559 2537 69 20 n’êtes
1638 2544 42 18 pas
1688 2539 40 20 sûr
1736 2539 29 20 de
1773 2543 65 17 votre
1846 2539 78 22 affaire
1940 2545 23 16 et

1488 2570 58 14 vous
1558 2571 30 14 ne
1600 2571 69 15 savez
1683 2566 18 21 si
1715 2573 59 14 vous
1787 2567 22 21 la
1827 2568 135 24 plaiderez.»

1486 2590 150 28 (Sensation).

1513 2620 30 19 M.
1553 2620 91 21 Ricklin
1663 2622 90 20 revient
1770 2629 84 15 encore
1870 2630 39 14 sur
1928 2625 35 20 les

1487 2648 127 21 nombreux
1622 2650 104 21 services
1738 2651 56 24 qu’il
1803 2658 12 13 a
1825 2652 85 20 rendus
1918 2659 45 16 aux

1487 2676 119 20 Alsaciens
1614 2680 23 17 et
1646 2678 15 19 il
1670 2682 47 16 met
1723 2679 14 20 à
1745 2678 68 26 profit
1820 2680 34 21 les
1862 2680 101 21 dossiers

1487 2704 69 24 qu’on
1565 2704 32 20 lui
1611 2706 63 19 avait
1682 2706 43 21 mis
1734 2710 66 17 entré
1808 2708 34 19 les
1849 2708 81 21 mains.
1943 2708 18 20 Il

1486 2731 51 22 leur
1543 2733 102 26 rappelle
1648 2733 119 27 l’exemple
1772 2735 55 21 d’un
1837 2742 84 19 paysan
1931 2737 30 20 du

1996 404 110 25 Sundgan
2115 403 39 24 qui
2163 406 35 16 est
2207 409 61 13 venu
2277 403 125 22 demander
2409 411 61 19 peur

1996 432 91 25 poivoir
2095 431 126 25 témoigner
2229 437 29 13 en
2268 437 25 14 sa
2299 431 87 22 faveur.
2394 433 31 20 M.
2432 434 38 19 Ri-

1995 459 61 21 cklin
2073 459 33 20 lui
2123 458 125 21 demande:
2259 466 11 11 «
2280 459 57 21 Mais
2355 467 39 14 sur
2414 461 56 25 quoi

1996 488 145 19 voulez-vous
2158 487 115 24 déposer?
2279 499 27 4 —
2314 487 45 21 Sur
2374 495 27 14 ce
2423 496 46 18 que

1995 522 57 13 vous
2066 516 89 19 m'avez
2170 515 57 20 écrit
2244 521 29 14 au
2289 515 62 25 sujet
2366 516 29 21 de
2411 524 56 13 mon

1994 543 44 20 fils.
2049 548 11 11 »

2019 571 32 20 Le
2056 577 85 18 paysan
2149 577 29 14 en
2187 571 106 25 question
2298 572 100 23 avait,en
2407 573 60 23 effet,

1994 605 30 13 un
2034 598 36 20 fils
2079 603 28 15 ett
2125 599 86 19 France
2227 605 29 13 au
2273 605 197 15 commencement

1994 626 29 20 de
2028 626 22 20 la
2057 633 82 18 guerre
2147 630 22 17 et
2177 627 17 19 il
2201 626 112 21 demanda
2323 628 13 19 à
2344 628 124 20 M.Ricklin

1994 654 34 20 s’il
2049 654 74 21 fallait
2146 655 111 25 l’appeler
2281 661 29 13 en
2337 656 90 20 Alsace.
2436 656 32 20 M.

1994 683 90 20 Ricklin
2107 683 34 20 lui
2158 683 107 25 répondit
2284 690 46 18 que
2347 690 26 14 ce
2390 684 80 20 n’était

1993 711 67 25 point
2067 712 22 19 la
2102 712 75 24 peine,
2196 711 56 25 qu’il
2267 712 72 19 valait
2354 712 76 21 mieux
2446 713 23 19 le

1993 739 82 20 laisser
2083 740 29 18 où
2122 739 15 20 il
2153 739 56 20 était
2217 742 24 17 et
2257 745 47 19 que
2321 740 149 25 l’Allemagne

1993 768 62 19 avait
2063 772 65 15 assez
2136 767 29 20 de
2173 767 96 20 soldats.

2018 795 89 20 Durant
2123 802 42 13 son
2181 795 78 25 séjour
2275 796 14 19 à
2298 795 125 25 C-irspach,
2434 796 30 21 M.

1993 822 90 20 Ricklin
2093 826 35 16 est
2135 823 121 20 intervenu
2271 824 13 18 à
2302 823 29 20 de
2348 824 121 20 nombreu-

1992 856 37 14 ses
2039 850 100 24 reprises
2145 857 58 19 pour
2211 850 57 21 faire
2277 851 85 20 libérer
2369 852 41 20 des
2418 859 51 18 per-

1992 884 85 14 sonnes
2085 879 100 19 arrêtées
2200 885 42 18 par
2253 879 34 20 les
2301 880 109 20 autorités
2428 880 42 20 mi-

1992 906 97 20 litaires.
2102 906 18 20 II
2138 906 44 20 cite
2199 907 122 24 l’exemple
2335 908 53 19 d’un
2405 912 66 21 guet-

1992 940 72 18 apens
2072 935 98 23 préparé
2176 935 14 19 à
2202 934 22 20 la
2234 935 135 24 population
2377 942 41 18 par
2436 943 30 13 un

1992 962 75 21 soldat
2083 962 39 25 qui
2142 962 62 20 avait
2219 963 113 24 prétendu
2350 964 64 20 avoir
2431 965 37 19 été

1992 990 76 20 blessé
2092 996 42 19 par
2158 990 96 20 celle-ci.
2290 990 19 21 Il
2331 992 83 23 portait
2437 998 29 13 en

1991 1018 54 19 effet
2053 1024 45 14 une
2107 1018 104 20 blessure
2219 1019 14 19 à
2249 1018 24 21 la
2287 1019 73 20 main.
2378 1020 31 20 Le
2426 1020 41 20 Dr.

1991 1045 90 20 Ricklin
2090 1046 111 20 demanda
2210 1047 13 19 à
2241 1047 117 20 examiner
2372 1054 97 18 person-

1993 1073 123 20 nellement
2136 1074 22 19 la
2176 1074 61 24 plaie
2253 1078 25 16 et
2294 1078 43 21 put
2354 1079 115 17 constater

1991 1101 55 25 qu’il
2054 1101 114 25 s’agissait
2176 1102 67 20 d’une
2251 1102 105 21 blessure
2363 1103 55 20 faite
2427 1110 42 18 par

1990 1135 46 14 une
2044 1135 63 14 arme
2114 1130 14 19 à
2136 1129 46 24 feu,
2187 1130 14 20 à
2210 1137 45 13 une
2264 1134 81 17 courte
2353 1131 113 24 distance;

1990 1156 17 19 il
2022 1156 36 20 fut
2075 1158 86 24 prouvé
2181 1164 46 18 que
2252 1158 122 21 l’individu
2392 1159 76 20 s'était

1991 1184 74 21 blessé
2074 1185 122 21 lui-même.
2207 1185 75 21 Grâce
2292 1188 14 18 à
2320 1191 62 16 cette
2397 1187 70 20 inter-

1990 1212 125 24 vention,la
2124 1213 133 25 population
2267 1221 30 13 ne
2304 1214 37 21 fut
2357 1221 40 19 pas
2413 1216 53 19 éva-

1991 1241 64 20 cuée.

2015 1268 44 20 Sur
2067 1269 161 21 dénonciation
2238 1270 30 20 de
2277 1277 129 18 personnes
2419 1271 48 25 pri-

1990 1297 60 22 vées,
2075 1297 57 20 trois
2148 1297 113 24 hommes,
2280 1299 29 20 M.
2329 1299 83 24 Acker,
2430 1299 31 20 M.

1990 1324 130 21 Burtschell
2137 1329 22 17 et
2176 1326 31 20 M.
2216 1326 76 21 Weiss
2314 1327 92 20 avaient
2428 1328 38 19 été

1989 1352 160 25 emprisonnés
2169 1358 24 16 et
2208 1353 78 22 furent
2297 1355 75 25 jugés.
2382 1355 29 21 M.
2428 1356 38 19 Ri-

1989 1380 61 21 cklin
2058 1380 26 21 fît
2097 1381 41 21 des
2153 1382 136 21 démarches
2307 1383 99 21 directes
2424 1390 41 14 au-

1989 1409 52 24 près
2049 1409 31 20 du
2088 1410 92 24 général
2188 1411 79 20 Gaedé
2274 1412 14 19 à
2297 1411 125 26 Fribourg;
2432 1412 31 21 M.

1989 1436 127 21 Bustschell
2125 1441 23 17 et
2156 1438 30 20 M.
2192 1438 77 21 Weiss
2281 1439 81 21 furent
2377 1441 89 25 acquit-

1988 1465 35 20 tés
2031 1466 67 24 grâce
2114 1466 14 20 à
2145 1472 43 15 son
2203 1467 168 25 intervention,
2389 1468 78 21 tandis

1988 1499 46 19 que
2041 1493 30 20 M.
2081 1493 74 21 Acker
2163 1494 34 20 fut
2204 1496 130 20 condamné
2342 1500 23 16 et
2374 1497 90 20 interné

1988 1527 29 14 en
2024 1522 141 25 Allemagne.
2174 1515 89 28 Di^mt
2272 1528 51 16 tout
2336 1530 41 15 son
2394 1525 72 20 inter-

1988 1552 102 21 nement,
2099 1549 31 21 M.
2139 1550 91 21 Ricklin
2247 1552 108 25 s’occupa
2377 1553 30 20 de
2423 1553 41 23 lui,

1988 1577 58 20 mais
2059 1577 31 21 M.
2104 1578 73 21 Acker
2191 1585 30 14 ne
2238 1580 88 20 semble
2340 1587 42 19 pas
2397 1581 67 20 s’être

1988 1611 103 15 souvenu
2100 1607 28 19 de
2136 1613 42 14 son
2188 1607 148 21 bienfaiteur.

2013 1633 18 20 11
2041 1634 44 20 cite
2093 1634 89 21 ensuite
2197 1641 42 14 son
2257 1635 159 22 intervention
2434 1644 31 13 en

1988 1661 80 21 faveur
2076 1662 29 20 de
2113 1663 57 20 trois
2183 1663 80 21 dames
2272 1663 126 25 françaises
2406 1665 60 20 d’Ai-

1987 1690 83 23 tkirch,
2084 1690 85 21 exilées
2185 1692 14 19 à
2216 1691 160 26 Schaffhpuse.
2386 1693 30 20 M.
2427 1694 38 19 Ri-

1988 1718 61 21 cklin
2067 1718 28 21 lit
2110 1719 22 20 la
2149 1720 67 20 lettre
2230 1720 29 20 de
2277 1722 189 20 remerciements

1987 1747 95 25 qu’elles
2096 1747 31 20 lui
2136 1749 150 24 envoyèrent.
2302 1749 37 21 On
2353 1756 28 14 en
2399 1750 66 21 vient

1987 1782 28 14 au
2024 1777 81 23 procès
2114 1776 91 25 Brogly.
2211 1777 126 26 M.Brogly,
2344 1778 84 25 député
2433 1786 29 13 au

1988 1804 109 25 Landtag,
2106 1805 56 20 était
2168 1807 83 19 accusé
2259 1806 42 20 dès
2310 1811 51 20 1914
2376 1807 88 20 d’avoir

1986 1833 164 25 communiqué
2167 1834 40 20 des
2232 1834 202 26 renseignements
2450 1836 15 19 à

1986 1861 40 20 des
2035 1860 101 21 officiers
2144 1861 100 25 français
2252 1869 31 13 au
2292 1863 62 25 sujet
2361 1864 41 19 des
2418 1863 48 21 for-

1985 1888 123 21 tifications
2116 1890 31 19 du
2156 1889 127 22 Istein.Ces
2288 1891 177 21 dénonciations

1985 1918 93 19 avaient
2086 1918 36 20 été
2130 1918 67 20 faites
2205 1925 42 18 par
2255 1925 33 14 un
2295 1920 112 20 véritable
2414 1919 49 22 fou,

1987 1950 23 16 et
2017 1952 30 14 on
2056 1951 26 15 se
2090 1946 113 21 demande
2219 1951 118 17 comment
2353 1948 34 20 les
2403 1948 62 20 Alle-

1987 1973 82 21 mands
2077 1977 79 22 ont-pu
2166 1975 103 20 recevoir
2284 1976 30 19 de
2330 1976 84 24 pareils
2431 1977 32 19 té-

1987 2002 141 25 moignages.
2136 2002 61 21 Tout
2212 2003 23 20 le
2243 2004 85 20 monde
2336 2004 45 20 sait
2397 2004 67 20 d’ail-

1987 2030 62 20 leurs
2058 2036 45 19 que
2119 2031 31 20 M.
2161 2031 85 25 Brogly
2263 2032 88 21 n'avait
2366 2032 49 20 rien
2435 2033 29 20 de

1988 2057 57 22 neuf
2056 2059 12 20 à
2086 2059 127 24 apprendre
2229 2066 45 14 aux
2292 2060 115 24 Français,
2422 2061 41 24 qui

1987 2087 86 20 étaient
2084 2086 166 21 suffisamment
2268 2088 135 25 renseignés
2423 2095 42 14 sur

1988 2121 31 14 un
2028 2114 46 21 fort
2082 2115 62 20 aussi
2151 2116 94 24 proche.

2055 2171 56 22 (Vede
2116 2177 14 12 u
2136 2172 71 22 seguüu
2217 2171 20 18 in
2245 2173 66 22 quarla
2319 2172 77 24 pagine)

2018 2336 99 87 IlS
2128 2336 255 99 CfLÈS
2408 2330 17 101 f

2023 2422 142 341 Ì
2225 2450 128 41 Produit
2406 2428 22 77 |

2200 2504 182 45 hygiénique
2407 2497 21 62 |

2175 2551 225 49 indispensable
2407 2552 21 55 |

2239 2627 104 20 EXIGER
2407 2608 22 37 É

2185 2654 93 23 L’ALGGOL
2289 2654 19 21 de
2317 2652 81 23 MEîJTHE
2408 2651 24 38 ?|

2186 2678 247 66 RIOQI.I>1

12 2836 90 22 -Gglittinu
108 2839 20 18 di
131 2840 22 17 A
156 2839 81 19 Muvra
241 2847 23 5 —
270 2843 20 12 a.
297 2836 23 19 90
327 2845 19 5 —
351 2836 21 18 di
377 2841 12 12 u
403 2833 62 20 1-6-28

29 2887 235 59 PASQUALE
297 2887 143 51 PAÔL1

198 2961 65 19 OSSLA

41 2994 35 37 La
93 2998 79 36 Rotta
189 2998 32 36 di
234 2997 177 36 Pontemovo

12 3039 450 32 RACONTOCORSODELSECOLO

184 3081 84 23 XVIII

217 3116 23 18 DI

88 3145 32 24 F.
134 3146 37 24 D.
188 3145 175 26 Guerrazzi

164 3260 124 30 (Seguito)

28 3304 70 28 Come
118 3313 23 20 la
156 3312 90 22 libertà
265 3312 38 21 col
323 3309 138 28 servaggio,

11 3339 30 20 Psr
47 3341 22 22 lo
83 3351 72 17 meno
165 3352 47 16 con
223 3347 22 20 la
256 3343 165 29 sogge2ione?
433 3341 30 22 Se

8 3371 78 32 °nesto,
99 3384 68 17 corne
180 3385 80 22 spero,
273 3378 44 22 che
333 3376 101 23 tradissi
446 3375 18 21 il

7 3404 75 27 P°Polo
95 3412 44 22 che
148 3414 35 21 ho
195 3414 96 27 giurato
303 3410 134 24 difendere,
450 3414 13 15 e

7 3434 33 24 c^e
50 3442 125 27 difenderô
186 3446 81 23 finchè
277 3446 35 22 mi
321 3444 62 22 basti
395 3442 67 23 l’ani-

6 3471 30 20 -^a
42 3479 10 14 r
61 3487 28 6 —
100 3478 41 23 oh
150 3481 6 20 !
171 3481 61 21 fossi
244 3480 107 28 padrone
363 3478 42 21 del
417 3476 47 22 ful-

6 3504 52 24 ^Rie
65 3521 27 6 —
98 3514 89 25 perché
197 3513 175 29 sghignazzate,
378 3511 86 27 signor

6 3537 111 34 ^’aliere,
131 3552 14 15 e
158 3548 35 21 mi
205 3549 114 27 sporgete
337 3544 126 23 irridondo

48 3577 48 21 jQjg
107 3581 84 24 paroie
203 3582 19 21 il
231 3579 130 24 volume'di
370 3578 94 23 Plutar-

6 3604 79 27 :o?Lo
96 3617 35 21 so,
145 3614 25 21 lo
183 3620 28 16 so
223 3615 82 27 quello
317 3613 45 22 che
379 3611 84 22 volete

14 3640 58 26 *rini,
85 3643 53 24 Non
150 3647 27 21 fu
187 3653 75 17 uomo
273 3648 24 21 al
307 3645 101 26 mondo,
418 3643 45 22 che

6 3669 6 15 J
25 3673 142 28 stticândosi
179 3686 45 21 per
233 3682 24 21 la
270 3679 88 24 libertà
370 3679 40 21 del
419 3683 44 22 po-

6 3702 29 48 ^
35 3709 23 22 0»
81 3716 49 17 non
153 3715 122 26 capitasse
294 3715 77 22 male:
395 3717 68 17 corre

22 3737 47 24 olto
80 3744 90 29 tempo,
182 3747 46 22 che
244 3749 33 21 mi
290 3753 62 17 sono
371 3751 93 17 amma-

494 2836 49 21 nito
555 2840 62 16 anco
630 2841 14 15 a
654 2837 86 26 questo
750 2841 6 20 ;
769 2835 60 27 perô
843 2836 120 22 avvertite

494 2869 67 25 bene,
574 2874 45 16 con
631 2869 84 21 animo
726 2869 101 22 diverso
839 2870 25 20 di
883 2870 80 27 quello

494 2902 41 22 :he
551 2904 156 26 supporreste
719 2903 50 24 voi,
784 2903 179 27 imperciocchè

494 2936 66 22 abbia
573 2936 161 25 considerato,
749 2936 46 21 che
803 2937 8 20 i
823 2936 89 21 nemici
923 2936 40 22 del

494 2971 87 26 popolo
605 2975 48 16 non
679 2970 18 21 si
713 2969 147 22 condussero
878 2975 13 16 a
914 2969 49 22 fine

494 3004 117 28 migliore,
625 3009 14 15 e
656 3004 8 21 i
678 3003 72 27 primi
762 3003 90 22 ebbero
876 3004 18 21 il
906 3009 56 15 con-

494 3038 60 21 t'orto
577 3037 64 21 délia
658 3042 61 22 pace
737 3036 146 27 dell’anima,
897 3037 7 21 i
925 3042 37 15 se-

494 3071 68 22 ;ondi
582 3071 24 20 le
617 3070 115 29 angoscie
743 3070 41 21 del
806 3071 112 25 rimorso,
940 3071 22 20 la

494 3105 67 28 guale
576 3109 57 17 cosa
645 3110 48 16 non
718 3103 13 22 è
743 3104 97 26 piccolo
860 3104 102 28 capitale

494 3139 61 21 nelle
566 3138 86 21 ultime
661 3143 43 16 ore
712 3143 6 20 ;
725 3137 139 23 finalmente
876 3138 8 21 i
892 3143 71 23 gram

494 3173 21 21 ii
527 3171 145 23 bengfattori
685 3176 68 17 corne
761 3171 7 21 i
775 3172 86 26 grandi
869 3171 94 23 malfat-

494 3206 44 22 tori
549 3206 184 26 sopravvivono
745 3205 23 20 al
780 3205 124 26 sepolcro,
922 3210 42 16 ma

494 3239 74 28 juesti
580 3239 46 20 alla
638 3238 105 25 infamia,
758 3238 74 26 queili
840 3238 121 22 all’amore

494 3273 35 22 lei
548 3272 85 28 popoli
653 3272 87 27 pentiti
756 3277 13 15 e
790 3271 170 22 riconoscenti,

494 3306 46 23 Qra
552 3311 44 22 per
615 3305 35 28 gii
671 3305 75 21 animi
767 3304 84 27 gentili
871 3309 49 16 non
940 3304 21 22 si

494 3345 101 17 ;onosce
607 3338 94 28 premio
725 3337 44 21 che
781 3337 82 27 superi
874 3339 86 24 questo

494 3374 22 21 in
525 3371 81 26 bontà,
616 3373 157 26 quantunque
782 3372 96 26 gustato
890 3370 72 21 dalo-

494 3413 24 16 :o
530 3406 155 23 uhicamente
696 3410 44 23 per
749 3404 42 21 via
802 3404 25 21 di
837 3403 123 28 presagio.

516 3451 29 5 —
555 3439 28 22 lo
603 3444 50 16 non
665 3439 34 20 mi
719 3436 132 26 offenderò,
865 3437 96 27 rispose

494 3474 108 22 i’oratore
613 3472 25 22 di
650 3471 107 26 Francia,
769 3470 121 29 generale,
911 3470 50 22 dél-

494 3510 17 20 ié
524 3508 82 21 vostre
625 3506 93 27 parole,
730 3505 104 22 ammiro
844 3504 24 21 le
881 3503 78 22 nobili

494 3541 46 22 ioti
552 3538 147 25 dell’animo,
713 3537 169 28 anco.quando
893 3537 68 26 paio-

494 3581 27 15 10
533 3573 123 23 eccedere.
670 3572 73 22 Senza
756 3574 77 25 punto
844 3570 116 21 cancella-

494 3615 21 16 :e
526 3609 23 22 le
561 3612 63 19 çose,
639 3605 45 22 che
694 3605 39 28 già
746 3605 25 21 vi
785 3604 68 25 dissi,
872 3609 89 21 prego-

494 3648 20 16 n
522 3640 122 24 awertire
651 3640 155 26 quantoaltro
816 3638 144 22 brevemen-

494 3682 19 15 :e
526 3675 24 21 vi
563 3672 65 26 dirô;
641 3673 22 20 la
677 3673 128 26 questione
817 3671 67 21 côrsa
900 3670 60 21 offre

494 3709 43 21 lue
548 3706 97 29 aspetti,
657 3706 20 21 il
684 3706 79 26 primo
774 3707 106 21 esterno,
892 3703 19 21 il
922 3709 38 14 se-

494 3742 75 22 :ondo
580 3741 106 21 interno.
699 3738 30 22 La
737 3740 84 19 vostra
832 3736 94 28 sagacia
932 3737 26 20 vi

990 2835 57 23 avrà
1064 2843 13 14 a
1090 2838 84 27 questa
1195 2842 42 17 ora
1248 2838 103 22 chiarito
1363 2838 45 22 che
1424 2839 34 27 gli

990 2869 59 24 Stati
1062 2870 117 28 d’Europa
1191 2871 134 22 intendono
1337 2872 123 22 estender-

990 2904 28 26 si,
1030 2910 13 14 e
1052 2904 141 21 bilanciarsi
1204 2904 52 22 cosi
1263 2911 44 21 per
1314 2911 66 16 mare
1388 2911 71 16 corne

989 2943 44 22 per
1043 2940 71 19 terra.
1125 2936 31 22 La
1165 2937 89 22 Russia
1265 2939 60 22 mira
1336 2940 123 26 allungare

989 2971 8 21 i
1008 2971 65 27 piedi
1087 2976 13 16 a
1113 2969 214 30 Constantinopoli
1339 2973 120 26 periscal-

989 3004 87 22 darseli
1088 3005 22 20 al
1122 3005 52 20 sole
1181 3011 6 14 :
1199 3005 24 20 lo
1234 3005 31 21 ha
1275 3012 44 20 per
1330 3007 128 20 testamen-

988 3041 25 18 to
1019 3038 63 21 dello
1089 3043 52 17 czar
1147 3037 84 22 Pietro
1238 3038 18 21 il
1264 3038 106 25 Grande;
1379 3038 80 22 l’Aus^

988 3072 46 21 tria
1044 3072 61 20 suda
1116 3076 76 22 acqua
1211 3077 14 15 e
1237 3077 89 23 sangpe
1338 3078 43 21 per
1398 3074 61 22 met-

988 3107 51 20 tere
1050 3110 60 23 capo
1127 3105 21 20 ai
1161 3105 62 21 mari
1234 3111 5 20 ;
1252 3106 31 23 lei
1299 3107 65 20 tiene
1375 3106 84 21 addie-

988 3141 38 19 tro
1036 3139 24 22 la
1078 3138 142 27 repubblica
1236 3139 23 21 di
1273 3139 113 26 Venezia,
1398 3140 59 27 perô

989 3172 13 22 è
1018 3172 101 23 riuscita
1141 3177 13 17 a
1165 3171 95 24 ficcarsi
1273 3174 41 22 nel
1325 3173 84 22 ducato
1432 3173 25 23 di

989 3205 99 26 Milano,
1102 3211 14 18 e
1127 3205 69 27 quivi
1205 3207 36 19 sta
1250 3207 39 20 nel
1298 3211 78 19 mezzo
1387 3206 71 24 d’Jta-

987 3240 42 24 lia,
1050 3244 70 18 corne
1141 3244 33 16 un
1194 3240 58 27 topo
1272 3240 85 22 ehiuso
1369 3240 23 21 in
1408 3240 51 21 dis-

989 3277 86 22 pensa;
1091 3271 122 23 lasciatela
1234 3272 94 26 rodere,
1350 3272 12 21 è
1374 3273 18 21 il
1411 3278 46 16 sno

988 3305 124 25 m'estiero,
1121 3305 29 21 da
1156 3304 103 28 qualche
1267 3308 68 24 parte
1341 3306 102 21 bucherà
1450 3312 6 15 :

987 3343 38 16 ma
1033 3338 126 21 mettiamo
1167 3337 30 21 da
1208 3338 78 21 banda
1299 3339 8 20 i
1319 3339 46 21 casi
1379 3344 79 16 remo-

987 3371 18 22 ti
1015 3371 153 28 ragioniamo
1183 3371 212 27 degrimminenti.
1407 3372 50 22 Voi

988 3405 87 21 vedete
1086 3404 102 22 Francia
1197 3410 13 15 e
1223 3403 152 28 Inghilterra,
1391 3411 68 16 ému-

987 3439 23 20 lé
1019 3440 92 23 eterne,
1123 3438 31 21 ed
1163 3438 26 21 io
1201 3437 72 22 credo
1282 3443 72 17 meno
1365 3444 44 21 per
1418 3444 41 16 vo-

986 3470 64 22 lonté
1064 3471 47 21 che
1121 3477 44 21 per
1176 3470 124 22 nécessita
1310 3472 148 26 provviden-

986 3504 71 21 ziale:
1072 3504 85 22 adesso
1169 3504 115 27 riposano
1293 3509 50 16 non
1353 3505 102 29 amiche3

988 3538 69 21 bensì
1080 3544 70 16 corne
1168 3538 132 27 gladiatori
1319 3539 93 22 stanchi
1431 3539 26 20 di

987 3572 154 24 combattere,
1151 3571 47 21 che
1205 3572 24 20 la
1240 3570 144 28 Inghilterra
1393 3572 65 27 aspi-

987 3610 25 15 ra
1033 3606 23 20 al
1067 3604 111 22 dominio
1199 3605 38 20 dei
1253 3604 69 25 mari,
1342 3606 115 21 massime

987 3638 39 24 del
1037 3637 192 24 Mediterraneo.
1241 3642 69 16 corne
1321 3639 79 25 quello
1412 3638 45 22 che

988 3671 22 21 fu
1020 3678 14 15 e
1044 3670 98 23 tornerà
1159 3677 33 16 un
1204 3671 88 27 giorno
1302 3671 29 20 ad
1343 3677 81 18 essere
1433 3672 24 22 la

988 3704 57 22 fiera
1066 3704 66 21 dove
1150 3704 84 22 hanno
1245 3709 13 15 a
1275 3709 144 17 concorrere
1433 3706 23 20 la

990 3737 43 27 più
1041 3739 70 25 parte
1119 3736 39 22 dei
1164 3737 87 28 popoli
1261 3736 41 22 del
1309 3738 90 21 mondo
1407 3744 7 15 :
1430 3738 25 23 di

1484 2840 42 28 già
1536 2842 47 21 ella
1594 2842 22 21 si
1626 2841 14 22 è
1652 2848 70 21 presa
1735 2842 141 29 Gibilterra,
1890 2851 71 16 occu-

1485 2873 37 27 pé,
1528 2876 71 25 porto
1611 2875 89 22 Maone
1718 2877 74 22 unico
1804 2884 44 21 per
1859 2879 103 22 sicurez-

1484 2913 25 15 za
1518 2913 14 16 a
1544 2908 108 26 giudizio
1659 2909 139 23 universale
1810 2911 40 22 dei
1859 2913 102 21 marina-

1484 2941 21 20 ri
1513 2947 6 19 ;
1537 2942 23 20 le
1574 2944 69 19 coste
1654 2942 106 23 africane
1780 2944 87 23 furono
1881 2951 33 15 un
1934 2945 26 22 di

1484 2974 120 27 municipî
1615 2974 169 27 fiorentissimi
1793 2978 40 21 dei
1845 2978 113 27 Romani,

1484 3007 79 22 anche
1572 3008 8 21 i
1598 3007 110 25 Crpciati
1718 3011 23 20 le
1758 3012 112 25 tennero,
1887 3011 72 23 Carlo

1484 3040 24 23 V
1519 3041 68 24 tentò
1595 3041 89 23 farsele
1692 3046 119 26 soggette,
1821 3051 14 15 e
1846 3045 74 22 riusci
1933 3046 25 22 in

1483 3077 81 24 parte;
1575 3075 96 28 l’Egitto
1684 3077 21 20 ci
1719 3077 60 22 offre
1787 3079 24 20 la
1822 3079 79 22 strada
1915 3079 44 28 più

1484 3108 98 27 spiccia,
1595 3114 140 25 comunque
1752 3111 114 26 disusata,
1877 3112 25 22 di
1916 3119 42 21 pe-

1484 3144 95 20 netrare
1586 3143 26 21 in
1624 3143 62 22 Asia
1693 3149 6 20 ;
1707 3145 79 26 questi
1797 3145 30 22 ed
1836 3146 53 21 altri
1899 3151 59 16 con-

1483 3176 104 23 conçetti
1599 3177 127 22 mulinano
1738 3179 64 21 nella
1814 3181 83 20 mente
1915 3180 43 20 de-

1483 3208 34 27 gli
1529 3209 93 22 uomini
1632 3210 26 21 di
1670 3210 77 26 Stato,
1758 3217 14 15 e
1783 3213 107 21 secondo
1898 3212 59 28 l’op-

1483 3242 125 26 portunità
1617 3244 106 27 colgono
1732 3245 19 20 il
1758 3245 83 22 destro
1850 3245 24 22 di
1881 3246 76 21 allun-

1482 3275 65 27 garci
1556 3276 23 20 la
1590 3282 83 16 mano.
1689 3277 30 21 La
1729 3277 101 22 Francia
1846 3284 49 16 non
1908 3279 48 27 puô

1483 3308 99 26 dunque
1593 3310 93 25 partire
1697 3310 46 21 che
1750 3311 23 20 la
1786 3310 100 22 Corsica
1899 3312 58 20 bar-

1483 3341 57 21 colii
1552 3341 25 20 in
1591 3347 81 16 mezzo
1682 3343 22 20 al
1715 3348 67 16 mare
1794 3348 70 17 corne
1875 3344 81 22 caicco

1483 3379 72 16 senza
1569 3375 109 25 padrone
1690 3376 25 20 in
1728 3376 110 27 pericolo
1850 3377 24 21 di
1886 3377 72 21 veni-

1483 3412 27 15 re
1517 3407 26 21 in
1552 3407 97 27 potestà
1660 3408 40 22 del
1711 3410 80 26 primo
1805 3414 134 23 occupante
1949 3417 6 15 :

1483 3445 16 16 o
1509 3440 105 28 bisogna
1625 3441 45 21 che
1679 3442 22 21 la
1710 3443 72 27 pigli,
1795 3449 15 15 o
1819 3444 24 21 la
1853 3444 57 21 lasci
1919 3444 39 27 pi-

1482 3473 78 27 gliare
1567 3480 6 19 ;
1586 3479 14 16 e
1609 3476 38 19 tra
1655 3475 7 20 i
1674 3475 48 21 due
1731 3477 82 25 partiti
1825 3482 48 16 non
1881 3477 20 21 si
1914 3477 42 21 do-

1482 3507 89 20 manda
1592 3508 72 26 quale
1674 3508 24 21 le
1708 3509 70 27 garbi
1798 3510 25 22 di
1835 3510 50 26 più.
1904 3510 52 20 Re-

1483 3539 133 27 pubbliche
1627 3540 26 23 di
1664 3546 42 17 san
1724 3541 96 24 Marino
1832 3548 50 17 non
1897 3548 58 22 pos-

1483 3577 63 17 sono
1557 3578 103 23 reggere
1671 3580 27 14 su
1707 3574 8 20 i
1725 3575 70 25 mari,
1809 3582 13 15 e
1831 3582 27 15 se
1868 3576 34 23 mi
1910 3581 46 21 op-

1482 3607 90 25 ponete
1586 3605 84 22 Malta.
1692 3612 14 16 0
1719 3607 26 22 vi
1758 3608 54 23 dirè.
1832 3609 46 22 che
1894 3609 60 21 vive

1482 3637 30 27 si,
1525 3644 37 17 ma
1573 3644 69 19 come
1652 3641 22 21 la
1690 3640 82 23 îadola
1789 3642 165 28 perseguitata

1482 3671 40 23 dal
1542 3671 62 22 falco
1614 3679 6 19 ;
1636 3674 26 20 in
1674 3679 73 15 meno
1760 3674 25 21 di
1805 3676 69 20 venti
1895 3676 58 20 anni

1482 3704 77 22 Malta
1578 3705 126 22 diventerà
1716 3712 48 15 una
1780 3713 96 21 gemma
1889 3708 64 21 délia

1481 3743 92 16 corona
1583 3738 26 21 di
1621 3738 138 23 Francia....
1774 3746 16 15 o
1798 3740 153 28 d’Inghilter-

1987 2853 24 15 ra
2020 2853 7 19 ;
2045 2853 39 16 ma
2099 2851 82 25 questa
2197 2850 88 26 parmi,
2294 2850 44 27 più
2353 2850 106 23 difficile.

1986 2880 55 22 Non
2053 2882 26 20 vi
2099 2882 108 26 potendo
2221 2885 129 20 sostenere
2364 2885 31 20 da
2405 2886 53 25 voi,

1986 2915 57 25 quai
2053 2920 78 16 senno
2142 2916 26 21 vi
2179 2917 122 25 persuade
2313 2923 14 15 a
2345 2918 116 28 rigettare
2476 2931 3 3 •

1985 2948 23 20 la
2025 2947 96 27 offerta,
2140 2948 45 22 che
2205 2949 27 21 vi
2254 2949 96 23 chiama
2358 2957 19 17 a.
2391 2954 69 24 parte

1985 2980 63 22 delle
2062 2980 100 22 fortune
2172 2982 25 21 di
2206 2988 34 15 un
2252 2984 94 26 popolo
2356 2985 102 27 grande,

1985 3020 14 15 a
2012 3015 43 20 voi
2064 3015 25 21 di
2101 3016 73 26 lunga
2191 3021 73 17 mano
2280 3018 153 26 ccnosciuto,
2446 3025 13 15 e

1985 3052 26 16 se
2022 3053 50 15 non
2085 3049 130 25 concorde,
2228 3055 133 17 nemmeno
2372 3052 30 21 da
2415 3052 44 21 voi

1984 3080 71 22 affato
2067 3081 136 22 disforme?
2214 3094 28 5 —
2254 3082 138 24 Pensateci.
2405 3084 54 23 Cir-

1984 3119 27 16 ca
2018 3114 146 27 all’interno,
2172 3115 26 21 vi
2205 3115 34 22 ho
2246 3117 68 22 detto
2321 3117 44 21 che
2372 3123 87 17 conos-

1984 3153 59 16 ceva
2053 3147 7 22 i
2081 3147 71 22 Côrsi
2159 3155 6 19 ;
2187 3149 102 23 intendo
2310 3153 149 25 provarvelo

1983 3181 95 21 adesso.
2091 3181 54 22 Non
2158 3181 24 21 in
2195 3184 58 20 tutti
2261 3184 61 21 vive
2333 3191 32 15 un
2375 3186 84 21 animo

1982 3214 54 21 solo
2045 3220 6 15 :
2064 3214 77 22 anche
2154 3215 7 21 i
2174 3217 86 26 popoli
2269 3217 45 22 che
2322 3221 72 19 avete
2404 3220 56 20 nel-

1981 3248 24 20 le
2015 3248 66 20 mani
2090 3249 140 25 procedono
2244 3255 46 17 con
2298 3252 85 26 voglie
2396 3252 64 22 divi-

1982 3285 40 20 se;
2035 3281 40 20 nei
2085 3282 90 25 presidi
2188 3282 26 21 vi
2227 3284 20 19 si
2257 3284 146 26 professano
2417 3292 43 15 av-

1981 3313 75 25 versi,
2073 3319 14 15 e
2107 3314 31 20 da
2149 3315 58 26 ogni
2227 3318 78 24 parte,
2328 3323 130 22 compraso

1981 3345 115 22 l’interno
2105 3346 125 28 dellfisola,
2242 3348 113 24 fioccano
2366 3353 93 26 suppli-

1982 3378 44 22 che
2038 3379 25 21 di
2075 3381 114 26 omaggio
2201 3381 26 21 in
2239 3384 70 20 corte
2322 3383 24 21 di
2358 3383 99 24 Francia

1982 3418 13 14 a
2002 3412 48 22 fine
2059 3413 25 21 di
2093 3418 49 16 non
2151 3420 83 15 essere
2241 3416 79 21 ultimi
2331 3417 45 22 alla
2385 3419 72 28 piog-

1981 3445 40 27 gia
2029 3446 40 21 dei
2078 3447 52 27 régi
2140 3447 89 22 favori.
2243 3447 160 29 Cupidissimi
2413 3454 43 21 r.oi

1981 3479 128 26 proviamo
2123 3480 8 21 i
2144 3480 81 26 Corsi,
2240 3487 13 15 e
2265 3483 25 20 di
2303 3485 57 26 ogni
2369 3486 86 23 lavoro

1981 3512 90 22 nemici
2079 3513 89 27 giurati
2176 3519 7 16 :
2192 3514 65 27 degli
2266 3517 39 27 agi
2319 3523 14 15 e
2341 3518 63 22 delle
2410 3526 45 16 va-

1980 3544 50 22 nité
2043 3545 40 21 del
2092 3546 69 22 lusso
2172 3547 145 30 insaziabili,
2327 3557 39 16 ma
2374 3555 80 25 questi

1980 3583 128 23 agognano
2129 3585 70 16 corne
2218 3584 83 26 regalo
2314 3585 25 21 di
2359 3585 93 29 favore,

1979 3616 50 16 non
2051 3616 69 17 corne
2132 3614 96 25 premio
2240 3616 65 22 délia
2317 3617 85 29 fatica;
2415 3622 42 22 col

1979 3649 107 22 governo
2113 3646 135 24 intendono
2276 3652 180 28 guardagnare^

1979 3683 49 16 non
2040 3678 41 28 già
2093 3679 71 28 fargli
2174 3681 24 21 le
2209 3688 81 22 spese.

2200 3742 12 26 (
2213 3742 153 31 Cuntinual
