2585 3978
126 161 74 19 allons
218 160 22 19 le
252 158 85 20 relater
350 158 59 19 dans
421 159 65 18 toute
503 156 25 20 la
542 157 53 19 sim-

122 190 80 25 plicité
207 189 30 20 de
246 189 25 20 la
282 189 84 19 vérité..

149 220 51 24 Mgr
208 220 147 21 Simeone.au
363 219 59 19 beau
428 217 80 20 milieu
517 217 29 19 de
551 222 42 13 son

124 251 105 24 éloquent
236 250 104 19 discours
348 251 118 22 prononça
480 246 111 25 quelques

121 281 98 25 phrases
239 280 45 25 qui
287 286 29 14 ne
326 279 76 24 furent
412 278 70 24 point
496 279 99 22 approu-

124 313 51 19 vées
179 314 48 22 par
234 314 60 16 tous.
303 310 62 20 Nous
372 309 33 20 les
412 309 76 19 citons
501 306 94 21 textuel-

123 343 82 19 lement
213 348 7 13 :
231 348 10 10 «
248 342 46 19 Les
303 341 77 20 Corses
392 346 29 13 ne
428 338 112 20 luttaient
546 339 47 21 pas

124 375 75 18 contre
223 372 35 20 les
280 371 124 24 Français;
428 369 30 20 ils
485 364 110 24 luttaient

124 405 74 18 contre
208 409 9 9 «
223 409 47 13 une
291 401 33 20 loi
348 400 29 20 de
408 398 120 23 l’histoire,
553 397 43 24 qui

125 438 11 10 «
144 433 190 19 nécessairement
338 430 77 19 devait
431 429 69 20 avoir
516 428 77 19 raison

125 469 11 11 «
142 463 29 19 de
181 463 49 19 leur
248 461 140 24 opiniâtreté.
398 459 32 20 Le
450 459 145 19 mouvement

125 499 11 11 «
142 493 40 19 des
186 492 100 25 peuples
303 497 29 14 ne
347 496 29 14 va
389 493 48 21 pas
453 489 16 19 à
487 488 26 20 la
526 489 68 22 sépa-

125 531 11 11 «
144 523 82 22 ration,
236 523 17 19 à
262 522 26 19 la
293 520 188 25 fragmentation,
487 518 67 22 mais,
562 523 31 14 au

127 559 11 11 «
146 553 121 22 contraire,
281 552 16 19 à
308 551 87 22 l’unité,
403 550 16 19 à
426 549 26 20 la
463 548 128 21 solidarité,

125 588 11 10 «
143 583 31 20 Le
182 585 50 17 tout
239 584 37 18 est
283 581 30 20 de
323 581 77 21 s’unir,
410 579 29 20 de
444 579 151 23 s’incorporer

125 619 12 11 «
145 614 16 19 à
169 613 25 20 la
199 612 94 25 grande
296 611 89 24 famille
388 616 57 14 avec
452 608 103 25 laquelle
563 615 29 13 on

125 653 12 11 <t
146 651 15 12 a
169 644 22 20 le
195 643 57 25 plus
265 641 133 21 d’attaches,
413 640 22 20 le
448 640 58 24 plus
517 638 77 24 d’affi-

125 681 10 10 «
145 674 64 20 nités.
214 679 11 11 »
363 675 9 9 *

152 705 60 19 Cette
220 702 105 20 dernière
330 701 84 25 phrase
418 703 125 21 provoqua
560 705 31 13 un

124 734 41 22 cri,
176 739 31 14 un
219 732 54 20 seul
284 732 35 19 cri
322 731 30 20 de
361 737 8 10 «
378 730 51 20 vive
442 729 88 20 l’Italie
536 735 9 10 »
563 728 30 19 Ce

123 764 34 20 cri
163 770 28 13 ne
197 763 40 24 fut
241 765 50 22 pas
306 761 123 24 approuvé,
439 759 63 20 mais
517 758 21 20 il
542 764 51 14 sou-

122 794 63 24 ligna
205 795 24 18 et
248 795 119 22 approuva
393 790 34 20 les
446 789 96 25 paroles
563 787 30 20 de

122 824 167 23 Monseigneur.
314 821 64 21 Celui
387 820 41 25 qui
435 820 34 20 l’a
483 819 88 24 poussé
575 824 17 14 a

122 861 30 13 vu
164 855 117 19 sûrement
289 852 60 20 dans
357 852 33 19 les
392 850 96 25 paroles
501 849 30 20 de
547 848 46 20 l’E-

122 886 71 23 vêque
198 890 46 14 une
252 883 99 20 allusion
357 880 124 26 favorable
494 880 17 19 à
527 879 63 20 l’Ita-

122 915 37 20 lie.
168 914 133 21 L’allusion,
318 913 51 19 bien
378 918 44 19 que
435 917 49 14 non
501 909 89 24 voulue,

122 945 58 20 était
189 944 132 25 cependant
329 942 106 25 possible.
445 941 38 20 En
503 941 61 24 1769,
574 940 21 20 il

123 976 38 24 n’y
168 975 66 20 avait
241 976 65 19 entre
314 973 25 20 la
349 973 67 20 Corse
430 974 25 17 et
462 971 27 20 la
502 971 89 20 France

122 1012 88 14 aucune
241 1003 100 23 attache,
373 1008 89 14 aucune
491 1000 98 25 affinité',

123 1036 77 20 tandis
206 1035 100 25 qu’avec
314 1033 82 21 l'Italie
403 1043 26 4 —
436 1038 62 14 nous
510 1031 82 25 prions

121 1067 22 20 le
155 1067 84 20 lecteur
247 1065 31 20 de
289 1071 30 14 ne
323 1067 46 22 pas
372 1064 24 19 la
403 1062 127 25 confondre
534 1067 57 14 ave.c

124 1097 70 20 Gênes
201 1106 26 3 —
232 1096 21 20 il
260 1102 18 18 y
285 1095 66 20 avait
357 1100 45 14 non
415 1093 127 20 seulement
561 1091 30 20 de

121 1127 116 24 l'affinité,
246 1125 94 25 affinité
345 1124 29 20 de
388 1130 54 14 race
459 1125 26 18 et
496 1123 31 20 de
539 1122 52 20 lan-

119 1164 52 18 gue,
180 1156 20 21 il
202 1163 17 18 y
227 1157 69 19 avait
308 1155 64 20 aussi
377 1154 29 20 de
413 1154 26 19 la
452 1153 138 24 consangui-

120 1186 57 22 nité.
185 1188 35 19 La
226 1186 93 25 famille
326 1185 29 20 de
362 1184 88 21 Pascal
452 1183 25 21 P
474 1181 57 26 'aoli,
545 1183 45 20 cel-

120 1219 23 19 le
158 1218 40 20 des
205 1217 141 24 Bonaparte,
364 1221 85 14 comme
480 1214 56 20 celle
560 1213 29 20 de

120 1250 53 18 tant
177 1248 30 19 de
217 1248 81 20 Corses
309 1245 179 21 n’avaient-elles
493 1247 47 22 pas
545 1250 44 14 une

120 1279 86 24 origine
213 1278 113 20 italienne
330 1277 12 19 ?

146 1309 31 20 Ce
190 1308 61 21 n’est
262 1311 47 22 pas
327 1313 25 14 ce
365 1312 44 19 que
424 1305 92 21 voulait
539 1305 49 20 dire

120 1340 53 24 Mgr
180 1338 141 23 Simeone;la
333 1337 57 21 suite
395 1337 30 20 de
434 1343 44 14 son
487 1336 102 21 discours

116 1370 91 25 précisa
211 1376 30 13 sa
244 1370 92 24 pensée.
350 1369 23 19 Il
379 1368 57 20 n’est
453 1371 49 21 pas
515 1367 74 20 moins

120 1400 53 20 vrai
180 1399 132 25 cependant
326 1405 45 18 que
387 1398 22 20 le
424 1398 37 20 cri
473 1398 31 19 de
520 1397 68 20 «vive

120 1431 82 20 l’Italie
209 1439 11 10 »
242 1430 41 25 fut
292 1430 116 24 provoqué
418 1431 49 23 par
480 1434 38 14 ses
536 1430 52 22 pro-

116 1464 55 21 pres
175 1461 102 25 paroles.

145 1492 28 20 Si
178 1491 26 21 L.
214 1491 33 20 M.
267 1491 67 20 avait
356 1491 53 20 noté
428 1493 36 17 cet
487 1489 102 20 incident

119 1529 56 14 sans
180 1522 35 20 lui
221 1522 91 20 donner
324 1527 44 14 une
380 1520 122 21 méchante
521 1520 67 20 inter-

116 1553 124 25 prétation,
250 1553 55 20 c’est
313 1552 31 20 ici
353 1558 44 19 que
413 1552 26 24 je
446 1551 95 20 mettrai
556 1557 31 14 un

116 1584 66 24 point
189 1583 64 25 final
258 1584 17 19 à
283 1585 36 18 cet
326 1582 83 21 article.
411 1582 63 20 Mais
478 1582 21 19 il
504 1581 84 21 m’obli-

116 1620 32 19 ge
152 1615 16 19 à
175 1614 22 20 le
203 1614 126 24 prolonger
336 1619 31 14 un
378 1615 46 22 peu
434 1613 63 24 plus.
506 1612 81 20 Parmi

119 1645 33 20 les
163 1645 172 24 organisateurs
355 1643 29 20 de
400 1643 25 20 la
439 1643 62 20 belle
515 1642 72 20 mani-

116 1675 109 25 festation
239 1675 31 19 de
293 1674 145 22 Ponte-novo,
467 1679 78 14 aucun
561 1673 25 24 je

116 1706 54 24 puis
177 1705 122 24 l'affirmer
303 1711 55 14 sans
365 1705 87 20 crainte
457 1704 33 20 de
496 1704 91 20 démen-

119 1737 27 23 ti,
154 1737 36 19 n’a
199 1737 39 18 été
244 1737 127 19 mécontent
375 1735 30 20 de
407 1735 26 20 la
438 1736 112 23 présence
557 1734 30 20 de

118 1768 63 18 notre
188 1767 101 24 Evêque.
297 1765 56 21 Tous
364 1765 21 20 le
396 1766 116 19 vénèrent.
524 1765 62 20 Com-

118 1799 61 18 ment
185 1797 61 20 donc
257 1797 28 20 L.
294 1796 32 21 M.
333 1796 82 25 peut-il
422 1796 107 24 affirmer
540 1801 46 20 que

120 1835 12 11 «
137 1827 21 21 le
170 1828 99 19 malaise
285 1827 29 20 de
325 1833 28 14 sa
356 1828 108 23 présence
478 1829 25 18 et
513 1827 29 20 de
557 1833 28 14 sa

119 1866 12 11 <(
137 1857 143 26 présidéftce,
298 1864 33 14 au
344 1858 121 20 sentiment
478 1857 31 20 de
521 1857 65 25 qùel-

120 1893 13 11 «
142 1894 56 19 ques
203 1895 45 14 uns
255 1889 44 25 qui
305 1889 105 20 auraient
416 1888 80 21 désiré
499 1895 45 13 une
551 1889 35 19 cé-

119 1924 13 11 «
141 1920 97 19 rémonie
244 1920 31 19 oh
282 1920 25 19 la
312 1920 93 24 passion
415 1919 82 20 aurait
501 1919 52 24 pris
560 1919 25 20 la

119 1958 11 11 «
134 1950 67 24 place
205 1950 31 20 de
244 1951 26 19 la
273 1950 71 24 piété,
349 1956 25 14 se
381 1957 11 12 r
392 1950 72 22 évéla,
471 1956 43 14 sur
522 1949 64 26 quel-

119 1989 12 11 «
137 1987 54 18 ques
221 1983 115 22 passages
361 1981 30 19 de
411 1987 26 13 ce
474 1980 110 24 discours,

118 2016 11 10 «
137 2014 69 21 parce
219 2017 47 18 que
274 2011 60 20 dans
347 2011 32 20 les
392 2011 146 22 assemblées,
555 2017 30 13 on

118 2047 11 10 «
134 2041 89 25 appelle
240 2050 12 10 «
262 2044 150 18 mouvements
425 2041 85 20 divers.
519 2049 11 11 »

145 2072 50 20 Ceci
200 2071 58 25 frise
266 2072 26 20 la
305 2072 115 20 calomnie.
436 2072 44 19 Les
495 2072 91 24 organi-

116 2105 88 18 sateurs
213 2102 60 20 delà
284 2103 120 20 cérémonie
409 2104 31 18 de
445 2103 141 19 Ponte-novo

117 2136 23 17 et
151 2133 32 20 les
193 2134 81 19 Corses
282 2134 42 24 qui
330 2137 39 16 ont
376 2134 103 24 répondu
496 2134 16 19 à
526 2133 60 20 leurs

117 2164 79 25 appels
213 2164 67 20 n’ont
293 2164 85 24 jamais
397 2171 27 13 eu
443 2165 71 24 qu’un
531 2164 55 20 but:

117 2195 94 20 honorer
222 2195 25 20 la
264 2195 104 20 mémoire
379 2195 29 20 de
417 2201 42 14 nos
466 2196 75 23 pères,
555 2201 31 14 un

114 2226 66 24 point
202 2226 54 19 c'est
282 2228 59 18 tout.
359 2226 33 20 La
411 2229 94 21 preuve,
514 2225 25 25 je
562 2226 24 19 la

620 158 80 17 trouve
709 155 62 20 dans
791 155 34 19 les
847 155 78 19 divers
945 154 104 20 discours
1078 157 24 17 et

616 186 99 24 poésies,
731 185 37 20 lus
785 191 30 13 ou
831 184 141 24 improvisés,
989 187 24 17 et
1038 184 63 20 dans

619 215 101 25 lesquels
734 222 29 13 on
780 221 29 13 ne
825 215 77 19 relève
926 220 77 14 aucun
1030 214 70 19 senti-

619 248 64 18 ment
696 246 31 19 de
738 245 70 20 haine
814 245 27 19 ni
852 244 31 20 de
890 251 138 18 vengeance,
1038 244 62 20 mais

618 276 51 20 rien
685 282 47 18 que
747 275 41 20 des
811 275 135 20 sentiments
972 273 128 21 d'admira-

620 306 48 21 tion
676 308 25 18 et
712 306 30 19 de
761 306 64 24 piété
837 311 82 14 envers
932 311 56 13 ceux
1002 304 43 25 qui
1058 306 42 17 ont

619 337 92 25 préféré
720 336 85 20 mourir
810 335 79 24 plutôt
905 340 32 19 qu
942 335 48 19 être
1005 333 89 20 vendus

619 373 88 14 comme
718 373 32 13 un
758 366 35 19 vil
800 367 121 22 troupeau.

643 403 29 20 Je
678 402 53 20 dois
744 402 16 20 à
779 401 24 20 la
815 401 86 20 vériter
919 400 115 25 d’ajouter
1050 405 46 19 que

619 433 33 20 les
660 432 101 25 phrases
767 431 29 20 de
812 431 54 24 Mgr
878 431 69 20 citées
963 430 56 24 plus
1032 429 60 20 haut

619 465 41 18 ont
682 464 40 18 été
733 463 101 19 écoutées
849 461 79 24 plutôt
947 460 147 25 froidement.

618 494 70 20 N’eut
695 494 39 18 été
742 493 22 19 le
781 493 89 23 respect
880 491 33 20 dû
931 491 16 19 à
960 490 25 20 la
1005 488 91 26 dignité

618 524 33 19 du
656 523 81 25 prélat
769 522 42 25 qui
825 522 36 19 les
887 521 145 24 prononçait,
1060 520 34 19 les

618 553 181 21 contradicteurs
803 553 116 19 n'eussent
929 554 47 21 pas
990 550 49 25 fait
1055 550 40 20 dé-

617 584 56 24 faut
680 587 24 16 et
722 583 26 25 je
762 589 36 14 me
805 582 75 20 serais
898 581 80 21 inscrit
1000 583 52 17 tout
1072 580 23 19 le

616 614 107 25 premier.
737 613 32 21 Et
777 613 26 25 je
818 619 30 14 ne
852 615 75 22 pense
943 615 47 21 pas
1003 617 46 19 que
1065 617 29 13 sa

621 644 121 21 Grandeur
746 643 79 24 puisse
833 642 120 25 s’offenser
960 642 29 19 de
1003 648 26 13 ce
1045 647 46 18 que

618 677 51 17 tout
676 674 23 20 le
711 674 82 20 monde
809 680 31 13 ne
851 676 73 21 pense
938 675 47 21 pas
1007 677 86 14 comme

618 704 51 20 elle.
674 711 12 10 «
693 704 34 19 Le
739 705 143 18 mouvement
892 702 43 19 des
950 701 104 24 peuples,
1076 707 17 13 a

617 735 37 19 dit
658 734 111 24 l’Evêque
781 731 129 25 d’Ajaccio,
919 737 30 14 ne
964 737 31 14 va
1011 733 49 22 pas
1075 731 17 19 à

617 765 26 19 la
655 763 142 25 séparation,
823 763 16 19 à
857 762 25 20 la
900 761 190 25 fragmentation,

618 794 66 22 mais,
695 800 33 14 au
737 793 120 22 contraire,
867 793 17 19 à
896 791 89 23 l’unité,
991 791 16 20 à
1015 791 25 20 la
1056 797 36 14 so-

617 824 105 21 lidarité.
733 830 9 11 »
758 823 52 21 Ceci
814 823 114 25 peut-être
940 821 54 20 vrai
1006 827 86 14 comme

617 855 21 20 il
644 857 35 18 est
686 854 55 20 vrai
747 860 45 19 que
799 853 25 20 la
830 853 65 24 force
905 852 74 25 prime
989 851 22 20 le
1019 851 68 22 droit,

617 886 61 20 mais
685 891 28 14 ce
720 885 57 20 n'est
781 887 47 22 pas
830 883 73 25 juste;
911 885 23 18 et
945 882 23 20 si
980 884 55 18 cest
1046 887 45 14 une

616 916 34 20 loi
662 915 30 20 de
706 914 116 23 l’histoire,
829 916 25 18 et
857 913 55 20 bien
915 913 12 20 !
939 913 106 20 destune
1058 912 34 20 loi

617 946 87 25 inique.

641 982 37 21 En
689 986 62 20 Ì914,
768 986 45 21 que
824 979 91 21 voulait
938 978 153 25 l’Allemagne

615 1013 69 20 sinon
697 1011 112 20 détendre
826 1017 33 14 au
880 1010 122 20 détriment
1014 1009 30 20 de
1064 1009 26 19 la

615 1042 104 21 France?
726 1042 36 20 En
774 1041 60 25 1769,
849 1047 47 19 que
906 1041 29 24 fit
950 1040 24 20 la
990 1039 97 21 France,

615 1074 23 20 si
644 1079 47 15 non
705 1071 133 26 s’agrandir
846 1077 33 14 au
888 1070 122 20 détriment
1016 1069 31 20 de
1063 1069 25 20 la

618 1103 80 21 Corsé?
703 1103 54 24 Mgr
760 1101 187 21 dira-t-il-encore
951 1100 71 25 qu’en
1032 1104 56 21 1914

615 1135 34 20 les
666 1133 114 23 Français
805 1138 87 14 comme
910 1131 33 20 les
962 1131 80 20 Corses
1058 1129 30 20 de

617 1165 62 25 1769.
690 1170 27 14 se
728 1165 54 18 sont
796 1163 81 19 battus
883 1163 81 18 contre
972 1168 11 11 «
991 1167 45 14 une
1055 1160 34 20 loi

614 1195 30 20 de
653 1194 113 21 l’histoire
776 1193 47 25 qui.

643 1225 63 20 Cette
720 1224 34 21 loi
762 1224 30 19 de
804 1220 118 25 l’histoire,
935 1222 34 20 les
985 1221 103 21 hommes

614 1256 71 20 libres
692 1261 31 14 ne
735 1254 91 21 veulent
828 1257 49 22 pas
888 1253 26 20 la
928 1254 126 21 connaître,
1064 1255 24 17 et

614 1286 30 21 ils
665 1286 26 21 la
706 1285 153 21 combattront
882 1286 75 18 toutes
983 1283 35 20 les
1039 1283 49 24 fois

613 1318 71 25 qu’on
693 1316 89 21 voudra
797 1315 25 21 la
833 1315 51 20 leur
900 1315 108 24 imposer.
1023 1314 65 20 Pour

614 1355 45 14 eux
675 1347 21 21 il
708 1347 38 25 n’y
760 1353 16 14 a
796 1347 30 20 de
838 1346 56 20 vrai
911 1351 45 19 que
969 1351 26 14 ce
1001 1345 86 24 princi-

611 1382 32 21 pe
655 1378 116 24 conforme
788 1377 16 20 à
819 1376 25 20 la
857 1376 95 24 justice:
958 1382 10 10 «
974 1375 45 20 Les
1030 1378 57 21 peu-

611 1409 53 25 ples
672 1413 87 15 comme
780 1407 32 20 les
833 1406 119 20 individus
969 1408 41 17 ont
1025 1405 63 20 droit

613 1440 17 19 à
636 1438 140 22 l’existence;
782 1443 26 14 ce
822 1437 63 20 droit
906 1436 29 21 ils
951 1436 22 20 le
983 1436 105 20 tiennent

613 1470 30 20 de
649 1469 71 21 Dieu.
729 1469 96 20 Aucune
832 1468 89 22 nation,
938 1467 23 20 si
965 1467 122 25 puissante

613 1499 85 27 qu’elle
705 1499 55 24 soit,
768 1499 40 20 n’a
816 1498 22 20 le
846 1498 64 21 droit
918 1498 30 20 de
957 1498 131 25 supprimer

614 1536 45 16 unè
673 1530 83 21 nation
770 1530 55 24 plus
833 1529 76 25 petite
919 1532 60 21 pour
994 1535 26 14 se
1036 1528 51 21 l’in-

613 1565 114 22 corporer.
737 1567 11 11 »

638 1599 55 24 Mgr
699 1604 17 13 a
721 1597 70 25 parlé
794 1596 67 21 aussi
879 1596 31 21 de
924 1596 161 25 «séparation»

612 1628 198 21 «d'arrachement
825 1627 89 20 funeste
919 1635 10 11 »
946 1627 63 21 Nous
1033 1627 53 20 esti-

611 1666 66 14 mons
691 1665 47 19 que
750 1664 26 15 ce
783 1658 82 20 h’était
871 1658 28 20 ni
911 1658 22 20 le
945 1659 100 19 moment
1060 1658 27 20 ni

611 1691 23 20 le
641 1691 55 20 lieu.
715 1689 37 20 En
768 1689 49 20 cela
842 1689 34 20 du
896 1690 59 19 reste
975 1688 111 25 l’Evêque

611 1720 122 26 d’Ajaccio
740 1727 30 13 ne
783 1720 100 25 pouvait
887 1720 91 20 donner
983 1725 47 19 que
1043 1726 42 14 son

611 1752 94 25 opinion
713 1750 151 26 personnelle,
874 1750 94 25 opinion
979 1751 44 24 qui
1027 1753 60 22 peut

611 1783 67 20 avoir
698 1789 28 13 sa
741 1781 88 24 valeur,
843 1781 62 20 mais
926 1781 43 25 qui
979 1782 54 20 n’en
1046 1782 40 20 de-

610 1820 78 14 meure
710 1816 48 21 pas
792 1812 75 21 moins
901 1812 129 21 discutable
1062 1815 24 18 et

610 1845 109 20 discutée.

990 1883 25 21 S.
1028 1883 28 22 c.

636 1931 128 20 Pricisaremu
780 1931 20 20 iû
818 1936 27 15 un
863 1931 96 25 pro;siinu
974 1931 82 20 articulu
1074 1937 11 14 e

611 1962 114 19 l’attitudine
733 1962 20 19 di
762 1962 125 25 Monsignore
901 1967 12 14 e
925 1962 122 24 J’inaspittata
1055 1967 31 14 os-

611 1992 49 20 tilità
670 1993 19 19 di
699 1998 14 14 u
719 1992 69 20 nunziu
794 1993 19 19 di
821 1998 15 13 u
845 1997 50 20 papa
903 1998 12 14 a
926 1991 84 26 Pariggi,
1018 1991 65 22 Mons.

610 2022 80 24 Ceretli,
700 2022 33 20 ebi
741 2022 30 20 s’è
778 2027 64 15 messu
853 2023 92 24 inquatru
960 2027 33 20 per
1002 2023 18 18 fâ
1027 2023 58 24 placé

611 2059 12 14 a
630 2058 107 20 uguvernu
746 2053 20 19 di
777 2053 91 21 massoQi.

637 2083 131 21 Pricisaremu
776 2083 44 20 dinò
828 2084 7 19 i
844 2084 68 19 mutivi
922 2084 23 25 pè
957 2084 7 19 i
970 2085 52 25 quali
1029 2091 13 14 u
1052 2091 34 20 pu-

612 2115 53 20 blicu
679 2115 30 20 s’è
720 2117 93 17 mustratu
824 2116 44 19 cusi
882 2115 54 20 fredu
953 2121 33 19 per
1001 2122 12 13 u
1028 2122 59 15 vescu

612 2145 60 20 tandu
681 2145 32 20 chi
723 2145 4 19 i
743 2145 33 25 più
784 2141 51 25 caldi
853 2146 86 25 applausi
958 2146 63 20 hannu
1033 2147 54 20 incu-

612 2177 74 25 raggitu
696 2182 11 14 e
713 2177 111 24 ringraziatu
832 2176 86 21 Poralori
927 2177 57 21 corsi.

947 2219 22 18 A
976 2219 89 19 Muvra.

1238 161 75 48 Uns
1348 160 139 47 Lettara

1264 255 57 22 Sciò
1336 254 129 22 Direttore,

1154 298 108 21 Ghiuntu
1288 298 97 28 appòsta
1407 295 30 21 da
1457 291 136 28 Marseglia,

1124 331 28 21 sô
1165 331 104 21 arrivatu
1284 333 26 20 in
1322 329 77 23 Bastia
1411 334 13 15 a
1434 326 99 22 mattina
1555 323 38 22 d’u

1122 371 14 20 3
1151 366 92 25 agostu,
1262 370 14 15 e
1289 362 121 29 malgradu
1423 367 13 14 a
1455 359 68 21 fatica
1540 356 54 21 d’un

1122 396 114 27 biagghiu
1250 396 26 21 in
1294 402 72 18 mare,
1380 394 27 21 sò
1426 391 110 28 ripartitu
1557 395 37 15 su-

1123 429 50 21 bitu
1192 429 30 27 pè
1243 429 143 22 Pontenòvu
1409 426 91 21 induve
1521 423 73 28 aghiu

1122 462 142 27 participatu
1277 468 69 16 cume
1357 460 58 22 tanti
1440 457 71 23 Còrsi
1530 463 14 14 a
1560 455 34 22 l’i*

1121 495 175 27 naugurazioue
1308 495 25 21 di
1341 500 16 15 u
1365 492 183 23 monumentu...

1149 527 34 22 Fu
1190 533 43 22 per
1240 533 41 15 me
1296 534 17 15 u
1330 526 40 28 più
1381 526 64 21 bellu
1461 524 73 27 jornu
1557 520 36 22 d’a

1120 560 50 22 miò
1182 561 50 21 vita
1244 566 14 15 e
1271 560 29 22 sò
1312 559 98 28 propriu
1417 557 115 22 cuntentu
1545 554 48 21 d’a-

1119 593 32 22 vè
1163 594 66 21 vistu
1239 593 92 21 millaia
1344 599 14 14 e
1366 590 90 23 millaia
1473 589 24 21 di
1519 587 71 22 Côrsi

1120 626 75 22 o'norà
1206 627 8 20 i
1230 626 80 21 nostri
1323 624 78 23 morti.

1148 659 31 22 Sò
1191 659 158 21 discendente
1357 657 45 21 diu
1411 656 110 27 capitanu
1534 653 57 21 Don

1119 693 74 20 Paulu
1205 691 140 23 Giabiconi,
1355 689 23 21 di
1393 687 153 22 Santa-Lucia
1566 685 24 21 di

1118 725 112 25 Moriani,
1247 725 96 20 cascatu
1354 728 13 15 a
1380 719 152 25 Pontenòvu,
1544 724 14 15 u
1577 724 13 19 9

1118 757 97 28 maghiu
1230 756 84 29 1769...

1146 791 23 22 U
1177 793 85 19 vostru
1271 789 109 21 discorsu
1394 787 64 22 m’ha
1470 790 120 17 cummos-

1117 831 29 14 su
1163 824 59 21 sin’a
1242 829 13 15 e
1272 822 100 27 lagrime
1389 822 80 20 Avete
1488 819 99 27 parlatu,

1117 857 58 22 fieru
1193 863 12 15 e
1215 854 202 28 intrepidu.cume
1428 853 44 22 sòli
1483 853 105 26 parlava-

1117 897 31 15 nu
1161 889 105 22 l’antichi
1281 887 97 22 Côrsi...

1146 924 89 21 Evviva
1249 929 13 14 a
1278 922 81 20 vostra
1383 921 72 20 faccia
1466 921 5 18 !
1481 921 45 18 che
1549 921 37 18 boi

1116 956 101 27 campite
1226 953 120 23 cent’anni
1356 953 33 21 !...

1145 989 80 28 Aghiu
1250 988 81 21 intesu
1352 985 56 22 dinò
1435 990 46 15 cun
1511 983 75 28 grand

1115 1022 138 28 piacèl’altu
1267 1027 14 15 e
1291 1025 85 16 serenu
1387 1019 110 20 discorsu
1520 1016 25 21 di
1572 1022 14 15 u

1115 1055 51 22 sciò
1179 1054 96 29 Ageniu
1290 1051 125 26 Grimaldi,
1423 1057 16 15 u
1450 1052 84 20 vostru
1554 1049 32 22 fa-

1114 1094 71 16 mosu
1195 1092 138 23 cumpagnu
1344 1085 24 22 di
1379 1085 82 22 fede...

1142 1122 23 21 A
1183 1122 40 21 boi
1236 1120 66 23 tutti:
1313 1119 128 24 Maistrale,
1456 1116 128 26 Lucciardi,

1114 1155 73 22 Santu
1210 1154 136 25 Casanova,
1372 1152 82 22 Renzu
1480 1149 104 26 Luciani,

1114 1188 118 26 Grazianij
1243 1188 70 27 prete
1326 1185 99 22 Carlotti
1438 1187 14 19 è
1464 1183 120 26 Minicale,

1114 1228 15 15 u
1141 1221 90 22 tributu
1242 1221 25 21 di
1277 1227 15 14 a
1304 1221 50 20 mio
1368 1220 127 27 rispettosa
1502 1217 84 23 ammi-

1113 1255 102 22 razione.

1141 1289 79 21 Avete
1234 1294 16 15 u
1269 1287 113 28 curaggiu
1399 1286 25 22 di
1445 1285 66 29 parlà
1522 1291 14 15 e
1560 1284 25 22 di

1113 1323 80 21 scrive
1205 1322 25 22 in
1240 1321 101 22 dialettu
1349 1319 70 23 còrsu
1432 1326 14 15 e
1458 1319 47 22 fate
1514 1319 71 21 trima

1113 1356 8 21 i
1130 1356 64 21 servi
1205 1355 25 21 di
1246 1355 133 21 Marianna.

1141 1389 27 21 Bi
1177 1389 121 26 ringraziu
1310 1388 24 21 di
1344 1394 14 15 u
1369 1386 132 28 spettaculu
1524 1385 61 21 indi-

1112 1422 188 25 mentichevule,
1317 1427 13 16 e
1358 1426 72 22 speru
1456 1418 128 25 jitruvami

1111 1455 81 22 l’annu
1203 1455 40 22 chi
1255 1455 65 22 bene
1340 1461 13 15 a
1374 1460 15 15 u
1409 1451 176 30 pellefinaghiu

1112 1489 40 22 d’u
1160 1495 14 22 9
1180 1489 129 27 maghiu...

1141 1517 144 22 Sentimenti
1298 1515 102 23 cursisti.

1277 1555 128 28 Ghjseppu
1414 1553 142 23 Giabiconi.

1250 1594 33 21 62,
1297 1599 33 13 rue
1342 1592 151 22 Chevalier-Paul,

1234 1617 107 22 Marseglia,
1354 1615 23 19 19
1388 1614 128 24 agostu'1925.

1133 1650 128 23 Ringraziemu
1273 1650 23 18 di
1303 1651 39 17 còre
1347 1650 24 23 pè
1375 1654 12 13 a
1393 1654 22 13 so
1424 1648 48 19 bella
1486 1648 69 21 lellera,
1571 1653 15 13 u

1110 1679 37 18 sciô
1154 1678 90 24 Ghjseppu
1259 1677 93 19 Giabicoiii
1367 1683 10 12 e
1388 1677 15 18 li
1416 1681 101 19 auguremu
1529 1676 56 24 felice

1110 1707 98 18 ritomuin
1222 1707 82 18 Gorsica.

1132 1736 16 17 A
1159 1735 28 18 ció
1194 1734 31 19 chi
1236 1739 25 13 no
1269 1734 86 22 cridemu,
1364 1739 9 13 s
1373 1735 19 16 tu
1404 1733 82 24 gloriosu
1496 1733 88 18 mutilalu

1116 1763 22 18 di
1148 1768 12 13 a
1169 1762 68 24 grande
1245 1767 69 18 guerra
1318 1762 49 18 saria
1373 1761 112 19 discendente
1493 1761 21 18 di
1524 1767 14 12 u
1556 1766 29 18 ge-

1109 1790 62 19 nerale
1177 1790 77 19 Antonio
1267 1790 94 18 Giabiconi
1370 1790 30 18 chi
1414 1792 48 16 servi
1484 1795 35 12 cun
1531 1791 54 16 ônore

1110 1824 13 13 a
1135 1819 69 18 Corsica
1220 1823 25 14 ne
1256 1824 15 12 u
1279 1818 63 18 seculu
1356 1817 70 19 XVIII.

1199 1903 300 32 PONTENOVU

1111 1968 20 21 O
1144 1967 66 22 Corsi
1221 1967 134 22 celébremu
1363 1968 8 20 i
1382 1968 83 27 grandi
1477 1963 56 26 Ëroi

1111 2003 44 22 Chi
1161 2009 101 16 casconu
1269 2005 31 25 pè
1305 2010 14 14 a
1326 2005 78 19 noslra
1408 2003 177 28 indipendenza.

1113 2035 33 22 Sô
1157 2035 68 22 morti
1241 2037 31 27 pè
1293 2035 23 22 la
1331 2035 75 22 Patria
1415 2042 13 15 e
1443 2038 66 19 tocca
1521 2042 14 15 a
1547 2035 39 22 noi

1111 2070 22 25 À
1143 2071 80 23 benedì
1236 2071 100 22 l’ultima
1348 2072 134 22 resistenza.

1112 2116 473 29 Salulemuindinocchieugrand’Umone,

1113 2151 81 22 Babbu
1206 2150 24 22 di
1242 2150 8 21 i
1257 2150 76 24 nostri
1341 2149 49 23 fìeri
1407 2157 14 15 e
1430 2151 48 22 cari
1490 2150 95 27 antiehi,

1114 2185 19 21 E
1145 2184 38 22 chi
1194 2191 29 15 ne
1238 2183 25 22 fu
1277 2184 127 28 Tmtrepitu
1413 2204 5 4 .
1428 2183 76 28 leone,

1113 2218 96 28 Sempre
1217 2217 24 22 la
1253 2220 62 20 testa
1323 2220 97 26 opposta
1426 2224 19 17 ;a
1458 2218 17 21 li
1483 2218 96 22 nimiehi

1625 142 104 23 L’anima
1735 139 93 29 grande,
1835 136 163 28 l’intelligenza
2006 133 87 28 aperta,

1624 175 67 22 Bidia
1704 180 14 15 a
1729 179 26 15 so
1769 170 62 23 Isola
1840 169 113 22 suffrente

1623 208 20 22 E
1655 207 65 22 bulia
1735 211 39 22 per
1788 203 60 25 Ella,
1861 201 73 22 offesa
1944 207 13 14 e
1966 200 65 24 ferta,

1623 241 94 21 Libéria
1728 237 74 22 !Mare
1810 235 78 22 ariosti
1900 241 13 13 e
1921 230 171 30 indipendente!

1622 290 90 27 Cinque
1724 285 112 24 cent’anni
1847 282 116 30 flagellata
1976 287 13 15 e
2000 280 62 25 fiera,

1621 323 47 22 Mai
1684 319 138 24 inchrnandù
1836 319 14 20 ü
1865 323 68 21 capu,
1944 321 38 15 ma
2001 312 90 26 ribella,

1621 356 72 21 Purtô
1705 354 48 21 alla
1760 359 13 15 e
1784 350 124 23 slraeciata
1920 355 14 15 a
1943 354 27 15 so
1980 345 110 23 bandiera

1622 387 129 24 Tinendula
1764 385 103 30 gluriosa
1882 389 27 15 su
1924 381 23 22 la
1962 379 72 23 Stella

1620 439 43 22 Chi
1674 437 100 30 guidava
1786 435 29 22 da
1829 442 13 14 u
1852 433 56 22 Celu
1922 439 14 14 u
1948 437 27 16 so
1990 428 98 25 destinu,

1619 472 40 22 Sol
1661 474 25 19 tu
1698 471 93 21 l’amatu
1803 467 78 30 egidiu
1893 466 23 21 di
1928 463 81 24 Maria.

1620 505 18 22 E
1647 505 78 25 duvia,
1739 509 43 15 cun
1795 505 78 25 lempu
1886 497 139 31 predestinü,

1618 539 73 21 Stunà
1698 544 15 14 u
1719 535 84 23 mondu
1814 541 67 19 sanu,
1887 539 20 20 e,
1914 532 26 21 in
1951 531 81 28 questa
2040 528 47 26 via,

1617 587 154 29 Acquistà.un
1780 583 89 30 fìgliòlu
1881 581 135 30 prodigiosu

1618 621 19 22 E
1645 619 123 29 cunquistà
1779 616 126 29 d’esempiu
1915 622 13 15 e
1940 621 29 15 eu
1978 613 66 22 l’idea

1618 653 20 22 U
1650 652 89 30 pòpulu
1753 650 110 30 superbiu
1875 656 14 14 e
1900 648 91 22 furiosu

1618 686 43 21 Chi
1671 686 52 21 fece
1738 685 66 21 trimà
1813 683 24 22 la
1849 685 60 19 terra
1927 685 107 23 europea.

1616 741 64 22 Tutti
1690 740 24 22 in
1720 738 107 23 dinocliie
1836 743 69 23 sopra
1912 743 15 14 u
1937 736 72 21 Ponte
2015 733 72 22 fatale

1615 775 19 21 E
1645 774 103 22 lascemu
1759 779 15 15 u
1786 774 92 19 tarrenu
1886 769 141 29 sanguinosu

1617 808 63 21 Duve
1693 808 63 21 nasci
1769 812 12 15 a
1792 805 92 21 Liberta
1899 801 116 24 mundiale

1615 841 42 22 Cul
1675 843 81 19 nostru
1768 845 56 23 gran
1841 838 34 21 De
1888 836 63 23 Paoli
1961 835 103 30 gluriosu
2079 836 5 19 !

1772 894 105 23 Luciani
1888 893 28 22 di
1926 892 128 26 Jiaseppu.

1707 990 55 36 Ons
1786 989 72 36 bella
1884 988 109 36 Lettara

1739 1086 25 20 i5
1773 1085 28 21 de
1810 1083 70 22 Junio
1890 1084 57 25 1925.

1689 1117 31 20 Là
1729 1117 87 24 Guayra
1825 1114 144 27 (Venezuela)

1705 1170 28 20 Al
1742 1170 72 21 Senor
1822 1169 73 21 Pedro
1904 1169 82 23 Rocca,

1676 1206 6 5 v
1729 1204 101 20 Director
1835 1203 28 20 de
1871 1203 23 20 la
1902 1202 109 23 MUVRA,

1751 1237 90 26 Ajaccio
1852 1235 126 27 (Corcega).

1660 1304 57 25 Muy
1723 1303 72 21 Senor
1803 1302 46 21 miô
1854 1308 17 20 y
1878 1301 159 26 compatriota,

1634 1357 36 21 No
1677 1358 30 19 sé
1712 1362 63 15 como
1788 1355 150 25 agradecerle
1942 1357 63 22 para
2014 1354 25 20 el
2044 1360 40 13 en-

1610 1388 37 20 vio
1653 1387 31 21 de
1692 1387 26 21 la
1726 1387 101 20 valiente
1834 1386 79 20 Muvra
1918 1392 18 19 y
1943 1385 31 20 de
1982 1385 102 25 algunas

1607 1418 174 26 publicaciones
1802 1416 226 22 interessantisimas.
2047 1416 38 20 Mi

1610 1455 100 16 corazon
1716 1449 30 20 de
1751 1454 100 19 corcego,
1866 1448 53 20 diré
1924 1453 59 18 mas,
1998 1447 30 20 de
2034 1453 49 14 cor-

1610 1481 70 23 tenès,
1690 1480 34 21 ha
1732 1480 51 20 sido
1790 1486 54 19 muy
1852 1478 118 22 comovido
1986 1485 28 15 en
2021 1478 63 25 leyer

1610 1512 34 20 lòs
1651 1511 114 26 artigulos
1777 1517 17 18 y
1800 1510 95 21 escritos
1907 1516 47 19 que
1961 1509 47 21 Vd.
2015 1516 17 19 y
2041 1515 43 14 sus

1610 1545 150 22 companeros
1766 1547 130 20 consagr.an
1904 1547 17 14 a
1933 1541 26 20 la
1969 1541 111 24 Corcega-,

1610 1575 95 19 nuestra
1712 1573 91 21 Patria.

1633 1607 73 29 Àqui,
1721 1613 35 20 eri,
1769 1610 115 24 America,
1900 1611 63 24 estoy
1976 1608 107 21 viviéndo

1610 1649 29 14 en
1644 1642 24 20 el
1674 1641 117 21 destierro.
1797 1641 48 20 Per
1843 1646 15 15 O
1867 1645 31 16 no
1903 1643 46 22 por
1960 1647 39 14 eso
2005 1640 29 21 hè
2044 1639 40 21 de-

1607 1673 59 25 jado
1674 1679 79 14 nunca
1761 1672 30 20 de
1804 1675 89 22 pensar
1904 1678 17 13 a
1929 1671 34 21 mi
1976 1671 106 25 Corcega.

1611 1710 15 14 a
1634 1710 41 14 sus
1689 1703 63 20 altos
1759 1705 94 22 montes,
1868 1709 17 14 a
1900 1708 42 15 sus
1953 1702 78 21 lindas
2047 1708 38 15 ve-

1608 1741 52 18 gas,
1676 1741 17 14 a
1709 1741 41 14 sus
1766 1734 83 21 aldeas
1860 1734 169 25 pintorescas...
2038 1733 47 21 En-

1611 1768 39 18 ton
1650 1772 46 17 ces,
1703 1765 126 25 imaginese
1838 1765 42 21 Vd:
1890 1767 43 18 coh
1938 1767 85 18 cuanto
2031 1763 54 27 pla-

1610 1803 38 14 cer
1655 1796 31 21 he
1693 1796 101 21 recibido
1800 1796 19 20 A
1824 1796 79 21 Muvra
1907 1796 12 20 /
1927 1796 78 21 Desde
2013 1796 73 25 àquel

1611 1830 122 22 momento,
1750 1827 70 21 desde
1837 1827 24 21 el
1875 1833 87 15 momei.
1965 1829 24 18 to
2005 1833 45 19 que
2061 1827 24 20 le

1611 1865 44 15 voz
1662 1858 100 26 querida
1767 1859 30 20 de
1804 1859 34 20 mi
1842 1858 82 25 patria
1935 1858 34 21 mi
1976 1858 107 23 alcahzô,

1611 1890 23 21 el
1636 1890 112 21 destierro
1756 1896 36 14 me
1799 1888 90 22 senibro
1897 1895 78 14 menas
1982 1888 101 26 pénible.

1635 1927 38 20 He
1681 1926 63 21 lëido
1755 1933 41 14 con
1816 1925 84 22 mâcha
1916 1925 114 22 diencàon
2045 1927 39 20 Se-

1611 1964 44 14 nor
1661 1958 112 22 Director,
1784 1957 35 20 los
1826 1957 114 25 artigulos
1951 1957 110 21 relativôs
2068 1957 17 20 à

1612 1990 93 18 nuestro
1719 1988 106 23 dialecto,
1832 1993 47 20 que
1894 1988 101 25 algunos
1999 1987 88 25 femen-

1613 2019 60 19 iidós
1689 2018 68 20 dicen
1771 2025 38 13 ser
1820 2025 49 13 una
1887 2018 135 20 miserabilé
2031 2018 54 25 jeri-

1611 2055 86 18 gonza.
1719 2048 42 21 Vd.
1780 2055 17 19 y
1808 2055 41 14 sus
1864 2052 149 21 companeros
2028 2049 57 23 han,

1610 2079 145 26 probado.dl
1760 2080 114 20 contrario
1883 2086 45 19 que
1939 2079 53 21 nids
1999 2080 86 24 bonito,

1613 2113 51 18 mds
1673 2114 70 21 puro,
1748 2117 17 19 y
1780 2117 52 15 mas
1845 2110 68 22 noble
1929 2111 100 21 dialecto
2040 2116 47 21 que

1613 2142 22 20 el
1639 2148 96 20 corcego
1740 2149 30 13 no
1778 2142 80 21 esistia
1870 2149 29 14 en
1907 2142 25 21 el
1942 2143 92 20 mundo.
2061 2153 5 4 -

1639 2179 49 20 Con
1698 2178 81 21 mûcho
1787 2179 83 24 placer
1878 2179 110 22 tambien,
1997 2179 29 21 he
2042 2179 45 20 Vis-

1613 2211 23 18 io
1644 2209 47 26 qûe
1703 2209 63 23 Vdês,
1775 2216 25 13 se
1809 2210 49 21 han
1872 2211 61 20 inter
1932 2216 25 14 es
1956 2210 47 21 ado
2009 2213 44 22 por
2060 2211 26 20 la

2120 127 99 22 ereccion
2223 126 29 20 de
2258 132 30 14 un
2297 132 146 18 monumento
2451 138 79 24 comem

2120 160 46 20 tivo
2174 164 16 14 a
2201 157 33 20 les
2241 158 100 18 muertos
2353 157 29 20 de
2395 158 25 21 la
2431 151 136 41 lndepen°IQ'

2120 190 44 17 rin.

2144 219 152 24 Dispénseme,
2312 223 69 15 senor
2400 220 101 27 Director
2527 238 20 16 s-

2119 249 86 22 escribo
2213 254 28 14 en
2249 247 24 20 el
2278 247 89 21 idioma
2375 249 30 20 de
2413 251 155 36 Cerpantèsp*

2118 287 26 14 ro
2150 279 96 26 prefìero
2254 278 72 20 hacer
2333 280 44 23 asi,
2383 287 52 15 mas
2439 283 52 24 bien
2499 297 40 17 qUe

2118 309 114 22 escribirle
2242 315 29 14 en
2274 308 101 25 francès,
2390 318 45 18 que
2447 321 73 20 nunca
2547 302 21 22 **

2117 341 77 21 sidéré
2198 346 63 14 como
2266 339 34 20 mi
2306 340 109 26 lenguaje
2420 335 148 41 maternai0^,

2117 371 94 22 marché
2226 370 29 20 de
2275 370 100 25 Corcega
2392 379 53 20 muy
2462 377 64 26 jòven
2546 392 14 15 H

2117 402 67 21 modo
2189 407 45 19 que
2246 400 29 21 he
2287 407 33 14 un
2330 404 59 22 poco
2402 404 107 27 olvidado
2518 421 13 14 a
2537 417 13 20 j-

2116 440 43 19 gua
2168 432 30 21 d'i
2207 431 68 21 nostri
2292 432 106 22 babboni.
2404 434 60 23 Pero
2471 440 29 23 yd
2504 449 28 15 no
2544 425 18 17 **

2116 471 33 13 un
2155 461 120 27 rénegado,
2288 468 70 15 senor
2364 464 110 28 Director,
2486 477 16 18 y
2509 455 59 40 Co*°?

2115 495 55 20 dero
2191 499 141 19 vergonzosa
2353 494 25 20 la
2399 496 127 29 insistencia
2545 487 23 40 T

2114 526 81 20 ciertos
2205 526 103 19 nuestros
2322 527 163 23 compatriotas
2500 540 27 16 en
2537 541 24 20 de

2114 557 34 20 cir
2155 562 45 19 que
2207 555 25 20 la
2248 554 86 25 lengua
2342 555 31 20 de
2380 555 102 26 Maurice
2497 564 64 27 Banè

2114 594 25 14 es
2151 587 25 20 la
2189 585 128 22 verdadera
2334 585 85 26 lengua
2434 590 31 20 de
2480 593 33 22 l0s
2526 600 27 21 c0
2560 582 9 13 5

2113 624 73 19 cegos.

2138 651 54 19 Ah!
2202 654 20 14 si
2235 651 59 16 estos
2301 653 134 18 soccarones
2444 652 78 26 fueren
2534 664 34 22 tpn

2112 680 58 24 lejos
2184 679 30 20 de
2220 678 25 21 la
2249 678 85 21 Patria
2339 685 63 15 como
2408 681 23 20 lo
2437 688 40 20 soy
2481 692 85 23 yo,cuQn

2112 710 23 21 di
2146 710 34 25 fer
2191 712 45 18 ente
2247 709 57 20 séria
2315 715 23 14 su
2349 713 80 22 parecer
2440 713 11 20 l
2462 715 34 22 Con
2510 725 51 20 cuan

2112 744 24 17 to
2141 740 83 21 dhinco
2234 742 107 19 enfonces
2354 742 169 28 proclamarian
2530 759 37 18 qUe

2112 771 24 22 el
2140 771 72 21 salud
2214 771 28 20 de
2250 771 25 20 la
2282 771 103 26 Corcega
2393 779 30 15 no
2427 781 25 14 es
2463 777 49 22 sino
2521 789 27 15 en
2549 788 19 20 et

2111 802 98 22 mismal
2214 802 31 21 El
2249 802 99 20 sublime
2353 809 67 15 amor
2426 805 30 21 de
2464 807 24 21 la
2495 810 71 28 Patria

2111 836 63 19 crecë
2186 839 29 14 en
2231 835 110 23 rapporto
2360 834 30 20 de
2402 835 38 21 las
2453 838 113 31 distancias

2110 865 43 20 che
2160 866 66 19 èstan
2230 864 176 25 separandonos
2410 866 31 21 de
2444 867 58 24 Ella.

2138 896 50 20 Una
2196 900 42 15 vez
2243 901 129 17 mas,senor
2382 896 109 28 Director,
2504 903 20 21 le
2529 907 26 21 d0

2110 926 147 22 muchisimas
2259 926 100 26 gracias
2363 929 63 22 para
2434 935 28 15 su
2473 934 90 27 ateheion

2110 959 20 20 A
2133 963 75 19 unque
2223 963 29 14 en
2270 957 20 20 A
2292 957 94 24 merica,
2401 965 40 19 soy
2458 962 87 28 Corcego
2549 978 12 17 y

2107 992 146 22 permanecer
2260 988 106 26 Corcego.
2376 988 21 21 Y
2408 995 36 15 me
2457 997 65 20 gusta
2532 1000 31 19 dé-

2109 1020 56 21 cide
2172 1019 64 21 aVd.

2149 1050 41 21 Me
2209 1050 73 25 repito
2298 1051 31 20 de
2358 1050 38 24 Vd,
2414 1052 72 22 Senor
2499 1056 66 25 Direc-

2109 1085 42 20 tor,
2160 1081 60 21 etcÀ;

2314 1118 80 22 Pablo
2403 1119 140 30 Martinetti,

2203 1169 224 26 Almacen-general.

2232 1206 16 21 3
2255 1206 39 21 cal
2291 1206 24 21 le
2326 1207 50 21 San
2384 1207 63 25 José,

2273 1238 37 20 La
2319 1236 97 28 XGuayfà
2425 1238 139 33 (Venezuela).

2134 1333 24 37 A
2166 1335 89 36 venta
2264 1333 48 37 chi
2329 1335 27 37 si
2372 1345 36 26 ne
2425 1337 76 37 sorte
2517 1363 28 13 ...

2136 1438 146 23 Unstitutore,
2288 1439 196 25 upocuanzianu,
2489 1442 77 24 rivenia

2107 1469 34 21 da
2148 1476 17 14 a
2172 1469 137 26 cunferenza
2317 1476 17 14 a
2342 1470 93 23 cavallu
2447 1472 49 21 a’so
2503 1475 62 23 mula.

2107 1501 111 21 Arrivatu
2225 1507 31 14 nu
2273 1507 15 14 u
2297 1501 214 25 paisòlu,riscuntrò
2525 1512 40 16 una

2107 1532 91 29 cullega
2212 1532 39 21 chi
2261 1532 59 21 dera
2328 1535 110 19 astenuta
2451 1534 114 25 d’andacci

2109 1570 32 14 un
2149 1564 27 20 sò
2182 1567 44 22 per
2233 1564 69 25 quale
2310 1564 100 25 ragioni.

2134 1595 67 25 Dòpu
2209 1594 70 21 avelli
2290 1597 94 19 tuccatu
2392 1602 17 14 a
2417 1602 77 18 manu,
2511 1605 15 15 a
2532 1600 34 23 sfi-

2109 1626 81 21 tutrice
2196 1626 117 21 dumandò
2322 1633 10 14 :

2134 1667 26 4 —
2170 1657 57 21 Cosa
2235 1660 96 19 raconta
2339 1658 29 21 di
2374 1658 63 21 bellu
2445 1658 118 28 l’ispettore,

2109 1689 15 20 ò
2139 1688 50 28 sgiò
2203 1688 59 22 D...?

2137 1720 21 20 U
2161 1720 90 21 vecchiu
2259 1720 140 26 insignante,
2407 1721 54 22 òmu
2469 1724 59 20 assai
2532 1725 51 20 cu-\

2109 1751 69 23 riosu,
2186 1752 109 25 rispondi,
2305 1752 129 21 alliscendu
2445 1759 18 15 a
2470 1760 25 14 so
2501 1754 64 22 barba

2109 1783 86 21 bianca
2204 1789 6 13 :
2503 1807 4 3 _
2531 1799 13 7 .,
2553 1788 3 2 '

2135 1826 26 5 —
2168 1815 141 26 L’ispettore,
2319 1816 14 20 ò
2341 1822 40 14 ma
2380 1816 81 23 dama,
2471 1817 98 26 ciingag-

2108 1846 42 25 gia
2155 1853 17 14 a
2178 1846 28 25 fà
2214 1853 16 14 u
2237 1849 79 18 nostru
2332 1847 92 24 duvere,
2441 1847 29 21 di
2484 1854 85 17 manera

2110 1877 39 21 chi
2158 1878 11 20 i
2179 1878 72 21 nostri
2261 1878 90 21 sculari
2362 1879 97 25 quandu
2471 1878 97 23 lascianu

2110 1915 17 14 a
2142 1909 70 23 scòla,
2226 1909 67 23 siqnu
2316 1909 110 26 incapqci
2432 1909 138 23 d'annuiallu

2108 1939 109 25 fendqcci
2222 1947 14 13 e
2243 1940 128 26 dinunçcie.

2137 1981 26 3 —
2170 1970 27 23 O,
2213 1971 50 24 fece
2281 1977 17 14 a
2315 1972 113 20 stitutrice
2438 1972 102 22 cun’aria
2550 1972 23 21 di

2109 2001 91 25 grande
2211 2001 164 26 sudisfazione.,
2391 2002 39 25 eju
2442 2009 34 14 un
2492 1999 79 25 dub.ite-

2109 2032 59 25 ghiu
2175 2033 75 20 minca
2258 2033 27 20 di
2293 2033 12 20 i
2311 2033 70 20 mei...

2117 2058 2 2 ■
2219 2056 3 2 •
2267 2059 3 2 .
2275 2052 30 10 *:-v.

2365 2082 20 12 :•!
2397 2079 5 3 ■
2430 2089 5 5 .
2444 2074 106 23 Pinudu.

2153 2114 4 8 :
2162 2116 3 3 •
2169 2111 3 4 *
2176 2116 5 3 -
2192 2118 3 4 .
2396 2114 8 8 >
2420 2115 3 3 '
2429 2119 3 3 .
2434 2111 4 11 ;
2443 2119 3 3 .

2127 2167 237 30 Aiacciu-Stamparia
2380 2167 24 22 di
2422 2168 29 22 -A
2477 2168 86 23 Muvra

2112 2207 22 22 U
2142 2207 218 30 direttore-gerente
2371 2215 6 14 :
2402 2207 71 24 Petru
2483 2207 91 23 ROCCA

425 2375 759 127 Stamparia
1253 2373 131 109 di
1455 2377 127 103 A
1651 2373 633 113 MUVRA

133 2531 5 4 '
449 2529 7 7 3
470 2531 2 2 ■
1444 2531 3 2 -

741 2538 2 2 '
1160 2537 4 3 ^
1172 2537 3 5 »
1194 2538 4 5 ,
1221 2536 3 3 -
1235 2539 3 2 -
1245 2537 3 5 :
1386 2537 5 4 '
1396 2537 3 3 -
1422 2536 21 5 w.
1458 2537 2 2 •
1490 2537 3 2 •
1503 2537 13 8 ^
1532 2537 3 3 .
1565 2538 4 3 ■
1574 2539 8 4 -■
1941 2545 2 2 .
1948 2541 8 8 >
1980 2544 3 3 .
1995 2546 2 2 .
2374 2539 9 7 i.
2388 2542 4 4 .
2397 2537 4 10 ;
2432 2542 4 3 .

498 2563 3 2 .
1098 2563 3 3 .
1260 2562 117 6 .....
1647 2551 4 3 '
1744 2557 3 3 '
2117 2567 4 4 .
2181 2564 47 6 ...
2339 2559 4 3 -

169 2573 261 69 Lettare
485 2609 51 17 -
605 2573 277 69 Fatture
951 2609 51 19 -
1071 2571 199 71 Carte
1339 2609 51 19 ==
1461 2571 291 89 Biglietti
1831 2611 51 19 -
1959 2575 437 75 Memoranda

443 2670 4 4 .
479 2671 9 3 ..
499 2665 3 2 -
561 2663 2 2 ’
583 2660 6 13 *.
596 2664 3 6 ;
660 2665 9 7 v
672 2666 6 5 -
744 2672 3 3 .
782 2663 4 5 ’
888 2669 4 4 .
896 2667 3 3 •
977 2671 3 3 ,
1255 2661 5 15 I
1304 2665 4 7 r
1312 2665 3 10 ;
1455 2664 5 11 ;
1466 2665 2 7 ;
1758 2668 3 4 .
2034 2672 2 2 .
2110 2657 6 12 ï
2170 2658 5 9 ;
2178 2662 5 7 r
2185 2663 6 3 -
2220 2660 2 2 '
2241 2665 3 4 .
2278 2662 4 7 t
2285 2658 6 13 f
2293 2659 6 12 f
2317 2661 11 10 C
2332 2667 2 3 .
2347 2663 4 6 »
2355 2661 4 10 T
2460 2664 3 9 ;

581 2689 231 69 Affissi
867 2727 51 17 -
971 2689 179 73 Libri
1203 2725 53 17 ==
1311 2689 301 71 Qiurnali
1667 2727 53 19 ==
1771 2711 147 51 ec....
1971 2713 147 53 ec....

267 2893 67 65 #
397 2893 95 71 *.
639 2881 321 75 Prestu
1027 2881 235 77 fattu
1329 2897 49 61 e
1439 2899 51 61 a
1559 2885 171 77 bon
1789 2891 247 85 pattu
2205 2883 213 87 WM

413 3066 3 3 ■
776 3076 13 3 _
991 3072 7 5 .
1042 3077 6 2 .
2140 3061 3 3 '
2250 3068 54 11 --u,
2311 3069 11 6 -

313 3072 109 31 fy-*
771 3076 23 25 •
1020 3077 27 36 'i
1141 3081 19 32 j
1388 3080 24 26 •
1517 3085 17 28 j
1568 3081 28 26 %

311 3079 115 115 Si
491 3111 149 85 vo
703 3111 99 85 ci
863 3079 383 121 vulete
1309 3087 323 117 aiuta

1540 3224 2 2 ■
2269 3220 30 17 S'î
2323 3219 17 18 S

727 3277 577 101 Abbunatevi
1349 3311 59 67 a
1447 3285 77 95 A
1575 3287 443 103 MUVRA.

250 3411 3 3 ■
1578 3415 4 3 .
1786 3403 4 3 ■

763 3439 491 121 Cumprate
1305 3447 27 93 i
1369 3451 295 93 nostri
1717 3451 221 101 libri.

393 3589 223 69 Fateci
685 3595 275 85 stampà
1029 3597 211 71 ciochi
1313 3621 83 49 vo
1467 3603 141 69 fate
1675 3609 273 87 stampà
1999 3617 65 71 in
2111 3621 191 75 attrô.
