2604 3970
9 162 132 55 Autour
167 147 46 47 de
244 143 222 47 Pontenovu

29 284 31 21 la
63 271 101 32 question
173 267 29 21 de
222 266 133 20 Pontenovo
388 265 34 18 est
434 263 35 20 di-

52 310 72 25 etnent
152 302 137 23 commentée
309 303 24 17 et
362 300 108 22 discutée;

11 323 42 22 VfrS
71 348 91 22 croyons
174 339 122 21 intéresser
311 343 43 14 nos
376 336 95 21 lecteurs

12 364 23 18 n°
50 380 106 33 publiant
172 382 31 14 un
214 374 81 21 article
311 379 47 19 que
370 373 103 24 publiait

12 399 48 54 ^ans
71 417 116 27 signature
203 411 108 20 d’auteur
324 409 79 20 /'Eveil
415 409 28 20 de
451 409 20 20 la

15 465 67 22 Corse,
95 453 20 23 H
121 458 17 20 Y
144 457 17 14 a
168 447 111 27 quelques
293 445 74 25 jours.

35 514 56 21 yoUS
105 511 55 17 vous
177 503 120 20 intéressez
311 507 29 13 au
356 504 46 16 sort
416 502 58 19 delà

15 549 67 19 Corse,
95 543 44 21 que
156 539 55 16 vouS
227 532 71 21 aimez
307 545 8 10 >
324 531 22 20 Je
365 532 109 19 caractère

20 580 5 6 .
51 578 34 17 ses
93 567 110 23 habitants
216 562 112 26 l’appelait
344 563 14 19 à
372 562 21 20 la
410 562 64 20 liber-

24 585 27 45 |.
64 604 21 20 je
102 605 11 11 «
122 595 114 24 centralité
249 598 11 11 »
280 593 28 20 de
330 599 24 14 sa
369 593 105 24 position,

17 642 5 8 ,
43 631 90 26 nombre
149 627 28 20 de
194 631 35 15 ses
246 627 63 23 ports
322 627 23 16 et
361 623 22 20 la
399 622 77 21 fertile

22 672 11 19 é
44 667 28 20 du
79 661 34 22 sol
121 656 139 27 l’appelaiént
268 655 14 19 à
296 661 32 13 un
337 653 70 26 grand
416 660 61 14 com-

45 702 42 16 rce.
106 687 111 26 Pourquoi
232 686 59 20 donc
299 685 22 20 le
337 685 79 25 peuple
428 692 49 13 cor-

14 738 21 15 se
48 722 73 27 n’a-t-il
135 718 80 28 jamais
223 717 36 21 été
277 717 22 20 ni
314 716 56 21 libre
384 716 23 20 ni
416 723 61 14 com-

14 758 91 26 merçant
112 753 13 20 ?

39 795 56 22 Vous
109 788 70 22 l'avez
195 792 29 15 vu
234 784 98 26 prendre
348 784 33 20 les
395 790 80 18 armes,

16 829 84 22 secouer
113 820 88 21 l’atroce
213 818 178 24 gouvernement
399 814 78 26 génois

15 858 111 23 recouvrer
148 855 41 14 son
210 846 177 26 Indépendance,
414 846 63 20 vivre

17 897 29 15 un
53 886 81 22 instant
149 880 98 22 beürëux
256 885 7 18 ;
279 877 64 24 mais,
362 877 114 25 poursuivi

17 927 36 21 par
68 921 43 16 une
127 911 84 22 fatalité
232 908 139 24 irrésistible,
389 908 15 20 il
422 911 56 17 tom-

16 954 25 21 ba
54 949 53 20 dans
122 944 21 21 le
151 942 50 26 plus
215 939 168 26 insupportable
405 938 72 22 avilis-

17 981 86 25 sèroënt.

40 1011 58 26 Paoli
115 1013 104 17 consacra
228 1006 21 20 le
258 1005 99 26 premier
373 1011 37 14 ces
418 1004 61 26 prin-

18 1047 54 25 cipes
91 1040 38 27 qui
154 1039 49 20 font
219 1037 21 20 le
261 1036 131 21 fondement
408 1035 28 21 de
456 1036 22 20 la

17 1073 114 32 prospérité
149 1069 39 21 des
200 1068 100 26 peuples.
315 1067 36 21 On
369 1067 109 20 admirera

17 1115 31 16 ses
64 1107 130 19 ressources,
220 1106 25 13 sa
266 1099 94 20 fermeté
372 1105 49 16 .son
434 1098 45 21 élo-

18 1142 83 23 quence;
122 1140 28 13 au
160 1131 75 23 milieu
247 1130 41 20 des
302 1136 92 19 guerres
402 1129 76 20 civiles

17 1174 19 17 et
49 1156 136 34 étràng^resV
190 1162 16 20 ÎI
211 1161 51 20 'fait
271 1160 49 21 face
333 1161 14 20 à
355 1163 56 18 tout.
420 1161 58 20 D’un

18 1202 45 21 bras
79 1197 69 20 ferme
169 1193 16 21 il
206 1199 56 19 pose,
276 1192 33 20 les
327 1192 65 21 bases
408 1192 29 20 de
457 1191 22 21 la

17 1226 152 27 Constitution,
183 1225 22 20 èt
221 1221 40 23 fait
277 1223 107 20 trembler
396 1222 83 26 jusque

18 1263 51 20 dans
88 1258 73 21 Gênes
173 1262 41 15 nos
221 1258 85 22 tyrans.
316 1254 95 24 Bientôt,
421 1257 59 17 tren-

17 1298 18 16 te
51 1290 61 22 mille
128 1286 110 25 Français,
250 1285 74 22 vomis
338 1292 40 14 sur
394 1292 42 14 nos
444 1286 37 19 cô-

17 1328 38 18 tes,
72 1321 128 21 renversent
210 1317 22 21 le
243 1318 66 20 trône
317 1317 29 20 de
360 1316 21 21 la
394 1316 84 24 liberté,

17 1355 19 20 le
51 1354 83 24 noyant
141 1350 63 20 dans-
208 1348 133 22 les-flots-de
346 1354 65 19 -sang,
423 1353 58 15 nous

18 1385 43 21 font
74 1380 99 22 "assister
190 1386 28 14 au
233 1379 110 26 spectacle
359 1379 52 20 d’un
428 1385 54 18 peu-

18 1416 32 26 ple
65 1412 46 27 qui,
123 1412 56 20 dans
196 1418 41 13 son
246 1410 193 25 découragement,
449 1416 34 14 re-
487 1409 4 22 !

19 1446 47 26 çoit.
77 1444 40 21 des
131 1443 61 21 fers..
388 1459 5 3 .
422 1456 5 3 -

42 1483 32 21 En
89 1481 58 26 1764,
159 1480 38 21 six
202 1480 118 21 bataillons
327 1479 96 24 français
440 1478 45 26 pri-

20 1517 45 19 rent
86 1512 21 22 la
119 1512 69 25 garde
212 1511 40 21 des
270 1511 66 21 villes
353 1510 130 22 maritimes.;

19 1546 41 21 Ces
88 1543 118 26 garnisons
230 1542 122 25 françaises
377 1542 109 20 restèrent

21 1579 88 18 neutres
125 1578 23 17 et
165 1581 34 13 ne-
212 1574 86 25 prirent
315 1579 87 14 aucune
410 1575 52 23 part
471 1573 20 19 à"

19 1607 20 21 la
57 1607 102 25 guerre^
168 1605 45 26 qui.
237 1604 107 22 continua
369 1607 63 18 entre
452 1603 34 20 les

21 1639 78 20 Corses
115 1640 23 17 et
148 1633 34 24 lés
196 1636 92 21 Génois.
311 1640 5 4 '

43 1675 32 21 En
93 1674 59 26 1768,
168 1674 33 20 les
209 1677 92 22 troupes
317 1672 121 25 françaises
449 1672 38 20 de-

20 1706 70 21 vaient
106 1709 116 17 retourner
238 1711 29 14 en
286 1704 84 20 France
379 1711 7 17 ;
396 1710 26 13 ce
439 1709 48 14 mo-

20 1741 58 18 ment
91 1737 54 20 était
160 1735 91 21 attende
275 1742 55 14 avec
346 1735 140 25 impatiencè;

18 1770 14 20 il
43 1775 29 14 ne
88 1768 35 20 fût
136 1768 59 20 resté
208 1773 75 14 aucun
300 1766 85 26 vestige
393 1766 29 21 de
433 1766 55 20 l'au-

18 1799 64 22 torité
96 1799 29 20 de
146 1798 74 21 Gênés
236 1798 58 20 dans
320 1797 51 23 l’île,
396 1793 92 29 lorsque

18 1832 20 21 le
51 1831 44 20 duc
108 1829 30 21 de
151 1829 112 24 .Chpiseul
280 1832 82 21 conçut
370 1829 21 19 la
406 1828 82 25 pensée

18 1863 26 20 de
64 1860 77 21 réunir
156 1861 22 20 la
196 1860 69 21 Corse
282 1861 14 19 à
310 1860 22 20 la
351 1860 91 20 France.

41 1893 71 24 Après
126 1891 36 20 dé'
167 1891 95 26 longues
270 1891 139 23 hésitations,
420 1891 22 20 le
450 1890 38 21 Sé-

20 1928 36 17 nat
74 1922 39 27 (de
126 1921 84 27 Gênes)
225 1922 113 21 consentit
354 1925 23 17 et
387 1921 100 26 Spinola,

19 1962 40 14 son
78 1954 158 21 ambassadeur
247 1954 14 19 à
276 1953 71 24 paris,
371 1953 65 25 signa
454 1959 31 14 un

20 1986 61 21 traité
98 1990 41 20 par
152 1984 82 25 lequel,
238 1984 34 20 lès
285 1983 60 21 deux
358 1984 129 25 puissances

22 2017 128 23 convinrent
166 2022 45 19 que
227 2015 23 21 le
258 2015 33 20 roi
308 2015 30 20 de
345 2015 84 20 France
437 2020 51 14 sou-

23 2044 93 25 mettiâit
142 2050 28 18 et.
190 2046 149 21 désarmerait
352 2045 35 21 les
405 2045 82 20 Corses

22 2083 20 18 et
53 2079 37 23 .les
103 2078 156 26 gouvernerait
270 2077 107 26 jusqu’au
390 2080 98 17 momeut

23 2109 26 22 où
61 2110 22 21 la
99 2109 141 26 République
266 2109 69 20 serait
351 2115 28 14 en
400 2114 89 15 mesure

24 2142 25 20 de
63 2141 32 21 lui
113 2141 142 21 rembourser
274 2140 34 21 les
329 2146 95 16 avances
444 2145 46 20 que

23 2173 35 20 lui
69 2172 73 21 aurait
155 2173 65 20 coûté
242 2175 58 17 cette
316 2171 118 27 conquête.
447 2171 41 23 Or,

23 2204 15 20 il
53 2204 70 20 fallait
131 2203 50 26 plus
193 2217 3 5 .
202 2203 29 21 dé
238 2206 74 18 trente
320 2202 61 21 mille
388 2201 102 22 hômmes

25 2242 54 18 pour
99 2238 121 17 soumettre
230 2251 3 3 .
236 2234 45 21 l’île
297 2237 24 17 et
333 2233 23 22 la
378 2233 113 21 désarmer

24 2270 21 17 et
61 2266 98 25 pendant
170 2265 112 26 plusieurs
298 2266 89 20 années,
393 2265 16 20 il
421 2264 71 21 fallait

24 2304 12 18 y
53 2297 118 21 maintenir
192 2297 28 20 de
250 2297 147 20 nombreuses
418 2296 75 25 garni-

23 2335 52 14 sons
84 2336 7 17 ;
104 2335 26 14 ce
144 2329 39 25 qui
209 2328 76 21 devait
304 2328 189 20 nécessairement

23 2364 88 16 monter,
120 2361 15 19 à
147 2360 40 20 des
196 2374 7 4 -
207 2365 99 15 sommes
323 2365 45 19 que
383 2359 22 20 la
421 2359 73 25 Répu-

23 2390 76 26 blique
115 2391 30 20 de
169 2390 75 21 Gênés
260 2397 30 14 ne
302 2390 101 25 pourrait
425 2390 23 20 ni
462 2397 30 13 ne

22 2421 101 21 voudrait
140 2422 148 19 rembourser.

46 2453 29 20 Le
92 2453 101 20 ministre
200 2452 97 25 français
310 2451 27 21 fit
352 2452 77 20 ouvrir
445 2458 46 14 une

21 2484 137 25 négociation
176 2491 55 13 avec
245 2483 62 21 Paoli
316 2490 7 18 ;
331 2483 17 20 il
359 2483 32 20 lui
400 2483 91 20 deman-

20 2514 43 21 dait
84 2515 55 25 qu’il
152 2516 74 23 portât
235 2521 44 14 son
287 2521 56 21 pays
356 2516 14 18 à
382 2521 25 13 se
413 2521 77 14 recon-

21 2546 66 20 naître
103 2546 61 25 sujét
178 2546 34 20 du
216 2551 5 3 '
223 2545 41 21 -roi
267 2560 6 9 ,
286 2549 28 16 .et
341 2543 58 28 qu’il
410 2546 24 19 sè
455 2551 34 14 re-

19 2577 82 20 connût
118 2577 119 20 librement
250 2576 108 25 province
370 2576 31 20 dû
410 2582 79 19 royau-

19 2613 40 14 me.
79 2608 61 20 Pour
165 2608 49 25 prix
231 2607 29 21 de
280 2610 58 17 cette
354 2607 135 20 condescen-

14 2638 79 26 dance,
117 2645 30 14 on
177 2638 74 20 offrait
267 2638 14 20 à
304 2638 63 20 Paoli
389 2637 96 23 fortune,

19 2668 119 22 honneurs.
152 2669 18 20 Il
187 2668 68 26 rejeta
272 2672 74 17 toutes
363 2668 33 21 les
419 2669 67 20 offres

19 2706 51 15 avec
95 2700 80 21 dédain
185 2707 7 18 ;
201 2700 16 20 il
230 2706 122 19 .convoqua
360 2700 22 20 la
399 2700 88 21 consul-

19 2733 20 18 te
63 2735 23 16 et
102 2731 33 21 lui
149 2738 81 19 exposa
253 2731 62 21 l’état
329 2731 94 26 critique
445 2731 41 21 des

20 2761 83 22 affaires
112 2770 7 17 ;
133 2763 15 20 il
157 2769 30 16 ne
194 2763 116 20 dissimula
318 2769 41 19 pas
371 2763 53 25 qu’il
432 2763 54 20 était

501 134 121 26 mpossible
645 135 29 20 de
688 136 90 21 résister
792 143 43 14 aux
852 137 72 21 forces
937 138 29 20 de

501 172 13 12 a
524 165 108 21 France...
642 166 17 20 Il
670 167 37 25 n’y
725 171 37 16 eut
771 168 68 24 qu’un
849 168 30 20 cri
890 176 6 12 :
913 169 53 20 «La

497 196 82 20 liberté
592 203 29 14 ou
637 197 25 20 la
675 200 59 18 mort
743 198 6 20 !
760 206 9 9 »
785 198 18 20 Il
813 199 76 20 insista
907 206 58 18 pour

497 228 68 23 qu’on
580 234 28 13 ne
620 228 128 25 s’engageât
770 235 41 19 pas
824 229 143 25 légèrement.

497 257 55 21 Mais
559 262 49 16 tous
616 259 146 24 paraissaient
769 263 88 17 surtout
865 260 103 24 indignes

497 288 28 20 de
540 295 26 14 ce
586 295 43 19 que
645 289 21 20 la
680 290 92 23 France,
795 290 39 25 qui
852 290 60 20 avait
934 290 35 20 été

497 323 97 16 souvent
615 320 127 20 médiatrice
769 320 57 20 dans
842 320 59 20 leurs
916 326 54 19 que-

498 349 67 21 relles
589 357 52 13 avec
658 351 75 20 Gênes
751 354 22 17 et
789 351 61 20 avait
868 350 102 25 toujours

498 382 99 24 protesté
613 381 27 20 de
656 387 42 14 son
717 381 216 23 désintéressement,
946 387 25 14 se

499 411 123 24 présentait
641 411 140 25 aujourd’hui
799 417 87 14 comme
900 411 72 25 partie

499 447 23 15 et
541 441 91 26 feignait
651 442 29 19 de
698 442 72 19 croire
786 447 46 19 que
840 441 21 20 le
876 447 96 18 gouver-

500 475 93 18 nement
608 472 28 20 de
648 471 76 21 Gênes
732 471 92 26 pouvait
837 471 84 20 vendre
939 471 38 20 le&

500 503 83 20 Corses
592 509 85 14 comme
685 502 177 25 untroupeaude
868 501 106 23 boeufs,et

500 537 80 17 contre
589 534 20 19 la
617 536 80 17 teneur
705 533 40 20 des
759 535 75 22 pacta
850 534 121 18 conventa.

529 570 31 20 Le
574 569 62 21 traité
644 576 42 18 par
699 569 74 25 lequel
786 569 75 20 Gênes
869 568 74 21 cédait
951 568 21 20 la

502 601 72 20 Corse
582 607 28 13 au
623 600 33 20 roi
664 600 73 20 excita
745 607 29 13 en
784 599 83 21 France
878 603 32 16 un
923 605 52 14 sen-

501 631 83 21 timent
599 631 28 20 de
639 630 142 25 réprobation
790 630 109 25 générale.
910 629 66 20 Lors-

502 669 46 18 que
563 662 43 20 l’on
623 665 86 17 connut
723 668 40 19 par
790 661 33 21 les
828 674 4 3 •
840 660 135 22 résolutions

502 693 30 21 de
549 693 22 21 la
586 693 106 21 Consulté
706 692 52 26 qu’il
774 692 96 21 faudrait
883 691 57 21 faire
953 691 21 21 la

501 731 84 19 guerre
601 728 23 17 et
631 727 80 18 mettre
728 730 28 14 en
773 727 144 17 mouvement
931 729 45 14 une

502 755 74 26 partie
601 756 27 19 de
644 755 22 20 la
675 755 120 26 puissance
803 754 110 25 française
921 760 54 14 con-

503 790 36 17 tre
547 793 27 14 ce
582 787 54 25 petit
660 785 89 27 peuple,
758 785 120 26 l’injustice
891 788 23 17 et
921 784 52 21 Vin-

501 818 131 25 générosité
642 817 35 22 de
696 820 58 18 cette
772 823 81 22 guerre
874 817 104 20 émurent

503 852 53 17 tous
573 848 32 21 les
619 848 89 26 esprits.
727 848 32 21 Le
770 854 60 19 sang
854 847 38 25 qui
915 846 63 21 allait

503 879 78 21 couler
595 879 118 21 retombait
726 883 49 17 tout
783 879 72 21 entier
863 884 39 15 sur
910 877 68 21 Choi-

504 911 59 20 seul.

530 947 33 21 Le
578 946 224 22 lieutenant-Colonel
810 945 125 22 Chauvelin
940 945 39 20 dé-

504 979 87 26 barqua
599 979 13 20 à
621 978 74 21 Bastia
705 985 6 18 ;
721 978 16 21 il
749 981 39 18 eut
796 984 53 14 sous
855 983 36 14 ses
899 977 79 20 ordres

504 1011 74 20 12.000
586 1010 108 20 hommes.
702 1009 18 21 Il
726 1009 76 26 publia
807 1009 40 20 des
856 1008 123 25 proclama-

503 1040 70 25 tions,
582 1040 75 21 intima
667 1040 40 21 des
715 1040 77 21 ordres
799 1046 45 14 aux
847 1045 131 15 communes

504 1075 24 17 et
544 1077 128 18 commença
683 1071 34 21 les
733 1071 117 24 hostilités;
872 1070 58 21 mais
942 1076 37 14 ses

504 1106 100 22 troupes,
610 1102 87 21 battues
706 1103 37 19 "au
751 1102 89 20 combat
856 1101 28 20 de
895 1101 83 25 Borgo,

505 1135 131 25 repoussées
649 1133 58 20 dans
716 1136 72 17 toutes
796 1132 61 21 leurs
868 1135 110 22 attaques,

504 1165 78 20 furent
594 1165 105 24 obligées,
715 1164 14 20 à
736 1164 22 20 la
768 1163 31 21 fin
817 1163 29 20 de
862 1163 21 20 la
891 1169 90 18 campa-

504 1203 46 18 gne
558 1195 29 21 de
594 1195 57 26 1768,
665 1195 29 20 de
706 1201 25 14 se
740 1194 121 21 renfermer
873 1193 57 20 dans
947 1193 33 20 les

505 1227 77 26 places
590 1227 75 20 fortes.

533 1274 25 13 ..;
568 1266 19 21 Il
591 1266 36 26 n’y
632 1269 39 17 eut
686 1265 52 26 plus
745 1265 15 20 à
768 1264 116 21 délibérer.
898 1263 32 20 Le
936 1263 46 20 Ma-

506 1297 77 21 réchal
591 1297 28 20 de
627 1297 63 20 Vaux
700 1296 67 25 partit
776 1302 58 19 pour
841 1295 22 20 la
868 1294 71 20 Corse
948 1300 7 18 ;
964 1293 17 20 il

506 1332 41 17 eut
564 1334 51 15 sous
632 1333 37 15 ses
686 1327 78 20 ordres
777 1327 73 19 3o.ooo
866 1325 102 20 hommes
974 1331 7 17 ;

501 1359 40 21 les
550 1362 61 22 ports
618 1359 28 20 de
658 1361 60 18 cette
724 1356 30 22 île
761 1357 77 20 furent
850 1356 96 21 inondés
954 1354 29 21 de

507 1394 100 22 troupes.
624 1390 42 20 Les
683 1389 113 21 habitants
808 1394 26 14 se
842 1386 142 22 défendirent

509 1422 100 25 pendant
617 1428 45 14 une
670 1421 72 25 partie
750 1420 29 21 de
795 1419 22 21 la
825 1425 122 20 campagne
955 1417 29 21 de

511 1453 118 26 1769,mais
640 1459 53 14 sans
702 1451 76 26 espoir
786 1451 29 20 de
823 1451 84 20 succès.

537 1494 44 20 Les
589 1493 80 21 Corses
677 1499 26 14 se
711 1492 106 21 battirent
824 1497 55 15 avec
886 1490 100 21 obstina-

511 1524 49 22 tion
574 1531 28 14 au
610 1530 101 20 passage,
721 1523 29 21 du
760 1523 58 20 Golo
826 1519 158 29 (Pontenovo)

512 1556 96 25 N’ayant
624 1561 40 20 pas
682 1561 29 14 eu
724 1555 20 20 le
761 1558 74 21 temps
850 1553 29 20 de
900 1557 85 20 couper

512 1587 23 20 le
549 1587 101 25 pont,qui
664 1586 55 21 était
727 1592 28 14 en
769 1585 82 26 pierre,
866 1583 16 21 il
895 1590 26 13 se
938 1589 48 14 ser-

513 1618 75 22 virent
602 1618 39 20 des
660 1617 108 22 cadavres
788 1616 30 21 de
839 1615 59 21 leurs
915 1616 71 18 morts

513 1656 59 19 pour
580 1656 27 14 en
616 1649 84 20 former
708 1655 31 14 un
745 1646 187 22 retranchement.

540 1687 51 20 Une
615 1686 71 25 partie
709 1685 40 20 des
778 1684 105 25 patriotes
903 1681 83 22 étaient

514 1721 71 17 morts
593 1724 28 14 en
629 1716 122 22 défendant
758 1716 49 20 leur
810 1713 176 27 indépendance,

513 1749 81 22 l’autre
602 1748 59 21 avait
668 1747 33 21 fui
711 1753 44 15 une
763 1744 181 29 terre.proscrite,
950 1743 36 21 dé-

514 1780 96 21 sormais
624 1779 105 24 hideuse;
738 1778 58 20 mais
804 1784 32 14 un
844 1775 71 26 grand
923 1781 63 14 nom-

515 1811 41 21 bre
573 1810 109 21 n’avaient
689 1810 32 20 dû
737 1808 86 22 mourir
829 1808 22 20 ni
864 1806 81 24 fuir,ils
952 1805 34 21 fu-

514 1845 52 18 rent
573 1841 75 26 l’objet
655 1841 41 20 des
705 1838 221 28 persécutions..-Les
943 1843 43 14 uns

514 1874 99 25 périrent
617 1873 102 21 victimes
727 1872 40 20 des
775 1870 82 21 crimes
865 1869 67 26 qu’on
937 1868 49 21 leur

514 1911 99 19 supposa
623 1911 6 16 ;
638 1904 33 20 les
688 1907 88 19 autres,
785 1901 71 21 trahis
868 1907 41 19 par
921 1899 65 21 l’hôs-

515 1935 96 26 pitalité,
617 1942 39 18 par
665 1935 22 20 la
695 1933 126 24 confiance,
826 1932 115 26 expièrent
948 1937 38 14 sur

512 1966 123 20 l’échafaud
643 1966 35 20 les
694 1964 97 25 soupirs,
799 1964 34 20 lés
840 1963 83 20 larmes
940 1968 46 13 sur-

513 1997 74 25 prises
594 1997 14 20 à
616 1996 47 21 leur
672 1993 279 23 dissimulation.Entassés
958 1998 28 14 en

513 2027 73 26 grand
593 2027 94 21 nombre
692 2032 41 19 par
738 2026 30 20 M.
776 2022 210 24 Narbonne-Frizlar

513 2059 59 20 dans
580 2059 21 20 la
609 2062 51 17 tour
673 2058 29 19 dè
719 2056 96 23 Toulon,
829 2054 157 26 empoisonnés

514 2097 42 18 par
565 2090 32 20 les
605 2089 111 23 aliments,
733 2088 98 20 torturés
839 2093 40 18 par
887 2086 33 20 les
928 2084 58 21 chaî-

515 2128 49 14 nes,
590 2120 101 21 accablés
705 2126 42 19 par
767 2119 39 20 les'
818 2118 50 25 plus
884 2116 102 25 indignes

515 2152 145 23 traitements,
679 2151 16 20 il
712 2157 29 14 ne
759 2151 108 20 vécurent
889 2147 97 26 quelque

516 2187 74 22 temps
604 2183 55 20 dans
677 2182 62 21 leurs
755 2181 90 25 soupirs
870 2186 45 19 que
931 2185 55 19 pour

517 2215 51 21 voir
575 2215 21 20 la
604 2216 79 19 mort's
690 2219 97 15 avancer
795 2213 14 19 à
818 2217 40 20 pas
865 2211 85 20 lents...

546 2256 84 21 Tristes
646 2257 113 18 moments
775 2259 59 19 pour
841 2251 21 20 le
876 2249 110 22 moraliste

518 2287 83 27 pareils
615 2287 14 20 à
643 2285 58 22 celui
714 2284 39 27 qui
773 2283 27 21 fit
812 2283 49 20 dire
872 2283 14 18 à
897 2281 89 20 Brutus;

520 2327 12 12 «
541 2319 72 22 Vertu,
629 2324 29 14 ne
678 2317 109 20 serais-tu
795 2316 84 25 qu’une
907 2314 76 21 chimê

518 2347 206 24 re/...»J’arriverai
732 2346 63 22 enfin
803 2348 14 19 à
826 2345 160 22 ladominatior

514 2381 122 25 française.
647 2379 97 21 Accablé
759 2385 55 14 sous
830 2378 22 20 le
859 2377 67 26 triple
934 2376 52 25 joug

518 2413 32 20 du
559 2412 108 23 militaire,
685 2411 32 20 du
734 2410 71 22 robin,
816 2409 30 20 dû
864 2408 111 21 maltôtier
983 2415 3 11 :

517 2446 104 23 étranger
628 2443 57 20 dans
693 2448 26 14 sa
727 2441 79 26 patrie,
824 2447 28 14 en
861 2439 62 26 proie
931 2439 15 20 à
951 2438 35 21 dêî

516 2479 120 17 aventures
652 2480 46 19 que
714 2473 22 20 le
765 2471 106 25 Français
890 2470 96 22 d’outre-

516 2513 51 14 mer
576 2505 115 22 refuserait
703 2504 29 21 de
739 2503 149 24 reconnaître,
904 2502 22 21 le
935 2501 51 21 Cor-

515 2544 27 15 se
549 2538 48 21 voit
604 2543 36 15 ses
653 2536 67 26 jours
732 2535 71 21 flétris
822 2541 40 19 par
880 2533 106 21 l’avidité,

515 2569 72 25 parla
600 2567 111 24 fantaisie,
728 2573 41 19 par
782 2566 23 21 le
817 2571 100 19 soupçon
925 2567 24 18 et
953 2564 33 20 l’i-

514 2606 116 19 gnorance
645 2599 30 20 de
683 2604 57 14 ceux
753 2597 41 26 qui
810 2597 116 25 disposent
946 2595 40 20 des

513 2630 75 21 forces
596 2630 126 25 publiques.
732 2627 75 23 Hélas!
817 2627 119 21 Comment
944 2629 42 17 cet-

512 2665 24 16 te
545 2661 78 21 nation
627 2660 95 21 éclairée
729 2665 29 15 ne
766 2657 118 22 serait-elle
892 2663 41 19 pas
939 2661 47 16 tou-

512 2693 58 20 chée
575 2693 28 20 de
611 2695 64 18 notre
683 2691 52 20 état!
745 2690 120 21 Comment
872 2688 81 21 l’envie
958 2688 28 19 de

512 2726 91 24 réparer
610 2724 33 20 les
650 2729 70 14 maux
726 2722 38 25 qui
772 2727 60 15 nous
839 2724 52 17 sont
895 2719 54 21 faits
957 2725 29 14 en

511 2762 44 15 son
564 2762 53 15 nom
622 2761 28 14 ne
663 2754 32 21 lui
702 2752 163 22 viendrait-elle
872 2757 41 20 pas
925 2750 13 21 ?

1042 143 87 37 Cume
1147 145 74 35 simu
1236 144 121 46 judicati
1368 145 44 37 L„

1021 242 46 14 «...
1082 236 31 21 Le
1123 237 79 28 projet
1208 237 43 21 des
1257 237 109 22 colonies
1371 238 93 21 revient

995 274 40 16 sur
1045 269 23 21 le
1080 269 71 27 tapis.
1169 269 31 22 Le
1209 269 158 22 malheureux
1383 276 82 15 exem-

995 302 39 26 ple
1045 302 30 20 de
1083 303 60 20 celle
1153 303 30 20 de
1190 302 105 28 Cargèse
1304 303 41 27 qui
1353 309 14 16 a
1378 309 30 15 eu
1416 303 49 21 cin-

996 337 86 24 quante
1092 337 91 20 assauts
1190 335 13 22 à
1212 336 115 26 soutenir,
1338 337 41 27 qui
1391 336 76 28 reçoit

994 367 186 27 journellement
1191 369 43 21 des
1246 369 107 26 avanies,
1363 370 52 21 doit
1424 369 43 21 fai-

997 406 26 15 re
1039 407 119 16 renoncer
1171 401 14 22 à
1201 401 120 23 coloniser
1338 409 30 15 en
1380 408 85 16 masse.

998 433 64 21 Pour
1069 435 125 25 coloniser,
1200 440 44 22 par
1253 434 121 27 filtration,
1384 435 22 22 il
1405 436 62 28 fau-

998 466 72 22 drait
1078 467 106 23 d'abord
1196 467 117 28 déporter
1321 474 51 16 une
1382 469 86 26 partie

1000 499 29 21 de
1038 499 26 22 la
1068 501 158 27 population
1235 500 30 24 [il
1274 500 39 24 n’y
1324 503 89 20 aurait
1420 503 48 26 pas

995 534 86 27 grand
1097 534 53 21 mal
1161 534 16 21 à
1193 533 64 28 cela)
1271 535 95 21 ensuite
1376 535 59 22 faire
1445 535 23 21 le

994 566 112 23 .sacrifice
1117 567 31 21 de
1159 573 15 15 2
1185 573 30 15 au
1234 573 13 22 3
1265 566 131 28 régiments
1410 568 59 21 suis-

1000 605 38 16 ses
1047 605 31 16 ou
1091 601 131 21 allemands
1237 601 25 20 et
1269 600 26 28 je
1306 607 32 15 ne
1349 601 62 21 crois
1427 607 42 21 pas

1001 633 50 21 cela
1061 632 49 22 très
1122 633 98 22 facile...

1018 666 90 28 Quant
1115 666 160 29 on.déporter
1274 667 39 23 ait
1321 666 37 24 les
1367 667 103 28 villages

1002 700 29 22 de
1039 700 103 28 Talavo,
1152 701 31 22 de
1193 701 144 29 Barbaggio
1350 703 25 21 et
1385 703 56 20 tout
1447 700 24 22 le

1000 733 148 28 Biumorbo,
1166 741 33 16 on
1222 741 31 16 ne
1265 735 81 26 ferait
1357 741 48 22 que
1415 741 56 15 ren-

1002 768 44 22 dre
1053 769 97 28 justice
1161 775 32 15 en
1208 775 71 22 gros,
1291 775 34 16 au
1338 769 52 21 lieu
1402 769 29 21 de
1446 768 25 22 la

1002 802 91 22 rendre
1106 808 32 16 en
1149 801 105 24 détail...
1262 809 14 15 »

1029 842 106 22 Extrait
1146 841 61 23 d'un
1224 842 113 27 Rapport
1348 842 32 22 de
1393 841 79 22 Cons-

1002 877 62 25 tant,
1067 876 171 22 commissaire
1249 875 95 29 spècial
1354 876 29 21 de
1389 875 84 29 police

1003 916 30 15 en
1046 909 119 28 Corse^i^
1176 910 100 22 octobrè
1290 909 63 29 1817.

1002 999 106 19 Folklore

1171 1050 137 35 DETTI

1033 1145 59 22 Pare
1104 1151 46 15 una
1162 1150 94 22 ragana.

1035 1179 60 21 Dice
1107 1180 87 25 quante
1203 1179 69 20 sette.

1034 1212 59 22 Pare
1105 1218 47 15 una
1163 1211 146 22 macendula.

1035 1246 60 21 Dice
1104 1247 86 26 quante
1198 1245 8 21 i
1216 1245 62 21 libri.

1035 1279 60 22 Dice
1108 1279 141 22 ch’assorda.

1034 1313 73 22 Secca
1117 1312 166 22 incrocchiata.

1036 1346 72 22 Secca
1120 1347 143 20 macinente.

1037 1379 72 23 Secca
1118 1385 70 17 cume
1199 1385 46 16 una
1258 1377 147 23 carnocchia.

1036 1414 72 22 Secca
1117 1414 118 22 arrustita.

1038 1449 60 21 Pare
1107 1449 85 21 collata
1204 1454 32 15 nu
1248 1453 16 15 u
1273 1446 78 24 fornu.

1037 1483 74 22 Passa
1118 1488 44 22 per
1169 1488 48 16 una
1226 1487 72 16 cruna
1306 1480 78 29 d’agu.

1038 1517 60 22 Pare
1105 1515 181 25 unarillacchia.

1038 1551 61 22 Pare
1110 1556 47 16 una
1164 1549 173 29 sparaventula.

1039 1585 38 22 Ha
1090 1591 14 15 e
1115 1583 115 23 schinche
1239 1589 68 16 cume
1318 1582 59 22 tirli.

1039 1619 129 23 Pare,stata
1176 1624 14 15 a
1198 1624 14 15 a
1218 1617 80 22 fibbia.

1039 1652 67 24 Tene
1116 1651 96 22 l’anima
1225 1657 30 16 eu
1266 1651 8 20 i
1282 1650 75 22 denti.

1040 1686 140 28 E’appressu
1196 1691 14 16 a
1222 1684 39 23 chi
1280 1684 94 22 maclha
1385 1683 97 28 (morteJ

1035 1731 4 9 :
1041 1720 91 27 Campa
1140 1726 14 15 a
1165 1716 121 25 ocertulëV

1019 1757 5 10 5
1040 1754 61 22 Pare
1110 1753 150 28 appaghiata.

1040 1788 41 22 Un
1096 1788 31 22 ha
1135 1787 44 23 che
1187 1793 15 16 a
1213 1782 86 27 chióde
1305 1785 108 28 l’occhj.,.
1423 1799 19 12 >.

1041 1821 198 28 Cascagineghia.

1041 1857 22 20 A
1075 1856 79 27 lampa
1163 1861 16 15 u
1191 1854 80 26 soffiu,

1040 1889 72 22 Puzza
1122 1889 65 21 viva.

1043 1923 39 22 Un
1094 1923 22 22 la
1125 1922 142 29 piglierebbi
1276 1927 13 16 a
1302 1921 76 28 risigu
1393 1919 87 23 un’ôra.

1041 1956 37 22 Ha
1087 1963 16 15 u
1115 1956 165 22 s’abbastanza.

1028 2000 165 104 [texte
1221 2000 248 104 manquant]

1185 2149 124 30 (Seguitu)

1044 2211 63 21 1793.
1113 2216 30 3 —
1150 2203 150 23 BuOnarotti
1310 2203 140 28 (Philippe).
1455 2203 30 21 La

1016 2238 150 28 conjuration
1182 2238 30 22 de
1233 2237 77 22 Corse
1329 2237 157 22 entièrement

1015 2271 139 24 dévoilée...
1176 2273 129 20 contenant
1323 2272 24 21 la
1358 2270 127 23 réfutation

1016 2306 119 28 complète
1147 2306 32 21 du
1190 2306 63 21 livré
1264 2304 83 29 publié
1360 2311 44 22 par
1412 2304 74 23 Gons-

1015 2340 95 26 tantini,
1121 2345 57 16 sous
1197 2340 24 21 le
1240 2339 56 22 titre
1308 2339 30 22 de
1359 2345 27 15 sa
1396 2344 91 17 corres-

1017 2374 133 28 pondance,
1162 2375 26 20 et
1195 2382 5 3 -
1209 2374 81 21 divers
1305 2372 130 25 mémoires
1447 2378 40 16 sur

1016 2409 23 21 la
1050 2407 110 23 trahison
1179 2407 30 22 de
1230 2406 82 30 Paolÿ,
1330 2413 43 16 sur
1382 2406 65 22 l’état
1457 2406 30 21 de

1017 2445 62 19 cette
1091 2442 45 23 isle
1153 2443 25 20 et
1194 2447 41 16 sur
1252 2441 116 28 quelques
1386 2446 100 23 moyens

1018 2482 60 23 pour
1089 2477 24 21 la
1119 2481 112 17 ramener
1237 2474 14 22 à
1259 2474 83 23 l’unité
1354 2475 31 22 de
1390 2475 23 22 la
1420 2474 67 28 répu-

1017 2511 90 27 blique.
1115 2508 64 23 In-8°
1186 2510 30 21 de
1226 2514 27 24 54
1262 2515 23 21 p.
1296 2508 77 27 Paris,
1390 2509 31 22 G.
1432 2508 56 22 Gal-

1014 2545 60 26 letti,
1087 2546 23 27 3'
1120 2544 66 22 mois
1194 2543 30 22 de
1243 2543 24 21 la
1286 2544 23 20 2e
1320 2542 78 23 année
1418 2541 70 29 répu-

1014 2579 103 22 blicaine
1134 2576 86 30 (1793).'

1043 2624 63 22 1793.
1114 2629 30 4 —
1151 2615 165 24 Constantin!.
1327 2616 78 28 Copie
1416 2616 30 21 de
1462 2616 23 21 la

1012 2652 70 22 lettre
1092 2651 73 22 écrite
1172 2657 31 16 au
1210 2650 166 28 département
1386 2650 31 21 de
1425 2649 56 22 Cor-

1012 2691 26 16 se
1047 2687 25 20 et
1080 2684 15 23 à
1105 2685 23 22 la
1141 2684 156 22 Convention
1305 2684 121 22 nationale
1440 2689 44 21 par

1011 2720 23 21 le
1045 2719 97 29 citoyen
1155 2718 161 26 Constantini,
1329 2717 15 22 à
1354 2717 126 22 l’occasion

1011 2753 42 22 des
1062 2752 120 29 dépêches
1201 2751 130 29 expédiées
1352 2751 14 22 à
1382 2751 23 21 la
1417 2749 74 24 Con-,

1487 142 104 21 vention
1603 148 44 21 par
1658 143 22 21 le
1689 141 165 28 représentant
1865 142 32 21 du
1905 148 56 20 peu-

1488 175 39 26 ple
1548 175 304 25 Lacombe-Saint-Michel,
1870 180 41 16 sur
1925 175 36 21 les

1489 208 129 21 tentatives
1638 208 69 22 faites
1734 214 43 21 par
1799 209 35 20 les
1861 208 100 27 Anglais

1490 241 58 21 dans
1567 240 49 22 Tîle
1637 241 29 21 de
1680 241 76 22 Corse
1768 241 46 27 (30e
1824 241 56 27 jour
1891 241 31 21 du
1937 242 26 19 Ier

1490 274 61 21 mois
1564 274 30 21 de
1602 275 22 20 la
1641 277 21 18 20
1674 273 76 22 année
1768 274 30 21 de
1810 275 23 20 la
1845 273 118 28 Républi-

1491 313 45 21 que
1553 306 135 29 française).
1708 307 69 26 In-8°,
1792 307 74 25 Paris,
1891 308 70 25 impr.

1491 340 42 21 des
1545 340 177 27 départements
1736 342 24 19 et
1772 341 30 20 de
1825 341 23 20 la
1860 338 102 26 Société,

1492 379 46 15 aux
1548 373 121 26 Jacobins,
1683 376 21 25 7e
1711 374 57 27 jour
1782 374 31 20 du
1827 376 21 19 2e
1856 373 64 21 mois
1934 372 30 21 de

1491 406 46 22 l’an
1549 406 24 22 II
1586 405 82 30 (1793).

1516 445 31 25 (Si
1556 445 54 25 parla
1619 445 19 19 di
1647 451 11 14 e
1670 446 97 20 IraUalìve
1775 445 20 20 cii
1808 445 95 25 Pasquale
1911 444 54 21 Paoli

1492 481 33 19 per
1533 475 99 21 distaccàa
1640 475 78 21 Corsica
1727 476 31 19 d’a
1766 475 90 25 Francia)

1652 514 152 30 (Cuntinua)

1530 582 42 37 Pè
1593 595 20 24 u
1631 583 99 36 Teatru
1747 583 31 36 di
1792 582 22 36 A
1832 582 94 36 Muvra

1494 633 66 17 Teatru
1572 637 55 14 corsu
1632 634 106 17 ambulante
1747 633 20 18 di
1773 633 19 18 U
1799 632 169 23 Sampetracciu

1573 678 38 24 14a
1635 679 45 26 lista
1691 678 21 24 di
1728 678 163 24 sottuscrizione
1902 685 7 16 :

1521 721 124 20 Francescu
1655 721 122 20 Carbuccia
1904 723 26 16 10

1520 745 105 26 Ghiasep.
1635 747 69 20 Andr.
1711 745 114 22 Padovani
1905 749 25 16 10

1521 771 182 21 Grossu-Minutu
1904 773 26 17 20

1522 797 94 20 Lorenzi
1916 795 14 20 3

1522 822 81 20 Poletti
1873 825 57 16 .2

1522 847 26 20 P.
1557 847 86 20 Salvini
1913 845 13 20 5

1522 872 101 20 Barbiéri
1632 873 32 20 S..
1918 871 13 19 3

1523 896 90 21 Livrelli
1622 897 59 20 Orsu
1918 895 13 20 5

1523 923 26 20 B.
1558 923 28 20 D.
1916 925 13 16 2

1524 947 24 21 F.
1558 948 28 20 G.
1683 962 6 3 -
1918 951 13 15 2

1524 973 27 20 R.
1561 973 26 20 R.
1917 976 12 15 2

1524 998 30 21 M.
1562 998 25 20 L.
1920 1001 13 15 2

1523 1023 48 20 Per
1580 1023 141 21 Ghiannettu
1801 1049 15 3 _
1920 1026 28 25 2_

1788 1060 4 12 :
1824 1049 8 3 ~
1852 1067 5 4 -
1877 1049 11 3 "
1908 1055 26 20 68
1957 1048 7 3 ‘

1549 1083 79 20 Prime
1636 1082 52 21 liste
1875 1085 56 20 Î-991

1875 1114 59 25 2.o5g

1498 1181 185 50 mnm
1710 1181 53 48 DI
1793 1179 178 51 CORSICA

1502 1267 96 22 Bastia.

1526 1313 27 4 —
1560 1301 72 20 Morte
1640 1301 23 20 di
1672 1308 14 13 u
1695 1300 48 26 sgiò
1756 1300 67 20 Carlu
1832 1299 88 26 Filippi,
1934 1299 39 21 Mi-

1503 1332 71 20 nistru
1580 1331 152 26 pieniputente
1737 1338 14 13 a
1755 1331 83 24 Bogota
1841 1329 133 26 (Colombia)

1503 1360 75 20 d’anni
1583 1360 35 25 54.

1527 1403 27 4 —
1567 1391 71 20 Morte
1646 1390 23 21 di
1677 1397 16 13 u
1702 1390 49 25 sgiò
1759 1390 89 20 Antone
1862 1388 69 25 Paoli,
1940 1395 35 14 ca-

1504 1422 77 25 pitanu
1589 1428 14 13 a
1610 1428 17 14 u
1636 1421 68 26 longu
1711 1427 74 14 corsu.

1505 1463 156 27 Casaglione.
1959 1478 9 5 -

1529 1508 26 5 —
1564 1498 123 21 Abbracciu
1704 1497 23 20 di
1744 1503 15 14 u
1777 1497 49 25 sgiò
1836 1496 55 21 Leca
1911 1496 66 20 Fran-

1505 1536 65 14 cescu
1585 1529 25 20 di
1623 1528 55 21 Vicu
1687 1535 45 14 cun
1743 1527 153 21 madamicella
1908 1527 69 20 Maria

1505 1563 101 21 Armani.

1505 1607 172 23 Isula-Rossa.

1565 1642 72 21 Morte
1648 1641 23 21 di
1680 1647 16 14 u
1704 1640 53 26 sgi.Ô.
1767 1640 132 25 Ghiâseppu
1912 1639 67 21 Casa-

1506 1674 88 21 blanca.

1508 1715 83 22 Lozzi.

1531 1760 26 4 —
1563 1749 72 21 Morte
1647 1748 23 21 di
1688 1748 103 21 Madama
1809 1746 69 21 Maria
1896 1746 85 20 Monte-

1507 1780 99 22 Simeoni
1615 1779 76 21 d’anni
1697 1778 34 21 58.

1508 1823 99 22 Rennu.

1531 1868 27 4 —
1571 1855 143 22 Matrimoniu
1722 1855 23 20 di
1767 1852 154 23 madamicella
1936 1852 45 21 Ma-

1987 141 32 21 ria
2032 140 130 21 Maddalena
2171 140 75 20 Mattéi
2263 145 14 14 e
2286 139 23 20 di
2324 145 15 13 u
2356 138 50 25 sgiò
2416 138 46 20 Du-

1986 166 89 20 menicu
2085 166 63 19 Leca.

1988 201 79 22 Sartè.

2013 245 26 3 —
2047 234 123 21 Abbracciu
2188 234 23 19 di
2228 233 154 20 madamicella
2389 231 71 21 Maria

1989 259 104 20 Faustina
2101 258 87 21 Sallotti
2195 265 43 14 cun
2248 265 14 13 u
2272 258 49 25 sgiò
2327 256 136 22 Anton’Lui-

1988 285 23 24 gi
2018 284 89 20 Fedoni.

1988 323 111 21 Venacu.

2014 370 27 4 —
2049 358 70 21 Morte
2127 358 23 20 di
2162 358 102 20 madama
2281 357 118 20 Binadetta
2413 356 51 20 Mur

1989 384 75 20 d’anni
2077 384 25 20 68
2110 390 13 13 e
2131 383 23 20 di
2163 382 91 21 Saveriu
2274 382 121 25 Reginensi
2404 381 61 20 d’an-

1990 409 24 19 ni
2019 413 21 21 7-
2070 413 4 5 '

2015 451 27 4 —
2059 439 113 20 Prossîmu
2189 438 142 21 matrimoniu
2348 438 23 20 di
2389 437 77 21 mada-

1991 467 86 21 micella
2094 467 70 20 Maria
2172 467 75 20 Mattéi
2256 473 14 13 e
2278 466 23 20 di
2307 473 15 14 u
2333 466 50 25 sgiò
2398 465 68 21 Ghia-

1991 499 71 19 seppu
2071 492 99 21 Levanti.

1991 531 74 22 Vicu.

2017 565 171 20 —Matrimoniu
2196 564 23 21 di
2229 563 153 21 madamicella
2396 563 71 20 Ghiu-

1993 597 72 14 vanna
2083 590 85 20 Alfonsi
2178 597 13 13 e
2208 589 21 20 di
2240 596 13 13 u
2269 590 49 25 sgiò
2339 588 126 21 Dumenicu

1994 615 107 21 Padrona.

2111 675 234 43 KYRNOS

2012 752 168 20 L’intéressante
2194 757 66 14 revue
2269 757 44 19 que
2328 750 71 25 dirige
2412 756 57 14 avec

1994 783 24 14 sa
2032 777 56 20 belle
2096 777 95 20 autorité
2203 776 93 21 d’érudit
2314 781 63 15 notre
2397 775 71 21 excel-

1994 802 46 20 lent
2048 802 43 20 ami
2101 802 29 20 M.
2141 801 111 24 Graziani,
2261 808 27 13 va
2295 801 173 20 incessamment

1995 828 101 24 paraître.

2020 852 32 21 Ce
2061 853 100 22 numéro,
2171 858 86 14 comme
2266 855 22 16 et
2301 852 74 19 mieux
2385 857 46 19 que
2437 850 32 20 les

1995 877 130 25 précédents
2146 878 99 19 contient
2268 877 111 25 plusieurs
2400 876 69 21 belles

1995 909 67 19 pages
2071 903 54 19 dont
2140 909 57 14 nous
2214 909 28 13 ne
2257 908 101 19 pouvons
2373 902 14 20 à
2405 905 65 16 notre

1994 928 70 25 grand
2073 931 72 22 regret
2154 927 86 21 donner
2248 931 58 16 cette
2314 927 71 21 fois-ci
2395 933 47 18 que
2450 926 20 20 le

1995 953 126 24 sommaire,
2140 959 58 14 nous
2211 953 114 20 réservant
2339 953 28 20 de
2383 952 87 25 publier

1996 985 30 14 un
2048 978 167 25 compte-rendu
2237 978 89 20 détaillé
2349 976 122 21 dimanche

1996 1003 114 25 prochain.

2147 1026 153 19 SOMMAIRE
2308 1032 6 12 :

2020 1058 24 19 Le
2062 1057 85 19 Cardinal
2163 1057 56 19 Fesch
2233 1057 137 19 collectionneur
2384 1057 88 18 d’oeuvres

1996 1086 48 18 d’arl
2049 1086 27 22 (F.
2081 1085 109 24 Corbellini)
2198 1091 5 16 ;
2220 1085 129 19 L'Instruction
2355 1085 90 24 publique
2450 1090 21 12 en

1998 1113 52 19 Corse
2056 1113 22 19 de
2089 1113 53 19 17G8
2156 1114 12 17 à
2184 1113 51 19 1789
2244 1113 63 23 (Louis
2316 1113 64 23 Villat)
2387 1120 8 14 ;
2409 1112 64 19 Poemi

1998 1142 69 22 /Marco
2075 1142 57 23 Angel
2134 1142 15 22 i)
2156 1148 7 15 ;
2169 1141 63 19 Pierre
2240 1141 57 18 Hocca
2306 1143 17 16 et
2332 1143 17 16 le
2360 1140 111 24 /Régionalis-

1997 1175 29 13 me
2036 1170 24 22 (J.
2070 1170 20 17 P.
2100 1170 77 22 Marchi)
2182 1175 5 16 ;
2197 1170 67 18 Lettres
2271 1169 74 18 inédites
2356 1169 23 18 de
2393 1170 80 17 Lorenzo

2002 1197 43 19 Vero
2052 1198 24 21 (J.
2084 1198 20 17 B.
2111 1198 99 23 Marcaggi)
2219 1205 7 14 ;
2233 1198 25 18 Le
2268 1199 102 17 monument
2378 1197 23 18 de
2408 1196 64 19 Ponte-

1998 1230 44 14 novo
2049 1226 24 21 {i.
2083 1225 20 18 F.
2117 1226 134 22 Mattei-Torre)
2257 1233 8 14 ,•
2279 1227 33 17 Les
2320 1225 127 19 Publications
2452 1225 22 18 de

1998 1254 14 18 A
2023 1253 64 18 Muvra
2099 1254 31 22 (M.
2138 1254 59 18 Pozzo
2205 1255 19 17 di
2235 1254 66 23 Borgo)
2308 1261 7 14 ,•
2331 1253 59 22 Cabet,
2405 1254 69 18 Procu-

1999 1286 44 13 reur
2050 1281 72 23 général
2127 1286 22 14 en
2156 1281 53 19 Corse
2216 1282 28 22 (P.
2252 1282 92 23 Graziani)
2350 1289 8 14 ;
2366 1281 108 19 Documents

2001 1314 33 13 sur
2045 1309 91 19 l’Histoire
2149 1309 22 19 de
2180 1309 20 19 la
2206 1310 51 18 Corse
2271 1310 115 22 /1740-1748)
2392 1317 7 14 ;
2410 1310 28 18 La
2448 1314 26 14 se-

1999 1337 55 21 conde
2063 1338 107 18 Merindella
2187 1339 24 21 (J.
2220 1339 19 17 F.
2254 1338 134 22 Mattei-Torre;
2394 1345 8 14 ;
2421 1338 53 18 Tom-

2000 1372 59 14 maseo
2067 1373 10 12 e
2085 1367 18 18 la
2112 1366 70 19 Corsica
2194 1366 95 22 /Umberto
2299 1366 176 23 Biscottini)Histoi-

2001 1402 19 13 re
2030 1398 18 16 et
2056 1395 102 19 littérature
2165 1399 49 14 corse
2219 1394 25 23 /U
2253 1395 80 22 Leltore)

2002 1453 37 28 DU
2058 1452 183 29 PRODUCTEUR
2260 1452 21 28 A
2300 1451 177 29 L’ACHETEUR

2107 1493 266 36 KAPOCK

2138 1547 68 23 PUR
2218 1540 125 29 ÉGRENÉ

2069 1585 69 21 Pour
2152 1584 106 22 Coussin
2272 1583 23 22 &
2308 1583 108 22 Matelas

2005 1619 52 21 Par
2071 1617 88 23 Postal
2174 1617 133 29 d'Origine
2320 1623 15 23 5
2349 1619 25 20 et
2389 1623 29 16 10
2434 1617 44 28 kgs

2037 1657 89 22 Franco
2141 1657 30 21 de
2186 1657 55 22 Port
2254 1659 19 19 &
2288 1656 161 29 d’Emballage

2006 1691 90 22 Contre
2104 1691 217 23 Remboursement
2326 1691 23 21 le
2358 1691 41 28 kg.
2413 1697 27 15 10
2447 1690 32 22 frs

2049 1727 166 31 PINEU-,1,
2237 1727 202 30 Commerçant

2035 1770 171 25 RUFISQUE.
2327 1769 126 29 (Sénégal)

2020 1822 237 28 Àiacciu-Stamparia
2276 1822 23 20 di
2323 1822 21 21 A
2371 1822 95 21 Muvra

2007 1851 21 26 Ü
2041 1855 215 28 direttore-gerente
2263 1862 7 14 :
2296 1854 70 22 Petru
2377 1853 104 23 ROCCA

1799 1944 118 18 Numaru
1933 1944 23 17 8.
1967 1953 24 4 —
2003 1943 103 18 Uttobre
2119 1943 65 18 192S

1974 1990 48 43 A

1627 2045 363 89 Baretta
2043 2041 331 115 Misgia

1775 2168 133 23 RIVISTA
1924 2167 177 23 POPULARE
2119 2167 105 22 CORSA

1898 2240 206 27 SOMMARIU

2353 2292 72 22 Pagine

1576 2322 136 22 Maistrale.
1733 2333 28 4 —
1774 2320 101 23 Uttobre
2413 2326 13 16 1.

1576 2355 82 22 Paulu
1670 2355 97 22 Andria
1778 2355 74 21 Leca.
1862 2366 29 4 —
1905 2353 121 22 Cuntrasti
2039 2353 116 22 d’Amore
2187 2370 90 5 ...
2387 2360 36 21 2,3

1578 2389 114 28 Pruverbj
2386 2394 39 22 3,4

1577 2422 87 23 Ciaffu.
1676 2435 30 3 —
1717 2423 23 20 A
1753 2419 122 24 Maistrale
1891 2437 387 5 ..........
2386 2427 40 23 A,5

1577 2457 117 22 Ghiuvan
1715 2455 83 23 Paulu
1815 2454 158 23 Codaccioni.
1999 2466 30 4 —
2052 2454 114 22 Lamentu
2184 2454 99 23 d’Anto’

1747 2484 83 21 Marcu
1844 2483 99 22 Santoni
1976 2498 301 6 ........
2387 2483 39 29 5,6

1558 2515 43 26 ''U
1612 2518 57 27 sgiò
1679 2519 116 21 Duttore.
1807 2529 30 11 —r
1847 2516 86 22 Loda’a
1944 2515 100 23 Corsica
2411 2523 14 21 7

1576 2552 141 22 Dumenièu
1729 2550 111 23 Cristini.
1850 2562 30 4 —
1891 2551 23 20 A
1926 2549 142 28 Republica.
2103 2566 7 4 .
2147 2566 6 5 .
2190 2566 6 5 .
2231 2566 6 5 .
2274 2566 6 5 .
2386 2549 39 30 8,9

1578 2585 131 23 Sinibaldi.
1722 2597 28 4 —
1763 2584 63 22 Vera
1838 2590 14 15 e
1864 2583 56 22 falza
1935 2583 106 22 amicizia
2399 2590 27 15 10

1577 2621 78 20 Petru
1666 2619 28 22 di
1704 2618 84 22 Niòlu.
1801 2629 28 4 —
1842 2617 17 22 E
1871 2617 111 22 Giovane
1995 2616 95 29 d’oghie
2362 2624 63 19 11,12

1577 2652 128 23 Mîuicale.
1721 2664 28 3 —
1763 2652 9 21 I
1786 2651 75 22 nostri
1874 2650 133 28 puliticanti
2018 2667 6 4 .
2060 2666 6 5 .
2102 2667 6 5 .
2145 2667 6 5 .
2187 2667 6 4 .
2229 2667 6 5 .
2244 2648 4 5 ‘
2271 2667 6 5 .
2360 2657 64 22 12,13

1577 2687 24 22 U
1613 2686 151 22 Cacciadore
1775 2685 28 22 di
1813 2685 84 21 Niolu.
1913 2696 28 4 —
1959 2684 112 27 Risposta
2083 2690 13 15 a
2110 2683 112 23 Minicale
2231 2684 52 22 d’E-

1746 2713 53 22 visa
2360 2719 66 22 13,14

1578 2749 92 22 Cesaru
1683 2747 84 22 Sebiu.
1780 2758 29 4 —
1820 2746 23 23 U
1856 2746 70 21 fornu
1938 2745 88 22 difesu.
2360 2746 65 29 15,16

22 2875 101 24 Fnglittinu
130 2878 20 18 di
154 2878 22 18 A
183 2877 124 20 Muvra—n.
315 2878 69 18 14—di
390 2883 14 13 u
408 2877 85 19 23-10-25

222 3008 67 19 OSSIÀ
344 3027 4 4 ,

68 3042 38 37 la
123 3043 81 38 Botta
220 3044 32 37 di
265 3043 177 37 Poateauovo

26 3093 156 28 RACONTO
186 3098 111 24 CORSO
302 3098 61 22 DEL
370 3096 124 23 SECOLO

214 3135 86 23 XVIII

247 3173 25 18 DI

132 3204 34 25 F.
168 3204 36 25 D.
208 3204 177 26 Guerrazzi

192 3248 124 29 (Seguito)

57 3308 80 24 Allora
152 3312 9 21 i
172 3312 77 22 nostri
261 3309 138 29 passeggeri
423 3309 22 21 si
458 3314 40 16 ac-

30 3343 91 22 corsero
139 3351 68 16 corne
230 3345 19 21 il
263 3345 83 23 vento,
363 3342 134 23 mutandosi

31 3370 29 23 âd
70 3380 31 17 un
123 3379 80 25 tratto,
218 3378 25 22 di
255 3378 150 22 tramontana
424 3376 21 21 si
457 3381 41 16 era

32 3407 64 23 Volto
107 3416 14 15 a
131 3411 110 23 libeccio.
255 3411 93 22 Grosse
359 3410 89 21 nuvole
456 3414 43 16 ne-

32 3442 31 22 rt?>
75 3444 49 24 pari
137 3451 14 15 a
164 3446 68 27 gravi
247 3444 138 28 battaglioni
398 3443 23 23 di
435 3448 61 16 eser-

30 3473 56 26 Clto,
98 3482 47 17 una
159 3479 64 27 dopo
231 3478 80 22 Taltra
331 3477 121 22 venivano
468 3475 31 22 ad

34 3505 99 26 attelarsi
142 3513 39 25 pei
205 3512 78 27 campi
296 3511 40 21 del
347 3511 69 26 cielo,
431 3515 68 16 men-

33 3536 34 23 *re
79 3542 58 23 altre
147 3544 43 28 più
200 3546 107 27 leggiere
322 3548 176 24 precorrevano

33 3574 24 17 ln
67 3576 133 24 sembianza
208 3579 25 21 di
242 3578 148 28 bersaglieri.

57 3616 28 6 —
96 3609 107 24 Avremo
208 3612 120 26 burrasca,
336 3611 48 22 néh
392 3611 6 21 !
411 3610 88 28 capita-

31 3634 32 38 j°
81 3641 106 29 Angiolo
194 3645 13 21 ?
213 3657 31 4 —
251 3639 119 28 domanâô
393 3645 35 21 fra
442 3643 58 22 Ber-

33 3673 96 24 ^ardino
149 3677 163 23 affrettandosi
333 3679 30 21 ad
383 3677 115 23 obbedire

35 3703 20 39 ^
75 3710 116 21 comando
209 3711 39 21 del
265 3712 111 27 capitano
389 3711 111 22 Frances-

78 3745 6 19 ;
97 3747 14 14 e
119 3744 78 25 questi
207 3751 6 13 :

58 3781 27 6 —
96 3773 35 22 Bò
142 3776 6 19 !
165 3776 43 22 -Ma
219 3784 43 21 per
277 3779 114 21 istanotte
402 3778 26 20 in
440 3775 59 24 Cor-

519 2873 50 22 sica
582 2877 47 16 non
637 2870 19 22 si
673 2869 78 22 arriva
763 2868 76 25 micq:
855 2867 73 22 e’sarà
942 2867 50 22 baz-

519 2913 26 15 za
561 2912 26 16 se
599 2906 24 21 in
635 2906 62 20 tutto
707 2903 107 21 domani.

549 2951 28 4 —
589 2937 46 24 Ciò
651 2937 34 22 mi
698 2936 97 22 sconciâ
803 2942 6 19 ;
830 2941 38 16 ma
885 2935 25 21 in
922 2940 68 21 ques-

520 2976 26 19 to
559 2978 67 17 corne
640 2972 24 21 in
678 2971 57 27 ogni
744 2970 60 21 altro
822 2969 21 21 la
856 2967 99 22 volonté
968 2968 23 20 di

522 3006 49 22 Dio
584 3007 33 21 sia
631 3005 63 22 fatta.
704 3015 28 4 —

551 3039 19 22 E
578 3040 18 21 si
610 3037 73 24 avviò
692 3039 64 20 sotto
776 3038 97 26 coperta
889 3035 106 27 seguita-

522 3076 26 19 to
558 3073 62 28 dagli
634 3072 60 22 aitri.

646 3114 167 25 CAPITOLO
836 3113 33 22 VI

575 3161 95 23 Perché
683 3160 10 22 i
709 3159 71 23 Côrsi
796 3165 51 16 non
861 3158 84 22 amino

682 3194 10 22 i
710 3192 126 23 forestieri

553 3235 121 23 Altobello
693 3232 125 23 senz’altro
835 3231 51 22 dire
900 3231 21 21 si
933 3231 64 27 giac-

524 3276 49 22 que
584 3275 13 16 a
608 3269 69 21 canto
684 3267 47 22 allô
743 3267 79 21 amico
834 3270 44 17 suo
890 3264 108 22 Giocan-

523 3306 26 19 te
574 3301 133 25 Grimaldo,
726 3297 19 24 ii
770 3300 77 26 qualè,
868 3296 129 26 começchè

525 3337 109 21 animoso
649 3334 77 22 molto
743 3336 14 17 è
768 3332 63 22 délia
845 3331 75 28 patria
932 3331 65 21 svis-

525 3373 85 24 cerato,
624 3376 59 22 pure
700 3375 50 16 non
768 3373 88 23 sapeva
870 3366 49 22 fare
937 3367 60 21 altro

526 3405 45 23 che
580 3409 96 18 menare
684 3403 24 21 le
716 3403 63 21 mani
788 3408 13 15 e
811 3401 113 25 dormire.
937 3399 61 22 Fino

526 3440 31 21 da
574 3438 92 28 quando
679 3437 48 27 egli
741 3436 65 22 ebbe.
816 3435 45 22 usô
877 3435 24 21 di
912 3434 87 22 favella

526 3479 51 16 non
593 3472 20 21 si
628 3469 215 23 ricord'ava-avefe
851 3488 5 2 .
862 3468 91 27 parlato
960 3469 39 20 tre

526 3505 86 23 minuti
638 3509 70 16 senza
733 3503 143 27 sbàdigliare
904 3500 95 25 Quattro

525 3539 75 22 volte.
618 3537 87 22 Soleva
720 3537 51 21 dire
787 3535 45 22 che
850 3536 24 21 la
887 3535 113 22 rettorica

526 3573 41 21 del
579 3571 92 22 soldató
686 3572 37 19 sta
742 3570 38 21 sul
789 3570 75 27 taglio
875 3569 63 21 délia
947 3573 54 22 spa-

526 3606 39 26 da,
586 3611 14 15 e
610 3611 27 15 se
651 3609 46 23 per
709 3603 89 28 questâ'
803 3604 24 21 ei
838 3608 50 17 non
896 3602 102 27 capisce,

526 3645 17 16 o
562 3644 45 17 con
625 3639 84 26 questa
720 3643 49 16 non
787 3637 20 22 si
825 3637 22 21 fa
865 3636 88 27 càpire,
965 3635 34 28 gli

527 3673 14 21 è
559 3677 75 23 segno
650 3670 63 23 ch’ei
732 3676 93 22 nacque
844 3676 43 21 per
907 3670 93 21 servire

525 3707 25 21 la
566 3710 84 20 messa,
674 3709 50 16 non
748 3703 42 28 già
807 3709 44 21 per
873 3703 128 21 esercitare

526 3740 24 21 la
566 3738 93 22 milizia.
680 3737 118 21 Giocante
806 3742 45 21 per
866 3737 69 20 tanto
947 3736 55 21 dor-

526 3772 75 22 miva:
613 3777 39 15 ma
668 3770 106 22 siccome
792 3770 78 24 riesçe
882 3768 44 28 più
945 3774 57 22 age-

1018 2867 53 21 vole
1089 2865 127 28 perdurare
1235 2865 40 21 nel
1293 2869 79 16 sonno
1395 2863 43 21 che
1455 2862 33 21 in-

1018 2899 163 25 cominciarlo,
1194 2904 69 16 corne
1274 2897 57 28 ogni
1348 2902 71 16 uomo
1431 2895 59 28 puô-

1018 2938 73 16 avere
1113 2932 174 27 spirimentato,
1313 2930 52 22 cosi
1390 2929 99 22 accadde

1019 2966 44 21 che
1078 2965 106 21 sebbene
1202 2964 130 25 Altobello,
1348 2964 15 21 il
1386 2962 104 22 Boswell

1019 3004 13 16 e
1046 2998 73 28 padre
1141 2998 147 21 Bernardino
1309 2997 21 22 ci
1355 2997 20 21 si
1396 2998 95 20 mettes-

1019 3037 54 16 sero
1095 3031 23 22 di
1146 3031 132 28 proposito,
1306 3036 49 16 non
1378 3035 31 16 ne
1433 3034 57 16 ven-

1021 3071 57 16 nero
1092 3071 14 15 a
1127 3070 68 22 capo.
1215 3064 18 21 E
1243 3065 115 23 davvero,
1377 3063 62 28 posti
1452 3068 39 16 an-

1020 3104 55 16 cora
1101 3098 29 21 da
1155 3099 67 26 parte
1240 3098 7 21 i
1266 3097 104 28 pensieri
1398 3097 43 21 che
1462 3096 30 21 ad

1020 3137 99 22 ognuno
1143 3131 23 22 di
1195 3131 53 22 loro
1277 3131 153 22 mulinavano
1453 3130 38 27 pel

1021 3171 67 22 capo,
1112 3170 48 17 non
1185 3165 181 27 persuadevano
1385 3164 16 21 il
1416 3168 76 17 sonno

1021 3200 24 21 10
1064 3198 88 22 zufolio
1168 3198 39 21 del
1225 3199 73 20 vento
1318 3197 40 27 pél
1374 3196 117 26 sartiàme,

1021 3233 19 21 11
1057 3232 70 21 flotto
1146 3231 39 22 dei
1204 3231 88 22 m'arosi
1319 3230 46 22 che
1384 3235 110 22 rompen-

1022 3263 53 24 dòsi
1102 3266 84 21 contro
1208 3265 24 21 la
1254 3270 58 22 prua
1339 3264 154 21 scivolavano

1022 3298 127 29 cigolando
1164 3299 75 26 lungo
1256 3299 23 20 le
1293 3297 79 22 bande
1382 3297 62 22 délia
1454 3302 41 22 ga-

1022 3333 58 24 lèra,
1102 3338 14 15 e
1137 3331 56 28 quel
1208 3328 100 24 tracbllo
1314 3336 4 3 '
1327 3330 31 21 da
1382 3335 79 23 poppa
1480 3336 14 15 a

1022 3371 59 22 prua
1098 3364 46 23 che
1157 3369 100 23 squassa
1263 3364 22 21 la
1297 3369 87 16 caréna
1397 3364 46 21 aile
1454 3369 41 15 na-

1022 3400 26 22 vi
1067 3405 14 16 e
1098 3399 23 22 le
1139 3396 94 24 visceré
1250 3397 22 21 ai
1292 3397 147 28 passaggeri.
1457 3397 38 21 In-

1014 3454 4 3 .
1023 3433 51 23 fatti
1084 3432 133 26 Altobello,
1222 3431 68 27 .dopo
1300 3431 88 21 essersi
1406 3431 89 21 voltato

1023 3467 63 22 deîle
1094 3466 56 22 fiate
1155 3465 43 28 più
1205 3465 25 22 di
1237 3463 68 22 venti
1314 3469 44 17 ora
1364 3465 37 21 sul
1411 3469 84 17 manco

1024 3507 43 16 ora
1074 3500 38 21 sul
1119 3499 83 22 diritto
1213 3498 87 25 fianco,
1308 3498 21 21 si
1341 3499 62 21 mise
1414 3500 14 19 à
1439 3497 57 22 sedè

1024 3533 131 27 re,tirando
1164 3533 26 21 in
1199 3538 30 16 su
1235 3532 24 21 le
1264 3531 111 28 gambe,e
1383 3538 29 15 su
1418 3531 77 28 quelle

1024 3567 139 28 appoggiati
1194 3566 8 21 i
1234 3565 94 28 gomiti,
1361 3565 136 21 introdusse

1024 3602 24 21 la
1066 3600 76 22 faccia
1159 3606 16 15 n
1178 3600 46 21 elle
1240 3597 65 22 mani
1325 3600 82 25 aperte
1428 3603 70 16 corne

1025 3635 85 21 dentrO
1126 3639 48 16 una
1181 3637 89 17 morsa.
1283 3630 44 23 Fra
1341 3631 155 26 Bernardino,

1025 3669 83 20 notato
1126 3666 74 25 l’atto,
1218 3671 14 14 e
1250 3664 141 28 parendogli
1407 3664 90 24 buono,

1025 3707 50 15 non
1089 3705 60 22 pose
1159 3702 82 23 tempo
1253 3697 36 20 fra
1308 3703 79 16 mezzo
1403 3697 30 21 ad
1446 3696 53 21 imi-

1024 3734 71 24 tarlo,
1108 3739 14 14 e
1134 3733 18 20 il
1162 3732 86 27 signor
1261 3729 127 27 Giacomo,
1408 3729 66 28 quasi
1485 3735 15 14 a

1026 3767 36 20 far
1077 3771 78 21 prova
1170 3765 39 21 del
1227 3764 86 26 quanto
1330 3764 37 20 sia
1380 3761 118 28 contagio,

1517 2867 25 16 so
1547 2861 25 22 lo
1579 2859 275 28 esempio,tennexLietro
1859 2864 12 15 a
1879 2857 108 28 que’due.

1542 2895 125 21 Parevano
1672 2893 35 28 gli
1719 2893 72 21 amici
1800 2892 24 21 di
1838 2891 65 22 Giob
1916 2897 73 22 quan-

1517 2928 36 25 do,
1575 2928 86 20 invëce
1689 2926 25 22 di
1740 2926 144 24 consolarlo,
1915 2924 72 21 and-a-

1517 2963 59 20 roho
1588 2967 15 14 a
1613 2960 69 28 fargli
1699 2965 114 22 scappare
1833 2959 23 21 la
1873 2958 116 27 pazi.enza,

1517 2993 78 23 finchè
1611 2998 71 23 preso
1703 2993 19 21 il
1739 2997 82 17 morso
1838 2992 35 21 fra
1884 2992 9 21 i
1916 2991 73 26 denti,

1517 3028 18 21 il
1558 3028 67 21 buon
1650 3027 117 28 patriarca
1786 3026 65 21 dette
1871 3025 25 21 di
1919 3024 71 23 fuori.

1518 3061 45 22 Per
1577 3061 24 21 la
1609 3061 70 27 quale
1691 3066 56 15 cosa
1764 3059 24 22 io
1804 3064 51 16 non
1863 3063 62 17 sono
1943 3059 54 21 mal

1517 3092 105 22 arrivato
1640 3097 15 16 a
1672 3090 174 28 comprenderè
1868 3095 69 16 corne
1957 3089 35 21 sia

1517 3127 95 27 passata
1636 3125 26 21 in
1684 3123 130 29 proverbio
1837 3123 22 21 la
1885 3123 108 27 pazienza

1518 3159 24 21 di
1561 3158 75 22 Giob.
1650 3157 85 22 Scorsa
1746 3158 73 26 lungâ
1830 3162 42 17 ora
1884 3157 25 20 in
1920 3156 73 22 silen-

1517 3192 46 26 zio,
1576 3192 36 21 fra
1623 3191 148 22 Bernardino
1784 3189 95 23 chiamò
1887 3197 6 13 :

1545 3237 31 5 —
1582 3225 121 22 Altobello
1710 3225 6 20 !

1544 3271 31 4 —
1582 3258 54 22 Che
1655 3258 135 21 desiderate
1807 3257 31 22 da
1848 3257 56 22 me?
1910 3268 30 4 —
1950 3257 44 21 ris-

1517 3298 62 22 pose
1593 3292 19 22 il
1627 3291 101 28 giovine
1739 3291 79 22 côrso.

1546 3337 31 4 —
1584 3325 36 22 Mi
1641 3325 14 21 è
1676 3325 135 21 venuto'lo
1838 3324 110 27 scrüpolo
1969 3323 25 22 di

1519 3365 73 16 avéré
1622 3358 132 27 proceduto
1785 3363 46 16 con
1860 3362 86 17 manco
1969 3357 25 21 di

1520 3393 103 22 cortesia
1634 3397 46 16 con
1692 3394 85 25 questo
1794 3391 150 28 gentiluomo
1966 3397 29 15 su

1520 3427 78 22 dianzi
1617 3426 24 22 in
1654 3427 104 26 coperta.

1547 3473 30 3 —
1584 3460 33 21 La
1639 3459 121 22 coscienza
1782 3464 51 16 non
1857 3457 136 29 v’inganna;

1521 3491 174 22 consideratelo
1714 3490 55 21 voir
1782 3491 85 26 questo
1876 3489 119 28 gentiluo-

1521 3531 40 16 mo
1585 3531 44 21 per
1651 3524 108 22 visitarci
1779 3528 90 17 muove
1893 3522 29 22 da
1941 3528 54 15 casa

1522 3565 68 15 sua...
1604 3558 62 21 dalla
1680 3557 179 28 Inghilterra....
1879 3575 7 6 ,

1548 3603 32 5 —
1587 3591 58 22 Ah!
1666 3590 118 28 Inglese?.
1804 3590 31 21 La
1862 3589 14 21 è
1900 3589 96 27 dunque

1523 3625 97 28 ïnglese
1626 3623 206 28 vostrasignorià?
1840 3615 87 36 AEigli,
1934 3621 63 22 olim

1524 3658 100 28 Ançeli,
1633 3663 70 15 nunc
1717 3655 100 23 diaboli
1829 3655 31 28 (1)
1875 3661 69 16 corne
1963 3655 33 21 ho

1524 3692 89 21 sentito
1627 3690 52 21 dire
1688 3695 13 15 a
1714 3689 86 22 Roma.

1524 3739 26 21 (1)
1556 3738 26 18 Lo
1587 3738 74 17 raconta
1666 3736 75 22 proprio
1749 3736 15 17 il
1775 3735 78 18 Boswell
1865 3734 34 18 cbe
1915 3739 26 12 un
1950 3733 47 18 fraie

1525 3766 25 17 eli
1559 3765 51 18 disse
1616 3764 44 18 cosi.

2044 2869 27 4 —
2079 2857 17 21 E
2114 2863 50 16 non
2182 2858 53 22 solo
2257 2859 23 20 le
2306 2859 81 26 parole
2411 2861 80 20 vostre

2017 2891 31 21 mi
2062 2896 102 22 parvero
2177 2891 123 26 inurbane,
2313 2898 38 15 ma
2372 2898 27 15 se
2415 2898 75 22 penso

2017 2924 44 21 che
2081 2925 41 21 voi
2148 2924 61 22 foste
2220 2925 86 22 lettore
2334 2925 23 22 di
2379 2925 110 26 filosofia,

2017 2964 68 15 senza
2096 2958 110 22 discorso
2213 2959 24 21 di
2247 2959 106 28 ragione,
2362 2971 30 4 —
2400 2960 91 27 riprese

2018 2998 13 15 a
2048 2992 49 21 dire
2116 2992 42 27 più
2175 2993 165 21 acerbamente
2358 2994 132 21 Altobello.

2047 3024 17 22 E
2083 3026 17 21 ii
2126 3025 107 22 Boswell
2258 3027 73 21 allora
2356 3032 47 17 con
2431 3032 61 17 voce

2018 3059 84 21 blanda
2114 3059 131 28 soggiunse
2253 3066 6 16 ;

2047 3104 27 4 —
2083 3092 121 23 Buttiamo
2215 3094 22 21 la
2249 3093 100 22 filosofia
2362 3094 25 23 in
2397 3101 34 15 un
2439 3100 53 16 can-

2019 3128 26 19 to
2057 3127 119 21 contrario
2189 3127 44 21 alla
2245 3126 72 23 carità
2329 3128 123 27 prédicats
2464 3128 28 21 da

2020 3158 88 27 Cristo,
2123 3160 24 21 di
2160 3160 38 22 cui
2217 3161 41 20 voi
2273 3161 107 27 giuraste
2392 3161 101 28 pratica-

2020 3199 26 15 re
2057 3199 13 15 e
2091 3193 100 22 bandire
2207 3194 21 21 la
2244 3194 102 22 dottrina
2357 3201 6 15 :
2374 3195 120 22 contrario

2019 3227 23 21 al
2056 3227 83 22 divino
2153 3229 105 26 precetto
2274 3227 45 22 che
2334 3228 24 21 vi
2372 3229 86 21 ordina
2468 3228 23 22 di

2019 3261 101 21 riverire
2135 3266 15 16 e
2159 3266 78 16 amare
2252 3261 58 28 ogni
2330 3267 75 17 uomo
2426 3267 68 16 corne

2020 3294 128 22 fratello....

2047 3339 29 4 —
2081 3327 47 22 Per
2139 3327 49 22 Dio
2203 3330 69 19 santo
2282 3328 6 20 !
2298 3328 43 21 voi
2354 3329 85 20 volete
2446 3328 48 22 fare

2020 3361 23 21 la
2059 3361 96 27 predica
2175 3361 24 21 al
2216 3361 150 28 predicatore
2375 3362 13 21 ?
2397 3361 72 23 Circa
2480 3368 14 15 a

2021 3401 110 16 mancare
2152 3396 46 21 alla
2217 3395 173 28 creanza/"'può
2407 3395 65 22 darsi
2482 3401 12 21 ;

2020 3429 43 21 voi
2079 3428 87 22 l’avete
2177 3428 85 27 inteso,
2274 3429 25 21 io
2311 3435 39 15 me
2362 3428 68 22 n’era
2439 3434 54 22 qua-

2021 3462 21 21 si
2058 3462 96 22 vvisato
2173 3462 31 22 da
2219 3468 39 16 me
2267 3468 7 20 ;
2290 3462 102 28 rispetto
2407 3463 44 26 poi
2469 3463 23 20 ai

2021 3495 80 26 carità,
2114 3496 86 27 signor
2213 3495 105 29 Inglese,
2330 3496 43 21 voi
2394 3497 72 21 avete
2475 3495 18 22 il

2020 3531 73 20 torto.
2106 3529 31 22 Se
2148 3530 43 21 voi
2209 3531 94 26 sapeste
2321 3531 88 26 quante
2429 3528 67 22 deso-

2021 3563 94 26 lazioni,
2135 3564 88 26 quante
2246 3563 87 21 rovine
2351 3563 23 21 ci
2392 3562 104 21 abbiano

2022 3596 116 22 diluviato
2159 3596 103 21 addosso
2280 3596 9 20 i
2304 3595 131 24 forestieri,
2455 3597 42 20 voi

2022 3630 130 26 parlereste
2161 3628 183 21 diversamente.
2364 3626 29 22 Io
2413 3626 83 21 dubito

2022 3662 111 21 riuscirvi
2146 3660 125 25 sazievole,
2285 3660 84 27 signor
2392 3659 104 27 Inglese,

2181 3724 13 25 (
2194 3724 126 24 Cuntinua)
