2620 3860
170 468 109 29 Petra
303 464 38 30 di
366 465 132 32 Verde

302 538 21 21 A
337 544 17 16 u
366 538 51 22 mib
432 539 121 24 babbone.

65 597 42 22 per
118 593 29 21 te,
157 587 23 21 1”
193 584 48 22 niiò
254 588 80 23 paesc,
347 584 37 20 stu
398 585 96 21 sunellu
506 591 6 19 ;

64 630 18 21 0
93 626 75 22 Petra,
180 617 120 22 diamanle
312 615 37 22 d’a
362 618 92 24 nalura,

64 657 94 31 Riposta
167 652 22 22 in
203 656 30 15 un
247 648 87 22 billulu
344 649 24 22 <li
379 650 104 23 verdura

64 685 165 34 pjsurridente
242 689 12 15 e
267 682 95 29 pueticu
374 686 105 26 aspeltu.

64 758 33 24 Se’
109 758 22 19 tu
141 752 22 22 la
176 752 62 19 terra
251 748 23 21 di
288 747 96 22 l’anlicu
400 750 30 20 lot
435 751 23 19 in

64 794 60 22 puvc
136 781 123 32 ingrandai
272 781 22 21 in
308 781 91 22 infìnita
410 788 57 16 cura
479 790 6 19 ;

64 828 16 21 ^
93 820 81 24 devota
186 815 117 22 affezione
316 814 124 22 L’assicura

63 854 78 26 Ouellu
154 849 68 24 ch’ha
235 848 23 22 lu
272 848 31 22 to’
316 854 68 16 nome
393 848 85 22 scritlu
491 849 23 22 in
528 852 64 26 pellu
603 851 4 21 !

64 921 66 25 puste
141 914 82 30 regina
234 913 22 21 di
267 913 22 21 la
301 912 178 30 Caslagniccia,

64 956 33 20 Ma
108 950 30 23 d’i
150 947 107 29 caslagni
271 948 13 20 ò
295 948 63 20 statu
371 947 146 27 mataccinu,

63 987 31 25 Ed
105 983 71 30 oginc
185 988 30 14 un
228 980 53 29 gira
294 979 40 29 più
351 980 109 23 manc’un
474 980 91 23 mulinu
574 982 6 21 !

61 1054 17 22 0
88 1051 74 22 Petra,
176 1045 106 23 turnerai
297 1045 155 28 petrichiccia
461 1046 6 21 !

60 1083 71 26 Verde
142 1087 30 15 un
184 1078 64 23 sarai
263 1078 39 29 più
315 1078 44 22 elle
371 1078 23 21 di
408 1078 85 25 fileLla,

60 1117 47 25 Xai’
120 1117 13 20 ê
144 1114 23 22 la
182 1112 68 22 Irista
258 1114 65 19 sorte
336 1111 38 23 chi
391 1112 109 28 l’aspella
512 1113 5 21 !

345 1157 28 21 G.
385 1157 27 22 di
425 1157 27 22 la
465 1157 99 23 Grotta.

168 1277 102 30 Erba
293 1276 196 30 Salvatica

257 1350 23 21 A
290 1349 119 29 Serafmu
421 1349 93 22 Rocca.

58 1397 77 24 Titulu
147 1396 155 21 scunccrtosu
315 1401 13 14 e
340 1394 121 26 naturaie;

58 1432 67 22 Sente
137 1429 22 22 la
171 1428 113 30 giuvenlù
297 1434 12 15 e
322 1427 23 22 lu
358 1427 149 22 vecchiume.

59 1465 47 23 Una
120 1469 65 17 musa
197 1464 115 20 nascenle
323 1463 62 19 slese
398 1460 55 22 l’ale

59 1499 42 22 Per
112 1503 96 16 corrcnc
221 1495 23 22 in
256 1494 88 23 Orezza
357 1501 13 15 a
383 1494 59 22 facci
456 1494 72 22 lume.

58 1532 34 23 Ma
101 1530 35 30 pe‘
148 1530 31 22 sli
192 1529 65 29 loghi
270 1530 39 28 qui
318 1540 28 4 —
359 1528 79 22 oliimé
446 1528 6 22 !
465 1530 78 20 scella
552 1529 5 20 !
564 1540 29 4 —

57 1566 19 26 JJ
87 1565 35 23 cal
125 1572 13 14 a
141 1567 37 19 tco
190 1563 43 26 c’è,
244 1563 23 21 di
281 1569 13 15 u
307 1562 130 26 sumerinu,

58 1600 16 24 E
83 1606 41 22 per
135 1596 112 30 risponde
255 1603 13 15 a
283 1596 79 22 Rocca
374 1595 58 22 Sera
436 1595 30 22 fin
470 1603 23 19 u,

58 1632 85 23 L’Orsu
156 1638 46 15 nun
215 1630 22 22 ci
249 1630 20 22 si
283 1636 78 16 messe
372 1629 76 22 micca
461 1629 23 21 in
498 1629 79 22 frella.

167 1693 62 22 Erba
245 1692 124 26 salvatica,

168 1727 18 22 LT
202 1727 90 22 calaLeo
304 1726 5 22 !

168 1761 60 22 D’un
241 1762 72 20 mette
326 1760 23 21 in
362 1759 101 29 pralica,

166 1795 100 28 Ognunu
277 1796 13 20 ê
301 1800 49 16 reo.

167 1828 33 23 Lu
209 1828 66 22 dotta
285 1828 76 31 jente,

168 1861 18 22 0
199 1861 90 27 Serafi,

169 1895 34 22 Un
215 1895 23 22 la
250 1895 46 23 vol’
309 1897 77 24 sente,

165 1929 68 21 Pure
245 1930 58 20 cusi.

57 1990 95 29 Dunque
164 1990 153 22 averebbimu
330 1990 97 22 lislessu
440 1992 73 26 guslu

58 2024 42 22 Per
110 2030 14 15 a
135 2024 75 21 scella
222 2023 25 21 di
260 2030 30 15 un
300 2023 58 21 liore
370 2022 125 23 d’amore?

57 2057 34 22 Ma
102 2064 28 15 eo
142 2057 124 22 cumenciu
279 2057 30 21 ad
321 2063 54 15 esse
386 2063 81 15 mezzu
482 2057 86 24 frustu,

57 2091 18 21 E
87 2094 32 23 lu,
132 2097 13 15 o
158 2090 86 27 Serafi,
258 2090 24 22 in
294 2090 70 29 picnu
377 2090 94 22 ardore.

58 2124 138 29 Epp’atlenli
206 2125 6 21 !
224 2124 39 22 chi
277 2131 13 14 u
303 2123 138 23 macchione
453 2129 111 16 amurosu

56 2154 17 25 È
85 2159 70 28 pienu
167 2158 23 21 di
200 2158 76 28 sepali
289 2165 12 14 e
313 2157 131 29 d’inganni,

57 2191 16 22 E
87 2192 74 28 piatta
173 2192 45 21 ’n’u
232 2191 118 29 prufondu
363 2191 23 21 di
400 2198 13 14 u
426 2191 108 21 s’ascosu

54 2226 20 21 A
82 2232 53 16 rosa
144 2225 158 30 punzichente
313 2225 23 22 di
349 2224 105 23 l’affanni
466 2225 6 21 !

165 2288 61 22 Erba
238 2288 118 22 salvatica

167 2318 19 26 È
200 2329 13 15 u
225 2322 53 28 pur’
288 2328 81 16 amore
376 2328 5 18 ;

166 2356 66 21 Roba
245 2356 134 28 simpalica,

166 2389 94 29 Ogn’un
269 2389 22 23 ci
304 2395 75 16 corre.

165 2423 39 23 Ma
214 2424 66 22 virtu
291 2429 67 20 sana,

166 2457 18 21 0
197 2457 88 27 Serafi,

166 2491 58 21 Dice
238 2491 86 26 Diana,

167 2524 74 23 Unn’è
252 2531 42 23 per
305 2526 48 27 qui.

58 2586 31 23 La
100 2588 69 22 dolce
181 2594 99 16 carezza
292 2587 37 21 d’e
341 2585 154 26 bealcMuse,

57 2620 72 22 Allor’
141 2622 18 22 ti
170 2622 115 28 rappurlô
297 2619 186 23 rise.scherzose

58 2653 108 30 Diquelli
178 2655 82 22 farisei
276 2654 48 27 chi,
337 2653 102 27 recluse,

58 2686 101 24 Vulianu
172 2692 52 19 tene
237 2688 59 22 rime
305 2687 136 23 deliziose?

59 2719 87 25 Perché
160 2729 30 15 un
200 2729 11 15 s
214 2722 29 22 tri
247 2724 23 20 là
281 2722 54 22 subi
339 2724 23 19 lu
373 2729 6 13 :
393 2721 102 29 «Ajulu,

58 2753 18 22 O
85 2754 72 29 Orsu,
167 2756 64 22 corri
242 2756 5 22 !
258 2756 27 22 In
293 2755 110 30 periculu
412 2756 13 20 è
438 2761 12 15 a
462 2757 63 19 setta

58 2787 27 22 Di
96 2789 78 30 quella
186 2792 112 20 venerata
311 2796 13 15 e
332 2794 82 16 scarsa
424 2787 94 23 erbelta
529 2787 6 21 !
545 2793 15 16 »

58 2820 63 25 Séria
132 2826 63 20 statu
209 2826 86 27 prontu
307 2829 13 16 e
332 2822 113 22 risolutu.

168 2885 62 23 Erba
242 2885 115 23 salvatica

169 2916 18 25 È
197 2926 13 15 a
221 2920 71 22 dolce
303 2919 60 23 rima
373 2926 6 19 ;

169 2952 199 30 Molt’antipatica

170 2989 23 20 A
207 2987 39 22 chi
258 2987 25 21 di
294 2993 14 16 a
320 2986 61 22 cinia

171 3020 52 22 Vol’
237 3024 54 19 tene
299 3028 15 14 u
325 3026 86 22 rangu,

171 3054 18 21 E
202 3054 93 22 ’ntende
304 3056 60 20 cusi.

171 3087 33 23 Fà
216 3094 68 16 cume
293 3095 14 15 u
320 3090 81 26 tangu,

169 3121 19 21 O
199 3121 87 23 Serafi.

61 3177 39 24 Stà
112 3182 51 27 pur’
175 3183 140 29 tranquillu.
324 3183 31 21 Se
368 3182 56 22 l’hai
439 3182 103 27 hisognu

62 3211 73 26 D’una
144 3217 108 28 sgrinüa,
267 3223 46 16 una
325 3222 83 20 sauna,
422 3221 47 16 una
484 3212 125 31 pinnaccia
620 3219 7 19 ;

62 3243 24 23 Si
97 3253 69 24 sopra
177 3250 25 22 lu
213 3253 94 19 terrenu
315 3258 14 14 c
337 3257 13 15 e
363 3248 125 25 minaccia,

64 3276 34 25 Un
110 3283 65 22 tarda
188 3290 46 16 una
245 3283 114 26 seconda,
372 3289 21 20 e,
407 3280 131 30 dispaccia.

64 3310 27 23 ûi
98 3318 63 20 sorte
172 3317 20 22 a’
202 3318 74 28 spada
289 3317 23 21 in
325 3322 69 16 manu
408 3321 31 15 un
450 3314 34 22 mi
495 3318 131 23 vergognu,

63 3343 70 27 Senza
145 3351 72 22 temia
230 3352 23 21 di
265 3351 30 22 dà
308 3350 70 28 colpu
392 3348 81 23 fatale.

63 3376 52 28 (Per
126 3382 87 24 l’amici
225 3391 31 15 un
268 3384 21 22 si
301 3384 60 22 deve
371 3383 65 22 vultà
449 3381 89 26 faccia,

63 3409 43 24 Per
114 3418 77 21 avecci
202 3418 29 22 da
244 3418 73 28 perde
330 3424 13 15 u
357 3414 139 31 capizzale.)

170 3478 62 24 Erba
244 3480 116 22 salvatica

172 3509 18 25 Ê
203 3513 136 22 I’arnicizia.

171 3542 18 25 É
202 3547 152 22 matematiea

172 3579 45 22 Per
228 3580 39 21 chi
281 3579 127 29 principia.

171 3611 105 23 Credimi
288 3620 70 21 puru,

171 3644 20 22 O
203 3645 79 23 Serafi
292 3654 6 18 ;

172 3678 102 23 L’affare
286 3681 13 20 è
311 3679 70 26 duru,

171 3711 38 22 Ma
221 3714 14 19 è
246 3714 61 21 cusi.

336 3748 95 22 L’Orsu
443 3746 127 22 d’Orezza.

691 468 122 25 Lamentu
822 472 27 22 di
859 480 13 15 e
882 474 98 23 Galline

680 497 28 22 di
716 499 171 25 Petr’Antone
893 504 95 23 d’Ascu

702 558 55 18 Musa
765 564 47 17 cara,
826 562 20 17 in
858 564 31 16 stu
897 564 57 22 jornu

703 582 95 24 Poi’ghjmi
807 586 20 17 lu
836 587 26 17 lo’
871 591 89 15 succorsu

702 607 37 18 Per
747 608 19 18 fii
774 614 45 18 sape
827 615 11 14 a
846 616 13 13 u
868 613 101 22 cuntornu,

703 632 40 19 Cun
752 636 79 18 accentu
839 641 48 17 puru
896 642 63 18 corsu,

703 658 6 17 I
720 658 66 19 miseri
797 661 75 19 scherzi
880 667 11 13 e
899 663 44 22 guai

690 682 35 18 Ghi
734 685 77 18 rn’lianu
820 686 80 19 abbinlu
909 689 78 17 oramai.

701 727 50 19 Avìa
759 734 12 12 u
780 730 39 18 miò
828 731 121 23 pullinagbiu

702 752 35 18 Chi
746 754 67 18 vedelu
823 760 33 13 era
864 761 26 13 un
899 757 76 22 decoru;

701 777 48 22 Ogni
757 779 94 19 slraniere
863 781 102 19 ammirava

701 802 41 18 Istu
751 804 75 21 gradilu
836 806 64 17 tesoru

701 826 22 18 Di
732 827 65 22 piume
804 829 65 23 d’ogni
878 831 65 18 culore

702 851 144 24 Ch’ispiravanu
858 855 84 19 l’amore.

679 898 28 18 Un
715 899 31 18 bel
753 900 82 23 gbiornu
843 902 57 22 junse
908 904 20 17 in
936 904 50 18 Aseu

701 924 29 18 Un
738 925 91 20 falchettu
838 927 106 23 trizzinalu,

701 949 59 19 D’una
768 952 71 21 grande
848 954 113 22 cumpagnia

701 974 21 17 Di
731 974 58 23 ripaci
797 976 121 24 circundatu;

702 999 14 17 E
723 1000 24 17 da
756 1001 64 21 landu,
827 1001 19 18 in
856 1003 118 23 pullinagbiu

701 1024 27 18 Lu
737 1025 88 20 dislurbu
833 1026 11 18 ò
852 1028 123 18 cumincialu.

700 1072 61 23 Dipoi,
770 1074 22 18 sô
800 1075 117 23 scuraggitu,

701 1098 73 18 Percbè
782 1099 58 22 oghie
848 1104 12 14 a
869 1100 58 18 cosaè
937 1102 36 17 laie
980 1107 5 13 :

700 1123 22 17 Di
730 1128 61 18 corre,
799 1125 18 18 le
826 1126 106 22 pullizzole,

700 1148 55 19 Mane
762 1154 11 13 e
781 1154 49 18 sera,
839 1155 12 13 a
861 1150 37 19 tiru
906 1152 56 21 d’ale,

701 1173 81 19 Versuli
790 1175 58 18 falchi
857 1177 106 17 osservanti

700 1198 25 18 Da
734 1199 116 19 indiavulati
857 1201 79 18 incanli.

700 1246 8 17 I
715 1246 43 22 jalli
765 1251 11 13 a
784 1248 150 23 l’appulatoghiu

700 1270 59 19 Stanu
767 1276 24 16 eu
798 1273 44 17 Paie
850 1273 83 22 scialale,

700 1295 15 19 E
721 1296 20 18 la
749 1298 60 17 cresta
821 1298 108 22 penciuloai

699 1321 59 19 Tante
768 1323 82 22 pessime
859 1324 80 22 nuttate,

677 1346 101 23 Semprein
782 1353 129 18 menzugneru
915 1354 69 16 sonnu,

699 1372 59 19 Senza
766 1374 62 18 salulà
836 1375 20 17 lu
865 1374 62 22 jornu.

698 1420 26 18 La
732 1425 31 14 ma
765 1426 25 13 ne
797 1426 58 14 versu
866 1423 45 18 dece
918 1427 33 14 ore

699 1444 20 19 Si
727 1446 69 18 levanu
805 1449 145 21 murmurendu,

699 1470 59 19 Senza
766 1472 86 18 scaccani
861 1472 23 18 nè
892 1474 58 20 canti,

699 1496 35 18 Chi
739 1497 70 18 n’hanu
817 1502 56 18 persu
880 1499 20 17 lu
907 1500 76 21 mendu;

698 1521 15 18 E
720 1522 24 17 da
752 1522 69 19 cb’unu
830 1523 50 19 d’elli
888 1524 78 21 affacca,

698 1547 21 17 Di
723 1546 81 24 jallineè
809 1553 175 19 unscappascappa.

697 1595 49 18 Avìa
751 1596 55 22 guasi
813 1598 81 20 pensatu

698 1620 22 18 Di
725 1622 160 18 cummandammi
891 1627 27 14 un
924 1623 61 19 fucile

697 1646 18 17 A
722 1646 20 18 la
750 1651 43 14 casa
801 1648 13 9 “
821 1647 55 18 Saint
884 1648 81 18 Etienne
972 1649 12 8 ”

697 1670 24 19 Se
729 1672 19 17 ci
756 1672 51 18 n’era
815 1677 13 13 a
835 1677 70 18 prezzu
913 1673 47 22 vile,

697 1696 15 18 E
720 1696 19 18 fà
747 1702 69 18 guerra
824 1698 111 18 slerminata

696 1722 18 18 A
721 1722 19 18 la
749 1724 61 16 scorta
819 1723 101 18 indesiata.

697 1770 112 23 Man’aghiu
819 1773 65 21 prestu
893 1773 80 21 pensatu

697 1796 112 19 Ch’unn’era
821 1798 35 17 che
865 1797 95 21 illusione,

698 1821 35 19 Chi
741 1822 58 21 quelli
807 1822 37 18 fini
852 1822 92 18 rnercanti

697 1846 59 18 Nulla
763 1848 48 17 danu
821 1852 33 18 per
863 1852 86 17 canzone;

697 1872 15 18 E
720 1872 93 18 tutt’altru
822 1874 53 16 reslu
883 1872 11 18 è
902 1877 54 17 pocu,

698 1897 114 18 Chilunidu
821 1897 11 18 è
840 1902 74 17 sempre
922 1898 61 18 biotu.

698 1946 79 22 Dunque
786 1946 25 17 mi
821 1946 21 18 sô
851 1946 101 22 resignatu

698 1972 17 16 A
723 1973 43 20 pâte
773 1972 22 17 lu
803 1972 65 17 dannu
875 1972 50 17 meiu
933 1976 5 17 ;

698 1995 45 18 Sera
752 2000 34 17 per
791 2000 36 14 me,
833 1996 117 21 sfurtunatu,

699 2020 66 23 Oghie,
774 2025 26 13 un
808 2021 74 22 castïgu
891 2021 19 17 di
918 2020 36 20 Diu
962 2020 4 10 '

699 2044 41 19 Chi.
750 2046 23 17 da
782 2046 71 18 miseru
863 2046 20 17 in
891 2046 73 19 dimora

697 2070 26 18 Mi
731 2071 109 23 n’aghinsla
845 2075 50 13 aneu
900 2071 48 19 fora.

697 2118 59 19 S’ellu
765 2119 47 17 dura
824 2120 32 17 stu
867 2119 115 22 sparnicciu,

697 2144 38 18 Per
742 2145 97 22 cumpjsce
848 2145 19 17 la
875 2146 77 18 malora.
959 2148 4 3 '

697 2170 66 18 Facciu
771 2170 128 23 ’mpastughià
910 2170 14 18 li
934 2170 48 22 jalli,

697 2194 76 23 Eppo’li
782 2199 58 14 varcu
848 2200 12 13 a
868 2196 18 17 la
891 2196 48 20 fora,

696 2220 27 18 Da
730 2220 33 18 ebi
769 2220 108 19 l’iusulenti
888 2220 56 19 acelli

698 2246 86 18 Possanu
792 2246 144 23 spiumàanc’ad
943 2246 40 19 elli.

699 2293 15 18 O
718 2294 118 18 Jallinecusi
842 2294 57 20 belle,

683 2315 14 22 È
707 2324 25 13 un
740 2320 97 22 cunsigliu
843 2319 50 19 ch’io
900 2320 18 17 vi
922 2320 62 18 facciu

697 2345 65 17 Fendu
770 2349 56 14 corre
835 2345 19 17 lu
864 2345 102 18 mormoriu

698 2370 26 17 Da
732 2370 20 17 la
759 2369 83 23 Giraglia
850 2370 25 18 ad
881 2370 78 22 Ajacciu
965 2375 6 17 ;

699 2395 102 19 B’avisslte
808 2395 34 22 più
850 2395 92 22 cerbellu,

698 2420 110 18 Pensarisle
816 2425 27 13 un
851 2420 117 23 suppulellu.

699 2469 66 22 Bogliu
774 2468 126 19 cbiode.Souu
909 2469 52 17 slatu

700 2494 57 18 Forse
764 2499 28 13 un
799 2494 100 23 po’lroppu
907 2498 77 14 severu,

700 2519 15 18 E
722 2520 33 17 stu
763 2520 51 17 meiu
824 2524 93 18 paragone

701 2544 47 19 Sarà
755 2545 33 22 qui
796 2546 71 21 troppu
878 2544 107 23 grussieru.

699 2570 30 17 Ma
736 2574 35 18 per
778 2575 26 12 un
812 2571 56 17 sente
875 2570 92 21 sl’affare,

701 2595 23 17 Fa
727 2596 19 17 te
754 2595 88 18 cum’ellu
850 2595 21 18 vi
879 2599 51 18 pare.

730 2628 113 18 Muvrellu
853 2628 23 18 di
884 2633 16 13 u
909 2628 76 18 Cîntu.

680 2726 128 25 Pedone
833 2726 151 25 Muvrinu

702 2789 124 19 BÛNZANIN1.
831 2799 23 4 —
863 2789 95 18 Scusaleci
967 2790 20 17 di

679 2820 14 13 u
702 2816 74 17 scordu.
783 2815 59 23 Oghie
850 2814 96 23 spedimu.
955 2814 31 18 Sa-

679 2841 38 17 luti
724 2840 48 18 tanti
784 2844 11 14 e
802 2840 162 22 ringraziamenti.

703 2879 87 19 L’ORSU.
799 2889 23 4 —
830 2879 64 19 Fubbe
902 2884 39 13 una
949 2879 39 18 bla-

680 2910 24 18 ga
718 2905 80 23 pigliata
810 2905 21 17 in
846 2905 60 17 seriu.
920 2904 68 18 Grazie

680 2931 131 21 quantunque;
817 2930 65 18 eccula
887 2929 32 23 qui
925 2933 62 18 sopra.

703 2969 21 19 P.
737 2969 26 18 M.
776 2969 23 17 DI
811 2968 177 19 CASAMACC10LI.

681 3004 23 4 —
708 2994 86 18 Difficile
801 2998 11 14 a
821 2994 80 22 capisce.
909 2993 79 18 Faremu

680 3020 124 21 quantunque
814 3024 15 12 u
837 3018 92 23 pussibile
940 3018 29 22 pe’
977 3023 11 13 a

681 3044 94 23 prossima
788 3043 119 19 “Baretta”.

703 3084 16 18 U
724 3083 149 19 BALAN1NU.—
878 3082 72 21 Infatli,
956 3086 33 14 an-

680 3114 28 13 nu
716 3109 101 23 passatone
832 3108 63 18 curria
903 3107 87 18 l’imbuc-

681 3136 42 17 eata
728 3139 5 13 :
743 3133 36 23 Qui
784 3134 29 17 n'a
819 3137 35 19 pas
860 3137 31 14 son
896 3131 93 19 malabar?

681 3159 69 19 Grazie
758 3159 17 23 (a
784 3158 38 22 voi,
835 3158 62 18 micca
907 3157 23 18 ad
939 3156 49 26 elli!)

704 3199 19 18 S.
732 3198 91 19 MARINI.
832 3207 22 3 —
864 3196 64 19 Grazie
940 3201 34 17 per
981 3196 8 18 i

681 3225 78 22 quattru
769 3223 45 19 novi
826 3222 98 19 abbunati.
938 3221 51 18 Man-

681 3251 56 17 demu
750 3249 19 17 in
778 3253 59 18 paccu
847 3252 13 13 a
868 3247 90 19 cumanda
969 3246 20 18 di

681 3279 11 13 e
710 3274 134 22 publicazione.
866 3272 21 18 Ci
904 3272 85 21 dispiace

681 3303 36 18 per
723 3298 103 18 l’esauriti.
836 3296 118 19 Toccamani.

704 3337 39 18 GH.
756 3335 116 19 CASTELLI.
884 3343 24 4 —
920 3333 22 19 Si
957 3334 31 17 bo’

681 3363 82 22 pensate.
772 3360 31 19 ebi
814 3365 14 12 u
839 3360 73 22 pedone
922 3363 12 13 a
945 3358 44 18 v’ha

680 3388 49 18 fatta
739 3386 48 18 saltà
797 3390 34 17 per
842 3390 13 12 u
867 3384 52 22 piacè
930 3383 21 18 di
961 3383 27 17 le-

681 3412 71 23 ghiela,
771 3410 125 22 perdunatelu
905 3414 6 16 ;
934 3408 54 18 s’ella

681 3437 49 18 fussi
738 3440 34 18 per
781 3436 58 20 altru,
851 3439 27 13 un
886 3434 21 17 lu
914 3436 74 14 manca-

682 3464 19 16 te
707 3467 5 13 :
727 3462 91 21 lagnanza
834 3464 11 12 a
856 3463 11 14 e
877 3459 63 17 Poste.
957 3456 32 19 Sa-

681 3487 45 18 luti.

1376 153 261 51 Mémoires

1146 228 51 46 du
1220 229 45 45 R.
1284 228 42 46 P.
1351 230 46 46 de
1421 230 218 58 Singlande,
1665 231 207 47 Aumônier

1184 295 209 32 (Spedizione
1412 297 32 24 di
1462 298 180 25 Maillebois
1660 298 167 33 1738-1741)

1429 368 148 34 (Seguitu)

1050 440 43 21 Les
1108 442 105 22 rebelles
1226 443 98 28 n’ayant
1333 443 42 22 osé
1387 445 104 27 paroître

1022 478 63 20 pour
1096 473 131 28 s’opposer
1237 475 13 22 à
1266 481 44 16 son
1326 481 110 24 passage.

1051 505 34 21 M.
1099 506 30 21 de
1142 507 151 26 Maillebois,
1313 508 32 21 de
1365 515 43 16 son
1428 509 62 27 côté,

1024 538 74 25 partit
1109 538 31 21 de
1151 539 90 22 Bastia,
1251 541 13 21 à
1275 541 23 21 la
1309 541 51 21 tête
1369 543 29 20 de
1407 543 23 21 la
1439 544 52 25 plus

1022 569 93 26 grande
1126 572 81 25 partie
1219 573 31 20 de
1263 579 39 15 ses
1315 575 102 25 soldats,
1434 575 35 21 fut
1478 574 13 22 à

1023 600 167 30 Pastorechia,
1203 604 32 22 où
1249 605 17 22 il
1278 606 26 21 fit
1316 608 87 21 rendre
1414 608 35 21 les
1456 614 35 15 ar-

1022 640 53 16 mes
1091 634 13 23 à
1121 637 58 21 tous
1194 638 37 21 les
1250 638 129 28 Ilabitans,
1395 646 26 15 ce
1432 640 59 27 qu’il

1022 667 26 22 fit
1059 668 61 22 dans
1131 671 57 20 tous
1199 671 36 20 les
1249 672 109 22 endroits
1372 673 31 21 où
1414 673 16 21 il
1440 679 50 21 pas-

1022 706 34 20 sa,
1069 700 22 22 &
1102 702 83 21 arriva
1196 702 13 22 à
1223 703 84 27 Corte,
1320 705 32 21 où
1363 707 83 19 toutes
1454 707 36 20 les

1020 735 102 26 troupes
1134 735 41 27 qui
1185 736 99 22 avoient
1292 737 97 22 marché
1399 744 40 15 sur
1447 738 43 22 dif-

1021 765 107 23 férentes
1148 769 130 26 colonnes,
1302 776 27 16 se
1348 770 143 22 trouvèrent

1021 800 150 22 assemblées
1182 802 24 20 le
1219 807 28 21 24
1259 802 30 22 de
1300 803 66 26 Juin.

1050 832 43 22 Les
1108 833 120 23 Habitans
1243 835 31 21 de
1285 836 23 21 la
1321 836 77 22 Pieve
1412 836 77 22 Vena-

1021 870 38 21 co,
1072 866 44 21 des
1129 872 61 22 pays
1207 867 31 21 de
1254 867 91 23 Coreta
1356 868 23 23 &
1391 869 30 21 de
1433 869 57 22 Nio-

1020 899 33 25 lo,
1067 904 46 22 que
1124 900 37 20 les
1174 900 144 23 Allemands
1328 901 122 22 n’avoient
1458 902 32 27 pû

1020 931 107 27 réduire,
1141 938 31 16 ne
1184 932 82 25 furent
1285 941 44 20 pas
1348 934 78 27 plutôt
1441 935 49 21 ins-

1020 965 72 21 truits
1104 965 30 21 de
1146 965 116 23 l’arrivée
1273 968 31 22 de
1315 974 28 15 ce
1356 966 112 28 Général,
1476 970 13 20 à

1021 998 22 21 la
1054 999 50 20 tête
1115 998 32 21 de
1158 1004 45 16 son
1216 1000 92 26 armée,
1329 1000 71 28 qu'ils
1416 1000 75 28 dépu-

1020 1030 80 22 tèrent
1114 1037 57 17 vers
1190 1033 46 25 lpi,
1258 1039 63 21 pour
1336 1033 115 23 l’assurer
1460 1034 30 21 de

1020 1065 54 20 leur
1084 1064 155 28 obéissance,
1257 1066 21 21 &
1292 1067 35 21 lui
1342 1067 94 22 donner
1446 1067 44 21 des

1020 1097 84 29 ôtages
1116 1104 63 21 pour
1190 1098 82 22 sûreté
1284 1101 30 20 de
1330 1101 55 20 leur
1398 1100 91 27 parole,

1019 1130 24 21 &
1053 1131 29 21 de
1094 1132 22 20 la
1129 1132 151 27 disposition
1301 1133 31 21 où
1347 1133 31 21 ils
1398 1132 93 22 étoient

1020 1164 30 21 de
1061 1164 35 21 lui
1110 1167 119 20 remettre
1239 1167 84 20 toutes
1335 1166 65 22 leurs
1412 1172 78 16 armes

1019 1197 74 27 qu'ils
1113 1198 82 22 dirent
1211 1199 53 21 être
1283 1198 54 28 déjà
1358 1199 59 22 dans
1434 1202 56 19 tous

1018 1231 37 21 les
1067 1230 120 28 Villages,
1201 1230 121 28 déposées
1335 1232 58 21 chez
1400 1233 36 20 les
1448 1232 42 21 Pè.

1019 1269 40 15 res
1069 1263 44 21 des
1126 1262 161 28 Communes,
1300 1270 63 21 pour
1374 1265 50 22 être
1436 1265 54 27 plus

1018 1295 142 24 facilement
1170 1297 141 28 apportées,
1325 1303 29 15 au
1365 1298 57 28 jour
1431 1296 59 29 qu’il

1019 1330 35 21 lui
1067 1330 100 27 plairoit
1179 1330 143 28 d’assigner.
1343 1330 35 22 Ce
1387 1331 57 28 jour
1455 1330 36 22 fut

1018 1364 23 21 le
1054 1369 26 23 29
1092 1364 31 21 du
1137 1363 99 28 présent
1247 1364 66 22 mois
1324 1364 32 22 de
1363 1364 65 27 Juin,
1438 1370 52 16 mo-

1017 1399 110 26 yennant
1139 1398 58 27 quoi
1210 1399 69 21 toute
1292 1399 64 21 cette
1368 1399 79 27 partie
1459 1399 30 21 de

1018 1431 22 21 la
1053 1430 78 22 Corse
1144 1430 55 22 d’en
1212 1430 66 23 de-là
1290 1431 45 21 des
1352 1431 93 26 Monts,
1464 1437 25 15 se

1018 1466 89 20 trouva
1118 1464 112 22 soumise
1241 1464 23 22 &
1280 1464 135 27 désarmée,
1435 1470 55 16 sans

1018 1497 59 27 qu’il
1087 1504 18 22 y
1115 1498 36 21 ait
1162 1503 31 16 eu
1204 1504 32 15 un
1251 1503 63 22 coup
1327 1498 31 22 de
1368 1498 57 25 fysil
1433 1498 54 26 tiré,

1018 1536 48 22 que
1077 1531 61 21 dans
1157 1532 38 21 les
1213 1531 96 25 actions
1320 1531 169 27 précédentes,

1017 1564 22 21 &
1048 1570 30 15 en
1087 1564 101 22 dernier
1196 1564 60 26 lieu,
1266 1570 29 19 an
1305 1567 70 27 poste
1382 1565 31 21 de
1421 1564 69 25 Saint

1018 1597 138 23 Antonino.

1046 1630 31 22 Le
1091 1631 68 21 sieur
1169 1632 111 27 Aregny,
1302 1631 51 21 très
1368 1631 122 22 accrédité

1018 1665 60 20 dans
1098 1665 23 20 le
1141 1670 60 23 pays
1222 1664 98 22 au-delà
1333 1665 45 21 des
1397 1664 92 26 Monts,

1018 1697 68 22 étant
1106 1698 56 21 chef
1180 1698 44 21 des
1239 1697 90 22 Pièves
1341 1698 30 22 de
1383 1697 64 23 Vico
1460 1698 30 22 de

1019 1730 104 23 Conaria
1135 1730 22 22 &
1176 1731 114 26 d’autres,
1309 1731 56 22 vint
1384 1737 29 16 au
1431 1736 58 17 nom

1019 1765 30 21 de
1061 1770 41 16 ces
1113 1764 98 26 Pièves,
1221 1766 104 23 trouver
1337 1764 34 22 M.
1381 1765 31 23 de
1420 1764 70 22 Mail-

1018 1798 88 26 lebois,
1127 1798 63 21 dans
1210 1799 24 20 le
1252 1799 80 21 même
1351 1798 106 26 endroit,
1467 1798 22 21 &

1017 1831 36 21 lui
1065 1831 134 21 demander
1211 1837 31 16 en
1255 1832 81 26 quelle
1352 1831 108 23 manière
1467 1831 23 22 &

1018 1870 58 16 sous
1096 1865 82 26 quelle
1198 1864 82 22 forme
1297 1865 18 21 il
1335 1865 36 21 lui
1391 1865 99 26 plairoit

1018 1898 138 27 d’accepter
1166 1898 54 21 leur
1231 1898 149 21 soumission
1392 1897 23 22 &
1424 1898 66 21 leurs

1018 1937 80 16 armes
1106 1937 5 20 ;
1123 1931 113 27 ajoutant
1247 1936 47 22 que
1305 1936 64 22 pour
1387 1936 27 16 se
1431 1936 59 17 con-

1018 1965 94 21 former
1122 1964 13 21 à
1149 1970 39 15 ses
1200 1964 124 25 volontés,
1343 1969 31 16 on
1387 1970 31 15 ne
1429 1970 58 16 vou-

1017 1998 46 21 loit
1074 2003 47 21 que
1134 1998 37 20 les
1184 1997 138 21 connoître.
1345 1996 72 22 Cette
1433 2002 57 23 pro-

1017 2031 120 21 testation
1149 2030 82 22 donna
1243 2030 37 21 les
1292 2030 55 27 plus
1358 2030 79 23 belles
1453 2036 37 15 es-

1017 2063 116 28 pérances
1154 2068 63 22 pour
1236 2064 24 20 la
1279 2063 136 27 prochaine
1435 2068 54 17 sou-

1017 2098 108 21 mission
1142 2097 31 22 de
1193 2098 65 21 cette
1277 2098 68 20 autre
1365 2096 80 27 partie
1459 2097 30 21 de

1017 2130 74 23 l’Isle.
1111 2130 45 24 Les
1168 2130 92 22 choses
1271 2130 138 27 cependant
1421 2136 30 15 ne
1463 2135 26 16 se

1017 2164 74 22 firent
1102 2169 44 22 pas
1157 2163 62 22 dans
1230 2164 21 20 la
1265 2163 64 21 suite
1340 2168 60 16 avec
1408 2165 81 19 autant

1017 2198 31 22 de
1060 2196 92 23 facilité
1164 2196 75 28 qu’on
1251 2196 51 22 s’en
1313 2195 67 23 flatta
1390 2196 72 22 alors.

1044 2230 118 27 Johanna,
1172 2230 22 22 &
1204 2229 66 23 Dom
1282 2228 81 23 Felicé
1376 2229 113 22 Dormes-

1017 2271 35 20 sa,
1066 2264 65 22 deux
1151 2263 68 22 chefs
1238 2263 43 21 des
1299 2263 55 27 plus
1366 2265 124 25 enlrepre-

1017 2303 70 21 nans,
1100 2297 112 22 tenoient
1222 2296 115 28 toujours
1354 2297 23 21 la
1395 2302 95 22 campa-

1017 2337 57 22 gne,
1086 2330 14 22 à
1111 2331 23 21 la
1147 2331 48 21 tête
1208 2330 31 21 de
1251 2330 117 27 quelques
1387 2330 102 22 rebelles

1018 2365 41 28 qui
1071 2364 136 22 refusoient
1219 2363 194 27 opiniâtrement
1422 2364 31 20 de
1462 2369 27 15 se

1018 2399 142 21 soumettre.
1188 2396 35 23 M.
1244 2397 30 21 de
1296 2396 142 22 Maillebois
1462 2396 28 22 fit

1017 2431 84 23 brûler
1111 2431 23 21 la
1146 2430 95 22 maison
1254 2430 30 21 de
1297 2429 65 22 Dom
1372 2428 86 27 Felicé,
1467 2429 23 22 &

1018 2464 113 23 arracher
1142 2470 40 15 ses
1193 2463 90 28 vignes
1302 2463 21 21 &
1341 2468 40 16 ses
1392 2463 63 26 bois,
1467 2462 23 22 &

1018 2499 91 27 promit
1119 2496 43 23 600
1174 2497 79 21 livres
1265 2496 13 22 à
1290 2496 64 22 celui
1368 2496 41 28 qui
1426 2497 23 21 le
1460 2496 30 22 li-

1018 2532 102 22 vreroit.
1137 2530 73 22 Cette
1221 2530 66 29 juste
1299 2528 107 23 sévérité
1418 2529 73 28 épou-

1017 2567 74 20 vanta
1104 2564 127 22 Casteneli
1240 2570 6 20 ;
1260 2564 17 21 il
1286 2568 98 23 envoya
1392 2562 98 23 d’abord

1018 2604 46 16 son
1084 2597 138 23 beau-frère
1242 2603 32 15 en
1296 2598 73 26 otage
1389 2596 14 22 à
1421 2598 69 20 notre

1020 2631 114 25 Général,
1148 2630 22 22 &
1182 2630 56 22 vint
1248 2630 130 22 lui-même
1396 2630 23 20 le
1437 2630 54 21 len-

1019 2665 97 23 demain
1128 2670 62 16 avec
1201 2663 183 28 quelqu’autres
1399 2663 29 21 de
1447 2668 44 16 son

1019 2699 73 28 parti,
1106 2704 27 16 se
1143 2698 62 27 jetta
1213 2696 15 22 à
1236 2702 39 16 ses
1285 2697 80 27 pieds,
1375 2696 21 22 &
1406 2696 85 27 implô-

1019 2738 27 16 ra
1056 2733 23 21 la
1091 2731 125 23 clémence
1229 2730 33 22 du
1273 2729 60 24 Roi.
1346 2729 62 22 Leur
1418 2729 73 27 grâce

1019 2767 54 21 leur
1082 2765 36 21 fut
1126 2762 129 27 accordée,
1263 2762 13 22 à
1286 2763 128 22 condition
1422 2767 70 22 pour-

1020 2800 59 23 tant,
1099 2797 74 29 qu’ils
1192 2802 27 17 se
1239 2796 162 22 retireroient
1419 2796 31 20 de
1468 2796 23 20 la

1022 2833 87 25 Corse,
1120 2832 24 21 &
1154 2837 28 15 se
1193 2830 145 22 rendroient
1353 2829 14 21 à
1385 2828 66 22 l’Isle
1461 2828 31 22 de

1517 445 105 27 l’Helbe,
1636 447 32 21 où
1680 453 32 15 on
1724 448 37 20 les
1778 453 13 15 a
1806 447 185 22 effectivement

1508 479 174 27 .transportés.

1546 511 67 21 C’est
1624 518 57 15 vers
1694 519 28 15 ce
1733 516 79 24 temps
1824 513 123 27 qu’arriva
1958 519 31 15 un

1517 544 112 21 malheur
1649 550 46 21 que
1714 546 25 25 je
1760 552 30 14 ne
1811 546 54 21 dois
1886 552 42 21 pas
1948 552 43 15 ou-

1518 575 70 22 blier.
1610 576 40 22 Un
1663 577 60 26 jour
1735 583 47 21 que
1794 578 22 25 je
1829 578 120 22 revenois
1961 578 30 21 de

1517 608 54 21 dire
1582 609 24 21 la
1617 609 83 22 Messe
1713 617 30 14 au
1757 616 79 22 camp,
1849 611 22 21 &
1883 617 46 21 que
1939 610 53 29 j’al-

1517 641 48 22 lois
1584 642 74 22 diner
1678 643 58 22 chez
1757 644 34 22 M.
1804 645 23 21 le
1840 644 107 23 Colonel
1960 645 32 21 du

1517 673 136 29 Régiment
1679 676 31 22 de
1737 676 86 27 Béarn,
1853 678 138 28 j’apperçus

1517 707 66 21 deux
1596 707 88 27 jeunes
1705 709 115 23 Officiers
1842 711 41 27 qui
1904 710 88 22 s’amu-

1516 739 85 22 soient
1613 740 13 21 à
1637 742 111 26 grimper
1762 748 42 16 sur
1822 749 49 15 une
1884 740 106 28 m'aison,

1516 777 65 21 pour
1591 772 119 23 dénicher
1722 775 43 21 des
1777 776 133 21 moineaux
1919 782 5 19 ;
1936 781 54 15 sen-

1516 806 55 19 tant
1589 806 23 20 le
1632 806 94 27 danger
1745 809 87 26 auquel
1853 809 31 21 ils
1894 808 97 27 s’expo-

1516 837 84 21 soient
1619 838 210 28 témérairement,
1852 842 25 26 je
1897 842 52 26 pris
1968 842 23 20 la

1516 869 89 22 liberté
1614 871 30 21 de
1653 872 23 22 le
1686 873 54 21 leur
1749 873 169 27 représenter:
1928 879 63 16 vous

1517 902 42 28 n’y
1570 909 89 21 pensez
1678 911 52 21 pas,
1751 906 53 21 leur
1824 906 81 28 dis-je,
1926 906 64 22 Mes-

1516 935 88 26 sieurs,
1626 936 172 24 l’amusement
1820 940 87 26 auquel
1927 945 63 16 vous

1517 973 63 16 vous
1592 969 79 23 livrez
1685 970 63 22 n’est
1767 972 54 21 rien
1842 972 81 22 moins
1944 978 47 21 que

1516 1001 76 27 digne
1604 1002 31 21 de
1647 1008 73 21 vous,
1732 1004 23 21 &
1766 1007 60 24 peut
1838 1011 63 15 vous
1917 1005 74 21 deve-

1515 1034 42 21 nir
1568 1035 55 21 bien
1637 1036 105 23 funeste.
1757 1037 33 22 Ils
1802 1044 31 15 ne
1847 1038 93 22 tinrent
1950 1044 41 15 au-

1516 1072 48 17 cun
1584 1070 98 25 compte
1701 1070 32 20 de
1753 1076 57 15 mon
1831 1071 61 25 avis,
1905 1070 22 22 &
1938 1070 51 21 loin

1516 1099 31 21 de
1559 1106 39 16 me
1610 1102 142 26 remercier,
1766 1103 30 21 ils
1813 1109 41 15 me
1867 1104 83 21 dirent
1961 1104 30 20 de

1518 1138 84 21 passer
1614 1139 59 17 mon
1686 1135 106 27 chemin,
1805 1136 22 21 &
1841 1142 47 22 que
1907 1142 28 16 ce
1954 1142 35 15 se-

1517 1166 51 21 rait
1577 1167 90 26 perdre
1679 1174 38 15 ma
1731 1169 72 26 peine
1811 1169 23 21 &
1843 1175 57 16 mon
1910 1172 81 24 temps

1516 1198 32 21 de
1562 1200 98 23 vouloir
1670 1201 37 21 les
1720 1202 132 26 empêcher
1863 1203 30 20 de
1910 1208 27 15 se
1955 1202 36 21 di-

1516 1232 90 25 vertir,
1627 1238 97 17 comme
1745 1234 31 22 ils
1796 1235 23 20 le
1837 1235 130 27 jugeoient
1977 1234 13 22 à

1517 1269 93 21 propos
1620 1270 6 16 :
1645 1265 25 27 je
1682 1266 123 22 n’insistai
1818 1273 44 21 pas
1875 1273 42 15 sur
1927 1269 63 19 cette

1516 1295 115 28 réponse,
1653 1298 23 22 &
1698 1305 58 15 sans
1775 1299 126 28 répliquer
1922 1302 68 20 autre

1517 1329 75 23 chose
1605 1337 47 21 que
1663 1338 41 16 ces
1718 1334 97 25 paroles
1828 1334 102 22 de-mon
1945 1334 46 21 Mi-

1516 1363 102 27 nistère,
1632 1364 63 22 Dieu
1708 1366 52 21 soit
1770 1366 58 21 loué
1837 1374 7 18 ;
1862 1367 26 27 je
1907 1367 38 23 fus
1960 1366 31 22 où

1513 1396 26 27 je
1552 1397 87 22 devois
1652 1398 71 22 dîner
1733 1406 6 14 :
1753 1399 13 22 à
1778 1400 74 29 peine
1863 1406 18 22 y
1892 1400 98 28 étois-je

1515 1430 92 26 arrivé,
1619 1431 76 28 qu’on
1707 1432 57 22 vint
1773 1439 39 15 me
1825 1433 53 21 dire
1888 1439 45 22 que
1941 1433 48 24 l’un

1516 1463 32 21 de
1559 1469 40 16 ces
1610 1465 88 26 jeunes
1711 1465 115 23 Officiers
1839 1466 60 23 étoit
1907 1466 83 24 tombé

1516 1497 31 21 de
1566 1497 87 21 dessus
1674 1499 23 20 la
1718 1499 104 26 maison,
1844 1505 56 16 sans
1914 1500 77 21 senti-

1515 1532 78 24 ment,
1614 1530 22 23 <Sç
1656 1537 58 15 sans
1735 1532 49 26 vie,
1801 1532 22 21 &
1836 1538 47 21 que
1893 1533 96 25 l’autre,

1514 1563 37 21 les
1571 1563 68 22 reins
1660 1564 89 26 brisés,
1771 1571 32 15 un
1825 1566 57 21 bras
1900 1565 22 22 &
1942 1573 48 15 une

1516 1597 81 21 cuisse
1617 1596 90 27 cassés,
1729 1597 155 23 n’attendant
1901 1604 47 22 que
1968 1600 22 20 la

1515 1631 75 25 mort,
1614 1635 64 22 pour
1699 1630 34 22 fin
1756 1631 29 21 de
1805 1638 42 15 ses
1868 1633 122 21 extrêmes

1516 1663 127 26 douleurs,
1665 1670 39 16 me
1725 1665 145 24 demandent
1887 1671 64 22 pour
1967 1667 23 20 le

1516 1696 135 24 confesser,
1670 1697 82 29 Après
1770 1698 92 22 l’avoir
1873 1700 115 26 entendu,

1512 1730 27 30 je
1550 1730 84 23 rendis
1655 1731 43 21 dès
1719 1732 23 20 le
1757 1732 81 21 même
1848 1732 66 28 jour,
1926 1732 14 22 à
1953 1738 38 16 ce-

1515 1764 35 21 lui
1561 1764 42 27 qui
1615 1763 63 22 étoit
1689 1767 74 24 mort,
1775 1766 36 21 les
1824 1766 127 22 honneurs
1960 1767 30 21 de

1515 1797 24 21 la
1558 1796 135 28 sépulture.
1718 1797 30 22 Le
1768 1799 103 26 second,
1891 1802 99 19 mourut

1515 1830 66 21 deux
1590 1830 70 27 jours
1672 1831 80 27 après,
1768 1831 23 22 &
1802 1834 68 26 reçut
1888 1833 30 21 de
1937 1833 52 21 moi

1515 1863 24 22 le
1550 1864 79 20 même
1641 1864 106 21 service.
1769 1864 46 22 Cet
1836 1866 113 22 accident
1964 1865 27 24 fit

1515 1896 56 27 plus
1590 1895 177 28 d’impression
1787 1903 43 17 sur
1849 1898 36 22 les
1903 1898 88 27 jeunes

1516 1928 116 23 Officiers
1645 1935 47 22 que
1702 1932 59 20 tous
1771 1931 36 21 les
1822 1932 109 21 conseils
1951 1932 39 28 qu’

1516 1968 32 15 on
1560 1963 82 21 auroit
1652 1963 34 27 pû
1696 1964 55 21 leur
1762 1965 96 21 donner
1869 1971 5 19 ;
1896 1971 27 15 ce
1944 1971 47 22 que

1515 1996 24 20 la
1560 1995 116 27 jeunesse
1699 1997 92 21 entend
1813 2003 44 16 sur
1878 1998 112 26 l’avenir,

1516 2028 85 28 frappe
1611 2029 39 21 les
1661 2030 110 25 oreilles,
1783 2036 31 15 ne
1833 2030 44 22 fait
1894 2031 54 21 rien
1960 2032 31 21 de

1515 2062 56 26 plus
1591 2067 63 22 pour
1673 2062 144 23 l’ordinaire
1829 2070 6 19 ;
1854 2070 28 15 ce
1902 2064 89 27 qu’elle

1515 2095 61 21 voit
1590 2094 186 24 effectivement
1795 2097 102 25 arriver,
1919 2103 72 22 passe

1515 2128 32 21 de
1567 2134 40 15 ses
1626 2134 68 23 j^-eux
1714 2128 13 22 à
1746 2135 46 16 son
1812 2130 88 27 esprit,
1922 2130 23 21 &
1959 2136 31 16 ne

1515 2167 105 22 manque
1641 2167 107 22 presque
1767 2162 88 28 jamais
1876 2163 30 22 de
1922 2164 70 21 l’ins-

1515 2194 78 22 truire
1605 2194 22 22 &
1637 2195 29 21 de
1675 2195 23 21 la
1707 2196 90 21 rendre
1805 2196 56 27 plus
1871 2197 119 22 attentive

1515 2227 23 22 &
1549 2228 81 22 moins
1643 2228 213 28 présomptueuse.

1544 2261 31 21 La
1598 2261 68 22 Ville
1690 2262 32 22 de
1742 2262 77 23 Corte
1843 2269 47 22 que
1911 2263 36 22 M.
1960 2265 31 20 de

1516 2294 141 23 Maillebois
1662 2296 70 22 avoit
1740 2296 94 22 choisie
1841 2302 63 21 pour
1913 2296 79 27 Quar-

1515 2328 50 22 tier
1574 2327 109 29 général,
1696 2335 29 15 au
1738 2333 214 19 commencement
1961 2331 30 21 de

1515 2361 23 21 la
1550 2367 142 22 campagne,
1708 2364 39 20 est
1759 2369 29 15 au
1799 2363 88 21 milieu
1898 2363 30 21 de
1940 2363 52 23 l’Is-

1514 2395 32 21 le.
1561 2394 51 22 Elle
1620 2394 123 28 jouissoit
1754 2396 121 22 autrefois
1887 2397 31 21 du
1932 2397 60 22 titre

1516 2427 22 22 &
1549 2428 44 21 des
1604 2428 127 22 honneurs
1743 2430 30 21 de
1785 2429 124 27 Capitale,
1927 2431 64 21 mais

1515 2462 49 21 elle
1585 2463 38 20 est
1647 2463 175 21 actuellement
1846 2463 94 22 déchue
1962 2464 30 22 de

1514 2496 84 20 toutes
1610 2500 41 16 ces
1662 2496 135 21 anciennes
1811 2496 180 28 prérogatives.

1517 2527 31 22 La
1557 2528 96 27 plupart
1662 2528 46 22 des
1718 2528 163 29 Géographes
1889 2531 23 21 la
1921 2536 71 22 pren-

1516 2563 61 19 nent
1588 2566 64 22 pour
1662 2562 24 21 la
1699 2562 68 21 Ville
1785 2563 120 21 autrefois
1923 2569 70 16 nom-

1517 2593 55 23 mée
1583 2594 145 26 Cenestum,
1748 2600 47 22 que
1813 2597 180 26 quelques-uns

1517 2628 100 27 placent
1633 2630 119 24 pourtant
1771 2628 13 22 à
1804 2627 89 23 Senata
1911 2629 80 26 Lucia,

1517 2662 33 21 où
1561 2661 50 22 l’on
1623 2662 55 21 voit
1689 2667 91 17 encore
1792 2663 120 27 quelques
1921 2663 73 22 vieil-

1517 2695 37 21 les
1566 2695 93 21 ruines.
1677 2694 77 23 Corte
1765 2696 58 21 telle
1837 2696 89 27 qu’elle
1937 2697 58 21 sub-

1518 2728 62 22 siste
1590 2727 14 23 à
1615 2727 111 28 présent,
1739 2731 37 19 est
1787 2728 81 22 située
1886 2735 42 16 sur
1945 2736 49 15 une

1518 2763 145 26 montagne,
1677 2762 41 26 qui
1730 2761 64 22 n’est
1806 2762 75 27 qu’un
1892 2768 43 16 roc
1949 2763 44 26 vif,

1519 2794 30 22 de
1572 2800 48 21 peu
1643 2793 140 26 d’étendue,
1808 2794 22 22 &
1853 2796 89 26 rempli
1964 2797 30 20 de

1518 2828 130 27 beaucoup
1657 2827 167 28 d’inégalités.
1835 2828 32 22 La
1878 2828 77 28 figure
1964 2830 30 21 de

2017 154 23 21 la
2053 154 67 21 Ville
2133 155 38 20 est
2182 153 50 22 très
2245 152 155 29 irrégulière,
2411 152 22 22 la
2443 157 55 22 par-

2018 187 34 21 tie
2066 187 39 27 qui
2121 188 38 20 est
2171 186 13 22 à
2194 187 23 21 la
2229 186 94 28 gauche
2337 186 30 21 de
2377 191 45 16 son
2433 184 63 22 Châ-

2017 221 65 23 teau,
2104 220 38 20 est
2162 219 49 21 très
2224 219 95 25 élevée,
2338 220 35 20 les
2385 218 112 23 maisons

2018 254 57 20 sont
2087 254 82 19 toutes
2181 252 133 22 détachées
2327 253 37 20 les
2377 258 61 15 unes
2453 252 44 20 des

2017 287 92 24 autres,
2123 285 23 21 &
2158 284 98 28 placées
2277 285 111 21 chacune
2408 290 43 16 sur
2465 290 31 15 un

2018 323 43 15 roc
2073 318 29 21 de
2114 317 105 22 hauteur
2230 317 141 26 différente,
2383 317 21 21 &
2414 316 83 22 distri-

2019 350 74 21 buées
2106 357 30 15 en
2148 350 191 28 amphithéâtre.
2356 350 72 21 Cette
2441 355 54 22 par-

2016 383 36 21 tie
2064 385 37 20 est
2112 384 158 22 absolument
2284 383 163 22 inaccessible
2466 383 30 21 de

2018 415 66 22 deux
2095 416 78 27 côtés,
2187 418 40 26 qui
2241 417 81 22 donne
2335 423 43 16 sur
2390 423 31 15 un
2438 416 59 22 Val-

2017 448 52 21 lon.
2091 449 30 21 Le
2144 449 111 22 Château
2276 452 38 20 est
2329 450 67 22 aussi
2409 456 42 16 sur
2463 456 32 16 un

2017 487 44 15 roc
2073 481 44 26 vif,
2139 483 51 21 fort
2209 482 72 22 élevé
2300 484 23 21 &
2343 482 102 29 escarpé
2466 484 30 21 de

2017 515 83 20 toutes
2112 517 82 24 parts;
2207 515 118 23 l’endroit
2337 517 23 20 le
2372 517 55 26 plus
2439 523 58 15 con-

2018 546 122 22 sidérable
2153 548 30 21 de
2196 554 27 15 ce
2234 548 110 23 Château
2355 552 37 19 est
2402 550 94 27 occupé

2017 584 45 21 par
2072 580 117 27 quelques
2202 580 135 23 Bâtimens.
2351 582 40 21 On
2404 585 90 19 trouve

2017 610 14 22 à
2041 611 101 23 l'entrée
2156 619 47 16 une
2214 615 58 21 tour
2283 615 106 27 quarrée
2400 615 23 22 &
2434 616 61 21 voû-

2017 644 47 26 tée,
2079 645 60 23 c’est
2151 647 31 21 où
2195 653 26 16 se
2234 649 71 26 place
2325 649 24 21 le
2370 650 126 27 corps-de-

2017 678 76 27 garde
2103 685 6 19 ;
2123 680 32 21 du
2168 686 45 21 peu
2226 682 30 20 de
2269 682 113 22 maisons
2394 684 41 26 qui
2446 683 49 22 for-

2018 713 67 19 ment
2104 714 71 20 toute
2194 716 64 20 cette
2277 714 76 27 Ville,
2367 715 13 22 à
2392 716 75 27 peine
2478 722 18 22 y

2018 749 30 15 en
2058 750 13 15 a
2078 746 191 26 quelques-unes
2278 747 145 23 d’entières.
2434 749 62 22 Cor-

2017 777 25 20 te
2053 779 37 19 est
2102 784 106 21 presque
2220 785 59 16 sans
2291 780 132 28 Ilabitans,
2437 782 60 21 c’est

2019 815 31 15 un
2068 810 43 21 des
2131 812 55 26 plus
2205 813 85 22 tristes
2311 814 97 27 séjours
2421 815 73 27 qu’on

2018 842 85 26 puisse
2114 844 136 28 imaginer:
2270 848 141 26 cependant
2423 849 18 21 il
2452 855 17 22 y
2480 855 14 15 a

2017 874 66 22 deux
2095 876 126 28 Couvens,
2237 879 49 22 l’un
2303 880 44 22 des
2361 881 133 27 Capucins,

2017 907 23 21 &
2050 907 86 23 l’autre
2158 911 42 21 des
2218 911 127 23 Récolets.
2368 913 39 23 Un
2422 914 72 22 Frère

2017 940 32 21 lai
2061 941 30 21 de
2103 947 41 16 ces
2156 943 120 28 derniers,
2286 945 37 22 fut
2332 947 97 27 surpris
2438 953 57 21 por-

2018 974 52 20 tant
2080 974 31 21 de
2122 975 24 21 la
2159 977 93 25 poudre
2265 978 21 21 &
2298 979 44 21 des
2354 980 80 22 balles
2446 986 49 16 aux

2017 1006 113 27 rebelles,
2151 1008 22 21 &
2192 1011 136 22 condamné
2350 1019 45 21 par
2416 1013 34 21 M.
2463 1014 30 21 de

2018 1038 152 30 Maillebois,
2182 1042 14 21 à
2207 1044 53 21 être
2270 1046 90 25 pendu,
2371 1052 64 21 pour
2443 1052 52 16 ser-

2018 1072 40 20 vir
2068 1072 139 29 d’exemple
2219 1075 14 22 à
2244 1082 41 16 ses
2303 1078 129 22 confrères
2451 1080 43 27 qui

2017 1105 157 24 assurément
2180 1114 29 16 en
2217 1111 103 21 avoient
2328 1111 168 23 besoin.Pour

2017 1138 23 20 la
2051 1138 81 23 sûreté
2145 1141 44 21 des
2200 1144 103 26 troupes
2315 1144 42 27 qui
2372 1146 124 21 restèrent

2017 1169 14 22 à
2042 1170 83 28 Corte,
2139 1174 100 28 lorsque
2250 1176 24 21 le
2285 1182 59 22 gros
2354 1178 31 21 de
2393 1178 100 22 l’armée

2017 1209 26 15 se
2055 1208 70 23 porta
2138 1208 102 21 ailleurs
2249 1215 6 15 :
2272 1215 62 16 nous
2348 1210 73 22 fîmes
2433 1212 61 22 dans

2017 1236 23 20 la
2050 1237 64 21 suite
2127 1241 118 21 entourer
2257 1244 64 20 cette
2335 1243 67 22 Ville
2421 1244 73 22 d’une

2016 1270 112 22 muraille
2141 1272 41 27 qui
2194 1273 22 21 la
2229 1275 46 20 mit
2286 1274 13 22 à
2311 1279 107 19 couvert
2433 1277 62 22 d’in-

2017 1302 64 21 sulte
2093 1303 29 21 de
2133 1304 24 22 la
2170 1308 54 24 part
2234 1307 43 21 des
2288 1308 119 22 rebelles.

2045 1335 64 23 Vers
2127 1338 24 21 la
2168 1338 33 22 fin
2220 1340 32 21 du
2266 1342 66 21 mois
2345 1342 102 27 d'Août,
2461 1350 33 16 on

2017 1369 81 26 apprit
2109 1376 48 21 que
2170 1371 124 24 Ghessoni
2309 1374 64 23 étoit
2386 1376 91 22 investi
2487 1384 7 19 ;

2017 1407 28 16 ce
2057 1405 70 24 poste
2139 1410 30 15 au
2181 1406 88 21 milieu
2281 1408 44 21 des
2338 1408 57 22 bois
2413 1410 22 21 &
2450 1411 44 21 des

2016 1438 146 26 montagnes
2187 1444 26 15 se
2235 1441 116 22 trouvoit
2373 1444 123 21 extrême-

2016 1471 68 18 ment
2102 1470 101 27 exposé,
2223 1472 23 21 &
2266 1479 62 17 ceux
2348 1476 42 26 qui
2402 1476 24 21 le
2438 1482 54 22 gar-

2016 1501 86 22 doient
2113 1502 94 24 étoient
2218 1506 63 21 dans
2289 1513 33 15 un
2333 1508 96 28 danger
2437 1516 58 16 con-

2015 1534 79 23 tinuel
2105 1536 77 23 d’être
2192 1539 109 27 enlevés,
2311 1541 53 22 s’ils
2374 1542 122 23 n’étoient

2015 1567 14 22 à
2049 1574 91 23 propos
2159 1573 126 21 soutenus.
2307 1574 35 22 M.
2356 1575 31 21 de
2400 1575 94 23 Conta-

2017 1601 52 27 des,
2093 1604 66 21 alors
2182 1604 103 24 Colonel
2306 1608 32 21 du
2360 1608 135 29 Régiment

2016 1634 171 30 d’Auvergne,
2205 1638 23 21 &
2245 1640 156 27 aujourd’hui
2415 1643 79 22 Maré-

2017 1668 55 22 chal
2083 1669 31 22 de
2125 1669 101 29 France,
2239 1672 37 22 fut
2287 1673 92 29 chargé
2394 1677 30 20 de
2443 1683 52 15 res-

2016 1703 39 20 ter
2064 1701 14 22 à
2091 1702 162 29 Corte,’pour
2264 1707 23 20 le
2300 1707 129 28 défendre,
2442 1712 53 20 tan-

2017 1735 39 21 dis
2065 1741 46 22 que
2119 1737 25 20 le
2153 1737 133 29 Régiment
2293 1741 31 21 de
2334 1741 80 23 Bearn
2424 1744 71 21 avoit

2017 1769 74 21 ordre
2110 1770 56 22 d’en
2185 1773 84 26 sortir,
2289 1774 23 21 &
2334 1775 30 21 de
2380 1777 72 21 voler
2464 1783 30 15 au

2016 1807 102 17 secours
2130 1804 32 21 de
2174 1810 62 17 ceux
2254 1807 31 21 de
2306 1814 44 15 nos
2372 1815 63 21 gens
2450 1810 42 23 oui

2017 1840 31 16 en
2060 1836 102 22 a-voient
2172 1838 24 21 le
2207 1840 56 25 plus
2272 1844 115 23 pressant
2396 1843 98 21 besoin.

2017 1867 34 22 M.
2064 1869 23 21 le
2099 1869 110 29 Marquis
2222 1873 30 20 de
2267 1873 110 23 Valence
2390 1875 12 21 à
2412 1877 22 20 la
2444 1877 50 21 tête

2017 1901 31 21 de
2071 1908 44 16 son
2140 1903 135 29 Régiment
2294 1906 23 22 &
2342 1908 45 22 des
2411 1911 85 20 autres

2016 1936 109 26 troupes,
2138 1937 28 21 fit
2176 1940 69 20 toute
2257 1940 23 20 la
2292 1940 127 28 diligence
2438 1948 57 22 pos-

2016 1968 72 26 sible,
2102 1975 65 21 pour
2175 1971 103 26 joindre
2289 1974 38 21 les
2339 1976 126 25 ennemis,
2473 1976 22 21 &

2017 2001 35 21 les
2064 2007 148 23 repousser;
2232 2006 63 22 mais
2309 2007 32 21 ils
2354 2014 32 15 ne
2398 2008 99 22 l’atten-

2017 2034 83 23 dirent
2119 2042 53 21 pas,
2195 2037 21 22 &
2236 2038 72 23 si-tôt
2326 2040 75 28 qu’ils
2414 2042 82 22 furent

2017 2067 113 23 instruits
2142 2070 31 21 de
2184 2076 26 16 sa
2222 2072 109 27 marche,
2353 2074 33 22 ils
2398 2081 26 15 se
2437 2076 60 21 reti-

2017 2100 82 23 rèrent
2110 2102 61 22 dans
2183 2105 35 21 les
2231 2105 65 22 bois.
2307 2106 33 22 Le
2353 2113 101 17 secours
2464 2115 32 15 ne

2016 2136 108 25 pouvoit
2136 2137 73 22 venir
2219 2139 57 26 plus
2295 2139 13 21 à
2326 2146 104 22 propos,
2449 2148 47 16 nos

2016 2169 102 26 troupes
2135 2169 68 23 étant
2224 2172 125 22 investies
2370 2174 30 21 de
2413 2177 83 19 toutes

2017 2205 75 23 parts,
2105 2208 32 16 ne
2149 2206 136 24 pouvoient
2294 2207 56 26 plus
2358 2208 75 26 tenir,
2444 2208 52 21 fau-

2017 2237 24 19 te
2062 2236 30 21 de
2104 2236 86 22 vivres
2208 2238 23 21 &
2250 2239 31 21 de
2301 2241 143 22 munitions
2465 2243 31 20 de

2018 2267 105 23 Guerre.

2045 2302 32 21 Le
2096 2303 137 29 Régiment
2253 2312 31 15 ne
2305 2307 120 22 demeura
2444 2315 49 21 que

2018 2336 65 21 deux
2092 2336 71 27 jours
2175 2337 13 22 à
2201 2338 126 23 Ghessoni
2338 2346 6 20 ;
2364 2341 19 21 il
2403 2342 41 22 eût
2457 2348 40 16 or-

2018 2369 44 21 dre
2073 2369 30 22 de
2118 2376 27 15 se
2158 2372 87 21 rendre
2258 2372 14 22 à
2283 2373 133 28 Bastelica,
2436 2381 60 16 sous

2017 2402 25 21 le
2053 2404 218 23 commandement
2280 2406 31 21 de
2320 2406 36 22 M.
2366 2408 31 20 de
2408 2408 90 22 Lama-

2018 2440 39 22 ge,
2077 2435 153 28 Lieutenant,
2252 2438 107 23 Colonel
2371 2440 26 22 &c
2412 2441 86 28 Briga-

2019 2469 61 21 dier.
2105 2470 35 22 M.
2161 2472 23 20 le
2205 2471 113 28 Marquis
2331 2474 31 21 de
2375 2474 120 27 Valence,

2018 2503 42 26 qui
2084 2504 90 22 restoit
2199 2510 64 22 pour
2288 2508 164 22 commander
2481 2508 15 22 à

2020 2535 137 28 Ghessoni,
2176 2537 14 22 à
2206 2539 24 21 la
2248 2540 51 20 tête
2310 2540 59 22 d’un
2382 2546 72 22 corps
2466 2542 30 21 de

2020 2576 44 22 500
2074 2571 120 26 hommes,
2207 2573 117 26 composé
2333 2574 32 21 de
2375 2574 119 22 différens

2019 2604 98 26 piquets
2142 2604 32 22 de
2196 2605 109 27 l’armée,
2331 2608 85 20 auroit
2437 2608 58 20 bien

2019 2637 74 21 voulu
2113 2642 40 16 me
2172 2639 96 21 retenir
2287 2640 92 26 auprès
2398 2641 32 20 de
2450 2641 44 21 lui.

2187 2694 11 26 (
2201 2693 148 29 Cuntinua)

2021 2791 97 21 Aiacciu
2127 2803 30 4 —
2168 2791 133 29 Stamparia
2313 2792 25 22 di
2353 2794 23 21 A
2387 2793 103 28 Muvra,

2021 2837 15 14 u
2049 2829 239 24 Diretlore-Gerente:
2298 2830 71 23 Peiru
2380 2831 111 24 ROCCA.

1246 2926 361 52 L’Almanaccu
1630 2925 51 51 di
1709 2926 43 50 A
1774 2926 217 52 MUVRA
2014 2944 92 52 per
2133 2928 130 52 1930

1022 3038 51 22 224
1083 3037 98 28 pagine,
1194 3036 50 22 150
1254 3036 172 22 illustrazione.

1025 3090 88 22 Puesie
1124 3096 15 15 e
1145 3089 95 22 articuli
1248 3088 24 22 di
1280 3088 9 22 i
1298 3088 129 27 principali

1023 3124 67 27 pueti
1103 3129 13 16 e
1127 3122 109 22 scrittori
1249 3121 128 23 dialettali.

1051 3176 10 22 I
1071 3174 216 28 mesi,estagione,
1296 3173 131 23 acronolo-

1022 3210 49 28 gia,
1078 3206 347 29 isanti,agricultura,raconti,

1023 3240 221 28 foie,stalbatoghj,
1254 3244 172 21 canzone,pru-

1023 3275 77 27 verbj,
1110 3275 70 24 detti,
1188 3273 160 25 induvinelle,
1356 3276 70 16 ecc...

1044 3326 162 22 Cunteneuna
1212 3322 213 26 StoriaPopulare

1023 3359 27 22 di
1064 3358 112 27 Corsica,
1188 3358 31 21 da
1231 3358 7 21 i
1251 3356 76 28 tempi
1341 3356 24 20 di
1378 3355 46 22 San

1023 3392 73 21 Pieru
1104 3391 104 26 Corsu,a
1218 3392 7 20 i
1234 3390 77 22 nostri
1318 3389 75 27 jorni,
1401 3389 24 21 di

1022 3425 30 21 P.
1065 3424 28 22 di
1102 3424 36 26 C.,
1146 3430 28 16 eu
1181 3422 167 23 illustrazione
1355 3426 14 16 e
1378 3427 46 17 car-

1022 3459 33 20 te.

1051 3514 89 21 Prezzu
1147 3520 6 16 :
1166 3514 48 21 8fr.

1051 3546 47 21 Per
1109 3546 73 22 Posta
1189 3553 6 15 :
1208 3546 16 21 9
1233 3546 31 21 fr.

1052 3579 95 22 Contru
1158 3579 123 21 rimborsu
1292 3584 6 15 :
1311 3576 33 21 10
1352 3576 31 22 fr.

1174 3623 103 27 Ajacciu

1070 3655 136 27 Stamparia
1218 3655 26 20 di
1257 3654 22 22 A
1291 3654 91 21 Muvra

1091 3687 29 28 38
1129 3687 81 22 Corsu
1220 3686 136 23 Grandval.

1023 3719 403 30 (Contupustale:Marseille45-82)
