2580 3852
49 428 150 55 Ride
236 442 85 32 un
358 427 224 58 possu!

329 531 23 20 A
364 530 103 22 Simonu
480 529 108 23 d’Aullè.

44 582 77 24 Qiitnu
133 575 55 22 voli
198 574 67 22 clïio
278 575 72 22 canti
361 573 38 23 ail
399 580 45 22 egr
445 580 73 16 amen
521 576 33 23 le,

44 609 89 35 Quand
135 615 17 16 u
163 609 40 21 tut
204 609 28 21 tu
244 609 106 27 suspira
363 614 14 15 a
391 607 27 22 lu
430 608 53 22 mib
497 608 66 25 latu,

42 642 109 34 Quandu
159 641 92 28 feghiu
265 642 130 21 attrlstiiu
407 642 32 21 ed
451 643 140 26 impotente

42 677 115 29 l'iiltimu
168 675 82 25 fornu
262 674 43 22 chi
315 675 24 20 si
350 680 38 16 ne
400 673 95 27 falatu,

42 714 19 25 R
70 710 73 30 porte
154 706 170 29 stanghittate
337 708 28 21 di
376 706 23 23 le
410 713 65 19 case,

43 748 25 25 R}
80 744 31 22 da
123 740 130 26 l'erbacce,
267 741 64 22 lutte
341 740 74 22 Porte
426 742 88 20 invase
523 740 11 21 ?

47 808 147 33 Uprolifieu
203 813 66 16 senti
282 808 28 21 di
321 806 121 23 Cirnella

45 848 25 23 Si
78 846 88 26 spossa
174 847 15 15 a
199 842 108 25 parturi
323 841 28 21 di
357 840 64 29 figli
429 841 105 28 ingrati
539 846 11 22 ;

45 878 131 27 Scapponu
189 874 36 21 d'i
235 874 39 21 so’
285 874 73 28 loghi
369 880 15 15 a
397 873 49 23 'ssa
456 873 50 29 prU
515 873 76 25 bella,

44 913 40 24 Ma
93 909 123 23 rivenenu
228 907 83 25 frnsti
323 914 13 15 e
347 908 135 27 maganati
489 914 11 20 ;

44 946 72 24 flanu
129 941 27 23 lu
167 941 36 21 so'
218 940 112 23 cerbellu
343 941 44 21 inc
388 946 33 16 an
423 941 73 22 chéri
496 942 38 24 tu,

44 976 64 27 Belle
118 974 57 28 flac
175 974 86 26 chine,
275 981 12 14 e
300 974 26 22 Ut
339 975 89 21 ventre
434 974 71 28 fami
506 976 56 20 lu...

43 1048 29 22 In
82 1042 77 24 cutal
166 1042 113 28 ghiente,
293 1048 15 15 a
320 1042 90 22 mania
418 1043 25 21 si
453 1043 98 25 riesce;

42 1078 67 25 Roba
121 1075 69 29 fal^a
199 1082 12 14 e
225 1075 30 22 di
265 1075 159 27 puchissima
435 1075 73 27 fede!

42 1113 20 24 R
71 1109 172 28 Mammapier
244 1114 15 16 a
271 1114 54 17 nun
333 1108 34 29 pò
375 1110 17 26 J
394 1108 15 21 à
422 1109 45 22 che
479 1114 84 16 cresce
569 1115 10 21 ;

41 1143 158 26 D'altronde,
210 1143 29 21 in
249 1143 62 26 ogni
320 1147 97 17 scornu
429 1144 69 26 pone
505 1142 73 28 pede.

45 1179 81 22 Cirnu
135 1177 10 20 l
157 1176 29 22 Si
197 1175 27 22 la
233 1175 34 22 to'
279 1175 76 23 Stella
363 1181 35 16 un
409 1177 25 20 si
443 1176 107 28 pisassi,

41 1210 97 29 Megliu
149 1209 107 22 sarebbe
267 1209 45 22 che
320 1211 30 20 tu
361 1209 189 29 sprujondassi
556 1209 11 21 !

44 1280 39 22 C'è
94 1279 67 22 certi
171 1276 213 30 mannignatiuli
395 1277 135 26 tremendi,

44 1314 48 22 Chi
103 1312 40 22 d'a
154 1312 37 22 mi
191 1312 69 22 séria
272 1317 98 16 cavanu
379 1312 115 27 prufittu
500 1317 11 21 ;

43 1347 81 23 Tantu
132 1346 51 28 più
194 1345 115 22 velenosi
319 1345 46 22 che
373 1343 50 30 piii
434 1344 103 29 grendi,

41 1379 93 25 Succhi
135 1380 126 27 a-sdngue
273 1379 59 22 d’un
346 1384 47 16 cor
391 1379 38 27 pu
446 1378 174 28 magru-fittu,

43 1414 112 23 Ghiustu
167 1413 63 22 boni
241 1412 35 21 da
287 1412 28 22 rè
327 1412 29 21 di
369 1411 71 23 Carn
443 1411 82 27 avale,

41 1449 42 22 Ma
94 1448 58 21 veri
160 1445 123 29 paladini
291 1446 28 22 di
331 1445 27 22 lu
370 1445 78 22 male.

44 1516 17 22 E
71 1514 171 26 Cursichella,
254 1514 26 21 in
290 1514 83 28 preda
384 1519 15 15 a
406 1514 171 28 sbarrafâini,

41 1550 78 27 Sen^a
129 1551 60 25 sape
201 1547 27 23 la
239 1547 36 22 so'
290 1547 129 22 mischina
429 1549 79 23 sorte,

40 1582 137 23 Anemiata
189 1582 28 21 di
227 1587 98 23 sangue
337 1587 13 15 e
362 1581 29 21 di
401 1581 130 28 cinquini,

41 1617 81 27 Soffre
133 1617 27 21 in
172 1614 109 23 l'ultimi
290 1615 106 27 strepiti
406 1614 43 22 d'a
459 1616 92 24 morte,

40 1650 98 23 Mentre
150 1649 43 22 chi
204 1648 144 23 Vamicacci
360 1649 30 21 in
401 1648 28 22 la
444 1648 136 28 bundan^a

41 1684 29 23 Si
80 1686 136 26 campanu,
226 1682 170 29 grattendusi
407 1681 27 23 la
442 1685 96 25 patina.

44 1753 55 22 Utia
108 1754 72 20 terra
192 1751 55 23 eusi
259 1750 194 29 privileggiata,

43 1787 84 21 Cumu
139 1786 50 22 D10
205 1785 33 21 ha
250 1785 106 22 vulsutu
364 1783 35 29 fà
412 1783 27 23 la
451 1785 100 23 nostra,

39 1819 40 23 Mi
89 1820 129 22 turmenta
231 1818 30 22 di
270 1817 87 23 vedela
368 1818 129 27 sjruttata

38 1854 42 21 Da
91 1853 45 21 chi
147 1858 53 16 mer
200 1853 28 21 ta
240 1850 96 23 Vonori
348 1851 28 21 di
387 1850 26 22 la
425 1851 116 21 chiostra
549 1856 11 20 ;

39 1886 110 22 Intantu
159 1886 171 27 s'innagrisce
342 1884 27 22 la
380 1884 52 22 miô
444 1890 84 19 musa,

39 1919 39 22 Ed
89 1925 16 15 a
117 1919 58 22 ride
186 1919 29 21 di
225 1924 60 16 core
293 1919 25 21 si
327 1919 28 21 ri
354 1923 47 16 eus
400 1924 25 15 a.

44 1987 182 29 Quantunque,
235 1986 158 25 amicu,nun
405 1985 23 21 ti
439 1983 156 27 maladiscu,

43 2021 29 22 Se
83 2022 29 21 tu
123 2020 56 22 ridi
187 2026 15 15 a
211 2021 125 27 span^era
350 2024 13 16 0
370 2018 62 28 jo,ci
441 2017 72 23 ride!

41 2055 22 21 A
75 2054 37 23 to’
122 2055 66 24 risa,
198 2054 26 20 si
235 2052 60 22 bene
307 2052 25 22 la
344 2052 106 27 capiscu

41 2089 86 21 Piatta
140 2088 64 21 certi
214 2092 14 16 s
227 2086 109 29 pin^oni
348 2086 33 21 da
392 2085 90 22 uccide
489 2085 9 21 !

42 2121 100 29 Quand!
144 2127 52 16 una
203 2125 79 17 manu
292 2125 44 16 axe
336 2125 87 22 cirera
437 2124 14 16 o
463 2117 98 25 rillica,

44 2154 162 30 QuilTultra,
219 2154 72 21 sottu
302 2154 81 24 sottu,
396 2151 29 22 bè
433 2152 131 28 pi^ica...

42 2224 36 21 Or
86 2223 107 29 pUfca,
207 2228 15 16 o
235 2220 80 27 Simb,
333 2220 68 23 tanti
412 2219 109 29 sgaiuffi
527 2220 9 20 !

37 2256 73 23 Dalli
117 2257 66 21 certi
192 2255 113 29 pifâichi
316 2253 168 25 atturcinati,

42 2289 94 24 Ch'ellï
146 2289 128 29 mughjnu
286 2295 13 14 e
302 2287 121 30 jerminu
435 2285 134 23 innalbati
575 2286 9 21 !

44 2324 37 23 Ü11
93 2330 32 16 ne
136 2329 91 17 manca
243 2322 33 22 da
289 2321 42 23 chi
343 2322 30 21 tu
388 2326 15 15 a
415 2319 115 30 l'iwçuffi
535 2326 11 20 ;

43 2358 37 21 Or
85 2357 75 28 femu
173 2355 91 24 ch’ella
275 2361 79 17 nasca
366 2353 26 23 la
403 2353 139 26 scialbata,

40 2391 39 22 Ed
89 2392 29 21 in
132 2391 72 22 listes
205 2396 33 16 su
251 2391 85 26 tempu
348 2394 52 16 una
414 2389 114 20 risata...

45 2460 32 21 Ci
77 2459 14 22 b
104 2460 65 22 ch'ib
182 2464 55 17 nun
247 2460 82 26 possu
340 2463 53 16 nun
406 2457 39 21 mi
453 2454 129 29 cunsiglià
590 2461 11 20 ;

45 2493 39 22 Un
96 2492 84 28 hoglie
190 2492 46 22 chi
247 2490 27 24 lu
281 2490 75 29 jallu
363 2490 91 28 faccia
466 2488 80 23 Vove!

42 2526 21 22 E
74 2526 74 22 Muse
156 2532 54 17 nun
218 2526 24 22 si
253 2527 72 27 ponu
338 2522 179 29 assummiglià
528 2528 8 16 :

43 2560 45 22 Sai
99 2560 68 22 ch'in
181 2559 58 23 Elic
241 2564 32 17 on
276 2565 16 16 a
304 2559 25 21 ci
340 2557 40 22 rìe
390 2563 67 16 nove
465 2563 11 20 ;

45 2593 31 22 Sb
88 2593 104 27 surelle,
205 2599 43 15 ma
260 2593 65 22 tutte
338 2591 139 28 differenti,

42 2630 22 21 A
76 2629 127 29 chi-piace
215 2628 27 22 la
251 2629 63 26 risa,
327 2634 16 15 a
354 2626 44 23 chi
406 2625 23 23 li
438 2625 115 29 pienti...

378 2677 30 21 Ce.
422 2676 28 22 di
461 2676 27 22 la
500 2675 100 22 G-rotta.

712 425 92 25 S’era
815 426 101 26 Puetu

683 492 36 18 OUI
730 494 49 17 s’era
786 495 61 21 puetu
855 500 22 12 eo

681 516 57 23 Eppo’
746 519 45 21 sapé
798 519 112 21 impruvisà,

682 541 40 19 Una
731 547 90 17 cauzona,
831 548 11 12 a
853 545 39 16 miò
903 548 52 17 cara,

681 566 17 18 A
708 568 18 17 te
735 567 14 17 U
762 567 54 18 vulia
828 567 26 23 fà,

682 591 14 17 E
707 596 34 18 per
752 597 123 18 messaggeru
886 594 70 17 Amore

682 616 25 18 La
716 617 14 18 li
740 618 52 18 vulia
800 619 75 18 manüà.

682 683 26 18 Fà
718 685 53 17 vulia
778 686 29 16 sta
816 689 89 18 canzona,

681 708 86 19 Scrivela
772 710 125 19 d'inchiostru
903 716 62 15 rossu,

681 733 57 19 Tutta
745 734 21 18 di
774 736 31 16 stu
813 739 73 19 sangue
897 740 71 14 umanu

682 758 54 19 Ch’io
741 759 226 23 micacceriad’addossu,

681 783 72 19 Perché
760 789 56 13 senza
825 786 25 20 te,
857 790 12 13 0
875 786 57 20 heJJa,

681 807 26 18 Eo
715 809 33 22 più
757 814 65 17 campa
830 815 42 13 nun
879 815 65 17 possu.

683 876 15 17 0
706 882 51 17 cara,
767 882 24 13 ne
799 877 17 18 si
825 877 34 22 più
867 878 49 18 bella

683 900 39 20 Che
731 902 18 18 le
757 902 32 21 più
798 902 75 19 lucenti
881 903 63 21 stelle,

684 926 26 17 Tu
719 931 26 13 ne
752 926 29 18 sei
791 927 19 17 la
821 928 68 22 regina

683 951 22 17 Di
714 952 51 17 tutte
773 953 30 17 ste
810 953 124 20 cursichelle,

683 976 26 17 La
715 977 55 17 ninfa
777 976 27 18 d’i
812 978 62 17 nostri
883 977 73 22 boschi,

684 1001 16 18 U
708 1002 48 18 fiore
764 1002 21 18 di
792 1002 19 18 le
819 1002 71 19 zitelle.

684 1068 15 19 0
707 1074 50 17 cara,
765 1070 15 18 li
789 1070 25 18 to’
824 1070 99 24 hell’occbj

684 1094 45 19 Cusi
738 1095 43 18 neri
789 1100 10 13 e
807 1096 90 21 prufondi
905 1096 5 18 !

685 1119 14 18 0
707 1125 50 16 cara,
765 1121 19 17 la
793 1121 24 17 to’
825 1121 109 19 buccuecia,

685 1144 14 18 E
707 1145 14 18 li
730 1146 25 17 to’
763 1146 70 21 capelli
840 1146 64 19 biondi
911 1146 5 18 !
927 1159 12 6 ..

684 1170 28 18 Tu
720 1175 25 13 ne
754 1170 87 18 risembri
848 1172 19 17 la
873 1172 39 17 fala

685 1195 22 17 Di
714 1196 108 18 l’incantati
831 1197 108 22 suggiorni.

685 1261 59 19 Came
751 1262 19 18 la
779 1262 24 18 to’
812 1266 48 14 voce
871 1262 11 18 è
890 1262 53 19 dolce
951 1262 5 18 !

685 1287 60 19 Cume
753 1288 18 17 la
781 1288 24 17 to’
818 1292 58 14 manu
884 1287 11 19 è
903 1287 40 19 fine
951 1287 5 18 !

684 1312 138 22 Andemucine,
832 1313 20 18 la
860 1313 38 18 miô
905 1317 51 16 cara,

685 1337 34 19 ’Nu
728 1338 19 18 le
757 1337 91 19 ’Meriche
855 1339 103 21 Argentine

684 1364 17 17 A
708 1364 60 22 piattà
773 1364 21 17 lu
802 1364 123 18 nostr’amore

685 1388 34 19 ’Nu
729 1389 18 18 le
753 1393 77 19 pampas
842 1393 56 15 senza
909 1389 48 18 fine.

685 1456 27 19 Tu
722 1457 18 18 si
749 1457 53 18 tutlu
811 1456 20 18 lu
844 1457 32 18 mi’
887 1461 71 16 amore,

687 1481 19 18 Si
716 1483 52 17 tuttu
776 1482 20 17 lu
806 1481 38 18 miò
853 1482 92 17 universu
953 1486 6 17 ;

685 1506 60 19 Senza
753 1509 26 19 te,
788 1512 12 12 o
808 1507 19 17 la
836 1507 38 18 miô
885 1511 50 17 cara,

686 1531 26 19 Eo
720 1532 51 18 saria
779 1537 27 13 un
814 1536 46 14 omu
871 1536 64 18 persu,

663 1557 149 23 Sempr’errente
818 1558 77 21 per’ssu
900 1557 70 18 mondu

686 1583 16 17 A
709 1583 53 18 eircà
769 1583 21 17 lu
799 1582 50 18 fiore
857 1583 86 18 schersu.

686 1651 16 17 A
710 1652 21 17 te
738 1651 48 21 sola,
794 1651 19 17 la
824 1651 39 18 mio
874 1655 51 16 cara,

687 1676 25 18 Eo
721 1676 18 18 ci
747 1680 61 18 pensu
819 1675 57 23 jornu
885 1680 11 14 e
903 1676 56 17 notte
964 1680 5 17 ;

687 1701 27 18 Tu
723 1701 17 18 si
747 1701 84 22 l’agnula
838 1701 89 17 ch’adoru

687 1726 36 18 Fra
731 1727 50 17 tutte
789 1727 19 16 le
818 1726 118 22 giuvanoüe,

688 1751 14 18 E
709 1756 36 18 per
751 1751 110 18 staecammi
869 1752 23 16 da
900 1752 26 20 te,

688 1776 28 19 Un
725 1777 18 17 ci
750 1781 44 13 sera
802 1776 37 18 che
847 1777 18 18 la
874 1777 67 17 morte.

687 1843 50 19 Eceu
745 1844 31 18 cio
784 1844 51 17 ch’io
846 1844 70 18 diceria

688 1868 38 19 S’io
734 1869 53 22 sapia
796 1869 18 17 fà
821 1869 20 18 le
849 1873 88 17 canzone,

688 1893 24 19 Sò
721 1894 73 21 sicuru,
804 1895 18 16 la
831 1895 39 17 miô
880 1899 49 16 cara,

689 1917 246 20 Cb’avemsuddisfazione
941 1924 6 13 :

688 1944 76 18 L’aeelli
772 1945 47 16 fanu
826 1944 15 17 li
850 1944 48 21 nidi,

689 1968 97 19 Fundemu
794 1973 14 12 u
816 1970 67 17 nostru
891 1968 81 18 fucone!

845 2010 26 19 D.
879 2010 71 19 Paoli.

667 2113 25 21 A
701 2113 84 22 Rocca
796 2112 28 22 di
831 2113 143 21 Mammone

666 2181 80 21 Quandu
749 2180 61 22 jungu
814 2180 44 19 ’nde
863 2184 110 17 mammone,

691 2206 52 23 Vegu
752 2206 18 17 la
778 2206 29 17 so’
816 2205 50 18 tinta
874 2210 64 16 rocca;

689 2230 45 19 L’ha
738 2234 62 14 messa
805 2230 53 19 ’n’un
863 2232 110 20 catagnone,

690 2255 14 18 E
711 2256 61 22 dipoi,
780 2255 54 18 nimu
843 2255 18 18 la
869 2257 61 16 tocca.

780 2312 14 17 A
805 2311 58 18 Rocca

690 2348 30 18 Ah
727 2348 6 18 !
742 2348 20 18 ia
772 2349 65 20 tempu
848 2348 56 17 d’una
916 2347 58 21 volta,

689 2374 16 17 A
714 2373 118 23 qualcusella
841 2373 63 18 servla
911 2377 6 16 ;

690 2398 41 19 Avà
739 2398 22 18 sò
769 2403 11 13 a
788 2398 19 18 la
815 2398 82 18 malavia

691 2423 46 19 Incu
746 2425 32 16 stu
787 2423 61 18 fondu
856 2423 20 18 di
887 2423 66 22 sporta
959 2421 6 18 !

692 2479 51 23 Sola,
752 2480 69 21 pîengu
831 2479 19 18 la
858 2479 35 18 me’
905 2479 49 18 sorti
960 2483 5 17 ;

692 2504 81 24 Sempri,
782 2506 24 16 da
814 2505 72 18 matina
893 2509 10 13 a
912 2508 43 14 sera

691 2529 75 24 ’Spettu
774 2530 46 17 l’ora
828 2530 32 17 d’a
867 2530 35 17 me’
911 2529 65 18 morti.

693 2585 51 19 Calzi
752 2586 21 18 in
778 2586 73 17 setaùn
856 2585 44 22 îeci,
907 2589 11 14 e
924 2588 52 18 vera;

693 2611 31 18 Ma
731 2611 59 18 robba
798 2614 63 15 messa
869 2611 24 17 da
900 2611 65 19 cantu,

693 2635 80 23 I^’aghiu
784 2636 51 17 fattu
850 2636 56 17 t&nt’e
915 2633 61 19 tanlu!

781 2676 24 18 F.
814 2676 141 19 Mondoloni.

1348 104 261 51 Mémoires

1122 186 52 46 du
1197 186 46 45 R.
1261 184 43 46 P.
1329 183 46 47 de
1399 182 217 59 Singlande,
1642 180 205 47 Aumônier

1162 250 210 34 (Spediseione
1389 249 32 24 di
1439 248 180 25 Maillebois
1637 245 167 34 1738-1741)

1408 318 48 30 (Se
1453 316 57 34 gui
1512 317 44 28 tu)

1028 380 37 21 De
1078 382 65 20 sorte
1156 380 74 27 qu’on
1244 385 31 15 ne
1287 378 105 28 pouvoit
1408 377 63 22 s’ex-

1001 418 75 22 poser
1086 413 61 21 dans
1159 419 40 15 ces
1211 412 123 27 quartiers
1349 410 31 21 de
1395 409 74 26 l’Isle,

1001 452 57 15 sans
1080 446 31 21 de
1134 446 106 27 grandes
1263 443 164 28 précautions,
1449 442 22 22 &

1001 484 57 15 sans
1069 479 52 21 être
1133 478 68 22 muni
1213 478 31 21 de
1257 477 95 21 bonnes
1364 477 107 20 escortes

1001 512 72 26 qu’on
1087 511 63 22 étoit
1166 511 85 27 obligé
1267 510 145 22 d’attendre.
1426 510 46 21 Les

1000 544 55 26 plus
1077 543 151 21 déterminés
1252 544 30 20 de
1305 549 41 15 ces
1369 543 103 26 coquins

1001 575 113 23 étoient:
1133 576 107 26 Qui.lio,
1253 575 120 28 Vergilio,
1393 574 80 22 Mora-

1001 609 68 28 quini
1082 609 22 21 &
1116 608 73 23 Carie
1201 608 104 23 Felicio.
1320 608 34 22 M.
1367 608 30 21 de
1409 607 65 23 Con-

1001 643 67 21 tades
1081 642 27 21 fit
1120 642 107 26 prendre
1238 641 23 21 &
1272 644 90 19 mettre
1375 641 61 22 dans
1450 642 23 20 la

1001 676 85 26 prison
1099 675 31 21 de
1142 675 85 25 Corte,
1243 674 23 21 la
1278 675 88 21 femme
1377 673 31 21 de
1421 674 52 21 Mo-

1001 708 106 27 raquini,
1126 708 63 21 mais
1202 713 32 16 on
1248 707 36 21 fut
1295 706 83 28 obligé
1390 706 30 21 de
1434 706 39 22 l’é-

1000 741 75 27 largir
1083 746 29 16 au
1122 741 61 21 bout
1191 740 30 22 de
1230 741 120 26 quelques
1357 740 78 26 jours.
1443 740 30 20 Le

1001 774 60 21 mari
1073 774 31 21 de
1116 775 65 20 cette
1193 773 91 22 femme
1293 773 71 21 avoit
1375 772 43 21 fait
1425 772 50 27 pri-

1001 807 102 21 sonnier
1120 812 32 16 un
1169 806 105 27 Sergent
1285 806 21 21 &
1319 811 32 16 un
1364 804 110 23 Commis

1000 840 44 21 des
1055 839 86 21 vivres
1151 846 7 19 ;
1177 839 19 21 il
1214 839 54 21 leur
1285 838 94 28 promit
1389 838 22 20 la
1422 838 50 25 vie,

1001 873 20 21 si
1041 878 32 16 on
1094 871 36 22 lui
1154 871 129 22 remettoit
1305 877 45 16 son
1373 870 100 27 épouse,

1001 906 62 22 mais
1075 904 190 28 qu’autrement,
1286 906 30 21 ils
1328 904 115 22 auroient
1451 905 23 20 le

1000 941 53 20 sort
1064 939 30 21 de
1106 938 67 22 deux
1185 938 92 22 soldats
1289 938 22 22 &
1323 938 57 21 d’un
1399 938 75 20 mule-

1000 972 49 22 tier
1068 971 41 28 qui
1129 971 123 22 venoient
1268 971 77 22 d’être
1362 969 111 29 égorgés.

1003 1005 33 22 M.
1047 1005 30 21 de
1090 1004 126 22 Contades
1225 1004 79 22 averti
1314 1009 45 22 par
1367 1009 28 15 ce
1404 1002 71 24 Com-

1003 1038 56 26 mis,
1073 1038 30 21 de
1115 1038 24 21 la
1149 1037 100 22 funeste
1260 1035 132 24 extrémité
1412 1036 31 22 où
1457 1037 17 21 il

1002 1077 26 16 se
1041 1071 122 25 trouvoit,
1177 1070 98 22 relâcha
1295 1072 24 20 la
1339 1069 90 22 femme
1444 1070 31 21 de

1003 1104 149 28 Moraquini,
1165 1103 41 28 qui
1219 1103 31 21 de
1262 1109 45 17 son
1321 1102 53 23 côté
1389 1102 47 23 tint
1448 1109 26 16 sa

1002 1139 93 28 parole,
1107 1137 23 22 &
1141 1142 111 23 renvoya
1264 1142 38 16 ses
1311 1137 162 27 prisonniers.

1030 1171 40 23 Un
1091 1170 137 28 Capitaine-
1245 1170 32 21 du
1297 1169 132 28 Régiment
1445 1170 30 21 de

1002 1205 104 22 Flandre
1118 1205 43 21 eût
1174 1204 74 21 envie
1259 1204 86 21 d’aller
1356 1202 13 22 à
1377 1203 23 21 la
1409 1203 67 21 chas-

1002 1244 26 15 se
1038 1244 5 14 :
1063 1237 19 21 il
1098 1237 77 26 partit
1194 1241 63 22 pour
1268 1239 39 19 cet
1319 1235 55 22 effet
1385 1235 30 21 de
1427 1235 47 22 San

1003 1271 120 21 Fiorenzo
1131 1275 62 16 avec
1200 1275 31 15 un
1241 1270 82 21 soldat
1330 1269 31 21 de
1370 1274 26 16 sa
1404 1268 71 23 Com-

1003 1304 99 28 pagnie,
1122 1304 43 27 qui
1183 1302 64 22 étoit
1266 1301 122 23 cantonné
1398 1301 12 22 à
1422 1303 53 21 Bel-

1002 1338 93 28 godere
1107 1342 32 16 en
1154 1337 118 27 Balagne.
1286 1336 45 21 Les
1348 1335 84 22 chiens
1445 1336 30 21 de

1003 1377 27 16 ce
1050 1369 163 23 malheureux
1230 1368 103 23 Officier
1351 1369 125 22 revinrent

1003 1405 59 22 bien
1082 1403 13 22 à
1115 1404 24 21 la
1159 1403 68 22 Ville
1238 1409 6 19 ;
1262 1403 64 22 mais
1344 1402 33 22 lui
1396 1401 21 22 &
1430 1408 45 16 son

1003 1438 81 22 soldat
1103 1442 32 16 ne
1155 1438 147 26 reparurent
1320 1435 94 28 jamais.
1436 1436 40 22 On

1004 1476 97 23 envoya
1125 1470 158 22 inutilement
1306 1475 33 15 un
1365 1468 112 23 détache-

1004 1506 76 23 ment,
1089 1508 62 23 pour
1159 1503 100 28 sçavoir
1267 1508 27 17 ce
1303 1502 73 28 qu’iis
1385 1502 92 23 étoient

1003 1539 122 21 devenus.
1146 1537 31 22 Le
1192 1535 173 23 détachement
1383 1542 31 15 ne
1433 1538 44 26 put

1004 1577 29 16 en
1052 1573 119 25 apporter
1189 1576 96 16 aucune
1303 1570 128 26 nouvelle,
1449 1575 27 16 ce

1004 1604 43 28 qui
1058 1604 27 21 fit
1094 1603 73 28 juger
1178 1602 73 28 qu’ils
1263 1603 102 22 avoient
1375 1604 56 21 tous
1441 1603 36 22 les

1004 1638 67 21 deux
1081 1635 41 23 été
1131 1635 146 23 assassinés.

1032 1669 96 28 Malgré
1146 1672 39 20 cet
1204 1669 120 26 accident,
1343 1669 135 23 Messieurs

1004 1706 37 20 les
1062 1703 116 22 Officiers
1196 1703 31 21 de
1245 1702 79 22 Bearn
1342 1702 136 23 résolurent

1005 1743 49 16 une
1064 1736 81 28 partie
1157 1737 31 21 de
1202 1736 88 22 chasse
1308 1741 64 23 pour
1386 1742 31 16 un
1436 1736 42 22 Di-

1006 1770 112 25 manche,
1131 1770 22 22 &
1164 1776 40 16 me
1215 1770 74 22 firent
1299 1771 68 27 prier
1378 1770 30 21 de
1420 1776 59 16 vou-

1005 1805 49 22 loir
1062 1804 60 22 "bien
1135 1804 54 22 dire
1201 1803 13 22 à
1226 1804 41 21 six
1278 1804 88 21 heures
1381 1803 31 22 du
1428 1809 51 16 ma-

1007 1839 38 21 tin
1066 1843 39 16 ma
1126 1836 92 26 Messe,
1241 1842 47 22 que
1304 1837 27 28 je
1350 1842 31 16 ne
1401 1836 78 23 disois

1007 1870 199 23 ordinairement
1225 1869 56 28 qu’à
1300 1870 52 26 dix,
1376 1875 64 22 pour
1456 1871 23 21 la

1007 1903 151 23 commodité
1168 1904 32 21 de
1211 1904 25 21 la
1246 1905 100 26 troupe.
1358 1902 122 28 Jen’étois

1006 1939 137 20 nullement
1162 1937 107 22 satisfait
1288 1938 32 20 de
1338 1939 39 19 cet
1391 1938 87 25 ordre;

1007 1970 62 23 mais
1086 1970 38 21 les
1141 1969 94 28 prières
1247 1969 31 22 de
1290 1975 41 16 ces
1344 1969 135 23 Messieurs

1007 2005 65 24 sont,
1092 2002 63 23 dans
1177 2008 42 16 ces
1240 2003 191 26 circonstances,
1450 2004 30 21 de

1008 2036 134 22 véritables
1162 2036 87 22 ordres
1266 2042 64 21 pour
1346 2042 32 15 un
1391 2036 90 22 Aumô-

1006 2070 55 22 nier
1080 2069 42 28 qui
1137 2076 32 15 ne
1189 2071 61 20 veut
1270 2075 43 22 pas
1325 2075 26 15 se
1364 2070 117 22 brouiller

1007 2108 61 17 avec
1086 2108 49 16 eux
1144 2109 7 16 :
1172 2102 125 22 d’ailleurs
1315 2102 26 28 je
1359 2102 122 29 craignois

1008 2136 59 27 qu’il
1086 2141 31 16 ne
1132 2137 55 20 leur
1204 2135 92 22 arrivât
1307 2136 103 27 quelque
1422 2138 60 20 mal-

1007 2170 72 25 heur,
1096 2174 29 16 ce
1144 2169 42 27 qui
1204 2168 88 22 n’étoit
1311 2175 47 21 que
1369 2171 56 26 trop
1435 2169 47 22 fré-

1007 2205 86 26 quent,
1114 2202 137 28 l’exemple
1268 2203 30 21 du
1313 2202 128 28 Capitaine
1451 2203 31 22 de

1008 2236 105 22 Flandre
1132 2243 41 15 me
1193 2236 85 22 faisoit
1293 2237 118 21 trembler
1421 2242 62 22 pour

1008 2276 58 16 eux.
1085 2269 146 28 Cependant
1240 2270 26 26 je
1278 2270 30 22 fis
1320 2270 122 22 semblant
1452 2271 31 21 de

1009 2310 40 16 me
1068 2303 92 22 rendre
1179 2303 14 21 à
1213 2303 67 21 leurs
1291 2303 80 22 désirs
1382 2309 7 15 :
1407 2304 26 26 je
1442 2309 41 16 me

1009 2336 98 23 trouvai
1127 2336 14 22 à
1159 2336 93 22 l’heure
1265 2336 73 28 qu’ils
1350 2336 134 23 m’avoient

1000 2368 133 29 'marquée.
1148 2370 86 21 Avant
1245 2369 30 22 de
1286 2370 107 28 prendre
1400 2370 37 22 les
1444 2376 39 16 or-

1009 2408 112 20 nemens,
1139 2403 26 28 je
1185 2404 55 21 leur
1258 2403 130 22 demandai
1403 2405 81 26 quelle

1010 2436 82 22 Messe
1105 2436 30 22 ils
1148 2436 148 22 vouloient:
1311 2436 30 22 ils
1350 2442 39 16 me
1397 2436 87 28 répon-

1010 2470 84 22 dirent
1104 2476 6 16 :
1125 2476 50 16 une
1194 2469 85 23 Messe
1297 2471 31 21 de
1349 2470 134 23 chasseurs.

1009 2504 29 27 Je
1050 2509 38 16 me
1100 2505 49 20 mis
1161 2509 30 16 en
1204 2503 171 28 conséquence
1387 2503 12 22 à
1413 2504 72 22 feuil-

1010 2539 65 20 leter
1093 2542 54 17 mes
1165 2537 87 25 livres,
1273 2542 98 17 comme
1389 2543 62 21 pour
1462 2538 23 21 la

1011 2569 135 23 chercher:
1159 2569 85 28 j’étois
1255 2569 61 23 bien
1327 2570 41 22 sûr
1380 2571 29 20 de
1421 2577 31 15 ne
1463 2571 21 21 la

1011 2603 73 28 point
1095 2604 112 25 trouver,
1222 2602 64 22 mais
1295 2603 28 27 je
1333 2603 105 27 gagnois
1454 2604 31 21 du

1010 2639 92 24 temps,
1114 2635 24 23 &
1149 2635 61 23 c’est
1221 2638 56 20 tout
1287 2642 30 16 ce
1328 2641 47 22 que
1385 2636 25 27 je
1428 2642 58 16 sou-

1011 2670 102 23 haitois.
1133 2670 82 29 Après
1226 2671 72 21 avoir
1310 2669 104 23 cherché
1427 2675 60 22 pen-

1499 377 58 21 dant
1575 383 48 16 une
1644 377 163 25 demi-heure,
1827 376 25 27 je
1864 377 53 21 leur
1928 376 42 22 dé-

1499 411 70 21 clarai
1579 410 65 22 enfin
1653 416 48 21 que
1709 411 24 27 je
1740 416 30 15 ne
1777 410 114 22 trouvois
1898 410 72 27 point

1499 445 21 20 la
1541 443 83 22 Messe
1644 443 60 27 qu’il
1727 444 53 21 leur
1800 443 87 26 falloit,
1905 443 22 22 &
1945 444 25 27 je

1499 477 53 20 leur
1563 476 130 22 demandai
1707 477 80 27 quelle
1805 478 69 20 autre
1890 477 82 21 Messe

1499 510 30 20 ils
1541 509 152 22 vouloient?
1710 510 23 20 la
1754 510 54 26 plus
1823 511 92 24 courte,
1932 515 39 15 me

1499 542 134 24 dirent-ils,
1643 543 38 19 est
1688 541 23 21 la
1721 541 138 21 meilleure.
1869 541 47 21 Sur
1922 543 51 19 cet-

1499 576 25 19 te
1535 573 107 29 réponse
1651 573 25 28 je
1689 574 143 25 m’habillai,
1842 574 22 21 &
1873 574 23 28 je
1907 580 66 16 com-

1499 608 95 28 mençai
1607 608 22 20 la
1642 607 90 22 Messe.
1746 607 81 27 Après
1838 607 136 28 l’Evangile

1499 641 24 27 je
1537 640 31 22 fis
1582 646 48 16 une
1641 641 95 26 longue
1748 640 153 27 explication
1911 647 7 15 :
1932 647 42 15 en-

1499 674 33 21 fin
1549 673 25 27 je
1593 679 55 22 sçus
1661 673 20 21 si
1695 673 58 22 bien
1763 673 95 23 traîner
1868 675 36 20 les
1915 674 59 22 cho-

1500 712 49 19 ses,
1560 712 47 21 que
1617 706 25 27 je
1655 706 59 21 vins
1726 712 28 15 au
1767 706 42 21 but
1822 711 48 22 que
1879 706 25 28 je
1916 706 58 22 m’é-

1499 739 51 22 tois
1561 738 106 29 proposé
1679 739 31 22 de
1722 739 61 22 faire
1795 745 120 22 manquer
1921 740 54 21 leur

1500 772 79 28 partie
1590 778 6 16 :
1609 778 49 20 car,
1672 772 81 27 quand
1764 774 55 20 tout
1831 772 37 22 fut
1883 773 55 25 fini,
1951 773 24 21 la

1500 805 100 22 chaleur
1610 805 61 21 étoit
1682 804 55 28 déjà
1748 805 20 22 si
1781 806 100 26 grande,
1894 811 47 22 que
1951 807 23 20 la

1500 838 85 22 chasse
1597 837 87 23 n’étoit
1695 839 55 26 plus
1764 839 154 21 soutenable.

1528 872 39 20 Au
1591 871 74 21 sortir
1687 870 32 22 de
1742 870 108 28 l’Eglise,
1873 872 25 26 je
1921 872 55 21 leur

1501 905 89 21 avouai
1608 904 31 21 de
1660 904 83 21 bonne
1761 903 35 22 foi
1809 909 63 21 pour
1882 905 93 26 quelles

1499 937 98 22 raisons
1605 936 92 28 j’avois
1708 936 85 22 affecté
1801 936 76 23 d’être
1885 938 21 20 si
1915 939 60 26 long

1500 970 14 22 à
1526 976 39 16 me
1579 969 126 28 préparer,
1715 970 22 21 &
1746 969 13 22 à
1768 970 54 21 dire
1830 975 38 17 ma
1882 970 91 22 Messe.

1501 1003 34 22 Ils
1555 1010 39 15 me
1613 1004 86 20 dirent
1718 1003 71 27 qu’ils
1810 1002 51 22 s'en
1882 1002 94 23 étoient

1501 1037 60 21 bien
1573 1035 72 27 défié,
1658 1035 23 22 &
1691 1042 32 16 ne
1735 1036 73 22 firent
1820 1041 48 22 que
1883 1036 48 22 rire
1945 1036 30 22 de

1500 1075 59 16 mon
1572 1070 118 21 innocent
1701 1069 101 22 artifice.

1529 1102 21 22 Il
1560 1109 18 22 y
1589 1103 41 21 eût
1641 1102 60 21 dans
1713 1104 65 19 cette
1789 1103 81 25 partie
1881 1103 30 21 de
1923 1102 52 22 l’Is-

1501 1137 24 20 le
1536 1142 48 15 une
1596 1135 92 28 grande
1701 1134 110 28 quantité
1821 1135 30 22 de
1860 1135 116 22 maladies

1501 1169 41 27 qui
1555 1168 169 28 emportèrent
1737 1169 128 27 beaucoup
1885 1169 30 21 de
1929 1169 48 21 sol-

1502 1202 65 25 dats,
1587 1203 97 20 surtout
1704 1202 30 21 de
1752 1207 64 15 ceux
1830 1202 40 27 qui
1882 1201 96 22 étoient

1501 1235 30 21 de
1542 1235 118 21 nouvelle
1671 1240 88 16 recrue
1768 1241 7 19 ;
1796 1240 41 15 ces
1856 1235 121 21 maladies

1501 1267 98 22 étoient
1618 1266 176 23 occasionnées
1816 1273 44 21 par
1878 1267 65 26 l’air,
1955 1266 22 22 &

1501 1302 24 21 le
1534 1301 94 22 terroir
1638 1301 42 27 qui
1693 1302 39 20 est
1743 1300 50 22 très
1804 1301 114 25 malsain,
1935 1306 43 22 par

1502 1336 23 20 la
1535 1336 55 25 trop
1601 1334 92 28 grande
1706 1333 111 28 quantité
1828 1334 69 22 d’eau
1909 1334 68 27 vive,

1502 1368 22 21 &
1534 1369 110 21 sortante
1656 1367 44 21 des
1710 1367 111 26 rochers,
1833 1367 72 28 qu’on
1915 1367 64 23 étoit

1502 1400 84 29 obligé
1598 1400 31 21 de
1637 1400 80 27 boire,
1726 1400 66 22 faute
1800 1400 31 21 de
1842 1401 51 26 vin,
1903 1400 23 22 &
1934 1407 45 21 par

1502 1435 37 21 les
1551 1433 143 22 méchantes
1705 1434 98 21 racines
1820 1434 73 27 qu’on
1910 1437 69 19 trou-

1502 1467 54 22 voit
1566 1468 62 21 dans
1638 1467 38 21 les
1687 1467 110 27 champs,
1810 1466 23 22 &
1845 1468 50 27 qui,
1911 1474 66 15 man-

1502 1500 60 29 gées
1582 1506 31 16 en
1634 1502 56 25 trop
1710 1500 93 28 grande
1824 1501 153 26 abondance,

1503 1534 128 22 causoient
1650 1533 45 21 des
1713 1533 168 28 indigestions
1899 1533 23 22 &
1936 1534 44 22 des

1503 1567 96 22 diarées
1610 1567 107 27 longues
1729 1567 22 21 &
1762 1567 178 27 dangereuses.

1531 1601 32 22 Le
1575 1606 108 23 pourpre
1695 1600 28 22 fit
1734 1601 67 21 aussi
1815 1602 120 27 quelques
1943 1607 36 16 ra-

1504 1640 78 22 vages
1590 1642 6 14 :
1616 1634 18 22 il
1646 1635 88 21 enleva
1747 1640 32 16 un
1790 1634 148 22 Lieutenant
1950 1635 31 21 de

1505 1668 78 22 Bearn
1593 1674 5 20 ;
1612 1668 24 28 je
1648 1668 92 22 venois
1751 1668 31 21 de
1794 1667 63 23 faire
1874 1674 41 16 ses
1923 1682 5 4 -
1938 1669 43 20 ob-

1504 1701 90 27 sèques
1606 1701 61 22 dans
1678 1700 102 29 l’Eglise
1792 1701 44 21 des
1855 1701 124 26 Récolets,

1504 1734 127 28 lorsqu’on
1642 1740 40 15 me
1695 1735 74 21 remit
1781 1740 49 16 une
1841 1736 82 25 lettre,
1938 1741 43 20 par

1504 1769 106 25 laquelle
1623 1767 34 22 M.
1667 1768 23 21 le
1701 1767 183 23 Commandant
1892 1769 33 21 du
1934 1768 48 22 Ré-

1504 1802 96 27 giment
1611 1800 115 27 d’Aunis,
1739 1802 66 21 alors
1817 1807 58 16 sans
1888 1801 94 22 Aumô-

1505 1835 62 26 nier,
1590 1840 40 16 nie
1649 1834 76 27 prioit
1744 1835 31 21 de
1795 1840 40 16 me
1850 1835 89 22 rendre
1952 1841 30 15 au

1507 1873 70 22 camp
1596 1868 31 21 de
1638 1866 160 29 Campoloro,
1823 1868 33 21 où
1876 1874 105 21 presque

1506 1904 55 21 tout
1581 1903 23 21 le
1625 1907 83 22 corps,
1728 1903 53 20 tant
1801 1901 119 23 Officiers
1935 1908 48 22 que

1506 1936 101 25 soldats,
1621 1935 63 21 étoit
1694 1935 106 22 malade.
1812 1935 28 26 Je
1852 1942 39 16 me
1901 1938 81 20 trans-

1507 1969 81 28 portai
1600 1968 14 21 à
1626 1974 28 16 ce
1666 1974 80 21 camp,
1759 1969 52 26 qui,
1827 1974 33 16 vu
1872 1970 23 21 la
1907 1974 77 22 quan-

1506 2001 45 23 tité
1562 2002 31 21 de
1601 2001 109 22 malades
1718 2002 61 21 dont
1787 2002 19 20 il
1815 2001 61 23 étoit
1884 2002 98 27 rempli,

1507 2041 31 16 ne
1550 2035 118 22 sembloit
1678 2035 54 22 être
1743 2040 46 22 que
1809 2034 120 29 l’Hôpital
1943 2034 42 29 gé-

1506 2068 70 22 néral
1586 2068 73 22 d’une
1667 2067 91 23 armée.
1768 2067 40 29 J’y
1816 2069 116 21 entendis
1941 2069 43 21 des

1508 2102 164 22 Confessions
1682 2107 7 15 :
1706 2101 36 29 j'y
1759 2102 157 22 administrai
1926 2104 58 20 tous

1508 2137 37 20 les
1564 2137 82 20 autres
1667 2133 146 23 Sacremens
1826 2140 6 15 :
1854 2134 74 27 enfin,
1949 2135 36 29 j’y

1508 2168 103 29 remplis
1618 2170 83 20 toutes
1709 2169 37 21 les
1752 2167 126 23 fonctions
1887 2169 31 21 de
1926 2173 60 17 mon

1509 2201 140 27 Ministère,
1662 2200 14 23 à
1687 2202 24 21 la
1722 2201 156 22 satisfaction
1890 2202 31 21 de
1930 2204 56 20 tous

1509 2241 63 17 ceux
1583 2234 89 28 auprès
1684 2234 31 22 de
1728 2235 41 27 qui
1780 2235 26 27 je
1818 2235 166 28 m’employai.

1508 2269 28 27 Je
1544 2268 74 23 restai
1631 2268 61 21 dans
1705 2270 39 20 cet
1754 2268 101 22 endroit
1863 2269 123 27 plusieurs

1507 2303 80 28 jours,
1598 2301 112 28 pendant
1721 2302 109 26 lesquels
1851 2307 32 17 on
1903 2307 40 16 me
1960 2301 27 23 fit

1510 2337 23 20 le
1545 2335 76 23 détail
1632 2335 33 20 du
1676 2334 99 22 funeste
1795 2333 76 23 échec
1891 2340 48 22 que
1951 2334 34 22 M.

1511 2370 31 21 de
1552 2368 208 22 Wachtendonck
1777 2374 18 23 y
1814 2368 69 22 avoit
1899 2368 88 28 essuyé

1511 2409 30 16 en
1563 2408 63 22 1732.
1648 2400 48 23 Cet
1709 2401 113 25 Officier,
1842 2402 146 22 Lieutenant

1512 2435 107 23 Général
1630 2441 31 16 au
1673 2435 96 22 service
1781 2435 32 21 de
1827 2435 160 28 l'Empereur,

1511 2472 74 26 ayant
1608 2468 193 22 heureusement
1824 2467 126 28 débarqué
1975 2467 13 23 à

1511 2504 92 25 Bastia,
1624 2508 62 16 avec
1702 2503 23 21 le
1746 2507 72 23 corps
1840 2502 30 22 de
1888 2504 101 24 troupes

1512 2536 59 29 qu’il
1583 2536 178 25 commandoit,
1780 2536 22 21 &
1818 2534 94 24 délivré
1923 2536 66 21 cette

1512 2570 70 22 Ville
1592 2576 48 22 que
1649 2571 37 20 les
1696 2570 106 22 rebelles
1811 2569 116 23 tenoient
1936 2568 54 21 blo-

1513 2603 72 27 quée,
1594 2604 88 21 voulut
1691 2603 129 22 s’avancer
1828 2602 61 22 dans
1897 2603 25 20 le
1931 2606 59 23 pays

1513 2636 97 23 au-delà
1627 2636 33 22 da
1679 2635 67 23 Golo
1755 2634 98 29 jusqu’à
1865 2635 48 22 San
1927 2634 64 22 Peli-

1513 2670 76 28 grino
1599 2676 44 15 sur
1654 2670 38 21 les
1703 2669 77 23 bords
1791 2669 31 21 de
1839 2670 23 21 la
1874 2674 61 16 mer.
1957 2666 35 23 Ce

2001 97 61 21 >oste
2073 94 34 22 lui
2120 91 129 30 paroissoit
2258 89 137 29 important
2405 91 64 23 pour

2005 136 32 16 ou
2040 135 38 16 me
2082 130 46 20 lire
2140 128 23 21 la
2175 126 77 22 Pieve
2265 125 30 21 de
2308 122 116 25 Cazinca,
2437 120 31 21 de

2001 163 109 28 üigorno,
2123 161 31 21 de
2165 161 21 20 la
2201 159 94 27 Vagnn,
2306 158 31 21 de
2351 153 116 25 Moriani,

2001 197 14 21 k
2027 197 30 20 de
2073 194 161 27 Campoloro.
2255 192 44 21 Les
2320 189 107 23 rebelles
2446 187 24 21 le

2002 228 120 23 aissèrent
2134 226 200 27 tranquillement
2350 228 86 22 passer
2447 223 23 20 le

2001 262 61 22 Tolo
2072 267 6 19 ;
2091 266 41 15 sur
2141 266 32 15 un
2184 259 63 21 Pont
2257 258 29 20 de
2297 257 93 27 pierre,
2400 260 70 16 nom-

2002 294 32 22 né
2042 294 60 21 dans
2111 294 23 20 le
2146 298 57 23 pays
2215 292 77 20 Ponte
2301 289 75 24 Golo;
2387 287 83 27 quand

2001 329 27 21 ,1s
2045 328 22 20 le
2086 326 84 22 virent
2189 323 94 30 engagé
2294 327 98 18 comme
2406 320 29 22 ils
2447 321 23 20 le

2001 360 143 25 iésiroient,
2156 360 31 21 ils
2197 358 102 22 vinrent
2317 355 44 23 dès
2380 355 24 21 le
2422 355 50 21 len-

2001 393 94 23 lemain
2117 398 30 15 au
2162 391 108 26 ^nombre
2288 391 31 21 de
2335 389 58 27 cinq
2404 387 14 23 à
2432 387 40 22 six

2001 427 64 22 mille
2076 426 112 22 hommes
2200 430 43 16 sur
2253 425 36 20 les
2301 424 117 21 hauteurs
2430 421 42 28 qui

2001 460 101 22 bordent
2108 458 14 22 à
2131 459 105 27 quelque
2242 457 112 22 distance
2362 457 37 21 les
2407 456 66 21 deux

2001 493 65 22 côtés
2077 493 31 21 de
2120 493 23 21 la
2155 491 101 23 rivière.
2272 491 68 21 Dans
2353 491 64 20 cette
2429 495 44 21 po-

2001 527 74 21 sition
2086 526 37 21 les
2134 526 86 21 vivres
2231 523 164 28 manquèrent
2406 522 67 21 bien-

2001 559 35 22 tôt
2047 558 14 21 à
2074 558 34 21 M.
2122 559 32 21 de
2165 556 211 23 Wachtendonck
2385 561 6 15 :
2412 560 61 22 pour

2001 598 30 16 en
2042 591 79 26 avoir,
2143 591 18 21 il
2176 590 81 22 falloit
2267 594 95 24 gagner
2373 588 84 22 Bastia
2467 594 6 14 :

2001 626 18 21 il
2029 625 88 22 voulut
2128 631 17 22 y
2156 625 129 21 retourner
2296 628 45 23 par
2353 623 24 21 le
2394 622 80 21 même

2001 658 97 23 chemin
2111 657 60 28 qu’il
2182 657 63 22 étoit
2256 662 66 16 venu
2332 662 6 15 :
2355 656 19 21 il
2384 656 91 21 trouva

2001 693 23 21 le
2035 691 65 22 Pont
2111 690 76 28 gardé
2198 696 45 21 par
2260 690 37 21 les
2318 689 110 22 rebelles
2438 694 6 16 :
2458 687 19 22 il

2001 727 67 19 tenta
2088 724 31 21 de
2140 725 37 21 les
2190 730 17 22 y
2227 723 80 21 forcer
2317 729 6 19 ;
2340 722 18 21 il
2371 722 80 27 perdit
2462 720 14 22 à

2001 759 64 20 cette
2077 758 97 26 attaque
2188 763 8 15 1
2205 762 43 16 200
2259 755 124 26 hommes,
2404 755 23 22 &
2444 761 32 15 ne

2001 797 27 15 se
2039 796 75 16 sauva
2124 796 62 15 avec
2198 790 23 20 le
2233 792 67 19 reste
2311 790 33 20 de
2355 794 41 16 ses
2410 791 68 19 trou-

2001 829 44 22 pes
2056 822 22 22 &
2090 828 40 16 ses
2143 823 131 27 drapeaux,
2289 821 54 28 qu’à
2355 822 24 21 la
2392 821 85 22 faveur

2001 857 72 22 d’une
2080 856 121 22 honteuse
2210 856 171 26 capitulation,
2391 854 85 28 signée

2002 896 43 21 par
2057 889 146 25 Castinetta,
2217 895 33 15 un
2263 889 43 21 des
2318 889 57 27 plus
2386 888 92 27 grands

2001 923 121 22 assassins
2142 923 22 21 &
2184 922 43 22 des
2248 923 55 26 plus
2318 922 101 22 fameux
2428 921 51 23 bri-

2001 956 77 28 gands
2090 956 42 26 qui
2145 955 36 21 fût
2192 954 13 22 à
2214 956 23 20 la
2246 956 51 21 tête
2305 956 44 21 des
2359 954 116 23 révoltés.

2029 989 46 22 Sur
2085 990 23 20 la
2120 988 33 22 fin
2165 989 30 21 de
2208 990 64 20 cette
2285 994 147 22 campagne,
2443 988 34 22 M.

2002 1023 31 21 de
2040 1022 141 21 Maillebois
2186 1021 115 28 sçaehant
2309 1022 116 21 combien
2435 1027 42 16 no-

2003 1058 37 19 tre
2064 1054 140 28 Régiment,
2226 1055 114 27 toujours
2365 1054 112 28 dispersé

2002 1089 60 22 dans
2072 1090 57 20 tous
2141 1089 36 21 les
2189 1089 86 26 postes
2295 1089 38 21 les
2350 1089 55 26 plus
2421 1089 59 21 dan-

2002 1128 101 22 gereux,
2115 1121 63 22 étoit
2189 1121 103 28 fatigué,
2311 1122 35 21 lui
2363 1122 82 21 donna
2457 1122 23 21 la

2003 1156 67 21 Ville
2090 1155 113 28 d’Ajacio
2228 1160 64 22 pour
2314 1155 113 27 quaitier
2450 1155 31 21 de

2003 1189 226 22 rafraîchissement
2251 1189 111 26 pendant
2382 1188 98 22 l’hiver.

2003 1222 21 22 A
2043 1228 17 22 y
2078 1221 41 22 eût
2139 1222 44 21 dix
2199 1222 71 26 jours
2282 1222 31 21 de
2325 1221 108 26 marche,
2455 1223 23 19 Je

2003 1254 133 23 neuvième
2156 1254 18 22 il
2191 1260 28 15 se
2230 1256 88 20 trouva
2331 1256 57 20 tout
2399 1255 82 21 entier

2003 1287 71 23 réuni
2086 1293 58 16 sous
2155 1293 40 16 ses
2209 1287 134 27 drapeaux.
2354 1287 125 23 Plusieurs

2005 1322 170 27 Compagnies
2194 1327 31 15 en
2244 1321 104 22 avoient
2362 1320 39 23 été
2421 1321 61 22 éloi-

2003 1354 77 29 gnées
2099 1355 110 27 pendant
2228 1355 56 26 plus
2304 1355 31 21 de
2350 1355 66 21 deux
2426 1361 53 19 ans,

2004 1394 59 16 sans
2073 1389 73 21 avoir
2156 1388 32 28 pû
2206 1389 37 20 les
2259 1388 138 28 rejoindre.
2417 1388 66 22 Tout

2004 1422 24 21 le
2039 1421 135 28 Régiment
2184 1420 67 23 étant
2261 1421 84 22 arrivé
2355 1421 14 22 à
2377 1422 24 20 la
2409 1423 73 26 plage

2005 1456 32 21 du
2049 1455 50 21 lieu
2110 1455 32 21 de
2152 1460 46 17 son
2208 1455 112 27 quartier
2328 1454 106 22 d’hiver.
2446 1454 35 22 M.

2005 1490 24 21 le
2037 1488 88 22 Comte
2134 1487 185 26 de-Vatteville,
2327 1488 156 22 Lieutenant-

2005 1521 136 23 Colonel&
2148 1522 175 21 commandant
2329 1521 64 22 ledit
2400 1527 80 22 corps,

2005 1555 111 23 ordonna
2128 1554 14 22 à
2154 1555 33 21 M.
2202 1554 132 26 Pouchaut,
2352 1554 131 27 Capitaine

2007 1587 173 30 Ayde-Major,
2204 1588 30 21 de
2258 1587 61 23 faire
2345 1590 90 20 mettre
2460 1589 25 21 la

2005 1624 89 25 troupe
2104 1628 32 16 en
2147 1622 108 24 bataille,
2263 1622 23 21 &
2295 1627 50 16 aux
2356 1623 128 21 tambours

2006 1656 31 21 de
2052 1661 26 16 se
2093 1655 90 22 rendre
2201 1660 30 16 au
2252 1657 84 20 centre
2355 1655 32 21 du
2409 1655 75 28 Régi-

2006 1690 77 24 ment,
2096 1688 23 21 &
2130 1689 30 21 de
2180 1689 80 20 battre
2281 1695 32 15 un
2334 1689 57 25 ban,
2412 1689 72 27 après

2007 1722 82 28 lequel
2101 1721 18 21 il
2128 1728 40 16 me
2176 1723 69 26 reçut
2254 1727 30 16 en
2295 1722 83 21 disant
2387 1728 6 15 :
2404 1722 81 22 «Mes-

2007 1757 80 21 sieurs
2099 1756 37 21 les
2147 1754 117 23 Officiers
2272 1755 23 22 &
2304 1755 108 26 Soldats,
2422 1756 31 21 de
2461 1756 24 21 la

2007 1791 55 26 part
2075 1789 32 21 du
2120 1788 59 26 Roi,
2199 1794 62 16 vous
2276 1789 174 22 reconnoîtrez
2461 1790 23 20 le

2008 1823 31 22 R.
2051 1822 26 22 P.
2091 1822 30 21 de
2134 1821 133 29 Singlande
2276 1828 64 22 pour
2347 1824 74 20 votre
2430 1824 54 20 Au-

2008 1856 104 25 mônier,
2122 1855 23 22 &
2156 1860 63 17 vous
2230 1855 35 21 lui
2278 1855 101 22 obéirez
2389 1862 30 15 en
2430 1858 55 21 tout

2009 1895 28 16 ce
2048 1888 59 28 qu’il
2118 1894 65 17 vous
2203 1889 52 21 dira
2274 1895 63 21 pour
2348 1890 25 20 le
2390 1890 96 21 service

2007 1923 125 28 spirituel.
2142 1930 14 14 2-
2164 1922 41 22 Ma
2215 1922 127 28 réception
2352 1922 60 22 faite
2420 1923 67 21 Mes-

2009 1957 79 21 sieurs
2098 1956 38 21 les
2148 1955 115 22 Officiers
2283 1957 103 21 vinrent
2402 1956 86 22 m’em-

2009 1991 107 23 brasser,
2129 1989 22 22 &
2163 1995 39 16 me
2214 1988 144 29 témoigner
2368 1990 23 21 le
2401 1990 87 27 plaisir

2010 2022 72 28 qu’ils
2103 2028 32 16 en
2154 2023 170 21 ressentoient
2333 2029 5 19 ;
2362 2023 17 21 il
2390 2029 18 22 3^
2419 2024 70 21 avoit

2011 2055 53 28 déjà
2081 2056 67 22 deux
2166 2062 44 16 ans
2230 2061 48 22 que
2287 2057 26 27 je
2329 2057 160 26 rempîissois

2009 2089 110 27 l’emploi
2132 2089 172 26 d’Aumônier,
2327 2089 21 22 &
2364 2095 124 22 personne

2010 2123 94 22 n’avoit
2115 2128 90 17 encore
2225 2129 31 14 eu
2267 2124 24 21 le
2303 2123 117 22 moindre
2440 2123 48 23 mé-

2011 2158 185 20 contentement
2208 2156 31 21 de
2248 2157 59 21 moi.
2320 2157 35 21 M.
2366 2157 24 20 le
2400 2157 89 22 Comte

2013 2191 30 21 de
2062 2189 137 23 Vatteville
2224 2195 40 16 me
2293 2190 78 22 remit
2400 2191 91 21 devant

2012 2223 134 22 Messieurs
2163 2224 37 21 les
2218 2222 118 23 Officiers
2357 2229 60 16 mon
2432 2224 58 21 Bre-

2013 2259 52 23 vet,
2077 2256 62 23 dont
2152 2256 69 22 voici
2234 2257 23 21 la
2269 2259 97 20 teneur.

2040 2297 13 14 «
2066 2289 165 28 Aujourd’hui
2258 2290 171 28 quatorzième
2457 2291 32 21 du

2013 2323 65 22 mois
2096 2323 31 21 de
2142 2323 142 22 Novembre
2305 2323 65 28 1738,
2394 2324 23 21 le
2440 2324 49 21 Roi

2013 2356 68 23 étant
2091 2356 13 21 à
2117 2356 202 27 Fontainebleau,
2342 2357 58 22 bien
2417 2357 74 22 infor-

2014 2390 39 22 mé
2065 2390 30 21 de
2104 2390 25 22 1a
2140 2389 75 28 piété,
2227 2390 85 22 bonne
2324 2391 51 26 vie,
2388 2396 100 21 moeurs,

2014 2423 133 28 vigilance,
2158 2423 22 22 &
2191 2428 60 23 sage
2259 2424 120 22 conduite
2387 2424 32 22 du
2428 2424 62 21 R.P.

2016 2457 30 22 de
2057 2456 143 28 Singlande,
2214 2456 22 22 &
2248 2456 30 23 de
2288 2458 24 21 la
2323 2457 95 22 fidélité
2427 2458 22 21 &
2458 2457 34 22 af-

2015 2490 91 22 feclion
2118 2490 14 22 à
2143 2496 45 16 son
2201 2491 99 22 service

2187 2540 163 29 (Cuntinua)

2020 2632 97 22 Aiaeeiu
2127 2644 28 4 —
2166 2632 132 28 Stamparia
2312 2632 24 22 di
2351 2634 22 20 A
2384 2633 103 26 Mtivra,

2019 2672 15 15 u
2047 2665 238 23 Diretlore-Gerente:
2295 2666 71 21 Petru
2376 2666 114 22 ROCCA.

19 2790 52 22 date
80 2798 6 15 :
107 2792 78 22 anche
197 2792 67 21 delle
287 2790 68 27 volpi
369 2795 25 15 se
407 2794 32 16 ne
450 2788 36 27 pi-

20 2825 54 26 glia,
86 2832 14 15 e
112 2826 129 22 ride.bene
260 2824 37 22 chi
318 2823 54 22 ride
389 2820 100 24 all’ulti-

20 2863 46 16 mo;
89 2858 92 23 Vostro
201 2858 133 25 servitore,
360 2855 81 22 Conte
462 2854 25 22 di

21 2889 118 25 Ma-rbeuf.
146 2904 29 5 —

44 2935 27 5 —
76 2925 41 22 Ah
128 2925 6 21 !
147 2926 40 22 Ah
197 2926 6 21 !
215 2931 27 16 se
254 2924 32 22 l’è
298 2929 71 23 presa
381 2929 12 15 a
405 2922 65 22 male
481 2926 6 19 ;

20 2962 34 16 ma
66 2958 25 21 in
104 2959 81 23 veiità
196 2960 25 20 io
235 2964 50 16 non
303 2958 23 21 ci
337 2957 34 22 ho
388 2956 99 21 merito.

22 2988 89 25 Matteo
130 2998 31 16 va
181 2998 12 16 a
214 2991 126 28 riposarti,
362 2989 45 22 chè
429 2987 59 23 devi

21 3025 93 22 sentirti
127 3028 83 20 stanco
221 3033 7 19 ;
241 3024 99 23 domani
351 3023 139 27 parleremo

21 3055 37 23 del
69 3060 75 21 resto.

47 3090 92 24 Matteo
150 3092 72 22 baciô
230 3093 25 21 la
265 3096 73 18 mano
346 3091 24 21 al
379 3089 112 22 Genera-

21 3121 22 22 le
54 3124 29 21 ed
101 3126 60 26 usci,
175 3132 40 16 ma
226 3126 72 27 quale
314 3129 48 17 non
374 3123 25 21 fu
411 3123 24 21 la
446 3127 44 17 sua

22 3158 140 28 maraviglia
174 3159 97 28 quando
281 3159 64 21 nella
353 3156 78 28 prima
437 3161 55 22 per-

23 3193 63 23 sona,
100 3191 44 22 che
154 3193 34 27 gli
204 3192 23 22 si
240 3192 57 22 fece
316 3191 126 24 incontro,
460 3189 33 21 ri-

22 3224 107 22 conobbe
142 3226 125 21 Altobello
280 3226 25 21 di
317 3223 107 27 Alando,
445 3222 47 22 che

21 3253 22 22 lo
60 3257 79 23 salutò
162 3259 78 22 molto
264 3257 190 25 cordialmente,
478 3261 14 15 e

22 3291 180 27 motteggiando
215 3291 36 28 gli
263 3291 66 22 disse
338 3296 6 15 :
353 3301 30 4 —
390 3294 59 16 caro
460 3288 33 22 si-

24 3324 67 22 gnon.
100 3323 115 28 Massesi,
236 3324 107 22 sebbene
364 3323 24 22 io
408 3321 85 23 avessi

23 3351 80 26 ùuona
114 3358 123 26 opinione
249 3358 64 21 nella
325 3358 86 20 vostra
421 3354 71 23 abili-

24 3383 22 23 tà
57 3388 164 30 dipiomatica,
234 3391 44 22 voi
290 3396 52 17 non
352 3390 33 22 mi
394 3391 100 25 potere-

55 3419 17 21 il
79 3421 103 25 broncio
193 3430 28 16 se
232 3424 34 21 ho
274 3423 119 28 preferito
407 3422 25 22 di
442 3422 52 22 fare

26 3454 30 17 ÜIi
67 3454 38 25 po’
117 3456 29 22 da
157 3463 40 16 me
209 3459 82 20 stesso
303 3457 7 21 i
322 3455 54 22 fâtti
386 3455 109 22 miei.—

53 3484 89 27 Matteo
153 3491 98 27 rispose
262 3496 13 15 a
287 3489 102 27 strappi,
403 3493 14 16 e
429 3488 65 22 sial-

27 3513 95 30 l°ntanò
134 3522 176 23 strofmandosi
322 3522 35 28 gli
370 3521 71 22 occhi
458 3521 37 21 in-

29 3552 60 21 certo
98 3559 26 17 se
135 3556 125 28 vegliasse
271 3561 16 16 o
298 3561 27 16 se
337 3553 132 23 dormisse.

53 3581 16 23 E
76 3587 86 23 adesso
171 3588 145 22 racconterò
325 3593 45 21 per
378 3588 56 26 quàl
441 3586 52 28 gui-

26 3617 25 17 Sa
61 3617 125 26 Altobello
197 3622 23 20 si
231 3621 120 21 libérasse
370 3620 63 21 dalla
446 3619 50 27 pri-

25 3647 71 25 gione
107 3652 120 24 francese.
241 3653 52 27 Egli
305 3654 189 20 vennemenato

67 3687 60 22 gran
145 3687 75 22 fretta
238 3687 66 21 nella
325 3684 126 22 cittadella
469 3684 25 21 di

514 2785 89 25 Bastia,
613 2789 13 15 e
636 2783 70 28 quivi
719 2782 183 23 chiusodentro
912 2781 18 21 il
939 2786 52 17 car-

514 2824 56 17 cere
581 2819 65 21 délia
658 2817 106 23 fortezza
776 2816 25 22 di
814 2815 47 23 San
875 2815 85 26 Carlo,
971 2815 19 21 il

515 2853 70 26 quale
604 2851 175 22 fabbricarono
792 2850 7 21 i
811 2848 116 23 Francesi
952 2853 39 16 so-

515 2890 44 22 pra
570 2890 48 17 uno
629 2884 100 27 scoglio
741 2883 137 26 altissimo,
890 2882 45 22 che
948 2881 44 22 do-

514 2918 68 23 mina
599 2917 188 23 l’imboccatura
808 2916 41 22 del
867 2918 83 26 porto.
969 2914 22 23 Il

515 2951 156 29 prigioniero
690 2951 151 22 novamente
860 2950 83 27 spinto
964 2948 26 22 in

516 2991 106 20 carcere,
637 2989 47 23 per
694 2985 91 26 primo,
799 2984 54 20 anzi
864 2982 126 28 perunico

516 3019 116 27 pensiero
644 3017 61 22 bada
717 3016 83 22 subito
814 3021 72 17 corne
903 3015 89 22 riusci-

510 3051 32 23 •rà
552 3052 31 22 ad
595 3051 141 22 affrancarsi
747 3056 7 15 :
766 3051 70 20 tanto
847 3049 85 22 l’ansia
952 3048 40 22 del

516 3086 89 21 vivere
614 3084 83 22 libero
709 3088 113 23 governa
835 3083 7 20 i
854 3082 63 27 petti
925 3087 66 16 mor-

517 3118 52 22 tali.
581 3117 46 23 che
640 3120 88 25 questo
740 3116 84 22 studio
837 3115 21 22 si
874 3115 23 21 fa
915 3114 78 22 senti-

518 3158 27 15 re
564 3151 43 28 più
626 3151 64 22 forte
710 3150 77 22 allora
807 3150 110 26 appunto
945 3147 46 23 che

518 3185 131 22 sembrano
670 3182 112 23 costretti
795 3188 13 15 a
819 3182 112 22 doverne
952 3180 41 22 de-

519 3223 73 22 porre
604 3217 94 28 perfino
710 3218 23 20 la
746 3220 125 23 speranza.

546 3250 31 23 La
597 3255 58 17 cosa
670 3249 45 22 che
735 3249 78 27 prima
831 3247 125 28 agguarda
973 3247 19 22 il

519 3285 126 21 carcerato
664 3282 40 27 (ed
725 3282 26 21 io
771 3282 25 20 lo
808 3285 29 16 so
854 3286 45 21 per
915 3280 77 21 molta

520 3318 126 27 sperienza
659 3313 102 29 fattane)
782 3313 13 21 è
808 3314 23 20 la
850 3314 79 26 porta,
951 3317 43 22 pa-

520 3351 76 22 rendo
614 3356 14 15 a
648 3348 35 22 lui
703 3348 47 22 che
761 3347 24 21 la
804 3347 43 21 via
866 3344 127 24 ordinaria

520 3390 45 22 per
582 3383 81 22 uscire
683 3381 71 22 abbia
766 3379 32 22 ad
809 3384 84 17 essere
912 3378 81 27 quella

521 3423 44 22 per
574 3418 23 20 la
609 3415 72 28 quale
692 3414 51 28 egli
755 3411 83 26 entré,
851 3418 39 16 ma
901 3412 26 21 in
938 3411 57 21 brè-

522 3456 32 16 ve
574 3455 46 17 con
633 3447 114 23 caratteri
769 3446 24 22 di
808 3444 152 23 chiavistelli
980 3450 14 15 e

522 3484 24 22 di
558 3482 117 24 bandelle
685 3481 77 21 viene
773 3479 115 25 cluarito,
902 3477 46 21 che
960 3477 36 21 al-

521 3517 131 28 l’opposto,
665 3519 70 17 senza
747 3514 23 20 la
781 3510 101 23 volonté
892 3511 24 21 di
926 3510 40 21 cui
974 3511 19 20 ti

522 3550 21 21 ci
555 3551 31 21 ha
598 3553 91 20 messo,
696 3548 25 21 la
734 3547 70 27 porta
815 3544 71 27 quasi
897 3548 98 22 sempre

522 3585 114 24 présenta
647 3582 24 20 la
682 3581 41 21 via
735 3583 74 18 meno
819 3577 72 22 facile
898 3581 48 22 per
956 3581 40 15 us-

523 3616 51 21 cire
585 3616 25 21 di
623 3614 24 22 là
654 3620 6 19 ;
674 3614 78 21 allora
764 3612 21 21 si
791 3610 68 23 volta
868 3610 30 21 ad
908 3608 89 22 esami-

522 3654 57 16 nare
590 3649 23 21 le
626 3647 138 24 inferriate,
780 3644 42 28 poi
839 3645 22 20 le
875 3641 89 29 pareti,
977 3641 18 22 il

522 3682 198 26 pavimento,per
728 3676 209 29 ultimopossiede
946 3674 50 23 for-

1014 2788 35 20 za,
1056 2781 229 29 volere,corraggio
1293 2788 15 16 e
1317 2781 168 28 prudenza,so-

1015 2821 44 22 pra
1070 2815 64 22 dieci
1144 2816 68 21 volte
1221 2820 66 16 nove
1297 2814 126 28 scamperà
1431 2820 6 15 :
1444 2819 42 16 ve-

1015 2854 30 17 ro
1055 2848 14 22 è
1081 2848 60 28 però
1151 2848 45 22 che
1205 2850 86 25 queste
1304 2850 38 20 tre
1349 2847 83 22 ultime
1442 2847 45 22 do-

1016 2882 21 22 ti
1048 2882 106 22 raccolte
1166 2882 26 21 in
1204 2880 133 28 un’anima,
1350 2886 13 16 e
1374 2881 23 21 la
1409 2881 77 28 prima

1016 2916 25 21 in
1057 2921 31 16 un
1101 2920 84 22 corpo,
1197 2915 75 21 fanno
1282 2914 92 23 l'uomo
1385 2914 99 28 grande,

1016 2955 14 16 e
1040 2949 23 21 la
1083 2947 44 29 più
1139 2949 69 27 parte
1226 2947 65 23 delle
1310 2948 82 22 anime
1408 2947 78 22 uscite

1016 2982 26 22 di
1054 2986 73 17 mano
1139 2987 15 16 a
1165 2981 51 22 Dio
1228 2982 125 26 appaiono
1366 2980 96 28 piccole
1473 2985 14 16 e

1017 3016 8 22 i
1037 3015 70 27 corpi
1123 3015 98 26 fiacchi,
1243 3015 86 26 quindi
1350 3014 73 28 quelli
1441 3013 46 22 che

1017 3049 147 27 rimangono
1182 3054 13 15 a
1207 3048 94 22 merire
1314 3048 25 21 in
1352 3052 95 17 carcere
1466 3047 21 21 si

1016 3084 106 20 contano
1134 3088 14 15 a
1159 3081 119 28 migliaia,
1289 3081 35 28 gli
1337 3081 55 21 altri
1405 3080 45 23 che
1461 3085 26 17 se

1017 3121 32 16 ne
1060 3115 149 25 affrancano,
1222 3120 29 15 su
1263 3115 24 21 le
1299 3115 58 21 dita.

1045 3148 108 27 Bisogna
1161 3147 143 23 confessare
1315 3146 60 29 perô
1387 3146 45 23 che
1445 3147 44 21 Al-

1018 3182 96 22 tobello
1133 3187 57 16 men
1202 3180 46 22 che
1261 3182 29 21 ad
1303 3182 71 24 altro,
1392 3180 96 27 quando

1017 3214 70 23 entrô
1100 3214 25 22 in
1138 3214 122 28 prigione,
1279 3218 109 23 pensava
1396 3218 14 16 a
1428 3213 61 22 libe-

1017 3253 101 17 rarsene
1129 3254 6 20 ;
1145 3248 99 21 sentiva
1259 3246 65 24 forte
1335 3248 23 21 la
1368 3246 122 23 necessità

1019 3281 25 21 di
1054 3281 109 21 trovarsi
1174 3281 64 24 solo,
1256 3285 14 16 e
1279 3286 87 22 posare
1379 3280 23 21 in
1423 3280 68 27 qual-

1019 3313 46 22 che
1082 3315 71 25 parte
1171 3313 19 21 il
1201 3318 64 22 capo
1284 3313 46 21 che
1347 3313 36 27 gli
1400 3318 90 21 pesava

1018 3346 153 22 indolenzito
1182 3351 46 22 per
1237 3346 23 21 la
1272 3345 127 23 immanità
1406 3345 85 23 frater-

1019 3384 31 16 na
1060 3384 7 16 :
1084 3379 106 22 bocconi
1204 3379 37 21 sul
1253 3380 136 20 materasso
1405 3380 86 21 stretta

1020 3417 46 17 con
1079 3412 25 20 le
1115 3411 67 22 mani
1193 3412 24 21 la
1229 3411 85 25 faccia,
1328 3411 87 26 girava
1427 3418 13 15 e
1459 3412 34 21 ri-

1019 3445 87 28 girava
1125 3446 87 25 questo
1233 3444 116 27 pensiero
1368 3444 87 22 dentro
1473 3445 19 20 il

1021 3477 119 26 cervello,
1159 3477 123 22 lacérante
1302 3477 92 26 peggio
1414 3477 24 22 di
1459 3483 33 15 un

1021 3510 91 22 chiodo
1122 3516 6 19 ;
1152 3516 50 15 non
1224 3510 46 25 ira,
1291 3515 52 15 non
1361 3514 85 18 orrore
1466 3510 26 21 lo

1020 3544 142 27 agitavano,
1175 3548 52 16 non
1238 3542 117 25 ribrezzo,
1364 3542 32 22 nè
1404 3547 91 23 vergo-

1021 3582 57 23 gna,
1090 3575 33 22 nè
1134 3581 84 22 paura,
1231 3574 33 22 nè
1275 3575 68 21 nulla
1359 3575 119 22 insomma
1487 3581 6 19 ;

1022 3611 86 26 queste
1119 3615 15 16 o
1146 3609 84 21 talune
1238 3608 26 21 di
1276 3609 87 26 queste
1372 3613 58 16 cose
1439 3613 56 16 ver-

1021 3647 80 17 ranno
1112 3641 67 27 dopo
1188 3647 6 19 ;
1207 3646 45 22 per
1263 3646 44 16 ora
1318 3639 72 23 soffre
1398 3646 6 19 ;
1425 3646 13 14 e
1454 3645 42 16 co-

1023 3676 20 22 si
1051 3676 26 21 lo
1084 3675 123 27 travaglia
1216 3674 20 21 il
1244 3674 138 26 patimento
1391 3673 45 21 che
1443 3677 52 17 non

1511 2781 95 21 ascolta
1625 2781 26 21 îo
1663 2780 107 21 stridere
1782 2779 40 22 Jei
1841 2778 150 23 chiavistelli

1513 2813 102 23 intorno
1627 2813 51 28 agli
1696 2813 85 25 anelli,
1799 2812 32 21 nè
1844 2813 18 21 il
1881 2812 110 28 cigolare

1513 2847 65 21 delle
1591 2846 120 22 -bandelle
1724 2846 101 22 intorno
1837 2846 50 27 agli
1908 2845 83 26 arpio-

1513 2879 28 22 ni
1551 2886 5 16 :
1579 2886 13 15 e
1604 2879 25 22 fu
1642 2879 104 27 proprio
1758 2878 112 22 mestieri
1884 2878 47 22 che
1947 2877 44 28 più

1514 2914 70 21 volte
1595 2918 46 16 una
1653 2917 77 17 mano
1741 2913 25 21 lo
1787 2913 110 21 scotesse
1909 2916 45 23 per
1966 2911 23 21 le

1513 2947 77 26 spalle
1602 2944 91 29 perché
1703 2947 114 20 tornasse
1829 2944 22 22 ai
1863 2944 67 22 sensi
1937 2944 51 21 dél-

1514 2980 23 21 ia
1548 2980 51 21 vita
1610 2985 6 15 :
1628 2979 79 21 allora
1718 2979 25 21 lo
1754 2982 118 23 percosse
1884 2983 49 16 una
1943 2982 45 16 vo-

1514 3018 29 16 ce
1554 3015 60 19 nota
1624 3012 46 21 che
1683 3011 27 22 in
1721 3016 78 17 suono
1812 3010 130 28 piacevole
1952 3010 35 28 gli

1515 3045 88 23 diceva
1613 3051 6 15 :

1504 3096 5 3 .
1541 3078 97 22 —Caro
1650 3077 88 28 signor
1748 3077 137 25 Altobello,
1897 3082 51 16 non
1959 3076 26 22 vi

1513 3112 102 22 lasciate
1634 3110 92 22 disfare
1738 3111 65 21 dalla
1822 3109 149 23 malinconia
1979 3116 7 14 :

1514 3143 150 24 ricordatevi
1683 3144 46 21 che
1740 3144 23 21 la
1782 3145 81 20 morte
1874 3143 23 21 ci
1909 3142 31 22 ha
1957 3142 30 22 da

1514 3176 179 24 trovarevivi.

1543 3210 125 23 L'Alando
1680 3209 25 23 di
1722 3216 31 15 un
1764 3210 77 21 tratto
1858 3208 129 23 voltando-

1515 3245 23 21 si
1550 3245 22 21 si
1582 3244 64 22 mise
1658 3249 13 15 a
1684 3243 88 22 sedere
1783 3248 14 15 e
1812 3242 100 28 rispose
1921 3248 6 16 :

1542 3289 30 5 —
1578 3277 123 27 Capitano
1712 3275 166 25 Rinaldo,ben
1885 3276 103 22 venuto,

1543 3322 30 5 —
1580 3310 36 22 Mi
1628 3310 124 21 rincresce
1771 3313 50 16 non
1830 3310 88 25 potere
1937 3307 53 21 dire

1515 3345 26 21 10
1549 3347 82 19 stesso
1644 3342 80 22 anche
1733 3348 13 15 a
1758 3341 53 22 voi.

1543 3389 30 5 —
1583 3376 57 23 Non
1660 3376 123 27 importa;
1805 3374 22 21 la
1840 3375 119 21 sventura
1977 3373 13 22 è

1517 3412 23 21 la
1550 3412 80 27 pietra
1642 3410 24 21 di
1679 3414 125 23 paragone
1812 3407 178 24 dell’amicizia:

1517 3450 72 16 senza
1609 3444 88 26 questo
1716 3442 127 22 accidente
1854 3447 51 16 non
1923 3441 69 21 avrei

1519 3477 149 21 indovinato
1680 3476 23 21 la
1715 3476 137 21 eccellenza
1858 3475 41 21 del
1907 3475 85 21 vostro

1519 3515 75 16 cuore
1615 3509 25 21 di
1663 3514 129 16 accorrere
1821 3510 139 26 spontaneo
1979 3513 13 15 a

1519 3543 165 20 consolare...

1546 3585 31 5 —
1584 3573 109 22 Certo...
1714 3579 51 16 non
1781 3574 24 21 ci
1822 3573 31 22 ha
1871 3572 122 23 dubbio...

1521 3607 61 26 perô
1601 3612 51 15 non
1668 3605 84 22 affatto
1770 3608 148 24 spontaneo,
1940 3611 56 21 per-

1521 3639 73 23 ché...
1616 3640 73 20 avete
1700 3645 14 15 a
1731 3644 88 21 sapere
1831 3644 70 16 corne
1914 3638 25 21 io
1959 3639 36 20 sia

1522 3672 19 20 11
1550 3671 164 22 comandante
1726 3671 65 21 délia
1804 3670 110 22 fortezza.

2047 2788 29 4 —
2088 2776 50 22 Voi
2146 2777 13 21 ?

2045 2819 29 4 —
2080 2806 28 22 Io
2131 2807 25 21 in
2175 2812 121 22 persona;
2318 2807 24 21 la
2363 2808 131 22 maladetta

2017 2838 74 26 palla,
2103 2843 34 16 ve
2147 2843 31 15 ne
2189 2837 144 22 ricordate?
2345 2837 46 22 che
2402 2838 33 22 mi
2444 2839 50 21 col-

2017 2867 26 28 pi
2053 2869 66 20 sotto
2131 2868 23 22 al
2163 2867 132 28 ginocchio
2303 2869 67 20 nella
2378 2868 116 28 battaglia

2016 2899 25 21 di
2049 2898 84 27 Borgo
2144 2899 36 21 mi
2192 2898 32 22 ha
2236 2901 114 20 rattratto
2360 2905 32 16 un
2405 2906 88 21 nervo,

2015 2934 46 22 per
2070 2930 23 21 la
2104 2930 59 25 quai
2174 2934 58 17 cosa
2243 2930 115 26 zoppico,
2369 2935 14 16 e
2395 2930 8 21 i
2415 2932 80 20 medi-

2015 2959 22 22 ci
2046 2959 144 28 giudicano,
2212 2959 45 21 che
2278 2960 151 23 arrancherô
2447 2967 47 21 per

2014 2989 105 28 qualche
2138 2996 70 16 mese
2231 2995 91 17 ancora
2334 2997 6 15 :
2371 2991 19 21 il
2408 2992 86 27 signor

2014 3023 74 20 conte
2098 3022 26 21 di
2138 3021 122 26 Marbeuf,
2274 3028 13 15 a
2298 3022 40 21 cui
2351 3023 78 20 venni
2441 3028 53 16 rac-

2014 3051 144 23 comandato
2179 3052 65 21 dalla
2263 3053 92 21 sorella
2376 3052 40 21 del
2436 3058 57 16 coc-

2013 3082 84 21 chiere
2112 3083 41 21 del
2163 3083 174 26 parrucchiere
2351 3082 64 22 délia
2426 3088 55 16 mar
2490 3084 4 3 '

2014 3112 73 22 chesa
2099 3112 34 22 du
2144 3113 77 27 Barr)^
2231 3113 80 22 arnica
2321 3113 39 21 del
2369 3118 36 20 re,
2417 3114 33 21 mi
2461 3113 32 21 ha

2014 3144 118 26 preposto
2148 3143 49 21 alla
2217 3144 113 21 custodia
2352 3143 63 22 délia
2434 3144 57 21 cilla

2014 3173 64 21 délia
2085 3178 44 22 per
2139 3178 51 17 non
2203 3173 134 22 troncarmi
2346 3173 7 22 i
2365 3174 125 27 progressi

2013 3203 64 22 délia
2103 3203 163 27 professione,
2288 3209 14 15 e
2327 3205 162 21 mantenermi

2014 3233 57 22 nell’
2082 3233 112 22 attualità
2206 3233 42 22 del
2259 3234 119 22 servizio.

2042 3275 28 4 —
2081 3263 74 23 Tutte
2174 3265 24 20 le
2210 3265 66 25 quali
2289 3270 59 16 cose
2369 3265 124 22 insomma

2016 3293 156 28 significano,
2194 3294 47 21 che
2257 3295 44 21 voi
2321 3295 64 21 siete
2403 3296 18 21 il
2443 3296 51 21 mio

2017 3323 156 23 carceriere?

2043 3353 107 23 Fortuna
2165 3354 25 21 di
2203 3360 95 22 guerra,
2321 3355 88 27 signor
2428 3356 66 25 mio;

2017 3386 69 20 certo
2102 3385 43 21 voi
2166 3386 96 25 potrete
2274 3385 85 21 dirmi.
2378 3385 46 22 che
2444 3391 50 16 non

2018 3415 147 27 fostepreso
2176 3420 48 16 con
2237 3415 21 21 le
2271 3415 62 22 armi
2345 3416 47 20 alla
2407 3421 73 16 mano
2490 3422 6 19 ;

2019 3453 40 16 ma
2078 3449 95 20 armato
2194 3453 15 16 o
2221 3452 42 21 no,
2286 3448 100 26 quando
2406 3450 90 25 capita,

2018 3481 77 27 giova
2114 3486 99 22 sempre
2224 3480 108 28 pigliare
2354 3481 144 24 ilnemico;

2019 3515 112 25 potreste
2151 3518 62 17 anco
2234 3514 150 25 osservami,
2408 3514 46 21 che
2473 3514 27 20 vi

2019 3548 83 20 tesero
2122 3552 33 16 un
2173 3546 108 22 tranello
2296 3552 15 15 e
2330 3547 44 20 voi
2393 3547 108 26 c’incap-

2020 3581 72 25 paste
2104 3579 151 25 dentro,_ma
2267 3579 98 21 vincasi
2377 3585 45 20 per
2433 3578 69 22 virtù

2023 3618 15 16 o
2049 3617 45 22 per
2110 3612 108 27 ingegno
2232 3611 23 20 fu
2269 3617 101 21 sempre
2381 3612 86 21 lodato
2482 3611 20 21 il

2021 3645 103 21 vincere
2133 3652 6 14 :
2152 3645 44 21 voi
2207 3646 113 25 potreste
2329 3644 84 21 dire...

2008 3696 4 17 t
2196 3697 164 27 (Cuntinua)
