2550 3892
110 121 86 24 Vers
209 120 32 23 le
254 118 133 25 Gouffre

213 203 243 69 Pour
505 191 471 75 Conclure

139 374 30 21 La
182 374 61 21 crise
255 372 109 21 continue
432 369 43 21 Les
486 368 93 21 bonnes

110 413 59 22 gens
178 405 120 22 attendent
305 405 21 20 le
338 402 97 23 miracle
446 401 41 26 qui
498 406 18 21 y
521 401 58 20 met-

109 442 36 19 tra
159 439 41 21 Un.
224 437 30 21 Le
275 436 84 22 monde
380 435 30 21 de
425 435 22 20 la
463 432 116 27 politique

110 470 116 28 s’ingénie
235 469 13 21 à
260 468 124 21 s'installer
393 467 57 20 dans
462 466 23 20 le
492 469 88 17 maras-

109 509 40 15 me
160 502 83 25 actuel,
254 506 91 16 comme
353 496 227 25 d’aucuns-s’étaient

109 534 105 22 installés
224 533 62 28 jadis
298 533 56 21 dans
363 533 23 20 la
398 536 92 22 guerre.
504 527 73 28 Expé-

109 568 78 21 dients
201 572 62 21 pour
273 566 67 20 vivre
349 571 30 15 au
389 565 55 26 jour
451 563 24 21 le
484 562 57 27 jour
548 567 30 15 en

109 600 122 21 attendant
238 599 87 21 l’heure
334 598 59 20 delà
406 595 171 28 banqueroute;

109 639 27 14 ce
155 633 55 20 sont
223 632 35 21 les
279 631 75 20 seules
374 628 154 27 conceptions
547 627 31 21 de

109 666 128 25 sauvetage
259 663 54 21 d’un
329 663 136 20 Parlement
478 659 101 28 impuis-

109 699 53 20 sant
170 699 25 19 et
204 696 56 21 d’un
272 696 49 21 Etat
332 694 128 22 défaillant.

137 730 43 21 Les
192 728 143 22 techniciens
348 729 43 20 ont
399 727 56 21 bien
464 724 84 29 repéré
554 726 25 19 et

109 762 90 29 signalé
217 763 35 20 les
274 762 79 26 portes
374 760 30 21 de
417 759 73 21 sortie
497 766 7 18 ;
516 757 61 22 mais

108 797 63 20 leurs
183 794 66 22 idées
267 795 53 20 sont
335 795 55 25 trop
407 791 168 25 raisonnables,

108 831 55 24 trop
169 828 210 27 judicieuses,trop
388 825 120 28 pratiques
516 829 62 22 pour

108 863 50 20 être
169 859 113 29 adoptées
293 865 41 22 par
345 865 47 16 une
405 858 119 22 Chambre
536 856 41 28 qui

108 901 26 15 se
146 895 80 21 dresse
239 895 80 20 contre
328 893 123 21 la-nation.
465 891 65 22 C’est
541 890 37 22 fo-

107 928 33 21 lie
149 932 46 22 que
202 927 31 21 de
238 927 94 23 voulojr
339 925 97 28 espérer
441 925 24 21 le
470 924 107 22 rétablis-

108 962 92 20 sement
224 960 42 21 des
282 959 103 21 finances
409 959 30 21 de
458 963 60 23 gens
536 957 40 27 qui

107 999 61 22 pour
177 998 26 16 se
224 992 59 22 faire
297 991 64 26 élire,
384 993 55 20 sont
457 993 71 19 tenus
546 991 31 21 de

106 1032 81 21 gaver,
201 1026 30 21 de
242 1025 198 22 fonctionnariser
446 1026 24 20 et
481 1024 31 22 de
518 1030 59 21 pen-

107 1060 98 21 sionner
211 1058 15 22 à
234 1064 45 16 nos
287 1057 97 28 dépens,
394 1060 67 19 toute
469 1058 22 21 la
500 1057 77 22 cohue

107 1092 30 21 de
150 1092 84 22 clients
246 1091 40 28 qui
298 1091 161 22 s’accrochent
478 1090 20 26 à.
512 1091 64 20 leurs

106 1125 109 27 basques.

133 1159 69 20 Allez
212 1158 63 21 donc
285 1158 129 21 demander
429 1157 13 21 à
461 1163 46 16 vos
524 1156 52 22 élus

105 1191 104 27 l’emploi
223 1191 29 21 de
270 1196 43 16 vos
324 1191 176 21 contributions
510 1190 15 20 !!
543 1189 32 22 Ils

105 1230 62 16 vous
178 1224 146 27 répondront
339 1230 30 15 en
381 1224 145 28 s’octro}mnt
542 1229 32 15 un

105 1257 152 28 supplément
274 1256 161 23 d’indemnité.
457 1256 41 22 On
510 1262 30 16 ne
551 1256 24 22 le

105 1291 46 21 sait
166 1296 46 22 que
223 1292 54 25 trop
290 1296 6 20 ;
308 1296 30 16 on
357 1297 32 15 ne
404 1290 106 22 l’entend
528 1295 46 22 que

104 1328 55 22 trop
167 1330 6 19 ;
189 1324 22 20 le
223 1323 95 22 remède
338 1323 62 22 n’est
418 1328 42 22 pas
480 1322 94 22 d’ordre

104 1356 115 22 financier
234 1357 5 19 !
259 1356 24 22 II.
290 1358 35 20 est
336 1356 95 22 d’ordre
441 1356 117 27 politique
567 1356 6 21 !

104 1388 171 23 Un'dictateur
284 1389 104 28 apparaît
399 1394 93 17 comme
511 1389 63 22 dési-

104 1423 66 21 rable
193 1424 27 20 et
230 1422 159 22 nécessaire...
407 1422 40 23 Un
459 1423 116 22 dictateur

104 1461 32 16 ou
149 1462 30 15 un
192 1458 64 19 roi...
275 1462 39 15 car
322 1456 124 28 beaucoup
464 1456 110 22 considè-

103 1491 54 19 rent
166 1494 45 22 que
223 1490 22 20 la
257 1489 112 22 dictature
381 1489 38 22 n’a
430 1490 30 21 de
472 1490 101 22 chances

86 1528 4 4 •
104 1523 30 21 de
146 1521 101 23 réussite
256 1528 46 21 que
311 1523 24 21 si-
348 1524 46 20 elle
412 1522 105 28 s’appuie
533 1529 41 16 sur

103 1561 32 15 un
149 1556 136 21 souverain.
295 1555 34 22 Le'
336 1555 60 23 fond
404 1556 30 22 de
441 1556 71 22 l’idée
523 1562 51 16 res-

102 1590 26 20 te
145 1589 24 21 le
183 1590 78 20 même
276 1594 54 17 sous
349 1589 23 21 la
390 1590 118 22 variation
530 1590 43 21 des

103 1621 123 23 formules.
251 1622 35 21 Ce
310 1627 45 22 que
377 1622 50 22 l’on
447 1624 124 27 envisage,

103 1654 58 22 c’est
165 1656 23 20 le
195 1654 189 23 rétablissement
393 1656 69 22 d’une
471 1656 102 22 autorité

101 1690 162 25 permanente,
277 1688 172 28 indépendante
461 1689 43 22 dés
521 1696 51 21 par-

101 1722 33 21 tis
157 1723 24 20 et
201 1723 40 27 qui
262 1722 56 22 n’ait
332 1728 43 21 pas
392 1723 31 21 de
437 1725 107 26 comptes
558 1722 14 22 à

101 1755 87 21 rendre
200 1755 13 21 à
224 1755 126 22 l’électeur.
361 1755 67 23 C’est
437 1757 24 21 le
472 1762 58 16 voeu
542 1757 30 21 de

100 1790 57 20 tous
174 1794 62 16 ceux
250 1789 45 27 .qui
311 1788 67 23 n’ont
395 1795 42 22 pas
453 1789 88 23 intérêt
557 1789 15 22 à

100 1821 129 28 perpétuer
239 1822 23 21 le
273 1828 123 16 marasme.

129 1854 62 22 Mais
202 1856 36 21 les
248 1861 72 16 voeux
330 1861 31 16 ne
373 1861 27 16 se
406 1855 113 22 réalisent
525 1861 46 22 que

77 1909 3 2 .
97 1894 47 21 par
159 1894 31 15 un
203 1888 71 23 effort
288 1889 29 21 de
335 1889 98 21 volonté
443 1889 126 22 militante.

102 1920 40 23 On
159 1927 30 16 en
207 1923 38 20 est
261 1922 105 27 toujours
379 1928 30 16 en
422 1921 87 23 France
523 1922 14 21 à
547 1923 24 21 la

100 1953 100 27 période
207 1955 43 21 des
259 1955 92 26 soupirs
363 1957 25 19 et
399 1955 41 22 des
448 1955 107 22 souhaits
562 1962 7 14 :

100 1986 37 22 s’il
158 1987 78 21 existe
257 1993 47 15 une
324 1988 97 22 tension
440 1988 130 22 intérieure

99 2025 57 16 vers
162 2020 23 21 le
194 2021 50 25 but,
250 2022 45 20 elle
305 2020 34 22 n’a
348 2027 44 21 pas
398 2026 86 17 encore
493 2021 76 23 réussi

99 2052 15 22 à
125 2052 59 22 faire
193 2053 87 22 brèche
291 2053 14 22 à
312 2054 143 22 l’extérieur.

127 2086 47 22 Roi
187 2092 31 16 ou
234 2086 147 23 dictateur.....
394 2087 36 22 Ce
445 2087 63 23 n’est
526 2094 43 22 pas

99 2125 30 15 en
139 2125 26 16 se
174 2120 105 21 croisant
288 2121 34 21 les
330 2121 55 22 bras
398 2121 72 28 qu’on
479 2127 90 21 provo-

99 2158 73 21 quera
184 2158 25 16 sa
220 2159 86 16 venue.

127 2219 34 21 En
179 2220 121 21 attendant
316 2226 45 21 que
381 2221 24 21 le
425 2227 13 14 «
459 2220 109 29 Français

97 2258 90 22 moyen
212 2260 12 13 »
248 2253 87 21 veuille
358 2253 57 22 bien
435 2260 83 21 passer
537 2254 30 22 de

95 2285 72 22 l’idée
183 2285 13 21 à
213 2285 75 26 l’acte,
309 2286 17 21 il
340 2291 61 17 nous
422 2289 35 19 est
476 2288 91 26 permis

97 2318 150 28 d’envisager
258 2319 23 21 la
292 2320 105 22 solution
405 2320 32 21 du
442 2320 124 27 problème

96 2351 14 22 à
119 2358 32 14 un
160 2352 70 27 point
236 2352 30 21 de
273 2357 45 16 vue
322 2353 137 27 particulier
465 2356 24 19 et
496 2355 68 20 local.

96 2384 111 22 L’Alsace
223 2391 14 15 a
249 2385 51 27 déjà
312 2386 48 27 pris
378 2387 105 26 position
495 2393 7 15 :
520 2388 46 21 elle

96 2417 58 22 s’est
164 2418 112 27 insurgée
287 2421 80 19 contre
377 2425 47 16 une
432 2420 134 22 centralisa-

94 2451 55 22 tion
160 2451 160 27 paperassière
331 2457 47 22 que
386 2452 138 28 représente
532 2460 32 15 un

95 2483 91 28 régime
200 2485 31 21 de
249 2486 150 21 tracasseries
418 2486 146 23 administra-

94 2518 71 20 tives.
179 2517 49 22 Elle
239 2518 38 21 n’a
293 2524 40 21 pas
353 2519 77 22 admis
445 2519 58 28 qu’il
517 2521 48 21 soit

93 2556 65 16 venu
166 2550 14 22 à
189 2550 69 22 l’idée
266 2552 28 21 de
301 2552 21 20 la
330 2551 89 23 France
426 2553 29 21 de
465 2554 100 22 toucher

85 2582 22 25 .à
119 2589 39 16 ses
166 2584 126 23 traditions
310 2585 147 28 religieuses.
478 2586 30 23 II.
518 2593 19 22 y
550 2593 14 16 a

93 2617 114 27 quelques
213 2618 69 26 jours
292 2617 14 22 à
316 2616 80 29 peiné,
408 2626 31 14 un
453 2618 111 24 sénateur

93 2650 110 25 alsacien,
216 2651 131 21 conseillait
358 2653 181 26 publiquement
549 2653 14 22 à

93 2688 39 16 ses
141 2684 165 27 compatriotes
312 2685 20 21 la
342 2685 99 22 volonté
449 2686 31 21 de
487 2689 76 20 rester

93 2716 96 21 maîtres
203 2717 58 21 chez
275 2723 52 16 eux.

121 2749 28 21 Et
160 2750 55 21 bien
227 2751 5 20 !
251 2750 21 22 Il
281 2756 17 22 y
313 2757 13 15 a
339 2757 32 15 un
384 2752 97 22 malaise
494 2758 68 17 corse

93 2788 93 16 comme
194 2783 16 21 il
219 2784 76 21 existe
304 2790 30 15 un
343 2786 98 21 malaise
449 2786 111 27 alsacien;

92 2813 303 31 c’esfl’incompréhension
406 2818 30 22 de
446 2824 45 16 nos
501 2819 56 23 inté-

92 2850 49 20 rêts
154 2849 82 22 vitaux
247 2850 40 27 qui
296 2851 22 20 le
329 2856 71 16 cause
409 2858 6 14 :
425 2852 36 21 les
469 2854 91 21 mêmes

91 2882 98 22 besoins
209 2883 80 22 créent
305 2886 95 25 partout
417 2886 35 20 les
469 2887 91 21 mêmes

91 2918 118 19 courants.

119 2948 31 22 La
169 2948 89 23 Francé
278 2956 13 15 a
313 2949 47 26 fait,
376 2957 91 21 preuve
489 2952 70 23 d’une

89 2982 157 29 psychologie
258 2982 14 22 à
288 2985 80 20 courte
384 2990 55 21 vue,
458 2991 29 15 en
502 2992 58 16 vou-

89 3015 50 21 lant
155 3015 31 21 du
203 3017 50 20 soir
270 3022 28 16 au
312 3017 74 21 matin
404 3017 86 28 opérer
512 3026 47 15 une

89 3047 80 22 fusion
178 3049 117 27 complète
307 3050 27 21 de
346 3049 135 29 législation
494 3054 24 20 et
529 3053 30 22 de

89 3086 90 16 moeurs
197 3084 67 20 entre
282 3083 43 20 elle
348 3085 24 19 et
390 3081 111 25 l’Alsace.
524 3085 34 22 Ce

88 3119 60 22 pays
159 3115 106 25 pendant
274 3115 53 26 près
338 3115 57 22 d’un
409 3117 149 23 demi-siècle

88 3146 66 21 avait
171 3147 33 20 dû
221 3153 25 15 se
262 3147 77 22 suffire
359 3148 15 21 à
390 3149 125 23 lui-même
535 3153 24 20 et

87 3184 47 15 une
147 3178 93 28 époque
251 3180 135 22 transitoire
398 3181 159 28 d’adap’tation

87 3211 113 26 s’imposa
224 3214 71 20 avant
313 3213 28 21 de
368 3216 78 19 tenter
468 3214 90 29 l’expé-

86 3244 89 20 rience.

117 3276 61 21 Mais
189 3276 97 23 l’erreur
293 3277 35 22 fut
335 3284 86 17 encore
432 3281 53 25 plus
494 3282 64 21 lour-

87 3309 31 20 de
129 3309 31 20 de
170 3311 98 20 vouloir
277 3311 118 22 assimiler
405 3312 14 21 à
428 3318 32 15 un
474 3314 82 27 dépar-

87 3343 92 19 tement
197 3341 99 29 français
311 3349 46 15 une
371 3344 33 21 île
413 3346 24 19 et
452 3351 32 15 un
497 3352 59 23 pays

87 3373 60 21 dont
157 3374 36 20 les
204 3374 116 22 habitants
336 3375 121 23 n’avaient
470 3378 86 27 jamais

87 3405 68 21 cessé
166 3405 113 28 d’aspirer
289 3407 14 22 à
309 3407 203 29 l’indépendance.

115 3437 168 28 Montesquieu
294 3440 57 22 dans
362 3448 34 15 un
409 3448 100 23 passage
525 3446 30 21 de

85 3476 14 14 «
115 3469 94 27 l’Esprit
228 3472 43 20 des
288 3473 59 21 trois
394 3477 113 21 consacré
525 3484 31 15 au

85 3509 14 13 <z
112 3502 100 26 Peuples
225 3504 43 21 des
279 3504 54 22 isles
346 3513 10 13 »
380 3507 116 22 n’avait-il
512 3516 43 20 pas

85 3536 84 19 inscrit
178 3540 29 16 en
217 3537 50 20 tête
275 3537 29 20 du
314 3537 105 28 chapître
430 3546 46 17 que
484 3548 6 13 :
500 3543 55 20 «les

85 3567 99 26 peuples
196 3568 43 21 des
250 3569 56 21 isles
320 3573 55 18 sont
387 3573 52 25 plus
450 3573 83 25 portés
541 3574 14 21 à

84 3599 24 20 la
119 3598 85 22 liberté
215 3605 48 22 que
273 3602 34 20 les
322 3605 99 25 peuples
433 3605 32 20 du
478 3607 77 21 conti-

85 3633 59 18 nent
155 3638 13 12 2-
176 3632 14 20 ?

113 3662 124 23 N’avait-il
256 3671 42 21 pas
314 3667 59 21 dans
392 3669 22 20 la
433 3670 76 25 partie
532 3672 22 20 la

605 367 54 26 plus
682 365 136 21 essentielle
841 363 30 20 de
893 367 44 16 son
961 365 112 22 ouvrage,

605 397 84 22 insisté
697 403 42 15 sur
745 397 24 20 le
775 397 97 26 rapport
877 395 42 21 des
927 394 148 21 institutions

605 436 59 15 avec
674 430 36 21 les
723 429 91 21 climats
825 430 25 20 et
870 434 13 14 «
897 428 23 20 la
939 428 85 20 nature
1044 426 32 21 du

604 462 88 22 terrain
702 468 13 14 »
724 462 13 20 ?

633 495 34 21 Ce
679 496 57 19 sont
747 495 111 26 pourtant
869 498 39 16 ces
920 491 107 23 données
1038 497 38 16 re-

604 528 81 21 levant
707 527 34 21 du
763 528 42 20 net
831 525 180 22 déterminisme
1033 524 43 21 des

604 560 108 22 sciences
725 560 127 21 naturelles
864 565 47 21 que
921 559 24 21 la
956 558 90 21 France
1062 563 14 15 a

604 592 146 23 méconnues
761 599 30 15 en
805 591 61 29 1789.
883 592 48 21 Elle
943 598 13 15 a
967 593 109 24 transpo-

604 625 27 22 sé
648 626 22 20 la
686 625 76 22 Corse
774 625 57 21 dans
840 626 23 20 le
874 625 69 21 cadre
955 624 71 21 d’une
1037 627 40 18 or-

603 658 136 28 ganisation
762 658 161 21 continentale
945 663 31 15 en
1001 655 75 22 l’affu-

603 691 66 22 blant
680 691 30 21 de
717 690 131 28 l’étiquette
856 691 30 21 de
898 689 175 29 Département.

632 723 86 22 C’était
729 724 97 21 vouloir
838 723 131 28 conjuguer
980 722 60 22 l’eau
1051 724 25 19 et

603 757 23 20 le
638 756 39 22 feu
688 757 6 20 !

632 789 69 22 Cette
713 789 114 28 étiquette
838 795 31 16 ne
889 790 99 27 pouvait
1006 789 70 22 avoir

602 823 23 20 la
636 825 71 19 vertu
718 823 30 21 de
759 823 136 27 supprimer
911 822 119 22 l’étendue
1044 822 30 22 de

602 861 53 16 mer
666 856 40 27 qui
724 861 61 16 nous
807 857 61 21 isole
890 856 31 21 du
942 856 130 21 continent.

604 887 69 23 Cette
685 895 70 16 cause
767 890 114 21 naturelle
890 891 24 20 et
919 889 154 28 primordiale

603 921 30 22 de
650 924 70 20 notre
732 922 134 22 infériorité
878 921 165 29 économique,
1056 922 17 22 il

602 954 82 22 n’était
696 961 43 21 pas
750 962 29 15 au
790 956 106 27 pouvoir
906 956 43 22 des
962 956 111 22 hommes

603 988 30 21 de
644 989 23 21 la
678 989 136 27 supprimer
824 995 43 22 par
877 996 32 15 un
921 989 88 22 décret.

630 1020 67 23 Nous
709 1027 83 17 serons
800 1023 109 27 toujours
918 1022 14 22 à
943 1023 43 22 des
997 1023 76 21 lieues

602 1054 31 21 de
651 1060 52 16 mer
722 1056 42 21 des
785 1057 95 21 centres
902 1056 171 28 économiques

602 1087 142 28 importants
755 1089 42 22 des
817 1088 97 30 régions
934 1090 138 28 auxquelles

602 1127 32 16 on
654 1127 61 16 nous
734 1122 104 22 assimile
856 1129 31 16 en
907 1123 134 22 violentant
1050 1123 22 21 la

601 1156 84 20 nature
694 1155 43 21 des
749 1155 93 23 choses.
856 1157 43 21 Les
910 1157 110 28 produits
1030 1155 43 23 né-

602 1188 114 22 cessaires
740 1188 14 22 à
773 1189 21 22 la
817 1190 39 22 vie
878 1192 112 20 courante
1014 1192 23 19 et
1059 1190 13 21 à

600 1220 84 23 l’essor
700 1222 33 21 du
748 1228 67 23 pays,
828 1229 62 17 nous
901 1224 173 27 parviendront

601 1254 108 28 toujours
720 1255 87 28 grevés
826 1257 42 21 des
884 1257 57 22 frais
951 1258 121 27 multiples

601 1287 210 27 qu’occasionnent
845 1287 42 25 les
919 1291 153 22 transborde-

601 1323 77 20 ments
690 1324 25 19 et
726 1325 132 25 transports
869 1330 43 21 par
922 1330 60 16 mer.

628 1355 40 21 Au
683 1356 87 27 regard
791 1356 42 22 des
857 1359 77 20 autres
958 1356 114 29 Départer

599 1390 86 24 ments,
706 1389 23 21 la
750 1388 75 23 Corse
846 1396 53 17 sera
920 1390 109 28 toujours
1048 1391 22 20 le

599 1424 84 24 parent
694 1428 98 22 pauvre.
807 1422 35 23 Ce
854 1424 40 27 qui
906 1423 164 29 n’empêchera

599 1460 43 21 pas
652 1455 23 21 la
683 1454 134 29 métropole
826 1457 30 22 de
863 1459 85 20 mettre
956 1458 23 21 le
988 1459 83 26 parent

599 1493 97 22 pauvre,
705 1494 42 16 sur
756 1490 24 21 le
798 1491 80 20 même
893 1490 57 28 pied
969 1496 47 22 que
1035 1492 35 20 les

599 1523 78 20 autres
688 1522 107 27 lorsqu’il
807 1522 84 29 s’agira
903 1524 30 21 de
944 1526 126 26 supporter

599 1555 35 21 les
645 1555 101 28 charges
765 1561 139 17 communes
924 1558 24 21 et
968 1563 30 16 en
1018 1563 52 22 pre-

598 1588 76 22 mière
685 1589 67 27 ligne
763 1588 95 29 l’impôt
868 1590 32 22 du
911 1596 68 22 sang.

627 1621 62 22 Mais
701 1622 20 21 si
733 1621 70 23 l’idée
817 1623 99 27 d’impôt
927 1625 37 20 est
976 1623 93 28 insépa-

598 1655 66 21 rable
686 1655 30 21 de
737 1655 70 22 l’idée
825 1657 31 21 de
875 1657 93 21 service
984 1657 83 26 rendu,

598 1694 61 16 nous
669 1694 93 23 payons
772 1689 13 22 à
792 1690 24 21 la
822 1689 89 23 France
921 1691 54 27 plus
984 1690 84 28 qu’elle

598 1726 31 16 ne
640 1723 58 26 peut
713 1728 68 16 nous-
787 1723 93 22 donner
896 1726 24 19 et
938 1724 85 27 qu’elle
1038 1730 30 15 ne

598 1760 62 16 nous
668 1755 80 22 donne
756 1762 6 20 ;
775 1757 35 21 les
825 1758 95 20 valeurs
936 1756 132 30 échangées

597 1793 32 16 ne
640 1790 56 20 sont
707 1795 43 21 pas
770 1790 29 21 de
822 1790 72 22 celles
914 1791 40 26 qui
975 1792 93 21 entrent

598 1821 58 21 dans
667 1822 36 21 les
715 1824 88 20 termes
816 1823 70 22 d’une
895 1822 121 29 équation.

627 1854 42 22 Les
681 1856 101 27 Anglais
801 1857 154 22 accordèrent
972 1859 97 26 sponta-

596 1887 99 23 nément
705 1888 14 21 à
728 1890 22 20 la
762 1889 76 22 Corse
849 1890 155 22 l’autonomie
1021 1896 46 22 que

596 1921 131 27 possèdent
732 1940 3 3 ,
745 1924 53 20 tous
818 1924 36 21 les
871 1923 146 23 Dominions
1035 1925 31 21 du

597 1953 192 29 Royaume-Uni.

625 1987 115 23 L’affinité
747 1989 40 26 qui
799 1990 77 21 existe
888 1992 67 20 entre
965 1992 55 20 tous
1031 1991 35 21 les

596 2021 130 22 caractères
749 2022 132 27 insulaires,
900 2024 87 22 èntrait
1006 2030 60 21 pour

595 2054 123 28 beaucoup
728 2055 58 22 dans
795 2058 62 20 cette
865 2056 200 28 compréhension

595 2087 139 22 immédiate
745 2089 30 21 de
786 2095 45 16 nos
847 2090 142 28 aspirations
1001 2093 24 20 et
1035 2091 30 22 de

595 2126 44 16 nos
651 2121 105 22 besoins.

623 2153 124 29 Napoléon
759 2156 41 27 qui
812 2157 65 21 avait
893 2157 23 21 le
932 2163 56 16 sens
1011 2158 54 28 aigu

594 2187 43 21 des
656 2187 96 23 réalités
764 2188 166 28 qu’il-maniait
946 2191 119 22 d’ailleurs

594 2219 71 23 d’une
687 2221 65 22 main
773 2222 153 28 vigoureuse,
957 2226 55 20 tout
1033 2230 31 16 en

593 2256 135 24 respectant
739 2256 22 20 le
780 2255 80 23 décret
876 2257 31 21 dé
926 2256 69 30 1789,'
1010 2264 54 16 sans

592 2287 80 27 lequel
684 2288 19 21 il
710 2288 101 23 n’aurait
820 2290 85 27 jamais
913 2296 33 22 pu
956 2291 108 28 présider

592 2326 48 15 aux
650 2321 121 23 destinées
787 2323 31 21 de
840 2324 27 21 la-
883 2323 96 27 France,
1001 2326 63 21 avait

592 2352 41 23 fait
645 2353 15 22 à
670 2355 31 21 la.
706 2354 76 23 Corse
793 2362 48 16 une
853 2357 111 23 situation
978 2358 86 28 éconoT

592 2387 32 21 mi
627 2393 46 22 que
681 2388 104 28 spéciale
793 2390 42 27 qui
844 2391 76 26 prend
928 2396 70 24 corps
1005 2392 58 22 dans

591 2420 36 21 les
632 2437 3 3 .
638 2420 89 23 arrêtés
740 2421 69 23 Miot.

620 2453 61 23 Mais
691 2458 30 18 eh
730 2454 53 23 1818
788 2462 58 16 sous
854 2457 23 21 la
885 2457 176 29 Restauration,

590 2486 24 21 la
626 2486 89 23 France
727 2490 102 26 reprénd
841 2489 69 23 d’une
923 2492 66 22 main
1008 2493 14 21 à
1039 2493 23 21 la

592 2519 84 27 Corse,
700 2527 27 16 ce
745 2522 85 27 qu’elle
844 2524 33 21 lui
899 2530 12 16 a
932 2525 81 22 donné
1032 2526 30 22 de

590 2552 82 24 l’autre
681 2557 25 19 et
717 2561 43 21 par
771 2562 47 15 une
825 2557 98 28 logique
932 2560 64 20 aussi
1005 2559 56 22 dou-

590 2588 67 20 teuse
669 2587 153 28 que'cruelle,
836 2591 46 21 elle
892 2590 123 24 l’assimile
1032 2598 29 16 au

590 2621 69 26 point
669 2622 31 21 de
715 2627 47 16 vue
782 2623 116 22 douanier
916 2624 14 22 à
950 2632 32 15 un
1002 2632 59 22 pays

590 2652 121 29 étranger..

618 2686 105 23 L’erreur
734 2689 118 26 première
863 2690 31 22 de
913 2691 62 29 1789,
995 2692 66 28 réap-

588 2720 76 26 paraît
674 2726 58 17 sous
740 2728 33 15 un
781 2725 66 19 autre
855 2727 82 24 aspect
943 2731 6 15 :
956 2727 24 21 la
991 2726 70 22 Fran-

589 2758 27 15 ce
638 2754 131 25 routinière
791 2758 25 19 et
837 2756 174 29 théoricienne,
1034 2766 26 16 se

588 2786 78 22 refuse
678 2794 48 15 une
737 2788 46 22 fois
791 2789 36 29 [de
838 2792 54 26 plus
906 2791 13 22 à
931 2793 56 21 voir
1004 2798 56 17 con-

588 2821 56 21 cret.

613 2925 13 26 J
635 2927 101 21 entends
751 2927 139 28 l’objection
908 2931 43 21 des
971 2932 87 27 esprits

586 2958 105 23 sincères
705 2966 7 15 :
725 2967 15 14 «
750 2966 62 17 nous
828 2968 136 17 concevons
976 2964 82 23 l’auto-

586 2993 82 20 nomie
679 2992 160 29 économique
852 3002 6 19 ;
871 2997 46 20 elle
929 3002 27 16 se
966 2998 91 27 justifie

586 3030 43 21 par
639 3025 42 22 des
698 3026 93 22 raisons
807 3029 41 26 qui
859 3029 109 23 tiennent
979 3031 13 22 à
1004 3031 54 23 l’or-

586 3057 42 21 dre
644 3060 94 20 naturel
760 3060 42 21 des
825 3061 86 22 choses
924 3069 6 19 ;
955 3065 46 20 elle
1021 3067 36 19 est

585 3092 156 22 commandée
751 3099 43 21 par
804 3095 23 20 la
846 3095 70 28 leçon
935 3097 32 20 du
986 3097 70 28 passé

585 3125 24 19 et
620 3124 18 21 il
648 3124 42 28 n’y
701 3131 13 15 a
722 3131 42 21 pas
777 3127 126 28 d’arguties
914 3128 14 22 à
940 3130 117 23 balbutier

585 3161 30 16 en
624 3157 116 26 présence
745 3159 30 21 de
783 3165 39 16 ces
828 3163 172 22 constatations
1004 3163 50 22 là...

585 3189 62 22 Mais
655 3191 9 20 1
671 3193 138 21 autonomie
814 3195 117 26 politique
939 3201 47 22 que
993 3202 62 16 vous

584 3223 102 21 semblez
702 3223 140 28 préconiser
862 3232 27 16 se
907 3227 113 27 présente
1041 3229 14 22 à

583 3259 61 17 nous
656 3261 56 17 sous
725 3257 42 21 des
784 3260 109 26 auspices
906 3262 81 21 moins
1006 3268 50 16 ras-

583 3290 100 20 surants.
703 3289 33 22 Le
754 3289 76 24 Corse
849 3298 14 15 a
872 3294 55 26 trop
947 3294 32 21 de
996 3296 60 27 goût

583 3325 61 22 pour
654 3322 36 21 les
703 3322 85 22 choses
799 3325 31 20 de
838 3326 24 19 la
873 3326 116 27 politique
1001 3330 25 19 et
1036 3329 19 20 il

581 3358 18 22 y
619 3359 14 15 a
653 3360 48 21 peu
721 3355 30 21 de
767 3361 59 22 pays
847 3357 32 21 où
897 3358 157 27 les-passions

582 3384 139 24 électorales
743 3388 78 22 soient
840 3390 64 21 aussi
923 3391 79 23 vives.
1026 3393 29 22 Et

582 3419 62 20 alors
655 3419 6 20 !
673 3425 48 16 une
734 3419 46 22 fois
790 3421 85 22 maître
887 3423 30 20 de
929 3429 39 16 ses
981 3425 73 22 desti-

581 3450 65 26 nées',
667 3454 72 19 notre
753 3452 40 26 île,
818 3460 31 15 ne
870 3455 183 27 risquerà-t-elle

581 3488 43 21 pas
635 3484 31 20 de
676 3485 103 21 devenir
789 3492 48 15 une
846 3489 170 25 reproduction
1022 3498 31 15 en

581 3515 127 23 miniature
720 3517 30 21 de
767 3519 22 20 la
810 3519 89 23 France
920 3524 133 25 parlemen-

581 3548 59 20 taire
654 3551 25 19 et
688 3556 33 15 ne
738 3556 100 17 verrons
849 3559 61 16 nous
933 3561 43 20 pas
987 3556 66 22 sévir

581 3580 58 21 dans
651 3587 32 16 un
696 3583 69 21 cadre
777 3585 53 25 plus
842 3585 72 23 étroit
930 3591 62 19 cette
1011 3589 42 22 né-

580 3612 60 22 faste
655 3615 126 27 politique-
793 3619 41 25 qui
856 3624 13 15 a
892 3621 54 20 tout
966 3622 84 27 gâché,

580 3647 53 19 tout
643 3648 122 27 gangrené
776 3651 53 21 tout
840 3653 81 25 pourri
934 3653 59 23 dans
1004 3661 48 15 une

581 3678 42 20 des
631 3679 53 25 plus
694 3680 74 22 fortes
779 3684 95 21 nations
886 3685 30 20 de
922 3686 130 28 l’Europe?

1131 117 25 6 ...
1166 102 175 23 Evidemment,
1354 99 21 22 si
1386 99 23 21 la
1421 98 76 22 Corse
1508 98 67 20 auto-

1103 140 80 19 nome,
1197 134 67 21 allait
1271 134 137 26 emprunter
1416 130 15 22 à
1441 132 23 20 la
1476 130 96 25 France,

1102 168 23 20 le
1134 166 93 27 régime
1240 166 59 22 dont
1310 171 27 15 ce
1351 170 59 21 pays
1422 169 26 16 se
1457 164 78 20 meurt
1550 163 25 20 et

1102 199 60 22 dont
1169 199 37 21 les
1214 197 110 23 résultats
1335 196 185 28 légitimeraient
1524 196 51 20 tou-

1101 233 25 20 te
1146 234 134 25 campagne
1291 229 147 28 séparatiste,
1454 233 61 16 nous
1532 232 40 16 au-

1101 264 67 21 rions
1177 264 45 21 fait
1236 269 84 16 oeuvre
1331 262 72 21 vaine
1424 262 25 20 et
1459 259 114 23 absurde.

1130 296 63 21 Mais
1211 296 118 28 pourquoi
1351 299 118 22 supposer
1492 293 15 21 à
1528 298 47 17 nos

1102 329 158 27 conceptions
1273 335 27 15 ce
1311 325 72 30 degré
1395 326 144 27 d’illogisme
1551 327 25 20 et

1101 361 129 22 d’insanité
1239 362 40 27 qui
1287 360 93 23 confine
1389 358 14 22 à
1408 360 23 21 la
1440 358 135 22 démence?

1130 394 135 27 D’ailleurs,
1279 394 65 22 est-il
1360 392 56 22 bien
1440 390 132 27 démontré,

1102 432 46 22 que
1160 429 63 20 cette
1233 428 96 27 passion
1340 426 33 21 du
1384 425 76 22 Corse
1472 430 61 23 pour
1551 425 24 21 la

1101 460 59 21 lutte
1169 460 43 21 des
1224 461 74 26 partis
1310 461 24 20 et
1347 459 35 21 les
1395 458 179 22 combinaisons

1102 492 30 21 de
1143 493 23 21 la
1177 493 118 28 politique
1307 493 48 22 soit
1362 498 33 15 un
1406 492 57 22 trait
1478 490 56 23 inné
1544 491 30 22 de

1102 531 45 16 son
1159 526 138 22 caractère?

1131 558 70 23 Cette
1215 560 118 27 politique
1348 559 148 22 alimentaire
1514 558 61 21 dont

1101 593 23 20 la
1141 592 90 22 France
1247 595 78 19 meurt
1343 594 24 20 et
1383 593 60 22 dont
1458 593 23 21 la
1497 591 76 23 Corse

1101 625 97 26 souffre,
1211 630 33 17 on
1257 625 54 22 h’en
1320 625 64 22 avait
1400 631 43 22 pas
1451 624 70 22 l’idée
1543 631 30 14 au

1101 659 78 26 temps
1189 658 31 22 de
1232 658 75 26 Paoli;
1317 658 58 22 c’est
1385 664 33 16 un
1430 659 66 21 virus
1507 656 67 23 d’ex-

1101 692 121 26 portation
1236 693 25 20 et
1278 697 62 17 vous
1351 696 88 23 pensez
1449 692 57 21 bien
1525 696 48 21 que

1101 729 62 17 nous
1182 724 113 23 n’aurons
1308 731 42 21 pas
1362 726 22 21 la
1402 725 127 22 tentation-
1542 724 31 21 de

1100 758 34 21 lui
1153 764 116 21 procurer
1279 764 33 16 un
1334 759 85 27 champ
1432 759 30 21 de
1481 758 92 22 culture

1100 792 108 27 propice.

1130 868 154 29 L’aspiration
1294 869 14 22 à
1321 870 155 22 l’autonomie
1486 875 14 16 a
1517 874 56 16 cou-

1099 901 31 22 vé
1142 909 49 15 aux
1203 902 112 28 périodes
1327 903 82 22 faciles
1420 903 37 22 de'
1471 902 102 22 l’histoi-

1099 941 34 16 re.
1147 936 66 22 L’ère
1224 937 44 21 des
1277 936 127 23 difficultés
1415 937 23 21 la
1455 935 81 23 révèle
1549 937 24 20 et

1098 969 110 23 l’accuse.
1222 969 79 23 L’idée
1310 971 32 21 du
1364 969 135 23 nécessaire
1518 969 55 22 finit

1099 1004 109 27 toujours
1219 1010 45 21 par
1274 1003 132 28 s’imposer.

1127 1037 66 22 Tous
1205 1038 36 21 les
1251 1037 91 27 esprits,
1348 1037 73 22 libres
1437 1037 30 21 de
1485 1035 85 26 Corse,

1099 1072 176 26 comprennent
1294 1076 46 22 que
1363 1071 57 21 c’est
1438 1075 47 16 une
1508 1068 63 22 faute

1098 1110 75 22 grave
1193 1110 48 21 que
1251 1104 30 21 de
1301 1109 26 16 se
1346 1103 97 28 séparer
1467 1103 30 21 de
1509 1104 62 20 cette

1098 1137 55 22 idée
1167 1139 24 20 et
1200 1137 133 23 construire
1344 1137 14 22 à
1365 1136 82 23 l’écart
1453 1136 42 22 des
1500 1136 71 21 rêves

1099 1170 102 23 stériles.
1224 1171 45 22 Les
1288 1170 99 23 intérêts
1410 1170 84 22 vitaux
1515 1168 56 22 d’un

1098 1210 60 22 pays
1166 1210 32 16 ne
1210 1204 144 22 s’arrachent
1364 1209 43 22 pas
1418 1209 44 22 par
1480 1202 88 26 bribes;

1097 1239 36 21 les
1145 1238 65 22 demi
1222 1237 116 22 réformes
1347 1237 176 22 entretiennent
1534 1235 36 22 les

1098 1277 95 16 erreurs
1205 1273 25 20 et
1248 1272 39 21 les,
1292 1271 59 21 abus
1363 1270 41 28 qui
1415 1270 111 22 finissent
1536 1274 33 16 un

1095 1305 57 27 jour
1162 1310 45 21 par
1213 1304 129 28 reprendre
1353 1304 22 21 la
1387 1304 76 26 place.
1475 1319 4 4 .

1127 1337 66 23 C’est
1210 1343 72 22 parce
1304 1343 47 22 que
1370 1339 71 19 notre
1460 1336 109 22 doctrine

1098 1373 36 20 est
1145 1371 187 28 intransigeante
1351 1372 24 20 et
1394 1372 66 20 nette
1482 1368 87 30 qu’elle

1097 1407 37 20 est
1145 1405 160 22 raisonnable.
1318 1404 31 22 La
1361 1404 99 27 logique
1471 1405 37 20 est
1515 1405 53 20 tou-

1094 1439 69 27 jours
1170 1438 149 23 extrémiste.

1114 1472 42 22 -La
1170 1478 132 22 campagne
1330 1477 61 22 pour
1412 1470 156 22 l’autonomie

1096 1505 38 22 n’a
1144 1506 55 21 rien
1206 1505 57 22 d’un
1275 1507 67 27 geste
1354 1505 29 21 de
1395 1503 102 27 révolte;
1520 1504 48 22 elle

1095 1539 105 27 procède
1209 1538 71 22 d’une
1286 1538 53 22 idée
1350 1537 111 27 calculée,
1471 1538 97 21 scienti-

1095 1577 82 22 que....

1125 1605 64 23 C’est
1201 1605 16 22 â
1224 1607 47 21 elle
1283 1605 56 28 qu’il
1348 1605 50 22 faut
1404 1610 26 17 se
1442 1610 126 22 crampon-

1096 1645 42 15 ner
1149 1644 63 23 pour
1232 1645 30 16 ne
1286 1645 40 22 pas
1348 1639 96 22 tomber
1465 1639 59 21 dans
1545 1639 21 21 le

1095 1672 92 28 gouffre
1201 1672 32 23 où
1252 1673 62 22 iront
1334 1673 80 21 rouler
1433 1674 55 20 tous
1505 1677 61 17 ceux

1095 1706 40 27 qui
1145 1705 96 28 jusqu’à
1253 1707 22 21 la
1286 1706 109 22 dernière
1415 1706 92 21 minute
1527 1711 39 16 au-

1095 1741 54 20 ront
1161 1745 41 17 cru
1222 1739 14 22 à
1248 1741 21 20 la
1279 1740 77 28 magie
1365 1740 42 21 des
1430 1740 135 27 palabres...

1094 1778 70 22 parce
1175 1773 72 28 qu’ils
1258 1774 95 22 avaient
1359 1779 59 22 peur
1426 1773 29 22 de
1462 1773 103 22 Faction.

1235 1822 93 22 Anton’
1337 1822 100 22 Simone
1448 1821 116 23 Franchi.

1144 1919 76 37 Chez
1232 1920 55 36 Les
1301 1920 214 37 Commercants

1122 2027 30 21 La
1169 2027 114 22 chambre
1304 2028 122 29 syndicale
1443 2028 42 22 des
1500 2033 65 17 com-

1092 2063 119 26 merçants
1214 2063 26 19 et
1243 2061 135 30 industriels
1382 2061 123 28 d’Ajaccio
1509 2061 56 23 s’est

1092 2093 82 23 réunie
1182 2094 128 23 dimanche
1319 2095 147 28 après-midi,
1480 2100 55 17 sous
1541 2096 23 21 la

1092 2127 143 28 présidence
1245 2128 30 22 de
1287 2129 34 21 M.
1334 2128 89 22 Davin.

1120 2166 67 23 Onze
1192 2168 128 26 membres,
1331 2174 41 16 sur
1382 2168 83 26 douze,
1475 2167 90 23 étaient

1092 2200 109 28 présents
1206 2208 6 19 ;
1225 2201 24 21 le
1258 2201 122 22 douzième
1397 2200 58 23 était
1467 2200 95 23 excusé.

1119 2234 34 22 M.
1163 2233 83 23 Davin
1254 2241 14 15 a
1276 2234 115 23 remercié
1395 2241 40 16 ses
1443 2234 120 29 collègues

1092 2267 30 21 de
1130 2268 23 21 la
1159 2274 100 22 marque
1271 2269 29 21 de
1314 2268 124 23 confiance
1449 2270 26 20 et
1484 2268 80 22 d’esti-

1090 2306 41 16 me
1138 2301 71 28 qu’ils
1219 2302 35 21 lui
1266 2304 43 20 ont
1317 2301 94 23 donnée
1419 2308 31 16 en
1461 2301 103 23 l’élisant

1090 2333 13 23 à
1114 2335 23 20 la
1147 2333 143 29 présidence
1299 2335 30 22 de
1335 2336 53 21 leur
1395 2337 166 27 groupement,

1090 2369 57 20 eten
1155 2369 116 26 quelques
1276 2369 285 28 phrasessubstantielles,

1090 2401 17 22 il
1119 2408 13 15 a
1139 2401 85 23 brossé
1232 2409 32 15 un
1273 2401 94 23 tableau
1377 2403 30 21 de
1418 2403 24 21 la
1449 2403 113 21 situation

1090 2434 160 29 économique
1270 2437 61 21 delà
1354 2436 90 22 France
1463 2438 24 20 et
1501 2436 61 22 delà

1090 2468 76 23 Corse
1168 2481 5 9 ;

1118 2507 20 22 Il
1147 2514 15 15 a
1174 2507 39 23 été
1233 2508 104 28 procédé
1345 2508 15 22 à
1367 2510 24 20 la
1412 2509 150 22 nomination

1089 2541 30 20 de
1133 2543 83 25 quatre
1238 2543 169 21 commissions
1420 2542 142 28 techniques

1089 2574 40 27 qui
1141 2577 84 20 seront
1237 2575 113 28 chargées
1360 2575 117 23 d’étudier
1482 2578 80 20 toutes

1088 2608 35 21 les
1131 2609 126 26 questions
1269 2608 210 28 professionnelles
1489 2611 73 20 avant

1088 2641 31 21 de
1127 2642 36 21 les
1189 2644 133 20 soumettre
1333 2642 14 22 à
1355 2643 22 22 la
1389 2643 122 22 discusion
1530 2643 31 21 de

1088 2674 21 21 la
1126 2674 129 22 Chambre.
1276 2675 47 23 Ces
1346 2679 83 24 quatre
1449 2677 113 21 commis-

1088 2708 74 26 sions,
1172 2708 146 28 composées
1330 2710 105 22 chacune
1442 2710 31 22 de
1478 2712 83 26 quatre

1087 2742 128 26 membres,
1225 2744 56 20 sont
1285 2749 6 15 :
1296 2743 24 22 la
1329 2744 155 22 commission
1492 2743 69 22 fisca-

1086 2775 55 25 le,la
1152 2777 159 21 commission
1329 2777 42 22 des
1379 2779 140 26 transports,
1537 2778 25 21 la

1087 2809 157 22 commission
1279 2810 34 21 de.
1332 2809 184 24 l’alimentation
1536 2813 26 19 et

1086 2842 21 21 la
1120 2842 159 23 commission
1287 2843 44 22 des
1346 2845 127 26 questions,
1482 2844 79 22 diver-

1086 2880 46 16 ses.

1114 2913 55 23 Une
1188 2916 146 26 discussion,
1353 2916 14 22 à
1387 2917 102 27 laquelle
1517 2918 43 20 ont

1085 2948 116 27 participé
1221 2951 56 20 tous
1293 2950 36 21 les
1347 2950 129 26 membres,
1503 2949 60 22 s’esf

1085 2982 92 21 ensuite
1187 2982 108 29 engagée
1305 2989 42 15 sur
1357 2985 36 20 les
1409 2989 103 23 moyens
1522 2984 37 20 les

1083 3012 54 28 plùs
1144 3018 135 24 opportuns
1288 3016 14 21 à
1313 3016 101 29 adopter
1425 3022 62 22 pour
1500 3016 60 28 qu’il

1084 3047 47 21 soit
1142 3048 81 21 donné
1239 3049 148 23 satisfaction
1407 3056 48 15 aux
1473 3056 86 15 reven-

1083 3080 119 22 dications
1222 3081 123 29 légitimes
1368 3084 32 21 du
1425 3088 133 17 commerce

1083 3115 23 19 et
1119 3113 29 22 de
1155 3114 136 23 l’industrie
1315 3117 133 21 insulaires.
1462 3116 21 22 Il
1494 3122 14 16 a
1519 3115 39 23 été

1083 3151 112 17 convenu
1211 3153 47 22 que
1280 3149 37 22 les
1337 3155 108 17 mesures
1466 3150 93 21 envisa-

1082 3179 56 28 gées
1163 3183 84 20 seront
1266 3183 120 21 soumises
1399 3182 14 22 à
1427 3182 132 28 l’approba-

1081 3215 52 22 tion
1139 3216 31 21 de
1183 3218 58 20 tous
1253 3218 37 21 les
1301 3219 122 21 membres
1435 3219 31 20 du
1473 3217 86 29 Syndi-

1082 3251 45 23 cat,
1139 3250 41 26 qui
1188 3253 86 19 seront
1281 3251 141 28 convoqués
1431 3251 127 22 dimanche

1081 3282 117 25 prochain
1209 3282 14 21 à
1238 3289 48 16 une
1304 3285 135 22 assemblée
1457 3284 101 28 généra-

1079 3314 24 21 le
1115 3316 200 24 extraordinaire.

1108 3352 32 22 La
1155 3352 88 24 séance
1255 3361 13 16 a
1280 3355 41 25 été
1331 3355 70 22 levée
1412 3356 39 26 à.4
1461 3356 96 22 heures.

1110 3494 146 23 CUMUNA
1269 3498 36 21 DI
1319 3497 207 24 PARAPIGLIA

1078 3556 26 21 In
1114 3559 91 20 vendita
1215 3567 13 11 «
1237 3561 20 20 A
1267 3562 104 20 Cumuna
1378 3562 24 20 di
1411 3563 125 25 Parapiglia
1546 3570 11 11 »

1129 3590 129 21 cummedia
1271 3592 25 20 in
1307 3596 69 21 4attu
1385 3599 14 13 e
1407 3593 26 20 16
1440 3600 68 14 scene

1216 3626 25 19 di
1255 3627 167 21 MAISTRALE

1102 3660 124 25 stampariâ
1235 3662 23 19 di
1272 3664 21 19 A
1302 3663 86 20 Muvra
1397 3670 13 14 a
1417 3664 14 20 5
1437 3664 94 20 franchi.

1136 3695 14 20 6
1162 3695 93 26 franchi,
1261 3705 29 13 en
1297 3705 17 14 e
1321 3705 66 18 spese
1395 3699 22 20 di
1426 3703 72 20 posta.

1601 96 30 24 A
1643 96 169 29 Quistione
1824 99 99 18 corsa

1815 191 241 51 INTER
2057 187 297 53 VVISTE

1631 343 24 22 U
1672 344 90 20 nostru
1795 340 122 29 Pasquale
1936 339 135 29 Manfredi

1600 377 80 27 initia
1692 376 72 29 oghie
1782 381 35 16 un
1818 382 16 15 a
1844 376 65 21 série
1916 373 156 23 d’intervvis-

1600 410 24 21 te
1644 409 28 22 di
1687 410 157 27 persunaggi
1861 408 43 22 chi
1931 407 69 23 hanu
2023 407 49 21 ris-

1597 444 78 27 postu
1689 449 13 15 0
1713 443 42 21 chi
1764 442 200 29 rispondaranu,
1977 441 24 21 si
2017 440 54 22 Diu

1601 476 33 22 dà
1645 477 74 28 asgiu
1739 483 16 15 a
1773 482 17 16 u
1809 477 92 21 nostru
1920 475 116 27 reporter,
2056 479 16 15 a

1600 511 126 27 quistione
1749 509 176 23 interessandu
1946 514 16 16 a
1981 508 90 21 nostra

1602 543 54 23 Cor
1655 544 38 21 sic
1693 551 23 15 a.

1626 577 76 27 Eccu,
1717 579 33 27 pe
1761 584 18 16 u
1788 576 48 29 piü
1853 581 69 24 gran
1939 574 74 29 piac'e
2036 573 35 22 d’i

1599 616 47 17 nos
1646 611 37 22 tri
1698 610 94 26 lettori,
1804 617 12 14 e
1822 610 88 27 prima
1930 608 140 22 discursate

1600 643 27 21 di
1644 648 19 16 u
1680 644 90 20 nostru
1788 641 194 23 collaboratore.

1598 675 120 23 Eduardu
1724 675 103 23 Herriot
1834 673 112 30 (1-2-26)

1628 709 96 29 L’aghiu
1738 709 101 28 chiappu
1856 708 31 28 pè
1902 714 13 15 a
1930 707 89 22 curetta
2031 711 38 16 cu-

1598 743 81 22 m’ellu
1687 743 81 28 iugnia
1774 749 30 15 ne
1811 749 15 15 a
1832 741 113 23 Rotonde
1955 739 115 28 ch’ognu-

1598 783 33 16 nu
1649 783 15 15 a
1679 776 33 26 sà,
1725 782 15 16 o
1750 782 33 16 un
1794 777 22 20 la
1837 775 35 26 sà,
1894 774 13 22 è
1920 780 31 16 un
1974 772 95 28 picculu

1599 810 108 22 stanzinu
1727 810 39 21 chi
1787 810 86 21 sbocca
1890 809 73 20 nantu
1975 812 14 15 a
2002 805 41 21 via
2055 811 14 14 e

1598 847 43 22 per
1658 839 97 23 duv’elli
1773 845 103 23 passanu
1899 837 33 22 les
1942 841 64 24 gens
2015 835 15 22 à
2043 835 26 21 la

1598 873 80 23 coule.

1626 919 28 5 —
1666 907 23 22 O
1702 907 57 28 Sgiò
1770 907 141 28 prisidente,
1923 904 46 22 due
1978 901 88 30 parôle,

1599 941 23 22 di
1635 941 77 28 grazia
1721 942 12 20 ?

1666 974 153 28 Impussibile
1830 973 5 21 !
1849 972 41 23 Un
1902 971 75 28 possù
1988 969 80 27 dispo-

1598 1014 31 15 ne
1643 1007 71 22 d’una
1734 1006 51 23 sôla
1795 1007 93 21 minuta
1898 1005 6 21 !

1624 1052 30 5 —
1665 1041 41 23 Ma
1723 1040 69 26 mira,
1805 1040 15 21 ò
1832 1038 54 28 sgiò
1900 1037 138 29 prisidente,
2059 1034 7 21 i

1600 1080 32 23 15.
1644 1079 44 17 000
1697 1073 31 29 (1)
1740 1073 80 22 lettori
1835 1072 25 22 di
1872 1072 22 21 A
1908 1070 129 22 Muvra....

1624 1125 29 4 —
1663 1113 23 21 A
1699 1112 94 22 Muvra
1803 1112 6 20 !
1821 1110 83 23 Allòra
1922 1110 90 27 parlate
2024 1114 43 22 pu-

1597 1153 35 20 ni,
1654 1145 28 23 sò
1696 1145 171 23 tutt’orecchie.
1881 1143 47 22 Chi
1940 1143 127 28 giurnalet-

1595 1183 28 20 tu
1644 1179 123 29 gagliardu
1780 1179 6 21 !
1796 1178 116 28 Speranza
1923 1177 24 22 di
1960 1183 13 16 a
1985 1176 81 23 demo-

1596 1214 77 29 grazia
1696 1219 67 17 corsa
1776 1211 60 30 (sic).
1851 1211 35 23 Mi
1898 1217 31 17 ne
1946 1210 34 24 ha
1999 1211 66 21 tantu

1596 1248 91 27 parlatu
1702 1247 130 26 Lertorelli,
1858 1252 15 15 u
1897 1244 124 29 purtinaru
2040 1243 25 22 di

1595 1288 16 16 u
1620 1281 133 27 municipiu
1771 1280 25 22 di
1817 1279 82 27 Lione,
1913 1278 62 28 eppò
1990 1277 75 22 Santi-

1595 1315 69 27 noni,
1682 1314 102 22 l’usceru
1796 1314 23 21 di
1831 1320 16 15 u
1859 1318 40 17 me
1916 1312 122 28 gabinettu
2051 1316 13 16 a

1597 1355 13 15 u
1630 1348 71 28 Quai
1713 1347 115 28 d’Orsay.
1840 1347 18 22 E
1866 1346 39 23 chi
1920 1346 23 22 ci
1955 1344 61 23 saria
2024 1345 13 20 ?

1622 1394 29 4 —
1659 1382 47 22 Chi
1714 1382 92 28 pinsate
1816 1381 24 21 di
1849 1387 14 15 a
1871 1380 106 25 Corsica,
1986 1378 15 22 ò
2010 1377 54 29 sgiò

1594 1416 132 28 prisidente
1734 1416 13 21 ?

1621 1461 30 5 —
1662 1450 24 21 A
1698 1448 100 23 Corsica
1807 1448 6 21 !
1824 1448 41 22 Ma
1875 1452 84 23 pensu,
1973 1444 91 24 ch’elFè

1594 1490 16 15 u
1624 1489 73 22 paese
1714 1489 14 16 u
1739 1482 45 29 più
1790 1481 161 23 democraticu
1962 1480 25 22 di
1996 1479 67 23 l’Au-

1594 1522 58 23 ropa
1664 1523 6 20 ;
1675 1516 50 22 Tu
1746 1516 145 28 maghiu....,

1621 1562 28 4 —
1662 1551 24 21 A
1698 1556 105 22 sapemu,
1824 1556 14 16 a
1855 1554 106 23 sapemu,
1974 1547 16 22 ò
2010 1545 53 29 sgiò

1594 1583 139 29 prisiderité,
1745 1588 39 18 ma
1795 1590 31 16 un
1840 1583 14 22 è
1866 1584 23 21 di
1900 1582 46 28 què
1957 1581 51 22 ch’e
2020 1586 44 16 vu-

1594 1619 56 22 larìa
1658 1618 116 29 parlavvi;
1787 1621 81 24 sapete
1875 1616 90 23 ch’ell’è
1977 1614 86 23 un’isu-

1594 1654 47 20 la...

1620 1698 28 5 —
1661 1687 22 21 A
1696 1686 35 26 sò,
1750 1692 12 15 a
1775 1685 28 22 sô
1815 1687 67 26 posta
1903 1684 85 22 ch’ellu
2001 1682 34 22 c’è
2047 1688 15 15 u

1594 1726 63 16 mare
1671 1720 108 22 intondu.

1621 1766 28 4 —
1662 1754 17 21 E
1691 1755 105 26 appuntu
1811 1753 14 22 è
1839 1752 120 28 parquella
1972 1749 90 24 ch’ell’è

1593 1788 101 22 ridiculu
1708 1788 24 21 di
1754 1787 69 22 crede
1836 1786 39 22 chi
1895 1791 32 17 no
1950 1790 68 17 semu
2030 1789 31 16 un

1593 1822 206 27 dipartimentu....

1619 1867 29 4 —
1654 1855 45 22 Zut
1705 1855 5 21 !
1720 1854 34 23 oh
1760 1854 6 22 !
1776 1852 152 27 scusatemi,ò
1937 1851 54 30 sgiò
1997 1851 64 29 giur-

1593 1890 83 21 nalista
1687 1894 40 16 ma
1739 1888 39 22 chi
1790 1888 80 21 bulete
1879 1886 73 29 aghiu
1962 1885 99 28 compiu

1592 1922 239 28 amepipataeunmi
1839 1920 76 23 ferma
1929 1919 43 29 più
1986 1918 75 24 un’in7

1591 1956 96 29 gnicula
1708 1956 25 21 di
1744 1956 105 22 tabaccu.

1611 2002 36 8 .—
1658 1990 62 22 Eccu
1742 1995 32 16 un
1785 1994 62 23 pocu
1867 1988 78 22 d’arba
1956 1992 76 21 corsa,
2044 1985 16 23 ò

1591 2023 52 31 sgiò
1656 2023 140 28 prisidente.

1620 2057 72 27 Quici
1716 2056 108 23 Eduardu
1835 2055 100 23 Herriot
1953 2054 107 23 imburro

1588 2092 16 22 à
1616 2096 27 18 so
1655 2091 58 28 pipa
1724 2097 14 15 e
1750 2090 54 22 c’un
1824 2090 79 22 cirinu
1913 2087 117 29 a’mbapô.

1617 2136 29 5 —
1656 2124 124 22 CréDieu
1788 2124 9 21 !
1802 2123 111 28 lampede
1920 2128 17 16 u
1944 2122 116 28 prisidem

1590 2161 32 24 te,
1646 2164 92 22 appena
1755 2159 96 26 surpatu
1864 2163 13 16 a
1887 2157 77 28 prima
1975 2156 85 22 bucca-r

1590 2195 31 24 ta,
1641 2192 67 22 mais
1718 2198 32 22 ça
1757 2196 63 18 vous
1826 2192 112 28 emporte
1950 2190 27 22 la
1982 2195 78 23 gueu-

1590 2226 23 22 le
1624 2232 26 15 ce
1671 2227 58 20 truc
1738 2224 26 23 là
1771 2231 11 21 ;
1789 2227 71 26 pour
1876 2230 49 16 une
1941 2223 118 28 plaisan-

1590 2260 71 26 terie,
1681 2260 29 27 je
1733 2258 26 24 la
1780 2260 85 21 trouve
1876 2257 128 23 mauvaise
2014 2262 12 22 ;
2031 2255 29 23 Si

1590 2293 57 23 c'est
1663 2299 49 16 une
1724 2294 77 27 parce
1811 2293 30 21 de
1861 2292 75 22 Moro
1945 2291 28 28 (!)
1990 2290 20 22 il
2022 2295 38 16 me

1590 2327 26 21 la
1625 2328 98 27 paiera,
1742 2327 30 27 je
1783 2332 31 16 ne
1834 2326 23 21 le
1871 2325 125 29 prendrai
2011 2326 48 25 pas

1590 2361 61 22 dans
1660 2366 42 16 ma
1711 2360 138 28 prochaine
1861 2358 181 23 combinaison.

1618 2395 17 21 E
1646 2395 72 22 tandu
1736 2401 15 14 u
1774 2394 98 22 sindacu
1887 2393 25 22 di
1933 2392 73 22 Lione
2026 2392 32 22 mi

1589 2428 50 23 lacò
1653 2429 24 21 in
1690 2428 90 28 piantu.

1616 2534 141 23 Itaimondu
1784 2532 122 24 Poincaré
1933 2533 23 28 (u
1981 2536 76 19 stessu

1589 2568 79 29 iornu)

1616 2602 116 22 L’uscieru
1746 2601 89 23 ch’avia
1842 2601 61 22 fattu
1914 2607 69 22 passa
1993 2607 14 16 a
2019 2606 39 17 me

1588 2638 62 20 cartâ
1662 2636 33 21 mi
1710 2636 51 21 fece
1775 2637 66 20 entre
1852 2635 80 22 subitu
1941 2636 24 21 in
1979 2641 32 15 un
2023 2640 35 16 sa-

1587 2667 61 25 lòttu
1669 2669 90 22 induve
1774 2669 19 21 ti
1812 2668 124 22 sculinedu
1960 2675 31 15 un
2005 2669 53 21 vic^

1582 2703 95 22 ■chiettu
1692 2702 84 22 ch’una
1787 2703 106 21 barbetta
1905 2702 101 28 pinzuta.

1616 2736 94 26 Questu
1722 2736 20 22 si
1762 2735 60 23 calfò
1830 2742 47 16 una
1893 2736 91 22 barëtta
1995 2735 63 23 Bos-

1588 2769 56 23 lock
1655 2770 85 22 ch’ellu
1753 2772 67 25 porta
1835 2769 66 28 dipòi
1914 2776 12 15 a
1935 2775 86 23 guerra
2032 2770 24 21 di

1589 2811 12 14 u
1615 2803 81 22 Nordu
1707 2809 13 15 e
1737 2803 32 22 mi
1786 2803 87 28 lampô.

1614 2848 28 5 —
1653 2836 66 29 Quel
1731 2838 93 21 tintoin
1849 2843 32 16 ne
1895 2836 31 23 ni
1928 2843 130 23 avcq-vous

1585 2873 47 25 pas
1641 2871 84 22 donné
1731 2876 94 16 comme
1838 2871 62 28 chef
1910 2871 29 22 de
1952 2877 105 21 gouver-

1587 2907 99 19 nement
1697 2905 9 20 !
1719 2905 124 21 Millerand
1863 2904 77 22 ch’era
1962 2904 96 29 adighià

1587 2938 72 28 piùca
1667 2943 76 16 mezzu
1753 2940 129 20 tramanatu
1893 2945 30 15 un
1934 2939 31 21 mi
1977 2939 82 21 lacava

1586 2971 77 22 chieta
1672 2976 14 16 e
1697 2972 128 21 riclamava
1836 2972 107 27 rapporti
1952 2977 14 16 e
1978 2977 81 22 sopra-

1585 3004 107 27 rapporti
1703 3005 30 21 da
1745 3005 79 26 quellu
1845 3004 168 23 imbambinitu
2033 3005 25 21 di

1585 3037 122 26 Barrière;
1723 3038 275 26 Perettella-della-Boia,
2015 3044 45 16 au-

1586 3070 57 29 quel
1649 3070 53 28 j’ai
1711 3071 79 27 fendu
1805 3070 107 23 l’oreille
1922 3071 63 29 (sic),
1998 3072 61 21 dava

1585 3105 24 21 di
1618 3104 72 22 forz’a
1701 3107 51 19 rota
1760 3110 16 15 e
1784 3104 25 22 vi
1814 3102 72 27 .vuììa
1899 3105 61 21 vede
1968 3105 56 22 tutti
2032 3106 27 20 in

1583 3137 28 22 zù
1630 3138 23 21 le
1665 3137 81 22 forche
1755 3138 6 20 1
1775 3137 23 23 U
1812 3139 111 26 generale
1935 3137 123 26 Grazietti,

1584 3177 49 15 une
1645 3170 109 22 baderne
1766 3176 47 22 que
1827 3171 53 27 j'ai
1895 3170 97 29 -limogé
2013 3171 46 28 (re-

1584 3203 44 29 sic)
1636 3203 33 29 (2)
1679 3204 86 27 quandi
1771 3203 76 22 l’altru
1864 3204 61 22 dicìa
1935 3211 6 14 :
1950 3210 86 16 scanna
2050 3205 7 21 !

1585 3237 174 27 ellugridava:

1610 3281 30 5 —
1647 3270 20 21 E
1676 3270 108 22 ch’avete
1801 3270 73 27 dettu,
1888 3271 16 22 ò
1915 3271 53 28 sgiò
1988 3272 71 27 prisi-

1584 3304 71 21 dente
1660 3304 13 21 ?

1610 3347 30 4 —
1650 3336 84 28 Aghiu
1748 3337 66 21 dettu
1826 3337 38 22 chi
1878 3338 68 21 nimu
1955 3338 102 28 meghiu

1585 3375 26 15 ca
1622 3368 40 22 mè
1682 3369 39 22 chi
1743 3369 28 22 sò
1784 3370 86 21 andatu
1880 3377 15 15 a
1902 3371 62 21 vede
1973 3372 9 20 i
1997 3371 60 22 Cur-

1585 3401 112 23 sacchiòli
1715 3403 26 20 in
1760 3403 77 26 prima
1853 3404 64 21 linea
1939 3403 115 29 (reresic),

1586 3436 38 21 chi
1633 3435 90 28 l’aghiu
1736 3436 57 21 visti
1803 3436 72 22 soffre
1884 3437 26 21 in
1926 3438 24 20 la
1967 3442 28 16 so
2008 3443 50 15 car-

1585 3474 31 16 ne
1638 3474 70 17 cume
1730 3468 73 28 aghiu
1814 3469 99 22 suffertu
1928 3470 27 21 in
1974 3470 23 21 la
2017 3476 40 15 me

1585 3501 115 27 mubiglia
1714 3513 29 5 —
1765 3502 169 22 arricurdatevi
1946 3502 54 25 di.a
2017 3509 40 16 me

1585 3535 57 20 villa
1657 3534 24 21 di
1693 3533 132 30 Sampigny
1832 3547 30 4 —
1871 3542 34 15 un
1916 3535 72 27 pudìa
2003 3536 54 28 capi

1586 3567 7 21 i
1601 3567 51 27 figli
1664 3567 23 21 di
1697 3567 76 22 Cirnu
1786 3568 6 20 !

1611 3611 30 4 —
1652 3599 92 22 Parlate
1756 3600 39 21 chi
1814 3601 184 23 m’intirrissate.

1612 3644 29 4 —
1656 3633 83 27 Aghiu
1769 3633 104 27 rispostu
1897 3635 38 21 chi
1953 3635 8 21 i
1986 3635 70 22 Corsi

1587 3671 72 15 eranu
1678 3666 8 20 i
1698 3666 43 26 più
1758 3666 66 21 fideli
1847 3668 104 27 suggetti
1967 3669 25 20 di
2005 3669 53 20 Ma-

1586 3699 91 24 rianna,
1691 3698 64 27 dòpu
1781 3698 66 28 perô,
1868 3700 21 21 ci
1901 3701 56 21 vole
1968 3707 15 15 a
1994 3701 64 21 ricu-

2097 333 110 26 noscella,
2220 333 24 22 di
2254 332 139 29 l’Algeriani
2407 339 14 16 e
2444 334 30 23 d’i
2492 338 50 30 Sene

2097 367 73 28 galesi
2179 366 162 29 (re-re-resic).
2352 366 34 22 Fù
2395 372 14 16 a
2423 373 40 16 me
2474 375 70 26 cunclü

2098 400 75 22 sione.

2125 445 27 5 —
2161 433 101 22 Tandu?

2124 478 29 5 —
2163 467 138 22 Anc’avale.

2125 500 121 26 M’alzedu,
2261 499 123 26 Poincaré,
2398 500 100 28 dòp’una
2512 508 38 25 toc.

2098 535 116 20 camanata
2229 534 35 21 mi
2275 533 70 28 gridô
2356 533 78 28 prima
2444 535 24 21 di
2480 537 70 30 chiude

2097 573 13 15 a
2120 568 67 26 porta
2194 573 7 16 :

2124 612 27 4 —
2162 600 30 22 Et
2203 602 103 21 surtout
2319 601 65 21 dites
2396 600 56 22 bien
2472 608 44 22 que
2526 609 24 24 [es

2226 635 125 25 payeront
2361 633 39 29 (3).

2123 754 23 21 U
2156 753 144 23 maresciale
2310 753 77 23 Joffire
2394 755 101 29 (sempre
2503 767 13 15 u
2530 768 15 17 i*

2124 787 185 22 Accumudatevi
2316 794 6 18 ;
2331 793 31 16 mi
2370 788 65 22 disse
2446 796 13 15 u
2469 785 79 36 célébré

2095 820 120 28 guerrieru
2232 820 179 29 insignendumi
2435 823 52 24 c’un
2510 829 37 26 ditu

2095 854 110 27 energicu
2216 854 40 21 chi
2272 854 72 22 surtia
2362 855 29 22 da
2414 862 46 17 una
2471 864 76 24 manica

2095 893 65 16 carca
2179 893 13 15 a
2203 888 69 21 stelle
2293 894 31 15 un
2337 889 132 28 carrigone.
2489 892 22 24 Si
2525 902 21 19 vo

2094 921 79 23 vulete
2184 920 86 23 favuri.

2123 953 45 23 Ciò
2190 955 103 22 dicendu
2315 962 14 15 u
2357 955 68 24 Petit
2453 958 58 24 Père
2523 964 22 31 (4}

2095 987 94 29 strappô
2211 995 33 15 un
2270 995 58 16 anca
2347 996 14 16 a
2389 997 33 15 un
2448 994 97 29 pullastru

2095 1021 126 23 ch’ell’avìa
2242 1023 124 22 davant’ad
2387 1025 57 25 ellu,
2464 1029 80 30 asciugô

2095 1058 70 20 nantu
2186 1062 12 15 a
2211 1061 27 16 so
2250 1057 79 22 tunica
2343 1063 44 16 una
2397 1061 101 21 maccula
2508 1063 36 24 d’o-

2094 1090 48 26 gliu
2162 1089 36 23 chi
2219 1090 56 22 Fera
2299 1091 114 22 sbrullatu
2424 1092 25 22 in
2468 1097 59 24 pettu
2535 1106 8 15 e

2094 1124 119 23 cuntinuô.

2120 1168 28 5 —
2158 1157 56 23 Ah!
2224 1165 30 21 ça
2267 1165 30 15 ne
2308 1161 61 20 vaut
2377 1161 49 26 pas
2447 1160 24 22 la
2481 1164 63 27 popo.

2093 1193 23 21 te
2125 1192 29 21 de
2168 1191 129 29 Chantilly
2304 1193 36 21 !...

2119 1237 28 4 —
2158 1225 39 22 On
2205 1227 128 28 grignote,
2342 1232 33 17 on
2380 1228 126 28 grignote.

2119 1271 29 4 —
2158 1259 38 22 Ah
2204 1260 5 20 !
2228 1260 116 23 cuniscite
2371 1267 12 15 a
2412 1267 39 16 me
2470 1262 75 25 famosa

2092 1292 78 22 frasa?
2181 1292 39 23 Hé
2228 1294 10 21 !
2250 1294 31 26 ié,
2293 1300 30 16 on
2338 1294 35 22 les
2384 1301 16 15 a
2413 1295 133 28 grignotés!

2093 1326 39 23 Un
2144 1327 24 21 vi
2177 1328 109 21 scurdate
2302 1328 25 22 di
2342 1328 25 22 di
2379 1329 38 21 chi
2428 1329 7 21 i
2450 1328 66 24 Corsi
2526 1334 20 22 sô

2092 1360 7 22 i
2108 1360 41 28 più
2157 1361 49 22 fieri
2214 1361 86 22 suldati
2311 1361 25 22 di
2345 1368 14 15 u
2369 1363 91 21 mondu
2468 1363 5 21 !
2488 1363 57 30 Dôpu

2092 1395 6 21 i
2107 1393 133 30 Senegalesi
2261 1395 66 28 perô.

2118 1440 28 4 —
2155 1428 46 27 Ma,
2219 1429 15 22 ò
2255 1429 53 28 sgiò
2333 1429 125 28 Marescià,
2467 1436 78 24 eppuru

2091 1461 89 23 facianu
2196 1465 67 25 parte
2284 1463 23 21 di
2324 1464 80 27 quellu
2426 1467 37 26 if
2479 1472 66 23 corps,

2090 1495 37 22 chi
2138 1496 97 22 sicondu
2255 1502 14 16 e
2291 1499 80 20 nostre
2383 1499 81 26 parole
2478 1499 23 23 fù
2520 1501 26 23 l’i-

2091 1530 59 21 niziu
2167 1530 22 21 di
2202 1530 67 22 tutt’e
2287 1531 106 28 sciagure
2416 1532 24 22 di
2454 1533 93 25 l’armata

2091 1562 102 24 francese
2200 1564 13 22 ?

2116 1609 29 5 —
2167 1598 161 23 Malentendu
2337 1599 9 21 !
2369 1599 178 31 Spiegheraghiu

2089 1631 46 28 què
2144 1632 39 28 più
2197 1632 62 22 terdi
2269 1632 40 30 (5).

2115 1677 31 5 —
2153 1665 80 23 Farete
2254 1662 107 27 cum’eïla
2381 1667 27 22 vi
2432 1674 57 22 pare
2497 1675 6 20 ;
2515 1676 32 17 ma

2088 1705 44 22 per
2139 1699 71 29 oghie
2227 1700 40 22 chi
2285 1703 98 25 pensate
2391 1701 25 22 di
2425 1708 14 15 a
2449 1701 97 25 Corsica.

2115 1745 29 4 —
2154 1734 23 21 A
2188 1733 107 28 Corsica,
2315 1740 56 17 caru
2379 1735 53 28 sgiô
2448 1733 99 27 Manfred

2089 1766 60 30 (sic),
2166 1773 30 16 ne
2208 1768 67 28 parlu
2288 1769 95 28 alongu
2398 1775 31 17 ne
2445 1771 103 22 ememi-

2087 1800 158 33 mòrie;_eccu
2263 1809 18 15 u
2297 1803 119 22 riassuntu
2426 1803 27 23 di
2462 1804 36 25 cip
2510 1804 37 23 che

2087 1840 31 16 ne
2135 1835 97 28 pinsava
2248 1836 26 22 in
2295 1842 26 21 14
2330 1843 9 15 :
2359 1836 86 29 Sapete
2467 1844 28 15 eu
2515 1838 31 22 chi

2087 1868 71 23 abiltà
2176 1868 19 23 e’
2207 1869 73 29 aghiu
2299 1870 130 28 ingannafu
2451 1870 96 24 l’armate

2087 1903 109 22 tedesche
2207 1904 142 22 attirendule
2361 1905 30 21 da
2402 1904 72 29 Liège
2493 1905 53 23 a’Se-

2086 1942 31 16 na
2123 1938 14 21 ?
2153 1936 72 23 Senza
2253 1938 80 27 quellu
2355 1939 156 27 strampalatu'
2527 1939 19 22 di

2088 1970 102 22 Gallieni
2198 1971 39 22 chi
2244 1970 52 29 apri
2295 1971 92 29 T’occhj
2395 1978 16 15 a
2415 1971 57 23 Von
2481 1972 64 27 Kluk,

2086 2010 15 16 e
2112 2004 76 22 bande
2199 2005 83 22 d’oltre
2293 2005 68 22 Renu
2371 2006 19 21 si
2402 2005 93 23 sarianu
2506 2006 40 22 trê-

2087 2044 38 20 ve,
2139 2044 65 16 senza
2214 2038 85 23 ch’elle
2310 2040 20 21 si
2348 2045 30 16 ne
2396 2040 149 26 dubitassinu,

2086 2072 114 23 schierate
2212 2073 30 21 da
2255 2072 93 24 Nantes
2360 2079 14 16 a
2388 2073 112 29 Belfort.

2114 2118 27 4 —
2147 2106 45 23 Chi
2204 2108 71 27 colpu
2284 2108 5 9 '

2114 2152 27 4 —
2153 2141 76 22 Avete
2242 2141 97 28 capitu?

2113 2186 28 4 —
2153 2175 68 21 Aitru
2236 2175 45 22 che
2293 2176 78 28 capitu
2379 2176 5 20 1

2114 2220 26 4 —
2155 2207 102 30 Dunque
2278 2209 22 22 in
2312 2212 95 25 quattru
2416 2215 12 16 e
2442 2211 35 20 tre
2492 2211 52 19 sette

2086 2243 32 21 mi
2128 2242 17 22 ti
2155 2246 98 24 purtava
2260 2243 7 21 i
2275 2243 118 23 Prussiani
2408 2250 13 15 a
2428 2244 10 21 i
2450 2243 93 22 Pirenei.

2088 2289 4 4 •
2113 2288 28 4 —
2153 2276 9 22 I
2173 2276 102 27 Pirenei,
2283 2277 103 23 abitatei.

2143 2315 35 23 Da
2189 2316 39 28 qui
2236 2322 14 16 a
2262 2317 48 28 qui.

2112 2368 29 4 —
2157 2356 65 22 Vous
2234 2357 65 22 dites
2307 2356 12 22 ?
2325 2369 3 4 •

2113 2402 28 4 —
2152 2391 38 21 Ah
2204 2391 6 21 !
2223 2390 77 27 Nulla,
2321 2391 16 22 ò
2356 2391 55 29 sgiô
2428 2388 114 25 Marescià,

2086 2430 46 16 una
2140 2424 175 27 reminiscenza,
2329 2425 135 21 scusâtemi.

2113 2469 28 5 —
2154 2457 66 23 Dicia
2231 2459 97 27 dunque
2341 2458 43 22 che
2397 2459 8 21 i
2417 2458 17 22 ti
2446 2460 97 26 purtava,

2086 2497 13 16 a
2110 2495 101 25 punente
2223 2498 13 16 a
2249 2492 114 22 l’Oceanu
2373 2498 13 16 e
2399 2498 13 16 a
2429 2492 7 21 i
2451 2490 91 24 Pirenei,

2085 2532 13 16 a
2110 2527 130 22 mezziornu
2255 2533 13 15 a
2281 2534 15 15 u
2309 2527 179 25 Mediterraniu,
2499 2531 13 16 a
2523 2524 20 21 li-

2084 2563 71 20 vante
2163 2566 13 16 a
2188 2560 87 28 l’Alpe.

2112 2606 30 5 —
2149 2595 45 22 Chi
2203 2595 142 28 maraviglia
2355 2595 6 21 î

2111 2640 30 5 —
2150 2628 40 23 Un
2201 2629 14 21 è
2223 2634 59 17 vera
2290 2629 12 21 ?
2311 2628 45 22 Più
2364 2629 25 21 in
2397 2628 24 22 là
2427 2634 33 15 un
2472 2625 72 30 pudia-

2084 2668 32 16 nu
2128 2662 109 29 trapassà.

2111 2708 30 4 —
2148 2696 86 27 Quella
2242 2696 33 28 pò
2286 2696 14 22 è
2314 2702 60 16 vera
2386 2696 6 21 !

2111 2742 29 4 —
2151 2730 39 22 Ma
2198 2736 58 16 eccu
2267 2737 17 15 u
2292 2730 101 23 trattudi
2402 2729 82 30 geniu!
2493 2728 50 21 Eccu

2085 2763 205 23 induv’ell’affacca
2309 2770 13 16 a
2346 2763 108 23 Corsica.
2478 2758 65 26 Tutt’a

2084 2796 66 24 flotta
2161 2798 137 22 mercantile
2308 2797 113 27 francese,
2432 2793 111 31 malgradu

2084 2830 14 23 é
2110 2834 103 26 pruteste
2228 2832 25 21 di
2267 2831 127 23 Fraissinet
2412 2831 69 23 ch’un
2490 2825 53 25 vulia

2085 2871 163 21 cuncurrenza,
2258 2866 134 22 imbarcava
2400 2871 14 16 e
2421 2870 39 17 me
2468 2863 74 25 cinque

2084 2902 87 20 armate
2179 2906 13 15 e
2199 2900 37 21 eti
2245 2902 97 25 purtava
2350 2905 31 15 ne
2389 2905 14 16 a
2411 2895 130 26 vostr’isula,

2085 2939 46 15 una
2150 2938 41 22 per
2210 2933 159 25 circundariu,
2389 2932 110 28 guardate
2510 2931 31 17 cu-

2085 2965 75 23 m’ella
2173 2966 87 28 quadra
2274 2966 6 21 !

2113 3011 28 4 —
2149 2999 43 22 Per
2201 2999 98 28 quadrà,
2308 3001 87 27 quadra
2407 3001 5 21 !

2113 3044 28 4 —
2153 3032 21 23 U
2189 3034 94 27 seguitu
2300 3034 154 22 u’nduvinate
2461 3039 6 16 :
2481 3026 60 28 Guil-

2087 3067 82 22 laume
2177 3068 106 27 obligatu
2292 3068 22 21 di
2335 3068 122 28 ruzzigassi
2475 3066 66 26 l’ugoe

2086 3106 13 16 e
2109 3101 6 20 i
2129 3106 37 16 me
2175 3101 87 21 suldati
2274 3101 51 22 sani
2337 3107 13 16 e
2358 3097 183 27 salvi....Marit>

2085 3136 117 26 apporte7
2224 3133 36 23 les
2269 3134 124 24 côtelettes
2401 3135 10 21 !

2112 3182 26 4 —
2147 3168 48 22 Bon
2207 3168 109 27 appititu,
2330 3169 15 21 ò
2357 3168 56 28 sgiô
2425 3162 115 27 Marescià-

2115 3201 103 22 M’alzaiu
2227 3207 14 16 e
2253 3208 89 21 scappu
2354 3201 106 22 anc’avà.

2256 3257 123 26 Pasquale
2390 3254 131 25 Manfredi-

2244 3314 146 26 (cuntinua)

2104 3404 34 23 (1).
2143 3413 22 4 —
2170 3403 61 22 Aghiu
2239 3403 50 19 assai
2297 3404 107 22 esaggerata
2412 3403 51 22 (nòta
2472 3402 20 18 di
2505 3400 37 18 1’»°'

2080 3432 50 22 tore)

2105 3464 61 23 (2).—
2177 3464 35 22 Qui
2219 3469 28 13 un
2263 3469 57 18 possu
2331 3464 45 23 sapé
2388 3464 19 18 si
2418 3463 90 19 l'aecordu

2080 3490 63 21 v’èsse
2150 3492 46 18 fattu
2208 3496 23 14 eu
2241 3492 77 18 baderne
2324 3496 12 14 o
2348 3496 26 14 eu
2379 3492 79 23 général,
2464 3491 28 23 (n.
2500 3489 19 18 d-
2523 3484 19 20 &-ï

2104 3527 33 24 (3).
2141 3537 22 4 —
2168 3528 29 18 Un
2202 3527 59 23 aghiu
2267 3529 80 21 pussutu
2352 3528 66 18 sisisce
2422 3533 12 13 a
2440 3523 102 23 corelazio»e

2082 3555 28 22 (n.
2119 3556 20 17 d.
2144 3556 26 22 a.)

2105 3589 33 21 (4).
2143 3598 22 4 —
2176 3589 46 18 Gros
2227 3589 45 22 père
2276 3589 75 18 andaria
2356 3590 70 22 megiiu
2432 3590 28 22 (n.
2467 3589 20 17 d.
2494 3586 26 21 a.)

2105 3621 62 22 (o).—
2176 3622 102 22 Lighiendu
2294 3623 29 17 «ta
2333 3622 41 23 riga
2382 3623 102 18 unandate
2493 3617 48 21 sâc&

2081 3653 13 13 a
2099 3649 54 18 crede
2160 3649 30 18 chi
2199 3654 15 12 u
2224 3650 108 17 maresciale
2338 3650 25 18 ha
2376 3650 79 23 pîgliatu
2462 3642 71 25 Faeeeut
2531 3643 11 14 0

2081 3676 166 22 eastagnicciaghiu
2254 3676 5 18 !
2268 3676 26 18 Sô
2300 3682 24 13 en
2330 3677 37 22 chi,
2372 3683 11 12 a
2388 3678 68 17 rombu
2463 3677 21 17 di
2490 3671 53 22 scrh'e

2082 3703 52 18 tutt’i
2141 3703 69 18 dialetti
2215 3704 28 17 mi
2251 3704 115 23 c’imbroglin
2373 3706 27 22 (u.
2410 3706 18 18 d.
2434 3706 27 21 a.)
