2580 3956
175 187 93 46 Film
286 186 51 47 du
360 185 151 58 Maquis

133 287 25 21 Il
168 287 58 21 s'est
239 288 95 25 trouvé,
341 286 67 28 enfin
417 287 10 20 !
438 293 30 15 en
480 286 100 22 France

107 326 35 16 un
154 320 99 21 homme
263 322 51 26 qui,
322 323 54 25 par
385 320 23 21 le
417 326 88 20 moyen
518 318 61 22 d'un

107 359 96 21 organe
213 354 128 26 puissant,
371 352 25 22 F
397 354 61 20 Ami
470 353 35 21 du
516 351 61 21 Peu-

104 386 43 28 ple
159 392 13 14 »
196 388 98 18 montre
320 392 34 15 au
377 385 88 29 grand
486 382 93 29 public

107 421 82 19 toutes
210 418 37 21 les
269 418 106 22 hideurs
399 418 60 21 d'un
483 415 97 27 régime

107 451 147 22 centraliste
272 451 62 22 dont
357 451 26 21 la
404 448 116 24 dernière
539 452 40 15 ex-

103 485 129 27 pression,
254 490 28 15 en
312 484 64 28 1928,
400 489 24 15 se
449 481 130 21 dénomme

106 525 14 13 «
131 517 87 22 Union
231 517 130 21 nationale
368 523 23 14 ».

134 549 24 22 Il
173 549 61 22 s'est
252 550 88 21 trouvé
357 554 37 16 un
413 547 80 21 Corse
509 542 70 23 indé-

102 582 119 29 pendant
232 584 24 19 et
271 586 153 23 courageux,
437 579 46 27 qui
494 583 17 15 a
519 581 60 17 nom

109 616 73 26 Coty,
187 617 72 26 pour
262 614 90 28 flétrir
356 618 61 17 sans
426 610 153 23 distinction

108 651 59 19 tous
188 648 36 21 les
239 647 152 28 politiciens
408 647 25 19 et
447 642 100 23 révéler
563 640 16 21 à

107 681 128 28 Vopinion
252 681 34 21 les
304 681 112 26 dangers
436 678 76 20 daine
523 680 56 22 ges-

107 716 57 20 tion
185 714 43 21 des
247 714 104 26 affaires
369 710 140 29 publiques
527 710 53 25 par

107 753 50 15 une
170 747 81 21 bande
263 743 174 30 d'incapables
448 748 34 15 ou
498 741 30 21 de
538 745 42 16 co-

109 780 85 28 quins.

139 812 38 22 On
185 812 100 28 fustige
297 813 57 20 tous
373 810 36 21 les
415 810 81 26 jours
510 807 29 21 de
553 805 26 21 la

107 846 186 25 semaine,dans
305 844 31 21 l'e.
343 844 61 21 Ami
415 842 34 21 du
458 839 120 30 peuple'//,

110 885 47 16 nos
167 878 139 22 soi-disant
316 883 15 15 «
338 874 133 24 célébrités
478 881 14 13 »
509 871 71 30 poli-

110 913 92 26 tiques.
214 911 33 22 Et
263 910 22 22 il
301 910 57 21 rVen
377 908 72 22 coûte
462 912 49 23 que
527 910 53 23 0.15

103 948 72 25 pour
187 945 105 21 assister
304 943 15 21 à
331 948 41 16 ces
383 940 97 24 ?'aclées
494 939 87 28 quoti-

108 979 114 21 diennes.

140 1011 40 21 On
192 1010 68 22 écrit
267 1008 234 30 quotidiennement
515 1007 65 21 dans

108 1051 26 15 ce
145 1043 78 23 même
231 1042 113 29 journal
356 1042 43 22 des
410 1040 94 23 vérités
513 1045 68 16 com-

107 1085 38 15 me
165 1077 100 22 celle-ci
273 1083 8 15 :
292 1084 14 13 e
313 1076 74 22 Dans
407 1077 60 20 tous
482 1073 36 23 les
538 1073 43 21 do-

106 1112 100 22 maines
214 1111 29 21 de
255 1110 95 22 Vordre
362 1108 85 22 moral
458 1110 25 20 et
490 1106 92 30 politi-

109 1151 56 22 que,
179 1145 31 21 de
223 1143 94 22 Vordre
328 1143 165 27 économique
505 1142 24 20 et
541 1146 41 16 so-

107 1178 60 25 cial,
190 1177 27 21 la
234 1177 90 21 nation
336 1176 139 28 française
492 1181 28 15 se
540 1173 42 23 dé-

107 1213 118 26 compose
232 1211 28 21 et
266 1216 25 16 se
300 1210 104 21 dissout
411 1209 15 21 à
436 1214 47 16 vue
490 1207 92 23 d’oeil.»

139 1245 41 21 On
201 1244 107 22 dénonce
328 1244 109 21 surtout
456 1243 66 21 dans
543 1242 39 20 cet

109 1284 96 22 organe
217 1277 23 22 le
248 1276 54 23 rôle
314 1277 95 21 0dieux
415 1275 66 29 joué
488 1277 20 26 p
511 1281 32 16 ar
555 1274 27 22 la

103 1311 104 30 grande
222 1313 86 26 presse
325 1310 141 28 officieuse,
483 1311 99 19 notam-

108 1346 70 21 ment
182 1347 55 26 par
244 1350 35 16 un
288 1351 12 13 e
305 1344 72 22 Petit
384 1343 122 21 Parisien
510 1349 13 14 »
529 1344 54 27 par

110 1385 36 15 un
158 1385 13 14 «
174 1376 139 30 Journal'}*
322 1379 55 27 par
388 1383 37 15 un
439 1383 14 14 e.
460 1376 70 22 Echo
552 1375 30 22 de

108 1412 80 22 Paris
194 1418 22 19 »,
228 1412 65 21 dont
296 1410 27 22 la
335 1411 109 21 mission
454 1408 129 23 essentiel-

112 1445 22 22 le
145 1446 38 20 est
197 1445 29 21 de
239 1444 102 22 leurrer
353 1444 23 21 le
389 1442 91 30 public
497 1449 30 15 en
544 1442 40 22 lui

107 1479 154 28 présentant
279 1483 96 17 comme
400 1482 126 17 sauveurs
548 1476 35 21 du

106 1515 65 25 pays
180 1512 37 22 les
227 1511 108 22 hommes
344 1511 37 22 les
391 1510 62 29 plus
461 1510 121 28 néfastes.

138 1545 69 22 C’est
226 1546 86 21 contre
328 1544 167 22 Vanimateur
507 1544 30 21 de
556 1549 27 15 ce

105 1578 119 29 journal'
236 1579 152 25 audacieux,
413 1577 59 23 c'est
494 1578 90 21 contre

112 1612 64 28 Coty
187 1618 48 23 que
243 1611 35 23 les
285 1611 107 23 nullités
400 1616 85 17 corses
494 1616 90 16 ouver-

109 1648 96 20 tement
216 1652 33 15 ou
260 1646 216 25 sournoisement,
488 1650 26 16 se
524 1645 61 21 sont

110 1679 96 29 liguées
215 1679 16 21 à
240 1678 143 28 différentes
391 1679 114 27 reprises
512 1679 73 27 pour

111 1713 40 21 lui
161 1712 73 28 faire
248 1712 78 22 échec.

142 1746 69 21 C’est
222 1752 57 15 avec
290 1745 103 29 Vappui
404 1745 30 21 de
445 1744 27 22 la
487 1750 97 23 «gran-

111 1780 30 21 de
148 1781 91 26 presse
249 1784 71 17 corse
330 1787 20 17 »,
360 1780 46 27 qui
417 1780 63 20 n'est
491 1778 94 28 qu'une

106 1815 140 27 grotesque
257 1812 117 29 réplique
383 1813 30 21 de
422 1814 163 26 cettex.gran-

111 1848 30 21 de
151 1849 89 27 presse
247 1845 174 23 continentale
429 1853 22 19 »,
461 1844 124 23 dénoncée

111 1884 53 25 par
175 1880 19 22 F
198 1887 18 21 %
219 1881 60 21 Ami
290 1880 35 22 du
343 1878 116 30 Peuplé»
472 1885 48 22 que
538 1884 48 16 nos

110 1913 149 29 incapables
271 1914 185 28 compatriotes
467 1912 119 22 s'étaient

110 1948 101 22 dressés,
220 1949 87 20 contre
322 1947 73 27 Coty.

137 1981 46 22 Les
194 1980 71 30 qéros
277 1986 87 16 corses
374 1986 28 16 se
417 1980 100 28 liguent
529 1980 57 21 tou-

108 2016 89 27 jours,
216 2020 58 16 avec
293 2013 101 29 l'appui
413 2014 30 20 de
455 2013 25 21 la
497 2018 88 22 presse

112 2048 131 28 officieuse
250 2047 227 27 insulaire,quand
485 2046 35 21 ils
529 2051 57 16 sen-

110 2083 54 20 tent
174 2087 38 16 un
224 2081 102 28 danger.
343 2080 62 27 Coty
415 2091 29 4 —
456 2078 130 23 lui-même

110 2120 66 16 nous
189 2114 23 22 le
224 2116 98 26 prouve
330 2113 199 23 abondamment
542 2118 44 15 au-

107 2148 142 29 jourd’hui
265 2159 28 5 —
310 2148 64 21 était
392 2149 71 26 pour
480 2152 49 16 eux
549 2152 37 15 un

106 2182 91 29 grand
207 2181 78 29 péril.

138 2215 45 23 Les
212 2216 187 21 autonomistes
427 2214 160 22 constituent

110 2249 141 29 également
257 2250 71 26 pour
336 2248 37 22 les
383 2247 45 23 bas
433 2246 153 29 politiciens

110 2284 24 20 et
154 2283 36 21 les
207 2283 129 27 parasites
350 2280 175 29 journalistes
540 2281 47 26 qui

110 2322 30 16 en
147 2317 94 24 vivent,
250 2319 136 25 vmegrave
394 2320 113 16 menace.
519 2313 68 22 C’est

107 2353 72 25 pour
192 2351 62 20 cette
264 2350 90 20 raison
375 2354 47 22 que
434 2347 37 22 les
483 2347 46 23 bas
538 2349 49 25 po-

111 2383 116 22 liticiens
244 2384 24 20 et
279 2382 144 28 profiteurs
429 2381 64 28 font
505 2380 82 28 front

110 2418 97 27 unique
218 2418 87 20 contre
317 2422 58 16 eux.

137 2451 27 21 il
173 2457 16 19 y
202 2457 16 14 a
230 2451 121 25 toujours
362 2450 31 21 de
409 2447 135 23 Vhostilité
555 2453 32 16 en

113 2484 81 22 Corse
211 2484 31 22 de
261 2482 26 22 la
306 2484 63 28 part
389 2483 43 21 des
452 2480 135 24 barbouil-

111 2518 70 22 leurs
197 2517 96 22 d’encre
305 2518 25 21 et
343 2517 30 21 de
385 2516 71 22 leurs
466 2516 119 27 patrons,

113 2551 105 28 lorsque
230 2550 22 22 le
263 2549 71 23 salut
345 2552 38 20 est
394 2556 31 15 en
436 2555 56 20 vue,
504 2554 48 22 que
559 2554 27 15 ce

112 2586 52 20 soit
174 2590 63 16 sous
248 2583 35 23 les
300 2584 81 21 traits
394 2582 59 22 d'un
475 2582 64 27 Coty
552 2586 34 16 ou

110 2624 61 16 sous
186 2618 37 21 les
240 2618 78 22 traits
330 2617 44 21 des
392 2616 193 21 autonomistes.

111 2652 32 21 Le
154 2651 73 23 salut
238 2657 30 15 ne
276 2652 63 27 peut
351 2650 81 25 venir,
443 2648 73 22 selon
527 2650 60 20 tous

113 2684 23 22 le
145 2686 181 27 croque-morts
348 2684 35 21 du
399 2681 185 30 journalisme,

112 2724 48 22 que
180 2718 31 22 de
224 2717 26 22 la
262 2717 141 28 Politique.
420 2716 34 22 Et
466 2715 55 22 cela,
529 2715 59 28 fait

112 2753 57 20 cent
179 2752 139 27 cinquante
330 2756 47 16 ans
392 2749 76 28 qu'ils
487 2749 101 21 Vatten-

114 2785 66 21 dent.

139 2818 41 22 En
193 2817 127 23 éclairant
332 2817 127 28 l’opinion
478 2817 58 21 tout
546 2821 41 15 en-

114 2852 62 22 tière
197 2858 48 16 sur
265 2850 35 23 les
319 2852 167 28 agissements
511 2850 30 21 de
560 2849 27 21 la-

113 2885 92 23 tourbe
215 2884 167 30 politicienne
394 2886 23 20 et
430 2889 48 16 sur
495 2883 24 21 le
530 2882 57 22 rcle

113 2919 113 22 honteux
235 2918 71 22 d’une
313 2920 90 26 presse
411 2916 175 28 mensongère,

116 2952 64 26 Coty
201 2958 66 16 nous
284 2952 73 25 rend,
370 2951 16 21 à
398 2956 67 16 nous
480 2951 107 21 autono-

113 2987 96 25 mistes,
222 2986 24 21 le
253 2985 62 29 plus
326 2984 102 29 signalé
437 2984 107 22 service.

140 3019 55 22 Nos
202 3020 179 27 compatriotes
388 3017 200 28 comprendront

115 3053 169 24 maintenant,
310 3052 62 27 plus
403 3056 47 23 que
476 3050 109 28 jamais,

114 3086 134 28 pourquoi
263 3086 23 20 A
304 3084 89 22 Mlivra
413 3083 42 22 n’a
472 3082 67 23 cessé
558 3082 30 21 de

113 3119 141 22 combattre
266 3124 27 15 en
310 3118 90 25 Corse,
422 3118 24 20 et
457 3116 27 22 la
494 3115 93 23 Politi-

115 3158 48 22 que
178 3154 26 20 et
216 3152 35 21 les
264 3150 111 29 feuilles
387 3151 46 27 qui
448 3156 32 15 en
491 3150 95 21 vivent.

404 3188 155 22 Romanetti.

233 3287 5 4 '
261 3286 9 4 “
369 3284 11 3 -

367 3314 21 21 m
414 3313 41 24 ’0F
536 3306 20 27 É

171 3325 47 27 tegr
227 3328 20 22 *6
256 3325 25 22 te-
309 3328 21 20 m

537 3340 19 32 k

355 3409 126 39 tiQêiiii
501 3432 2 2 ■
538 3407 14 35 I

330 3458 183 48 hyp&icpe
538 3464 15 58 g

157 3503 138 58 fSglpj
305 3504 226 51 kiispeisdhle
539 3506 15 36 I

159 3575 132 33 'NfrfffÈjì
370 3581 103 21 EXIGER
517 3605 11 3 _
541 3583 13 23 g

158 3601 135 44 fgc^lgl
317 3609 92 22 L'ALCOOL
420 3608 19 21 dû
447 3604 82 24 1EHTEE
541 3604 13 28 |

160 3641 134 75 |S|S8||
318 3649 212 39 RISSOLAS
543 3656 19 55 jj

766 179 19 54 I
831 173 243 61 Lamenti
1119 186 31 38 o
1189 167 40 57 E
1271 166 147 57 Notti

973 253 243 64 cTYoung

777 341 172 27 rTraduffone
965 337 28 21 di
1007 336 98 21 Malien
1123 333 137 22 Cusimimi
1275 332 134 26 Cirnensi)

1026 409 134 27 (Seguitu)

634 504 104 27 Quandu
752 510 13 15 a
778 502 141 26 maraviglia
940 506 24 15 m
975 500 102 21 incanta,

605 544 14 15 e
635 538 48 21 allô
685 542 13 16 r
698 543 16 15 a-
729 542 80 22 provu
828 541 13 14 e
859 540 27 15 so
902 530 161 24 cummuzioni
1071 536 6 19 ;

605 570 97 28 quandu
711 576 13 14 a
733 574 74 18 peura
818 566 148 25 m’inciacca,
972 571 14 14 e
994 564 82 24 allora,

604 603 131 25 trimendu,
756 607 90 21 scappu
866 598 100 23 davanti
984 604 13 15 a
1011 596 66 23 mè...

605 636 75 22 Oimè
688 636 6 20 1
707 635 38 22 chi
756 634 34 28 pò
799 632 97 29 allungà
904 639 14 15 a
926 631 52 23 miò
986 631 91 21 vita?...

605 669 41 22 Ma
663 668 58 23 dinò
740 668 39 22 chi
796 667 33 28 pô
847 664 171 29 distrughiemi
1025 664 12 21 ?
1055 663 23 22 U

604 702 98 23 brecciu
714 701 56 21 d’un
786 700 117 27 aughiulu
913 705 33 15 un
957 698 33 27 pò
1003 697 76 21 difen-

605 736 64 21 demi
682 735 26 21 di
719 741 12 14 a
744 734 66 21 fossa
818 740 6 14 :
833 733 47 21 'ma
891 737 119 17 nemancu
1022 729 57 22 stoli

605 768 132 29 d’anghiuli
750 772 67 23 ponu
828 765 115 23 tenemici
956 764 94 22 chiosu.

632 804 72 26 Innò,
716 802 178 23 l’immurtalità
906 802 24 22 di
943 807 13 15 a
964 800 52 22 miò
1028 800 51 22 eni-

605 844 39 16 ma
655 837 73 23 uniTè
742 837 77 22 micca
837 842 49 16 una
908 834 172 28 cunghiettura

605 871 157 27 simplicetta,
792 876 14 15 e
825 870 57 21 tulti
903 868 95 28 l’ogetti
1021 868 25 21 di
1066 873 14 15 a

605 906 86 20 natura
699 904 53 22 ami
763 909 121 22 provanu.
897 902 23 23 U
930 902 63 25 celu,
1003 903 78 19 atten-

605 940 26 20 te
641 945 14 14 a
666 939 24 20 la
702 939 101 20 ventura
814 937 25 21 di
853 936 83 26 l’omu,
952 935 33 22 ha
998 940 83 16 messu

606 972 139 28 dapertuttu
757 971 61 21 lumi
829 970 41 22 chi
882 968 199 30 splendureghia-

606 1012 33 15 nu
648 1005 26 21 in
684 1005 56 21 ellu.
750 1004 24 22 U
787 1010 77 16 sonnu
876 1006 78 20 stessu
967 1002 14 21 è
993 1002 88 22 incari-

606 1041 55 19 catu
669 1038 26 22 di
707 1038 50 22 falli
773 1038 74 22 scola.
859 1036 106 28 Quandu
977 1037 39 20 stu
1030 1035 50 22 Dio

604 1072 77 22 tacitu
693 1072 31 22 ha
735 1073 149 20 sottumessu
898 1077 14 14 a
918 1071 24 21 la
962 1075 28 16 so
1009 1069 71 21 dolce

606 1108 103 26 putenza
717 1111 15 16 e
742 1104 52 23 miò
802 1105 102 22 vembre
915 1104 107 28 supite,a
1029 1102 51 22 miô

607 1140 82 21 enima
698 1144 96 22 sempre
807 1139 112 21 discitata
931 1136 150 29 perseguite-

606 1173 59 28 ghia
676 1178 70 16 senza
758 1179 16 15 u
797 1176 116 18 süccorsu
925 1172 24 21 di
958 1171 8 21 i
989 1170 65 22 sensi
1064 1176 16 15 u

607 1212 28 17 so
646 1208 61 20 volu
725 1206 136 22 infaticatu.
884 1205 107 27 Quandu
1002 1205 80 27 calpe-

607 1240 58 28 ghia
677 1240 53 22 c’un
740 1240 62 28 pede
814 1239 147 29 imaginariu
973 1244 13 16 a
997 1238 85 22 virdu-

607 1280 27 16 ra
645 1280 14 15 e
668 1274 8 22 i
688 1274 56 22 fiori
753 1280 6 20 ;
782 1273 105 28 quandu,
909 1273 126 28 incagnata
1056 1272 25 21 in

606 1307 104 23 l’oscura
727 1312 3 3 '
740 1313 125 22 grussezza
896 1306 73 22 d’una
991 1306 91 22 furesta

608 1341 117 26 sulitaria,
740 1341 71 22 trista
822 1347 14 15 e
846 1339 112 29 pensaüa
971 1346 14 15 a
996 1345 69 23 passa
1074 1346 6 15 :

608 1380 22 20 e,
645 1374 157 28 ’ss’angoscia
819 1374 57 21 d’un
887 1374 65 27 pudè
970 1379 87 22 scopre
1068 1379 14 15 e

608 1408 89 28 pedate
705 1407 149 23 cunfurtanti
859 1406 222 29 d’unbieghiatore.

609 1441 176 26 Qualchivolta
805 1444 97 19 cascatu
919 1440 164 22 subitamente

608 1475 39 22 d’a
654 1476 64 21 cima
732 1475 59 22 d’un
804 1475 88 28 elpale,
902 1475 20 21 si
932 1476 71 20 sente
1015 1472 68 24 cascà

609 1509 166 22 orridamente
787 1509 31 21 da
834 1508 114 23 fondachi
962 1509 26 21 in
999 1507 85 22 fonda-

609 1542 38 22 chi
657 1549 6 20 ;
676 1542 14 22 è
702 1544 95 20 cascatu
809 1542 65 22 nant’
882 1548 32 15 un
928 1543 59 21 lavu
999 1542 26 21 in
1036 1540 48 22 ’ssa

609 1575 185 28 capitùndulera
801 1582 7 20 ;
829 1577 58 20 nuta
901 1581 46 16 cun
965 1574 71 23 sforzi
1058 1574 26 22 in

609 1616 81 15 mezzu
701 1616 14 15 a
726 1609 83 23 l’onda
820 1610 160 24 scumulente,
996 1608 89 28 ghiun-

608 1643 61 28 ghie
680 1647 76 18 nantu
767 1649 15 16 a
792 1641 51 24 Tari
846 1648 29 16 ce
889 1642 162 28 scherpellatu
1070 1647 14 15 e

610 1677 64 21 colla
686 1682 29 16 eu
725 1676 72 22 sforzi
809 1682 15 15 u
835 1676 93 28 pendiu
940 1675 42 22 d’u
991 1677 91 20 monte.

611 1710 99 26 Quante
720 1710 64 22 volti
795 1710 22 22 si
828 1712 70 20 sente
906 1711 96 26 purtata
1009 1711 75 20 nantu

610 1744 55 21 l’ale
674 1744 33 21 d’i
719 1744 78 25 venti,
811 1744 25 21 in
848 1749 81 16 mezzu
942 1749 13 15 a
967 1748 49 16 una
1025 1742 60 22 folia

610 1778 25 21 di
647 1777 152 28 fantomaghi
809 1777 91 21 bestuti
919 1782 30 16 eu
973 1775 110 26 bizzaria,

609 1810 90 29 figlioli
717 1811 95 27 leggeri
829 1810 26 22 di
881 1810 201 27 l’imaginazione.

613 1844 49 26 Ma,
684 1843 37 22 sia
738 1843 86 23 ch’ella
843 1844 59 27 godi
920 1843 73 22 d’una
1016 1843 68 21 dolce

610 1878 100 28 buggia,
728 1878 37 21 sia
770 1894 3 3 .
783 1877 86 23 ch’ella
891 1876 67 23 soffri
983 1877 25 21 di
1028 1882 13 15 e
1056 1882 28 16 so

611 1911 117 27 chimere,
742 1911 8 21 i
762 1916 28 17 so
800 1911 78 22 errori
887 1911 18 21 li
913 1910 90 22 dicenu
1012 1909 73 23 ch’el-

603 1944 39 22 Tè
649 1945 26 21 di
682 1947 86 19 natura
778 1944 45 28 più
830 1944 85 22 nobile
925 1944 45 22 che
978 1950 14 15 a
999 1944 86 28 polva-

611 1984 27 16 ra
649 1978 41 22 chi
705 1983 73 17 nasce
789 1979 67 20 sottu
867 1978 8 21 i
887 1977 52 22 miò
953 1977 67 28 pedi,
1031 1983 12 15 a
1056 1982 28 16 so

611 2011 98 23 attività
721 2011 14 21 è
747 2017 70 16 senza
831 2011 58 26 fine,
903 2017 53 16 ama
965 2017 14 15 a
988 2011 96 27 perdesi

611 2046 26 21 in
645 2045 105 25 l’alture,
764 2045 87 27 spiana
865 2044 161 22 liberamente
1036 2044 48 21 ben

612 2084 74 22 sopra
698 2078 25 22 di
736 2084 16 15 u
763 2084 77 22 corpu
850 2078 104 22 murtale
975 2077 41 22 chi
1027 2084 14 14 u
1056 2082 28 17 so

611 2118 61 22 pesu
683 2113 92 20 attacca
786 2111 108 22 a'terra.
905 2110 68 27 Cusi,
986 2113 97 24 anotte,

612 2145 67 22 ind’u
702 2150 27 17 so
753 2145 112 25 silenziu,
901 2145 34 21 mi
964 2145 68 21 svela
1052 2150 33 16 un

612 2179 82 22 enima
706 2178 150 26 immurtale,
869 2184 21 20 e,
901 2184 30 16 eu
942 2184 13 16 a
976 2177 27 23 sò
1016 2183 68 17 oscu-

611 2212 56 28 rità,
679 2213 35 22 mi
726 2212 53 22 face
791 2212 108 28 prevede
920 2218 34 15 un
978 2211 107 28 ghiornu

611 2249 96 19 eternu.
723 2246 24 23 U
766 2252 83 16 sonnu
871 2245 39 23 chi
934 2251 120 23 aggranca
1075 2246 9 21 î

612 2280 50 23 miô
675 2281 74 24 sensi,
763 2280 106 22 struisce
886 2285 16 18 a.
911 2278 50 23 miò
974 2278 86 29 raggiô
1070 2285 14 15 e

611 2314 9 22 i
631 2314 61 21 vani
704 2313 71 27 sonnj
791 2313 43 28 più
842 2319 33 16 un
887 2312 199 29 sbulazzeghianu

614 2347 119 22 circondu
745 2353 13 15 a
770 2347 49 21 mè.

639 2383 11 22 I
671 2384 73 27 sonnj
771 2384 25 21 di
817 2390 13 15 a
849 2385 70 20 notte
937 2388 68 23 ponu
1017 2383 66 22 dacci

611 2418 106 21 lezzione
738 2417 63 21 utili.
822 2416 32 23 Sô
877 2417 6 20 i
906 2416 72 28 sonnj
998 2416 87 22 ch’ellu

611 2451 52 22 face
674 2450 76 23 l’omu
763 2450 103 28 quand’è
877 2450 124 26 discitatu,
1018 2450 40 22 chi
1066 2451 20 21 li

612 2484 26 23 sô
646 2484 110 22 infausti.
764 2483 100 27 Quante
869 2485 69 21 volte
947 2484 73 28 aghiu
1027 2485 60 21 mis-

612 2518 108 28 cugliatu
730 2517 55 22 idee
797 2517 43 28 più
851 2518 151 28 stravaganti
1016 2517 45 22 che
1071 2524 14 15 e

611 2552 95 27 pitture
717 2550 103 22 cunfuse
831 2551 26 21 di
869 2557 16 14 u
900 2556 81 17 sonnu
989 2551 5 21 !
1016 2550 70 22 Bulia

612 2584 51 29 ligà
679 2585 96 21 inseme
798 2585 52 21 cosi
868 2584 39 22 chi
931 2590 32 16 un
988 2585 20 21 si
1020 2590 67 22 ponu

611 2617 118 29 accuppià
742 2624 14 15 e
768 2617 31 22 dà
811 2618 51 22 bita
873 2624 14 15 a
899 2625 16 14 u
925 2618 93 22 nunda.
1030 2617 57 23 Sce-

612 2658 41 16 mu
663 2652 6 20 !
695 2651 35 22 Mi
745 2650 131 29 prumettia
891 2652 91 27 piaceri
1001 2652 83 26 sicuri,

612 2687 77 19 nantu
711 2691 16 15 u
749 2687 80 19 teatru
860 2685 136 22 cambiente
1019 2686 25 21 di
1069 2692 18 15 u

612 2719 93 21 monda
713 2724 6 16 :
740 2718 99 28 ghiorni
852 2718 77 22 chiari
941 2725 14 15 e
967 2720 80 21 sereni
1059 2720 27 21 in

612 2758 81 15 mezzu
702 2757 12 15 a
724 2752 8 20 i
741 2752 117 21 turmenti
869 2752 24 21 di
902 2759 13 14 a
923 2752 62 26 vita;
997 2758 47 16 una
1053 2752 35 22 fé-

611 2785 68 22 licita
689 2785 130 27 tranquilla
830 2787 76 20 nantu
917 2785 82 23 Tonda
1011 2792 76 16 scum-

613 2819 76 21 bolta.

641 2854 49 22 Chi
703 2854 119 23 universu
830 2855 158 23 incantevule
1002 2856 86 28 ghiera

613 2894 14 15 a
642 2888 53 22 miô
710 2888 134 28 giuvent.ù!
870 2888 53 22 Cun
947 2889 40 22 chi
1010 2889 77 23 ricchi

612 2922 79 21 culori
703 2927 13 15 a
727 2921 51 22 miô
790 2922 178 27 imaginazione
985 2923 104 27 pittura-

612 2960 30 16 va
655 2955 58 21 tutti
732 2955 112 28 Toggetti
854 2955 6 21 !
883 2955 142 23 Unn'eranu
1041 2957 47 21 che

611 2988 89 28 guadri
714 2988 100 26 ridenti,
829 2990 156 26 prospettive
1004 2991 84 26 grade-

613 3022 51 21 vuli
678 3027 14 16 e
703 3022 76 25 varie,
800 3022 93 28 piaceri
905 3028 14 16 e
929 3023 94 27 piaceri
1046 3023 41 22 chi

613 3054 203 23 s’incatinavanu.
841 3055 56 22 Cun
917 3056 40 22 chi
982 3062 106 16 cummu-

612 3088 65 22 zioni
693 3088 170 28 spassighiava
878 3089 26 21 in
917 3095 82 16 mezzu
1015 3096 12 15 a
1039 3090 49 22 ’ssa

612 3121 189 27 pannighiatura
812 3122 167 28 magnifica,di
989 3128 14 16 a
1016 3124 72 27 quale

612 3154 56 22 avìa
682 3154 144 27 inchertatu,
846 3162 16 14 u
873 3155 51 23 miô
939 3156 147 28 sughiornu!

613 3187 87 22 Simile
712 3194 13 14 a
739 3193 16 15 u
765 3194 88 16 vermu
871 3188 40 22 chi
922 3191 67 20 tesse
1002 3196 14 15 a
1025 3192 61 25 seta,

613 3221 202 27 m’imbuglinava
832 3222 27 21 di
873 3221 42 23 ’ssi
927 3224 53 20 veli
999 3225 88 20 tessuti

614 3255 30 21 da
664 3260 14 15 a
698 3254 51 22 miô
773 3254 106 22 scimità.
903 3255 149 29 Ingrussava
1073 3263 16 15 a

613 3287 76 22 fascia
709 3287 40 22 chi
763 3288 107 27 piattava
890 3288 23 21 a’
922 3289 53 22 miô
987 3290 102 27 ragione

614 3327 14 15 a
637 3322 66 20 vista
715 3320 25 22 di
752 3321 8 21 i
774 3322 46 20 celi
832 3327 14 15 e
859 3321 24 21 di
896 3328 14 15 a
921 3322 88 22 verità.

642 3357 130 22 Perdendu
781 3363 64 22 pocu
854 3363 13 15 a
873 3363 64 22 pocu
949 3365 15 14 u
975 3364 27 17 so
1012 3360 75 26 lume,

614 3392 118 20 accecatu
745 3391 31 21 da
790 3397 14 15 e
812 3391 52 21 miô
887 3392 74 26 mani,
976 3398 14 15 e
1000 3394 90 26 rampi-

615 3423 97 22 chendu
722 3423 26 21 in
759 3424 25 21 le
793 3424 103 21 tenebre
907 3424 95 22 ch’avia
1018 3425 70 27 fatte,

614 3457 34 21 mi
670 3456 128 22 cincinava
812 3456 66 22 ind’a
897 3457 50 23 miô
972 3460 84 20 catena
1074 3465 16 15 e

615 3491 34 20 mi
663 3496 32 15 ne
707 3489 100 28 cinghja
819 3495 71 16 senza
902 3490 56 22 fine.
973 3492 116 21 Adorava

617 3530 16 14 u
640 3523 51 22 miô
704 3528 84 16 errore
798 3530 7 19 ;
829 3529 16 15 u
857 3524 92 21 mondu
961 3530 16 15 e
997 3530 19 15 u
1036 3526 53 22 miô

616 3562 58 16 core
682 3558 168 20 strettamente
861 3557 73 26 uniti,
947 3564 35 15 un
1002 3558 21 21 si
1045 3564 46 21 pu-

617 3589 75 23 dìanu
705 3589 88 22 staccà.
820 3589 85 23 Pascia
916 3597 14 15 a
940 3593 67 20 terra
1028 3598 31 15 eu
1075 3599 15 15 a

617 3628 117 22 speranza
756 3623 26 21 di
801 3623 72 22 truvà
891 3623 43 28 qui
957 3630 15 15 a
987 3624 102 28 felicità,

617 3657 106 26 quandu,
730 3656 26 21 in
767 3663 33 15 un
809 3658 81 26 colpu,
896 3658 34 21 mi
938 3657 28 22 sô
977 3658 115 23 discitatu

617 3696 14 15 a
639 3696 19 15 u
668 3691 101 21 triennu
777 3690 26 22 di
816 3697 13 15 e
841 3696 118 22 campane
972 3696 15 15 a
995 3694 96 21 murto-

1110 497 33 20 riu
1166 496 40 22 chi
1231 503 32 14 un
1282 501 135 18 cessavanu
1429 496 24 21 di
1469 496 88 21 manda
1565 502 13 15 a

1110 529 75 22 l’altru
1197 530 92 21 mondu
1311 528 101 29 ghiente
1432 535 13 15 e
1468 529 108 27 ghienle.

1110 562 99 27 Uulpitu
1218 562 25 21 di
1252 568 74 21 peura
1336 561 20 21 a’
1367 562 175 26 discitanza,mi
1551 562 27 22 sô

1110 595 116 23 ^uerdatu
1231 601 14 15 e
1252 596 73 27 aghiu
1331 595 98 22 trimatu
1436 595 143 22 videndumi

1110 635 77 16 mezzu
1206 631 90 19 mortu.
1321 628 28 22 In
1373 628 66 22 duve
1458 628 28 22 sô
1507 628 47 22 avà
1565 635 14 15 e

1110 663 122 21 :arizzenti
1242 662 107 21 chimere
1361 668 14 15 e
1387 661 46 22 ’sse
1456 662 122 21 ricchezze

1110 695 142 28 imaginarie
1259 696 12 20 ?
1289 695 32 21 Di
1333 694 114 28 Timperu
1457 694 97 28 fulgidu
1565 701 14 14 e

1110 728 49 22 susì
1173 728 148 28 spaziosu,in
1333 728 64 21 duve
1409 734 13 15 a
1434 727 51 22 miô
1497 728 82 21 enima

1110 768 36 16 ^ra
1167 767 115 20 suvrana,
1303 761 39 22 chi
1364 761 21 21 ci
1397 761 77 22 ferma
1488 760 91 28 oghie?

1110 794 52 23 Una
1180 800 109 23 capanna
1312 794 25 22 di
1360 796 67 20 terra
1448 799 70 17 rossa
1538 794 40 22 chi

1110 828 81 28 liggià
1199 834 69 16 casca
1279 828 26 21 in
1314 828 88 22 ruvina
1414 828 95 27 daogni
1520 828 57 21 latu.

1110 862 45 26 Iè,i
1163 862 37 22 fili
1211 868 29 16 eu
1252 863 8 20 i
1272 862 65 27 quali
1346 861 154 29 l’ingegnosu
1506 862 74 21 rami-

1110 897 109 27 ^nattulu
1237 896 53 22 face
1305 901 13 15 a
1330 901 27 16 so
1372 896 56 25 tela,
1444 894 28 22 sô
1492 895 86 27 canapi

1110 930 156 27 in'paragone
1277 928 25 22 di
1312 929 123 28 eligaglie
1447 928 39 22 chi
1506 930 75 20 attac-

1110 969 58 16 ;anu
1191 963 77 23 l’omu
1289 962 123 22 a’felicità
1428 968 13 16 e
1449 962 89 22 a’vita.
1554 961 25 23 Si

1110 1003 117 22 rompenu
1235 1003 14 15 a
1259 1003 17 15 u
1284 996 105 22 minimu
1401 995 81 23 soffiu.

1133 1030 143 29 Sughiornu
1288 1030 98 25 celeste,
1403 1030 26 21 in
1441 1030 65 21 duve
1517 1029 64 22 Tim-

1110 1065 96 22 murtali
1224 1063 146 29 assaghianu
1388 1064 91 27 piaceri
1496 1063 85 22 ch’un-

1110 1098 88 22 n'hanu
1206 1098 56 26 fine,
1272 1098 113 26 termine,
1398 1098 89 25 limitu,
1512 1097 31 22 nè
1555 1098 25 20 in

1110 1133 19 21 la
1139 1132 103 26 misura,
1252 1131 62 23 nèin
1323 1132 23 21 la
1353 1131 92 26 durata,
1452 1131 74 22 unn’è
1535 1131 46 21 che

1110 1164 23 21 in
1145 1169 63 16 senu
1219 1165 85 20 vostru
1313 1163 40 21 chi
1377 1162 22 22 si
1418 1162 33 28 pô
1472 1161 72 23 truvà
1568 1168 12 15 a

1110 1196 244 27 felicità.Quand’ella
1361 1196 87 22 finisce
1456 1195 75 22 unn’è
1539 1195 44 28 più

1110 1231 51 21 ella.
1165 1231 24 21 A
1200 1229 92 23 felicità
1300 1229 160 28 fughierebbe
1472 1235 15 15 u
1497 1230 54 21 celu
1560 1229 20 22 si

1110 1271 13 15 11
1133 1265 92 22 timoré
1238 1264 23 22 di
1274 1264 99 28 perdela
1385 1264 23 21 ci
1419 1263 74 28 pudia
1505 1262 76 23 entrà.

1110 1298 46 25 Ma,
1167 1298 15 22 è
1194 1298 81 22 sicura
1286 1298 26 21 in
1325 1297 92 22 s’asiliu
1429 1297 25 21 in
1467 1297 66 22 duve
1548 1303 33 15 un

1110 1332 29 28 pô
1151 1331 64 23 cullà
1226 1330 136 24 Tinfluenza
1374 1331 25 21 di
1409 1330 46 22 ’sse
1468 1330 114 27 sfere,chi

1110 1366 131 21 rutulendu
1249 1367 74 19 nantu
1333 1365 7 21 i
1350 1365 79 21 nostri
1439 1365 63 26 capi,
1509 1367 74 19 stres-

1110 1400 88 21 cinanu
1207 1399 98 21 imondi
1313 1397 111 23 inferiori
1433 1398 55 21 inlu
1495 1398 89 21 rimus-

1110 1434 39 21 ciu
1161 1433 25 21 di
1199 1439 14 14 a
1225 1438 27 16 so
1272 1433 147 24 incustanza,
1444 1437 13 15 e
1469 1432 115 27 lampanu

1110 1472 71 22 sopra
1193 1465 80 23 ad’elli
1284 1467 8 20 i
1301 1465 173 23 cambiamenti
1486 1470 13 16 e
1509 1471 14 15 a
1534 1465 51 21 dis-

1110 1500 88 28 grazia.
1210 1499 66 23 Ghiè
1284 1499 42 28 qui
1337 1506 16 14 u
1365 1500 80 20 teatru
1453 1498 26 22 di
1491 1504 14 15 e
1514 1499 70 21 triste

1110 1534 114 21 vicende.
1238 1532 107 30 Ogn’ora
1365 1532 137 28 perturisce
1520 1532 65 22 rivo-

1110 1567 89 22 luzioni
1212 1569 75 19 nantu
1298 1572 16 15 u
1326 1568 85 20 nostru
1427 1566 75 28 globu
1523 1566 63 22 sfur-

1110 1603 95 20 tunatu.
1219 1600 85 22 Cum’è
1315 1606 56 15 raru
1383 1599 65 22 ch’in
1456 1600 25 21 la
1491 1599 94 23 varietà

1111 1634 25 22 di
1158 1634 49 22 ’sse
1222 1633 181 22 cumbinazioni
1434 1632 105 27 infinité,
1568 1639 17 16 u

1110 1667 64 22 forte
1182 1667 97 28 arreghi
1289 1673 13 15 e
1311 1666 43 28 più
1363 1666 76 25 felici,
1452 1666 29 23 sô
1488 1672 98 22 sempre

1110 1700 137 23 d’altronde
1259 1701 79 27 quelle
1348 1700 39 22 chi
1400 1706 106 21 passanu
1518 1706 16 15 u
1542 1700 45 28 più

1110 1735 25 21 in
1146 1734 73 22 furia.
1233 1733 24 23 Si
1270 1741 15 14 u
1292 1736 84 26 tempu
1385 1734 15 21 è
1407 1738 95 18 armatu
1514 1734 72 22 d’una

1110 1768 108 22 falciona
1238 1767 38 22 chi
1297 1773 30 16 eu
1341 1774 14 15 a
1367 1773 27 16 so
1413 1768 64 22 lama
1490 1768 96 22 raschia

1110 1801 134 22 Terbicella
1260 1806 72 17 cume
1348 1800 115 28 Timperi,
1485 1801 100 29 ogn’ora

1110 1835 31 21 ha
1166 1834 60 22 dinô
1247 1841 15 15 u
1286 1840 27 16 so
1334 1836 101 21 cultellu
1455 1835 26 21 in
1501 1841 83 16 manu.

1110 1868 68 22 Banu
1188 1868 88 22 siendu
1285 1868 8 21 i
1299 1869 79 21 nostri
1387 1869 93 27 pieceri
1488 1869 99 28 quand’-

1110 1902 43 22 elli
1166 1908 108 16 nascenu
1286 1908 14 15 e
1312 1902 22 22 si
1344 1902 89 22 facenu
1448 1909 35 15 un
1494 1902 93 29 ghiocu

1110 1936 100 21 crudele
1222 1936 25 21 di
1259 1935 137 29 distrughie
1408 1942 14 15 a
1438 1938 112 20 sumente
1561 1936 25 22 di

1110 1968 96 23 felicità
1226 1969 39 22 chi
1283 1970 8 21 i
1316 1970 125 21 circonda.
1466 1969 56 23 Cun
1546 1970 40 22 chi

1110 2002 64 22 furia
1185 2002 76 28 aghiu
1272 2003 69 21 vistu
1350 2009 14 15 a
1372 2009 55 16 mea
1438 2003 149 22 diminuisce

1111 2042 14 15 e
1136 2036 100 21 sbenesi
1245 2042 6 15 :
1274 2036 99 28 quandu
1394 2036 137 27 slmpresta
1549 2036 37 22 da’

1110 2069 99 22 furtuna
1221 2074 15 17 o
1248 2070 30 21 da
1288 2069 78 27 l’omi,
1378 2069 59 29 ghiè
1450 2070 137 22 incustante

1111 2108 71 16 cume
1194 2103 56 26 ella,
1258 2109 74 21 passa
1343 2109 71 16 cume
1425 2104 52 21 elli.
1490 2104 24 21 A
1533 2103 55 22 feli-

1110 2136 48 22 cità
1169 2139 78 19 nantu
1258 2142 13 16 a
1281 2137 80 21 terra!
1375 2137 94 22 Parolla
1489 2137 100 28 d'orgo-

1110 2170 52 28 gliu
1173 2176 6 16 :
1215 2170 25 21 in
1265 2171 67 21 duve
1361 2170 25 29 jè
1411 2170 45 22 ’ssa
1477 2171 111 22 felicità?

1111 2204 85 28 Aghiu
1217 2204 95 22 cridutu
1323 2205 91 25 tenela,
1427 2210 15 16 e
1452 2204 136 29 unn’aghiu

1111 2237 105 28 pigliatu
1228 2237 44 22 che
1286 2237 135 23 un’ombra.
1435 2238 41 22 Un
1485 2238 22 22 si
1519 2238 68 28 nepô

1110 2270 72 23 truvà
1194 2271 46 21 che
1252 2271 23 21 in
1284 2272 22 20 la
1316 2271 74 22 virtù.
1404 2271 28 23 Bi
1445 2273 21 21 si
1480 2271 30 23 dà
1519 2278 69 16 cume

1111 2311 16 15 u
1149 2305 56 21 sole
1231 2304 29 22 dà
1280 2306 73 25 lume,
1379 2312 14 15 e
1413 2312 31 15 un
1458 2306 24 22 la
1493 2306 95 28 perdite

1111 2338 79 22 micca
1198 2338 128 28 perdendu
1335 2339 107 22 furtuna.
1451 2339 52 23 Ah!
1516 2339 73 23 Tavia

1112 2372 82 28 pisatu
1209 2378 17 15 u
1249 2378 75 22 scopu
1341 2373 25 21 di
1378 2373 8 21 i
1399 2372 50 23 miô
1471 2374 116 28 desiderj;

1112 2406 83 21 avanti
1220 2405 181 28 d’attaccamici,
1415 2409 89 25 quanta
1524 2413 65 16 ama-

1111 2445 66 16 rezza
1190 2440 33 21 mi
1236 2440 61 22 séria
1309 2440 162 28 risparmiata,
1484 2447 13 15 e
1509 2442 80 27 penti-

1111 2474 89 25 menti,
1214 2479 14 15 e
1239 2474 191 22 rincriscimenti
1440 2475 5 21 !

1139 2506 23 22 O
1170 2509 198 24 morte,suvrana
1374 2511 107 20 maestra
1487 2509 26 22 di
1521 2510 66 26 tutti,

1111 2540 59 28 ghiè
1181 2546 14 16 a
1205 2542 25 20 te
1242 2541 24 21 di
1279 2541 81 22 scassà
1376 2542 107 28 Timperi
1495 2548 31 16 eu
1537 2549 14 15 e
1561 2545 27 20 to

1111 2574 149 27 calcagnate,
1274 2580 13 15 e
1299 2575 26 21 di
1338 2581 92 23 spegne
1440 2582 14 16 e
1465 2577 80 21 stelle.
1565 2576 24 23 U

1112 2608 62 25 sole,
1183 2607 127 28 anch’ellu,
1320 2615 32 15 un
1362 2610 57 21 devi
1432 2609 100 23 softrelu
1544 2611 45 22 che

1112 2647 31 15 un
1153 2643 86 26 tempu
1247 2642 26 21 in
1280 2642 193 25 TUniversu.Un
1481 2644 107 28 ghiornu

1113 2674 93 23 venerà
1218 2675 39 22 chi
1266 2682 17 16 u
1293 2679 27 19 to
1330 2676 101 23 brecciu
1439 2678 149 27 privendulu

1112 2708 25 22 di
1146 2714 14 16 a
1173 2714 29 16 so
1212 2709 63 22 sfera
1284 2716 16 15 u
1307 2710 108 22 cionferà
1427 2711 24 21 in
1471 2712 23 21 la
1506 2714 78 20 notte.

1113 2742 41 22 Un
1169 2743 42 27 poi
1220 2745 26 19 tu
1257 2745 146 21 cuntentatti
1412 2745 25 21 di
1446 2744 47 23 ’sse
1502 2746 85 28 grandi

1112 2776 99 22 vittime
1218 2777 12 21 ?
1240 2776 93 23 Perché
1340 2784 16 15 u
1368 2780 25 20 to
1406 2778 57 22 odiu
1474 2779 115 22 attaccasi

1113 2816 14 15 a
1137 2815 33 16 un
1178 2810 90 27 cirillu,
1280 2816 13 16 e
1301 2811 35 21 mi
1344 2812 94 28 sceglie
1453 2818 47 22 per
1512 2813 78 22 asciu-

1113 2844 66 20 vassi
1188 2846 77 20 nantu
1273 2850 14 15 a
1295 2850 41 16 me
1343 2845 12 21 ?

1140 2876 41 23 Un
1189 2877 21 22 ti
1219 2878 101 22 bastava
1332 2878 86 23 ch’una
1430 2878 37 23 d’e
1479 2882 26 20 to
1515 2880 74 22 frezze

1112 2909 117 23 m’avessi
1238 2913 80 24 toccu,
1332 2917 71 17 senza
1411 2913 44 22 che
1463 2916 28 19 tu
1502 2914 88 21 circas-

1113 2944 22 21 si
1156 2950 15 15 a
1185 2943 129 23 ficcamine
1339 2947 45 25 tre,
1415 2949 69 19 tocca
1505 2949 80 20 tocca.

1113 2976 101 23 M’hanu
1223 2978 130 22 strecciatu
1372 2986 17 15 u
1402 2986 64 20 core,
1489 2986 30 16 eu
1542 2980 47 22 ’sse

1111 3012 39 20 tre
1171 3012 24 20 te
1196 3012 48 22 rite
1252 3013 107 26 murtali,
1370 3014 81 22 avanti
1462 3014 40 22 chi
1513 3015 77 21 aluna

1113 3044 72 22 abbia
1193 3046 149 21 attundulitu
1347 3048 39 20 tre
1394 3047 60 22 bolti
1462 3053 48 16 uso
1515 3048 74 27 globu

1112 3078 177 22 malinconicu.
1309 3078 66 24 Ghiè
1395 3081 26 21 in
1440 3081 65 21 banu
1522 3081 39 22 chi
1573 3088 16 15 u

1112 3113 87 25 tempu
1211 3113 53 21 cola
1276 3118 14 15 e
1302 3114 94 22 cambia
1406 3120 13 15 e
1427 3114 52 23 miô
1490 3120 43 16 ore
1544 3121 6 20 ;
1563 3115 27 21 in

1113 3145 65 21 banu
1187 3146 40 21 eio
1233 3146 97 22 cambiu
1336 3148 25 20 di
1369 3150 91 20 statura
1469 3154 14 16 e
1490 3148 26 21 di
1524 3149 64 21 locu.

1114 3178 23 21 U
1153 3179 93 26 pieceri
1258 3180 32 22 ha
1300 3179 62 23 fattu
1380 3182 111 22 divorziu
1503 3184 86 20 eternu

1114 3216 48 16 cun
1169 3217 54 22 me;
1237 3219 32 16 un
1281 3213 62 22 bene
1355 3215 46 26 più
1409 3215 38 21 ad’
1467 3215 121 28 agghiun-

1113 3244 82 27 ghiesi
1205 3252 14 15 a
1230 3246 69 22 emiô
1309 3247 141 23 riflessioni.
1458 3247 133 29 S’agrisce-

1114 3283 34 15 nu
1155 3279 65 21 tutte
1229 3282 76 20 nantu
1316 3287 17 15 u
1350 3281 52 23 miô
1425 3287 57 17 core
1493 3288 15 15 e
1519 3288 16 15 u
1547 3283 44 21 ba-

1113 3316 85 22 gnanu
1208 3312 150 23 d’amarezza.
1373 3314 25 23 U
1405 3320 107 22 penseru
1523 3317 68 26 trop-

1114 3350 33 21 pu
1171 3346 80 21 attivu
1271 3352 45 21 per
1330 3354 15 14 u
1368 3348 51 22 miô
1440 3349 93 27 riposu,
1556 3350 34 21 mi

1113 3383 78 22 ziriga
1201 3384 70 16 senza
1282 3382 71 20 retta.
1367 3380 24 23 U
1415 3382 100 21 crudele
1532 3388 59 21 pru-

1114 3412 106 22 fittendu
1229 3415 24 20 di
1264 3421 18 15 u
1293 3417 80 21 calmu
1389 3423 15 15 e
1415 3417 26 21 di
1452 3422 14 15 e
1485 3417 104 22 tenebre

1114 3448 118 20 notturne
1243 3449 33 20 mi
1284 3450 119 21 strescina
1415 3450 173 26 inlupassatu,

1116 3485 49 15 cua
1176 3486 127 21 prumessa
1322 3483 23 21 di
1358 3483 171 21 cunsulamici.
1543 3482 48 23 Im-

1115 3513 129 27 prudente,
1252 3520 13 15 a
1277 3517 98 27 seguitu
1385 3516 28 21 in
1422 3516 169 23 Tombretiche

1116 3546 109 27 ingirate
1237 3547 24 22 di
1273 3548 41 23 ’ssi
1322 3550 78 26 tempi
1413 3549 73 21 ch’un
1497 3550 29 21 sô
1537 3550 52 27 più:

1115 3585 40 16 ma
1163 3585 75 18 cume.
1243 3587 33 15 un
1285 3582 124 22 assassinu
1417 3582 121 27 infidu,mi
1544 3585 47 20 tra-

1116 3613 69 21 disce
1197 3618 15 15 e
1222 3614 34 21 mi
1269 3616 26 20 ci-
1303 3615 84 22 tufoiia
1399 3621 17 15 u
1426 3621 69 16 senu.
1507 3615 25 23 Si
1540 3619 52 19 stu-

1117 3646 40 21 dia
1165 3645 141 28 dapertuttu
1317 3655 14 15 a
1343 3649 125 21 circammi
1477 3649 99 22 affanni.

1282 3698 139 26 (Cuntinua)

1605 158 66 18 Corsi
1680 157 90 18 Ceïebri

1670 205 168 47 Leonetto
1860 203 154 58 Ciprmi

1626 295 41 18 Non
1675 295 56 21 pochi
1739 295 68 17 furono
1816 294 7 17 i
1832 293 56 21 corsi,
1898 293 7 17 i
1914 294 52 21 quali
1974 293 80 18 durante
2065 291 13 17 il

1604 320 77 22 periodo
1686 321 31 17 del
1723 321 65 17 nostro
1794 318 140 22 Risorgimento
1940 318 139 18 combatlerono

1605 350 35 13 con
1647 345 19 17 la
1675 349 60 18 penna
1743 349 11 13 e
1762 349 36 13 con
1805 345 20 17 la
1833 344 129 21 spadacontro
1970 344 26 22 gli
2005 347 76 18 oppres-

1605 370 45 17 sori.
1659 369 66 18 Citarli
1734 369 44 17 tutti
1788 373 37 13 non
1834 368 11 18 6
1853 368 97 22 possibile.
1958 368 27 18 Mi
1999 368 28 18 sia
2034 372 46 17 pero

1605 394 106 18 consenlilo
1719 395 31 17 nel
1764 393 154 22 cinquantenario
1926 394 50 17 délia
1990 394 59 17 morte
2060 392 20 17 di

1606 419 82 17 Vittorio
1702 418 140 21 EmanuelleJI,
1851 418 96 18 rievocare
1960 419 20 17 la
1987 418 62 22 figura
2060 417 20 17 di

1605 448 38 13 uno
1651 444 20 17 di
1680 444 45 21 essi,
1734 444 34 17 che
1776 443 19 18 al
1803 443 51 17 Gran
1862 443 28 18 Re
1904 444 20 17 fu
1933 443 124 18 ledelissimo.

1626 468 45 23 Agli
1685 468 80 18 studiosi
1773 468 20 17 di
1806 468 60 17 storia
1879 468 67 22 patria,
1962 468 15 18 il
1991 472 55 13 nome
2060 467 20 18 di

1605 494 89 17 Leonetto
1702 492 89 23 Cipriani,
1800 497 38 13 non
1845 492 12 18 è
1864 492 72 23 ignoto,
1946 497 31 13 ma
1985 497 34 18 per
2026 492 54 18 molli

1605 522 68 14 ancora
1680 517 11 18 è
1705 517 99 22 pressochè
1818 522 38 13 uno
1870 518 126 18 sconosciuto.
2006 517 74 22 Eppure

1605 543 118 22 quest’uomo
1736 542 42 18 amò
1795 542 138 18 intensamente
1949 542 77 21 l’Italia,
2044 543 36 17 clie

1605 567 50 19 servi
1664 572 36 13 con
1708 567 83 18 assoluta
1799 567 103 19 devozione
1909 568 23 18 ed
1938 572 12 13 a
1959 567 46 18 Casa
2013 567 67 18 Savoia

1605 593 21 18 fù
1632 593 154 18 altaccatissimo.

1628 617 71 23 Spirito
1715 619 127 17 avventuroso
1856 618 24 17 ed
1897 618 77 20 audace,
1992 617 88 18 Leonetto

1606 642 90 22 Cipriani,
1709 644 43 16 nato
1761 643 24 17 da
1797 642 64 18 antica
1869 647 11 13 e
1893 643 64 17 nobile
1965 642 84 22 famiglia
2059 642 21 17 in

1606 667 77 18 Centuri
1691 667 89 22 (Corsica)
1788 667 32 18 nel
1828 666 53 22 1812,
1890 667 191 20 assistette,sedicen-

1605 696 24 13 ne
1637 691 116 22 appena.alla
1760 695 57 18 presa
1824 691 102 22 d’Algeri,e
1934 692 64 17 l’anno
2006 695 75 18 appres-

1605 721 21 13 so
1631 717 19 17 lo
1656 716 93 18 troviamo
1754 716 36 18 aile
1795 716 73 17 Antille
1874 720 11 14 e
1890 716 32 18 nel
1927 716 152 18 Nord-America.

1627 741 27 18 Fù
1663 741 33 23 qui
1704 741 35 18 che
1747 741 84 18 conobbe
1838 741 16 17 il
1862 741 85 23 principe
1959 741 55 23 Luigi
2021 742 60 22 Napo-

1604 766 56 18 leone
1667 767 109 21 Bonaparte,
1783 766 66 18 futuro
1864 766 113 22 imperatore
1985 767 32 17 dei
2024 766 57 18 Fran-

1605 792 46 22 cesi,
1669 792 30 18 col
1715 792 55 22 quale
1787 792 18 17 si
1820 791 43 23 legô
1880 791 21 18 di
1917 792 53 18 salda
1986 792 93 20 amicizia.

1605 817 75 18 Bénchè
1687 817 76 18 lontano
1772 817 37 17 dall
1817 817 59 21 ltalia,
1894 816 15 18 il
1917 816 84 24 Cipriani
2017 822 24 14 ne
2052 822 28 13 se-

1605 843 59 23 guiva
1672 847 36 13 con
1715 842 105 18 attenzione
1829 842 168 22 gliaArvenimenti.
2003 843 17 17 Il
2027 842 53 21 1848,

1607 868 17 18 10
1639 869 55 17 trova
1706 867 21 18 in
1741 867 82 18 Toscana
1837 868 68 22 pronto
1913 872 11 13 a
1937 868 81 18 battersi
2025 873 5 12 :
2041 872 12 14 e
2064 867 18 19 si

1606 893 52 18 battè
1666 893 24 17 da
1703 893 58 22 prode
1768 897 12 13 a
1794 891 103 20 Curtatone
1911 893 23 17 ed
1947 898 11 13 a
1971 893 110 18 Montanara

1605 918 40 23 agli
1652 918 63 18 ordini
1722 918 80 22 delgen.
1811 918 87 22 Langier.
1904 918 54 18 Fatto
1966 918 115 23 prigioniero

1606 944 51 22 daglx
1665 943 96 22 austriaci,
1776 944 32 22 poi
1815 944 87 21 liberato,
1918 948 54 14 corre
1980 949 11 13 a
2004 944 78 18 Firenze

1606 974 11 13 a
1624 969 89 18 mettersi
1720 973 11 14 a
1739 968 125 24 disposizione
1872 969 30 18 del
1911 968 93 22 Governo,
2013 970 16 17 il
2037 974 45 17 qua-

1606 996 19 17 le
1632 995 19 18 lo
1659 994 84 18 nominia
1755 995 112 21 colonnello,
1877 999 11 14 e
1895 995 20 18 lo
1927 994 83 19 incarica
2019 995 19 18 di
2053 999 29 14 se-

1606 1021 46 18 dare
1659 1021 20 17 la
1692 1020 70 18 rivolta
1775 1020 96 22 scoppiata
1878 1025 16 13 a-
1903 1020 88 18 Livorno.
2005 1020 42 18 Non
2060 1018 22 20 vi

1606 1046 59 18 riusci
1673 1045 35 18 che
1715 1045 21 18 in
1744 1046 53 22 parte
1805 1050 35 18 per
1847 1045 19 18 la
1873 1046 111 18 turbolenza
1997 1046 50 18 delle
2055 1046 27 17 fa-

1607 1070 56 19 zioni.
1672 1071 51 21 Dopo
1730 1070 20 18 la
1759 1070 47 23 fuga
1819 1071 32 17 del
1863 1070 105 23 Granduca,
1981 1071 17 18 si
2006 1071 54 22 portb
2070 1076 12 12 a

1606 1097 69 18 Torino
1691 1096 32 18 dal
1729 1096 28 18 Re
1765 1095 54 19 Carlo
1826 1096 78 18 Alberto
1917 1096 36 18 che
1968 1096 20 18 lo
2000 1096 82 23 aggregô

1606 1123 38 17 allô
1658 1122 53 18 Stato
1724 1121 97 23 Maggiore
1829 1121 49 19 délia
1892 1123 81 17 seconda
1980 1122 101 18 divisione.

1607 1148 99 22 Scoppiate
1714 1148 19 17 le
1740 1147 72 18 ostilità
1819 1147 31 18 nel
1859 1152 62 13 marzo
1927 1146 46 19 1849
1979 1152 35 13 con
2021 1147 62 19 l’Aus-

1608 1174 43 21 tria,
1659 1173 42 18 fece
1709 1172 74 24 prodigi
1791 1173 20 17 di
1818 1172 66 19 valore
1891 1172 37 18 alla
1936 1172 102 21 Sforzesca,
2045 1173 38 18 due

1608 1199 62 23 giorni
1677 1198 60 23 prima
1745 1198 128 18 deil’infausta
1879 1198 92 23 battaglia
1976 1198 20 18 di
2003 1198 78 22 Novara,

1608 1224 123 19 meritandosi
1738 1224 19 18 la
1770 1224 94 23 medaglia
1877 1224 96 23 d’argento
1987 1225 18 17 al
2018 1224 65 18 valore

1608 1250 89 18 militare.

1630 1275 117 19 Affezionato
1761 1275 137 18 sinceramente
1906 1275 18 18 al
1936 1274 34 23 Re,
1980 1280 24 13 ne
2016 1275 66 22 pianse

1609 1302 19 17 la
1635 1302 51 17 sorte
1700 1305 11 14 e
1718 1300 18 19 si
1743 1300 70 18 attaccò
1826 1301 19 17 al
1852 1305 63 14 nuovo
1929 1305 81 14 sovrano
2023 1300 61 18 Vitto-

1609 1327 30 18 rio
1646 1326 109 18 Emanuelle
1762 1326 18 18 II
1796 1326 35 18 che
1839 1326 19 18 lo
1872 1330 55 18 prese
1934 1331 14 13 a
1954 1326 66 18 volere
2035 1326 48 18 bene

1610 1357 11 14 e
1628 1353 20 17 lo
1655 1353 59 17 tenne
1724 1356 34 18 per
1765 1352 57 17 alcun
1830 1352 63 22 tempo
1901 1356 66 18 presso
1975 1352 21 17 di
2003 1356 28 18 se,
2036 1353 49 17 met-

1611 1377 75 18 tendolo
1694 1381 12 13 a
1713 1377 53 21 parte
1773 1376 31 18 dei
1812 1376 42 18 suoi
1863 1377 93 17 reconditi
1961 1377 82 22 disegni.
2048 1376 36 18 Do-

1609 1406 25 18 po
1641 1402 50 18 circa
1700 1402 36 17 due
1744 1401 138 21 anni,vedendo
1887 1401 35 18 che
1929 1401 55 18 nuîla
1990 1401 21 18 vi
2020 1406 32 13 era
2060 1401 24 18 da

1610 1428 40 17 fare
1658 1431 35 19 per
1700 1426 72 20 l’Italia,
1782 1430 56 18 preso
1844 1427 83 22 congedo
1936 1426 31 18 dal
1981 1426 33 22 Re,
2024 1426 18 18 si
2055 1430 30 14 re-

1610 1457 47 14 cava
1665 1452 20 18 in
1694 1451 104 19 California
1805 1456 11 13 a
1824 1452 41 18 fare
1873 1452 132 22 Fagricoltore.

1632 1478 26 18 La
1666 1481 70 20 guerra
1742 1476 98 19 d’Oriente
1847 1477 31 18 del
1886 1476 45 19 18o9
1948 1478 20 17 lo
1976 1477 109 19 riconduce-

1610 1508 26 14 va
1643 1504 21 17 in
1672 1503 61 22 patria
1737 1507 5 17 ;
1749 1502 82 18 Vittorio
1836 1502 101 19 Emanuele
1942 1503 19 18 lo
1970 1503 71 18 accolse
2049 1507 36 14 con

1611 1528 96 19 effusione
1714 1532 11 14 e
1732 1528 19 18 lo
1759 1528 52 18 inviò
1820 1533 11 13 a
1844 1527 64 24 Parigi
1916 1528 20 18 in
1950 1528 93 18 missione
2056 1532 30 14 se-

1611 1555 60 22 greta,
1681 1554 101 22 sapendolo
1790 1553 69 19 intimo
1867 1554 165 22 delFImperatore.
2041 1553 46 22 Qui-

1610 1580 23 18 vi
1648 1580 68 22 perorò
1730 1579 117 18 caldamente
1854 1579 20 18 la
1886 1583 57 14 causa
1957 1579 78 19 italiana
2043 1584 11 13 e
2064 1579 22 18 fù

1611 1605 119 22 negoziatore
1737 1605 46 17 d’un
1796 1605 86 22 progetto
1890 1605 20 17 di
1923 1605 121 18 matrimonio
2057 1604 30 18 fra

1611 1631 16 18 11
1640 1630 87 23 Principe
1740 1629 99 19 Gerolamo
1852 1630 104 22 Bonaparte
1964 1635 12 13 e
1983 1630 19 18 la
2017 1630 68 22 princi-

1611 1660 56 18 pessa
1674 1655 105 19 Elisabetta
1786 1655 20 18 di
1815 1654 95 23 Sassonia,
1918 1656 72 18 vedova
1997 1656 31 18 del
2036 1656 52 18 Duca

1612 1681 21 18 dl
1641 1680 84 19 Genova.

1633 1706 106 18 Attendeva
1747 1711 35 14 con
1791 1706 73 18 ansietà
1871 1707 47 18 l’ora
1925 1707 21 18 di
1953 1707 80 18 battersi
2040 1711 48 14 nuo-

1610 1733 97 21 vamente,
1724 1736 31 14 ma
1771 1732 114 18 sembrando
1902 1733 66 22 questa
1987 1733 99 21 ritardare,

1612 1757 92 23 ripartiva
1710 1762 34 18 per
1751 1757 100 19 l’America
1859 1758 31 18 del
1903 1757 56 22 Nord,
1975 1762 36 14 ove
2024 1762 63 18 posse-

1612 1782 48 19 deva
1667 1783 72 18 terreni
1746 1783 51 18 nella
1805 1782 109 19 California.

1634 1808 16 18 Il
1658 1808 55 23 grido
1721 1808 19 18 di
1749 1812 70 19 guerra
1827 1808 30 18 del
1866 1807 45 19 1859
1927 1808 20 18 lo
1961 1808 92 18 riehiamò
2067 1808 20 18 in

1611 1833 56 19 Italia
1673 1838 5 17 ;
1693 1838 55 14 verso
1756 1834 19 18 la
1783 1834 40 18 fine
1832 1834 20 17 di
1865 1834 78 22 giugno,
1958 1834 130 23 raggiungeva

1612 1859 96 18 l’esercito
1725 1859 20 18 in
1763 1859 118 18 Lombardia.
1899 1859 111 23 Ossequiato
2023 1860 15 18 il
2052 1860 34 21 Re,

1612 1884 65 23 quésti
1683 1885 20 17 lo
1712 1885 91 17 mandava
1810 1889 37 14 con
1854 1884 94 19 incariehi
1955 1885 20 18 di
1988 1885 71 18 fiducia
2069 1885 19 18 al

1612 1909 100 23 Quartiere
1726 1909 91 19 Generale
1834 1910 20 18 di
1869 1910 107 23 Napoleone
1983 1911 24 17 III
2021 1911 35 18 che
2069 1911 19 17 lo

1612 1936 93 18 ricevette
1710 1936 49 18 assai
1765 1936 140 18 cordialmente.
1911 1936 141 18 Intermediario
2058 1936 30 18 fra

1612 1961 7 18 i
1627 1961 38 18 due
1673 1961 83 21 sovrani,
1765 1961 22 18 fù
1795 1963 95 17 assertore
1898 1962 51 18 délia
1960 1962 129 18 continuazio-

1613 1991 25 13 ne
1647 1986 50 19 délia
1704 1991 68 19 guerra
1781 1986 107 23 vittoriosa,
1897 1987 35 18 che
1940 1987 20 18 la
1967 1992 46 17 pace
2021 1988 20 17 di
2048 1987 41 18 Vil-

1613 2011 84 18 lafranca
1703 2012 65 17 troncò
1778 2012 68 18 invece
1855 2012 188 22 improvvisamente.

1634 2036 31 18 Ma
1672 2037 96 22 malgrado
1774 2038 68 21 questa
1847 2042 50 17 pace,
1905 2037 74 22 l’îtalia,
1985 2038 103 22 procédera

1612 2062 52 18 nella
1672 2066 35 14 sua
1714 2062 80 18 îaticosa
1801 2066 57 18 opéra
1866 2062 20 18 di
1898 2062 133 18 unificazione.

1635 2087 98 18 L’Austria
1749 2088 72 18 avendo
1830 2088 106 23 sgombrato
1950 2088 88 23 Bologna,
2047 2088 41 18 Vit-

1613 2112 49 18 torio
1679 2113 101 19 Emanuele
1804 2114 20 17 vi
1844 2114 93 18 mandava
1956 2114 133 19 Commissario

1613 2137 88 19 Massimo
1710 2138 100 23 d’Azeglio,
1818 2139 15 17 il
1839 2140 55 22 quale
1901 2140 83 22 peraltro
1989 2144 38 14 non
2034 2140 22 18 vi
2063 2140 26 18 ri-

1613 2168 80 13 maneva
1701 2164 35 18 che
1743 2164 56 22 pochi
1811 2164 70 22 giorni.
1895 2164 65 19 Dietro
1973 2165 116 19 indicazione

1613 2189 32 17 del
1652 2188 35 22 Re,
1696 2189 70 18 veniva
1773 2190 95 18 chiamato
1877 2190 31 18 dal
1916 2190 95 24 Consiglio
2019 2191 20 17 di
2053 2190 36 19 Go-

1613 2218 66 17 verno,
1688 2218 12 14 a
1708 2214 113 23 sostituirlo,
1831 2215 88 19 Leonetto
1927 2215 83 24 Cipriani
2028 2216 36 18 che
2071 2216 18 18 si

1614 2243 69 19 sapeva
1690 2240 117 18 conoscïtore
1821 2241 30 18 del
1859 2246 62 18 paese,
1936 2242 89 22 energico
2032 2246 11 14 e
2057 2242 32 18 be-

1613 2265 69 18 neviso
1690 2270 12 13 a
1709 2265 107 23 Napoleone
1823 2266 32 18 III.

1635 2290 64 18 Prima
1707 2291 20 18 di
1732 2292 93 22 prendere
1830 2296 87 18 possesso
1922 2293 51 18 délia
1978 2298 35 14 sua
2020 2294 67 22 carica,

1613 2316 52 18 voile
1678 2316 70 18 recarsi
1761 2322 11 13 a
1786 2317 68 19 Torino
1862 2322 12 14 a
1884 2319 93 21 prendere
1985 2319 27 23 gli
2026 2319 63 20 ordini

1614 2341 31 18 del
1653 2341 28 19 Re
1688 2346 5 17 ;
1703 2342 15 18 il
1726 2341 11 18 6
1745 2343 66 22 agosto
1820 2343 38 23 egli
1866 2348 101 14 assumera
1975 2344 89 19 l’ufficio.
2072 2345 17 18 À

1614 2366 89 24 Bologna.
1713 2367 15 18 il
1735 2372 35 14 suo
1779 2370 74 21 aspetto
1861 2369 50 18 fiero
1919 2374 11 13 e
1937 2370 95 21 marziale,
2042 2371 48 17 lem-

1614 2393 66 20 perato
1685 2393 24 18 da
1714 2393 50 18 modi
1772 2393 75 19 affabili
1854 2399 11 14 e
1873 2395 110 23 franchi,gli
1990 2396 98 22 conquistô

1615 2418 65 18 subito
1687 2418 58 18 moite
1754 2418 94 23 simpatie,
1864 2420 83 19 sebbene
1954 2422 100 18 arversato
2065 2422 24 17 da

1614 2444 117 21 mazziniani,
1741 2444 23 18 da
1772 2445 119 22 garibaldini,
1903 2450 11 13 0
1921 2446 25 18 da
1954 2446 55 23 quasi
2018 2448 49 17 tutto
2074 2447 14 17 il

1614 2469 58 21 clero,
1682 2469 105 23 capitanato
1796 2470 31 18 dal
1835 2470 193 24 suo'conterraneo,il
2035 2476 53 14 corso

1615 2494 51 18 card.
1682 2494 55 19 Viale
1753 2494 61 24 Prelà,
1832 2496 121 19 arcirescoro
1970 2498 50 18 délia
2036 2498 51 18 città.

1614 2518 146 24 Quantunqueil
1767 2525 35 14 suo
1809 2522 83 22 compito
1900 2522 51 19 fosse
1957 2524 133 17 estremamen-

1614 2545 20 18 te
1642 2545 80 19 difficile
1728 2550 11 14 e
1747 2546 86 22 delicato,
1838 2547 17 18 si
1859 2547 75 19 accinse
1939 2552 34 14 con
1979 2549 73 18 tenacia
2058 2549 30 18 ali’

1614 2574 64 18 opéra.

1636 2596 89 19 Allorchè
1738 2597 13 18 P
1751 2597 110 20 Assembles
1874 2598 118 20 Costituente
2007 2600 82 19 acclamé

1614 2621 98 24 Reggente
1718 2623 16 17 il
1741 2623 88 23 Principe
1837 2624 83 24 Eugenio
1928 2626 20 17 di
1962 2625 128 20 Saroia-Cari-

1613 2652 69 18 gnano,
1691 2648 39 23 egli
1737 2648 99 20 ritenendo
1844 2650 83 19 esaurita
1934 2651 20 18 la
1961 2652 75 22 propria
2043 2652 46 18 mis-

1614 2672 60 23 sione,
1688 2674 96 22 deponera
1797 2675 15 16 il
1825 2676 95 21 mandato,
1934 2676 16 17 il
1960 2677 11 17 9
1980 2677 108 21 novembre,

1614 2702 36 14 con
1657 2703 39 13 una
1704 2698 63 19 nobile
1784 2699 138 20 dichiarazicne
1936 2701 51 18 nella
1995 2702 54 22 quale
2057 2706 33 14 au-

1614 2723 77 21 spicava
1699 2729 10 11 «
1715 2724 14 17 il
1742 2725 67 21 pronto
1823 2726 155 22 eonseguimento
1991 2727 45 17 d’un
2050 2727 39 23 glo-

1614 2748 51 18 rioso
1672 2748 90 19 avvenire
1770 2750 58 21 perla
1835 2752 64 17 nostra
1904 2752 61 21 patria
1971 2758 18 11 ».
1995 2752 95 19 L’Assem-

1613 2773 44 18 blea
1665 2778 35 14 con
1708 2778 27 14 un
1743 2774 54 18 caldo
1804 2776 91 22 applauso
1903 2776 51 19 voile
1968 2778 120 23 esprimergli

1614 2798 8 18 i
1629 2799 109 18 sentimenti
1748 2800 20 17 di
1775 2800 132 19 riconóseenza
1920 2806 35 18 per
1963 2804 70 21 quanto
2045 2808 45 14 ave-

1613 2828 26 14 va
1647 2825 76 21 operato
1731 2829 12 13 a
1750 2825 34 23 prò
1792 2826 31 18 del
1831 2830 63 18 paese.

1636 2849 16 18 Il
1659 2854 36 14 suo
1712 2850 54 18 riliro
1782 2855 12 13 a
1801 2851 42 19 vita
1855 2853 74 21 privafa
1943 2854 58 18 lasciò
2014 2855 76 18 credere

1614 2874 51 19 fosse
1673 2875 71 18 dovuto
1752 2880 11 13 a
1771 2876 48 18 torti
1827 2877 72 24 fattigli
1906 2883 6 17 ;
1921 2883 31 14 ma
1965 2881 68 21 questa
2046 2884 44 19 sup-

1614 2900 98 22 posizione
1721 2905 38 13 non
1767 2901 11 18 è
1786 2901 105 25 suffragata
1899 2904 24 18 da
1929 2908 86 15 nessuna
2023 2910 65 17 prova.

1637 2925 94 19 Conservé
1737 2927 63 17 ottimi
1807 2929 85 21 rapporti
1900 2933 35 14 con
1940 2930 47 18 tutti
1994 2934 11 14 e
2013 2931 77 22 speeial-

1614 2952 65 17 mente
1693 2951 29 18 col
1730 2951 34 21 Re,
1781 2952 19 18 al
1811 2952 56 23 qualé
1880 2954 38 18 taie
1931 2955 159 20 allontanamento

1614 2976 51 18 dalla
1672 2976 42 18 vita
1721 2976 75 23 politica
1801 2978 59 19 attiva
1869 2979 107 20 d’unuomo
1982 2982 108 22 particolar-

1615 3002 64 17 mente
1686 3006 12 14 a
1706 3002 28 17 lui
1742 3002 76 23 devoto,
1826 3004 98 19 rincrebbè
1932 3006 58 18 assai.

1637 3026 108 23 Nell’aprile
1753 3024 93 23 deli’anno
1854 3030 56 22 dopo,
1922 3032 82 18 reeatosi
2011 3037 13 13 a
2038 3033 52 18 Tori-

1615 3056 25 14 no
1648 3056 11 13 a
1676 3052 82 18 salutare
1773 3052 16 18 il
1805 3058 87 18 sovrano,
1911 3056 60 22 prima
1984 3057 19 19 di
2019 3059 70 21 paitire

1615 3080 34 19 per
1656 3077 106 22 l’America,
1777 3078 80 20 Vittorio
1872 3080 110 20 Emanuelle
1997 3083 29 23 gli
2041 3084 49 18 indi-

1615 3102 50 18 rizzé
1672 3107 38 13 una
1717 3103 102 22 magnifica
1826 3105 68 19 lettera
1902 3106 50 19 nella
1960 3109 62 22 quale,
2033 3109 57 19 ricor-

1616 3127 41 18 dati
1664 3128 28 22 gli
1700 3128 91 18 eminenti
1799 3131 69 18 servizi
1874 3131 23 18 da
1905 3132 28 18 lui
1940 3133 40 18 resi
1984 3134 37 18 alla
2028 3136 61 21 patria

1611 3151 36 19 'dal
1655 3152 46 19 1848
1709 3153 20 18 in
1736 3154 38 22 poi,
1785 3154 66 20 diceva
1856 3161 5 12 :
1876 3162 9 11 <c
1892 3156 33 19 Gli
1932 3157 75 20 italiani
2014 3164 39 14 non
2062 3161 28 18 di-

1615 3178 154 19 menticheranno
1777 3180 30 18 cié
1814 3181 71 19 ch’EIla
1896 3182 41 18 fece
1945 3183 20 18 in
1979 3184 111 20 difficilissi-

1615 3202 28 17 mi
1647 3203 69 22 -tempi,
1734 3208 34 17 per
1778 3204 20 19 la
1813 3210 59 14 causa
1887 3208 103 24 nazionale,
2001 3215 11 13 e
2022 3213 67 21 questo

1615 3228 43 17 sarà
1666 3229 31 21 pel
1704 3228 64 19 nobile
1772 3230 64 19 animo
1844 3232 19 17 di
1871 3232 33 18 Lei
1908 3238 27 13 un
1943 3236 72 20 premio
2023 3237 67 22 gratis-

1616 3253 57 18 simo.
1689 3253 20 18 lo
1717 3258 21 14 so
1754 3255 35 18 che
1796 3256 21 17 in
1826 3257 105 23 qualunque
1940 3259 65 20 futuro
2013 3263 75 21 evento,

1615 3277 41 18 Ella
1663 3283 39 13 non
1710 3279 18 17 ci
1735 3280 82 23 negherà
1822 3282 104 24 l’appoggio
1935 3284 31 19 del
1972 3290 35 15 suo
2016 3288 73 18 braccio

1616 3306 11 14 e
1635 3303 31 17 del
1675 3308 34 13 suo
1717 3305 98 23 consiglio.
1825 3306 69 22 Questo
1902 3310 48 17 volli
1958 3311 54 19 dirLe
2020 3313 18 18 io
2046 3313 41 22 che,

1615 3329 149 19 immedesimato
1777 3332 29 17 col
1820 3333 71 18 destini
1905 3334 49 19 délia
1967 3336 81 21 Nazione
2065 3344 24 13 ne

1615 3353 65 19 divido
1688 3354 21 18 le
1716 3359 89 18 speranze
1813 3358 26 18 ed
1845 3358 8 18 i
1861 3359 65 19 doveri
1935 3367 18 12 ».

1639 3377 25 19 Se
1671 3383 38 14 non
1716 3381 49 18 vado
1773 3383 69 22 errato,
1857 3384 16 18 il
1883 3384 89 24 Cipriani,
1987 3388 22 18 fu
2020 3389 69 19 l’unico

1616 3407 61 18 corso,
1687 3405 36 17 che
1730 3406 29 17 sia
1766 3408 75 17 entrato
1849 3413 11 13 a
1867 3409 40 18 fare
1914 3413 54 19 parte
1976 3413 30 18 del
2022 3413 67 21 Senato

1616 3428 32 18 del
1655 3429 72 22 Regno.
1740 3431 48 18 Nato
1796 3433 75 19 suddito
1883 3435 92 24 francese,
1985 3443 30 14 ma
2028 3444 53 15 corso

1616 3453 23 17 fu
1646 3453 52 19 buon
1705 3454 77 20 italiano
1791 3457 23 18 ed
1826 3463 38 13 una
1872 3460 49 18 delle
1928 3462 34 21 più
1976 3464 92 22 singclari
2078 3471 11 13 e

1616 3479 83 18 mirahili
1706 3480 62 24 figure
1776 3482 21 18 di
1810 3483 73 19 soldato
1891 3489 11 14 e
1910 3486 19 17 di
1943 3492 55 15 uomo
2011 3491 77 21 politico

1616 3505 31 15 del
1655 3506 66 17 nostro
1729 3506 147 23 Risorgimento.

1639 3554 36 22 (La
1685 3555 85 24 Tribune)
1872 3537 18 19 °
1906 3539 23 19 F'

1646 3628 81 23 Quelli
1738 3630 43 22 chi
1796 3632 119 25 ricevenu
1927 3637 25 22 A
1968 3640 120 23 MUVBA

1615 3669 16 16 e
1648 3665 74 23 ch’un
1739 3667 24 22 si
1778 3668 94 24 volenn
1881 3672 80 24 micca
1978 3676 110 29 abbunà,

1615 3701 129 24 umThami
1752 3710 31 16 ca
1788 3711 16 15 a
1810 3706 118 25 ricusalla
1935 3718 16 16 a
1956 3713 131 26 upedone.

2217 151 237 34 G1URNALI

2106 219 47 21 Les
2166 217 132 22 Ministres
2312 218 58 20 sont
2383 216 38 23 les
2435 220 83 28 Valets
2528 231 26 24 de

2121 250 110 27 Députés
2243 252 26 20 et
2279 250 39 21 les
2329 248 113 26 Députés
2453 259 56 19 sont
2518 243 47 44 lesS

2106 284 52 22 élus
2170 284 33 21 de
2213 284 26 21 la
2250 283 118 26 pression
2376 283 189 40 adininisti=ativ6

2127 334 33 22 Qui
2172 336 59 17 est-ce
2239 334 33 23 qui
2281 339 74 13 nomme
2364 333 28 18 les
2401 334 93 23 députés?
2501 341 23 19 Le
2530 350 10 13 g

2105 361 115 17 vernement.
2226 369 23 4 —
2255 360 36 21 Qui
2305 360 59 17 est-ce
2379 358 33 22 qui
2420 365 73 17 nomme
2499 365 18 19 le

2104 386 111 16 vernement
2219 384 10 18 ?
2234 385 36 17 Les
2277 384 85 23 députés.
2531 383 8 8 c
2550 380 15 12 U'

2126 409 52 18 Celte
2190 410 69 17 double
2267 409 118 18 affirmation
2401 411 46 20 peut
2454 416 62 17 passer
2528 423 19 15 nQ

2105 434 115 22 paradoxale.
2228 435 42 17 Elle
2277 434 117 18 contienlun
2402 437 58 19 grand
2466 438 42 19 fond
2517 443 21 19 de
2542 428 22 36 v'!r

2105 460 41 18 rite.

2126 482 39 21 Que
2178 482 18 17 le
2204 482 156 22 gouvernement,
2375 482 19 18 le
2402 484 79 20 pouvoir
2489 489 72 24 exécutif

2105 507 67 22 lequel,
2184 507 46 18 dans
2236 512 28 13 un
2272 507 71 22 régime
2351 507 45 17 bien
2404 508 89 24 ordonné,
2503 510 64 25 devrai

2105 532 39 18 être
2150 532 71 18 investi
2229 533 25 16 de
2261 533 19 17 la
2288 533 43 21 plus
2336 532 53 21 large
2394 532 137 25 indépendance
2537 544 26 19 vis

2105 557 47 19 à-vis
2160 558 33 17 des
2201 557 113 21 politiciens,
2324 557 38 18 soit
2370 557 11 17 à
2391 557 19 17 la
2418 559 57 18 merci
2482 561 33 20 des
2523 556 46 29 intr'-

2105 587 45 19 gués
2158 582 162 22 parlementaires,
2329 582 48 18 c’est
2384 585 23 14 ce
2418 586 35 18 que
2458 586 33 17 nul
2498 592 24 14 ne
2534 581 36 31 sau'

2105 608 37 18 rait
2149 607 100 18 contester.
2258 606 26 18 La
2292 606 93 18 Chambre
2392 610 26 14 ne
2429 612 72 17 nomme
2508 618 32 17 pas
2546 617 23 19 le?

2106 632 94 18 ministres
2209 632 133 20 directement,
2347 631 49 17 mais
2405 632 37 19 elle
2446 634 27 19 les
2479 628 90 30 renverse1’

2106 659 18 17 et
2129 658 18 17 le
2152 657 97 22 président
2257 657 24 17 de
2289 656 18 17 la
2311 656 118 22 République
2436 663 24 14 ne
2465 661 28 18 les
2498 663 71 25 désigne

2106 686 110 18 quesurses
2224 680 123 19 indications.
2353 681 27 17 Ils
2385 683 45 16 sont
2436 683 12 17 ù
2455 685 18 17 la
2476 690 57 17 merci
2539 691 29 20 des

2106 707 77 22 députés
2188 707 34 22 qui
2230 707 89 18 exercent
2323 710 34 14 sur
2362 710 37 14 eux
2409 711 26 13 un
2442 709 89 26 chantage
2535 720 29 17 per

2106 732 81 18 manent.

2127 754 28 18 Un
2166 754 99 18 ministère
2272 759 26 13 ne
2306 753 72 19 saurait
2389 754 59 18 durer
2456 757 30 18 s’il
2493 759 78 25 s’avisait

2106 780 23 18 de
2136 784 24 14 ne
2173 784 35 18 pas
2216 780 97 18 satisfaire
2326 779 11 17 à
2344 779 65 17 toutes
2416 779 29 19 les
2461 784 87 21 requêtes,
2561 791 10 17 à

2107 806 60 17 toutes
2174 805 29 18 les
2207 805 101 23 exigences
2316 804 34 18 des
2355 804 56 18 hôtes
2422 805 26 18 du
2455 805 116 28 Palais-Bour-

2106 831 42 17 bon.
2163 830 40 21 Que
2211 831 24 17 de
2246 829 79 23 députés
2336 834 25 13 ne
2369 829 84 19 tolèrent
2465 837 33 17 pas
2510 836 61 23 qh’uûe

2107 855 51 19 seule
2166 855 119 18 nomination
2299 855 23 17 de
2329 854 137 20 fonctionnaire
2483 859 35 18 soit
2529 862 40 22 faite

2106 881 46 18 dans
2167 881 44 18 leur
2218 879 157 22 circonscription
2391 885 45 13 sans
2444 881 42 18 leur
2501 888 69 20 assenti-

2106 907 51 17 ment
2160 906 74 22 formel,
2239 906 71 22 qu’une
2315 905 55 18 seule
2374 905 54 18 croix
2436 906 37 18 soit
2477 907 92 28 distribuée

2107 936 43 13 sans
2157 932 43 18 leur
2207 931 40 18 visa
2253 932 8 17 !

2127 957 40 18 Une
2174 956 120 24 législature,
2302 956 45 18 c’est
2355 957 68 21 quatre
2431 957 68 19 années
2506 960 24 18 de
2535 966 29 19 pPg

2107 982 93 22 parations
2208 986 38 14 aux
2254 981 111 23 prochaines
2374 982 92 18 élections
2472 988 7 17 ;
2488 984 44 19 c’est
2539 993 29 16 une

2106 1008 69 22 longue
2183 1011 103 19 campagne
2295 1006 107 19 électorale.

2128 1033 28 18 Un
2165 1039 10 10 «
2180 1033 103 18 honorable
2289 1038 17 15 »,
2315 1032 31 18 élu
2352 1032 129 22 péniblement
2490 1035 44 20 dans
2540 1043 32 16 une

2107 1058 78 18 élection
2199 1058 95 22 partielle,
2302 1061 48 14 nous
2367 1057 60 18 disait
2432 1062 6 13 :
2452 1064 9 11 «
2467 1058 106 26 Maintenant

2107 1088 36 18 que
2150 1084 19 22 je
2175 1083 49 19 tiens
2232 1082 103 22 l’arrosoir,
2341 1082 20 23 je
2366 1082 42 18 suis
2416 1083 126 23 imbattable».
2551 1089 22 20 Et

2107 1110 14 17 il
2131 1109 64 18 faisait
2202 1109 20 18 le
2230 1109 54 22 geste
2292 1109 25 17 du
2325 1108 94 22 jardinier
2426 1108 33 22 qui
2473 1114 62 16 arrose
2547 1118 27 16 ses

2107 1135 85 18 carottes.
2209 1135 26 17 Le
2249 1133 89 19 carottier
2349 1133 66 18 c’était
2426 1134 35 18 lui.
2469 1135 17 18 Il
2494 1140 81 20 comptait

2108 1160 77 18 devenir
2189 1160 19 18 le
2214 1159 60 23 grand
2279 1159 134 22 dispensateur
2419 1159 32 18 des
2456 1160 75 20 faveurs
2536 1168 39 17 gou-

2107 1185 150 19 vernementales
2265 1185 21 18 et
2293 1184 101 23 conquérir
2403 1189 24 13 en
2434 1184 82 26 échange
2523 1188 18 17 la
2550 1194 25 15 re-

2108 1211 131 18 connaissance
2247 1211 35 17 des
2290 1210 101 18 électeurs.

2129 1236 78 18 Camille
2219 1236 87 18 Palletan
2320 1235 53 18 avait
2386 1236 86 18 coutume
2486 1238 23 18 de
2526 1239 48 19 dire:

2109 1268 9 11 a
2123 1262 25 18 La
2156 1261 114 19 démocratie
2277 1262 51 17 n’est
2332 1265 41 18 pas,
2382 1265 26 13 ne
2415 1262 45 20 peut
2466 1266 35 18 pas
2508 1263 39 19 être
2551 1270 24 14 un

2108 1288 71 23 régime
2186 1288 38 18 bon
2232 1286 83 19 marché.
2321 1292 9 11 »
2337 1286 15 18 Il
2361 1286 54 18 avait
2419 1286 70 22 raison,
2495 1287 11 18 à
2513 1288 19 18 la
2539 1294 36 15 con-

2108 1313 59 18 dition
2176 1314 24 17 de
2208 1313 105 22 remplacer
2320 1313 20 17 le
2347 1313 41 17 mot
2398 1318 10 10 «
2414 1312 121 19 démocratie»
2546 1320 29 17 par

2108 1339 48 18 celui
2164 1340 24 17 de
2195 1344 10 12 «
2210 1338 111 23 démagogie
2326 1345 18 11 ».

2131 1365 25 17 Le
2164 1364 70 22 député
2246 1368 25 14 ne
2278 1364 46 18 vote
2333 1368 49 17 pour
2392 1363 31 18 les
2430 1362 96 20 ministres
2538 1368 37 20 qu’à

2109 1390 18 17 la
2134 1389 97 18 condition
2238 1393 39 17 que
2290 1388 74 18 ceux-ci
2372 1388 83 17 mettent
2462 1392 47 17 pour
2516 1390 26 18 lui
2552 1396 21 15 au

2109 1414 68 22 pillage
2190 1414 20 18 le
2218 1414 69 18 Trésor
2293 1413 71 22 public.
2374 1412 52 18 C’est
2434 1417 26 13 un
2467 1413 40 19 troc
2514 1418 61 20 auquel

2109 1440 72 18 chacun
2189 1443 21 14 se
2218 1440 77 17 soumet
2301 1439 24 17 de
2332 1438 19 18 la
2360 1438 100 18 meilleure
2464 1438 60 22 grâce.
2531 1441 44 20 Pour

2109 1465 94 19 satisfaire
2210 1464 29 19 les
2247 1464 106 22 individus,
2362 1468 26 13 on
2393 1463 58 18 ruine
2458 1463 18 18 la
2484 1465 91 21 collectivi-

2111 1491 24 18 té.

2131 1514 27 17 On
2163 1518 22 13 se
2196 1514 93 17 demanne
2299 1516 93 19 pourquoi
2401 1514 43 20 trop
2453 1514 25 16 de
2490 1514 84 19 fonction-

2110 1539 62 18 naires
2181 1539 44 18 sont
2230 1538 86 18 devenus
2325 1536 140 24 syndicalistes.
2475 1536 48 20 C’est
2527 1544 47 17 parce

2111 1564 55 23 qu’ils
2175 1565 34 17 ont
2217 1568 33 14 cru
2259 1564 80 17 trouver
2346 1563 11 17 à
2365 1563 20 17 la
2392 1562 22 18 C.
2423 1561 23 19 G.
2451 1562 28 22 T.,
2487 1563 51 19 voire
2543 1566 10 17 à
2557 1566 15 18 la

2111 1589 104 22 C.G.T.-U.,
2227 1594 29 13 un
2263 1589 57 22 appui
2329 1589 65 17 contre
2401 1588 20 18 le
2429 1587 111 21 favoritisme
2545 1591 27 19 des

2111 1615 153 23 parlementaires
2280 1614 33 23 qui
2325 1615 58 17 usent
2397 1614 25 17 de
2435 1613 42 18 leur
2489 1614 82 21 influence

2111 1645 46 18 pour
2173 1640 50 18 faire
2235 1644 82 14 avancer
2325 1640 53 18 leurs
2391 1638 89 24 protégés
2493 1644 23 14 au
2525 1641 47 19 détri-

2111 1667 52 17 ment
2170 1666 34 18 des
2215 1665 149 19 fonctionnaires
2378 1666 45 21 trop
2431 1664 48 18 fiers
2489 1669 44 18 pour
2543 1668 26 17 s’a-

2112 1692 71 18 baisser
2190 1696 26 13 au
2224 1691 41 18 rôle
2272 1691 26 18 de
2305 1690 146 23 quémandeurs.

2132 1716 25 19 Le
2164 1717 85 18 microbe
2258 1717 23 18 de
2295 1716 19 18 la
2322 1716 94 23 politique
2424 1720 11 12 a
2443 1716 42 17 tout
2492 1718 78 21 gangrené

2111 1742 46 18 dans
2165 1744 56 17 notre
2228 1742 127 18 malheureux
2363 1746 56 18 pays.

2133 1768 73 22 Lorque
2214 1768 64 18 arrive
2285 1768 19 18 la
2312 1767 43 18 date
2363 1767 24 18 de
2395 1767 21 17 la
2423 1766 88 19 véritable
2521 1768 51 22 pério-

2112 1793 23 18 de
2139 1793 106 21 électorale,
2254 1794 48 17 c’est
2309 1792 45 18 bien
2359 1792 49 23 pire.
2416 1792 49 18 Tous
2470 1792 26 19 les
2501 1797 72 19 rouages

2111 1818 146 19 administratifs
2264 1819 45 18 sont
2316 1818 37 18 mis
2361 1822 25 14 au
2394 1818 74 18 service
2475 1818 30 18 des
2517 1819 56 17 candi-

2112 1844 42 18 dats
2161 1844 45 18 bien
2214 1849 23 13 en
2242 1848 55 14 cour.

2133 1870 29 18 Un
2169 1869 62 23 préfet
2245 1869 86 21 écrivait,
2340 1869 70 18 l’autre
2417 1868 48 24 jour,
2475 1873 24 14 au
2512 1868 61 23 Temps,

2113 1900 36 18 que
2153 1899 32 15 ses
2190 1895 96 23 collègues
2292 1894 77 19 avaient
2373 1894 53 19 céssé
2431 1894 60 19 d’être
2495 1895 31 17 des
2530 1898 45 14 cour-

2112 1922 47 17 tiers
2173 1920 110 19 électoraux
2297 1922 20 16 et
2324 1920 58 23 qu’en
2389 1921 51 17 cette
2453 1920 77 18 matière
2540 1920 36 18 leur

2112 1947 81 18 autorité
2197 1946 52 18 avait
2254 1946 63 18 décru.
2324 1946 55 18 Voilà
2383 1950 40 14 une
2427 1946 108 22 dénégation
2538 1945 38 19 bien

2113 1972 68 23 sujette
2186 1972 11 18 à
2202 1972 81 18 caution.
2294 1972 35 18 Les
2334 1971 97 19 dernières
2436 1971 89 19 élections
2530 1971 45 18 elles-

2113 1998 69 18 mêmes
2192 2002 49 14 nous
2257 1998 34 17 ont
2298 1997 65 18 fourni
2376 1998 43 21 trop
2426 1997 25 18 de
2462 2001 81 18 preuves
2556 1997 17 17 du

2112 2023 93 19 contraire
2213 2028 50 17 pour
2270 2027 37 18 que
2314 2026 50 14 nous
2372 2022 95 22 puissions
2474 2021 73 23 ajouter
2555 2021 19 18 foi

2113 2053 24 14 au
2144 2048 96 23 plaidoyer
2249 2048 23 18 de
2280 2052 23 14 ce
2308 2047 69 23 préfet.

2134 2074 108 18 Concédons
2257 2074 106 22 cependant
2371 2077 38 18 que
2416 2073 18 18 le
2442 2072 61 23 préfét
2509 2073 27 18 tel
2546 2077 29 18 que

2112 2100 25 18 l’a
2143 2100 41 22 fait,
2192 2104 26 14 ou
2223 2100 63 22 plutôt
2294 2099 107 21 contrefait,
2411 2099 68 22 depuis
2487 2103 37 14 une
2530 2099 45 17 tren-

2113 2126 49 18 taine
2175 2125 96 22 d’années,
2284 2126 19 17 le
2310 2125 51 23 parti
2369 2125 78 21 radical,
2461 2129 11 13 a
2480 2124 58 23 perdn
2544 2129 31 13 aux

2112 2155 50 19 yeux
2169 2151 34 18 des
2220 2151 122 23 populations
2350 2155 40 13 une
2405 2150 70 23 grande
2489 2150 56 22 partie
2556 2149 19 18 de

2113 2181 33 14 son
2153 2177 85 22 prestige
2246 2176 118 19 d’autrefois.
2373 2176 83 18 Recruté
2461 2176 45 18 dans
2510 2175 27 18 les
2542 2175 32 17 bas-

2113 2202 54 18 fonds
2175 2202 35 18 des
2224 2203 53 22 loges
2286 2203 20 17 et
2314 2203 34 17 des
2360 2202 87 21 comités,
2456 2202 14 17 il
2481 2201 48 18 n’est
2539 2201 34 21 plus

2113 2228 57 23 qu’un
2178 2228 87 18 mauvais
2276 2228 158 18 administrateur
2441 2228 20 17 et
2467 2231 28 14 un
2506 2226 67 18 détesta-

2112 2254 31 18 ble
2147 2254 103 22 politicien.
2258 2253 38 19 Son
2304 2253 82 19 autorité
2392 2258 34 13 sur
2431 2253 29 18 les
2465 2253 64 17 autres
2534 2251 39 18 fonc-

2112 2280 104 18 tionnaires
2229 2281 31 17 est
2265 2280 54 18 nulle
2327 2284 56 18 parce
2394 2283 37 18 que
2439 2278 72 19 ceux-ci
2519 2282 20 13 se
2543 2281 28 14 mo-

2113 2310 36 18 que
2156 2305 24 18 de
2186 2305 29 18 lui
2224 2306 19 17 et
2254 2310 24 14 ne
2287 2305 97 21 reçoivent
2394 2304 140 19 d’instructions
2544 2306 26 19 que

2113 2332 33 17 des
2151 2331 108 23 politiciens
2266 2331 25 18 de
2298 2331 43 18 leur
2348 2332 61 17 seete.

2134 2356 50 19 C’est
2190 2357 20 17 la
2218 2357 74 18 maison
2299 2357 11 17 à
2317 2357 91 18 l’envers.
2416 2356 25 18 Ce
2449 2356 43 18 sont
2500 2358 42 15 ceux
2544 2352 29 24 qui

2113 2382 98 18 devraient
2223 2382 54 19 obéir
2291 2382 32 22 qui
2338 2382 139 18 commandent.
2488 2380 52 21 Jadis,
2550 2379 23 16 du

2112 2408 60 22 temps
2177 2408 34 18 des
2216 2407 68 23 fiches,
2293 2408 11 17 à
2310 2407 193 21 Clermont-Ferrand,
2508 2410 25 13 un
2536 2403 38 19 maî-

2113 2434 29 17 tre
2149 2433 71 18 bottier
2227 2434 24 18 de
2263 2433 101 23 régiment,
2372 2437 57 19 parce
2440 2437 36 18 que
2487 2429 87 25 dignitaire

2113 2459 23 18 de
2143 2459 18 17 la
2168 2459 188 22 franc-maçonnerie,
2366 2458 79 19 donnait
2452 2459 33 17 des
2490 2457 58 19 ordres
2554 2459 20 13 au

2113 2485 129 17 commandant
2254 2485 26 17 du
2292 2489 54 19 corps
2351 2484 90 18 d’armée.
2452 2483 25 19 Ce
2485 2480 89 21 détestable

2113 2510 46 18 abus
2166 2510 47 18 s’est
2221 2510 111 23 généralisé.

2136 2535 27 18 On
2173 2540 50 14 nous
2230 2540 11 14 a
2249 2536 39 18 cité
2299 2541 28 13 un
2335 2535 131 23 département
2473 2534 25 18 où
2503 2534 19 18 le
2529 2530 46 20 comi-

2113 2560 19 19 té
2140 2561 86 19 électoral
2234 2562 45 18 d’un
2288 2562 87 18 candidat
2386 2561 25 18 de
2419 2560 73 24 gauche
2507 2558 42 19 était
2556 2560 18 14 en

2113 2586 85 23 majorité
2209 2587 88 23 composé
2304 2587 23 18 de
2335 2586 155 19 fonctionnaires.

2135 2612 34 19 Les
2180 2613 80 23 députés
2270 2614 44 18 sont
2322 2613 19 18 le
2348 2612 79 23 produit
2433 2609 113 20 malodorant
2556 2607 18 18 de

2113 2638 41 18 tout
2169 2643 23 14 ce
2205 2643 36 18 que
2259 2643 49 14 nous
2321 2642 73 14 venons
2409 2638 23 17 de
2446 2637 48 17 dire.
2507 2634 31 24 Ça,
2549 2633 24 18 le»

2113 2663 41 18 élus
2164 2664 26 18 du
2198 2664 69 22 peuple
2279 2662 117 20 souverain?
2405 2662 69 19 Jamais
2482 2662 23 18 de
2511 2661 20 17 la
2538 2657 36 20 vie!

2113 2688 26 18 Ils
2147 2690 43 16 sont
2200 2693 31 14 ses
2243 2690 93 22 parasites
2344 2690 19 17 et
2372 2693 31 14 ses
2413 2691 96 20 grugears.
2523 2685 22 18 Et
2553 2684 21 18 les

2114 2713 96 19 ministres
2218 2718 24 14 ne
2251 2715 45 17 sont
2303 2719 37 18 que
2344 2715 30 18 les
2379 2714 61 18 valets
2445 2714 32 17 des
2481 2711 94 23 parlemen-

2114 2738 34 18 tai):
2150 2743 27 14 es.
2184 2738 50 19 C’est
2241 2744 27 13 un
2274 2740 62 18 cercle
2342 2740 79 18 vicieux
2427 2748 23 5 —
2454 2738 25 19 oh
2485 2737 6 18 i
2499 2735 74 20 combien

2114 2764 75 19 vicieux
2194 2764 5 18 !

2137 2794 12 9 44
2152 2793 64 18 L'Ami
2223 2793 25 19 du
2254 2794 67 24 peuple
2324 2794 13 9 ’’

2229 2858 118 24 Giuventù
2359 2860 107 22 Cursista

2147 2909 147 26 Prutesta
2307 2910 33 25 d!
2351 2918 24 17 u
2387 2909 37 26 C.
2434 2907 70 27 P.C.
2514 2905 26 25 P*

2138 2960 125 22 Dumenica
2271 2967 15 20 4
2300 2962 82 25 jugnu,
2399 2968 14 13 a
2430 2967 15 13 u
2464 2956 57 27 Café
2536 2953 29 21 de*

2115 2988 259 25 Invalides,Boulevard
2380 2990 31 20 de
2416 2990 35 20 La
2458 2987 55 21 Tour
2517 2983 49 22 Meu'

2115 3016 78 26 bourg.,
2211 3018 24 20 in
2256 3018 84 26 Parigi,
2357 3018 30 21 ha
2405 3020 70 18 avutu
2498 3015 44 20 locu
2557 3013 10 12 *

2115 3044 92 22 siconda
2218 3048 112 20 reunione
2346 3047 25 20 di
2387 3054 15 13 u
2424 3043 111 24 Cumilatu

2115 3073 159 26 Propaganda
2286 3075 104 21 Cursista
2398 3076 26 19 in
2432 3070 81 27 Parigi
2518 3068 50 41 so^

2115 3107 11 14 a
2132 3102 134 25 presidenza
2275 3104 24 20 di
2306 3103 112 21 Marceilu
2426 3096 143 27 Alessafldriûi

2115 3129 120 23 Chidazzu.

2137 3158 66 26 Dopu
2214 3166 31 14 un
2261 3160 125 26 detagliatu
2396 3166 53 15 resu
2457 3159 66 20 contu
2532 3151 36 20 <ùu

2115 3187 67 20 modu
2198 3188 24 20 di
2234 3190 151 25 propaganda
2402 3189 109 23 adupratu
2522 3181 24 20 àa
2559 3182 13 13 u

2115 3214 25 22 C.
2146 3215 25 21 P.
2177 3215 64 26 C.P.,
2246 3224 16 14 u
2267 3218 134 25 présidente
2409 3217 28 20 ha
2443 3213 102 22 incuragg
2545 3213 7 12 1
2561 3210 11 13 u

2115 3243 6 20 i
2128 3244 101 21 soamici
2238 3252 14 13 a
2260 3246 145 20 cuntinuàcu
2412 3240 161 25 forzaepacieo-

2115 3278 24 14 za
2147 3279 14 13 u
2170 3274 156 20 sacratissimu
2339 3270 183 24 cumbattimenfu
2529 3270 26 19 pe
2560 3267 11 13 a

2115 3300 120 22 diffusione
2243 3302 24 20 di
2275 3302 69 20 PIdea
2351 3298 165 25 Autonomista.

2140 3328 76 21 Prima
2233 3330 25 20 di
2274 3330 98 26 scioglie
2384 3336 14 14 a
2412 3328 86 22 seduta,
2512 3328 16 13 u
2543 3324 23 15 se

2115 3361 83 20 guente
2206 3358 81 21 ordine
2293 3359 23 20 di
2322 3366 15 13 u
2343 3359 72 24 jornu
2421 3358 12 19 è
2438 3357 58 19 statu
2502 3350 70 21 vub*tu

2115 3385 173 23 al’unanimità:

2140 3420 40 20 «U
2190 3420 25 21 C.
2223 3421 28 21 P.
2262 3422 24 20 C.
2293 3422 37 23 P.,
2365 3415 167 29 cunsiderendu
2558 3411 13 16 *

2115 3449 105 20 verdettu
2230 3450 29 20 di
2275 3450 94 22 Colmar
2380 3456 64 16 cume
2460 3452 31 15 un

2115 3478 50 18 tatu
2174 3483 15 13 a
2198 3477 11 20 i
2215 3478 84 21 Diritti
2306 3480 27 19 di
2339 3480 16 20 V
2358 3480 61 20 Omu
2427 3484 13 14 e
2445 3471 99 25 a’liberia

2115 3510 14 13 u
2140 3507 100 22 penseru
2253 3513 13 14 e
2279 3508 28 20 di
2322 3514 17 14 a
2351 3509 105 22 stampa,
2474 3500 76 32 Pruief.
2559 3523 13 15 u

2115 3535 78 18 contru
2205 3540 17 14 a
2227 3538 63 21 pocu
2299 3536 79 25 degna
2385 3530 132 30 attitudine.
2523 3529 22 16 ai
2551 3553 15 14 ^

2115 3567 103 18 guvernu
2225 3570 13 13 e
2245 3564 24 20 si
2275 3564 53 20 dice
2336 3564 27 20 di
2370 3569 53 14 core
2427 3567 29 15 eu
2463 3558 52 21 tutti
2523 3555 28 18 la

2115 3590 116 21 tonomisti
2237 3592 126 21 d’Alsazia
2370 3597 13 14 e
2388 3582 183 38 principalrn^f-

2115 3623 26 14 eu
2148 3618 10 19 i
2166 3618 94 25 fratelli
2266 3620 28 21 di
2304 3620 54 26 fede
2372 3617 89 22 Schall,
2477 3611 69 25 Ricku

2115 3646 71 22 Rossé
2191 3654 13 13 e
2212 3648 139 21 Fasshauer.

2312 3675 36 19 Per
2361 3673 42 19 uC.
2410 3670 76 21 P.C.P-

2337 3700 17 18 U
2356 3698 106 20 Présidente
2468 3702 7 11 :

2220 3724 30 20 M..
2258 3725 135 20 AElessandri
2402 3724 24 19 di
2437 3716 116 24 Chidazzo.
