2556 3843
114 127 25 35 A
157 124 181 36 Proibizione
358 120 227 45 d'esportazione

253 180 49 20 33’I
321 176 125 22 LEG-NI

143 243 96 21 Avemu
258 241 90 20 scrittu
370 236 70 22 mille
456 234 67 22 volte
544 232 42 21 chi

116 276 73 21 tantu
198 274 42 21 clii
252 279 15 14 a
277 272 106 21 Côrsica
392 275 35 15 un
440 265 78 23 avarà
531 271 15 14 a
557 269 27 15 so

116 306 148 23 autonomie,
275 311 12 14 e
299 304 67 27 legge
378 308 12 14 e
403 299 93 23 decreti
506 298 41 20 ins
547 296 40 27 pi-

115 340 55 21 rati
183 341 36 25 pu
232 344 16 15 u
269 337 127 21 benessere
408 333 28 21 di
444 338 15 14 a
476 330 110 21 Francia

115 377 98 16 saranu
222 372 48 25 per
281 369 43 21 noi
336 368 69 21 tante
415 362 128 23 stilittate.

148 404 23 22 U
179 403 128 23 ministru,
325 399 77 22 d'una
409 399 87 25 penna
507 392 80 27 affan-

117 438 60 20 nata
190 436 33 21 da
235 442 16 14 a
261 432 137 27 situa^ione
410 428 27 21 di
453 432 18 15 u
492 422 95 24 bursel-

117 469 36 26 lu,
175 469 33 21 ha
215 468 106 27 firmatu
333 470 18 15 u
364 462 101 22 decretu
478 459 28 21 di
513 460 74 25 proi-

118 502 98 27 biyone
239 496 195 30 d’esportazione
462 491 35 22 d'i
521 490 65 27 legm

117 540 57 21 senz
182 531 128 27 accapassi
327 526 90 23 ch’ellu
429 527 65 19 dava
505 529 31 15 eu
548 523 40 20 sla

119 564 146 23 martellata
285 569 15 14 u
319 560 76 28 colpu
417 558 27 21 di
462 562 91 22 grazia
573 560 14 15 a

121 595 166 26 Cursichella.

146 628 168 30 L'emozioneè
320 625 100 30 grande
432 625 27 20 in
473 622 113 22 Corsica.

118 666 20 19 A
151 668 100 16 caméra
261 661 26 21 di
305 657 160 24 Cunimerciu
490 654 98 21 d’Aiac-

118 698 83 22 ciu,ne
213 701 16 14 a
240 700 27 15 so
278 692 88 22 seduta
377 690 27 21 di
417 695 15 15 u
444 694 25 20 14
481 687 105 28 Agostu,

120 729 33 21 ha
166 725 156 24 dumandatu
331 725 49 26 per
399 720 84 23 lisula
501 725 15 15 a
537 724 50 15 non

120 760 172 29 àpplicazione
304 757 27 22 di
342 757 39 20 sia
393 753 166 29 proibizione.

149 794 65 21 Eccu
227 798 16 15 u
255 790 134 23 resucontu
403 787 27 21 di
441 792 16 15 a
467 785 90 22 seduta
569 789 8 15 :

141 845 8 9 «
156 838 23 17 Le
186 836 96 18 Président
287 835 59 17 donne
352 833 71 17 lecture
428 831 25 16 du
459 829 63 18 décret
528 832 44 18 paru
578 826 10 18 à

119 861 86 25 VOfficiel
213 862 25 16 du
255 860 10 17 7
273 859 43 18 août
323 856 99 24 prohibant
435 855 19 17 la
467 853 58 19 sortie
541 851 48 18 ainsi

119 892 37 18 que
159 885 133 23 l’exportation,
300 888 23 13 en
331 882 50 18 suite
386 878 133 23 d’entrepôt,de
527 877 61 22 dépôt,

119 913 25 17 de
150 911 66 18 transit
221 911 19 17 et
248 910 23 17 de
278 905 160 21 transbordement
444 904 33 17 des
486 903 42 18 bois
536 902 53 17 bruts

119 941 46 14 avec
172 940 24 14 ou
205 939 44 14 sans
257 934 67 19 écorce,
333 932 23 17 de
362 929 135 20 circonférence
509 932 26 13 au
546 930 43 19 gros

120 963 46 17 bout
171 960 107 23 supérieure
285 958 11 17 à
303 956 22 19 60
333 955 125 20 centimètres,
463 954 11 16 à
482 953 7 17 1
495 951 95 19 exclusion

120 987 34 17 des
159 986 40 17 bois
207 985 24 17 de
237 983 50 18 mine
290 987 6 17 ;
307 983 34 16 des
348 980 41 19 bois
407 978 83 23 équarris
503 982 25 13 ou
542 976 48 18 sciés

121 1011 114 22 d’épaisseur
243 1007 105 24 supérieure
355 1006 13 17 à
375 1004 33 18 123
417 1002 115 21 milimèlres,
539 1002 50 17 etc...

144 1036 15 17 Il
167 1035 63 22 ajoute
237 1037 36 18 que
280 1033 19 17 la
303 1029 136 25 promulgation
448 1028 23 17 de
476 1032 28 26 ce^
510 1027 64 17 décrét
579 1031 12 12 a

122 1060 56 20 causé
186 1064 24 13 en
224 1058 56 18 Corse
290 1060 37 15 une
338 1055 83 18 émotiou
429 1052 136 21 considérable;
576 1051 15 17 il

122 1085 61 19 aurait
189 1088 48 18 pour
248 1082 50 21 effet,
307 1081 30 18 s’il
345 1080 47 18 était
399 1079 43 20 mis,
448 1083 24 13 en
481 1075 110 25 application

125 1112 24 17 de
157 1110 95 23 paralyser
257 1108 17 17 la
283 1105 80 19 branche
372 1105 18 17 la
398 1104 42 23 plus
449 1103 111 22 importante
568 1101 23 17 de

123 1134 88 19 l’activité
225 1131 124 20 commerciale
364 1131 23 16 de
396 1129 44 20 Plie,
450 1129 23 17 de
487 1131 65 14 causer
566 1131 24 12 un

121 1161 49 18 arrêt
173 1159 80 21 complet
260 1158 44 17 dans
313 1156 27 18 les
343 1153 129 24 exploitations
478 1151 112 20 forestières,

122 1188 20 15 et
150 1184 56 20 enfin,
217 1184 23 17 de
257 1185 63 15 causer
336 1181 23 17 de
376 1183 66 20 graves
455 1176 137 24 répercussions

122 1209 136 22 économiques,
270 1211 44 18 pour
327 1206 17 17 la
353 1205 62 17 raison
424 1207 36 19 que
468 1203 29 18 les
505 1202 40 18 bois
553 1206 39 13 cor-

123 1240 30 13 ses
161 1235 43 18 sont
212 1231 84 24 exportés
305 1234 78 19 presque
391 1234 23 13 en
427 1227 74 19 totalité
509 1231 23 14 en
540 1226 52 18 Italie

123 1262 19 16 et
150 1265 23 13 en
182 1259 89 22 Espagne.

146 1285 23 17 Le
181 1283 98 18 Consinent
294 1279 80 22 français
382 1280 48 17 n’est
445 1282 31 18 pas
492 1277 101 22 acquéreur

123 1311 33 17 des
161 1309 39 18 bois
212 1311 61 14 corses
286 1310 52 19 parce
349 1304 56 22 qu'ils
413 1308 24 13 ne
446 1307 19 14 se
479 1302 73 22 prêtent
561 1305 32 17 pas

123 1339 36 14 aux
172 1336 79 16 travaux
263 1332 23 17 de
299 1329 120 19 menuiserie.
428 1329 29 16 Au
474 1327 82 22 surplus,
566 1326 28 17 les

123 1359 77 18 voiliers
209 1357 87 21 français.
302 1354 75 24 appelés
384 1358 34 18 par
425 1352 91 23 privilège
523 1352 12 17 à
542 1355 53 14 exer-

123 1389 32 13 cer
160 1385 41 16 leur
209 1382 86 21 cabotage
303 1381 52 17 entre
362 1380 20 17 la
390 1378 56 18 Corse
449 1378 19 17 et
473 1378 20 17 le
499 1376 96 18 continent

123 1408 80 19 français
209 1408 41 17 font
257 1405 108 19 totalement
373 1404 70 17 défaut.

147 1433 34 18 Ces
189 1432 80 20 voiliers,
284 1431 24 17 du
322 1430 57 21 reste,
394 1426 153 23 n’accepteraient
554 1430 40 18 pas;

125 1463 71 13 comme
211 1458 28 17 les
253 1456 75 18 voiliers
345 1454 81 20 italiens,
444 1452 84 23 d’opérer
543 1452 52 16 leurs

123 1483 129 22 chargements
257 1485 32 14 sur
296 1480 53 18 rades
357 1479 87 20 foraines,
454 1482 33 13 sur
494 1477 33 18 les'
535 1476 61 17 diver-

124 1513 31 14 ses
163 1509 64 21 plages
233 1508 27 16 du
266 1505 75 19 littoral.

132 1532 9 6 -
148 1533 50 18 C’est
206 1536 47 18 pour
258 1535 30 14 ces
292 1530 72 18 raisons
372 1533 38 18 que
416 1529 19 17 le
447 1531 101 14 commerce
562 1527 34 17 des

126 1559 40 17 bois
174 1561 62 15 corses
245 1557 30 18 n’a
282 1555 64 23 jamais
353 1559 27 18 pu
389 1554 46 18 faire
443 1553 65 22 l’objet
514 1553 24 17 de
546 1553 50 17 tran-

126 1583 80 18 sactions
230 1580 135 20 commerciales
380 1577 125 24 appréciables
518 1581 47 14 avec
578 1577 18 17 le

126 1608 100 19 Continent
232 1607 84 20 français.

151 1634 33 17 Les
191 1633 41 18 bois
240 1635 60 15 corses
308 1632 33 17 ont
349 1629 73 21 trouvé,
436 1633 23 14 en
472 1629 39 17 tout
530 1629 64 20 temps,

126 1664 23 13 au
165 1658 98 20 contraire,
280 1657 31 17 des
326 1654 105 19 débouchés
444 1654 117 22 permanents
578 1653 19 17 et

127 1684 98 22 réguliers,
234 1687 23 14 en
267 1681 48 18 Italie
324 1685 48 18 pour
380 1681 27 16 les
412 1683 43 19 gros
465 1678 40 18 bois
513 1677 83 19 destinés

126 1709 11 18 à
143 1710 17 17 la
165 1709 100 22 charpente
272 1708 19 17 et
299 1707 10 17 à
318 1707 17 16 la
342 1704 126 19 construction
473 1704 34 17 des
515 1703 80 19 navires,

126 1739 24 13 en
164 1733 83 23 Espagne
258 1736 45 18 pour
315 1731 27 18 les
354 1730 40 18 bois
406 1733 23 14 en
442 1733 66 18 grume
519 1732 47 18 pour
579 1728 18 17 la

126 1759 94 18 caisserie.

149 1784 48 17 Dans
205 1787 33 14 ces
249 1781 107 20 conditions,
370 1781 17 17 la
396 1779 47 18 mise
456 1783 22 14 en
487 1777 110 23 application

129 1810 24 17 du
162 1809 64 18 décret
233 1809 24 17 de
265 1806 110 23 prohibition
384 1806 25 16 du
416 1805 9 17 7
430 1805 48 18 .août
484 1803 59 18 aurait
551 1806 47 18 pour

126 1833 128 22 conséquence
259 1831 103 19 immédiate
369 1835 26 13 un
404 1829 49 19 arrêt
461 1829 80 22 complet
551 1828 47 17 dans

128 1860 18 17 la
155 1860 55 17 vente
219 1859 33 17 des
258 1857 39 18 bois
306 1860 68 15 corses.

150 1884 13 17 11
174 1882 125 22 entraînerait,
305 1886 33 18 par
346 1882 58 19 suite,
411 1883 36 14 une
452 1879 49 18 crise
508 1877 92 19 économi-

129 1913 35 18 que
173 1909 12 16 d
192 1913 37 13 une
234 1906 144 23 exceptionnelle
387 1904 77 24 gravité.
474 1904 27 17 En
509 1903 53 20 effet,
572 1903 28 16 les

128 1933 113 23 exploitants
254 1935 59 15 corses
326 1932 33 17 ont
370 1929 53 24 passé
431 1930 33 17 des
473 1927 84 19 marchés
566 1927 45 18 im-.

126 1959 85 22 portants
219 1961 46 15 avec
269 1958 32 17 des
306 1956 82 18 maisons
393 1954 102 22 d’Espagne
499 1954 19 17 et
520 1952 79 18 d’Italie.

128 1984 27 18 De
159 1984 58 17 fortes
223 1986 77 14 avances
304 1981 34 18 ont
342 1980 31 18 été
377 1979 104 19 consenties
489 1979 12 17 à
505 1978 95 20 beaucoup

130 2009 71 18 d’entre
210 2012 44 14 eux.
261 2005 123 20 Des.milliers
391 2005 24 17 de
428 2004 70 18 mètres
511 2003 59 17 cubes
577 2001 32 18 de'

129 2034 41 18 bois
177 2034 34 17 ont
219 2032 31 19 été
257 2032 72 17 abattus
337 2031 46 17 dans
391 2030 20 17 le
418 2029 78 18 courant
501 2028 24 18 de
533 2027 69 18 l’hiter

129 2060 20 17 et
158 2059 25 17 du
192 2058 108 22 printemps,
309 2057 20 17 et
337 2056 43 17 sont
389 2054 52 23 prêts
454 2054 12 17 à
473 2053 40 18 être
530 2052 71 18 embar-

129 2083 46 23 qués
192 2087 33 14 sur
241 2081 81 21 voiliers,
339 2085 23 13 en
378 2080 63 17 divers
449 2078 62 22 points
522 2078 24 17 de
553 2077 47 18 File.

129 2109 45 17 D’où
182 2108 66 22 procès
256 2108 51 17 entre
320 2106 28 17 les
366 2105 82 17 maisons
464 2103 103 22 d’Espagne
582 2102 21 17 et

130 2133 70 18 d’Italie
209 2134 20 16 et
235 2133 29 17 les
272 2131 111 22 exploitants
390 2129 105 20 forestiers;
504 2127 51 18 arrêt
568 2127 34 17 des

130 2158 130 23 exploitations
268 2155 111 22 forestières;
392 2154 89 22 chômage
489 2154 24 16 de
523 2152 79 18 milliers

130 2183 102 19 d’ouvriers
246 2181 100 21 forestiers,
359 2181 24 17 de
392 2179 116 20 charretiers,
528 2178 23 18 de
559 2181 43 14 con-

130 2209 89 18 ducteurs
227 2208 25 17 dè
259 2206 73 21 mulets,
344 2206 52 17 etc...

152 2234 24 18 Le
185 2232 102 21 Président,
296 2235 23 14 en
327 2230 108 20 terminant,
442 2228 60 18 invite
506 2228 20 18 la
537 2227 66 18 Cham-

132 2259 33 18 bre
172 2259 12 18 à
192 2258 90 18 délibérer
288 2261 32 13 sur
327 2256 20 18 le
354 2255 65 18 décret
425 2254 25 18 de
457 2253 114 23 prohibition
576 2252 27 17 du

133 2285 10 17 7
149 2284 44 18 août
197 2283 33 22 qui
238 2282 59 18 aurait
305 2285 47 18 pour
369 2280 79 18 résultat
463 2279 25 17 de
503 2278 46 18 tarir
565 2281 38 13 une

131 2310 33 17 des
169 2308 110 23 principales
287 2309 74 15 sources
370 2306 24 16 de
402 2304 82 18 richesse
492 2303 24 18 de
523 2302 47 21 File,
579 2302 25 17 de

131 2334 52 18 créer
195 2337 38 14 une
250 2332 47 18 crise
307 2330 119 22 économique
440 2333 43 13 sans
497 2327 105 23 précédent,

131 2363 44 15 sans
190 2358 59 22 profit
262 2361 59 14 aucun
334 2359 49 18 pour
395 2355 29 18 les
436 2353 135 21 commerçants
579 2356 25 14 en

132 2385 40 17 bois
180 2384 26 17 du
215 2382 97 19 Continent
319 2380 88 21 français:

153 2409 60 22 Après
221 2413 23 13 en
252 2407 50 18 avoir
309 2405 89 21 délibéré,

154 2435 25 17 La
187 2433 96 20 Chambre,

155 2458 110 23 Convoquée
277 2456 132 23 spécialement
415 2458 48 18 pour
470 2453 99 18 examiner
575 2453 30 17 les

133 2484 135 23 conséquences
272 2482 26 18 du
305 2481 64 18 décret
376 2480 24 18 de
405 2479 114 23 prohibition
528 2478 24 18 de
559 2477 47 18 l’ex-

134 2509 93 23 portation
234 2508 34 18 des
275 2507 40 18 bois
323 2510 69 17 corses,

155 2534 78 22 Appelle
244 2532 104 19 l’attention
362 2531 24 18 de
393 2529 44 19 MM.
449 2529 19 17 le
480 2528 88 18 Ministre
579 2527 26 17 du

134 2559 112 19 Commerce,
261 2558 33 17 des
305 2556 90 18 Finances
404 2556 19 17 et
436 2554 24 17 de
473 2552 134 24 l’Agriculture

134 2589 33 14 sur
174 2585 19 17 la
200 2583 89 19 situation
296 2580 146 23 exceptionnelle
456 2582 37 18 que
506 2578 46 18 vaut
560 2578 12 17 à
587 2577 20 18 la

134 2609 55 19 Corse
196 2613 36 14 son
236 2606 102 20 insularité.

156 2634 120 18 Considérant
288 2636 36 18 que
338 2632 18 17 la
370 2631 32 17 vie
413 2629 120 22 économique
544 2628 25 17 de
584 2631 23 14 ce

134 2659 127 23 département
274 2658 29 17 est
314 2656 111 23 gravement
439 2653 86 19 menacée
538 2657 34 19 par
587 2652 21 18 le

136 2685 63 18 décret
207 2684 26 17 du
241 2683 11 17 7
261 2682 48 19 août.

632 110 122 19 Considérant
761 112 37 17 que
806 107 19 16 le
833 106 33 17 but
874 104 34 17 des
921 101 78 24 pouvoir
1008 99 71 24 publics

611 140 23 13 ne
648 134 72 18 saurait
735 133 41 17 être
790 129 115 22 atteint.par
916 126 131 22 l'application,
1057 128 23 13 en

611 160 62 17 Corse,
683 159 26 16 du
721 157 29 17 dit
758 156 69 17 décret.

632 183 93 17 Demande
732 184 45 14 avec
785 179 83 17 instance
876 182 37 17 que
919 180 20 14 ce
944 175 64 17 décret
1016 178 24 13 ne
1045 174 36 16 soit

611 212 33 17 pas
651 205 102 23 applicable
760 205 12 16 à
779 204 19 16 la
804 202 61 20 Corse,
875 206 33 17 par
916 204 74 14 mesure
999 199 83 19 d’excep-

612 232 56 17 tion.»

732 302 233 33 GIURNALI

613 373 23 21 U
646 372 85 21 Vescu

635 401 26 18 On
678 401 83 20 redoute,
776 401 20 17 et
806 401 11 17 à
830 400 36 17 bon
872 398 56 19 droit,
942 397 19 16 la
971 394 113 19 nomination

613 427 43 16 d’un
663 426 86 22 étranger
756 431 23 12 au
788 424 78 18 diocèse.
1051 442 6 6 #

635 451 24 17 Le
663 451 63 22 clergé
729 450 56 18 Corse
793 448 57 19 serait
857 445 125 24 péniblement
992 442 67 20 affecté
1067 447 17 13 si

613 480 24 13 on
645 475 51 17 allait
704 475 89 18 chercher
799 478 26 13 un
833 472 71 22 évêque
912 470 76 18 ailleurs
994 473 37 18 que
1039 468 45 17 dans

614 504 30 13 ses
658 504 63 18 rangs.
733 499 15 17 Il
754 499 72 21 compte
834 501 52 14 assez
891 496 24 17 de
929 494 72 23 prêtres
1017 492 68 18 intelli-

613 525 54 22 gents
676 525 20 17 et
702 525 93 16 vertueux
808 527 47 17 pour
862 520 75 23 espérer
949 519 56 22 qu’on
1018 522 25 13 ne
1057 516 28 18 lui

613 549 87 23 infligera
707 553 33 17 pas
748 552 71 14 comme
827 546 43 19 chef
884 544 85 24 spirituel
985 542 100 23 quelqu’un

614 574 86 22 ignorant
704 574 40 17 tont
748 574 23 17 de
779 573 19 17 la
806 572 62 21 Corse,
877 571 18 17 la
900 570 74 22 langue,
981 568 29 18 les
1015 571 70 14 moeurs

615 600 19 17 et
641 599 28 18 les
677 598 104 19 traditions.
787 610 6 4 -

636 624 35 17 Les
679 623 115 22 populations
802 623 25 17 de
831 622 39 17 File
878 620 82 18 seraient
967 619 42 17 tout
1023 617 63 18 autant

614 653 36 17 que
657 648 19 17 le
688 647 68 23 clergé,
765 646 92 22 surprises
872 646 20 17 et
898 643 82 19 désolées
989 643 24 17 de
1021 646 24 13 ne
1052 646 33 17 pas

614 672 40 19 être
659 672 82 22 dirigées
749 676 34 17 par
790 676 26 12 un
825 670 31 17 fils
861 670 24 16 de
897 668 76 23 Cyrnos.

636 697 40 17 Non
682 696 105 18 seulement
793 700 25 12 on
832 699 21 13 se
860 693 91 18 demande
958 696 48 14 avec
1013 690 73 18 anxiété

614 721 32 23 qui
653 721 113 21 remplacera
773 718 131 23 Monseigneur
909 717 93 20 Simeone,
1006 715 47 18 mais
1057 715 29 17 les

614 746 78 22 prêtres,
707 746 30 17 les
748 744 66 18 fidèles
822 743 63 23 pieux,
898 743 29 17 les
940 745 101 19 personnes
1054 737 33 25 qui

614 772 34 17 ont
653 771 11 17 à
670 775 53 13 coeur
727 770 19 17 le
751 769 115 18 relèvement
870 767 58 19 moral
933 767 26 18 du
964 770 53 19 pays,
1024 765 19 18 la
1047 769 41 18 par-

614 795 26 18 tie
648 795 115 22 intelligente
765 795 20 17 et
790 794 51 18 saine
847 794 23 17 de
873 793 39 18 l’ile
918 797 23 13 en
943 796 27 13 un
972 791 47 20 mot,
1025 789 63 19 attend

614 820 11 17 à
633 820 50 18 cètte
690 820 59 18 heure
757 819 42 22 plus
807 817 134 19 anxîeusenent
955 820 67 14 encore
1031 815 18 17 le
1059 814 29 17 ré-

615 845 127 18 tabJissemeut
749 844 24 18 de
780 843 79 18 l’ancien
863 842 71 19 évêché
938 842 24 17 de
970 840 81 18 Mariana
1055 843 34 18 par

615 871 18 17 la
640 869 114 19 nomination
761 869 45 17 d’un
813 867 72 23 évêque
890 868 12 17 à
910 866 66 18 Bastia.

637 896 25 16 La
669 894 57 18 Corse
732 894 30 18 est
774 894 41 21 trop
828 893 60 20 vaste,
900 892 30 17 les
938 890 95 23 paroisses
1048 890 41 21 trop

615 920 92 22 éloignées
720 919 29 18 les
761 923 47 13 unes
813 919 34 17 des
854 918 70 20 autres,
931 917 28 17 les
967 914 123 20 communica-

615 945 48 18 tions
671 945 42 21 trop
721 943 88 19 difficiles
815 947 47 18 pour
867 942 56 22 qu’on
928 945 24 14 ne
953 940 58 22 prête
1020 944 33 18 pas
1056 940 34 17 l’o-

615 970 54 18 reille
680 974 75 14 au.voeu
762 969 26 17 du
795 972 46 18 pays
850 968 42 17 tout
899 967 65 17 entier.

638 995 52 18 Avec
694 999 28 13 un
729 994 41 18 seul
777 993 72 23 évêque
860 992 24 23 etj
887 997 27 13 un
919 992 41 18 seul
968 991 74 17 diocèse
1061 990 29 17 les

616 1020 74 18 besoins
707 1023 76 14 moraux
792 1019 23 17 de
822 1018 39 17 File
868 1022 25 13 ne
900 1016 83 23 peuvent
995 1015 40 19 être
1049 1020 42 13 sau-

616 1045 97 23 vegardés.

638 1070 35 18 Par
679 1070 50 17 suite
736 1069 24 18 de
767 1068 52 18 l’état
826 1067 61 18 actuel
900 1067 34 18 des
941 1066 68 18 choses
1014 1065 77 22 eréepar

616 1096 20 17 le
648 1094 103 21 concordat,
761 1098 49 13 nous
817 1097 58 14 avons
884 1091 66 19 assisté
958 1096 25 12 au
1000 1090 91 22 spectacle

616 1120 85 18 désolant
706 1119 24 18 de
735 1118 82 23 parôises
822 1117 74 23 privées
904 1116 81 23 pendant
997 1116 69 22 quinze,
1072 1116 20 16 et

617 1145 56 23 vingt
679 1148 34 15 ans
727 1144 23 18 de
759 1144 19 17 la
784 1143 59 20 -visite
850 1143 26 17 du
890 1141 81 23 premier
982 1141 76 22 pasteur
1066 1141 25 17 du

617 1169 79 22 diocèse;
704 1173 49 14 nous
759 1173 59 13 avons
823 1172 64 15 .connu
895 1167 25 17 de
930 1166 120 19 nombreuses
1058 1170 34 17 par

615 1196 38 17 lies
658 1196 24 17 de
693 1195 21 17 la
721 1193 55 19 Corse
783 1194 32 20 où,
828 1193 82 22 pendant
919 1191 42 23 près
977 1192 46 16 d’un
1039 1190 54 23 quart

618 1221 24 17 de
649 1220 64 21 siecle,
719 1220 19 17 le
743 1219 104 18 sacrement
853 1218 24 18 de
882 1216 129 19 confirmation
1018 1216 30 17 n’a
1058 1220 34 17 pas

618 1245 30 19 été
654 1244 115 21 administré;
781 1248 25 13 on
817 1248 12 13 a
833 1248 27 13 vu
873 1242 69 23 parfois
950 1242 34 17 des
997 1240 95 19 vieillards

618 1270 84 18 recevoir
707 1274 22 13 ce
734 1270 104 17 sacrement
848 1272 81 18 presque
943 1267 12 17 à
957 1267 20 17 la
981 1266 29 18 fin
1020 1266 25 18 de
1050 1266 43 17 leur

618 1296 38 17 vie.
663 1295 36 21 Qui
716 1296 30 16 n’a
754 1298 22 14 su
785 1298 36 18 que
832 1293 43 18 bien
888 1293 35 18 des
934 1292 85 18 hommes
1033 1292 19 17 èt
1058 1291 34 17 des

620 1321 78 17 femmes
706 1321 33 17 ont
746 1319 61 22 quitté
817 1319 49 18 cette
876 1319 51 17 terre
937 1322 43 13 sans
995 1317 54 18 avoir
1063 1315 30 19 été

619 1345 108 18 confirmés!
733 1344 24 19 Et
759 1345 62 17 toutes
828 1348 31 14 ces
866 1343 78 18 misères
952 1342 87 21 morales,
1052 1342 41 16 tou-

621 1372 28 17 tes
656 1375 32 14 ces
693 1369 102 19 anomalies
803 1369 69 18 étaient
879 1369 19 17 le
906 1368 35 18 fait
945 1368 26 16 du
978 1366 80 21 diocèse,
1069 1366 24 17 de

619 1395 84 23 l’évêque
710 1395 75 22 unique.

642 1421 35 18 Les
686 1421 86 17 entraves
784 1419 96 23 apportées
888 1419 12 17 à
904 1418 72 22 l’église
984 1418 25 17 de
1025 1416 68 18 France

619 1451 34 17 par
657 1446 19 17 le
679 1445 98 18 concordat
781 1446 34 17 ont
823 1445 77 21 disparu
907 1447 46 14 avec
958 1447 22 14 ce
984 1441 63 19 même
1050 1445 43 14 con-

620 1472 69 20 cordat;
703 1470 91 23 pourquoi
804 1470 49 18 alors
860 1474 25 13 ne
898 1467 195 19 demanderions-nous

620 1501 33 18 pas
666 1500 37 18 que
722 1496 29 17 les
762 1496 59 17 saints
832 1498 68 14 canons
917 1493 61 18 soient
997 1490 95 20 exécutés?

620 1521 97 22 pourquoi,
728 1521 80 21 puisque
822 1520 49 17 deux
879 1517 79 20 évêchés
969 1518 44 17 sont
1031 1516 63 18 néces-

621 1547 59 17 saires
688 1546 11 17 à
704 1546 20 17 la
727 1545 30 18 vie
766 1545 101 22 religieuse
875 1544 24 17 de
904 1543 44 21 Filé,
958 1547 24 13 ne
989 1543 28 17 les
1037 1541 57 20 récla-

623 1571 137 18 merions-nous
766 1575 34 17 pas
805 1574 47 14 avec
857 1567 113 20 insistance?

644 1596 24 18 Le
678 1596 50 18 salut
736 1596 34 17 des
775 1595 52 18 âmes
840 1594 40 18 doit
888 1593 40 19 être
935 1594 18 17 la
962 1593 25 17 loi
1001 1591 91 23 suprême.

1127 96 92 22 Espérons
1234 100 36 17 que
1278 99 34 13 nos
1325 91 96 23 angoisses
1434 87 120 24 patriotiques
1562 86 19 16 et
1589 88 6 23 j

1106 121 118 19 chrétiennes
1240 118 100 23 prendront
1353 115 29 18 fin
1387 119 11 12 a
1407 113 42 18 bref
1457 112 53 20 délai,
1520 112 20 17 et
1545 114 36 18 que

1106 145 95 19 l’émotion
1211 144 86 22 produite
1309 143 45 17 dans
1363 140 53 17 notre
1423 138 25 17 île
1457 137 57 22 parie
1523 137 59 16 trans-

1107 171 38 17 fert
1152 170 24 17 de
1184 169 85 22 l’évêque
1279 165 91 24 d’Ajaccio
1383 163 12 17 à
1401 161 148 23 Fréjus-Toulon,
1561 164 21 12 se

1107 194 105 19 convertira
1221 198 24 13 en
1256 198 36 12 une
1303 192 90 17 immense
1400 187 37 22 joie
1442 187 21 17 et
1468 190 36 17 que
1511 184 72 18 bientôt

1107 220 14 17 U
1137 223 47 13 nous
1194 222 43 13 sera
1248 217 60 18 donné
1319 216 24 17 de
1357 213 62 18 saluer
1429 212 49 16 deux
1484 213 98 14 nouveaux

1107 243 82 22 évêques
1201 237 76 22 Corses:'
1283 242 39 17 l’un
1330 243 23 13 au
1370 237 79 17 berceau
1458 235 23 17 de
1490 234 92 21 Napoléon

1108 269 19 17 et
1132 268 67 17 l’autre
1205 266 12 17 à
1222 266 68 18 Bastia.

1478 280 83 18 Verax.

1108 309 151 20 Bastia-Journal

1109 353 12 20 I
1134 351 121 25 Castagni

1131 386 88 18 D’accord
1234 390 46 13 avec
1293 383 93 24 plusieurs
1395 378 113 19 Conseillers
1527 376 58 19 Géné-

1109 416 64 15 reaux,
1180 411 19 17 la
1206 411 86 21 question
1300 410 25 17 du
1339 404 114 22 châtaignier
1465 407 42 13 sera
1516 406 69 14 remise

1110 441 33 13 sur
1150 436 19 17 le
1178 435 49 22 tapis
1235 435 12 17 à
1257 435 18 18 la
1281 431 98 26 prochaine
1387 428 73 19 session
1471 428 27 17 du
1512 427 73 17 Conseil

1109 460 79 19 Général
1192 461 20 17 et
1220 460 82 17 soumise
1305 459 12 17 à
1326 454 88 24 l’opinion
1422 454 34 16 des
1464 452 50 17 vrais
1520 451 66 17 Corses

1110 487 46 17 dans
1161 486 53 17 toute
1225 489 35 13 son
1269 483 89 23 ampleur.
1366 479 29 18 On
1409 482 25 14 ne
1441 477 48 29 fera^
1495 475 92 23 peut-être

1111 511 47 20 rien,
1172 510 49 18 c’est
1235 509 92 22 probable,
1337 505 46 19 c’est
1389 503 61 18 même
1464 501 38 19 très
1512 501 39 21 sûr,
1560 501 27 16 at-

1111 537 56 17 tendu
1173 539 38 18 que
1219 534 46 18 dans
1274 534 19 18 lé
1299 531 76 20 nombre
1380 529 24 17 de
1412 532 34 14 nos
1451 526 136 24 représentants

1111 565 110 18 cantonaux,
1230 562 15 17 il
1250 566 24 13 en
1281 562 30 17 est
1318 558 32 23 qui
1364 556 68 18 vivent
1440 556 24 18 de
1474 553 115 19 l’assassinat

1111 590 26 17 du
1150 587 115 23 châtaignier
1273 587 20 17 et
1299 586 24 16 de
1328 584 20 17 la
1359 582 64 18 Corse.
1431 581 36 17 Par
1476 578 113 23 conséquent

1111 611 118 25 qu’importel
1241 612 49 17 Nous
1303 612 68 14 aurons
1376 608 26 17 du
1410 606 61 18 moins
1481 605 20 18 la
1506 603 83 19 satisfac-

1112 638 39 18 tion
1158 636 74 19 d’avoir
1237 633 89 20 demandé
1334 633 30 22 agi
1369 633 21 17 et
1392 630 87 24 protesté,
1486 630 21 17 et
1510 630 13 16 d
1529 634 21 12 av
1553 632 35 13 oir,

1111 662 91 19 demandé
1209 662 13 17 à
1229 662 19 17 la
1255 660 68 18 France
1334 656 124 24 Fapplicatîon
1462 656 24 17 de
1491 655 19 17 la
1515 653 75 23 législa-

1112 688 40 19 tion
1158 687 91 18 Italienne
1253 688 46 19 pour
1306 684 18 16 la
1329 681 114 23 sauvegarde
1445 681 27 17 du
1475 678 115 22 châtaignier

1116 717 23 13 en
1145 712 63 18 Corse.
1342 728 98 19 Laurent
1447 724 119 21 MaîandrL

1113 756 26 18 La
1148 756 80 18 Tribune

1552 777 5 4 .
1589 776 4 4 .
1599 775 3 13 1

1113 795 154 25 Funziunari

1135 835 28 17 Eh
1172 834 52 20 bien,
1238 830 76 20 causant
1318 830 56 19 .entre
1382 832 53 17 nous,
1444 831 48 14 nous
1507 828 84 20 pouvons

1114 864 71 14 avouer
1194 862 38 18 que
1246 856 52 18 notre
1307 854 51 23 «plus
1365 853 46 19 beau
1422 857 46 18 pays
1475 851 25 18 du
1516 849 74 19 mondes

1115 886 48 17 n’est
1176 881 98 21 considéré
1288 884 36 18 que
1335 883 71 14 comme
1418 882 38 13 une
1466 874 92 24 poubelle!
1567 874 25 18 Le

1115 910 73 19 déchet,
1197 908 20 17 la
1224 905 106 24 pourriture
1342 902 154 21 administrative,
1501 900 91 23 politique

1115 936 20 17 et
1149 932 122 22 économique
1280 930 74 18 accoste
1362 933 33 13 sur
1413 929 43 17 tous
1465 927 28 18 les
1498 926 63 22 points
1569 925 23 17 de

1116 964 34 13 nos
1157 959 84 21 rivages.
1249 956 35 18 Les
1296 959 47 18 gens
1351 958 36 18 que
1394 954 19 17 la
1419 953 70 17 France
1497 952 20 17 et
1522 955 30 14 ses
1563 954 30 14 co-

1115 984 60 19 lonies
1187 981 106 20 vomissent
1300 984 24 14 en
1337 979 61 18 raison
1406 978 24 18 de
1440 978 42 17 leur
1492 974 101 24 incapacité

1116 1014 25 14 ou
1148 1010 24 17 de
1180 1009 44 17 leur
1236 1005 113 21 inconduite,
1364 1004 56 18 usent
1432 1002 26 18 dü
1466 1002 50 18 droit
1527 1000 66 18 d’asile

1116 1035 45 18 chez
1168 1037 56 17 nous,
1235 1033 20 17 et
1262 1031 17 18 si
1295 1034 47 14 nous
1355 1034 23 13 ne
1391 1029 29 17 les
1433 1031 89 17 recevons
1528 1030 33 18 pas
1569 1030 24 12 on

1116 1064 47 14 nous
1171 1059 29 17 les
1207 1058 78 21 impose.
1424 1073 3 4 ,
1516 1070 5 4 ■

1138 1085 52 18 Nous
1202 1081 119 20 trouverions
1329 1080 13 17 à
1349 1084 21 14 ce
1380 1079 71 22 régime
1458 1078 42 17 tout
1513 1080 23 14 ce
1548 1080 27 17 qu
1579 1079 14 13 11

1117 1110 42 18 faut
1172 1113 50 18 pour
1236 1111 47 14 nous
1291 1105 89 23 dégoûter
1388 1105 24 17 de
1419 1104 19 17 la
1448 1102 76 21 Frauce,
1535 1101 17 18 si
1565 1100 29 19 les

1118 1134 104 24 squelettes,
1225 1133 34 17 des
1264 1132 63 17 nôtres
1331 1134 26 14 ne
1361 1127 144 21 blanchissaient
1510 1130 34 14 sur
1551 1126 43 17 tous

1117 1161 29 17 les
1157 1160 78 20 champs
1245 1158 25 17 de
1281 1155 90 21 batailles,
1389 1158 25 14 ou
1422 1153 14 18 il
1444 1157 12 13 a
1464 1151 45 19 fallu
1524 1150 70 18 mourir

1178 1181 48 21 ÉUe'
1503 1198 67 19 Luce.

1118 1230 26 17 La
1153 1228 79 19 Tribune

1120 1270 176 24 Maleimtehtu

1140 1305 57 17 Notre
1203 1300 149 25 septicismeloin
1359 1299 24 18 de
1391 1298 54 18 nuire
1451 1297 12 18 à
1467 1297 19 18 la
1493 1300 57 14 cause
1562 1295 33 23 qui

1118 1334 47 15 nous
1173 1330 31 17 est
1211 1327 57 19 chère
1274 1328 12 16 à
1293 1327 49 19 tous,
1353 1326 24 16 né
1393 1324 46 22 peut
1450 1327 36 18 que
1494 1321 101 23 permettre

1118 1360 37 13 aux
1165 1353 140 23 représentants
1313 1352 23 17 de
1344 1349 18 19 la
1372 1348 57 19 Corse
1434 1348 42 18 d’en
1490 1347 48 17 faire
1549 1345 45 19 état,

1118 1381 38 17 lors
1163 1380 26 17 de
1200 1379 21 18 la
1228 1377 104 19 discussion
1339 1376 12 16 à
1357 1375 20 17 la
1384 1373 96 21 Chambre,
1494 1376 48 18 pour
1551 1371 44 18 bien

1118 1409 88 18 marquer
1214 1407 39 19 que
1265 1400 133 20 l’énervement
1404 1399 26 22 (si
1436 1398 20 18 le
1465 1397 40 18 mot
1510 1397 49 17 n’est
1561 1400 34 18 pas

1119 1432 40 21 trop
1167 1429 67 22 faible)
1241 1429 34 17 des
1286 1425 115 24 populations
1409 1423 99 18 insulaires
1515 1426 27 14 ne
1553 1421 43 17 date

1111 1471 4 2 .
1118 1460 33 18 pas
1157 1453 137 23 d’aujourd’hui
1300 1453 19 17 et
1324 1455 43 18 que,
1376 1450 11 17 à
1392 1449 50 18 force
1446 1448 60 18 d’être
1517 1446 78 18 bernées

1119 1483 84 19 celles-ci
1211 1482 79 17 finiront
1300 1484 34 18 par
1341 1479 71 17 donner
1419 1477 12 17 à
1437 1477 42 17 leur
1491 1475 105 18 méconten-

1119 1509 72 18 tement
1195 1512 40 13 une
1238 1506 60 18 forme
1301 1505 45 18 dont
1348 1503 15 18 il
1365 1507 22 13 es
1388 1503 8 17 t
1398 1501 79 19 difficile
1481 1501 25 17 de
1510 1503 86 15 mesurer

1119 1535 18 17 la
1142 1534 88 18 violence
1235 1532 20 18 et
1262 1530 113 19 l’étendue...

1422 1551 47 19 J.D.
1485 1549 88 20 Pinelli.

1119 1580 75 20 L‘Eveil
1205 1580 24 17 de
1235 1579 19 18 la
1268 1578 58 18 Corse.

753 1703 291 55 LIBRARIA
1079 1701 65 53 DI
1181 1701 43 51 A
1253 1699 65 51 MI
1329 1697 39 51 A
1387 1697 35 51 R
1429 1695 35 53 A

922 1823 122 23 ULTIME
1061 1818 239 26 PUBLICAZIONE

624 1878 134 23 Biscottini
770 1877 51 29 (U.)
835 1883 6 16 :
853 1875 96 23 Fiorita
961 1874 27 23 di
1010 1873 89 23 Poesie
1118 1872 84 22 Corse.
1226 1869 76 23 Scella
1324 1869 24 21 di
1372 1867 83 28 poesie

682 1917 68 17 corse
759 1917 28 15 eu
795 1909 164 23 introduzione
968 1914 13 15 e
992 1909 56 20 note
1056 1905 79 29 sopr’a
1145 1911 12 15 a
1169 1905 132 22 Iitteratura
1310 1908 13 15 e
1332 1908 16 14 u
1357 1902 98 20 dialettu

682 1945 72 22 corsi.
768 1950 9 15 1
788 1945 50 20 vol.
850 1948 28 23 94
890 1949 24 21 p.
941 1956 3 2 ■
1547 1930 50 40 -‘L?

626 1989 105 23 Cariotti
742 1987 51 30 (D.)
806 1994 7 16 :
825 1986 108 23 Raconti
943 1992 14 16 e
968 1985 61 22 Foie
1040 1985 24 21 di
1076 1983 84 24 iTsula;
1165 1979 86 27 Pefsa,
1264 1987 26 21 47
1302 1981 63 21 belle
1382 1979 49 21 foie
1443 1984 14 15 e

683 2021 152 28 stalbatoghi,
848 2020 66 22 conti
927 2025 27 16 eu
966 2020 98 23 talentu,
1080 2023 9 16 1
1103 2013 162 30 vol.'gr.Tn-8
1278 2019 39 17 ii2
1328 2020 25 21 p.
1478 2014 4 4 '
1538 2009 24 23 3*
1563 2009 34 22 50

627 2068 27 5 —
665 2055 157 23 Manualettu
832 2053 27 22 di
869 2052 102 22 Pariata
983 2052 84 21 Corsa.
1078 2051 31 23 A;
1121 2049 77 28 prima
1209 2047 154 29 grammatica
1374 2046 84 21 dialet-

683 2090 47 21 tale
739 2094 67 16 corsa
819 2087 125 28 publicata.
956 2084 111 23 Cuntene
1079 2090 13 15 e
1099 2084 84 27 régulé
1191 2082 25 21 di
1229 2088 14 14 a
1255 2080 88 28 parléta
1354 2080 103 21 cismun-

684 2126 61 19 tana.
761 2128 8 15 1
784 2122 49 22 vol.
846 2119 29 23 80
887 2126 23 21 p.
1543 2110 15 21 3
1570 2122 27 3 —

628 2169 26 4 —
665 2156 104 22 Lessicu
777 2153 172 27 comparativu
961 2150 301 24 Corsu-italo-francese.i
1276 2148 49 21 vol.
1338 2147 28 22 60
1377 2152 23 22 p.
1543 2144 16 20 3

627 2200 136 24 Lucciardi
771 2206 9 15 :
793 2200 61 21 Còse
866 2198 109 22 Andate.
988 2198 23 20 A
1023 2196 96 22 humera
1131 2206 28 4 —
1170 2200 14 15 a
1194 2194 80 21 Rocca
1286 2204 27 5 —
1325 2198 14 15 a
1352 2191 67 22 Deda
1431 2201 28 6 —

686 2234 22 23 U
723 2234 77 22 Fornu
813 2244 27 5 —
852 2238 14 15 u
879 2231 94 22 Stacciu
984 2242 28 4 —
1024 2235 14 16 a
1050 2228 114 22 Chiccara
1177 2239 28 4 —
1217 2234 14 15 a
1243 2226 97 22 Falletta
1351 2236 27 5 —
1390 2231 12 15 a
1416 2224 43 22 Ba-

686 2270 58 20 retta
758 2266 86 28 Misgià
854 2277 27 4 -»
891 2271 12 16 a
923 2263 134 23 Cherchera
1070 2274 28 4 —
1111 2268 13 15 u
1147 2261 85 22 Pilone
1243 2272 29 4 —
1283 2266 13 15 u
1311 2259 106 22 Mandile
1433 2258 25 21 di

685 2307 60 21 capu
757 2312 27 4 —
797 2306 14 15 u
823 2299 63 22 Zenu
895 2304 13 15 e
919 2304 13 15 u
942 2297 144 22 Fiaschettu.
1101 2301 9 15 1
1122 2295 50 22 vol.
1185 2300 37 22 gr.
1236 2293 49 22 in-8
1294 2293 23 22 di
1327 2292 28 28 96
1363 2292 95 28 pagine.
1544 2290 17 21 4
1572 2301 27 4 —

629 2345 128 23 Maistrale
770 2351 6 15 :
789 2344 24 22 A
825 2343 112 22 Cumuna
947 2341 28 23 di
986 2337 152 29 Parapiglia.
1152 2338 143 22 Cummedia
1307 2338 24 22 in
1343 2344 13 20 4
1364 2337 51 26 atti,
1424 2342 37 16 sa-

686 2382 49 19 tara
744 2380 68 20 acuta
821 2383 13 15 e
845 2376 122 22 maliziosa
978 2375 26 21 di
1016 2381 15 14 u
1045 2373 149 22 favuritismu
1207 2377 15 16 e
1234 2372 23 21 di
1278 2377 12 16 a
1303 2370 156 28 puliticaccia.

690 2420 8 14 1
712 2412 50 22 vol.
775 2410 51 23 in-8
834 2410 24 22 di
872 2415 39 16 100
923 2409 94 28 pagine.
1545 2402 16 21 5
1573 2413 27 4 -

630 2459 28 4 —
669 2447 13 22 I
694 2444 115 23 Lamenti
819 2443 28 23 di
857 2442 151 23 Romanetti.
1017 2447 29 16 eu
1058 2439 139 24 traduzione
1216 2439 113 25 francese,
1340 2437 89 23 musica
1447 2442 14 16 e

687 2479 84 23 ritratti
785 2478 25 22 di
822 2483 15 16 u
850 2476 92 22 famosu
954 2475 107 22 banditu.
1078 2480 7 15 1
1100 2473 98 22 librettu
1208 2473 25 21 di
1246 2479 27 19 44
1285 2471 95 29 pagine.
1541 2469 60 22 2.50

631 2523 141 27 Malaspina
784 2521 118 30 (Saveriu)
910 2527 6 15 :
929 2520 24 22 A
960 2520 94 22 Nostra
1060 2519 78 21 Santa
1149 2517 69 22 Fede
1231 2516 160 29 (Catechismu
1401 2515 61 22 Cor-

688 2556 125 29 su).Tutt’a
819 2555 105 22 duttrina
933 2553 100 22 cursista
1040 2554 93 26 esposta
1144 2550 161 23 cuchiarezza.
1319 2556 7 15 1
1339 2550 47 21 vol.
1399 2547 29 29 48
1436 2555 24 21 p.
1547 2548 13 21 1
1574 2559 28 4 —

631 2604 97 21 Matteu
736 2600 114 23 Cirnensi
868 2598 93 29 (Mattéi
974 2596 84 28 Torre)
1071 2602 7 16 :
1098 2597 53 23 Que
1168 2598 62 19 veut
1249 2595 25 22 la
1286 2595 75 22 Corse
1371 2594 6 21 S
1390 2593 71 22 Tutt’i

688 2635 68 29 punti
768 2635 23 21 di
802 2640 13 15 a
831 2635 16 10 “
860 2631 131 27 Quistione
1003 2636 67 17 corsa
1082 2629 22 26 ”,
1117 2629 76 22 difesa
1205 2632 14 18 è
1232 2628 158 22 illustrazione
1401 2627 26 22 di
1447 2633 15 16 u

689 2668 135 23 Cursismu.
840 2673 8 15 1
859 2666 50 22 vol.
920 2665 27 26 64
959 2671 23 21 p.
1478 2685 18 6 ...
1548 2659 15 22 3

1605 81 72 24 Paoli
1689 80 28 22 di
1728 78 87 26 Taglio
1827 83 7 15 :
1847 75 60 22 Eisa
1918 80 14 16 e
1942 70 93 25 Pianti.
2060 66 91 24 Sunetti
2164 72 13 15 e
2194 65 86 22 Poesie
2300 67 66 21 varie
2378 69 51 24 c’un

1664 112 97 24 introitu
1774 110 23 22 di
1812 108 121 23 Maistrale
1943 105 119 29 (Cuntene
2074 107 14 15 u
2102 100 110 21 Lamentu
2219 99 24 21 di
2257 105 15 15 u
2285 98 119 30 Castagnu
2418 110 12 15 a

1664 154 14 14 u
1690 143 87 29 Corsu)
1792 150 8 14 1
1815 142 49 22 vol.
1878 139 49 23 in-8
1941 144 38 16 112
1991 144 23 20 p-

1607 190 126 26 Rampinu
1739 194 8 16 :
1756 185 157 26 I/Antigona
1924 183 79 21 Corsa
2015 186 14 16 o
2049 177 117 26 L’origine
2185 177 30 20 du
2228 182 15 15 u
2255 175 78 22 Nome
2348 176 84 29 Kyrie-

1665 223 92 21 Eleison
1769 226 13 15 e
1804 218 96 22 Christe
1910 216 94 21 Eleison
2017 213 47 21 dati
2085 218 13 15 a
2110 211 7 21 i
2139 210 37 21 dui
2189 210 76 27 scogli
2278 209 23 21 di
2319 208 112 27 Ghisoni.

1664 253 135 30 Leggenda,
1816 258 7 15 1
1836 251 49 21 vol.
1897 249 28 28 36
1935 255 23 21 p.
1972 249 63 20 carta
2046 245 23 21 di
2083 246 72 20 lussu.

1806 313 235 38 CANZONE
2065 312 47 33 Di
2141 311 31 32 A
2201 308 173 34 MUVRA

1656 399 121 28 Edi^ione
1792 397 28 21 di
1834 395 79 25 lussu,
1929 393 89 29 parole
2032 399 13 14 e
2059 391 103 24 musica,
2178 395 30 15 eu
2223 389 11 20 i
2247 389 99 21 ritratti
2362 389 28 21 di
2403 391 61 26 Vaut
2464 403 28 17 or
2491 403 10 19 i
2507 411 8 15 :

1639 443 87 23 Addiu
1742 442 27 21 di
1784 447 20 16 u
1823 439 133 25 Cuscrittu,
1968 437 83 28 puesia
2063 436 24 21 di
2101 433 134 23 Maistrale.
2248 443 29 5 —
2290 432 112 24 Canzona
2412 436 27 23 di
2451 445 17 17 u
2480 444 51 30 cÜCc

1612 477 84 29 puesia
1707 482 14 15 e
1733 475 90 22 musica
1833 473 25 22 di
1870 470 138 24 Maistrale.
2016 482 29 4 —
2056 468 111 22 Sirinatu
2176 473 15 15 a
2202 466 10 21 i
2224 465 82 27 Sposi,
2315 467 83 25 puesia
2406 469 24 22 di
2438 461 108 49 Maistr^’

1972 515 14 21 1
2002 512 132 24 FRANCÜ
2148 511 68 22 l’una.

1955 559 120 29 Edi^ione
2092 555 124 30 populare
2222 561 14 16 ■:

1641 612 25 21 A
1683 610 72 26 Pipa.
1772 619 28 5 —
1820 608 24 21 A
1860 604 153 24 Zilimbrina.
2031 614 28 5 —
2079 602 23 21 U
2116 601 119 21 Lamentu
2251 599 29 21 di
2291 605 17 15 u
2322 599 89 23 Trenu.
2423 615 29 6 —
2462 590 87 52 jjjL.

1614 646 114 20 Pastore.
1745 653 27 6 —
1792 639 115 23 Lamenti
1927 637 27 22 di
1974 635 134 26 Fasgiana.
2128 645 27 5 —
2172 632 159 25 Cursichella,
2351 638 100 21 canzona
2464 640 21 23 di

1614 678 91 21 Rocca.
1718 687 28 4 —
1760 671 176 26 BelTAiacciu,
1948 675 103 17 canzona
2063 668 25 21 di
2100 666 134 22 Maistrale.
2246 676 30 5 —
2286 665 121 23 Lamentu
2420 669 26 23 di
2455 678 17 17 u
2478 675 73 32 Bandj.

1613 714 38 22 tu,
1663 714 104 17 canzona
1777 707 25 21 di
1813 705 137 23 Maistrale.
2070 709 3 3 '
2099 709 23 17 F-

1987 730 33 22 10
2032 728 95 23 SOLDI
2138 727 68 22 ï’una.

1705 778 26 17 (A
1737 778 7 14 i
1749 779 64 15 prezzi
1819 774 83 16 indicati.
1908 772 89 18 aehiustà
2004 772 21 14 15
2031 774 36 14 per
2074 771 56 14 centu
2135 772 35 14 per
2173 768 67 16 Vinviu
2245 768 133 15 ricumandatu
2383 770 24 16 pè
2412 774 13 12 a
2430 776 57 18 posta)

1850 807 119 16 Dumandate
1976 810 12 10 u
1993 806 66 14 listinu
2065 805 20 14 di
2090 804 54 15 tutfe
2148 803 64 15 nostre
2216 802 129 17 publicazione

1685 875 22 28 È
1718 879 92 23 surtitu
1820 884 18 16 u
1849 882 106 17 numaru
1966 875 42 26 14,
2020 872 200 27 Lugliu-Agostu
2232 870 28 22 di
2461 890 9 11 6

1886 1111 132 24 RIVISTA
2035 1108 173 25 POPULARE
2227 1108 104 22 CORSA

1691 1898 152 32 Quindici
1854 1897 85 27 soldi

2006 1943 202 28 SOMMARIU

2459 1986 59 22 Pagine

1690 2020 135 22 Maistrale.
1841 2031 28 5 —
1888 2019 47 22 Per
1944 2019 78 22 Aostu
2034 2025 14 16 e
2059 2018 127 23 Sittembre
2201 2018 38 22 chi
2251 2023 106 17 venenu.
2393 2033 6 5 .
2509 2023 6 15 1

1692 2053 9 22 î
1714 2053 64 23 Sette
1789 2053 98 22 Dialetti
2507 2057 9 14 2

1690 2087 126 23 Minicale.
1828 2099 28 4 —
1868 2087 10 22 I
1892 2087 106 22 Lamenti
2013 2087 24 21 di
2052 2085 113 30 Fasgianu
2482 2086 5 5 '
2506 2094 10 20 3

1691 2121 71 22 Paoli
1773 2120 28 23 di
1812 2120 95 27 Taglio.
1917 2132 28 4 —
1957 2120 22 23 U
1994 2120 118 22 Mulinaru
2125 2125 13 16 e
2149 2125 13 16 a
2175 2119 117 22 Mulinara
2308 2135 90 6 ...
2507 2123 9 22 5

1692 2154 114 28 Pruverbj
1819 2154 77 28 sopr’a
1907 2160 14 15 e
1933 2154 81 22 donne
2507 2157 9 21 7

1691 2188 28 22 F.
1733 2188 31 22 A.
1774 2187 117 23 Franchi.
1905 2199 27 5 —
1945 2187 22 23 U
1982 2187 98 22 Viulinu
2506 2183 12 22 8

1693 2221 137 28 Matrimonj
2506 2217 12 21 8

1692 2255 23 22 U
1727 2254 167 27 Sbaragliatu.
1905 2266 27 5 —
1944 2254 111 22 Canzona
2066 2254 71 23 a’miò
2145 2255 73 21 arnica
2507 2258 11 21 9

1694 2289 22 22 U
1730 2288 101 23 Duttore
2498 2291 20 21 13

1693 2322 80 22 Paulu
1786 2322 116 22 Battista.
1916 2333 28 5 —
1956 2322 22 21 A
1988 2322 100 28 Pignata
2100 2321 120 23 d’Aiacciu
2498 2321 21 23 M

1695 2357 21 20 A
1726 2356 71 22 Terza
1808 2355 140 23 Merindelli.
1955 2355 30 22 d’i
2002 2356 64 27 pueti
2077 2356 72 21 corsi.
2184 2371 216 6 ......
2499 2358 19 21 15

1693 2390 136 22 Frasconu.
1841 2401 28 5 —
1881 2389 193 23 Cunversazione
2094 2390 24 21 di
2138 2396 13 15 u
2170 2389 128 23 Cantuneri
2317 2395 13 16 e
2350 2389 24 22 di
2391 2395 14 15 u

1849 2423 116 22 Fibbianti
1978 2439 6 6 .
2500 2425 19 21 U

1695 2457 22 22 U
1729 2457 192 26 Sampetracciu.
1939 2469 29 4 —
1979 2458 23 21 A
2015 2457 76 22 Bocca
2108 2457 24 21 di
2150 2457 63 22 Belle
2226 2457 137 28 Granaghie
2382 2456 24 22 di

1850 2490 97 23 Venacu
1977 2507 5 5 .
2019 2507 5 5 .
2495 2492 25 16 20

1695 2524 22 22 U
1729 2524 111 22 Vecchiu
1852 2523 117 23 Sindacu.
1982 2535 29 5 —
2022 2524 18 22 E
2053 2524 146 22 Pretenzioni
2211 2524 25 22 di
2248 2530 13 16 a
2276 2524 76 28 Legge
2367 2524 38 21 chi

1851 2558 124 21 cundanna
1986 2563 13 16 a
2015 2560 77 20 morte
2500 2558 21 16 22

1697 2590 162 23 Induvinella.
2499 2591 23 17 22

1697 2624 85 23 Anton
1793 2624 138 23 Dumenicu
1941 2624 110 23 Pernici.
2071 2636 28 5 —
2114 2624 74 23 Stòria
2201 2625 23 22 di
2240 2631 14 15 a
2266 2624 82 23 Verità
2369 2624 39 22 del

1823 2659 87 21 mondu
2501 2659 20 21 23

135 2795 104 22 Füglitlinu
246 2793 19 18 di
269 2794 22 17 À
295 2791 81 19 Muvra
380 2800 24 4 —
404 2796 18 12 n-
429 2790 23 18 43
457 2799 26 6 —
486 2790 19 17 di
515 2794 15 13 u
534 2787 74 20 22-8-26

163 2853 243 53 PASÛUALE
439 2849 143 51 PAOLI

340 2922 66 19 OSSIA

184 2966 38 36 La
240 2965 77 36 Mh
335 2964 31 35 di
380 2962 176 37 Ponkmovo

140 3024 157 24 RACONTO
302 3023 110 24 CORSO
418 3021 58 23 DEL
485 3018 124 24 SECOLO

330 3065 83 22 XVIII

363 3113 22 17 DI

235 3154 32 24 F.
282 3154 34 23 D.
334 3151 175 26 Guerrazzi

309 3206 122 29 (Seguiio)

170 3259 52 22 Che
229 3256 161 27 volete,padre
399 3254 166 23 Bernardino?
571 3259 42 15 an-

143 3293 44 21 che
205 3291 66 22 Gesù
289 3289 79 22 Cristo
386 3293 74 23 parve
481 3293 13 16 a
496 3293 42 16 ver
557 3291 56 16 caro

143 3326 32 27 gli
183 3325 64 22 fosse
257 3324 100 21 rimosso
371 3323 16 20 il
395 3321 73 21 calice
480 3321 62 21 délia
560 3324 53 22 pas-

144 3359 68 20 sione
217 3358 39 21 dai
261 3355 110 25 labbri;in
379 3354 82 22 effetto
468 3354 99 21 codesto
574 3357 41 16 co-

143 3391 88 21 mando
237 3390 33 25 fu,
278 3395 43 21 per
332 3389 56 27 quel
396 3386 182 28 signore,calice
588 3384 26 22 di

145 3423 121 26 passione,
273 3428 13 15 e
298 3423 88 25 quanto
404 3425 81 16 amaro
496 3419 6 21 !
515 3418 70 22 Oltre
591 3418 24 21 le

145 3454 95 26 fatiche,
251 3456 22 20 le
284 3460 55 15 cure
350 3460 14 15 e
374 3454 6 21 i
393 3452 102 29 pericoli
503 3451 114 22 manifes-

144 3487 27 25 ti,
184 3493 91 21 appena
291 3486 56 27 potè
359 3486 108 27 sfuggire
477 3486 25 20 le
517 3483 104 25 insidie,-

145 3519 113 21 massime
269 3520 93 25 quando
376 3518 103 22 Carnillo
501 3517 61 22 Dori
564 3522 13 15 a
597 3515 19 24 {i

146 3552 106 26 général!
260 3552 116 26 genovesi
384 3552 136 20 trattavano
526 3548 91 28 meglio

146 3584 18 21 il
172 3584 89 21 veleno
272 3583 59 20 délia
340 3582 81 28 spada)
430 3582 68 22 tentò
506 3583 61 21 farlo
576 3586 43 16 av-

146 3617 112 20 velenare
271 3615 29 20 da
314 3614 126 21 Petruccio
452 3615 24 21 di
490 3614 88 23 Orezza
585 3619 6 19 ;
606 3619 13 15 e

148 3650 8 20 i
167 3649 57 21 béni
236 3648 21 21 si
268 3647 55 21 vide
336 3647 55 24 arsi,
404 3647 23 20 le
440 3653 54 14 case
509 3646 109 24 disfatte;

151 3681 110 29 parecchi
268 3680 37 21 dei
312 3680 55 20 suoi
375 3679 73 21 mort!
456 3678 30 20 ed
495 3679 47 25 egli
550 3678 71 21 fînal-

632 2782 81 21 mente
727 2779 61 22 ebbe
800 2784 13 15 a
834 2777 92 21 esulare
945 2776 25 21 in
989 2774 100 28 ïspagna
1097 2780 7 19 ;

632 2814 64 21 dove
707 2819 14 15 a
733 2816 59 17 vero
804 2811 51 22 dire
867 2810 21 21 si
900 2808 71 23 trovò
988 2808 92 22 accolto
1092 2812 14 16 a

633 2846 93 23 braccia
738 2852 13 15 a
754 2846 66 26 perte
835 2849 13 16 e
859 2847 128 23 promosso
1000 2847 13 15 a
1024 2841 84 22 colon-

633 2881 64 21 nello
710 2879 24 21 di
748 2877 107 25 fanteria,
872 2882 38 16 ma
922 2875 29 22 ad
963 2874 58 28 ogni
1034 2873 73 22 modo

634 2914 55 27 quel
700 2912 92 22 dovere
803 2911 86 21 vivere
908 2908 61 22 fuori
991 2908 24 21 di
1028 2912 54 16 casa
1092 2906 16 21 è

634 2952 47 16 una
689 2951 59 23 gran
758 2949 60 23 pena
831 2943 22 21 al
862 2947 73 17 cuore
942 2948 6 15 :
958 2941 95 24 adesso,
1063 2939 46 22 che

636 2980 7 21 i
655 2980 53 21 suoi
722 2977 68 23 occhi
802 2976 134 22 avrebbero
951 2977 85 26 potuto
1048 2973 62 22 deli-

635 3013 66 22 ziarsi
713 3011 63 22 nello
784 3012 93 25 aspetto
884 3009 60 21 délia
951 3008 76 27 patria
1037 3007 73 21 risor-

636 3049 30 23 ta,
688 3044 67 29 glieli
776 3044 29 21 ha
818 3042 75 23 chiusi
907 3042 22 21 la
949 3043 88 20 morte.
1061 3039 49 22 Dio

636 3079 68 22 esalti
719 3079 22 20 la
753 3083 42 16 sua
809 3076 80 22 anima
900 3074 107 22 secondo
1018 3074 8 20 i
1039 3073 73 21 meri-

635 3113 66 22 ti.—
714 3111 21 22 Il
754 3111 97 26 signore
873 3108 104 26 Andrea,
1000 3107 39 22 col
1054 3111 58 16 con-

637 3151 72 16 senso
717 3142 194 24 dèll’assemblea,
922 3142 20 21 si
949 3139 117 29 aggiunse
1071 3139 41 21 nel

637 3178 117 24 comando
769 3176 69 28 Luigi
852 3174 102 22 Giafferi
970 3174 25 21 di
1008 3179 45 21 qua
1072 3172 39 22 dai

637 3212 87 25 monti,
736 3216 14 15 e
762 3209 24 22 di
795 3209 23 21 là
830 3208 61 21 Luca
902 3206 127 23 d’Ornano
1041 3208 13 18 6
1063 3205 50 21 Do-

638 3245 96 22 menico
752 3242 108 22 Raffaelli
881 3240 75 28 preti:
969 3240 18 21 il
1007 3239 106 27 pievano

639 3277 93 25 Aitelli,
745 3280 73 16 uomo
837 3278 86 23 capace
941 3273 25 21 di
978 3276 136 24 governare

639 3318 31 14 un
683 3311 83 26 règnò,
779 3308 26 21 fu
813 3308 72 21 eletto
893 3312 13 15 a
918 3304 195 29 segretario,anzi

640 3344 19 21 si
672 3344 62 21 deve
745 3347 13 16 a
769 3341 35 22 lui
815 3341 23 21 la
847 3340 73 21 scella
931 3339 39 22 dei
986 3337 128 27 compagni

641 3377 44 21 che
696 3376 53 21 fece
759 3375 18 20 il
789 3374 98 27 signore
895 3372 107 25 Andrea,
1011 3372 23 20 la
1046 3370 69 27 quale

641 3414 49 16 non
701 3410 89 25 poteva
802 3411 94 17 cascare
907 3405 26 20 in
950 3409 103 22 persone
1073 3402 43 28 più

642 3440 113 23 acconcie
772 3440 23 20 al
815 3439 49 21 fine
876 3438 25 20 di
922 3436 144 28 raccogliere
1088 3435 28 21 in

642 3479 79 17 mazzo
741 3472 56 21 tutti
812 3472 33 26 gli
862 3470 80 21 umori
963 3469 63 21 délia
1045 3469 70 25 isola,

643 3504 177 29 impêrçioccbè
848 3503 48 27 egli
922 3501 195 28 rappreséntasse

644 3539 92 21 ’ordine
748 3537 39 21 dei
805 3536 85 25 nobili,
903 3535 19 21 il
941 3534 102 22 Giafferi
1054 3534 8 21 i
1074 3539 44 21 po-

644 3570 90 28 polani,
747 3569 63 22 Luca
819 3570 23 21 la
853 3568 114 22 memoria
975 3568 27 20 di
1011 3566 108 27 Sàmpie-

645 3604 33 21 ro‘
684 3603 80 27 primo
782 3602 156 21 vendicatore
956 3600 63 21 délia
1033 3598 85 22 liberté

646 3642 76 19 corsa,
732 3635 18 20 il
758 3637 67 21 prete
834 3633 108 22 Raffaelli
952 3633 33 25 gli
996 3631 124 22 ecclesias-

645 3669 43 22 tici
706 3666 192 23 svisceratissimi
923 3665 61 21 délia
1010 3664 111 26 indipen-

1131 2774 74 22 denza
1217 2774 61 21 délia
1299 2773 84 27 patria.
1407 2771 103 27 Questo,
1526 2778 14 14 a
1556 2771 50 21 mio

1132 2813 94 22 parère,
1239 2807 24 21 fu
1277 2806 86 23 ottimo
1383 2806 94 27 partito,
1503 2811 13 15 e
1529 2805 29 21 da
1570 2810 37 16 se-

1132 2840 101 29 guitarsi
1246 2841 29 20 da
1286 2840 81 26 quanti
1381 2840 19 21 si
1422 2839 125 22 affaticano
1558 2838 50 21 nel-

1133 2875 23 20 le
1164 2874 69 22 civili
1244 2873 120 25 rivolture,
1375 2871 176 29 imperciocchè
1563 2871 45 21 im-
1617 2870 7 36 j

1134 2908 63 27 porti
1211 2907 39 22 nei
1263 2907 48 22 casi
1320 2906 25 22 di
1354 2909 122 19 momento
1487 2906 121 26 impegna-

1134 2947 26 15 re
1171 2941 57 22 tutti
1241 2941 7 21 i
1260 2939 107 22 cittadini
1381 2946 13 15 a
1405 2938 126 24 sostenerli
1544 2937 65 22 coll’-

1134 2979 57 17 arco
1203 2973 40 22 del
1255 2974 81 24 dosso,
1349 2979 13 15 e
1374 2974 22 20 la
1408 2972 136 23 esclusione
1555 2976 54 22 par-

1134 3007 91 22 torisce
1231 3006 110 28 superbia
1347 3006 28 22 da
1384 3012 46 16 una
1438 3007 65 27 parte
1512 3005 31 21 ed
1551 3004 58 22 odio

1135 3040 116 22 dall’altra
1258 3046 7 19 ;
1277 3040 63 21 dove
1352 3040 40 26 poi
1401 3044 132 18 occorraao
1542 3043 68 17 umo-

1136 3074 21 22 ri
1168 3074 40 21 dei
1222 3073 63 27 quali
1296 3074 26 20 tu
1335 3079 14 15 a
1358 3079 77 16 verun
1446 3074 67 26 patto
1523 3072 21 21 ti
1554 3076 55 23 pos-

1136 3113 26 16 sa
1173 3107 102 25 sërvire,
1286 3106 73 21 allora
1370 3105 29 22 dà
1410 3104 147 23 un’occhiata
1566 3105 46 21 alla

1136 3142 75 26 punta
1231 3140 61 22 délia
1303 3141 41 20 tua
1352 3161 3 3 .
1362 3139 80 28 spada,
1468 3137 98 23 un’altra
1588 3138 23 21 al

1137 3175 72 24 cielo,
1224 3179 14 15 e
1255 3173 64 27 dopô
1330 3172 79 22 decidi
1429 3172 80 27 quello
1530 3171 45 21 che
1586 3172 26 20 tu

1137 3213 31 15 ne
1181 3207 70 22 abbia
1262 3212 14 15 a
1286 3206 89 21 fare.—
1385 3204 11 23 I
1408 3205 106 27 generali
1523 3209 90 16 assem-

1138 3240 67 21 brata
1216 3240 23 20 la
1251 3240 108 21 consulta
1370 3239 25 21 in
1416 3237 82 25 Cortë,
1519 3239 92 25 questa,

1138 3278 51 16 non
1208 3272 170 22 contrastando
1397 3271 92 21 alcuno-
1502 3269 73 21 bahdi
1581 3270 33 21 .la

1139 3304 87 24 liberté
1242 3305 68 22 côrsa
1321 3311 15 15 e
1357 3305 25 21 la
1400 3303 132 22 decadënza
1551 3303 63 21 délia

1139 3339 151 27 Repubblica
1294 3342 125 24 genovese
1425 3337 60 21 dalla
1492 3335 122 23 sovranità

1140 3368 62 26 deila
1214 3372 62 21 isola
1284 3378 7 16 :
1303 3376 62 22 poco
1374 3370 65 26 dopo
1452 3369 100 22 diciotto
1563 3371 52 19 teo-

1140 3404 68 28 loghi
1224 3404 130 22 convenuti
1373 3403 41 20 nel
1433 3404 138 20 monastero
1588 3402 25 21 di

1142 3438 98 25 Orezza,
1253 3435 270 29 disputatasotlilménte
1534 3436 23 20 la
1568 3440 48 16 ma-

1141 3471 69 24 teria,
1224 3470 165 22 dichiararono
1400 3469 80 27 giusta
1497 3468 23 20 la
1532 3473 85 22 guerra

1143 3505 86 20 contrô
1242 3502 110 25 Genova,
1364 3506 70 16 corne
1445 3500 79 28 quélla
1536 3500 44 22 che
1590 3506 28 16 se

1143 3537 49 21 mai
1203 3542 77 15 aveva
1292 3537 73 20 avuto
1387 3534 83 21 diritto
1481 3539 15 15 a
1517 3539 101 21 reggere

1143 3570 87 24 Tisola,
1242 3570 24 20 la
1275 3568 136 22 trascinava
1424 3567 93 22 tiranna
1526 3572 7 14 :
1550 3572 69 21 ques-

1144 3604 24 19 ta
1180 3603 112 19 sentenza
1304 3599 125 23 confermò
1439 3599 43 27 più
1499 3599 61 21 tardi
1573 3604 46 16 con

1145 3634 155 21 nobilissimo
1311 3633 85 22 scritto
1416 3632 143 26 monsignor
1574 3631 46 22 Na-

1146 3667 51 24 tali,
1206 3672 108 16 vescovo
1322 3666 26 20 di
1355 3665 90 26 Tivoli,
1454 3666 57 20 nato
1518 3665 27 21 in
1552 3664 70 23 Olet-

1631 2773 32 23 ta,
1677 2771 18 21 il
1706 2770 108 28 qua!e,da
1826 2771 54 26 quel
1893 2769 153 24 valentubmo
2058 2770 47 22 ch’-

1633 2804 47 28 egli
1697 2810 46 17 era.
1765 2809 70 22 pre-se
1847 2809 12 15 a
1878 2803 101 22 chiarire
2003 2804 102 21 tirannia

1633 2837 45 22 che
1691 2837 71 25 fosse,
1784 2843 14 15 e
1811 2837 95 27 potersi,
1928 2838 49 21 anzi
1999 2838 105 25 doversi,

1633 2871 146 22 combattere
1796 2871 16 21 il
1833 2871 103 21 tiranno.
1950 2870 9 22 I
1980 2869 124 24 Genovesi

1634 2905 144 21 commisero
1789 2909 13 15 a
1822 2906 65 20 certo
1904 2905 201 28 azzeccagarbugli

1634 2938 24 21 di
1671 2938 169 27 rispondergli,
1853 2938 29 21 ed
1895 2938 46 28 egli
1954 2939 24 20 îo
1998 2937 51 23 fece
2061 2943 44 17 con

1635 2976 48 16 uno
1696 2972 82 21 scritto
1789 2971 93 25 sciatto,
1894 2971 121 23 jntitolato
2033 2972 73 21 Anti-

1634 3005 101 27 cur^io;
1746 3009 37 17 ma
1804 3009 47 16 non
1870 3005 25 21 lo
1915 3005 118 21 trovando
2053 3010 54 17 con-

1635 3037 110 22 cludente
1757 3037 215 22 incombenzarono
1981 3044 31 15 un
2021 3038 86 22 sicario

1635 3076 15 16 a
1661 3070 132 22 confutarlô
1805 3072 91 27 meglio
1902 3077 5 20 ;
1925 3072 79 26 questi
2016 3071 26 22 vi
2054 3071 54 22 ado-

1635 3103 62 28 però
1706 3109 49 16 uno
1764 3102 91 24 sfiletto
1866 3110 14 15 a
1891 3106 36 20 tre
1936 3105 67 26 tagli,
2014 3111 13 15 e
2036 3111 31 15 ne
2075 3104 34 22 fe-

1636 3136 22 22 ri
1669 3138 40 21 nel
1716 3139 85 20 ventre
1813 3138 142 27 monsignor
1965 3137 87 27 Natali,
2065 3138 44 22 che

1637 3171 21 20 si
1670 3171 117 21 condusse
1799 3176 14 15 a
1824 3170 50 23 fine
1893 3171 23 21 di
1929 3171 57 26 vitaj
2007 3172 21 21 la
2040 3172 69 26 quale

1636 3203 61 27 però
1708 3204 33 27 gli
1753 3203 26 22 fu
1799 3204 65 21 saîvà
1875 3209 44 21 per
1937 3204 173 22 intercessione

1638 3236 63 21 délia
1719 3236 160 26 Immaçolata,
1893 3242 13 15 e
1926 3237 81 22 mercè
2017 3238 23 21 le
2055 3243 55 16 cure

1638 3269 39 22 del
1689 3274 45 17 suo
1741 3270 158 26 compatriota
1908 3269 105 28 Saliceti,
2022 3271 89 22 archia-

1639 3304 38 20 tro
1689 3302 24 22 di
1726 3308 42 16 sua
1779 3302 86 23 santità
1883 3303 44 22 Pio
1940 3303 44 23 VI.

1640 3335 19 21 E
1672 3336 87 26 poichè
1778 3337 63 21 nella
1857 3337 144 28 ingenerosa
2021 3344 91 16 merca-

1638 3369 78 21 tanzia
1727 3369 20 21 si
1769 3370 122 26 àpprende
1901 3372 14 19 à
1931 3371 96 22 truffarè
2039 3371 72 27 forse,

1640 3407 40 16 ma
1692 3402 20 21 si
1724 3402 153 27 disimpara’a
1889 3408 99 23 reggere
2008 3408 13 18 é
2035 3411 15 15 a
2061 3405 53 22 vin-

1642 3440 55 16 cere
1705 3435 8 21 i
1727 3435 91 27 popolî,
1831 3436 9 20 i
1852 3435 132 28 Genovesi,
1997 3438 80 22 sfidati
2090 3438 23 21 di

1642 3468 85 21 venire
1738 3473 13 16 a
1762 3468 134 28 capo^della
1906 3470 126 22 ribellione
2047 3471 68 22 côrsa

1643 3501 20 21 si
1672 3501 98 21 volsero
1782 3507 44 21 per
1836 3502 66 22 aiuto
1910 3503 48 21 allô
1970 3504 145 27 imperatore

1645 3532 71 23 Carlo
1729 3533 47 22 VI:
1788 3535 56 26 quai
1855 3536 94 22 coltëllo
1966 3536 33 22 tal
2017 3538 98 27 guaina:

1645 3567 18 21 il
1672 3567 99 21 tedesco
1782 3567 25 21 di
1822 3568 97 23 Aûstria
1930 3575 92 22 povero
2038 3577 15 15 e
2063 3577 53 15 ava-

1644 3605 37 20 ro,
1698 3600 24 21 in
1734 3600 97 28 bottega
1843 3607 15 15 o
1868 3603 63 21 nella
1942 3604 90 27 reggia,
2046 3604 71 22 traffi-

1646 3638 26 16 ca
1685 3639 94 21 sempre
1795 3636 140 21 sennonchè
1951 3638 64 20 nellà
2025 3637 91 28 reggia,

1646 3666 84 22 vende
1740 3672 100 22 sangue;
1854 3669 23 20 di
1898 3669 51 22 fatti
1968 3669 70 23 Carlo
2049 3669 36 23 VI
2096 3671 21 21 si

2131 2771 92 22 chiamò
2246 2774 86 25 pronto
2353 2771 31 22 ad
2398 2765 141 27 accomodarc
2548 2773 8 6 -

2132 2804 146 28 Repubblica
2289 2806 23 21 di
2326 2805 61 22 dieci
2402 2810 14 16 e
2430 2802 38 30 più
2478 2799 45 23 mila
2536 2794 20 20 L

2132 2838 79 22 deschi
2224 2844 27 16 se
2269 2840 22 20 le
2307 2839 122 28 garbasse,
2441 2843 12 15 a
2472 2834 57 29 pah°>

2133 2872 47 21 vivi
2194 2870 34 30 gh‘
2249 2875 149 19 mantenesse
2410 2878 14 14 e
2444 2866 63 26 morti
2522 2863 34 27 g!'c'

2132 2911 97 22 pagasse
2234 2911 6 22 ;
2252 2906 23 21 la
2287 2905 132 28 Republica
2431 2898 96 33 spilôrcià
2537 2898 16 16 ri:

2132 2944 57 22 pose
2208 2945 45 21 per
2273 2945 41 16 ora
2334 2940 80 27 gliene
2434 2928 122 30 bastereb^

2132 2978 63 23 3000,
2207 2978 13 16 e
2232 2973 59 22 tanti
2303 2973 62 22 ebbe
2382 2972 39 22 dai
2441 2969 65 23 conte

2132 3008 158 26 governatore
2301 3006 25 21 di
2338 3006 101 25 Milano,
2447 2997 89 30 condptt'
2546 2994 5 10 *

2133 3040 88 21 barone
2233 3039 24 21 di
2276 3039 151 26 Shemettau,.
2441 3041 38 18 ma
2487 3030 34 32 poi

2134 3078 57 16 vero
2202 3073 82 27 pochi,
2296 3079 14 16 e
2322 3080 31 14 ne
2361 3073 108 21 chiesero
2479 3067 44 22 altn

2134 3107 63 21 mila.
2210 3105 23 22 À
2247 3107 78 27 prima
2335 3107 83 28 giunta
2431 3102 76 30 questo
2514 3096 40 46 ge°|

2134 3146 38 16 me
2183 3140 22 22 ci
2217 3140 52 22 fece
2282 3141 38 21 del
2331 3136 150 26 maleassai,
2497 3129 25 23 ed
2529 3130 16 18 i°

2135 3179 35 20 so,
2177 3174 88 27 perché
2275 3174 93 25 sortito,
2375 3171 95 29 quando
2475 3172 24 17 ce
2506 3163 47 22 Hspc

2135 3209 24 19 ta
2160 3213 69 20 vamp
2252 3213 73 16 meno
2347 3207 29 21 da
2384 3204 90 24 'Bastia,
2496 3197 46 25 r^PP

2136 3234 82 32 nostri',
2232 3242 31 21 ed
2274 3237 24 25 iô
2314 3241 21 22 ci
2347 3239 78 23 cascai
2443 3229 113 48 prigî°^ie^

2136 3274 75 21 taccio
2222 3275 34 27 gli
2268 3275 57 21 stazi
2336 3273 44 22 che
2390 3271 68 29 patii;
2471 3270 36 24 Qul
2522 3293 5 5 .
2534 3290 22 21 ^

2137 3310 96 25 esposto
2238 3308 45 21 alla
2293 3307 91 22 berlina
2392 3310 50 17 non
2450 3298 78 26 duhitM
2548 3309 8 9 >

2137 3335 99 22 fermare
2251 3338 65 19 sotto
2327 3336 17 21 il
2356 3333 120 29 patibolo,.
2484 3331 23 21 1°
2515 3328 13 21 P
2550 3339 6 22 {

2135 3366 28 19 to
2172 3364 61 21 délia
2241 3363 93 26 liberté,
2344 3364 23 20 la
2374 3356 164 40 testimonial
2542 3367 14 23 di

2138 3397 75 16 aveva
2224 3393 105 26 palesata
2341 3392 26 20 in
2378 3390 97 22 Orezza;
2486 3384 70 37 PeL:t\

2139 3420 21 21 si
2171 3425 44 16 con
2227 3425 61 21 gran
2295 3425 62 17 voce
2368 3417 83 29 queste
2460 3412 96 42 Par,°JüS^

2138 3453 84 21 guerra
2234 3447 46 22 che
2291 3448 72 21 fanno
2374 3447 8 21 i
2392 3440 86 26 «Côrsi
2488 3443 13 15 e
2508 3440 23 40 g^
2542 3454 14 19 ^

2140 3476 70 24 sima,
2222 3476 26 21 io
2260 3476 34 21 fui
2311 3476 80 27 primo
2404 3479 15 15 a
2436 3469 67 23 chian
2545 3483 11 19 pi

2140 3504 61 21 nella
2233 3505 107 21 consulta
2361 3502 23 22 di
2406 3500 97 21 Orezza-

2140 3531 152 23 dimostrarvi
2312 3536 69 16 corne
2400 3531 44 26 per
2490 3525 17 22 P
2521 3532 35 29 -0

2141 3565 42 22 per
2193 3560 23 21 la
2226 3558 87 23 liberté
2325 3560 26 23 io.
2360 3556 82 28 voglia
2452 3552 59 41 Pat1^

2141 3588 76 27 ripeto
2240 3588 41 27 qui
2291 3588 24 20 la
2322 3585 131 24 medesima
2462 3582 37 24 ços
2530 3587 26 23 ^

2142 3611 31 26 dô
2184 3616 61 26 dire,
2262 3615 51 22 ch’è
2333 3610 145 32 giustissima

2142 3650 27 15 ra
2179 3643 106 28 impresa
2295 3643 38 21 dai
2346 3640 71 24 Côrsi
2430 3636 64 27 epetr
