2484 3876
313 157 293 57 GIURNALI
645 149 183 59 CORSI

117 294 102 25 L’Eveil
230 293 30 22 de
270 292 26 22 la
304 291 76 22 Corse
399 288 32 22 N.
442 288 34 21 du
488 292 28 16 12
537 287 24 20 et

91 339 26 22 13
126 330 107 30 janvier
242 333 36 23 25.

242 362 162 27 BULLETIN

115 405 36 20 Ur
161 404 30 19 de
198 408 42 14 nos
253 399 110 21 confrères
372 396 105 23 rapporte
494 392 68 25 qu’un

92 432 147 29 propriétaire
251 430 28 20 de
292 427 77 24 Vichy,
378 424 40 26 qui
435 423 60 20 avait
511 422 52 19 loué

92 463 193 26 un-appartement
298 457 139 24 moyennant
452 460 31 13 un
501 453 63 23 loyer

93 494 85 22 annuel
193 493 27 20 de
239 490 59 21 2.800
315 487 84 22 francs,
419 491 14 13 a
453 484 35 19 été
513 488 52 14 con-

94 525 84 22 damné
186 524 14 19 à
207 527 45 15 une
265 517 93 23 amende
367 516 30 20 de
405 519 59 16 1.200
481 513 39 20 frs.
534 513 31 18 Le

94 557 70 24 loyer,
175 560 29 14 en
212 555 69 18 outre,
290 556 14 13 a
312 548 35 20 été
352 545 76 22 réduit
436 551 40 18 par
491 543 22 20 le
527 545 38 17 tri-

95 585 71 22 bunal
174 585 15 19 à
197 579 129 27 i.657frs,5o.

122 615 60 25 Quel
191 613 114 22 dommage
313 615 44 19 que
366 613 59 15 nous
437 611 28 15 ne
478 603 88 22 vivions

97 653 41 19 pas
147 647 15 18 à
169 643 78 24 Vichy,
251 642 29 21 où
291 640 44 21 l’on
344 641 56 24 peut
407 642 80 15 encore
504 634 63 21 avoir

96 682 59 19 pour
163 672 123 26 4.657frs,5o
294 677 30 13 un
340 669 155 24 appartement
512 665 56 20 dont

96 706 22 19 le
126 705 65 24 loyer
199 710 10 14 \
213 702 52 21 alait
276 701 37 20 85o
318 699 76 21 francs
400 700 67 18 avant
474 696 22 21 la
504 701 64 20 guer-

97 741 49 13 re...
154 734 25 20 Si
186 739 56 14 nous
254 737 55 15 nous
322 728 117 22 amusions
455 728 14 19 à
483 726 86 21 relever

97 765 34 18 les
144 763 51 25 prix
208 763 39 19 des
263 762 72 24 loyers
356 765 46 19 que
412 764 58 14 nous
483 761 86 20 payons

99 794 172 23 présentement,
284 795 22 16 et
315 792 13 18 à
332 791 34 19 les
372 794 116 19 comparer
495 788 14 19 à
514 792 56 15 ceux

99 822 29 19 de
132 826 60 19 1914,
201 827 57 14 nous
266 819 169 22 constaterions,
452 817 64 25 qu’ils
530 819 41 17 ont

100 852 43 21 été,
150 857 29 13 en
189 850 95 25 général,
290 849 132 24 augmentés
427 847 56 20 dans
490 847 23 19 la
521 852 50 19 pro-

100 880 91 24 portion
200 879 28 20 de
240 879 35 20 lOO
281 885 13 13 a
303 878 37 20 25O
349 877 43 24 0/0.
402 877 60 20 Pour
476 876 95 20 certains

101 910 76 19 même
185 915 25 14 ce
218 911 51 17 taux
277 911 32 16 est
313 908 129 23 largement
452 906 119 23 dépassé...

132 971 39 22 La
182 970 117 22 Nouvelle
310 970 77 21 Corse
397 969 31 21 N.
439 969 34 21 du
479 973 93 23 10-1-25

194 1003 123 22 ENCORE
328 1002 69 22 UNE
408 1001 73 22 FOIS

128 1039 65 21 Nous
211 1037 115 30 rappelons
343 1037 14 19 à
374 1041 44 14 nos
434 1034 63 23 amis,
510 1033 65 25 quels

104 1070 69 26 qu’ils
182 1068 78 24 soient,
270 1074 43 19 que
317 1067 49 21 rien
379 1072 30 15 ne
414 1071 58 15 nous
477 1064 46 21 fera
542 1070 34 14 re-

104 1101 66 22 venir
178 1107 39 14 sur
225 1106 44 14 une
273 1097 97 22 décision
379 1096 52 26 déjà
439 1095 108 22 ancienne
553 1097 24 18 et

104 1132 40 26 qui
157 1135 35 18 est
214 1131 54 21 celle
282 1130 28 21 de
325 1129 88 21 refuser
426 1126 151 26 catégorique-

587 286 62 19 ment
657 284 72 19 toutes
737 277 144 25 nécrologies,
898 279 52 16 tous
959 273 100 20 discours

588 314 111 21 funèbres,
701 315 38 16 tou
741 314 33 16 tes
783 306 156 23 informations
947 304 56 20 dont
1012 302 48 20 l’in-

587 344 58 21 térêt
653 346 33 17 est
691 341 146 21 entièrement
842 337 72 20 inclus
923 335 57 20 dans
992 333 21 20 la
1023 338 37 14 va-

589 375 47 20 nité
644 374 28 19 de
680 373 48 20 leur
740 374 80 17 auteur
827 375 29 14 ou
866 367 28 20 de
909 372 56 15 ceux
977 363 38 26 qui
1031 369 28 13 en

589 408 52 17 sont
649 403 80 24 l’objet.

616 435 36 20 Un
654 432 89 27 journal
755 437 13 14 a
786 433 62 17 autre
865 428 67 21 chose
949 427 14 19 à
974 424 87 27 publier

590 472 45 19 que
643 465 32 19 les
687 461 108 26 insipides
807 463 22 17 et
842 462 131 22 grotesques
987 455 75 20 élucu-

590 495 100 21 brations
698 493 29 20 de
735 491 102 22 certains,
848 489 95 20 d’autres
958 485 104 22 matières

591 527 13 19 à
612 525 85 20 insérer
705 529 45 19 que
757 522 29 20 de
800 519 102 22 ridicules
919 516 143 22 félicitations

591 562 58 19 pour
661 561 31 14 un
701 553 79 21 mérite
789 550 99 27 agricole
896 555 30 14 ou
933 554 45 14 une
983 546 79 25 palme

592 585 150 25 académique
754 584 57 19 dans
820 588 44 14 une
877 578 142 23 distribution
1034 583 28 14 en

593 617 67 21 série.

619 648 62 20 Nous
686 651 70 15 avons
765 643 69 22 banni
838 642 78 25 depuis
920 640 102 25 toujours
1031 639 31 19 les

595 682 12 12 <r
613 679 61 19 toute
682 676 137 20 charmante
827 678 11 11 »
849 676 22 17 et
876 673 34 19 les
920 678 10 10 «
937 672 63 19 toute
1011 675 51 18 gra-

594 709 75 20 cieuse
680 711 11 12 »
702 706 39 25 qui
749 707 53 19 sont
818 701 136 23 l’immuable
973 699 89 22 réthori-

595 745 45 20 que
648 736 112 26 régionale
768 735 29 20 de
805 741 25 14 ce
842 739 62 20 pays.

621 772 62 20 Nous
693 773 70 15 avons
784 765 100 25 toujours
899 763 98 25 expurgé
1025 766 37 15 noî

596 802 107 21 colonnes
711 800 28 19 de
747 801 75 18 toutes
838 801 37 15 ces
891 791 171 24 traditionnelles

596 837 91 16 verrues
695 830 54 20 delà
759 829 80 20 Presse
845 826 77 20 Corse.

623 861 180 20 Fussions-nous,
818 863 45 14 non
872 861 40 19 pas
918 853 142 22 bi-hebdoma

598 892 63 19 daire
668 890 56 20 mais
733 887 147 26 bi-quotidien
886 891 46 20 que
944 890 58 14 nous
1011 882 49 21 n’ad

598 920 116 21 mettrions
722 925 40 19 pas
771 918 58 25 plus,
839 923 52 14 sans
903 914 116 25 exception
1032 919 28 13 au

599 962 66 17 cune,
674 955 109 20 d’insérer
796 953 98 25 quoique
902 958 26 13 ce
933 951 45 20 soit
983 950 28 20 de
1027 951 35 17 cet

601 989 23 17 te
630 985 89 25 qualité.

749 1014 80 20 Bravo
836 1012 83 21 IMaki.

671 1045 40 21 Du
721 1043 81 22 même

674 1087 180 23 L’HISTOIRE
866 1085 128 22 LOCALE

627 1123 29 21 Je
663 1129 29 14 ne
700 1122 45 21 sais
754 1122 50 20 rien
813 1121 27 20 de
849 1120 50 25 plus
917 1118 95 21 fâcheux
1028 1124 31 19 qu

215 1257 196 53 TOMASI,
427 1257 119 48 Corsu
569 1254 31 48 N
605 1253 134 56 abnliè,
762 1264 162 35 nuraaru
949 1247 19 47 1

367 2159 97 32 'Tutti,
482 2161 81 24 lutte,
585 2159 32 25 in
642 2158 78 26 tutfi
737 2159 69 31 casi,

368 2200 29 25 O
400 2199 42 25 mi
457 2198 196 35 d’Aghjacciu
673 2206 15 16 0
705 2197 105 34 d’Afà,

367 2240 155 27 Muccicosi
542 2248 15 17 e
575 2239 190 32 mustacciuti,

367 2280 174 31 Andaranu,
566 2279 68 26 belli
651 2287 15 17 0
685 2279 86 31 bruti,

369 2320 94 34 Sen^a
490 2319 107 25 dnbbiu
614 2327 18 17 a
655 2318 76 34 fassi
766 2317 69 35 fà...

368 2362 14 25 I
405 2370 30 17 so
473 2361 87 26 tratti
585 2369 36 17 ne
641 2360 121 26 Tomasi.

207 2483 179 71 Qran
427 2481 187 71 Caffè
649 2481 65 69 di
751 2501 45 49 a
833 2479 171 71 Pace

211 2588 178 52 Piazza
408 2588 100 52 San
535 2586 172 52 Niculà
724 2617 32 7 -
774 2584 223 52 BASTIA

120 2676 323 47 APPERITÏVI
481 2681 34 41 E
546 2678 249 54 LÏQUORI
825 2675 243 45 STRAFÏN

1079 131 21 20 la
1106 129 87 26 grande
1202 126 142 23 indifférence
1354 121 55 20 dont
1425 120 23 19 la
1465 117 88 26 plupart

1080 161 28 20 de
1116 167 43 13 nos
1168 159 139 21 instituteurs
1313 156 23 17 et
1347 151 145 21 institutrices
1506 148 48 18 font

1081 197 84 19 preuve
1180 197 30 13 en
1227 187 90 22 matière
1342 180 114 23 d’histoire
1477 177 76 21 locale.

1083 222 61 20 Dans
1153 221 35 20 les
1201 221 80 20 classes
1294 211 156 24 élémentaires
1468 213 86 16 comme

1084 259 43 13 aux
1135 257 69 14 cours
1210 246 146 25 secondaires,
1366 248 45 15 une
1419 241 134 20 convention

1085 282 65 21 tacitè
1157 281 86 21 semble
1257 279 98 23 imposer
1371 273 21 21 le
1413 270 105 21 mutisme
1534 269 22 18 le

1084 313 50 26 plus
1140 313 81 20 absolu
1231 316 37 15 sur
1275 310 49 18 tout
1332 312 26 13 ce
1375 309 39 19 qui
1431 308 14 13 a
1462 303 51 17 trait
1527 304 29 15 au

1086 344 64 25 passé
1156 343 29 20 de
1195 346 63 17 notre
1263 338 78 27 patrie.
1351 335 93 20 Comme
1456 338 20 14 si
1484 337 13 14 c
1504 330 53 19 était

1085 373 107 26 gaspiller
1200 379 41 14 son
1247 375 71 19 temps
1324 372 45 20 que
1377 363 125 21 d’effleurer
1509 364 49 19 par-

1086 405 42 20 fois
1137 411 32 13 un
1178 403 98 26 chapitre
1284 397 78 28 pareil!
1372 395 94 22 Comme
1475 397 19 14 si
1512 391 7 18 1
1527 395 31 14 or-

1086 442 30 14 ne
1123 434 90 26 perdait
1228 439 39 20 pas
1277 427 164 26 fréquemment
1458 423 39 19 des
1513 426 46 14 ins-

1086 469 59 18 tants
1154 465 106 24 précieux
1268 467 27 15 en
1304 458 118 22 racontant
1427 459 45 15 aux
1485 455 72 17 e.eves

1088 496 39 21 des
1136 496 70 20 récits
1215 493 123 23 autrement
1343 485 90 24 inutiles
1440 490 45 20 que
1503 485 55 16 ceux

1088 526 38 26 qui
1135 526 131 25 pourraient
1270 523 46 20 être
1322 518 76 28 puisés
1406 516 57 21 dans
1469 515 8 19 1
1484 515 75 18 histoi-

1088 564 25 14 re
1116 557 29 20 de
1153 557 23 19 la
1182 556 94 20 Corse...

1113 587 48 21 Nos
1167 586 82 25 jeunes
1257 580 154 27 compatriotes
1429 583 30 14 ne
1470 576 90 21 doivent

1089 625 40 20 pas
1135 618 93 25 ignorer
1232 613 107 24 l’histoire
1347 611 28 20 de
1382 611 49 20 leur
1439 613 55 20 pays
1521 611 38 18 qui

1090 649 96 26 possède
1204 642 196 26 d’incomparables
1412 639 75 20 héros.
1501 637 17 19 Il
1528 637 34 18 est

1090 677 155 23 inadmissible
1250 673 62 26 qu’ils
1327 669 179 24 méconnaissent
1519 667 40 18 des

1092 711 83 24 figures
1182 706 111 22 radieuses
1298 707 89 16 comme
1391 699 67 22 celles
1464 698 28 19 de
1500 698 60 18 bam-

1092 741 62 25 piero
1163 745 31 15 ou
1203 737 29 20 de
1240 734 75 22 Pascal
1325 731 69 22 Paoli.

1120 799 36 22 Le
1168 794 69 25 Petit
1248 794 74 21 Corse
1343 791 31 22 N’
1396 788 35 21 du
1446 789 89 23 11-1-2$

1135 834 182 25 L’Almanaccu
1328 830 28 23 di
1369 828 23 21 A
1404 823 118 26 MUVRA

1131 871 92 21 Comine
1240 866 88 25 chaque
1342 863 74 21 année
1430 859 22 22 le
1466 856 99 24 vaillant

1095 897 183 26 hebdomadaire
1290 894 94 23 corsiste
1397 898 17 14 a
1425 891 49 25 fait
1484 891 80 22 paraî-

1096 935 34 19 tre
1137 937 42 16 son
1185 927 131 23 almanach.

1122 963 79 21 D’une
1209 962 127 22 apparence
1338 954 54 26 plus
1395 958 45 21 que
1446 950 118 21 séduisan-

1098 997 22 18 te
1130 994 60 21 cette
1195 985 210 32 publication,étale
1415 984 52 19 tout
1471 988 32 14 au
1511 980 55 24 long

1098 1025 29 20 de
1131 1030 38 15 ses
1173 1023 62 20 deux
1242 1022 51 19 cent
1299 1016 122 26 cinquante
1426 1016 82 22 pages,
1514 1010 52 26 joli-

1098 1057 63 19 ment
1174 1052 80 22 reliées
1267 1055 54 16 sous
1333 1048 89 20 cartons
1429 1044 31 21 de
1465 1041 102 23 couleurs

1098 1089 70 19 verte,
1188 1083 73 23 bleue,
1271 1085 96 17 marron,
1372 1078 41 18 etc.
1432 1077 51 19 tout
1495 1079 30 14 un
1534 1072 33 20 lot

1083 1115 5 22 I
1099 1117 30 20 de
1134 1114 147 23 séduisantes
1286 1110 86 27 poésies
1379 1109 24 18 et
1407 1107 31 21 de
1451 1103 124 35 nouvelles^

1579 113 90 21 variées
1676 111 90 24 signées
1770 109 31 19 de
1804 108 95 20 maîtres
1906 103 29 22 de
1940 102 25 21 la
1971 100 81 26 plume

1580 143 35 21 tel
1616 149 44 19 que
1666 141 70 20 Santu
1746 139 124 21 Casanova,
1876 130 174 25 Maistrale,G'P.

1581 171 123 24 Lucciardi,
1714 169 96 22 Martinu
1825 163 160 29 Appinzapalu,
1995 161 58 21 Mar-

1581 211 27 14 co
1631 201 85 27 Angeli,
1735 200 82 20 Matteo
1837 195 110 22 Cirnensi,
1967 193 85 20 L’Orzu

1581 232 135 24 d’Orezza.U
1725 224 226 31 Sampetracciu,G.di
1959 224 22 20 la
1990 223 64 20 Grot-

1581 270 31 19 ta,
1623 261 128 23 Ghiuvanni
1765 257 123 24 01ivierî;U
1896 253 156 27 Strampalatu,

1582 296 93 20 Simonu
1684 293 23 20 di
1717 290 83 23 lilecci,
1812 286 146 23 UBabbuziu,
1972 285 83 20 Dume-

1583 325 53 21 nicu
1646 322 97 23 Cristini,
1764 320 160 22 D’Oromonte,
1943 314 109 22 Lisandru

1585 354 134 27 Petrignani,
1738 356 42 20 etc,
1799 354 42 19 etc,
1859 349 42 20 des
1915 345 93 23 articles
2024 344 30 20 de

1584 384 163 25 Sambucucciu
1754 383 23 21 di
1797 380 102 23 Casinca,
1909 379 19 20 U
1946 378 104 23 Dugane-

1585 424 34 16 ru,
1624 419 42 20 etc.
2028 436 6 5 .

1610 449 48 20 Des
1663 445 144 23 historiettes,
1817 443 43 21 des
1864 443 59 19 mots
1928 442 61 22 pour
1994 439 16 23 f
2009 442 47 15 aire

1585 479 53 22 rire,
1644 477 41 20 des
1691 476 85 25 fables,
1783 475 42 20 des
1835 469 124 29 proverbes
1973 473 82 16 corses.

1610 508 48 21 Des
1662 507 115 21 chansons
1781 505 32 21 du
1818 507 61 22 pays
1883 508 56 15 avec
1943 499 112 25 musique,

1585 541 31 22 et,
1632 539 15 20 à
1660 538 90 25 chaque
1760 539 70 22 page,
1843 541 46 15 une
1902 539 30 14 ou
1941 530 117 27 plusieurs

1583 570 91 25 photos,
1688 566 172 28 reproductions
1870 565 30 20 de
1911 561 88 23 vieilles
2008 565 50 16 car-

1587 606 35 19 tes
1635 598 184 29 géographiques
1837 597 30 20 de
1882 595 25 21 la
1924 594 74 22 Corse,
2005 594 54 23 por-

1589 633 68 22 traits
1672 630 123 25 originaux
1806 628 30 20 de
1847 626 77 22 Paoli,
1940 625 80 20 Pozzo
2034 622 26 21 di

1588 665 84 22 Borgo,
1686 660 80 22 Pierre
1779 657 76 22 Marie
1868 655 80 22 Pietri,
1962 653 97 21 Etienne

1590 693 68 22 Conti
1664 694 59 19 etc...
1733 689 64 21 ainsi
1804 694 46 19 que
1858 691 56 16 ceux
1923 684 41 21 des
1973 682 86 26 princi-

1585 728 68 22 paux
1660 720 116 23 écrivains
1788 725 30 15 ou
1831 718 140 21 littérateurs
1976 719 82 18 corses,

1590 755 42 27 qui
1643 761 27 14 en
1684 751 150 26 augmentent
1840 747 100 22 l’attrait
1947 748 23 19 et
1977 747 54 19 sont
2044 744 16 20 à

1589 787 90 24 chaque
1684 786 65 23 page
1765 788 45 15 une
1824 778 101 27 surprise
1932 777 16 21 à
1960 774 101 27 laquelle

1589 818 34 25 s’y
1646 814 83 22 mêlent
1757 813 119 23 beaucoup
1894 809 102 21 d’autres
2016 807 46 20 très

1590 846 146 27 agréables...

1616 884 47 21 Des
1667 882 140 21 caricatures
1815 882 52 18 tour
1879 878 16 21 à
1904 880 51 18 tour
1962 874 101 27 joviales

1591 922 29 14 ou
1636 914 139 26 imposantes
1790 911 58 21 dues
1862 915 48 16 aux
1920 912 97 21 crayons
2033 905 30 20 de

1592 946 42 21 Del
1651 944 133 25 Pellegrino,
1803 942 62 25 Kyrn
1879 942 24 19 et
1915 939 22 21 J.
1947 935 116 24 Geronimi

1592 976 129 26 répandent
1728 975 17 20 à
1754 976 89 19 travers
1851 972 34 21 les
1894 969 71 22 belles
1971 967 93 27 feuilles

1592 1008 30 21 de
1629 1009 58 20 cette
1695 1006 23 21 si
1722 1004 134 27 captivante
1866 1000 144 28 publication
2019 1004 45 15 une

1592 1041 53 19 note
1650 1038 30 21 de
1687 1036 82 22 terroir
1773 1035 32 21 du
1811 1035 56 25 plus
1874 1032 119 22 ravissant
2002 1029 60 26 effet.

1617 1070 33 20 Le
1659 1068 100 21 vaillant
1770 1069 25 18 et
1802 1065 76 21 érudit
1885 1064 113 21 directeur
2006 1061 30 20 de
2045 1060 19 20 A

1593 1101 84 22 Muvra,
1694 1099 34 20 M.
1743 1098 80 21 Pierre
1835 1096 84 23 Rocca,
1935 1094 55 20 s’est
2004 1091 62 21 vrai-

2076 98 62 20 ment
2144 94 118 25 surpassé,
2279 95 58 18 cette
2353 97 126 30 année-ciiei

2077 125 130 24 almanach,
2217 130 46 20 que
2271 123 46 21 l’on
2322 127 59 22 peut
2395 133 25 14 se
2433 133 46 24 prQi

2077 159 60 20 dans
2142 159 50 19 tous
2204 156 35 20 les
2244 155 113 24 kiosques,
2359 157 24 18 et
2388 157 56 23 chez
2451 166 28 21 f0l

2078 188 104 22 libraires
2191 193 30 14 ou
2233 186 17 20 à
2261 186 158 24 l’Imprimerie
2434 192 28 21 de
2469 198 10 19 /

2078 227 39 14 vra
2125 226 32 14 au
2164 218 31 21 38
2206 218 72 20 Cours
2292 216 122 22 Grandval
2418 220 16 19 à
2442 224 37 25 Ajc

2078 251 78 21 mérite
2156 249 56 26 plus
2217 254 46 19 que
2268 247 41 20 des
2315 246 143 27 louanges.il
2461 263 14 13 a

2079 283 16 19 à
2108 287 43 15 une
2166 280 70 25 place
2247 277 130 21 d'honneur
2385 278 61 23 dans
2456 291 23 16 no

2079 311 148 25 bliothèques.

2397 348 82 30 Caifas:

2305 455 13 17 ♦
2429 463 50 15 7—.

2083 541 92 25 Comité
2186 541 197 27 départemental
2393 541 46 24 des
2450 545 29 25 Jfc

2143 578 25 21 et
2180 574 130 24 Réformés
2318 574 32 23 de
2357 575 26 23 la
2394 575 85 29 Guerre

2111 646 44 22 Les
2173 645 144 28 prochaines
2337 642 98 24 séances
2457 648 20 22 d’

2084 679 97 27 reillage
2189 679 88 20 auront
2287 677 51 21 lieu
2349 682 32 15 en
2393 676 86 29 CORS;

2085 713 64 22 dates
2161 711 132 22 ci-dessous
2302 715 7 17 :

2140 750 117 23 BASTIA
2264 749 28 23 26
2302 749 97 23 Février

2142 789 137 29 AJACCIO
2292 789 28 23 28
2331 788 98 25 Février

2115 832 30 21 Le
2158 830 64 23 Chef
2231 830 43 21 des
2286 829 112 22 Services
2410 830 69 28 d’Adr

2086 865 92 26 tration,

2342 902 23 23 J.
2379 902 100 29 Silvestr

2124 1021 131 27 Imprimerie
2265 1019 90 26 spéciale
2367 1019 28 20 de
2407 1019 19 21 A
2433 1020 46 23 MUT

2169 1050 33 23 38,
2210 1049 67 20 Cours
2283 1047 110 23 Grandval,
2398 1047 81 27 Ajaccio

2126 1089 32 21 Le
2167 1087 88 22 Gérant
2260 1094 9 14 :
2273 1086 136 26 Dominique
2417 1087 62 23 Mass;

1113 1196 2 2 '

1258 1214 13 23 1

1220 1237 236 33 Aimanaccü

1314 1297 40 30 di

1218 1361 35 30 A
1269 1356 176 34 MUVRA

1245 1431 68 29 per
1331 1418 89 32 1925

1209 1473 4 8 :

1296 1509 75 33 200

1265 1575 135 36 Pagine

1299 1663 66 32 100

1239 1709 6 16 ;

1257 1727 152 35 Disegni

1326 1816 24 31 8

1104 1882 178 31 Can^one
1299 1886 52 24 eu
1374 1887 25 21 a
1421 1877 152 30 musica

1143 2175 14 25 I
1169 2174 49 35 più
1229 2182 69 27 gran
1317 2175 88 33 pueta
1426 2180 16 17 e
1454 2170 122 28 scrivani

1110 2219 74 27 corsi
1198 2228 5 17 :
1219 2219 86 26 Santu
1330 2218 150 26 Casanova
1490 2231 35 5 —
1536 2216 38 27 G.

1110 2266 33 25 P.
1172 2263 141 27 Lucciardi
1330 2278 36 5 —
1381 2262 146 27 Maistrale
1543 2276 35 5 —

1110 2309 125 27 Martinu
1246 2308 200 36 Appinzapalu
1458 2307 37 26 ed
1502 2307 74 26 altri.

1145 2372 122 35 Pre^u:
1290 2372 20 25 3
1321 2371 132 26 franchi
1465 2385 35 4 —
1509 2369 42 26 Pe
1561 2377 19 18 a

1113 2416 466 35 postaricumandatu:4îv&.nchio

1193 2501 6 8 ..

1864 1216 161 52 Mèmè
2049 1207 242 58 LUCIAM

2026 1297 108 28 Mobil!

1899 1352 35 25 In
1946 1351 118 30 Rorgu,
2077 1355 140 20 numaru
2226 1347 33 25 31

1837 2141 50 27 Nu
1898 2148 159 28 magazenu
2069 2139 29 27 di
2109 2139 103 34 Mèmè,

1839 2187 53 26 Per
1904 2187 118 34 cumprà
2033 2185 61 27 letti
2104 2194 15 18 e
2129 2184 185 37 guardarobe,

1840 2231 122 33 Corrini,
1976 2231 93 36 zoppi,
2083 2231 81 27 dritte
2175 2239 16 18 e
2202 2230 103 36 gobbe,

1841 2277 21 26 E
1873 2277 60 27 fani
1943 2276 67 28 tutti
2025 2285 7 18 :
2041 2285 16 18 «
2068 2277 27 26 A
2105 2278 45 25 mè
2161 2277 6 26 !
2180 2285 17 18 a
2208 2278 47 25 mè
2269 2277 6 25 !
2284 2285 18 17 »

1657 2447 37 53 U
1713 2447 93 53 Pùi
1833 2445 139 55 Bellu
2015 2445 205 55 HOTEL
2255 2445 51 55 di
2329 2445 146 55 Corsi

1769 2533 645 53 CYRNOS—PALACE

1779 2605 203 34 PASQUALE
2013 2606 152 31 FILLIPÏ,
2190 2605 218 29 DIRETTORE

1975 2653 239 61 BASTIA

315 3017 121 123 Si
499 3055 151 85 vo
711 3019 101 119 ci
869 3017 381 125 vulete
1309 3019 327 123 aiutà

737 3221 571 99 Abbunatevi
1357 3253 61 67 a
1455 3225 77 95 A
1583 3223 443 97 MUVRA.

775 3385 491 121 Cumprate
1313 3389 29 93 i
1379 3387 297 95 nostri
1725 3387 223 101 libri.

409 3533 223 71 Fateci
701 3541 273 83 stampà
1045 3541 207 71 ciochi
1323 3561 87 49 vo
1481 3543 139 69 fate
1689 3549 269 89 stampà
2007 3553 69 71 in
2119 3557 191 75 altrô.

377 3683 33 15 .-sSa
429 3693 6 3 -
457 3685 17 13 BS
625 3691 4 3 -
638 3688 3 10 :
654 3691 4 3 -
681 3687 23 11 BS.
761 3684 17 14 sS
1233 3693 3 2 -
1254 3691 10 7 -,
1311 3693 5 3 -
1321 3689 6 9 ;
1342 3692 4 4 -
1364 3689 3 2 -
1374 3689 5 5 ■-
1383 3687 5 9 :
1478 3686 19 12 i,
2328 3687 6 7 ;
2347 3690 9 8 -,
2363 3687 9 10 6
2381 3690 7 7 ?
2400 3689 8 9 i-
