2616 3935
207 508 35 31 A
259 515 26 21 u
302 506 155 33 Fücone

170 558 53 33 (tra
233 554 97 26 babbu
341 564 16 16 e
365 555 129 35 figliolu)

128 629 17 18 U
155 625 57 20 babbu

45 662 104 22 Hai’ntesu,
157 664 14 12 u
179 655 39 19 miô
225 653 93 24 figliolu?

44 689 31 20 Pe’
81 692 12 13 a
100 680 184 28 prossim’elezzione,

44 709 92 25 P’elettori
142 709 58 21 jugne
208 710 26 12 un
243 705 50 17 stolu

44 741 34 18 per
85 742 12 12 u
105 733 42 23 Sgiò
155 730 130 21 Brancaleone,

45 766 14 18 E
65 763 64 18 ci’emu
134 759 22 17 da
163 757 20 17 fà
190 760 28 13 un
226 755 72 18 duvere

45 790 21 19 pi
73 784 94 22 sustenelu
175 785 35 19 per
216 785 65 13 mène.

46 852 21 18 Sà
76 844 96 23 trent’anni
180 843 68 18 ch’ellu
254 847 65 18 régna,

46 874 67 21 Grande
117 873 57 15 onore
181 868 20 18 di
207 873 14 13 u
228 868 72 22 pertitu
305 867 5 19 1

27 901 53 21 0<rhie
86 895 118 25 qualchid’un
212 893 98 23 s’ingegna

40 916 26 30 °pi
73 922 43 20 vulè
123 918 72 21 cambia
202 918 71 22 disitu,

45 952 26 19 Ma
78 954 13 13 u
99 949 67 17 brancu
175 944 11 18 è
192 948 47 14 sanu
245 949 11 13 e
263 945 55 21 forte,

26 980 13 18 E
45 981 23 15 nn
75 974 17 19 si
99 972 42 19 cede
149 974 69 14 mancu
230 970 17 18 a’
252 970 66 18 morte.

118 1028 17 18 U
143 1026 77 25 figliolu

46 1065 13 18 0
65 1063 28 21 bà,
101 1060 19 18 bi
128 1060 50 17 devu
186 1058 81 22 rispettu

45 1086 63 23 percbè
112 1085 78 18 m’avete
196 1083 89 17 allevatu.

28 1110 103 26 piccbiatevi
139 1114 26 13 un
170 1112 49 19 pocu
227 1108 20 17 in
255 1109 53 21 pettu

45 1140 13 18 E
63 1136 85 25 guardate
154 1139 14 13 u
176 1134 68 17 vostru
253 1134 56 21 statu;

45 1160 105 26 Spiegatemi
156 1158 105 19 solamente

46 1190 13 18 U
66 1190 35 16 ben
109 1186 17 19 fà
134 1185 17 18 di
161 1189 12 13 u
183 1183 100 24 dirigente.

125 1239 17 18 U
150 1237 58 20 babbu

44 1270 38 21 ???..

118 1319 15 18 U
142 1318 75 24 figliolu

45 1350 68 23 Comu?
121 1350 75 19 Restate
204 1349 87 22 stupitu?

43 1380 25 19 üa
75 1378 63 22 sapete
142 1375 23 18 dà
172 1374 89 22 risposta.

45 1404 31 20 Chi
83 1403 42 17 b’ha
132 1402 44 17 datu
184 1400 20 17 lu
213 1400 70 21 pertitu

45 1429 30 19 Chi
82 1429 24 17 da
112 1425 102 20 trent’anni
221 1425 20 17 vi
249 1427 53 20 porta
306 1425 10 19 ?

43 1453 99 24 Apulitica,
152 1450 55 19 ch’ha
215 1455 51 18 resu,

44 1482 31 18 Per
82 1477 55 24 piglià
144 1477 21 18 lu
174 1476 27 18 so’
207 1477 76 21 pretesu
288 1476 10 19 ?

125 1531 16 19 U
151 1530 59 19 babbu

44 1568 31 17 Tre
82 1564 45 19 mesi
135 1563 20 18 di
163 1562 103 24 prigiunia,

44 1589 100 24 Malevoglie
151 1589 20 18 in
180 1588 106 23 quanlità...

116 1635 17 19 U
141 1633 77 26 figliolu

44 1667 92 23 Travagliu
143 1671 26 13 un
178 1665 18 18 si
203 1670 25 14 ne
236 1665 48 19 facia

45 1693 109 19 Echeriamu
162 1691 99 22 manghia:

44 1720 42 18 Eccu
91 1719 73 20 dunque
169 1720 36 20 per
209 1716 32 18 voi
246 1717 70 18 stessu.

44 1746 12 18 E
62 1745 18 18 in
87 1747 60 20 paese,
155 1742 29 19 c’è
192 1741 116 24 prugressu?

44 1790 62 19 Ditemi
112 1793 71 19 appena
189 1792 5 14 :
203 1788 31 18 ste
241 1787 76 19 strade?

44 1817 8 17 I
57 1816 42 18 béni
105 1816 21 17 sò
136 1814 97 23 rispettati
237 1812 10 20 ?

44 1842 66 21 Troppu
117 1844 67 19 spessu
191 1843 51 19 vegu
250 1840 67 18 accade

43 1868 8 17 I
56 1866 84 18 curtanili
147 1865 86 22 sterpati.

43 1893 8 17 I
57 1892 61 21 casali,
123 1896 26 13 un
156 1890 30 19 c’è
193 1895 11 13 a
212 1894 59 19 corre,

43 1918 20 18 Sò
69 1917 75 24 ghiustu
151 1917 29 22 pe’
186 1921 13 12 u
206 1917 109 21 percettore.

44 1964 44 22 Begu
94 1964 21 17 lu
123 1967 56 19 paese
187 1966 48 14 sanu

42 1990 19 17 In
67 1988 122 19 caterrocchiu
197 1988 99 22 guardassi
301 1993 5 17 ;

43 2015 50 17 Eimu
99 2014 22 18 vi
125 2015 58 17 tende
187 2013 21 20 la,
214 2018 57 13 manu
276 2018 6 17 ;

43 2039 17 19 Si
65 2039 108 23 qnalcb’unu
181 2038 111 19 s’azardassi

43 2065 20 18 Di
68 2065 43 18 vulè
117 2064 20 19 fâ
145 2064 125 22 cumpulottu,

43 2091 48 18 Facci
99 2095 48 18 puru
154 2095 13 13 u
176 2090 27 18 so’
207 2089 85 22 fangottu
298 2089 5 18 !

42 2136 25 19 Un
74 2136 26 19 c’è
107 2135 135 19 ch’animosità.

43 2158 12 21 È
61 2163 56 17 morta
123 2162 19 18 la
149 2161 111 19 fratellanza
264 2166 5 17 ;

30 2192 5 4 '
42 2186 94 22 &hielusìa,
143 2186 83 22 scimità,

42 2213 71 22 Troppu,
121 2214 69 22 troppu
196 2211 117 19 malcrianza!

41 2237 18 22 £,
66 2238 75 22 pulitica
149 2237 72 19 nuciva

42 2263 122 23 BumbizegMa
172 2268 12 14 e
192 2263 41 19 face
240 2263 63 19 eviva.

44 2308 74 20 Correnu
125 2311 54 22 pe’lu
187 2309 97 19 biccbieru

43 2335 29 18 Tre
81 2340 11 14 o
100 2337 76 21 quattru
187 2334 125 22 scherzacani;

43 2359 13 19 ü
61 2365 55 14 merre
120 2361 17 18 si
145 2362 45 17 tene
197 2360 50 19 fieru

42 2385 12 18 E
59 2386 47 19 batte
113 2387 15 18 li
135 2386 73 23 paisani
214 2391 6 17 ;

42 2410 39 21 Face
87 2413 60 18 abusu
155 2413 20 18 di
182 2412 69 22 puteri,

42 2435 89 22 Favurisce
139 2438 8 18 i
154 2437 97 19 furesteri.

42 2479 64 20 Ch’ellu
113 2481 18 18 si
137 2486 25 14 ne
170 2481 47 19 vadi
225 2480 16 19 a’
246 2480 51 19 scola

42 2504 161 24 Bpuderàcustatà

43 2530 75 21 Cos’ell’è
124 2537 14 13 u
145 2533 70 23 troppu
223 2532 48 23 gola,

43 2555 76 21 Cos’ell’è
126 2563 10 13 a
144 2558 113 21 mutualité;

42 2580 123 26 Ch’ell’ampari
172 2585 21 17 la
199 2583 96 23 raggione,

27 2604 88 23 Ghinstizia
119 2614 11 14 e
134 2608 177 19 amministrazione.

41 2652 13 18 A
60 2654 71 19 miseria
139 2656 19 18 di
166 2660 14 13 u
189 2658 55 19 paese

41 2677 44 20 Vene
91 2680 23 18 da
120 2681 20 18 lu
148 2680 131 23 malguvernu.

41 2702 72 22 Faccinu
119 2711 48 18 puru
173 2711 11 14 e
192 2706 28 18 so’
225 2709 61 19 spese,

40 2727 63 22 Badinu
111 2737 47 18 puru
165 2737 13 13 a
184 2731 78 18 caternu
266 2735 6 13 :

41 2752 56 22 Cnm’è
104 2758 62 18 nostra
173 2756 104 25 pruprietà,

42 2778 20 19 Eo
69 2785 27 14 un
103 2782 18 18 ci
129 2787 67 20 vengu,
206 2786 12 14 a
226 2781 51 19 vutà.

131 2810 61 23 (sorte)

437 625 18 18 U
459 626 58 18 babbu
521 627 39 18 solu

367 653 90 18 Puntellu
465 653 20 18 di
493 654 21 19 lu
521 657 77 22 pertitu,

366 678 110 23 Averaghiu
484 680 17 17 ’a
508 682 50 17 resta
566 683 42 18 solu
612 682 10 19 ?

367 703 14 17 E
389 704 99 22 purtantu,
497 707 56 18 unn’è
564 708 83 22 scimitu,

367 728 74 19 Unn’ha
449 730 57 21 tortu,
515 732 37 18 miô
560 733 75 23 figliolu
642 734 5 18 !

366 753 38 18 Mai
411 753 41 19 fece
459 755 21 17 lu
489 757 95 23 stampone

367 778 70 20 Onesla
444 780 132 23 ojust’azione.

368 815 25 19 So
400 817 53 17 statu
460 819 118 23 repartitore,

368 840 119 21 S’insumava
494 843 115 24 disgraziali,

368 866 50 19 Falzi
426 867 63 19 scritti
497 873 10 14 a
515 874 14 13 u
537 873 103 19 percettore

367 891 36 18 Per
411 894 85 17 succorsi
503 895 114 24 dumandati,

367 916 9 18 I
383 917 73 21 pastori
463 919 92 19 s’assisüa

366 941 37 19 Per
411 942 19 18 fà
438 947 68 15 scornu
515 945 109 23 a’parenlia.

366 993 15 17 E
389 994 53 18 tuttu
449 998 25 14 va
481 995 21 18 in
510 997 103 20 decadenza
618 1004 5 13 :

365 1018 105 23 Pruprietà,
479 1021 106 20 abitazioni.

365 1043 35 19 Dio
407 1044 6 18 1
425 1044 20 18 ci
452 1046 64 18 stemu
522 1048 20 17 di
550 1052 97 20 cuseenza,

367 1068 28 19 Cu
403 1074 12 13 e
422 1071 65 18 nostre
499 1073 68 21 porche
575 1075 59 18 azioni
641 1075 6 18 !

366 1094 24 18 Al
398 1095 76 19 diavule
482 1101 15 13 u
504 1098 143 24 stampaghiolu,

366 1120 68 19 Facciu
443 1125 55 16 cume
506 1123 37 19 miô
550 1125 74 22 figliolu
630 1126 5 18 !

419 1151 85 20 L’Orsu
512 1153 112 21 d’Orezza.

380 1245 32 20 A.
422 1244 33 21 la
466 1246 145 24 Fiiseossa

435 1309 15 17 A
460 1308 57 20 l'Onu
523 1310 91 21 d’Orezza.

364 1349 22 19 A
395 1350 21 19 M
418 1354 63 20 livra,
491 1354 28 17 stu
526 1358 47 15 mese
579 1359 68 18 scorsu,

363 1375 38 19 M'è
408 1376 81 19 arrivata
499 1383 12 13 a
520 1378 126 25 l’impruvislu.

364 1401 38 18 Cun
408 1401 74 24 piacere
489 1403 19 18 ci
514 1404 57 23 aghiu
577 1405 48 19 vislu

363 1427 16 17 A
386 1427 66 23 puesia
460 1428 21 18 di
489 1429 40 18 l’Or
528 1435 28 13 su.

362 1494 88 18 Aitinchi
457 1499 27 14 un
494 1497 77 18 treman’
579 1498 34 22 più

363 1519 86 19 Ch’banu
458 1521 62 18 ’ntesu
528 1522 20 18 lu
558 1524 65 18 tenore
628 1523 5 18 !

363 1544 31 19 Ma
401 1545 19 19 la
428 1547 65 17 nostra
498 1547 91 22 giuventù

362 1569 50 20 Eace
420 1575 75 18 sempre
500 1577 47 18 gran
552 1573 71 23 furore,

364 1595 35 19 Poi
407 1596 18 18 si
432 1596 63 23 lampa
503 1601 11 14 a
521 1598 67 19 bracce
595 1601 52 17 stese

362 1622 18 17 A
387 1622 52 17 collu
448 1626 12 13 a
466 1622 47 18 zizìa
522 1623 96 19 Marianna
623 1630 6 17 ;

362 1646 31 19 Ma
400 1647 53 23 però,
462 1647 36 18 ella
506 1648 95 23 s’inganna

363 1672 15 18 E
385 1677 49 19 paga
442 1673 49 18 tutte
498 1673 18 18 le
524 1678 60 18 spese.

363 1746 125 23 Cursichella,
495 1749 50 22 poc’a
552 1753 48 18 pocu

362 1772 60 19 Resta
428 1773 41 17 sola
476 1777 11 13 e
495 1774 108 18 scunsulata
608 1779 6 17 ;

363 1797 57 19 Nimu
428 1797 101 20 difendelu
536 1799 43 18 locu

363 1823 28 18 Nè
398 1824 20 18 la
424 1824 51 17 terra
483 1829 36 13 cun
520 1829 52 14 sacra
572 1826 25 17 ta.

363 1849 15 17 E
386 1849 48 20 cusij
442 1853 44 18 près
489 1850 25 21 tu,
524 1850 19 18 si
550 1854 61 19 spera,

363 1873 79 19 S’ell’un
448 1875 18 17 ci
472 1875 18 18 si
498 1876 58 17 mette
563 1876 58 21 mani,

363 1899 35 19 ’Nu
405 1900 20 18 le
432 1900 58 22 pievi,
499 1901 32 17 ’nu
539 1901 14 17 li
560 1901 53 22 piani

363 1924 105 25 Giregnerà
473 1925 138 23 Mammapiera.

351 1991 73 19 Perché
433 1991 210 22 nunm’haiehiamatu,

363 2016 16 19 O
383 2017 59 22 pueta
449 2017 132 22 scugniseiutu
585 2016 10 19 ?

362 2042 47 18 Près
411 2043 27 20 tu,
447 2042 79 18 t’averia
534 2042 88 18 mandatu

341 2067 82 19 Ghiente
426 2067 83 22 sguâltra
514 2071 12 14 a
529 2067 49 18 datti
582 2067 17 22 aj
602 2069 21 16 ut
624 2072 18 14 u.

361 2094 72 20 Allora,
441 2093 23 17 lu
470 2092 39 19 fier
514 2098 10 11 <r
529 2093 91 18 Muvrone
625 2099 16 16 »,

361 2118 115 19 Saltendune
483 2118 21 18 in
511 2117 38 19 San
555 2118 86 21 Petrone,

361 2143 29 19 Cu
397 2145 21 17 la
425 2144 27 17 so’
460 2143 68 18 bianea
534 2143 90 18 bandiera

361 2169 105 23 Spazzerìa’
475 2169 58 18 turba
541 2169 99 18 straniera.

360 2238 35 19 Poi
403 2239 21 18 di
431 2243 50 18 puru
489 2243 12 13 a
507 2238 45 18 tutti
560 2238 72 22 quanti,

360 2264 67 21 Pelru,
434 2263 62 19 Paulu
503 2268 10 13 e
519 2263 89 22 Martinu,

361 2289 55 19 Ch’io
420 2289 70 18 nunmi
494 2290 60 17 mettu
557 2289 16 18 li
576 2289 66 23 guanti

360 2315 37 18 Per
403 2315 99 23 flagellalli
506 2315 21 17 lu
535 2314 61 22 spinu.

361 2340 80 22 Oramai,
450 2344 12 14 a
469 2340 22 18 lu
498 2340 85 21 duvellu,

360 2366 79 23 Sempre
448 2370 25 14 cu
480 2366 21 17 te
509 2370 24 13 ne
541 2365 88 23 seraghiu
634 2370 6 17 ;

359 2392 15 18 E
382 2392 43 18 cusî
433 2391 133 23 t’ajuteraghiu

359 2416 72 19 Perché
444 2417 18 18 si
470 2416 61 20 Corsu
538 2421 11 13 e
556 2416 83 19 fratellu.

359 2462 41 20 Car’
409 2463 63 18 amicu
480 2462 149 24 incugnisciutu,

360 2488 34 19 Giò
402 2489 35 18 ebe
442 2492 60 18 possu
508 2487 20 19 fà
535 2487 93 23 feraghiu,

359 2514 16 18 E
382 2518 76 18 sempre
466 2513 16 18 ti
490 2513 137 23 manderaghiu

359 2539 28 19 Lu
395 2539 38 19 miô
441 2539 58 18 cert’e
506 2538 118 23 franc’ajutu.

358 2565 80 23 Dunqpe
446 2564 103 18 unn’abbia
556 2564 74 21 timoré,

358 2591 17 18 A
383 2591 18 18 la
409 2590 61 23 prima
477 2589 98 19 occasione

357 2616 92 19 Affaccati
456 2620 12 14 a
473 2615 38 19 San
516 2616 79 18 Petrone
600 2620 6 17 ;

357 2642 37 18 Per
401 2641 128 22 chiamammi,
538 2641 19 18 fà
563 2641 76 18 rimore.

356 2697 53 18 Tutti
418 2695 74 23 quanti,
501 2696 21 18 sò
527 2695 70 22 sicuru,

356 2722 10 18 I
374 2723 114 18 metteremu
495 2725 11 14 a
513 2722 21 17 lu
543 2725 63 19 passu.

357 2748 55 19 Duve
419 2747 67 23 vogliu
491 2751 60 18 passa,
560 2751 64 18 passu,

359 2773 95 24 Ch’aghiu
460 2773 22 18 lu
493 2772 82 19 cerhellu
583 2772 56 18 duru.

491 2805 126 19 L’Aitincu.

748 509 154 32 Risposta

789 576 15 17 A
813 581 13 13 u
833 577 127 19 Piubbitacciu

697 611 29 18 Un
733 612 106 21 bentulellu
846 616 91 19 muvrinu

697 636 27 19 Ha
732 638 81 20 suffiatu
821 645 12 13 a
840 641 19 18 la
866 642 38 18 miô
914 643 55 21 porta
974 647 6 12 :

697 661 104 22 Fumadore
808 667 105 21 canterinu,

696 687 72 20 Perché
775 690 51 18 circà
834 692 64 18 strada
905 692 65 19 torta?

696 711 85 21 Essendu
788 716 41 17 cusî
837 716 71 22 bicinu,

696 737 59 20 Pudie
763 740 58 22 piglià
828 742 106 19 all’accorta
940 742 5 17 !

696 788 57 20 Forse
761 791 44 18 avie
812 796 59 18 peura

695 813 66 20 D’esse
768 817 49 18 male
824 818 89 18 ricevutu
918 817 9 19 ?

696 838 55 23 Orsu,
761 841 17 17 si
784 841 6 18 !
799 847 31 13 ma
836 847 35 18 per
878 844 68 22 figura.

674 863 93 20 ’Ndehlun
770 871 22 13 so
795 871 68 15 mancu
867 867 113 24 pillicciutul

695 890 17 17 A
720 890 38 19 miò
766 892 51 22 tana,
825 897 12 13 o
845 895 63 20 pueta,

695 915 95 22 Apertura
798 919 73 18 unn’ha
878 919 81 19 sécréta.

695 972 45 18 Béni
748 978 51 17 puru
806 974 134 23 francamente,

694 997 112 21 Passeremu
813 1005 40 13 una
860 1001 69 17 serala.

694 1022 25 19 Ti
726 1024 23 18 dò
758 1029 56 18 cena;
823 1026 110 21 solamente,

694 1047 31 19 Un
731 1050 51 17 terne
793 1050 19 18 la
820 1051 115 22 sulaghiata,

695 1072 15 18 E
717 1078 26 13 un
751 1076 64 21 pensà,
824 1076 24 22 pè
856 1076 8 18 i
873 1077 23 17 to’
902 1075 78 23 piaeeri,

673 1097 88 25 Ghiugne
766 1104 11 14 a
783 1100 89 23 tinghieci
874 1100 68 19 sumeri
946 1101 34 22 /(1)

695 1149 24 19 Sò
727 1151 64 18 zoticu
799 1152 20 17 di
827 1153 70 17 natura
904 1156 6 13 :

691 1178 148 24 Piubbitacciu,a
842 1180 138 22 me,nunbasta.

695 1203 33 19 Sta
733 1204 65 22 firma,
807 1207 61 20 certu,
877 1205 85 19 assicura

695 1229 35 17 Chi
737 1231 24 16 tu
766 1230 17 18 si
791 1230 22 18 di
819 1231 51 18 bona
877 1231 61 22 pasta.

694 1254 76 19 Benchè
777 1256 20 17 ci
805 1256 29 18 sia
842 1255 116 21 ’bersuratu,

695 1279 16 18 U
718 1281 20 17 to
746 1285 57 14 nome
810 1286 26 13 un
845 1280 37 19 m’è
890 1281 90 18 fermatu.

695 1334 14 18 E
717 1336 96 21 purtantu,
822 1335 22 18 in
851 1333 84 22 Alesani,

695 1359 38 19 S’io
740 1360 152 23 cin’aghiucolla
899 1358 81 19 efala!...

695 1384 21 19 Cl
724 1387 91 17 cunuscìa
823 1390 50 14 ancu
881 1385 7 18 i
895 1384 43 19 cani

695 1411 80 21 Quandu
782 1412 20 18 ci
808 1412 75 18 andava
895 1411 17 18 a’
920 1410 60 20 scola,

694 1436 14 18 E
715 1437 22 17 in
743 1437 158 21 Piobbeta,nantu
905 1436 9 17 i
919 1435 60 21 denti,

695 1461 22 19 Ci
724 1462 59 25 aghiu
791 1462 87 23 parecch]
887 1461 82 23 parenti.

693 1513 71 23 Tempu
771 1514 58 18 finita
838 1519 12 13 a
857 1514 87 21 raccolta,

693 1539 77 19 Précisa
776 1540 20 18 la
803 1541 20 16 to
831 1539 107 19 cumanda..

694 1565 17 17 A
717 1565 41 17 voli
766 1565 67 18 diritta
841 1570 12 13 o
860 1567 56 16 torta.

671 1589 68 24 Liscia,
747 1591 43 17 seul
791 1591 20 17 tu
812 1591 48 18 rat’o
868 1595 12 13 a
887 1588 93 26 ghianda?

694 1616 36 22 Ma,
737 1616 104 18 unn’abbia
848 1615 121 24 pratensione

693 1641 23 17 Di
724 1642 114 22 pagammila
845 1642 21 18 in
874 1645 83 15 canzone
961 1640 6 19 !

692 1697 16 17 A
716 1696 29 18 sai
753 1696 32 18 chi
793 1701 12 13 a
812 1697 41 17 vita
861 1696 11 19 è
880 1700 49 17 cara,

692 1721 14 18 E
714 1727 15 12 u
735 1723 97 17 marcante
836 1722 21 18 di
864 1721 101 24 paghielle,

691 1748 17 16 A
715 1752 50 16 sera,
774 1748 58 18 unn’è
840 1748 58 18 micca
906 1751 43 14 rara

692 1771 74 19 Ch’ellu
773 1773 82 23 stringhj
863 1774 20 17 le
892 1772 78 19 budelle

693 1797 26 18 Mi
726 1798 53 22 piace
786 1799 20 17 la
813 1799 67 21 puesia

692 1824 30 18 Ma
729 1824 54 23 prim’
792 1824 12 18 è
812 1824 20 18 la
840 1823 102 23 magneria.

744 1857 86 19 L’Orsu
839 1857 115 19 d’Orezza.

686 1906 19 18 (1)
713 1906 98 18 Espressione
823 1906 71 17 ridicula,
906 1909 27 11 ma
944 1909 22 11 no
966 1909 11 10 u

669 1925 108 19 àisprezzante,
784 1926 102 15 aU’indirizzii
891 1925 16 16 di
917 1925 61 15 Pinbbi-

669 1946 43 14 tacci.

671 2024 115 21 Stalbntogbj

742 2062 32 25 U
786 2062 117 26 Calore

690 2121 76 18 Pilorzu
774 2121 39 22 chi,
822 2122 80 21 d’aostu,
911 2126 12 13 a
930 2121 46 18 s’at-

667 2146 77 23 tippava
748 2147 75 22 per’ssa
827 2147 72 22 Rampa
903 2150 34 19 per
941 2151 35 13 an-

667 2172 25 17 dà
698 2172 21 17 in
725 2171 37 19 San
767 2172 62 18 Roccu
834 2172 20 18 di
859 2172 117 21 Rennu,via-

667 2197 69 23 ghiava
754 2199 79 17 accantu
847 2202 12 13 a
869 2202 38 14 una
919 2197 56 18 Bàlu-

667 2222 202 24 gnesa,freseaquante
876 2222 98 22 bella,eun

667 2248 52 23 sapìa
732 2252 58 14 cumu
803 2248 20 18 fà
837 2248 23 23 pè
874 2247 74 19 azzincà
963 2253 11 13 a

667 2274 153 18 cuaversazione.

689 2300 28 18 Ad
725 2304 27 13 un
760 2300 67 20 trattu,
845 2298 130 23 incuraggitu-

667 2325 25 22 si,
700 2325 46 18 fece.

690 2360 22 5 —
721 2350 38 19 Chi
767 2350 62 18 calore
834 2350 6 18 !

689 2376 64 19 Tandu
762 2376 63 22 quella
831 2381 6 13 :

689 2411 22 4 —
716 2401 15 19 E
736 2406 28 13 un
771 2402 42 18 sete
818 2401 94 18 cuntentu
917 2399 10 19 ?

688 2436 23 5 —
718 2427 131 22 Manc'appena
854 2426 5 18 !
878 2426 15 18 E
905 2426 68 22 parchi

666 2453 93 18 vulariate
767 2452 42 18 eh’e
814 2452 28 18 sia
848 2452 92 18 cuntentu
944 2450 11 19 ?

687 2487 24 5 —
717 2478 69 18 Parchi
793 2477 108 19 altrimente
906 2477 66 18 unn’a-

666 2504 73 19 varlate
744 2503 90 23 sappiutu
842 2503 32 18 chi
879 2503 19 18 di
902 2501 25 24 pè
930 2507 43 18 par-

666 2530 72 18 lammi.

1007 169 104 23 Cullana
1121 171 91 22 storici
1227 171 27 22 di
1265 171 24 22 A
1300 172 90 23 Muvra

1059 222 25 37 A
1103 224 157 45 Cunquista
1277 226 141 37 Francese

1142 279 30 35 di
1190 292 17 24 a
1226 281 119 37 Gorsica

1056 333 47 29 (Da
1113 342 31 15 un
1161 335 121 24 Giurnale
1293 339 25 20 di
1329 338 103 28 l'Epuca)

1089 403 81 17 Numéro
1176 403 26 17 du
1209 405 93 18 vendredi
1309 405 21 18 17
1339 405 76 19 Février
1422 406 51 18 1769.

1081 446 38 22 De
1132 447 90 28 Genes,
1235 449 23 21 le
1270 456 13 22 7
1293 449 111 24 Février.

1033 490 21 21 Il
1066 494 37 19 est
1114 492 63 22 donc
1181 493 87 22 décidé
1280 500 48 22 que
1332 494 142 23 l’Historien

1006 520 43 23 des
1056 522 98 26 Corses,
1159 524 37 21 les
1207 524 51 21 fera
1264 526 212 22 continuellement

1006 552 53 28 agir
1077 554 70 21 selon
1164 554 24 21 le
1202 555 107 27 système
1317 557 58 26 qu'il
1388 563 14 15 a
1423 557 52 27 pris

1007 588 30 15 en
1062 587 171 25 commençant
1252 591 47 16 son
1318 592 115 22 ouvrage,
1453 588 22 20 &

1007 614 59 26 qu'il
1076 620 32 16 ne
1120 616 36 21 les
1166 616 101 22 laissera
1276 617 86 26 jamais
1373 623 32 17 un
1424 623 51 16 mo-

1006 646 68 20 ment
1093 651 30 15 en
1143 650 82 23 repos.
1239 646 56 23 Une
1314 648 80 22 action
1413 647 63 22 n’est

1006 680 43 21 pas
1058 676 81 26 plutôt
1146 675 66 27 finie,
1223 683 48 21 que
1282 679 69 21 selon
1361 678 43 26 lui,
1417 679 19 21 il
1444 684 31 15 en

1006 706 104 21 succède
1129 712 49 16 une
1199 709 77 25 autre,
1295 708 23 21 &
1330 708 48 23 l’on
1397 709 79 21 auroit

1005 736 83 22 raison
1105 737 31 21 de
1147 737 61 27 dire,
1216 739 21 20 si
1248 740 38 20 les
1293 739 86 23 choses
1387 745 27 16 se
1421 746 54 21 pas-

1006 767 80 22 soient
1093 769 70 21 telles
1169 769 60 26 qu’il
1238 770 37 21 les
1282 773 105 19 raconte:
1396 771 78 28 Quoi,

1005 799 83 20 sortir
1099 799 62 21 d'un
1169 800 102 22 c-ouibat
1281 800 24 21 &
1314 802 138 22 combattre
1461 801 15 22 à

1007 827 125 24 Vi?istant.
1143 828 25 22 Si
1180 829 51 22 l’on
1243 831 113 23 calculoit
1365 833 23 21 le
1408 838 68 16 nom-

1006 859 43 22 bre
1061 860 44 21 des
1116 862 79 20 morts
1207 860 58 28 qu’il
1275 867 18 23 y
1304 868 13 15 a
1326 868 30 16 eu
1367 863 33 21 du
1423 862 54 22 côté

1006 890 43 21 des
1061 889 116 27 François
1200 892 62 21 celui
1279 893 43 21 des
1341 892 94 23 blessés
1454 893 23 22 &

1006 921 63 21 celui
1084 921 43 22 des
1140 921 162 27 prisonniers,
1309 923 64 22 .dans
1384 924 36 21 les
1439 924 38 20 di-

1006 957 86 15 verses
1103 951 83 22 action
1198 952 60 27 qu’il
1269 954 34 20 lui
1316 960 12 15 a
1337 955 40 26 plu
1392 954 30 21 de
1436 953 39 22 dé-

1004 982 91 25 tailler,
1109 983 18 20 il
1146 982 143 23 excèderoit
1305 985 31 21 de
1350 985 126 27 beaucoup

1005 1013 23 20 la
1037 1011 110 29 quantité
1156 1012 44 22 des
1209 1013 110 28 Troupes
1331 1016 40 26 qui
1384 1017 44 20 ont
1438 1015 38 22 été

1006 1042 126 29 envoyées
1143 1043 60 22 dans
1213 1044 75 22 l'Isle.
1298 1045 22 22 Il
1327 1046 70 21 vient
1404 1051 73 16 enco-

1007 1079 26 16 re
1045 1079 31 16 en
1094 1074 99 21 dernier
1203 1075 52 21 lieu
1267 1075 31 22 de
1309 1078 110 26 raporler
1428 1082 48 15 une

1006 1105 115 21 nouvelle
1129 1104 82 22 action
1220 1106 50 26 qui,
1280 1106 72 26 dit-il,
1360 1106 58 22 s’est
1422 1112 55 21 pas-

1007 1133 40 23 sée
1052 1133 99 24 kPonte
1158 1135 28 21 di
1192 1134 107 24 Bivinco
1307 1137 22 21 le
1335 1143 26 23 25
1368 1137 106 27 Janvier,

1007 1164 22 23 &
1040 1165 18 22 il
1066 1165 44 22 fait
1118 1171 74 22 grâce
1203 1172 47 16 aux
1259 1166 113 29 François
1382 1174 30 15 en
1421 1168 55 21 bor-

1006 1199 59 18 nant
1075 1196 14 21 à
1101 1195 105 23 environ
1225 1202 42 17 100
1278 1198 24 21 le
1313 1199 100 21 nombre
1431 1199 44 21 des

1006 1228 78 20 morts
1096 1232 32 16 ou
1147 1227 44 21 des
1201 1226 95 24 blessés
1303 1235 7 19 ;
1326 1229 65 22 voici
1410 1235 66 15 com-

1006 1263 39 15 me
1057 1257 19 21 il
1086 1259 99 20 raconte
1197 1258 23 21 le
1231 1257 56 23 fait:

1035 1287 71 23 «Une
1123 1288 105 22 colonne
1240 1289 31 21 de
1288 1288 90 24 Corses
1396 1289 80 23 s’étoit

1007 1318 107 22 avancée
1124 1324 58 16 vers
1193 1319 120 28 Biguglia,
1322 1327 63 21 pour
1393 1320 83 22 tâcher

1007 1348 31 22 de
1044 1348 62 23 faire
1114 1349 103 27 quelque
1223 1350 116 28 surprise;
1346 1351 59 22 mais
1411 1357 64 16 com-

1006 1385 40 16 me
1054 1380 32 21 ils
1097 1381 88 20 savent
1199 1380 71 28 qu’ils
1282 1384 43 19 ont
1336 1388 28 15 en
1382 1383 48 21 tête
1441 1389 33 15 un

1007 1411 99 21 ennemi
1114 1410 62 22 actif
1180 1410 24 22 &
1213 1411 113 28 vigilant,
1338 1413 30 21 ils
1379 1419 31 16 ne
1422 1413 54 22 font

1006 1441 53 22 rien
1066 1441 14 22 à
1087 1442 24 21 la
1119 1440 143 30 précipitée.
1273 1442 33 23 Ils
1315 1445 98 21 avoient
1419 1445 56 21 lais-

1006 1472 26 22 sé
1051 1479 49 16 une
1120 1475 70 20 autre
1206 1475 105 21 colonne
1331 1474 15 23 à
1364 1481 28 17 ce
1410 1476 64 22 Pont

1005 1510 64 21 pour
1079 1510 97 17 assurer
1185 1505 55 21 leur
1247 1506 98 21 retraite
1353 1512 30 16 en
1395 1512 40 16 cas
1442 1507 31 22 de

1005 1535 98 23 besoin.
1124 1535 103 23 Comme
1241 1542 39 18 .on
1299 1539 40 19 eut
1355 1537 52 22 avis
1418 1537 14 22 à
1450 1538 24 21 la

1005 1566 82 22 Bastia
1097 1567 31 21 de
1138 1567 55 21 leur
1199 1567 106 27 marche,
1318 1573 31 17 on
1362 1568 28 22 fit
1400 1569 75 21 sortir

1005 1597 105 22 aussitôt
1121 1603 32 16 un
1166 1597 78 28 Corps
1255 1598 32 22 de
1303 1599 54 27 plus
1368 1600 30 21 de
1419 1605 55 16 1000

1004 1628 120 27 hommes,
1134 1627 54 24 <&le
1201 1628 178 24 Commandant
1387 1632 41 20 eut
1434 1636 40 16 or-

1005 1659 43 22 dre
1059 1659 31 21 de
1099 1659 94 28 prende
1205 1666 43 21 par
1257 1660 24 22 la
1292 1661 92 28 gauche
1395 1661 79 23 deBi-

1003 1690 65 28 gulia
1089 1696 31 16 en
1131 1690 76 22 tirant
1217 1691 66 22 droit
1302 1698 29 16 au
1343 1692 68 27 Pont,
1424 1693 49 22 afin

1004 1721 175 29 d’envelopper
1191 1723 37 21 les
1241 1722 97 23 Corses.
1351 1724 32 22 Le
1393 1724 81 29 projet

1003 1758 31 16 ne
1063 1752 106 28 pouvoit
1182 1754 53 21 être
1245 1754 83 23 mieux
1347 1755 124 29 concerté;

1004 1783 38 22 s'il
1055 1785 42 20 eut
1108 1783 88 27 réussi,
1209 1784 18 22 il
1239 1787 38 20 est
1286 1786 89 22 certain
1385 1792 47 23 que
1436 1788 37 21 les

1005 1813 89 23 Corses
1131 1814 126 24 n'avoient
1283 1817 70 26 point
1381 1817 92 24 d’autre

1003 1845 62 28 parti
1083 1844 14 23 à
1116 1845 93 28 prende
1229 1852 47 22 que
1305 1849 66 24 celui,
1393 1849 30 22 de
1445 1856 28 15 se

1003 1877 87 22 rendre
1101 1876 14 22 à
1123 1877 141 27 discrétion,
1267 1878 33 22 où
1311 1879 30 22 de
1352 1886 26 16 se
1387 1881 86 22 laisser

1002 1904 82 25 tailler
1092 1913 30 16 en
1142 1907 92 28 pièces,
1258 1911 99 22 attendu
1371 1913 24 21 la
1404 1913 69 26 posi-

1001 1939 53 21 tion
1066 1938 35 22 où
1120 1939 30 22 ils
1162 1944 27 16 se
1206 1941 149 28 trouvoient,
1374 1942 99 30 n’ayant

1002 1970 68 27 point
1086 1969 93 22 d’autre
1191 1970 98 24 endroit
1307 1978 61 22 pour
1376 1980 26 16 se
1412 1976 60 21 reti-

1002 2006 39 16 rer
1051 2006 49 22 que
1111 2006 45 23 par
1166 2001 24 21 le
1206 2001 64 23 Pont
1281 2004 42 27 qui
1331 2007 76 21 esten
1418 2005 54 24 face

1003 2031 43 22 des
1060 2031 89 22 hautes
1160 2031 22 22 &
1200 2035 169 23 inaccessibles
1379 2040 94 20 monta-

1002 2067 60 23 gnes
1083 2063 41 27 qui
1136 2064 58 21 sont
1213 2063 31 22 de
1262 2070 29 16 ce
1310 2066 93 24 côté-là.
1427 2069 44 22 Les

1003 2091 90 24 Corses
1105 2094 41 27 qui
1159 2092 93 24 étoient
1264 2096 77 23 restés
1352 2104 61 22 pour
1430 2100 42 23 dé-

1001 2123 87 22 fendre
1104 2125 23 21 le
1141 2123 72 27 Pont,
1225 2129 94 26 voyant
1337 2131 135 26 approcher

1001 2155 36 20 les
1045 2154 123 28 François,
1178 2156 102 23 allèrent
1288 2158 13 21 à
1309 2159 53 22 leur
1369 2166 102 18 rencon-

1000 2187 45 23 tre,
1057 2185 24 22 &
1091 2186 37 21 les
1139 2186 225 28 attaquèrent,avec
1373 2192 54 22 leur
1433 2193 37 22 in-

1000 2215 116 28 trépidité
1129 2216 138 28 ordinaire;
1288 2220 32 22 ils
1330 2221 82 24 furent
1431 2229 40 17 se-

1000 2246 90 22 condés
1101 2253 45 21 par
1154 2253 63 17 ceux
1227 2250 42 26 qui
1278 2250 112 25 s’étoient
1397 2259 74 18 avan-

1001 2276 26 22 cé
1036 2283 57 16 vers
1105 2278 123 29 Biguglia,
1247 2280 23 22 &
1281 2281 136 30 obligèrent
1433 2287 36 21 les

1000 2308 115 29 François
1128 2309 14 22 à
1154 2314 27 17 se
1201 2311 94 23 retirer.
1312 2313 105 25 L’action
1433 2316 37 24 fut

1000 2339 29 21 de
1041 2345 49 21 peu
1101 2340 30 21 de
1144 2340 84 27 durée,
1241 2341 22 23 &
1275 2349 33 16 on
1320 2350 30 17 en
1359 2346 59 29 juge
1425 2354 44 21 par

999 2370 21 21 le
1041 2370 71 22 butin
1132 2377 46 21 que
1190 2371 72 24 firent
1278 2375 37 21 les
1328 2376 87 23 Corses
1424 2384 6 16 :
1448 2380 20 21 il

998 2400 38 22 n’a
1047 2401 109 22 consisté
1167 2402 72 28 qu’en
1251 2410 28 23 29
1288 2405 69 24 fusils
1365 2408 22 22 &
1400 2410 67 26 quel-

998 2436 59 23 ques
1068 2435 118 19 montres.

1024 2461 45 23 Tel
1086 2465 38 20 est
1133 2464 25 20 le
1178 2463 75 24 détail
1264 2466 31 22 de
1313 2467 97 25 l’affaire
1432 2472 32 21 du

998 2498 25 23 25
1039 2493 42 28 qui
1101 2499 97 17 comme
1215 2495 50 23 l’on
1284 2499 54 22 voit
1350 2503 37 20 est
1406 2502 59 22 bien

997 2524 111 22 modeste
1124 2527 64 20 cette
1200 2526 68 24 foi-ci
1278 2535 6 20 ;
1304 2530 35 22 les
1357 2535 108 20 montres

998 2555 79 26 prises
1100 2555 130 29 indiquent
1254 2562 136 25 cependant
1407 2563 57 27 qu’il

996 2585 148 29 doityavoir
1152 2592 30 16 eu
1191 2588 43 22 des
1242 2588 113 26 Officiers
1365 2593 100 27 tués,les

996 2615 94 23 Soldats
1097 2623 32 16 ne
1141 2620 58 20 sont
1209 2620 89 27 guères
1315 2628 108 22 pourvus
1435 2626 30 21 de

994 2652 40 16 ces
1046 2649 81 21 sortes
1144 2648 31 22 de
1186 2651 119 23 meubles.
1318 2653 61 23 Mais
1396 2656 67 22 voici

994 2677 63 22 celui
1077 2678 31 22 de
1127 2678 101 24 l’affaire
1249 2682 32 22 de
1300 2682 80 31 Borgo
1405 2687 59 22 telle

992 2707 90 28 qu’elle
1091 2709 61 23 s’est
1162 2710 146 26 réellement
1316 2716 91 26 passée.

1020 2738 81 29 Borgo
1108 2743 38 20 est
1157 2747 32 15 un
1196 2747 58 23 gros
1265 2743 96 30 Village
1367 2746 97 29 éloigné

993 2769 131 23 d’environ
1141 2772 63 21 trois
1214 2773 79 23 lieues
1304 2775 24 22 &
1343 2777 80 22 demie
1433 2780 30 20 de

991 2800 23 21 la
1032 2800 83 23 Bastia
1134 2808 32 16 au
1185 2804 60 26 pied
1255 2806 44 22 des
1308 2807 153 29 Montagnes,

1499 168 73 27 ayant
1580 172 31 15 en
1622 164 52 22 face
1683 163 14 22 à
1709 169 47 22 peu
1768 163 30 21 de
1811 163 109 21 distance
1937 160 31 22 du

1500 196 54 22 côté
1573 197 32 21 du
1622 195 62 23 Midi
1701 194 89 28 l'étang
1807 194 30 22 de
1848 192 120 29 Biguglia.

1501 227 40 22 On
1551 234 19 22 y
1579 227 69 22 avoit
1659 225 71 28 posté
1746 224 148 22 l’Infanterie
1906 223 30 21 de
1947 223 23 21 la

1501 257 199 29 Légion-Royale
1707 262 61 15 avec
1777 256 43 21 des
1830 255 99 26 Piquets
1940 253 30 21 de

1501 289 150 21 Grenadiers
1662 287 23 21 &
1696 287 31 21 de
1739 286 135 22 Chasseurs
1887 285 30 20 de
1933 284 37 20 di-

1499 325 58 15 vers
1576 319 144 28 Régimens,
1749 323 59 16 sous
1825 317 37 21 les
1885 315 85 21 ordres

1501 350 33 20 du
1557 349 132 22 Chevalier
1710 348 33 21 du
1768 348 76 21 Ludre
1867 345 104 22 Colonel

1502 380 180 22 Commandant
1698 379 31 21 de
1739 379 24 20 la
1776 377 101 29 Légion,
1889 382 29 16 ce
1930 375 40 28 qui

1501 411 102 21 formoit
1615 416 32 16 un
1657 409 80 27 Corps
1749 409 31 20 de
1792 408 42 22 600
1844 408 112 21 hommes
1962 413 7 19 ;

1501 448 61 14 mais
1582 437 18 25 ii
1617 439 88 23 n’étoit
1724 440 70 26 point
1816 444 67 16 assez
1901 442 71 16 nom-

1501 472 78 21 breux
1588 477 64 22 pour
1663 475 105 22 occuper
1774 471 54 20 tout
1834 470 23 21 le
1863 468 106 27 Village,

1500 502 23 22 <&
1532 503 59 21 dans
1600 503 64 21 cette
1672 501 169 21 circonstance
1848 505 32 16 on
1891 497 81 23 s’étoit

1501 532 116 22 contenté
1637 532 30 20 de
1691 531 143 21 retrancher
1849 535 28 16 ce
1896 528 74 28 qu’on

1501 563 106 27 pouvoit
1618 562 86 29 garder
1714 562 56 27 plus
1781 561 129 21 aisément.
1927 559 44 22 Les

1502 593 197 22 retranchemens
1712 598 31 15 en
1755 590 216 23 renfermoientun

1501 630 48 21 peu
1559 624 56 27 plus
1627 623 30 20 de
1668 623 23 21 la
1702 620 95 25 moitié,
1810 621 22 22 &
1843 622 33 21 ils.
1884 619 85 22 s’éten-

1502 655 86 21 doient
1598 654 33 21 du
1643 651 54 23 côté
1707 653 31 21 de
1750 653 23 20 la
1784 652 83 21 Bastia
1875 650 95 28 jusqu’à

1502 691 47 15 une
1570 685 97 22 Maison
1691 682 101 28 quarrée
1809 682 22 21 &
1850 680 119 28 flanquée,

1502 715 32 22 où
1542 715 34 21 M.
1584 716 33 21 du
1623 714 77 22 Ludre
1707 713 69 21 avoit
1783 712 72 28 posté
1861 718 33 15 un
1904 711 68 22 Lieu-

1501 747 85 20 tenant
1596 750 61 17 avec
1670 750 25 22 15
1710 743 122 22 hommes.
1845 743 20 22 Il
1872 748 19 23 y
1906 742 66 22 avoit

1502 781 88 17 ancore
1599 781 49 16 aux
1658 773 142 23 extrémités
1811 780 48 15 une
1868 773 103 27 Chapel-

1501 808 25 20 le
1540 805 107 23 fortifiée
1659 805 32 22 où
1707 804 51 22 l’on
1770 805 68 21 avoit
1848 804 66 22 aussi
1924 804 47 21 mis

1503 839 103 26 quelque
1615 837 98 24 monde,
1721 835 23 21 &
1754 836 24 21 le
1785 837 64 20 reste
1858 834 43 23 des
1910 834 62 22 Mai-

1503 874 58 16 sons
1569 867 63 23 étoit
1641 865 169 23 abbandonné.

1530 899 76 25 Paoli,
1627 898 42 27 qui
1681 897 102 22 connoit
1801 896 171 28 parfaitement

1502 931 69 20 toute
1590 930 23 21 la
1630 930 86 19 nature
1728 927 32 20 du
1775 927 91 22 terrein
1879 927 31 20 de
1926 931 45 16 son

1504 960 63 26 Païs,
1588 957 106 24 informé
1712 958 31 21 de
1760 958 23 21 la
1799 957 109 28 position
1928 957 43 21 des

1503 989 120 30 François,
1633 988 74 28 jugea
1718 987 60 28 qu’il
1791 987 110 28 pourroit
1911 986 61 22 aisé-

1502 1023 68 20 ment
1578 1027 26 16 se
1621 1021 71 26 loger
1708 1024 58 16 sous
1777 1020 37 21 les
1832 1018 139 22 retranche-

1503 1057 70 16 mens
1593 1056 57 17 sans
1670 1051 51 20 être
1733 1049 84 28 obligé
1828 1049 54 22 d’en
1900 1049 73 21 venir

1503 1088 47 16 aux
1561 1082 88 24 mains,
1656 1081 36 21 les
1700 1080 103 27 bloquer
1811 1080 22 22 &
1842 1079 130 22 détourner

1503 1120 30 15 en
1547 1114 155 21 même-tems
1719 1112 25 21 le
1755 1110 122 23 Ruisseau
1888 1110 41 27 qui
1948 1109 22 22 é-

1502 1144 46 22 toit
1559 1143 14 22 à
1581 1149 47 16 une
1635 1141 86 29 portée
1733 1141 30 22 de
1776 1141 85 22 Canon
1872 1141 33 21 du
1919 1140 51 22 Vil-

1502 1175 53 27 lage
1573 1173 23 22 &
1607 1173 42 28 qui
1660 1178 18 23 y
1689 1172 103 22 donnoit
1808 1172 30 22 de
1849 1171 69 22 l’eau.
1939 1171 31 21 Le

1502 1207 68 25 poste
1582 1205 30 21 de
1626 1203 81 28 Borgo
1718 1202 87 22 l’avoit
1814 1202 110 28 toujours
1935 1203 35 20 te-

1502 1242 32 15 nu
1545 1234 70 29 gêné,
1628 1234 19 21 il
1666 1233 94 22 résolut
1771 1233 30 21 de
1816 1232 152 27 l’emporter;

1501 1265 22 23 &
1533 1271 63 22 pour
1606 1264 148 23 l’execution
1765 1264 31 20 de
1808 1268 46 17 son
1864 1263 106 27 projetai

1502 1296 131 22 rassemble
1642 1300 56 22 7000
1703 1294 111 22 hommes
1821 1300 6 19 ;
1835 1299 47 16 une
1890 1294 80 26 partie

1502 1329 37 20 est
1548 1324 129 30 employée
1688 1324 14 22 à
1713 1324 104 27 bloquer
1827 1325 23 21 le
1864 1323 103 28 Village,

1501 1358 22 22 &
1531 1357 84 23 l’autre
1625 1355 12 22 à
1644 1355 88 29 garder
1740 1355 23 21 la
1770 1354 84 22 lisière
1859 1354 44 22 des
1911 1354 58 22 Bois

1501 1389 22 22 &
1543 1389 43 21 des
1604 1387 146 27 Montagnes
1771 1387 41 26 qui
1834 1385 136 22 s'étendent

1498 1418 95 29 jusqu’à
1611 1419 24 21 la
1649 1416 90 25 Bastia,
1759 1416 49 22 afin
1827 1415 143 23 d’observer

1500 1452 36 21 les
1546 1453 161 19 mouvemens
1715 1448 31 21 de
1757 1448 23 21 la
1788 1446 110 23 Ganison
1911 1446 58 28 qu’il

1497 1481 73 28 jugea
1582 1479 89 23 devoir
1684 1478 228 22 immancablement
1928 1483 41 16 ve-

1499 1513 40 21 nir
1558 1518 30 15 au
1599 1514 90 19 secour
1700 1509 31 21 de
1742 1508 91 28 Borgo.
1847 1508 48 22 Ces
1911 1514 58 21 7000

1500 1543 110 22 hommes
1621 1546 32 17 ne
1669 1540 35 22 lui
1717 1539 138 28 paroissant
1865 1544 44 23 pas
1929 1545 41 16 en-

1500 1579 57 17 core
1572 1571 119 26 suffisans,
1712 1571 20 20 il
1746 1570 120 22 assemble
1882 1576 34 15 un
1932 1576 38 16 se-

1500 1604 62 23 cond
1574 1603 80 27 Corps
1670 1601 50 22 très
1729 1601 170 22 considérable
1907 1607 63 22 pour

1499 1635 64 23 tenir
1570 1641 31 15 en
1610 1633 75 22 échec
1693 1633 23 21 la
1729 1631 113 23 Ganison
1854 1630 113 29 d’Oletta,

1499 1667 33 23 où
1543 1664 167 24 commandoit
1721 1663 34 22 M.
1768 1664 31 21 de
1812 1663 156 22 Grand-Mai-

1499 1704 53 21 son,
1564 1697 41 28 qui
1617 1695 106 30 pouvoit
1733 1694 64 22 aussi
1811 1700 26 16 se
1846 1694 99 28 joindre
1955 1694 14 23 à

1499 1730 60 22 celle
1570 1729 31 21 de
1612 1729 23 21 la
1643 1727 82 22 Bastia
1734 1732 62 21 pour
1802 1726 70 23 venir
1883 1731 86 17 secou-

1498 1761 35 22 rir
1543 1761 90 27 Borgo.

1526 1792 47 22 Par
1588 1797 40 16 ces
1640 1789 164 29 dispositions
1826 1789 34 22 M.
1873 1789 33 21 du
1927 1788 43 22 Lu-

1500 1824 42 21 dre
1555 1829 27 16 se
1592 1824 89 20 trouve
1699 1820 163 22 entièrement
1879 1820 90 28 bloqué

1499 1855 30 22 de
1536 1855 55 21 tout
1601 1852 146 26 côté,toutes
1757 1852 37 22 les
1806 1851 164 23 communica-

1498 1886 66 22 tions
1573 1887 57 20 sont
1639 1882 179 29 coupées,l’eau
1826 1885 37 19 est
1874 1882 95 22 détour-

1498 1916 53 28 née,
1564 1917 19 21 il
1593 1914 88 24 n’étoit
1691 1920 44 23 pas
1745 1914 111 28 possible
1864 1914 31 22 de
1905 1915 65 22 tenir

1497 1949 123 28 longtems
1638 1946 61 22 dans
1711 1951 29 17 ce
1760 1945 81 23 Posté.
1855 1945 31 22 Le
1907 1944 63 23 Mar-

1497 1979 55 28 quis
1563 1979 32 22 de
1604 1977 139 23 Chauvelin
1754 1979 74 27 ayant
1838 1976 55 23 avis
1904 1977 31 21 de
1945 1978 24 21 la

1497 2010 118 22 situation
1632 2008 34 22 où
1676 2009 19 20 il
1703 2014 27 16 se
1746 2010 90 20 trouve
1847 2014 27 16 se
1890 2007 80 23 déter-

1497 2042 67 21 mine
1575 2040 15 23 à
1606 2041 25 21 le
1650 2038 122 28 délivrer;
1794 2040 19 21 il
1833 2040 53 22 sort
1898 2039 31 21 de
1946 2040 24 21 la

1497 2071 81 23 Bastia
1589 2071 14 22 à
1609 2072 24 21 la
1640 2071 50 21 tête
1697 2071 31 21 de
1735 2071 23 21 la
1768 2069 202 27 Garnison,chas-

1497 2109 26 16 se
1532 2101 103 24 d’abord
1644 2102 36 21 les
1693 2102 113 21 ennemis
1821 2102 43 21 des
1879 2101 57 22 Bois
1947 2101 22 23 &

1497 2135 43 22 des
1547 2133 148 28 Montagnes
1704 2132 22 22 &
1734 2133 37 21 les
1779 2138 89 22 pousse
1877 2131 92 29 jusqu’à

1497 2166 90 28 Borgo.
1600 2164 22 23 Il
1633 2165 39 21 est
1685 2164 65 22 alors
1762 2164 113 27 question
1894 2164 31 21 de
1933 2164 35 22 les

1497 2196 100 28 déloger
1604 2196 45 22 des
1664 2194 112 23 Maisons
1787 2195 180 26 abandonnées,

1496 2227 33 23 où
1540 2227 18 22 il
1569 2226 118 23 s’étoient
1694 2225 141 23 retranchés
1844 2226 22 22 &
1875 2225 59 28 qu’il
1944 2232 25 15 a-

1495 2259 88 21 voient
1594 2256 133 26 crénelées,
1740 2259 97 20 surtout
1847 2257 75 22 celles
1937 2256 32 23 où

1496 2290 31 21 ils
1538 2289 138 27 pouvoient
1686 2288 55 27 plus
1752 2287 140 23 facilement
1900 2287 69 22 l’em-

1496 2320 90 29 pêcher
1594 2320 31 22 de
1634 2319 99 27 joindre
1745 2319 35 21 M.
1790 2319 32 22 du
1834 2318 88 23 Ludre.
1935 2318 34 23 Ils

1495 2351 103 22 avoient
1616 2356 31 17 en
1666 2350 156 22 même-tems
1833 2349 91 28 bloqué
1945 2351 23 21 la

1494 2382 67 22 Tour
1571 2388 31 16 ou
1617 2381 98 22 Maison
1724 2380 119 28 Quarrée,
1856 2381 22 22 &
1890 2381 18 21 il
1915 2381 54 21 leur

1494 2414 70 21 avoit
1575 2412 39 23 été
1629 2411 109 23 d’autant
1748 2413 55 27 plus
1820 2412 52 22 aisé
1883 2411 31 22 de
1924 2411 44 22 fai-

1493 2450 27 16 re
1532 2446 64 20 cette
1617 2442 137 28 opération,
1775 2443 73 27 qu’ils
1868 2443 101 22 avoient

1494 2474 101 23 d’abord
1604 2472 93 29 occupé
1707 2475 23 21 la
1740 2475 80 26 partie
1832 2475 32 21 du
1869 2473 98 29 Village

1493 2508 112 20 attenant
1622 2505 14 22 à
1653 2505 24 21 la
1696 2504 67 22 Tour
1775 2504 33 22 où
1823 2504 91 23 étaient
1932 2505 36 21 les

1494 2537 99 22 Maison
1603 2535 188 27 abandonnées;
1801 2535 23 23 &
1832 2536 33 22 où
1870 2537 99 21 travail-

1490 2568 52 21 lant
1551 2567 14 22 à
1581 2569 100 20 couvert
1692 2566 23 22 &
1726 2572 55 17 sans
1804 2567 97 22 crainde
1921 2567 48 22 d’ê-

1490 2600 38 22 tre
1541 2596 131 30 inquiétés,
1689 2598 30 22 ils
1725 2598 22 21 la
1756 2598 123 22 minèrent
1892 2598 21 21 &
1919 2597 50 23 for-

1490 2629 84 22 cèrent
1592 2628 97 23 ensuite
1710 2628 79 27 par-là
1800 2630 37 20 les
1854 2628 114 28 François

1490 2660 30 21 de
1529 2659 186 22 l’abandonner.

1519 2689 34 22 M.
1563 2690 31 21 de
1603 2689 70 23 Chau
1679 2690 68 21 velin
1756 2692 74 26 ayant
1838 2689 87 29 délogé
1931 2690 36 22 les

1491 2721 114 22 ennemis
1618 2722 44 21 des
1670 2720 59 22 Bois
1738 2720 22 22 &
1768 2722 44 20 des
1821 2721 147 27 Montagnes

1491 2757 61 16 avec
1562 2758 48 15 une
1630 2751 108 28 rapidité'
1748 2753 159 27 surprenante
1920 2751 46 22 s’a-

1488 2788 80 23 vança
1589 2788 42 17 sur
1640 2782 37 21 les
1700 2782 114 22 Maisons
1830 2781 136 28 crénelées;

1492 2811 23 23 &
1528 2812 95 29 malgré
1633 2812 30 22 le.
1676 2812 41 22 feu
1738 2814 126 22 continuel
1875 2814 43 26 qui
1937 2818 30 16 en

1996 156 218 30 sortoit,quoiqu’il
2221 156 69 22 n’eut
2297 159 72 27 point
2378 160 92 24 d’artil-

1995 190 70 25 lerie,
2079 191 18 20 il
2112 188 50 22 s'en
2174 188 83 21 rendit
2274 190 96 27 maître,
2384 198 27 16 ce
2427 194 42 27 qui

1995 228 32 14 ne
2038 221 44 27 pût
2093 219 135 28 cependant
2236 225 26 15 se
2275 219 61 23 faire
2347 228 56 17 sans
2414 231 58 21 per-

1996 252 44 21 dre
2049 252 32 20 du
2088 250 98 23 monde.
2196 250 21 21 Il
2229 252 53 19 crut
2288 251 68 22 alors
2364 256 107 24 pouvoir

1996 282 110 22 délivrer
2117 281 34 22 M.
2160 282 34 21 du
2203 280 91 27 Ludre;
2303 283 63 22 mais
2373 285 20 21 il
2400 286 70 28 igno-

1995 314 58 24 roit,
2063 314 25 20 &
2098 318 31 16 ne
2139 312 107 27 pouvoit
2256 312 81 22 même
2349 320 32 16 en
2400 318 70 21 avoir

1997 350 93 16 aucune
2101 343 190 25 connoissance,
2305 349 47 22 que
2363 346 37 21 les
2412 347 60 23 Cor-

1997 381 39 15 ses
2048 381 26 15 se
2086 374 94 22 fussent
2192 373 112 28 emparés
2317 375 30 21 de
2359 376 23 21 la
2394 376 76 29 Tour,

1997 405 23 22 &
2037 405 72 28 qu’ils
2120 404 102 22 Tussent
2238 403 90 28 minée,
2346 406 125 29 lorsqu'en

1997 436 151 27 approchant
2158 436 24 20 le
2193 434 42 22 feu
2246 435 30 20 de
2289 435 117 24 l'ennemi
2423 439 47 22 l’en

1997 467 129 21 instruisit.
2144 465 21 22 Il
2184 465 42 28 n’y
2248 466 71 21 avoit
2332 467 88 28 guères
2439 470 31 22 de

1996 495 139 29 possibilité
2147 496 30 21 de
2188 495 50 22 l’en
2252 496 101 24 chasser
2360 504 55 17 sans
2433 507 35 15 ar-

1997 528 98 25 tillerie,
2103 526 144 22 néanmoins
2256 532 33 16 on
2298 528 46 22 alla
2353 528 13 22 à
2374 530 23 21 la
2403 531 68 21 char-

1997 564 31 22 ge
2037 556 97 29 jusqu’à
2144 559 55 26 sept
2210 557 48 22 fois
2266 564 6 19 ;
2291 558 23 21 &
2321 562 95 25 voyant
2427 568 43 15 en-

1997 589 34 21 fin
2043 588 196 27 qu’inutilement
2258 594 33 16 on
2305 589 38 29 s’y
2362 591 110 23 obstine-

1997 619 58 25 roit,
2068 619 19 21 il
2095 620 73 27 jugea
2179 618 61 28 qu'il
2248 619 80 22 falloit
2340 627 27 15 se
2373 623 96 27 retirer,

1997 649 24 21 &
2036 652 116 19 retourna
2164 655 31 15 en
2206 649 114 23 très-bon
2333 652 71 22 ordre
2422 654 14 22 à
2447 655 24 21 la

1997 680 90 27 Bastia,
2099 686 56 16 sans
2175 686 47 22 que
2232 681 37 21 les
2289 680 89 24 Corses
2394 684 20 22 si
2433 691 38 16 su-

1998 710 109 28 périeurs
2116 710 14 22 à
2140 711 34 21 lui
2183 714 104 24 pussent
2293 712 89 27 jamais
2388 714 83 24 l’entâ-

1998 747 61 16 mer.

2025 771 69 23 M.du
2102 771 77 23 Ludre
2183 779 32 16 ne
2223 774 83 27 perdit
2314 781 43 21 pas
2365 781 103 25 courage

1996 808 44 22 par
2049 804 24 20 la
2084 803 98 21 retraite
2190 803 30 22 de
2228 804 35 22 M.
2282 805 31 21 de
2325 805 144 30 Chauvelin,

1998 833 19 21 il
2024 834 89 21 résista
2128 839 89 17 encore
2229 835 67 22 deux
2305 837 70 26 jours
2393 838 14 22 à
2416 841 55 20 tou-

1996 867 38 19 tes
2046 865 36 20 les
2102 866 109 25 attaques
2223 866 44 22 des
2286 866 91 24 Corses
2385 875 6 19 ;
2404 870 67 22 deux

1998 901 58 15 cens
2065 895 114 23 hommes
2191 896 30 22 de
2233 903 40 16 ses
2287 897 111 29 Troupes
2415 902 54 21 ten-

1996 925 80 22 tèrent
2092 926 78 22 même
2182 927 31 21 de
2228 933 27 16 se
2274 928 62 23 faire
2348 929 56 23 jour
2420 938 15 15 a
2445 932 24 22 la

1997 956 149 28 bayonnette
2162 963 31 15 au
2202 958 61 22 bout
2281 959 33 22 du
2334 961 58 22 fusil
2406 968 64 21 pour

1997 987 74 21 sortir
2083 988 30 21 de
2124 987 81 29 Borgo
2214 995 6 19 ;
2234 990 62 22 mais
2304 991 24 21 la
2339 990 74 29 Tour,
2428 993 40 28 qui

1997 1017 67 22 avoit
2074 1018 116 27 empêché
2200 1019 35 22 M.
2248 1020 31 22 de
2292 1021 138 24 Chauvelin
2439 1024 30 21 de

1994 1047 100 28 joindre
2104 1048 34 23 M.
2154 1049 33 22 du
2198 1050 78 23 Ludre
2288 1051 37 24 fut
2337 1059 89 17 encore
2438 1061 32 15 un

1997 1079 109 22 obstacle
2119 1079 14 22 à
2140 1080 55 22 leur
2207 1083 110 22 retraite.
2327 1084 145 28 Cependant

1995 1110 37 21 les
2048 1110 134 22 munitions
2199 1117 27 16 se
2240 1114 146 23 trouvèrent
2402 1115 69 29 épui-

1996 1139 126 27 sées,l'ean
2130 1144 128 26 manquoit
2264 1146 155 27 totalement,
2433 1147 36 22 M.

1996 1172 31 20 du
2036 1171 78 23 Ludre
2128 1172 36 22 fut
2175 1173 60 23 dans
2242 1176 24 21 la
2275 1176 62 23 dure
2348 1176 121 24 nécessité

1995 1202 31 21 de
2046 1208 27 15 se
2093 1203 87 22 rendre
2200 1205 142 26 prisonnier
2364 1214 59 16 avec
2441 1215 28 15 sa

1995 1232 106 28 Troupe;
2121 1239 47 16 une
2176 1236 54 25 plus
2235 1236 92 29 longue
2335 1237 134 24 résistance

1995 1263 105 23 n’auroit
2106 1264 65 22 servi
2179 1266 32 22 de
2218 1267 64 22 rien.

2022 1294 79 23 Toute
2116 1295 143 24 l’Artillerie
2271 1300 43 26 qui
2327 1299 61 23 étoit
2406 1301 60 22 dans

1995 1325 81 28 Borgo
2092 1326 129 24 consistoit
2235 1335 30 15 en
2277 1331 63 21 trois
2349 1331 81 28 pièces
2439 1332 30 22 de

1996 1355 139 30 Campagne
2142 1363 6 20 ;
2170 1357 23 22 &
2204 1358 18 22 il
2242 1366 13 15 a
2266 1361 44 26 plû
2324 1368 30 15 au
2366 1361 104 24 Hérault

1995 1387 43 21 des
2051 1386 89 23 Corses
2148 1387 31 22 de
2191 1389 52 22 dire
2251 1391 75 27 qu’on
2334 1399 18 22 y
2360 1398 29 16 en
2399 1394 69 22 avoit

1994 1417 89 22 trouvé
2096 1418 78 28 vingt,
2184 1419 24 22 &
2219 1421 31 22 de
2257 1421 64 24 faire
2331 1425 24 20 le
2366 1425 103 22 nombre

1994 1448 44 22 des
2058 1450 76 21 morts
2144 1449 24 22 &
2178 1450 43 23 des
2234 1453 96 23 blessés
2340 1455 126 29 beaucoup

1994 1480 56 26 plus
2064 1480 78 28 grand
2157 1487 48 21 que
2222 1484 63 22 celui
2300 1486 44 21 des
2355 1485 113 24 hommes

1994 1510 103 22 effectifs
2108 1512 41 26 qui
2166 1516 173 25 composoient
2349 1517 24 22 le
2387 1517 81 29 Corps

1995 1547 48 16 aux
2051 1541 92 23 Ordres
2164 1544 30 21 de
2207 1545 35 21 M.
2258 1547 34 21 du
2310 1547 93 28 Ludre;
2424 1549 19 22 il
2454 1555 14 15 a

1995 1573 46 21 fait
2052 1573 65 22 aussi
2134 1578 124 25 emporter
2267 1578 108 23 d’assaut
2384 1580 37 21 les
2432 1586 38 16 re-

1994 1604 171 23 tranchemens
2173 1607 41 27 qui
2226 1614 31 15 ne
2266 1608 84 24 furent
2359 1616 43 22 pas
2413 1617 54 15 seu-

1994 1635 92 22 lement
2098 1636 109 24 entâmés
2214 1645 6 19 ;
2245 1639 22 22 &
2278 1644 122 24 poussant
2418 1643 51 21 mê-

1994 1672 40 15 me
2051 1666 143 29 fhiperbole
2208 1671 65 21 aussi
2286 1672 53 21 loin
2354 1677 47 22 que
2421 1679 45 15 son

1994 1697 158 29 imagination
2165 1705 14 15 a
2189 1706 34 21 pu
2234 1701 23 21 le
2268 1702 35 21 lui
2316 1702 125 29 suggérer,
2449 1704 19 22 il

1994 1734 14 15 a
2025 1728 44 23 fait
2080 1731 68 20 toute
2160 1731 24 21 la
2202 1730 94 30 Légion
2307 1733 97 30 Royale
2419 1735 49 27 pri-

1994 1759 123 27 sonnière,
2126 1761 82 22 tandis
2216 1762 61 28 qu’il
2284 1764 43 29 n’y
2335 1765 67 22 avoit
2408 1765 60 23 dans

1996 1790 80 29 Borgo
2088 1797 46 22 que
2143 1792 23 22 la
2174 1794 68 21 seule
2254 1794 133 24 Infanterie
2401 1797 30 21 de
2440 1803 27 16 ce

1996 1822 86 29 Corps,
2096 1822 23 22 &
2130 1823 71 28 qu’on
2212 1831 13 15 a
2236 1831 33 16 vu
2276 1828 98 21 ensuite
2384 1833 84 23 repas-

1995 1859 40 16 ser
2049 1854 23 22 la
2085 1853 128 24 Cavalerie
2224 1863 31 15 en
2273 1856 101 28 France,
2386 1860 80 21 même

1995 1890 31 16 en
2031 1885 111 22 très-bon
2154 1884 57 24 état.

2106 1930 26 29 (à
2136 1933 99 28 suivre)

1994 2021 44 22 Ha
2049 2022 34 22 da
2094 2028 54 17 esce
2159 2024 28 22 in
2199 2023 96 24 Natale
2302 2032 7 15 :

2012 2067 51 51 L5
2067 2067 308 59 Aîmanaceu
2403 2072 50 52 di

1995 2141 43 51 A
2061 2141 173 54 Muvra
2256 2169 62 23 per
2335 2145 129 54 1929

2022 2245 50 23 200
2084 2246 96 28 pagine,
2183 2247 50 22 150
2246 2249 175 23 iliustrazione.

2022 2279 88 23 Puesie
2122 2286 14 15 e
2151 2281 98 22 articuli
2266 2282 25 22 di
2305 2283 8 21 i
2336 2283 129 29 principali

1993 2314 69 26 pueti
2071 2319 13 16 e
2094 2314 107 22 scrittori
2211 2315 130 24 dialettali.

2022 2346 10 22 I
2046 2348 69 26 mesi,
2129 2353 13 16 e
2154 2349 120 27 stagione,
2288 2357 14 15 a
2313 2352 151 27 cronologia,

1994 2381 8 21 i
2014 2381 72 26 santi,
2100 2381 154 28 agricultura,
2280 2385 103 25 raconti,
2408 2385 57 26 foie,

1994 2414 154 30 stalbatoghj,
2158 2421 114 22 canzone,
2280 2418 127 28 pruverbj,
2414 2420 54 21 det-

1992 2448 30 26 ti,
2032 2448 152 22 induvinelle
2196 2456 50 21 ecc,
2259 2457 51 16 ecc.

2020 2481 113 24 Cuntene
2144 2489 47 15 una
2200 2483 85 24 Storia
2299 2485 127 27 Populare
2439 2486 28 23 di

1995 2515 112 28 Gorsica,
2127 2516 30 21 da
2169 2516 7 22 i
2187 2518 77 28 tempi
2288 2520 142 26 preistorici
2453 2526 13 16 a

1994 2548 128 29 Sampieru
2131 2549 86 28 Corsu,
2230 2552 26 22 di
2267 2552 31 22 P.
2308 2553 29 22 di
2346 2553 36 28 G.,
2395 2560 32 16 cu
2438 2560 27 16 22

1993 2583 165 23 iliustrazione
2169 2590 13 16 e
2193 2587 74 20 carte.

2021 2619 110 24 Prezzu7
2139 2620 31 22 fr.

2020 2656 47 23 Per
2077 2657 73 22 Posta
2160 2663 7 15 :
2177 2657 16 22 8
2205 2658 29 21 fr.

2020 2692 93 23 Contru
2123 2693 134 23 rimborsu:
2270 2695 17 22 9
2298 2695 32 23 fr.

1992 2773 100 23 Aiacciu
2101 2786 29 5 —
2141 2773 134 30 Stamparia
2288 2776 25 22 di
2327 2778 23 22 A
2362 2777 96 24 Muvra

1996 2813 16 15 u
2024 2806 242 26 Diretlore-Gerente:
2276 2809 73 24 Petru
2359 2810 106 24 ROCCA

26 2911 108 25 ^glittimidi
136 2920 22 18 A
160 2918 80 20 Muvra
243 2927 21 4 —
269 2922 19 13 a.
290 2915 77 20 106—di
371 2920 13 13 u
390 2911 86 22 13-12-28

210 3046 66 20 OSSIA

56 3080 35 37 La
107 3084 78 38 Mis
202 3085 32 36 di
246 3083 176 37 Poutemiovo

28 3131 254 34 ^A-CONTOCORSO
287 3134 186 29 DELSECOLO

196 3175 84 24 XVIII

230 3222 24 19 DI

104 3256 31 26 F.
148 3259 36 25 B.
202 3258 174 27 Guerrazzi

179 3345 126 30 (Seguito)

48 3392 162 34 întendiamoci
225 3403 58 28 però
298 3403 24 21 R
334 3400 74 22 storia
425 3397 51 27 epi-

31 3428 33 24 CV
73 3435 64 24 quale
157 3443 117 23 compose
297 3435 112 25 Erodeto,
431 3431 44 22 che

90 3468 41 22 alla
151 3472 115 27 passione
288 3470 40 22 del
349 3468 92 29 popûlo
462 3470 14 16 e

33 3495 178 41 ^mmovendolo
240 3507 25 21 lo
283 3503 124 29 migliora,
426 3505 49 16 non

32 3526 25 49 ^
65 3531 22 21 la
107 3538 70 24 storia
200 3540 130 22 dell'uomo
352 3537 26 21 di
399 3534 75 25 Stato,

32 3561 10 16 C
51 3567 12 16 s
80 3569 80 26 stillata
178 3574 40 22 dal
239 3573 106 24 cervello
364 3571 22 21 si
401 3568 75 27 volge

31 3595 10 45 J
59 3602 105 31 cervello,
186 3614 14 15 e
219 3608 118 23 conviene
355 3603 121 24 meditare

30 3630 49 42 ^°lte
89 3637 87 31 tempo,
198 3643 23 20 al
238 3644 66 21 lume
321 3639 25 23 di
364 3639 108 21 lucerna,

32 3662 56 27 “càati
96 3677 71 23 sopra
177 3677 138 27 ungradino
336 3673 25 23 di
380 3673 94 21 marmo

39 3700 65 25 Tanto
122 3707 62 24 délia
202 3712 78 21 statua
298 3709 63 22 délia
384 3703 89 24 Patria.

30 3734 65 45 Cocrto>
107 3739 113 31 ingegno,
234 3752 13 15 e
258 3743 92 30 grande
359 3736 116 33 possiede

51 3766 46 29 stuL
117 3780 38 17 ma
177 3776 115 28 bizzarro,
317 3776 120 27 inquieto,
461 3776 13 15 e

30 3799 137 47 üa0suntuoso
179 3811 25 21 al
213 3813 53 25 pari
288 3811 40 22 del
351 3806 122 25 Voltaire:

52 3834 11 16 0
71 3835 86 30 cfiiama
166 3844 80 23 Taltro
264 3849 96 26 puvero
387 3845 85 20 UQWIO,

502 2914 80 28 questi
597 2914 84 27 quello
696 2918 122 24 garzone,
841 2918 14 16 e
874 2917 95 17 veruno

502 2948 24 22 di
538 2948 47 22 essi
597 2948 32 22 ha
639 2949 66 21 torto
717 2947 25 21 di
754 2945 156 29 disprezzarsi
919 2945 50 22 cosi

503 2983 93 28 quando
608 2982 42 22 nel
660 2983 85 20 mutuo
762 2981 116 28 orgoglio
895 2979 21 23 si
931 2985 40 16 re-

502 3019 89 26 putano
602 3015 85 28 capaci
699 3015 24 21 di
735 3013 93 23 dettafe
849 3013 65 29 leggi
932 3012 38 22 co’

501 3050 125 30 ghiribizzi
643 3050 56 21 loro
709 3049 31 21 ad
758 3055 33 14 un
811 3048 90 28 popolo
924 3046 46 22 che

502 3091 49 16 non
565 3088 147 18 conoscono.
728 3082 31 22 Di
772 3082 60 22 rado
844 3082 8 21 i
862 3080 107 23 letterati

502 3119 133 22 intendono
661 3116 33 26 di,
704 3115 75 25 Stato;
800 3116 26 21 in
844 3114 85 23 effetto
944 3114 26 21 di

502 3150 169 26 Macchiavelli
682 3155 104 23 passava
797 3150 119 27 piuttosto
926 3153 45 22 per

502 3192 73 18 uomo
587 3191 49 17 non
649 3190 68 17 senza
728 3184 95 25 lettere,
845 3183 45 22 che
899 3183 70 21 lette-

502 3224 61 20 rato.
573 3219 63 24 Perô
649 3218 58 23 tutti
730 3218 9 21 i
757 3217 106 28 governi
873 3215 99 23 abbiso-

503 3260 79 24 gnano
590 3254 24 21 di
626 3251 91 24 uomini
729 3250 73 29 periti
810 3250 63 22 delle
884 3250 88 22 lettere

503 3297 13 15 e
527 3289 63 22 nelle
600 3287 105 25 scienze,
712 3284 160 23 decorandoli
882 3285 89 25 troppo

503 3323 89 29 meglio
609 3322 46 21 che
665 3320 24 22 le
706 3324 99 23 pompe,
817 3324 14 15 e
842 3318 23 21 le
882 3316 88 25 orerie,

503 3359 23 21 di
538 3357 57 29 ogni
607 3355 76 23 odore
696 3352 72 29 degni
780 3352 97 28 quando
892 3355 80 17 accre-

502 3393 82 21 ditano
602 3390 8 21 i
623 3386 146 31 reggimenti
781 3384 115 23 benevoli
906 3383 65 22 délia

501 3424 83 27 umità,
592 3420 167 30 vituperevoli
768 3419 95 28 quando
876 3418 95 22 onesta-

503 3465 32 18 no
545 3460 24 21 la
578 3455 132 26 tirannide,
719 3460 14 15 e
741 3453 164 22 nondimanco
915 3451 56 20 luce

503 3498 89 23 sempe,
603 3487 129 26 comecchè
743 3488 31 22 in.
787 3492 33 16 un
839 3491 56 16 caso
914 3488 58 17 con-

503 3529 58 21 duca
581 3525 47 22 allô
649 3526 106 23 scampo,
776 3526 13 16 e
816 3518 119 23 nell’altro
956 3523 15 14 a

502 3560 148 30 perdizione.

528 3606 28 6 —
566 3594 24 21 A
601 3592 92 29 quanto
705 3589 97 22 sembra
809 3587 43 21 voi
861 3585 109 28 reputate

502 3629 61 23 assai
586 3628 18 21 il
627 3622 184 25 Macchiavelîo;
831 3626 50 16 non
893 3624 28 17 so
942 3623 29 15 se

501 3662 109 29 rappiate
622 3659 46 22 che
678 3658 9 21 i
703 3654 112 25 Francesi
826 3654 95 21 vadano
933 3652 36 21 di-

501 3697 87 25 cendo,
600 3694 46 22 che
662 3691 42 22 voi
720 3691 25 21 lo
762 3689 97 28 portate
872 3691 98 21 sempre

501 3733 24 21 in
534 3733 73 20 tasca.

567 3762 125 24 passiamo
703 3760 23 21 le
735 3756 113 30 grullerie
855 3755 113 24 francesi,

500 3803 87 25 troppo
597 3800 87 25 spesso
697 3793 48 22 essi
756 3790 132 30 giudicano
899 3793 71 17 senza

500 3832 86 27 verità,
598 3837 15 16 e
622 3834 70 18 senza
710 3825 191 24 conosclmento.
912 3820 57 23 Non

995 2915 71 24 porto
1076 2914 26 21 in
1122 2916 67 20 tasca
1202 2916 17 21 il
1231 2916 177 26 Macchiavelîo
1421 2921 46 22 chè

996 2945 105 24 darebbe
1132 2948 142 28 incomodo,
1306 2952 69 23 bensi
1401 2955 65 21 nella

995 2981 82 21 mente
1088 2980 64 23 dove
1160 2986 83 18 arreca
1253 2983 128 30 benefizio;
1390 2987 77 22 anche

997 3013 17 21 il
1031 3019 28 16 re
1083 3014 121 29 Federigo
1229 3017 25 22 di
1278 3018 96 24 Prussia
1397 3026 71 17 senza

996 3049 143 22 cónoscerlo
1156 3049 25 22 lo
1196 3056 103 22 sprezza,
1313 3058 15 17 o
1347 3054 120 26 piuttosto

997 3080 73 28 finge,
1084 3087 13 15 e
1107 3081 32 27 fa,
1152 3084 106 22 secondo
1268 3085 19 22 il
1296 3089 77 19 motto
1381 3090 85 25 arguto

997 3114 39 21 dal
1048 3114 118 27 Voltaire,
1178 3122 70 16 corne
1262 3120 65 21 colui
1341 3120 45 22 che
1397 3123 70 25 sputa

997 3153 27 16 su
1035 3148 23 21 la
1069 3148 116 27 vivanda,
1198 3150 90 27 perché
1299 3153 57 21 altri
1363 3153 103 23 schifato

996 3182 22 20 la
1028 3181 60 22 lasci
1096 3184 66 20 stare
1172 3183 32 21 ed
1219 3185 48 27 egli
1285 3191 72 21 possa
1373 3188 94 27 mangi-

997 3216 76 21 arsela
1091 3217 72 21 tutta.
1180 3216 49 22 Del
1257 3218 174 24 Macchiavelîo
1453 3221 14 21 è

998 3253 93 17 somma
1108 3248 70 23 Tarte
1189 3249 25 22 di
1234 3253 162 26 considerare;
1415 3259 15 15 e
1440 3259 27 16 se

997 3283 73 27 volge
1091 3283 24 21 la
1134 3284 84 21 mente
1237 3284 21 21 ai
1275 3286 55 22 suoi
1342 3287 84 27 tempi,
1443 3288 24 21 la

997 3316 102 21 materia
1117 3316 99 22 infelice
1244 3318 34 27 gli
1302 3320 165 22 somministra

997 3352 142 25 argomento
1158 3355 15 16 a
1182 3350 66 22 tristi
1258 3353 117 26 pensieri,
1397 3359 27 16 se
1431 3360 4 3 •
1442 3355 24 21 ai

997 3383 52 22 fatti
1058 3383 67 28 degli
1135 3383 92 22 antichi
1252 3390 33 16 ne
1295 3392 60 16 cava
1364 3387 101 27 precetti

998 3417 23 21 di
1030 3417 88 22 ottimo
1130 3417 87 21 vivere
1232 3418 121 22 civile.—
1371 3419 94 27 Questo

997 3451 25 21 vi
1031 3450 129 26 chiarisca;
1170 3450 30 21 da
1208 3451 35 21 lui
1255 3452 21 21 si
1290 3455 74 20 mette
1370 3453 25 22 la
1409 3453 57 22 reli-

996 3485 76 27 gione
1089 3484 59 22 base
1155 3484 216 28 -principalissima
1382 3486 85 23 dell’u-

997 3523 71 17 mano
1082 3517 136 26 consorzio;
1236 3519 54 20 anzi
1307 3524 47 17 con
1364 3519 55 23 forti
1430 3525 36 16 ra-

996 3551 97 22 ziocinii
1103 3551 31 21 ed
1145 3551 171 22 acconcissimi
1328 3552 91 28 esempi
1428 3553 38 21 di-

996 3587 92 20 mostra
1116 3584 46 22 che
1177 3586 93 20 venuto
1299 3591 72 18 meno
1404 3586 60 27 ogni

996 3619 61 21 altro
1064 3618 109 25 vincolo,
1186 3618 66 21 dove
1266 3621 87 24 questo
1363 3624 49 18 uno
1433 3619 33 22 ri-

995 3658 88 22 manga
1094 3651 78 25 saldo,
1184 3651 69 21 basta
1265 3658 14 15 a
1298 3653 115 25 salvarlo;
1425 3653 42 21 alT

996 3685 106 26 opposto
1118 3682 120 28 Federigo
1255 3683 66 21 nelle
1336 3684 86 22 lettere
1441 3684 24 21 al

995 3716 151 23 maresciallo
1157 3714 59 23 Keit
1225 3717 96 20 ostenta
1336 3717 127 22 l'ateismo.

995 3750 74 22 Bella
1087 3748 178 25 consolazione
1289 3750 107 23 davvero
1416 3753 50 25 per

995 3790 36 16 un
1037 3784 125 28 guerrier
1163 3788 14 15 o
1188 3782 155 22 moribondo
1359 3784 107 22 sentirsi

996 3818 64 22 dire:
1072 3819 43 20 ira
1123 3819 67 26 poco
1201 3817 45 21 voi
1254 3822 54 16 non
1319 3819 83 20 sarete
1415 3818 49 26 piv.

1492 2924 91 23 nulla!
1591 2925 32 29 (i)
1643 2924 55 23 Con
1720 2926 43 22 tali
1783 2925 182 29 insegnamenti

1492 2963 52 17 non
1570 2959 22 21 si
1613 2964 108 22 possono
1746 2966 100 21 speraae
1870 2959 94 23 uomini

1493 2992 96 27 grandi,
1597 2994 137 26 sopratutto
1746 2993 85 22 buoni.
1843 2993 123 22 Dallaset-

1493 3027 24 19 ta
1526 3025 26 21 di
1563 3025 104 28 Epicuro
1677 3032 34 16 un
1723 3027 54 21 solo
1788 3032 75 17 uomo
1873 3026 90 28 degno,

1492 3058 24 21 la
1530 3060 83 21 scuola
1626 3059 66 28 degli
1704 3060 73 22 stoici
1789 3066 32 16 ne
1832 3060 25 22 fu
1869 3065 96 17 semen-

1492 3091 61 22 zaio.
1562 3103 29 5 —
1599 3092 22 22 Il
1629 3093 102 26 signore
1749 3092 126 30 Giuseppe
1887 3093 78 22 Maria

1493 3124 113 28 Massesi,
1629 3127 145 22 cancelliere
1791 3128 40 21 dei
1844 3133 118 22 governo,

1492 3158 71 22 vorrà
1576 3160 102 21 essermi
1696 3162 96 20 cortese
1809 3160 155 23 d’infojmare

1491 3190 99 29 l’ospite
1598 3195 74 20 nosto
1681 3193 64 22 delle
1752 3194 76 28 leggi,
1838 3201 15 15 e
1864 3194 40 22 del
1910 3199 54 17 mo-

1493 3225 32 22 do
1537 3226 25 21 di
1573 3226 179 23 amministizia.

1520 3267 30 5 —
1560 3256 10 22 I
1589 3257 127 22 Genovesi
1738 3257 62 29 (cosi
1812 3264 71 22 prese
1905 3265 14 15 a
1931 3258 33 22 fa-

1492 3290 95 21 vellare
1600 3297 34 15 un
1644 3296 77 21 grave
1733 3291 172 29 personaggio,
1919 3292 45 21 che

1493 3323 24 20 al
1534 3324 137 21 sembiante
1694 3325 139 27 arieggiava
1850 3331 32 16 un
1894 3324 41 28 po’
1946 3325 18 21 il

1492 3354 57 27 bue,
1558 3362 34 15 un
1600 3355 40 28 po’
1654 3357 24 20 la
1691 3357 75 26 faina,
1781 3358 54 27 tipo
1849 3358 65 22 assai
1930 3361 34 20 fa-

1492 3388 47 21 cile
1552 3395 13 15 a
1576 3390 150 21 incontaarsi
1743 3392 65 20 nella
1826 3392 77 21 classe
1923 3391 40 22 dei

1491 3422 138 27 magistrati
1640 3423 24 20 ci
1680 3423 141 22 lasciarono
1841 3424 59 22 certi
1916 3426 48 20 sta-

1490 3455 58 25 tuti,
1568 3455 10 21 i
1604 3456 68 26 quali
1692 3458 157 27 contengono
1868 3457 96 22 ordina-

1490 3488 78 21 menti
1585 3489 110 27 generali
1712 3490 84 26 quanti
1808 3490 101 22 bastano
1921 3496 44 21 per

1491 3520 177 23 incamminare
1692 3528 14 15 a
1725 3522 53 22 fine
1800 3523 124 22 uniforme
1938 3524 25 21 lo

1492 3554 117 22 esercizio
1623 3554 63 22 délia
1697 3555 119 27 giustizia;
1835 3561 128 22 comporre

1491 3587 80 21 codici
1580 3594 15 14 a
1607 3587 43 22 noi
1660 3593 48 15 non
1714 3588 115 27 importa,
1839 3589 32 21 nè
1878 3589 83 27 giova;

1490 3621 81 26 questi
1583 3621 120 27 reputano
1722 3621 135 28 miglioria,
1877 3627 14 15 e
1899 3627 63 17 sono

1490 3654 188 27 impedimento;
1697 3654 25 21 in
1740 3654 86 23 effetto
1837 3655 49 22 essi
1898 3661 63 16 som-

1489 3692 74 16 mano
1574 3688 8 20 i
1606 3686 60 23 béni
1690 3684 113 30 partôriti
1827 3688 39 21 dai
1885 3688 76 22 buoni

1491 3717 114 26 costumi,
1621 3723 14 16 e
1649 3717 43 27 poi
1707 3718 22 21 si
1744 3724 92 21 parano
1857 3723 71 17 corne
1938 3719 23 21 la

1491 3748 106 21 steccaia
1604 3748 27 21 in
1638 3753 81 16 mezzo
1728 3749 24 20 al
1761 3748 83 26 fiume,
1857 3750 23 20 la
1892 3750 69 26 quale

1490 3779 115 21 trattiene
1625 3778 18 21 il
1653 3777 80 22 flusso
1746 3779 63 21 delle
1829 3785 75 21 acque
1914 3779 47 22 fin-

1512 3823 26 22 (1)
1546 3822 77 19 Précise
1630 3822 63 22 parole
1701 3823 33 17 del
1739 3822 61 20 Paoli.

1991 2925 46 22 chè
2048 2932 53 17 -non
2112 2926 110 23 arrivino
2240 2928 144 27 quotidiana
2400 2935 14 15 e
2428 2935 37 16 re-

1990 2960 84 27 golare
2082 2960 41 22 dei
2140 2960 76 22 buoni
2229 2962 106 22 cosiumi
2357 2963 64 21 nelle
2430 2964 35 21 le-

1991 2993 43 27 ggi
2045 2993 51 21 fino
2108 2993 23 22 al
2141 2994 88 27 giorno
2243 2995 45 21 che
2294 2996 25 21 la
2328 2996 139 27 discrepan-

1991 3032 26 15 za
2030 3026 96 22 diventi
2143 3027 116 22 massima
2279 3034 15 16 e
2306 3029 81 21 ostile.
2400 3029 37 22 Nè
2449 3030 18 21 il

1991 3060 85 21 codice
2097 3065 45 23 per
2161 3063 91 24 quanto
2270 3062 110 27 prolisso
2402 3065 27 19 tu
2440 3064 24 21 lo

1991 3093 126 28 immagini
2132 3093 48 27 può
2189 3096 179 26 comprendere
2378 3096 24 21 la
2413 3097 55 21 des-

1991 3127 107 21 crizione
2114 3127 41 20 dei
2176 3128 49 21 casi
2241 3129 113 27 speciali,
2376 3129 91 28 epperô

1990 3159 31 21 ad
2031 3160 59 28 ogni
2103 3160 83 22 codice
2198 3160 23 22 fa
2237 3162 62 21 coda
2309 3162 26 21 la
2344 3162 122 28 farragine

1990 3192 63 22 délia
2064 3193 210 27 giurisprudenza;
2295 3196 76 21 donte
2382 3197 84 21 avvie-

1990 3231 40 20 ne,
2043 3226 46 22 che
2101 3228 89 26 quanto
2199 3227 56 22 sarà
2267 3228 44 27 più
2329 3234 44 16 con
2376 3229 22 21 ci
2401 3235 25 15 sa
2442 3231 23 20 la

1989 3259 74 27 legge
2070 3260 91 27 meglio
2172 3260 19 22 ti
2203 3262 117 26 treverai;
2339 3264 101 25 pensate
2453 3269 13 16 a

1990 3291 59 26 Dio;
2073 3298 47 16 con
2140 3293 46 22 soli
2212 3300 26 15 io
2264 3296 199 22 comandamenli

1989 3327 128 25 provvede
2129 3326 42 27 più
2183 3326 45 22 che
2242 3329 57 21 tutti
2310 3329 9 21 i
2331 3329 136 27 legislatori

1989 3364 46 16 con
2048 3360 9 20 i
2070 3359 78 22 codici
2159 3360 63 22 loro.
2234 3372 31 5 —
2275 3361 76 22 Posta
2362 3362 22 21 la
2396 3368 70 22 rego-

1989 3392 31 25 la,
2034 3392 18 21 il
2064 3398 60 16 cuor
2135 3393 97 22 sincero
2251 3400 13 15 e
2272 3395 24 21 la
2316 3396 76 20 mette
2404 3398 61 20 retta

1988 3424 19 21 ti
2018 3424 102 23 faranno
2131 3425 43 27 più
2182 3427 101 26 giudice
2301 3428 46 21 che
2358 3428 18 21 il
2390 3428 75 23 Baldo

1989 3457 33 21 ed
2029 3457 19 22 il
2056 3458 100 22 Baxtolo
2164 3464 52 16 non
2225 3460 159 27 saprebbero.
2393 3461 74 24 Furo-

1989 3490 151 22 nofabbrica
2151 3492 25 20 di
2188 3493 88 21 curiali
2289 3494 8 20 i
2319 3494 80 22 codici
2415 3502 50 16 non

1990 3524 111 26 compiti,
2110 3530 39 15 ma
2169 3524 52 22 cosi
2232 3528 141 21 ammezzati
2384 3532 15 17 è
2418 3529 48 22 dif-

1988 3555 70 26 fîcili,
2071 3563 45 20 per
2124 3557 97 22 ridurre
2231 3559 23 20 la
2265 3560 117 27 giustizia
2393 3569 13 14 a
2414 3569 53 15 me-

1989 3589 76 21 stiere
2074 3590 170 27 privilegiato.
2256 3591 48 28 No,
2316 3595 110 26 signore,
2443 3597 22 21 la

1988 3621 114 27 giustizia
2109 3624 69 19 entra
2186 3624 41 21 nel
2238 3631 64 21 pane
2321 3628 144 27 quotidiano

1988 3651 139 29 delfuomo,
2141 3656 31 20 ed
2182 3661 100 23 ognuno
2304 3661 64 21 deve
2379 3667 85 23 sapere

1987 3688 119 21 allestirla
2114 3694 44 21 per
2169 3689 34 27 sè,
2217 3697 13 15 e
2249 3693 152 23 ministrarla
2416 3698 48 26 agli

1988 3721 63 20 altri.
2064 3732 29 5 —
2102 3721 66 28 Ogni
2181 3729 74 21 paese
2266 3727 87 28 elegge
2365 3731 100 21 annual-

1986 3756 85 19 mente
2083 3761 33 15 un
2128 3757 108 26 potestà,
2247 3764 14 15 e
2279 3760 49 21 due
2342 3762 72 26 padri
2424 3765 40 22 del

1987 3792 104 17 comune
2101 3795 6 19 ;

2154 3821 159 35 (Cuntznua)
