2475 3846
44 123 23 35 â
83 135 19 23 u
119 123 77 35 nòvu
212 124 90 43 spirlu

260 176 30 35 di
307 177 98 43 puesia
423 185 86 25 corsu

64 258 33 21 liai
106 261 67 18 fissatu
182 261 18 17 la
207 260 54 19 Còrsa
272 262 19 16 to
299 260 59 22 patria

64 290 20 16 In
92 289 55 17 lortu
156 288 61 17 anticu
225 288 18 17 di
254 288 18 18 le
280 292 22 13 so
310 288 84 19 bellezze,

63 316 14 17 E
84 316 18 17 la
110 316 80 20 toMusa,
198 320 34 13 cun
240 315 66 18 affettu
318 320 12 12 e
338 314 68 23 grazia,

63 344 26 16 Da
94 343 51 18 Faite
153 343 47 17 cime
209 343 15 17 li
232 343 58 21 lampa
299 346 78 14 carezze.

62 387 49 17 L’ale
119 387 75 18 vestute
202 386 18 17 di
230 386 44 17 nòvi
281 385 84 18 ricammi

62 414 70 18 Ch’anu
142 414 71 17 tessulu
219 413 105 22 pian-pianu
335 412 19 17 le
361 411 44 21 cosi,

62 441 57 18 Cume
125 441 85 17 l’amante
220 440 70 18 t’allisci
300 444 11 13 e
319 438 103 19 t’infiammi

62 469 34 17 Per
103 468 85 17 azzicalla
199 468 18 17 di
226 467 48 18 canti
286 466 89 18 amurosi.

62 512 60 20 Quelli
130 511 57 18 tesori
199 511 24 17 dï
234 510 54 23 lempi
296 509 76 23 passali,

61 538 31 18 Eri
100 538 72 22 cuperti
177 538 44 17 d’un
231 542 46 13 neru
283 537 80 21 lenzôlu,

61 567 28 17 Ad
97 571 40 12 unu
146 566 23 17 ad
178 565 63 18 unu-si
248 565 108 18 sôdiscitati

60 595 17 16 A
84 594 18 17 la
115 595 17 16 to
143 598 46 13 voce
196 594 94 20 aceappata
298 592 20 18 di
326 592 51 18 dôln.

60 638 22 17 In
92 638 20 17 lu
119 637 83 19 çristallu
210 637 19 17 di
237 636 130 22 l’Intelligenza

61 665 53 17 Fieru
123 665 14 17 ti
148 664 78 22 specchi.
236 664 20 22 E,
263 664 77 18 nuvella
347 664 68 21 strana,

62 692 57 22 Sopra
126 692 15 17 li
147 692 40 17 nuli
196 691 19 18 di
221 691 138 21 l’indifferenza,

60 720 53 17 Tessi
120 720 19 17 la
147 720 40 17 seta
193 719 18 17 di
219 720 17 16 la
244 720 19 17 to
271 719 80 18 cullana.

60 764 52 17 Fatla
120 764 21 17 in
149 764 20 17 lu
178 767 68 19 sangue
252 763 25 17 d’i
285 763 61 18 nostri
354 763 78 18 babboni

59 791 82 18 L’anima
150 791 42 22 tôia,
203 795 35 13 cun
245 791 43 22 bagi
297 791 20 17 di
324 791 44 20 sole,

59 819 129 22 Illumineghia
196 819 17 17 le
221 818 47 19 nòve
275 818 81 22 stagioni

59 846 15 18 E
82 846 23 17 dà
111 850 87 18 speranza
205 851 11 13 a
223 847 17 17 la
246 846 78 23 giovana
329 846 57 23 proie.

59 891 136 18 Ricuniscendu
202 892 63 17 l’error
273 891 20 18 di
298 891 15 18 li
321 891 55 18 frutti

58 918 132 19 El’amaror’di
196 919 20 17 lu
225 919 44 18 latte
276 919 76 22 gallese,

58 946 66 18 Prestu
133 947 21 17 in
162 946 92 19 dinocchie
261 951 25 13 ne
294 947 76 17 staranu
377 946 45 17 tutti

57 974 36 18 Per
101 974 73 18 aseullà
181 974 17 18 la
205 975 19 17 to
232 974 71 18 cbiama
311 974 77 18 cirnese.

58 1018 35 18 Ghi
100 1019 19 18 la
125 1020 65 17 nutata
197 1019 27 18 sia
232 1019 74 22 longu’o
312 1020 56 21 corta,

57 1047 17 17 A
81 1047 20 17 lu
108 1047 74 17 razzinu
191 1047 86 18 rinfresca
282 1047 20 18 la
307 1047 62 18 mente
375 1052 6 16 ;

57 1074 47 20 Eilu,
112 1074 33 22 più
153 1074 54 22 terdi,
214 1074 37 18 ferà
259 1075 18 17 la
285 1075 79 17 raccolta

57 1102 22 17 Di
87 1102 18 18 la
112 1103 18 17 to
139 1102 77 18 schietta
225 1106 10 14 e
244 1103 84 17 nustraîe
336 1103 91 17 sumente.

240 1146 112 19 Rustincu
360 1147 23 18 di
391 1147 90 19 Loretu.

111 1229 314 38 PfSTICCINÂ

62 1324 28 23 In
102 1328 83 25 tempu
204 1326 23 21 di
248 1332 46 16 una
308 1326 75 26 volta,
407 1326 96 27 quandu

33 1358 20 22 zi
67 1359 106 27 Agnaziu
184 1359 73 27 partìa
266 1360 26 21 in
302 1365 129 22 campagna
442 1359 60 22 fàcia

34 1392 109 22 ribumbà
154 1398 14 15 a
180 1398 27 16 so
220 1398 57 16 voce
295 1394 27 20 in
333 1392 67 22 tutt’a
418 1393 63 22 valle
494 1399 7 20 ;

34 1425 69 22 Ancu
113 1426 8 20 i
137 1426 182 27 saccbi-pinnnti
341 1426 162 22 trimmavanu

34 1458 89 27 parchi,
133 1460 111 26 aguattati
256 1465 14 15 e
281 1459 82 26 ehieti,
372 1459 105 22 sintìanu
484 1466 18 15 u

34 1492 100 27 mnghiu
142 1492 96 22 tracullà
250 1499 30 21 pa
287 1493 9 21 i
306 1490 104 31 castagni
423 1499 14 16 e
448 1499 54 22 per-

34 1525 51 21 desi
97 1526 25 20 in
130 1526 24 21 la
165 1526 105 21 macchia
279 1533 7 15 :

60 1569 30 4 —
113 1558 22 22 O
157 1558 134 23 Panò...ria
305 1559 6 22 !
336 1560 126 28 Arregami
486 1566 14 15 a

33 1591 128 28 rustaghia,
174 1598 14 15 a
212 1598 76 23 vanga
306 1600 14 15 e
342 1599 16 15 u
391 1593 107 27 pinnatu,

33 1625 72 28 aghiu
114 1626 7 20 i
133 1625 41 22 bòi
187 1631 13 16 a
210 1632 17 15 u
244 1627 91 26 riposu,
359 1626 141 29 Aghiusiaci

33 1664 32 15 un
74 1664 62 22 pane
145 1659 85 26 d’orzu,
244 1665 46 16 una
306 1660 92 21 striscia
407 1660 25 22 di
454 1660 47 22 mi-

32 1691 66 28 g'isca
108 1698 14 14 e
129 1698 47 16 una
196 1698 68 16 zucca
274 1693 25 21 di
314 1693 59 22 vinu
390 1693 110 29 ch’aghiu

32 1724 119 23 l’arsione.
178 1725 39 23 Un
236 1727 18 20 ti
264 1726 85 22 scurdà
371 1727 24 21 di
418 1733 18 15 u
459 1733 40 16 me

33 1758 139 27 arbaghiòlu
179 1759 6 22 !

60 1791 40 22 Ma
109 1791 64 25 dòpu
185 1799 13 15 a
205 1798 92 22 guerra,
308 1793 100 22 Panôria
428 1800 34 15 un
473 1791 26 24 iu

32 1826 93 26 capisce
148 1825 43 28 più
202 1832 13 15 e
229 1826 74 22 l’eccu
317 1826 32 22 d'i
361 1827 103 28 castagni
476 1827 22 22 si

32 1858 74 22 ferma
116 1861 69 20 mutu
196 1859 132 28 quand’ellu
342 1860 99 27 cbjama.

58 1903 29 4 —
95 1892 24 21 O
126 1892 127 23 Panò...ria
262 1892 23 23 fà
291 1895 67 25 parte
369 1899 14 16 a
389 1894 109 21 charrue

32 1926 39 21 chi
92 1927 86 27 vogliu
203 1925 95 23 sillunà
320 1926 70 22 tutt’u
415 1927 81 27 pianu.

32 1959 126 27 Arregami
175 1965 46 16 una
242 1960 71 21 :boita
330 1960 24 22 di
380 1960 76 29 Singe
472 1962 26 21 et

31 1998 46 15 una
89 1992 105 29 buteglia
208 1993 24 21 di
242 1993 100 22 Pinard
363 1993 109 30 ch’aghiu
483 2000 13 16 a

29 2025 90 28 soiffa.

59 2059 18 21 E
94 2065 15 15 a
129 2060 78 21 corcia
229 2061 116 27 mugliere
370 2062 88 27 piegne
479 2068 17 14 u

29 2094 82 25 tempu
122 2093 86 22 andatu
220 2100 13 15 e
242 2094 7 21 i
259 2099 26 16 so
299 2094 100 28 si'gnozzi
419 2095 77 21 sbrul-

29 2126 56 21 lanu
99 2126 30 27 pè
141 2132 14 16 a
170 2126 78 23 filetta.

56 2173 29 4 —
93 2162 108 28 Vergine
212 2162 76 23 Santa!
301 2165 70 21 A.ncu
379 2170 13 16 a
400 2164 25 23 tè
433 2171 62 16 mas-

29 2201 113 16 cararanu
154 2197 137 22 cambiendu
303 2204 16 14 u
330 2200 25 20 to
367 2203 127 23 nome^ap-

29 2230 144 26 pannenduti
186 2236 28 15 eu
226 2236 12 15 a
249 2236 27 16 so
287 2231 147 23 nebbialMa
445 2233 48 21 mai

29 2263 131 26 piattaranu
168 2269 15 15 e
190 2264 138 28 maraviglie
336 2265 23 21 di
372 2267 44 20 eto
428 2265 66 23 fron-

29 2296 37 25 de,
76 2296 47 21 mai
141 2298 142 21 assiccaranu
296 2304 14 15 a
329 2300 26 20 to
367 2298 100 23 friscura
479 2306 14 14 e

28 2335 83 21 sempe
122 2330 60 26 sarè,
195 2336 90 22 sempre
306 2332 17 21 ti
337 2332 154 24 chiamarè....

28 2362 72 22 filetta
112 2363 5 20 !

280 2394 173 26 Braghittone.

177 2476 185 19 Muvrareccia-Sninvrata,
366 2478 18 14 lu
388 2478 17 14 30
410 2478 40 15 Xbre
457 2477 36 16 1923

71 2512 31 29 O
120 2513 59 34 Pé5
186 2518 129 31 prestu
327 2524 25 20 a
363 2516 78 29 miô

65 2556 163 32 Muvra.«
245 2568 22 20 e
284 2559 77 31 bon
379 2559 39 30 di
440 2569 24 20 e

163 2602 74 30 bon
249 2611 105 23 annu

47 2679 114 19 Rimandami
171 2685 22 14 sa
199 2681 63 18 Muvra
275 2682 88 18 eittadina

47 2706 34 18 Chi
86 2708 32 21 qui
126 2713 11 13 a
146 2710 115 22 muntagnòla
274 2709 11 18 è
293 2710 74 22 sparita.

46 2735 76 23 L’aghiu
130 2740 53 15 eerca
190 2737 42 18 inde
239 2737 8 18 i
255 2737 65 22 forchi,
329 2737 51 18 ind’a
387 2736 68 20 rasina,

46 2762 30 19 Un
88 2763 56 23 agbiu
151 2765 55 18 tròvu
216 2765 42 22 pelu
269 2769 24 14 ne
305 2764 94 18 imbistita.

46 2802 47 18 Eeeu
101 2804 32 17 stu
141 2804 111 23 biglittacciu
260 2804 107 22 frisgiulatu

47 2829 34 19 Chi
88 2835 40 13 nun
136 2832 67 23 pagarà
209 2836 66 14 maneu
286 2836 12 13 e
306 2836 20 13 so
334 2830 96 23 unghiôle.

45 2858 76 23 L’aghiu
129 2864 64 14 messu
199 2860 23 17 da
226 2860 56 22 parte,
295 2864 14 12 u
317 2858 131 22 straneiagatu,

45 2886 37 18 Per
88 2886 62 23 leghie
156 2887 9 18 i
172 2887 114 22 stalbatoghj,
296 2886 9 18 i
312 2885 50 19 conti
370 2890 12 13 e
389 2885 38 18 foie

45 2930 69 19 Ch’ella
118 2931 18 18 ci
145 2936 20 13 sa
173 2932 55 17 cuntà
235 2935 35 13 cun
278 2930 91 21 naturale,

46 2957 14 19 C
66 2963 25 12 un
99 2959 60 22 spirtu
167 2959 91 18 maestosu
270 2962 10 13 e
288 2962 57 13 senza
357 2957 89 22 ingannu,

45 2985 46 18 C’un
97 2991 27 13 un
129 2987 71 21 parlatu
208 2986 62 17 chiaru
278 2985 24 17 ed
310 2984 105 22 imparziale

45 3012 36 19 Chi
85 3014 84 22 guarisce
177 3012 101 24 ogn’anoju,
290 3012 46 22 ogni
343 3012 93 18 malannu.

45 3057 22 19 Ci
76 3062 45 14 sona
128 3059 21 17 lu
158 3056 88 20 Culombu
256 3056 21 17 in
287 3056 80 18 fantasia

46 3085 34 18 Chi
88 3086 40 17 face
137 3084 85 19 ribumbà
229 3083 74 22 piaghia
311 3087 10 14 e
329 3084 107 21 munlagna,

45 3113 36 17 Per
85 3113 76 18 eacciaci
168 3112 21 17 di
193 3116 11 12 a
211 3111 62 17 nostra
280 3110 79 22 letargia

45 3142 15 17 E
67 3142 52 17 dacci
127 3146 12 13 a
150 3141 44 18 tutti
201 3141 40 17 l’ale
248 3140 20 17 di
274 3140 93 22 l’altagna.

45 3186 57 17 Postu
111 3186 30 17 chi
151 3189 45 18 capu
205 3184 66 18 d’annu
278 3184 101 18 s’abhicina

45 3214 61 21 Pregu
114 3217 35 17 per
155 3212 20 18 tè
184 3212 22 17 ed
214 3212 35 17 ella
256 3212 66 22 longhi
329 3211 54 21 iorni,

45 3240 104 18 Furtunati.
156 3239 64 22 gioiosi
228 3243 11 13 e
249 3239 31 17 chi
287 3244 12 12 a
308 3238 93 18 mesehina

44 3267 113 22 Agrandisca
164 3266 21 18 di
192 3266 31 22 più
233 3265 7 17 i
247 3270 22 13 so
276 3265 93 19 cuntorni.

45 3311 24 18 Di
73 3316 12 12 a
97 3315 46 13 vera
153 3310 32 22 eju
193 3313 78 14 cunoscu
278 3310 21 16 la
307 3314 21 13 so
333 3310 50 20 tana,

46 3338 21 17 Si
75 3337 52 18 trôva
134 3337 85 18 annant’a
227 3341 12 13 u
247 3341 46 17 capu
302 3336 98 18 Tafunatu.

45 3366 17 16 A
70 3369 50 17 vegu
127 3365 21 16 di
158 3365 53 17 tantu
219 3364 20 17 in
246 3365 55 16 tantu
314 3364 22 17 in
344 3363 102 23 Barigliana
455 3365 25 22 (1)

45 3392 79 17 L’c-slate
131 3392 75 21 quandu
221 3391 25 17 mi
255 3391 21 17 sò
283 3392 110 17 tramutatu.

45 3436 22 16 In
75 3435 60 21 questi
144 3435 57 22 loghi,
209 3435 34 17 ella
251 3439 40 13 nun
300 3435 12 17 è
320 3435 81 21 sulletta,

45 3462 21 17 Si
75 3462 52 17 trôva
134 3466 48 13 ancu
190 3462 8 17 i
205 3462 85 17 muvroni
299 3467 11 13 e
317 3462 8 18 i
336 3462 93 22 muvrelli,

46 3488 88 22 Famiglia
142 3489 128 22 indipendentc
280 3494 12 12 e
301 3490 93 17 binadetta

46 3515 35 18 Chi
86 3519 62 14 cresce
155 3520 53 13 cume
216 3516 60 21 quella
284 3516 21 18 di
310 3517 7 17 i
326 3516 92 18 sturnelli.

46 3559 14 17 0
70 3559 29 17 chi
105 3559 43 17 salti
154 3559 5 17 !
168 3564 12 12 o
185 3559 30 17 chi
223 3559 37 17 rôzi
267 3559 10 16 !'
281 3560 22 17 in
311 3559 57 22 quelli
377 3560 60 17 monti
442 3560 6 17 î

46 3586 35 17 Chi
88 3586 38 17 beli
133 3586 22 17 in
162 3586 66 17 liberté
235 3590 11 12 e
257 3590 56 14 senza
320 3588 54 16 trava
380 3586 5 17 !

46 3613 72 17 Inseme
129 3613 67 18 ridenu
204 3612 20 17 di
230 3613 32 17 noi
269 3614 55 17 tonti.

45 3640 83 17 Abifanli
135 3640 21 17 di
163 3639 85 18 l’Isulella
256 3640 83 18 schiava.

345 3672 81 18 Ciarru.

40 3702 22 17 (i)
72 3701 72 17 rngMùuc
152 3702 99 14 dîFilosonaa

779 113 467 91 Lighiendu

559 298 19 19 A
587 300 66 17 notre
661 303 58 16 sens,
730 297 90 19 l’erreur
834 296 84 20 initiale
927 302 13 13 a
952 301 50 14 con-

534 327 52 20 sisté
594 328 14 19 à
614 327 56 20 faire
678 327 52 20 delà
739 326 69 20 Corse
812 333 30 13 un
852 326 150 25 département

534 357 103 24 français,
651 361 22 16 et
680 358 14 19 à
699 357 22 20 le
729 360 120 17 soumettre
855 356 63 22 ainsi,
928 356 74 25 globa-

534 388 89 23 lement,
632 394 29 13 au
675 388 72 19 même
756 387 83 25 régime
856 393 43 18 que
915 387 34 19 les
965 392 37 14 au-

534 422 44 16 tres
589 418 171 24 départements.
767 417 83 20 Toutes
855 417 32 20 les
896 417 106 20 formules

534 448 29 20 du
571 448 82 20 monde
664 455 29 13 ne
706 448 113 20 sauraient
827 447 101 21 modifier
936 447 22 20 la
974 447 28 20 si-

533 479 84 20 tuation
622 478 164 26 géographique
791 478 53 20 d’un
852 484 90 19 paysree
947 477 55 20 n’est

534 516 39 18 pas
581 516 57 18 pour
646 509 62 20 avoir
716 509 183 20 solennellement
915 508 87 20 déclaré

533 540 13 19 à
560 539 21 20 la
597 540 89 20 tribune
702 540 54 19 d'un
771 539 132 23 Parlement,
919 544 45 19 que
979 538 21 19 la

534 570 68 20 Corse
615 571 53 19 était
675 570 122 20 désormais
806 569 136 21 assimilable
951 569 13 19 à
980 568 20 19 la

533 601 55 20 Côte
612 601 55 20 d’Or
683 608 29 13 ou
730 607 44 13 aux
794 599 205 26 Alpes-Maritimes,

533 632 67 24 qu’on
617 638 14 13 a
645 631 113 25 supprimé
772 636 37 14 ces
827 631 57 19 deux
900 636 30 13 ou
946 629 54 20 trois

532 665 61 17 cents
605 661 129 21 kilomètres
742 662 28 19 de
785 667 50 14 mer
852 660 38 25 qui
899 666 59 14 nous
967 660 33 19 sé-

532 696 78 21 parent
622 693 29 20 de
664 693 21 19 la
702 692 84 20 France
800 695 22 16 et
837 691 46 25 qui,
899 690 45 20 bon
961 690 39 24 gré

532 724 43 19 mal
580 724 47 24 gré,
638 729 56 14 nous
703 726 92 17 mettent
803 723 13 19 à
823 723 21 19 la
852 721 68 21 merci
934 721 66 20 d’une

531 754 131 25 compagnie
679 754 28 20 de
716 753 133 25 navigation,
856 751 80 26 qu’elle
944 751 56 25 s’ap-

531 785 57 24 pelle
596 785 121 20 Fraissinet
725 791 29 13 ou
763 783 151 25 Tartempion.

555 815 24 21 Si
587 816 45 20 l’on
644 822 37 14 me
693 818 85 22 permet
794 820 45 14 une
853 813 80 24 image,
943 818 56 14 nous

531 852 96 15 sommes
644 853 31 13 un
696 852 51 19 peu,
760 849 23 16 et
798 845 73 20 même
884 844 115 23 beaucoup

531 876 55 20 dans
604 877 22 20 la
639 876 104 21 situation
755 876 53 20 d’un
826 874 87 21 malade
932 873 66 25 qu’on

530 907 147 21 alimenterait
684 906 183 21 artificiellement
879 911 41 19 par
927 910 32 14 un
966 907 34 16 tu-

530 938 28 20 be
570 938 28 20 de
610 938 142 21 caoutchouc.
763 938 18 20 Il
790 943 29 15 ne
831 936 33 21 vit
873 941 47 20 pas,
932 934 16 21 il
963 934 36 20 vé-

529 970 57 24 gète.
597 969 25 20 Si
640 976 31 13 un
685 968 92 21 docteur
793 966 106 22 décrétait
911 971 45 19 que
972 970 27 15 ce

529 998 87 22 malade
627 1003 34 17 est
669 999 70 25 l’égal,
752 998 178 26 physiquement,
944 996 54 20 d’un

530 1030 89 20 homme
634 1030 48 21 sain
701 1030 39 25 qui
758 1029 122 21 s’alimente
896 1033 41 19 par
959 1026 39 21 des

530 1061 61 20 voies
612 1061 118 23 normales,
746 1066 55 15 vous
816 1059 68 21 diriez
903 1063 46 20 que
972 1063 26 13 ce

529 1092 91 20 docteur
632 1095 35 17 est
679 1091 170 25 complètement
864 1089 46 20 fou.
924 1087 33 23 Et,
967 1087 28 20 du

529 1126 64 19 reste,
613 1128 56 14 vous
690 1128 29 14 ne
743 1121 124 21 trouveriez
884 1119 64 26 point
969 1118 28 19 de

529 1153 91 21 docteur
633 1159 56 19 pour
701 1152 98 21 affirmer
806 1158 46 14 une
860 1150 52 21 telle
921 1149 76 20 absur-

528 1184 54 20 dité.

553 1215 56 20 Mais
626 1215 86 24 l’image
725 1218 34 17 est
775 1219 81 15 encore
868 1211 73 21 moins
952 1209 44 21 élo-

529 1249 82 22 quente
620 1252 45 19 que
672 1246 22 20 la
699 1245 83 21 réalité:
788 1243 18 21 Il
814 1243 56 20 n’est
877 1248 40 19 pas
921 1247 32 14 un
959 1240 37 20 dé-

528 1280 125 21 partement
670 1275 95 25 français
777 1274 40 26 qui
829 1280 30 14 ne
876 1272 44 21 soit
933 1271 61 23 relié,

528 1308 144 20 directement
696 1313 30 14 ou
750 1305 175 21 indirectement,
951 1307 43 14 aux

527 1338 96 25 grandes
629 1338 83 20 artères
720 1335 131 22 nationales,
855 1333 54 25 qu’il
918 1332 76 25 s’agis-

527 1375 25 14 se
560 1369 28 20 de
595 1372 76 17 routes
679 1374 29 14 ou
717 1368 29 20 de
762 1365 61 22 voies
836 1364 90 21 ferrées.
943 1363 50 20 Pre-

528 1406 40 14 nez
579 1400 117 24 n’importe
709 1398 52 26 quel
777 1396 102 22 chef-lieu
897 1395 96 19 d’arron-

527 1431 128 23 dissement,
668 1436 29 14 en
711 1429 83 20 France
801 1426 155 22 continentale,
971 1428 22 17 et

527 1467 55 15 vous
593 1467 57 14 vous
669 1460 91 20 rendrez
779 1461 87 21 compte
881 1463 52 19 que,
943 1462 50 14 sou-

527 1495 52 17 vent
586 1497 42 19 par
635 1498 32 14 un
676 1490 79 25 simple
766 1488 89 21 crochet
867 1494 30 14 ou
907 1494 41 18 par
961 1493 30 13 un

526 1523 79 25 simple
620 1522 146 25 changement
773 1520 27 20 de
811 1519 65 23 train,
886 1525 31 13 un
931 1521 62 18 auto-

525 1553 112 21 mobiliste
647 1558 28 15 ou
692 1558 31 14 un
742 1556 111 20 voyageur
864 1549 128 21 ferroviaire

525 1587 104 22 peuvent,
638 1589 29 15 en
674 1583 59 20 deux
745 1582 86 21 heures,
849 1580 109 21 atteindre
970 1580 21 21 la

525 1618 63 17 route
596 1621 30 13 ou
634 1614 22 20 le
665 1613 58 21 train
738 1612 38 25 qui
785 1612 34 20 les
831 1612 118 20 mèneiont
960 1611 32 21 di-

525 1648 121 18 rectement
657 1648 22 17 et
690 1643 137 26 rapidement
844 1649 43 14 aux
904 1645 87 18 centres

525 1676 138 25 importants.
673 1674 93 21 Centres
781 1674 168 25 économiques,
962 1674 29 20 où

525 1710 135 22 convergent
667 1711 44 15 non
721 1704 123 21 seulement
855 1708 62 17 toute
925 1704 67 21 l’acti-

524 1737 45 20 vité
577 1737 66 20 d’une
651 1735 141 27 région,mais
804 1742 81 14 encore
894 1736 33 20 les
941 1742 50 18 pro-

524 1768 58 21 duits
595 1773 68 16 venus
679 1767 28 21 de
719 1771 51 17 tous
783 1767 33 21 les
833 1767 74 25 points
921 1766 29 21 de
969 1766 22 20 la

525 1799 83 21 France
613 1805 29 14 ou
648 1799 28 20 de
688 1799 123 25 l’étranger.

549 1830 33 20 En
599 1829 78 25 Corse,
700 1836 29 14 au
748 1829 116 24 contraire,
879 1835 56 14 avec
959 1835 30 13 un

523 1862 77 19 réseau
609 1861 84 20 routier
699 1860 127 21 insuffisant
837 1863 24 18 et
868 1867 31 13 un
911 1860 79 20 réseau

522 1891 58 21 ferré
600 1891 144 26 insignifiant,
761 1892 16 20 il
793 1891 49 21 faut
863 1894 78 17 autant
962 1890 28 21 de

522 1926 71 22 temps
613 1929 57 19 pour
677 1929 26 14 se
719 1923 87 22 rendre,
824 1929 41 18 par
880 1921 107 25 exemple,

522 1952 28 21 de
567 1953 146 21 Ghisonaccia
731 1954 14 19 à
757 1953 90 25 Ajaccio
860 1958 40 20 par
907 1952 23 20 la
939 1951 50 20 voie

521 1983 72 22 ferrée
609 1990 45 19 que
666 1990 57 19 pour
737 1984 54 20 aller
799 1983 124 25 d’Avignon
929 1982 14 20 à
949 1981 40 21 Pa-

521 2014 31 21 ris
560 2018 29 21 et,
611 2021 41 19 par
664 2015 23 20 la
702 2018 70 20 route,
787 2017 78 18 autant
877 2013 29 21 de
917 2016 71 21 temps

521 2051 44 19 que
586 2052 58 19 pour
660 2045 55 21 aller
729 2046 27 20 de
770 2044 109 21 Marseille
899 2044 13 20 à
926 2042 61 21 Nice.

521 2076 54 21 Cela
588 2077 76 23 serait,
677 2082 82 15 encore
776 2081 44 19 peu
835 2075 29 20 de
881 2074 75 23 chose,
969 2073 19 21 si

520 2113 38 15 ces
571 2107 38 21 dix
626 2108 81 20 heures
714 2107 30 20 de
752 2105 88 21 chemin
855 2105 27 20 de
894 2104 35 21 fer
937 2111 51 13 con-

520 2138 81 21 duisait
627 2138 119 21 l’acheteur
753 2138 14 19 à
780 2143 32 14 un
828 2139 75 18 centre
920 2135 69 25 large-

519 2173 63 17 ment
604 2168 180 26 approvisionné.
802 2167 57 20 Mais
876 2169 113 18 comment

519 2200 134 22 seraient-ils
674 2199 52 21 bien
742 2197 192 27 approvisionnés,
951 2202 37 15 ces

519 2235 87 17 centres
619 2231 39 25 qui
673 2237 29 13 ne
718 2229 114 25 reçoivent
839 2228 66 26 qu’au
913 2233 75 19 comp-

518 2265 108 23 te-goutte
642 2262 33 20 les
690 2260 99 27 produits
806 2259 33 21 les
848 2258 51 26 plus
912 2259 76 20 néces-

519 2293 82 21 sairesà
614 2294 14 19 à
635 2293 23 20 la
664 2292 35 20 vie
710 2295 24 16 et
741 2298 12 13 a
761 2291 77 20 l’essor
847 2290 29 20 du
888 2295 56 19 pays
949 2288 39 22 ?Et

519 2324 47 25 qui,
583 2329 41 20 par
643 2323 102 20 surcroît,
766 2321 33 20 les
819 2320 114 25 reçoivent
940 2326 48 18 gre-

519 2356 40 19 vés
567 2355 28 20 de
612 2353 92 25 charges
714 2353 46 20 très
769 2351 96 24 lourdes,
881 2351 56 20 dues
945 2356 43 15 aux

519 2385 117 25 exigences
650 2384 40 20 des
700 2386 130 20 armateurs,
844 2388 43 14 aux
901 2381 87 20 avaries

518 2416 108 23 diverses,
639 2425 26 4 —
678 2414 39 25 qui
735 2416 84 17 restent
835 2412 102 25 toujours
959 2418 28 14 au

518 2450 88 21 compte
628 2446 30 21 du
667 2447 151 21 commerçant
824 2453 28 4 —
859 2446 22 17 et
889 2444 14 19 à
919 2442 23 21 la
950 2443 37 20 né-

518 2477 80 21 cessité
614 2476 30 21 où
656 2481 26 15 se
689 2477 104 18 trouvent
810 2473 85 21 ceux-ci
912 2474 29 20 de
949 2473 39 20 fai-

518 2514 25 14 re
559 2511 74 17 entrer
650 2506 55 20 dans
724 2506 22 20 le
762 2505 70 20 calcul
850 2505 29 20 du
896 2504 51 26 prix
960 2504 28 20 de

518 2542 71 20 vente,
602 2538 34 20 les
653 2536 53 21 frais
718 2536 147 22 d’assurance,
878 2535 29 21 de
921 2535 67 20 doua-

518 2575 36 18 ne,
569 2569 28 20 de
617 2567 147 24 manutation,
773 2566 28 20 de
815 2572 70 18 casse,
903 2566 29 20 de
943 2566 45 20 mé-

518 2603 65 17 vente
594 2598 68 21 fatale
674 2598 56 20 dans
744 2604 30 14 un
792 2597 154 25 département
958 2597 29 19 où

518 2630 102 21 l’activité
635 2628 147 25 économique
798 2633 26 15 se
835 2626 79 22 raréfie
928 2627 59 20 d’an-

518 2661 42 20 née
577 2667 28 13 en
620 2660 105 20 année....

543 2691 70 22 Voilà,
629 2689 80 21 n’est-il
721 2695 40 19 pas
782 2688 55 24 vrai,
859 2695 46 14 une
921 2688 64 21 situa-

518 2722 46 20 tion
569 2720 175 26 exceptionnelle
748 2719 12 22 ?
765 2719 147 25 figurez-vous
918 2719 67 26 qu’on

518 2758 29 15 ne
559 2752 28 20 l’a
614 2758 41 19 pas
683 2751 104 25 compris,
806 2757 31 18 qu
844 2757 29 13 on
891 2751 38 20 n’a
946 2755 40 20 pas

518 2783 66 20 voulu
588 2786 24 16 et
619 2782 67 25 qu’on
694 2787 30 15 ne
736 2785 52 17 veut
795 2787 41 19 pas
844 2781 22 20 le
873 2787 105 19 compren

518 2814 47 20 dre.

543 2844 17 20 Il
573 2850 29 14 en
615 2843 92 20 découle
728 2846 105 22 pourtant
850 2842 40 21 des
911 2842 77 21 consé-

518 2880 97 20 quences
639 2873 117 25 capitales..
775 2873 62 21 Nous
854 2873 33 20 les
906 2872 82 21 exami-

518 2911 89 17 nerons,
624 2911 30 14 au
667 2904 24 20 fil
705 2904 40 20 des
754 2904 72 25 jours,
850 2910 37 14 car
901 2903 17 20 il
931 2904 57 20 n’est

518 2942 39 18 pas
569 2936 56 20 dans
640 2938 64 17 notre
718 2934 111 21 intention
841 2934 28 21 de
879 2933 57 22 faire
943 2940 45 14 une

518 2966 65 21 étude
589 2966 157 24 économique.
752 2966 20 19 A
784 2971 89 14 mesure
880 2971 46 19 que
931 2970 57 15 nous

518 3003 112 18 avançons
642 2996 56 20 dans
710 2996 23 20 la
746 2996 36 20 vie
799 3001 58 15 nous
871 3002 59 14 nous
938 3002 50 14 ren-

518 3027 56 20 dons
582 3030 88 22 compte
684 3026 28 20 de
719 3026 110 21 l’inutilité
837 3026 92 21 absolue
943 3026 39 20 des

518 3058 83 23 études,
615 3057 40 20 des
660 3061 102 20 rapports
779 3060 22 17 et
816 3057 40 19 des
869 3056 103 21 discours
978 3063 7 17 ;

518 3088 15 19 il
552 3088 35 24 n’y
607 3094 14 14 a
655 3087 109 20 vraiment
795 3087 84 25 qu’une
915 3087 69 21 chose

518 3119 37 24 qui
578 3121 89 22 compte
681 3124 8 13 :
701 3117 132 21 l’ACTION
847 3118 139 22 DIRECTE.

542 3148 55 21 Mais
618 3151 57 17 cette
691 3148 82 24 action,
794 3148 17 21 il
830 3151 47 17 faut
887 3149 23 19 la
924 3148 64 25 justi-

518 3179 39 20 fier
566 3186 6 12 :
582 3179 19 20 si
612 3179 43 20 elle
671 3179 99 24 s’appuie
786 3185 40 14 sur
837 3179 23 20 le
875 3179 46 20 bon
935 3185 52 14 sens

518 3213 22 16 et
565 3215 39 14 sur
625 3209 98 20 l’intérêt
744 3209 98 25 général,
852 3209 43 20 elle
906 3213 36 16 est
957 3209 31 19 lé-

518 3240 82 24 gitime.
614 3240 34 20 Ne
665 3239 123 21 cherchons
797 3245 41 19 pas
846 3240 51 24 plus
911 3239 75 20 loin...

756 3289 81 21 Henri
848 3289 110 21 Omessa.

564 3333 100 21 L’Eveil
674 3332 32 22 de
716 3333 27 21 la
756 3332 76 22 Corse
843 3338 89 21 14-1-25

543 3397 168 20 Sommes-nous
716 3396 53 20 bien
780 3402 29 13 en
823 3395 71 24 1926?
905 3395 32 19 Le
953 3400 35 14 ca-

517 3427 98 19 lendrier
622 3426 22 20 le
648 3426 40 19 dit.
695 3425 30 20 Je
739 3425 63 21 n’ose
809 3425 22 20 le
836 3425 79 20 croire.
926 3425 61 20 Dans

517 3463 37 13 ses
566 3459 226 17 recommencements
799 3455 103 23 éternels,
919 3455 23 20 la
950 3455 38 20 né-

518 3487 80 19 cessité
610 3492 58 14 nous
685 3486 91 19 ramène
788 3492 30 13 au
844 3491 81 18 moyen
945 3486 42 23 âge

518 3516 47 25 qui,
582 3516 121 23 lui-même,
717 3515 114 25 plongeait
847 3521 36 14 ses
900 3515 87 20 racines

518 3546 57 20 dans
596 3545 132 25 l’antiquité.
748 3545 118 20 L’histoire
881 3552 30 13 ne
931 3551 57 14 nous

518 3576 56 20 offre
586 3576 83 25 jamais
685 3575 49 20 rien
757 3575 29 20 de
806 3581 103 14 nouveau
927 3575 20 20 si
964 3581 25 14 ce

518 3606 58 19 n’est
594 3609 60 17 cette
672 3605 72 20 vérité
763 3605 102 24 toujours
886 3605 104 20 nouvelle

519 3642 45 17 que
579 3636 105 19 l’homme
702 3635 114 20 n’invente
830 3635 48 20 rien
900 3639 23 16 et
937 3634 53 26 qu’il

518 3668 80 17 tourne
613 3665 56 20 dans
681 3665 21 19 le
710 3666 73 19 cercle
788 3665 40 19 des
836 3665 43 20 lois
884 3664 107 25 auxquel-

518 3695 34 19 les
573 3695 15 19 il
615 3695 47 19 doit
682 3694 72 21 obéir.
775 3695 93 19 J’ouvre
889 3694 103 21 Michelet

1028 303 44 14 aux
1085 302 69 19 pages
1163 295 88 21 sombre
1268 294 27 20 de
1310 300 42 14 son
1361 293 101 21 Histoire
1470 291 29 20 de

1027 327 90 20 France
1130 330 23 16 et
1166 326 24 25 je
1204 326 27 19 lis
1244 325 45 21 ceci
1300 331 6 14 :

1052 357 70 24 Déjà,
1132 363 30 13 en
1177 356 56 24 1343,
1253 356 26 20 la
1285 361 81 19 guerre
1374 353 67 20 avait
1452 351 47 25 for-

1027 388 29 19 cé
1068 386 111 25 Philippe
1195 386 30 20 de
1244 386 75 20 Valois
1327 385 30 20 de
1372 382 127 22 demander

1027 424 49 14 aux
1083 417 70 20 Etats
1161 423 31 14 un
1204 417 62 19 droit
1277 416 29 20 de
1314 417 83 24 quatre
1407 412 91 21 deniers

1024 451 48 21 par
1088 448 59 20 livre
1163 453 40 14 sur
1218 447 34 20 les
1273 444 179 23 marchandises,
1468 442 29 20 le-

1026 479 57 25 quel
1088 478 82 20 devait
1177 478 46 19 être
1224 480 71 22 perçu
1303 476 16 20 à
1327 475 90 24 chaque
1421 474 74 19 vente.

1029 511 30 19 Ce
1075 508 82 21 n'était
1170 511 46 21 pas
1231 507 125 20 seulement
1371 511 31 14 un
1416 503 79 24 impôt,

1026 540 77 21 c'était
1120 545 46 14 une
1184 536 135 22 intolérable
1326 534 116 22 vexation,
1452 538 45 15 une

1024 576 82 19 guerre
1131 571 79 18 contre
1218 568 22 20 le
1256 572 129 15 commerce.
1398 564 33 20 Le
1444 566 52 21 per-

1025 603 93 23 cepteur
1126 599 103 25 campait
1235 604 42 14 sur
1281 597 21 20 le
1308 594 98 24 marché,
1408 594 88 25 espion-

1025 631 52 20 nait
1084 628 141 22 marchands
1232 630 24 18 et
1263 626 125 21 acheteurs,
1405 624 91 20 mettait

1025 662 25 19 la
1067 661 65 20 main
1141 660 17 20 à
1168 661 73 18 toutes
1247 658 35 20 les
1293 655 94 26 poches,
1401 653 94 20 deman-

1025 692 53 20 dait
1093 690 97 26 (comme
1205 689 20 20 il
1239 687 79 21 arriva
1333 691 54 15 sous
1400 682 95 22 Charles

1028 721 38 26 VI)
1081 728 29 14 sa
1124 723 56 20 part
1195 725 39 15 sur
1248 724 32 14 un
1295 723 41 14 sou
1351 714 101 21 d'herbe.
1465 713 30 20 Ce

1024 753 69 22 droit,
1108 751 44 26 qui
1167 750 58 21 n’est
1240 750 66 19 autre
1314 752 46 20 que
1367 743 127 22 Valcavala

1024 782 122 27 espagnol,
1164 781 61 20 alors
1245 778 134 21 récemment
1394 775 71 20 établi
1477 774 17 19 à

1024 813 123 22 l’occasion
1163 812 41 19 des
1216 814 93 20 guerres
1315 807 42 20 des
1368 806 100 21 Maures,
1477 810 16 14 a

1024 846 42 19 tué
1080 841 129 23 l'industrie
1220 840 31 19 de
1266 838 130 24 l'Espagne.
1406 834 87 25 Philip-

1021 880 32 20 pe
1068 874 31 20 de
1110 872 77 21 Valois
1198 869 87 26 promit
1301 874 28 14 en
1343 867 148 23 récompense,

1024 906 30 20 de
1067 904 101 25 frapper
1179 901 30 20 de
1222 900 75 20 bonne
1311 897 113 22 monnaie,
1435 901 58 14 com-

1023 942 37 15 me
1075 935 33 20 du
1125 935 73 22 temps
1214 931 29 20 de
1258 929 64 21 saint
1334 928 75 20 Louis.

1050 966 61 20 Nous
1120 964 135 26 promettant
1264 960 39 20 des
1309 959 73 21 billets
1399 957 28 20 de
1441 959 52 18 cent

1023 997 74 20 francs
1117 994 40 26 qui
1166 992 110 21 vaudront
1284 993 50 17 cent
1342 989 81 22 francs,
1433 993 59 14 com-

1022 1034 37 14 me
1077 1026 30 20 du
1130 1029 73 19 temps
1221 1022 29 20 de
1276 1020 67 21 Louis
1360 1018 78 23 XVIII,
1461 1017 30 20 M.

1023 1059 105 20 Doumer,
1134 1060 56 15 avec
1197 1053 21 20 la
1224 1057 50 16 taxe
1278 1058 39 14 sur
1322 1051 33 20 les
1361 1049 129 24 paiements,

1022 1086 119 23 ressuscite
1156 1085 22 20 la
1192 1083 100 21 maltôte.
1304 1081 73 25 Impôt
1391 1080 102 25 impopu-

1022 1120 54 20 laire
1093 1123 41 20 par
1145 1114 132 23 excellence,
1295 1118 87 15 comme
1394 1114 51 17 tous
1459 1110 33 20 les

1021 1150 82 24 impôts
1117 1147 29 20 de
1155 1143 181 24 consommation,
1346 1148 86 15 comme
1440 1145 51 17 tous

1021 1181 33 20 les
1066 1179 83 24 impôts
1166 1175 112 22 indirects.
1297 1174 62 21 Nous
1370 1178 120 16 revenons,

1021 1211 44 21 bon
1085 1209 40 25 gré
1140 1207 45 21 mal
1209 1207 46 25 gré,
1271 1206 18 25 ,à
1302 1205 22 20 la
1341 1204 64 21 mala
1424 1203 65 24 tolta,

1020 1243 13 19 à
1050 1241 21 20 la
1085 1238 115 22 mauvaise
1215 1237 67 25 prise.
1300 1236 31 20 La
1351 1235 140 26 République

1020 1272 47 20 doit
1078 1269 61 22 aussi
1157 1275 24 14 se
1194 1267 55 21 faire
1270 1267 129 21 maltôtière.

1044 1333 91 20 J’ouvre
1153 1337 80 15 encore
1246 1330 111 23 Michelet,
1375 1336 29 14 au
1416 1329 74 20 même

1018 1364 56 21 livre
1087 1363 31 21 du
1132 1369 81 19 moyen
1223 1363 50 24 âge.
1282 1362 62 20 Nous
1360 1364 129 17 remontons

1018 1396 14 20 à
1051 1394 103 26 Philippe
1163 1394 21 20 le
1196 1394 46 22 Bel,
1260 1394 21 19 le
1297 1392 34 21 roi
1340 1397 12 11 «
1363 1391 52 21 faux
1423 1397 64 15 mon-

1018 1432 85 19 nayeur
1112 1434 20 12 ».
1151 1425 50 25 Que
1215 1424 74 21 faisait
1305 1424 59 20 donc
1386 1422 103 25 Philippe

1017 1458 22 20 le
1056 1457 39 20 Bel
1109 1456 13 21 ?
1132 1456 35 21 De
1181 1456 122 21 l’inflation.
1320 1463 10 11 <«
1338 1454 25 21 Il
1367 1454 76 21 altéra
1451 1460 38 14 en-

1017 1495 51 15 core
1077 1488 33 21 les
1124 1487 128 24 monnaies,,
1258 1488 153 24 augmentant
1426 1485 23 21 le
1461 1485 28 21 ti-

1017 1523 35 18 tre
1065 1522 25 18 et
1096 1519 134 21 diminuant
1239 1518 22 21 le
1267 1517 70 26 poids
1340 1524 12 17 ;
1358 1523 56 15 avec
1427 1517 62 21 deux

1017 1553 69 20 livres
1106 1552 20 20 il
1141 1558 29 13 en
1189 1550 84 26 payait
1290 1549 57 21 huit.
1357 1553 11 12 »
1387 1549 103 24 Banque-

1017 1586 64 18 route
1090 1582 40 21 des
1147 1582 56 20 trois
1216 1584 84 22 quarts,
1312 1581 65 24 après
1393 1579 96 25 laquelle

1017 1615 62 20 vient
1090 1613 22 21 la
1127 1614 153 24 banqueroute
1299 1611 40 20 des
1348 1614 78 22 quatre
1442 1610 47 21 cin-

1017 1645 110 26 quièmes.

1042 1676 40 21 Tel
1095 1680 36 17 est
1133 1675 123 26 justement
1270 1673 21 20 le
1303 1673 64 25 point
1378 1673 29 19 où
1416 1678 28 14 en
1454 1675 34 17 est

1016 1708 67 20 l’Etat
1102 1706 97 24 français
1216 1711 28 14 en
1262 1703 58 26 1926.
1339 1703 18 21 Il
1376 1710 57 18 paye
1451 1708 36 15 ses

1016 1739 71 20 dettes
1107 1743 58 15 avec
1187 1736 39 20 des
1244 1735 75 20 francs
1341 1735 40 25 qui
1412 1734 76 21 valent

1016 1773 78 23 quatre
1112 1774 63 16 sous.
1188 1767 19 21 Il
1221 1773 65 14 verse
1295 1765 55 21 trois
1366 1765 122 25 francs-pa-

1016 1801 55 25 pier,
1086 1799 132 22 c’est-à-dire
1231 1798 100 20 soixante
1353 1797 59 20 vrais
1436 1802 51 15 cen-

1016 1832 71 22 times,
1097 1837 45 14 aux
1150 1829 93 22 rentiers
1257 1830 14 18 à
1284 1828 38 25 qui
1339 1827 17 21 il
1364 1827 59 20 avait
1437 1833 51 19 pro-

1016 1863 43 20 mis
1073 1862 57 21 trois
1145 1860 115 21 francs-or.
1280 1867 5 5 -

1041 1893 27 21 Et
1083 1893 17 20 il
1113 1892 76 20 arrive
1204 1890 60 21 aussi
1283 1896 26 14 ce
1322 1889 38 25 qui
1386 1888 99 21 arrivait:

1016 1933 10 11 «
1042 1924 60 20 Tous
1124 1923 35 20 les
1178 1922 112 20 débiteurs
1311 1919 130 27 profitèrent
1458 1919 28 21 de

1016 1954 125 21 l’occasion.
1151 1958 12 11 »
1181 1952 19 21 Il
1213 1951 110 22 suivaient
1334 1949 115 26 l’exemple
1458 1950 27 20 de

1016 1986 69 20 l’Etat.
1103 1985 20 20 Il
1136 1990 26 15 se
1177 1982 116 22 libéraient
1305 1982 14 20 à
1327 1982 45 20 bon
1387 1980 97 21 marché.

1016 2017 56 20 D’où
1087 2015 111 26 querelles
1211 2019 52 15 sans
1280 2012 101 24 nombre,
1399 2012 33 20 dit
1445 2011 41 21 Mi-

1016 2047 77 22 chelet.
1113 2046 46 20 Ces
1172 2044 109 27 querelles
1297 2047 52 18 sont
1364 2043 49 25 déjà
1431 2043 54 20 nées

1016 2079 27 21 de
1058 2082 66 17 notre
1141 2077 64 20 franc
1224 2076 14 20 à
1254 2079 78 21 quatre
1347 2080 59 15 sous.

1040 2109 144 21 Pourra-t-on
1202 2107 116 20 continuer
1326 2106 13 19 à
1354 2105 90 25 ignorer
1452 2103 32 21 of-

1016 2140 142 21 ficiellement
1179 2137 53 26 qu’il
1245 2143 29 14 ne
1286 2136 66 21 vaille
1367 2142 45 18 que
1431 2141 54 19 qua-

1016 2176 32 16 tre
1064 2170 67 22 sols?
1138 2169 62 21 Tous
1216 2168 34 21 les
1265 2168 65 25 jouss
1347 2167 28 20 ils
1395 2172 24 14 se
1436 2166 49 24 pré-

1016 2206 61 17 sente
1093 2202 40 19 des
1152 2206 38 15 cas
1205 2199 53 25 qu’il
1272 2198 48 20 faut
1333 2197 112 21 trancher.
1458 2196 27 20 Et

1016 2233 56 20 voilà
1091 2238 45 19 que
1151 2231 22 20 la
1183 2230 80 26 jusiiee
1276 2235 24 14 se
1311 2232 47 17 met
1370 2229 15 19 à
1395 2227 90 21 décider

1016 2267 75 18 contre
1109 2263 23 20 la
1149 2261 104 21 monnaie
1275 2260 70 25 légale

1039 2293 133 27 Cependant
1177 2293 22 20 le
1207 2291 113 22 créancier
1330 2289 111 22 allemand
1450 2292 35 17 est

1016 2326 48 25 déjà
1087 2325 77 20 mieux
1182 2323 65 21 traité
1265 2328 44 19 que
1328 2321 22 21 le
1372 2319 113 22 créancier

1016 2356 101 24 français.
1133 2355 32 20 Le
1181 2353 97 26 premier
1292 2355 34 18 est
1341 2356 11 12 «
1362 2351 95 21 valorisé
1472 2355 11 11 »

1016 2388 10 19 à
1044 2386 126 26 vingt-cinq
1190 2391 56 19 pour
1269 2386 58 18 cent.
1356 2382 31 21 Le
1400 2381 84 21 second

1016 2425 27 14 ne
1055 2418 50 20 l’est
1127 2416 52 26 qu’à
1200 2416 68 24 vingt,
1290 2418 23 17 et
1331 2414 81 23 même,
1438 2419 47 13 cer-

1016 2449 55 20 tains
1085 2448 66 25 jours
1171 2445 58 27 (voir
1252 2445 24 21 le
1285 2465 3 3 .
1293 2451 68 14 cours
1377 2444 29 21 de
1420 2447 65 17 notre

1016 2479 103 21 monnaie
1130 2484 30 14 au
1169 2475 95 27 dehors),
1276 2477 13 20 à
1300 2474 108 22 dix-neuf.
1426 2474 19 20 Il
1450 2477 35 18 est

1016 2517 26 14 en
1056 2509 59 21 droit
1136 2507 30 22 de
1179 2508 102 21 craindre
1299 2507 56 25 pire.

1039 2575 43 20 Par
1095 2580 46 14 une
1155 2573 70 20 ironie
1239 2571 123 25 sanglante,
1370 2570 18 21 il
1403 2577 13 14 a
1428 2576 55 19 paru

1014 2611 37 15 ces
1057 2604 94 26 jours-ci
1161 2605 55 19 dans
1229 2609 43 14 nos
1280 2602 117 25 journaux,
1406 2605 23 16 et
1437 2601 46 20 mê-

1014 2642 36 14 me
1061 2636 15 20 à
1092 2638 67 17 notre
1171 2634 100 21 Journal
1282 2633 86 25 officiel,
1387 2639 30 14 un
1435 2632 49 20 avis

1014 2666 29 21 du
1059 2668 179 23 gouvernement
1255 2664 29 21 de
1296 2663 76 22 Berlin
1389 2663 95 20 invitant

1014 2697 31 21 lés
1061 2697 112 20 titulaires
1194 2695 95 25 français
1310 2695 41 20 des
1379 2695 105 20 créances

1014 2728 168 25 hypothécaires
1194 2733 28 15 en
1232 2726 129 25 Allemagne
1368 2726 15 20 à
1392 2731 25 15 se
1429 2725 56 21 faire

1014 2759 114 21 connaître
1141 2764 54 15 sans
1208 2758 73 20 retard
1295 2764 57 18 pour
1365 2755 119 22 bénéficier

1014 2790 39 20 des
1069 2792 122 22 avantages
1203 2789 28 20 de
1248 2788 21 20 la
1292 2787 149 22 valorisation.
1460 2787 23 21 Si

1014 2826 55 15 vous
1086 2821 48 20 êtes
1150 2819 112 22 créancier
1276 2825 29 15 au
1313 2819 51 21 delà
1371 2819 31 20 du
1416 2818 67 24 Rhin,

1014 2858 55 14 vous
1079 2857 29 15 ne
1125 2851 92 26 perdrez
1229 2857 45 19 que
1287 2850 33 21 les
1335 2850 56 21 trois
1399 2852 84 22 quarts.

1014 2882 23 22 Si
1051 2888 56 15 vous
1125 2882 48 21 êtes
1189 2882 112 21 créancier
1318 2881 29 21 de
1363 2887 27 15 ce
1397 2880 86 22 côté-ci,

1014 2919 55 15 vous
1083 2913 94 25 perdrez
1192 2913 33 21 les
1239 2916 79 22 quatre
1337 2911 146 26 cinquièmes,

1014 2951 28 14 en
1055 2944 123 21 admettant
1192 2950 44 19 que
1251 2944 24 20 le
1292 2943 64 20 franc
1364 2949 29 14 ne
1408 2941 76 21 tombe

1014 2982 39 19 pas
1066 2976 52 24 plus
1135 2975 41 21 bas
1193 2974 54 26 qu’il
1264 2975 62 20 n’est.

1038 3005 58 22 C’est
1103 3012 46 14 une
1166 3005 105 21 situation
1289 3004 38 25 qui
1336 3010 30 14 ne
1383 3006 54 24 peut
1443 3008 41 19 pas

1014 3044 24 14 se
1055 3037 121 25 prolonger
1195 3042 53 15 sous
1268 3035 65 26 peine
1350 3033 135 21 d’entraîner

1014 3075 31 13 un
1058 3067 90 21 trouble
1166 3073 73 19 grave;
1257 3066 51 24 Que
1325 3065 44 20 l’on
1385 3069 70 19 songe
1471 3063 13 19 à

1014 3105 44 14 une
1076 3098 69 20 chose
1154 3104 7 13 :
1174 3097 22 20 la
1213 3097 83 19 France
1308 3098 35 17 est
1359 3095 21 20 le
1396 3093 89 21 dernier

1014 3135 53 19 pays
1085 3128 114 24 européen
1217 3127 38 24 qui
1278 3128 58 18 reste
1355 3131 29 13 au
1401 3123 84 25 régime

1014 3159 28 20 de
1050 3157 117 22 l’inflation
1173 3160 23 17 èt
1203 3157 30 20 du
1241 3155 78 26 papier
1324 3154 102 25 déprécié
1431 3159 54 15 sans

1014 3189 83 25 qu’une
1105 3187 146 21 stabilisation
1260 3185 45 21 soit
1313 3191 28 14 en
1354 3190 51 14 vue.
1422 3184 62 20 Nous

1014 3224 97 15 sommes
1120 3224 30 14 en
1168 3216 73 21 retard
1257 3222 39 14 sur
1304 3216 33 19 les
1347 3214 89 23 soviets,
1445 3220 40 14 sur

1014 3249 20 20 la
1043 3249 108 23 Pologne,
1161 3253 38 16 sur
1212 3246 152 24 l’Allemagne,
1373 3251 40 14 sur
1425 3244 60 20 l’Au-

1014 3279 70 20 triche
1105 3278 133 20 elle-même.
1259 3276 63 21 Nous
1342 3281 98 15 sommes
1456 3281 27 14 en

1014 3309 73 20 retard
1099 3314 41 14 sur
1153 3307 79 20 l’Italie
1247 3310 24 16 et
1278 3312 38 14 sur
1329 3306 23 20 la
1368 3305 115 25 Belgique.

1014 3339 30 19 La
1060 3339 86 19 France
1163 3337 40 21 fait
1215 3343 44 14 une
1277 3336 64 21 tache
1358 3335 89 21 sombre
1455 3341 29 14 en

1014 3368 87 25 Europe
1122 3374 56 14 avec
1193 3374 25 14 sa
1236 3366 104 21 monnaie
1362 3365 96 21 avariée.

1038 3399 122 20 Comment
1174 3401 49 17 tout
1239 3397 47 20 cela
1304 3395 108 21 finira-t-il
1421 3395 13 20 ?
1442 3395 42 20 Les

1014 3431 118 21 financiers
1139 3431 158 25 anglo-saxons
1314 3430 46 19 s’en
1367 3428 117 24 mêleront,

1014 3462 26 20 ils
1060 3462 129 20 donneront
1204 3467 45 13 une
1259 3460 61 24 règle
1333 3460 30 20 de
1379 3459 105 20 conduite

1014 3493 11 19 à
1042 3492 21 20 la
1071 3491 136 20 démocratie
1214 3490 110 24 française
1341 3493 28 20 et,
1385 3495 57 19 pour
1447 3490 39 19 ob-

1014 3528 76 14 server
1096 3521 23 20 la
1129 3521 68 24 règle,
1211 3527 31 13 un
1250 3523 183 22 gouvernement.
1443 3519 42 21 Ge-

1014 3552 21 20 la
1048 3558 25 14 se
1081 3551 48 21 fera
1148 3551 21 20 si
1177 3558 26 13 ce
1215 3551 57 19 n’est
1280 3550 49 24 déjà
1338 3550 58 20 dans
1407 3549 49 20 l’air
1464 3553 22 17 et

1014 3583 74 19 même
1100 3588 31 13 en
1145 3581 67 20 train.

1259 3616 25 19 J.
1299 3615 162 21 BAINVILLE.

1064 3658 48 20 L’A
1116 3657 61 20 ction
1189 3657 126 24 Française

1552 101 58 21 Tout
1627 100 20 21 le
1665 98 82 22 monde
1760 104 12 14 a
1787 103 29 19 pu
1834 95 65 21 saisir
1915 93 50 26 déjà
1973 93 21 21 la

1526 132 119 20 différence
1661 130 28 20 de
1703 133 39 17 ton
1755 132 23 16 et
1791 125 114 23 d'attitude
1917 124 54 26 qu’il
1980 129 14 19 y

1525 170 14 13 a
1556 166 63 17 entre
1627 161 22 20 le
1658 161 74 20 récent
1740 159 101 20 discours
1850 156 29 21 de
1895 156 30 20 M.
1935 154 59 21 Aris-

1525 193 46 21 tide
1585 191 82 21 Briand
1684 196 38 15 sur
1741 189 22 20 le
1777 188 75 20 Maroc
1868 189 22 17 et
1904 186 32 20 les
1950 184 44 20 dis-

1525 229 66 15 cours
1603 222 29 20 de
1652 221 30 20 M.
1702 218 112 22 Painlevé.
1841 217 31 20 M.
1888 215 105 21 Painlevé

1524 253 74 21 offrait
1611 252 22 20 la
1647 251 58 25 paix.
1723 250 31 20 M.
1763 247 96 22 Aristide
1873 245 81 22 Briand
1964 251 29 14 ne

1524 287 54 17 veut
1590 283 73 20 même
1677 288 40 18 pas
1736 278 118 26 négocier..

1549 311 143 27 Aujourd'hui
1705 311 16 20 il
1734 309 70 26 prend
1812 311 59 18 texte
1879 307 29 20 de
1920 306 73 20 l’arrêt

1523 345 39 19 des
1577 343 108 20 hostilités
1696 347 58 20 pour
1761 345 89 15 assurer
1858 344 44 19 que
1913 337 33 20 les
1954 336 38 20 tri-

1523 375 42 19 bus
1584 372 157 22 abandonnent
1755 370 48 21 leur
1819 368 53 21 chef
1888 367 28 21 de
1927 373 65 19 guer-

1523 412 31 15 re,
1576 407 22 17 et
1609 409 45 19 que
1667 402 21 20 le
1701 400 82 22 rebelle
1797 397 151 23 Abd-el-Krim
1957 401 35 17 est

1522 433 122 22 désormais
1661 432 71 20 réduit
1752 432 14 19 à
1782 429 171 26 l’impuissance.

1546 465 34 22 Au
1594 463 129 26 printemps,
1738 468 30 14 on
1777 460 105 22 entendra
1901 466 45 14 une
1953 465 38 14 au-

1521 499 34 16 tre
1572 494 106 20 chanson.
1700 491 150 22 Abd-el-Krim
1865 496 49 15 sera
1929 489 62 20 rede-

1521 532 59 14 venu
1596 523 164 26 l’indomptable
1774 521 89 21 ennemi
1872 520 54 25 qu’il
1944 519 47 21 faut

1520 557 14 19 à
1551 559 48 17 tout
1611 555 50 25 prix
1675 554 85 20 abattre
1768 559 56 19 pour
1838 552 116 20 l’honneur
1961 550 30 20 de

1521 593 41 14 nos
1576 592 72 14 armes
1665 589 22 16 et
1703 591 58 19 pour
1776 587 64 17 notre
1853 581 102 22 sécurité.

1546 618 37 19 On
1600 615 159 25 entreprendra
1779 614 58 21 donc
1853 614 22 19 la
1894 612 97 25 conquê-

1520 650 22 16 te
1556 647 30 19 du
1602 646 50 20 Riff.

1545 677 45 20 Des
1606 675 107 21 milliards
1727 674 113 26 gaspillés.

1545 708 45 20 Des
1604 706 92 21 milliers
1713 706 28 21 de
1756 709 77 17 morts.

1545 738 61 20 Voilà
1616 738 30 20 où
1655 738 46 20 l’on
1708 744 34 13 va.
1753 737 62 20 Voilà
1825 737 29 20 où
1863 735 44 21 l’on
1917 739 71 16 court.

1762 768 26 20 P.
1798 766 164 22 BERTRAND.

1568 799 33 20 Le
1617 798 122 26 Quotidien

1703 890 95 30 DèM

1543 976 61 20 Nous
1617 981 70 17 avons
1703 975 21 21 le
1741 979 73 22 regret
1822 976 135 20 d’annoncer
1964 974 22 21 la

1517 1010 59 17 mort
1590 1006 28 21 de
1635 1006 52 21 Mlle
1703 1007 67 20 Lucie
1783 1006 83 26 Ottavj,
1880 1005 107 22 fondatri-

1517 1043 26 14 ce
1564 1041 23 17 et
1599 1037 108 21 ancienne
1724 1037 116 21 directrice
1862 1038 40 20 des
1919 1044 67 14 cours

1517 1068 141 21 secondaires
1666 1068 28 21 de
1705 1068 83 26 jeunes
1796 1069 64 24 filles,
1870 1068 39 26 qui
1915 1075 12 14 a
1938 1075 49 14 ren-

1517 1099 29 20 du
1564 1100 28 20 de
1605 1099 20 21 si
1639 1100 82 25 grands
1739 1100 96 21 services
1855 1101 14 19 à
1881 1100 22 20 la
1919 1106 67 15 cause

1516 1130 29 21 de
1562 1130 145 21 l’instruction
1724 1131 108 26 publique
1843 1135 24 17 et
1879 1132 29 20 de
1918 1131 68 21 l’édu-

1516 1161 74 22 cation
1599 1162 40 20 des
1646 1162 79 26 jeunes
1738 1162 57 22 filles
1811 1169 28 15 en
1854 1163 76 21 Corse.

1541 1193 42 21 Ses
1609 1193 111 26 obsèques
1747 1197 41 18 ont
1812 1200 28 14 eu
1867 1194 43 21 lieu
1933 1194 22 21 le
1972 1198 13 21 9

1516 1228 99 20 courant,
1627 1231 54 14 avec
1694 1232 45 14 une
1751 1225 122 21 assistance
1885 1224 101 21 considé-

1515 1256 62 20 rable
1591 1256 28 20 de
1629 1260 96 21 parents,
1743 1256 87 24 d’amis,
1839 1256 145 21 d’anciennes

1515 1287 80 24 élèves,
1614 1290 23 18 et
1657 1287 22 21 le
1701 1294 108 14 concours
1823 1288 113 24 empressé
1956 1287 29 20 de

1515 1321 49 18 tout
1574 1318 22 20 le
1603 1324 66 19 corps
1684 1319 131 25 enseignant
1829 1319 29 21 de
1869 1322 63 18 notre
1945 1319 41 20 vil-

1515 1350 28 20 le.
1554 1348 59 22 Nous
1623 1350 119 21 adressons
1750 1357 45 14 aux
1800 1367 3 3 .
1806 1350 95 21 familles
1907 1350 78 21 attein-

1514 1384 34 17 tes
1567 1387 42 14 nos
1623 1381 97 21 sincères
1739 1381 168 21 condoléances.

1513 1471 185 51 NVTIZIE
1723 1473 53 49 DI
1807 1471 177 51 COmCA

1539 1561 125 22 Aiacciu—
1679 1562 76 20 Morte
1770 1561 27 21 di
1820 1560 163 22 madamicella

1513 1592 74 21 Lucia
1602 1592 90 26 Ottavj.

1538 1635 114 21 Arbellara
1660 1645 26 4 —
1692 1635 75 21 Morte
1783 1635 26 20 di
1820 1641 16 14 u
1849 1634 51 25 sgiò
1915 1633 69 22 Ghiu-

1512 1666 76 21 vanni
1595 1666 133 21 Giacomoni
1734 1665 84 21 d’anni
1825 1665 34 25 64.

1537 1708 59 21 Ascu
1603 1718 28 5 —
1640 1708 22 20 U
1665 1708 53 25 fòcu
1726 1709 14 19 è
1747 1710 114 23 scappatu
1869 1707 25 21 in
1900 1706 24 21 la
1932 1707 52 20 but-

1512 1741 54 23 tega
1575 1739 27 20 di
1605 1746 17 13 u
1629 1739 50 25 sgiò
1686 1738 94 22 Nunziu
1787 1738 78 21 Maria
1874 1737 110 22 Frances-

1512 1770 79 21 chetti.
1599 1770 14 21 1
1620 1770 116 25 disguasti
1741 1770 27 20 sô
1774 1769 94 26 grandi.

1538 1812 115 21 Bonifazîû
1661 1823 27 5 —
1706 1812 21 20 U
1741 1811 94 21 suldatu
1851 1811 108 21 Marsiali
1965 1818 18 13 a

1512 1843 72 21 tiratu
1591 1849 48 15 una
1643 1843 69 25 palla
1719 1843 29 20 di
1762 1842 115 21 rivultella
1885 1849 17 13 a
1910 1849 15 14 u
1935 1842 48 20 sul-

1512 1874 58 21 datu
1589 1874 97 21 Tronnet
1701 1874 40 20 chi
1747 1875 14 19 è
1772 1875 64 19 statu
1854 1879 75 15 messu
1942 1879 15 14 a
1966 1880 17 13 u

1510 1904 100 26 spidale.

1536 1946 64 21 Calvi
1604 1958 28 5 —
1639 1947 73 21 Morte
1719 1947 29 21 di
1758 1953 16 14 u
1787 1947 51 25 sqiò
1854 1947 128 20 Dumenicu

1513 1978 112 22 Ceccaldi,
1632 1978 83 21 d’anni
1717 1977 37 22 82.

1536 2020 101 21 Fozzanu
1642 2030 27 4 —
1673 2021 80 20 Morte,
1760 2027 16 13 a
1784 2020 88 24 Parigi,
1880 2020 27 21 di
1910 2027 15 13 u
1929 2020 53 25 sgià

1510 2051 128 22 Francescu
1649 2051 59 23 Poli,
1716 2051 85 21 d’anni
1805 2051 36 21 3t.

1535 2093 116 21 Grossettu
1660 2105 25 5 —
1693 2094 74 20 Morte
1778 2093 27 21 di
1811 2100 17 13 u
1839 2093 50 25 sgiò
1906 2093 75 25 Stefa-

1510 2130 32 14 nu
1550 2124 129 24 Polverelli',
1688 2124 84 20 d’anni
1781 2123 35 21 61.

1536 2165 30 21 Le
1567 2166 36 20 vie
1610 2176 27 4 —
1644 2166 132 21 Abbracciu
1783 2166 27 21 di
1816 2165 165 22 madamicella

1513 2196 76 21 Tiresa
1596 2197 76 22 Rocca
1682 2197 69 21 Serra
1760 2204 13 14 e
1781 2197 27 21 di
1814 2204 16 14 u
1837 2198 51 25 sgiò
1900 2197 81 20 Lisan-

1509 2227 45 20 dru
1563 2228 134 25 Giacopelli.

1535 2269 110 21 Pietralba
1653 2280 26 4 —
1686 2270 132 21 Abbracciu
1830 2270 27 20 di
1867 2270 113 21 madami-

1509 2301 59 20 cella
1587 2301 110 25 Giuseppi
1703 2308 12 14 e
1722 2301 29 21 di
1757 2308 16 14 u
1784 2301 50 26 sgiò
1841 2301 27 21 F.
1875 2302 32 20 M.
1922 2301 58 21 Suz-

1509 2331 62 21 zoni.

1535 2374 132 25 Quasquara
1675 2384 26 4 —
1707 2374 75 21 Morte
1793 2375 28 20 di
1826 2375 112 20 madama
1943 2381 37 14 ve-

1510 2404 63 21 duva
1584 2404 90 28 Quilici,
1686 2407 59 19 nata
1757 2405 108 21 Paoletti.

1534 2447 170 21 Sartè—Morte
1711 2448 28 20 di
1742 2448 110 21 madama
1857 2448 120 23 Perrucca,

1510 2480 59 18 nata
1575 2478 99 24 Nicolai,
1680 2478 84 21 d’anni
1769 2478 36 22 35.

1534 2519 50 22 Sari
1592 2520 109 21 d’Orcinu
1711 2531 26 4 —
1743 2521 149 22 Matrimoniu
1897 2522 27 20 di
1930 2527 49 15 ma-

1510 2551 123 21 damicella
1656 2552 151 26 Ghiasippina
1824 2552 43 21 Pe?
1870 2556 23 18 et
1892 2553 20 21 ti
1925 2560 29 14 eu
1962 2559 17 14 u

1509 2583 51 24 sgiò
1567 2583 149 26 Meyemberg.

1534 2625 27 5 —
1569 2617 74 20 Morte
1663 2617 26 20 di
1702 2624 15 14 u
1730 2617 52 25 sgiò
1797 2618 64 20 D.M.
1887 2618 90 22 Mattéi,

1509 2646 85 22 d’anni
1600 2647 36 21 81.

1533 2691 28 5 —
1568 2681 74 21 Morte
1676 2682 28 21 di
1728 2682 111 21 madama
1859 2681 120 25 Anghiula

1509 2711 89 24 Mattéi,
1607 2712 84 21 d’anni
1698 2712 34 24 83,

1533 2755 27 4 —
1567 2746 81 23 Morte,
1662 2753 24 14 in
1697 2746 100 24 Tun.sia,
1806 2746 27 21 di
1843 2753 17 13 u
1869 2746 110 24 capurale

1509 2776 119 21 Damianu
1636 2777 106 25 Stefanu.

1534 2818 196 26 Tagliu-Isulacciu
1743 2829 28 5 —
1786 2818 131 21 Abbracciu
1953 2818 28 21 di

1510 2849 162 22 madamicella
1680 2850 27 20 L.
1723 2849 80 21 Cesari
1811 2855 28 14 eu
1852 2855 17 15 u
1880 2849 50 25 sgiò
1947 2849 31 22 D.

1510 2880 106 23 Ansidei.

1580 2909 2 2 '
1617 2914 2 2 .
1626 2908 3 2 ‘
1637 2908 3 10 ;
1896 2910 7 5 u
1966 2908 4 8 ;

1534 2920 92 21 Vivariu
1635 2929 27 5 —
1671 2919 73 21 Morte
1755 2919 27 20 di
1791 2926 15 14 u
1811 2920 52 24 sgiò
1873 2916 106 23 Ghiuvan

1510 2951 103 21 Battista
1626 2950 76 23 Costa,
1712 2950 85 19 d’anni
1803 2949 36 20 80.

1575 3034 141 36 l’«Aaatra
1727 3033 185 45 Marsigliese»

1536 3124 128 22 L’Anatra
1674 3123 159 28 Marsigliese
1843 3123 32 22 ha
1887 3123 91 28 pubbli-

1511 3162 92 23 catun’u
1615 3168 28 16 so
1649 3168 102 16 numeru
1759 3162 39 22 d’u
1811 3165 23 18 iE
1848 3162 133 28 jennaghiu

1513 3195 52 27 1926
1574 3195 118 28 (Edition
1704 3194 65 23 delà
1782 3195 92 28 Corse)
1880 3201 33 16 un
1925 3196 55 22 arti-

1510 3229 55 22 culu
1588 3229 119 21 intitulatu
1719 3235 14 14 «
1745 3228 143 23 BlOC-Notes
1901 3228 79 23 Vena-

1510 3263 56 22 cais.
1574 3268 15 15 »

1537 3296 19 21 E
1565 3295 77 22 fuimu
1650 3296 98 27 propriu
1757 3296 118 28 sbiguttiti
1887 3296 24 22 di
1917 3297 63 22 vede

1510 3334 47 16 una
1564 3328 50 22 fotò
1622 3335 28 15 eu
1654 3330 36 19 sta
1695 3328 118 28 leggënda
1817 3335 6 16 :
1829 3336 12 13 «
1848 3329 32 21 Le
1888 3335 93 22 groupe

1510 3361 43 22 des
1567 3361 142 27 interprètes
1723 3361 33 21 du
1778 3361 104 23 Théâtre
1902 3362 79 21 \ena-

1511 3395 79 21 cais...
1641 3394 54 29 (sic)
1714 3394 86 28 Capite
1821 3394 132 22 benissimu
1973 3399 6 16 :

1511 3429 36 20 sta
1576 3427 52 22 fotò
1647 3427 15 22 è
1684 3428 78 24 quella
1787 3428 24 22 di
1839 3427 92 21 Tartisti
1955 3426 25 22 di

1511 3467 15 15 u
1536 3462 78 20 teatru
1634 3461 24 21 di
1680 3461 23 21 A
1725 3461 121 21 Müvra...
1870 3458 78 29 (Vede
1963 3465 18 15 u

1511 3495 84 20 nostru
1610 3493 155 22 Almanaccu
1776 3498 44 22 per
1830 3492 80 21 l’annu
1926 3492 54 28 1926

1511 3532 14 16 e
1540 3532 14 16 a
1564 3526 96 22 Muvra
1670 3525 39 22 d’u
1716 3532 13 20 3
1740 3525 173 28 jennaghiu...)

1537 3560 161 21 Avemulettu
1706 3558 116 21 Tarticulu
1829 3558 24 20 in
1860 3558 122 26 quistione

1512 3591 40 22 n’u
1560 3592 69 26 quale
1639 3598 33 14 un
1684 3591 21 21 si
1721 3590 52 22 face
1790 3590 86 21 nisuna
1887 3588 95 24 aliusio-

1512 3630 32 15 ne
1555 3624 23 21 A
1583 3623 94 22 Muvra
1687 3623 126 21 fundatore
1825 3629 13 16 e
1850 3624 132 22 animatore

1514 3656 24 21 di
1548 3662 15 14 u
1578 3658 78 19 teatru
1677 3661 69 16 corsu
1769 3656 135 22 ambulante
1917 3656 35 23 !...
1965 3657 19 21 E

1514 3690 85 25 questu
1629 3689 37 25 da,
1680 3690 68 25 parte
1769 3688 106 22 l’A-natra
1900 3689 14 21 è
1937 3696 46 14 una

2020 91 189 29 gattiv’azione...
2222 98 14 15 e
2243 98 47 16 una
2301 94 74 27 pròva
2383 100 33 25 d’a

2020 125 75 22 lafede
2106 125 23 21 di
2142 127 38 20 stu
2189 125 133 28 giurnale...
2336 128 79 28 Redde
2426 122 17 41 ç
2448 122 13 16 3'

2019 159 55 21 sari
2090 164 53 22 quae
2168 160 60 20 sunt
2253 159 118 30 Caesaris,
2386 170 22 19 et

2018 191 165 22 suntMuvrei
2189 191 134 24 Muvreo...
2332 195 76 27 diciva
2416 204 17 20 G
2444 189 17 15 ’4

2018 226 25 20 tu
2055 231 13 15 a
2077 225 7 21 i
2097 224 115 23 Farisei...
2434 215 26 19 rii'

2047 258 27 22 Ci
2087 258 131 23 riservemu
2230 259 24 22 di
2271 260 114 28 risponde
2395 273 57 24 1^,.

2017 297 14 15 a
2042 297 46 16 una
2104 292 117 27 prossima
2242 295 134 28 occasione,
2401 307 44 19 llla.

2017 326 66 20 tantu
2095 324 64 22 femu
2171 331 103 17 cunosce
2286 333 13 15 a
2311 327 8 22 i
2329 333 75 21 nostri
2412 315 44 48 letjn

2017 358 20 21 ri
2049 361 35 19 sta
2097 357 63 23 nòva
2173 360 140 28 canaglieria
2330 362 24 22 di
2367 364 83 32 YAnatr

2016 391 183 29 Marsigliese...
2254 401 7 6 •
2450 388 6 12 3

2377 440 25 23 S.
2416 444 29 27 M.

2135 526 225 34 L’Ineffable

2073 578 113 49 «Petit
2205 580 223 55 Marseillais»

2041 680 30 21 La
2079 681 73 22 feuille
2161 682 30 21 du
2200 684 52 25 quai
2260 685 30 21 du
2300 686 69 22 Canal
2377 691 37 24 qui
2421 694 36 25 déci

2015 714 88 22 dément
2111 717 69 24 prend
2189 720 51 19 tous
2248 719 32 21 les
2293 720 116 24 insulaires
2422 734 40 20 p(%

2014 748 41 21 des
2060 749 118 25 imbéciles,
2188 752 81 25 publie,
2278 754 56 21 dans
2348 762 42 14 son
2398 759 63 28 édition

2014 783 28 20 de
2050 783 21 20 la
2079 783 68 21 Corse
2155 784 30 21 du
2195 785 24 20 18
2231 786 121 23 Décembre
2361 793 22 17 et
2390 797 48 18 sous
2449 798 12 22 le

2013 816 51 21 titre
2071 817 28 20 de
2107 822 11 11 «
2124 817 29 21 La
2163 818 69 21 Corse
2241 819 153 29 Pittoresque»
2403 833 27 15 un
2437 832 24 21 cli.

2013 849 42 21 ché
2063 852 151 24 représentant
2218 853 58 21 deux
2279 856 130 24 gendarmes
2412 861 43 25 àche

2013 883 60 22 val...
2082 891 51 14 avec
2149 889 59 18 cette
2223 893 134 17 savoureuse
2377 891 82 27 légende-

2015 914 136 22 Gendarmes
2163 918 30 19 de
2200 917 25 21 la
2241 918 103 26 Brigade
2352 921 29 22 de
2389 924 69 26 Sainte

2012 944 171 25 Marie-Sicché
2193 952 100 22 partant
2305 957 29 14 en
2351 954 85 23 tournée
2441 961 17 21 dt

2011 973 149 22 surveillance
2168 974 61 21 dans
2237 975 22 20 le
2266 976 100 25 maquis.

2036 1008 61 21 Nous
2119 1014 125 15 concevons
2260 1009 44 21 fort
2321 1010 52 21 bien
2444 1018 31 22 y#

2012 1042 58 21 Petit
2077 1042 128 22 Marseillais
2214 1049 24 15 se
2246 1047 87 17 montre
2341 1050 44 19 peu
2390 1045 67 28 difficile

2011 1077 56 20 dans
2074 1077 22 20 le
2103 1076 65 21 choix
2176 1077 41 21 des
2224 1077 115 21 cuisiniers
2348 1077 89 27 chargés
2443 1084 14 21 de

2012 1111 101 25 préparer
2118 1111 49 20 leur
2175 1111 87 25 pitance
2279 1110 143 26 quotidienne
2432 1121 27 18 aui

2011 1144 106 26 quelques
2125 1145 120 20 douzaines
2253 1144 29 21 de
2292 1144 95 21 lecteurs
2403 1148 46 23 qu’il
2453 1158 6 14 a

2010 1178 55 22 chez
2071 1185 63 14 nous.
2143 1178 44 21 Les
2195 1177 71 22 vraies
2275 1177 162 25 cordons-bleus
2441 1183 19 22 du

2008 1212 143 26 journalisme
2163 1215 52 18 sont
2230 1211 19 21 si
2258 1217 61 15 rares
2327 1211 133 28 aujourd’hui!

2035 1246 56 21 Mais
2104 1252 57 14 nous
2177 1244 106 27 pensions
2299 1248 49 17 tout
2361 1246 28 20 de
2406 1249 57 23 même

2010 1287 45 19 que
2062 1286 40 15 son
2110 1279 64 21 stock
2182 1279 29 20 de
2223 1277 82 22 clichés
2317 1278 55 22 était
2384 1286 31 14 un
2430 1289 30 19 peu

2010 1314 51 26 plus
2068 1313 65 21 varié.

2035 1347 38 21 S’il
2079 1347 35 20 n’a
2122 1346 109 21 vraiment
2240 1345 48 22 rien
2294 1349 63 18 autre
2366 1347 13 20 à
2387 1354 25 14 se
2419 1354 40 18 met

2009 1384 34 18 tre
2051 1387 51 14 sous
2110 1380 21 21 la
2138 1380 55 20 dent
2199 1386 58 15 nous
2264 1379 33 21 lui
2310 1381 149 25 conseillerions

2009 1415 28 21 de
2040 1415 108 20 redonner
2151 1414 23 21 le
2177 1415 72 19 même
2252 1413 69 22 cliché
2324 1414 14 20 à
2342 1420 36 15 ses
2381 1415 77 25 lecteurs

2009 1455 28 15 en
2043 1449 92 20 altérant
2139 1448 135 26 légèrement
2279 1447 122 26 salégende
2405 1450 54 23 ainsi:

2105 1492 152 22 Gendarmes
2267 1499 18 15 a
2292 1493 88 22 cheval

2039 1530 34 21 Ce
2082 1530 43 28 qui
2132 1529 125 22 constitue
2266 1528 129 24 l’Elément
2399 1531 62 24 Pitto-

2008 1572 88 22 resque
2107 1572 29 16 en
2150 1566 87 22 Corse.

2034 1615 27 21 Et
2068 1622 26 18 ça
2102 1621 48 15 sera
2159 1614 73 21 moins
2242 1614 51 21 bête
2301 1617 23 17 et
2329 1616 26 22 çà
2364 1619 46 15 sera
2420 1614 40 26 plus

2009 1649 46 21 vrai

2039 1741 150 45 Stampsrk
2215 1740 32 36 di
2266 1738 26 37 Â
2312 1737 124 39 MUVRA

2033 1838 172 21 S’annuncianu
2218 1837 28 21 di
2249 1837 115 25 prossima
2371 1836 89 25 publica-

2007 1869 66 21 zione
2081 1876 9 13 :

2124 1904 77 23 EISA
2212 1904 20 22 E
2239 1903 115 23 PIANTI

2125 1938 74 19 Sunetti
2210 1937 86 23 epuesie
2301 1937 55 18 varie

2229 1965 22 18 di

2144 1993 65 19 Paoli
2220 1993 23 18 di
2254 1992 80 24 Taglio

2020 2055 24 21 A
2059 2054 138 23 CUMUNA
2208 2054 36 22 DI
2254 2052 196 24 PARAPIGLIA

2138 2087 108 19 Cummedia
2255 2088 21 18 in
2286 2088 12 17 4
2305 2087 36 18 atti

2229 2116 22 17 di

2180 2143 117 19 Maistrale

2020 2215 70 21 UNA
2096 2215 96 22 FILZA
2198 2215 36 22 DI
2242 2212 209 25 FRANCE3ISMI

2064 2248 47 19 Colti
2117 2249 30 18 ne!
2149 2249 19 18 le
2175 2249 71 22 parlate
2255 2248 89 19 dialeltali
2352 2252 53 14 corse

2227 2278 24 17 da

2164 2305 20 19 U
2194 2305 116 18 Babbuziu

2041 2376 231 22 STALBATOGHJ
2286 2376 20 21 E
2318 2373 114 25 PUESIE

2138 2437 110 19 Jannettu
2257 2437 78 19 Notini

2157 2462 19 22 Ü
2183 2465 135 24 Sampetracciu

2033 2537 147 22 LETTARE
2194 2537 24 21 A
2231 2532 207 26 LUMBRICONE

2227 2570 20 18 di

2179 2597 117 20 Maistrale

2096 2701 22 38 0
2143 2701 76 38 Mari
2243 2702 25 37 si
2289 2702 69 37 biva
2369 2701 11 37 1

2032 2811 89 22 Matteu
2132 2811 40 21 chi
2186 2810 61 23 s’era
2258 2812 126 27 appustatu
2404 2810 54 20 cume

2005 2847 94 25 pastore
2108 2845 27 22 in
2145 2844 124 26 Tralonca,
2279 2845 121 21 rientrava
2408 2840 50 27 dôpu

2003 2880 37 21 tre
2051 2879 59 22 mesi
2121 2879 25 21 in
2157 2878 82 26 Niòlu,
2248 2884 46 16 cun
2304 2877 76 23 fasciu
2391 2876 25 22 di
2423 2873 42 29 pis-?

2004 2911 114 28 eaghiòle.
2135 2927 3 3 .

2033 2946 22 19 A
2066 2942 185 23 Ponte-Castirla
2259 2942 69 23 trôva
2337 2949 31 15 un
2375 2942 79 28 paisa^
2459 2935 16 29 k

2006 2983 13 15 e
2025 2977 16 21 li
2052 2976 115 23 dumanda
2176 2982 13 15 e
2202 2976 86 22 nutizie
2296 2976 23 22 di
2328 2982 12 16 a
2347 2981 29 17 so
2385 2972 77 29 mogl'L

2007 3009 84 27 Maria;
2104 3010 78 27 quellu
2194 3009 22 22 li'
2228 3009 72 27 disse,
2314 3016 43 22 per
2373 3006 82 25 burlal^

2006 3043 81 22 ch’ella
2099 3049 38 16 era
2148 3043 85 22 malata
2252 3044 24 21 in
2289 3044 66 22 lettu.

2034 3076 27 22 In
2078 3076 188 29 Santa-Reggina
2284 3077 68 24 trôva
2369 3082 31 16 un
2411 3074 46 22 altrt

2006 3110 97 27 paisanu
2121 3115 13 17 e
2145 3111 18 21 li
2178 3111 117 22 dumanda
2312 3111 21 22 si
2345 3108 75 24 Maria
2430 3107 36 20 efL

2006 3144 60 21 assai
2075 3144 91 26 malata,
2174 3149 13 17 e
2201 3145 80 27 quellu
2289 3150 59 22 puru
2355 3144 16 21 li
2381 3142 77 26 rispon-

2005 3177 31 22 de
2048 3177 82 23 ch’ellu
2137 3177 76 23 faccia
2220 3180 82 26 prestu
2309 3177 39 21 chi
2359 3183 14 15 a
2383 3172 67 29 mogl'
2450 3174 8 16 2

2006 3217 41 15 era
2062 3211 119 23 all’ultime
2192 3217 14 15 e
2215 3211 17 20 li
2240 3208 80 29 leghìa
2329 3216 16 16 u
2360 3210 64 28 prete
2430 3208 29 18 sfr

2006 3251 50 22 pra.

2034 3277 101 28 Quandu
2144 3275 91 22 Matteu
2243 3276 86 22 affacca
2337 3282 15 16 a
2361 3272 85 26 Pilurzu
2446 3272 10 15 5

2005 3314 112 22 campane
2129 3308 24 22 di
2168 3308 62 23 Lozzi
2240 3315 140 16 sunnavanu
2388 3314 15 15 a
2409 3305 49 23 muf'

2005 3342 72 23 tôriu.

2019 3374 81 22 Allòra
2107 3376 160 22 cummenccia
2272 3381 15 15 a
2291 3375 89 28 piegne
2385 3380 14 15 e
2405 3369 55 31 ghifr

2005 3414 48 22 gne
2060 3414 14 16 a
2080 3414 14 15 a
2104 3414 52 16 casa
2165 3408 190 28 singhiuzzendu,
2360 3400 105 30 cridendm

2006 3441 24 22 di
2043 3441 67 22 truvà
2119 3447 13 16 a
2142 3442 90 27 moglia
2242 3442 148 27 appaghiata.

2034 3475 24 21 A
2068 3481 17 15 u
2102 3474 62 28 pede
2175 3475 25 21 di
2212 3481 15 15 u
2243 3474 117 22 terrazòlu
2375 3468 66 28 truvô
2453 3469 8 15 2

2007 3507 75 22 Maria
2094 3507 37 22 chi
2142 3508 21 20 si
2181 3507 60 22 facia
2251 3514 14 15 a
2286 3504 177 25 cumbersazi°oc;

2007 3546 46 16 cun
2061 3539 134 23 Muschettu
2200 3547 15 15 e
2223 3540 169 26 Maria-Filice,
2400 3545 13 15 e
2426 3533 34 23 dis-

2007 3579 40 15 se;
2443 3564 32 46 JL

2034 3617 30 4 —-
2072 3606 23 21 O
2103 3606 62 22 Mari
2177 3606 26 22 sè
2212 3607 55 21 biva
2273 3607 14 21 ?
2292 3606 83 28 Aghiu
2383 3598 80 29 cridui*

2008 3638 39 22 chi
2056 3645 14 14 e
2080 3644 113 22 campane
2205 3640 129 21 sunassinu
2344 3644 44 23 par
2395 3636 24 23 tè
2426 3635 6 20 !

2227 3691 84 23 Ghiuv
2313 3687 134 27 an-Paul0*
2464 3692 5 29 j
