2584 3823
28 91 73 35 Annu
117 74 38 30 XI
170 83 34 8 -
216 67 132 27 Numaru
362 67 46 34 384
1061 88 85 24 Esce
1156 95 20 16 a
1189 85 182 26 Dumenica
1993 70 164 29 Dumeniea
2169 68 31 27 =6
2210 64 168 39 jennagbiu
2395 71 9 18 :
2412 70 49 27 9.30

484 180 1977 257 AMUVRA

812 482 242 35 GIURNALE
1092 486 47 31 DI
1176 486 26 32 E
1240 484 136 34 PIEVE
1405 486 45 31 DI
1479 484 216 33 CORSICA

305 586 211 18 ABBUNAMENTI
526 591 5 13 :

77 617 127 25 ,nCorsica
622 609 32 18 15
679 611 97 17 franchi

76 658 24 17 !n
110 646 100 24 Francia
621 640 33 17 18
723 647 9 10 »

75 683 89 22 Unione
173 673 94 26 postale
531 683 7 10 ,
561 683 5 6 .
590 683 5 6 .
621 671 32 17 30

297 702 16 18 U
328 701 102 18 IMumaru
436 706 6 13 :
448 701 16 18 5
477 702 60 17 soldi

1033 640 140 26 Direttore
1190 650 6 16 :
1218 643 93 24 Petru
1333 643 140 24 ROCCA

1920 590 274 21 AMRfilNISTRAZIOME:

1797 634 39 22 38,
1863 634 76 17 Corsu
1970 632 124 18 Grandval
2109 630 39 18 38.
2162 638 23 4 —
2208 627 124 19 AIACCIU

1755 691 73 19 Çontn
1845 689 103 18 currente
1963 692 28 14 eu
2008 692 15 13 a
2044 688 67 21 posta
2129 695 23 4 —
2168 684 121 23 Marseglia
2306 682 64 23 45,82

167 843 71 99 U
315 841 509 117 Buttegone

54 1028 30 28 Çi
95 1026 29 25 sò
140 1019 47 28 chi
206 1017 114 26 s’eranu
338 1011 141 36 azzippati
492 1011 6 48 J

26 1058 167 41 aischinchi
206 1056 28 26 di
254 1055 10 25 i
277 1051 153 38 promotori
451 1050 28 26 di

25 1120 16 16 u
50 1101 140 33 Cursismu
200 1101 83 20 cume
295 1091 129 36 ghiacari
436 1099 45 17 ar-

25 1140 108 36 rabbiati
146 1133 152 30 d’unn’avè
310 1131 78 26 vistu
400 1130 82 26 biutà

25 1188 26 26 in
65 1184 26 25 la
109 1178 38 27 soJ
160 1171 132 30 scudella
311 1178 58 18 une
389 1168 93 35 poche

24 1225 24 27 di
69 1213 216 33 cucchiarunate
298 1209 28 26 di
350 1209 129 32 lasagne.

24 1259 88 31 Simile
131 1253 89 29 feccia
236 1248 176 34 bracchigna
433 1245 48 26 chi

23 1306 79 31 pensa
114 1303 34 18 eu
162 1302 16 16 a
190 1291 64 26 civa
266 1297 16 17 e
303 1287 97 35 agisce
415 1294 35 17 eu
472 1284 8 26 i

24 1338 47 30 soli
83 1331 118 38 impulsi
213 1329 30 26 di
252 1337 20 17 u
285 1334 139 28 panzmu,
434 1325 48 25 l’a-

22 1384 78 22 vemu
119 1371 119 29 lasciata
257 1367 31 26 di
304 1363 178 36 muccighile

24 1420 26 25 in
60 1413 94 37 quella
165 1409 150 37 puveretta
327 1403 156 27 dund’ell’è

24 1458 63 26 stata
99 1450 133 29 catellata
245 1455 15 17 e
276 1443 149 27 dund’ella
441 1441 42 35 ja-

23 1495 67 28 ciarà
100 1492 117 26 l’eternu
229 1492 94 21 sonnu
333 1491 16 18 a
357 1481 127 27 crocchie

23 1535 71 26 insù.

53 1570 125 28 Un'altra
186 1563 156 36 catteguria
351 1576 33 4 —
394 1567 91 28 quan-

24 1616 27 23 tu
62 1610 49 35 più
126 1606 99 28 nobile
234 1605 6 24 !
256 1618 35 4 —
303 1602 38 26 s’è
360 1607 124 19 ammur-

24 1652 67 26 ciata
102 1656 15 18 e
129 1652 39 21 s'e
177 1647 84 24 tratta
271 1642 31 27 in
311 1642 135 33 l'agnone
455 1638 30 26 di

25 1699 14 17 a
53 1684 192 31 desillusione.
266 1680 118 28 l'anima
401 1677 84 27 ferita

26 1738 14 16 a
49 1728 88 26 morte
150 1724 37 26 da
195 1731 20 16 u
226 1721 95 26 iarulu
341 1719 30 26 di
390 1727 16 16 a
424 1725 62 18 ma-

25 1765 137 29 lincunia.
344 1778 36 15 ^

22 1812 30 31 zi,
75 1817 110 27 sempre
208 1803 177 31 alluntan.ati
410 1802 36 26 da
468 1810 16 17 a

22 1850 153 34 cumpletta
187 1843 206 30 realizzazicne
402 1842 29 25 di
442 1849 42 18 un

20 1883 277 41 programiua-chi...
319 1890 42 17 un
375 1881 33 26 fù
425 1889 59 18 mai

22 1937 18 17 u
49 1930 95 23 nostra
156 1930 193 28 programma.

51 1966 27 25 À
87 1964 37 26 sti
135 1961 115 28 narbosi
264 1959 167 35 cumpagni,
447 1959 39 25 ti-

24 2003 81 28 ràtusi
116 2003 31 25 in
157 2001 85 26 salvu
252 2008 17 17 a
278 2008 17 17 u
306 1999 94 35 prima
409 2005 78 27 sgor-

25 2052 33 26 gu
70 2042 28 27 di
110 2040 136 27 cannella
256 2037 166 37 puliziotta,
440 2045 47 17 ma

26 2084 184 33 quantunque
222 2076 179 29 incucculati
416 2083 87 18 nan->

24 2125 27 22 ta
62 2129 14 18 e
87 2127 88 19 zenne
188 2119 29 26 di
227 2127 19 16 u
255 2115 231 31 rumanticismu,

24 2160 167 35 purghiemu
211 2166 16 17 a
248 2159 99 24 nostra
359 2154 130 27 sinceris-

25 2200 66 25 sima
103 2196 213 36 cumpassione,
333 2192 155 37 sapenduli

17 2239 35 25 .in
62 2239 31 25 lu
101 2237 152 34 brusgiore
267 2235 30 26 di
313 2233 100 35 quellu
431 2235 57 23 tra-

26 2278 68 25 saltu
107 2277 108 26 ch’ellu
234 2274 60 27 Uha
309 2271 180 37 appiccicatu

26 2326 14 16 a
50 2318 103 25 lettura
167 2315 29 26 di
215 2323 20 17 u
257 2314 93 26 Conte
363 2312 29 25 di
404 2311 87 25 Mon-

25 2356 110 26 tecristu
150 2363 15 18 o
179 2354 29 26 di
220 2354 10 25 i
241 2352 54 27 Tre
304 2349 188 29 Muschettie-

25 2395 31 32 ri,
69 2403 14 17 e
95 2395 46 26 chi
155 2403 15 17 e
182 2393 122 26 sfrenate
315 2389 124 28 fantasie
450 2388 42 26 ci-

26 2432 235 36 nematogratìche
298 2431 80 25 hanu
418 2428 73 26 fattu
504 2422 3 33 !

27 2482 87 18 cresce
125 2482 15 17 e
153 2472 170 36 spampanà.

57 2512 102 27 Grazie
169 2521 16 16 a
198 2512 69 30 Diu,
282 2519 16 16 a
306 2507 189 28 nostr’azione

12 2549 4 5 ’
29 2553 70 25 scala
109 2553 36 25 da
154 2551 79 26 fonte
248 2549 53 35 più
319 2547 106 35 tepide,
444 2553 18 17 a
479 2553 16 17 e

30 2591 80 33 quale
120 2591 133 34 ogn’unu
268 2590 38 32 pò
325 2586 64 26 beie
409 2592 86 18 senza

30 2629 114 27 sbollesi
166 2636 18 19 a
202 2626 171 37 jarganella,
395 2632 15 17 e
428 2624 10 25 i
454 2623 40 25 so’

29 2668 122 27 risultati
177 2676 42 18 un
242 2669 31 24 sò
291 2665 91 26 micca
403 2662 92 35 quelli

31 2707 195 34 splendurenti
247 2702 174 29 mutamenti
442 2701 55 26 du-

31 2750 58 25 vuti
98 2758 17 17 a
127 2758 15 17 e
151 2750 138 25 mazzette
301 2746 29 26 di
343 2753 16 18 e
369 2744 67 31 fate,
449 2750 49 18 ma

32 2795 60 19 cose
113 2789 114 26 ch’omu
250 2788 39 33 pò
313 2783 107 36 guardà
440 2789 58 18 cun

33 2827 72 34 occhj
129 2826 126 27 normali
283 2833 15 17 e
321 2822 177 35 ch’ogn’unu

32 2867 32 31 pô
76 2867 85 35 palpa
174 2874 35 18 eu
221 2874 20 17 u
251 2865 39 25 so’
301 2861 94 35 asgiu.

61 2902 70 29 Valé
143 2906 53 34 più
207 2912 42 18 un
261 2907 146 23 casarone,
424 2898 75 27 fattu

34 2945 122 32 aquadri
166 2941 163 37 scarpellati
339 2948 35 18 eu
383 2938 119 36 pacien-

34 2987 28 19 za
71 2990 15 17 e
94 2983 170 33 précision^
280 2980 52 27 che
344 2981 86 23 centu
440 2984 63 18 cas-

35 3021 59 25 telli
115 3022 32 26 in
171 3022 135 34 Ispagna,
325 3015 141 29 innalzati
486 3023 17 17 a

34 3060 96 27 rombu
140 3061 30 25 di
179 3059 84 35 sogni
275 3067 15 18 e
300 3058 29 26 di
338 3057 120 26 fumata.

66 3098 39 27 Ed
118 3101 15 24 è
144 3107 52 27 per
212 3105 106 28 quessa
335 3095 48 27 chi
396 3095 109 33 l’opéra

35 3138 117 26 cursista
180 3146 41 18 un
234 3138 72 25 deve
332 3134 92 27 micca
442 3139 63 18 esse

37 3176 113 27 stimata
162 3177 36 26 ed
210 3176 121 26 esaltata
342 3173 37 25 da
396 3172 111 26 littera-

35 3214 51 25 tori
94 3213 239 36 grandiloquenti
343 3220 16 17 o
377 3211 36 26 da
425 3209 82 36 pueti

37 3253 99 35 troppu
149 3254 86 26 eterei
244 3262 6 22 ;
264 3255 80 23 tocca
352 3250 153 34 piuttostu_,

40 3296 14 17 a
64 3293 86 25 modu
170 3293 31 26 di
223 3300 42 17 un
283 3291 121 25 sennatu
426 3293 81 18 cum-

40 3335 55 20 uler
97 3331 104 32 ciante,
220 3339 17 17 a
252 3330 89 26 fanne
360 3335 41 18 un
418 3327 89 24 mate-

41 3369 104 27 maticu
154 3369 141 27 bilancia.

74 3405 152 29 Traccemu
242 3407 112 26 inseme
369 3411 60 18 una
447 3401 60 34 riga

43 3447 132 25 annant’a
184 3455 41 17 un
237 3445 94 35 fogliu
341 3443 29 26 di
383 3443 87 28 carta,
484 3447 23 17 e.

43 3480 78 31 daun
133 3486 73 29 latu,
215 3481 198 29 schiaffemuci
426 3480 81 25 l’ave-

43 3525 29 19 re
91 3522 28 26 di
135 3524 116 34 ujornu
268 3521 99 27 dunde
377 3520 47 25 no’
443 3524 64 19 ave-

44 3563 46 21 IAU
98 3561 162 35 intrapresu
273 3561 30 25 di
315 3556 149 37 accapacci
482 3555 25 25 d:

45 3594 95 32 l’affari
161 3600 30 26 di
212 3597 202 29 Cursichella:
440 3601 67 29 pocs

513 1011 72 32 roba,
597 1010 128 35 ofiglioli
737 1012 4 24 !
752 1011 28 25 A
788 1011 189 30 casciabiota,

513 1058 21 23 s,
548 1058 83 17 cume
644 1050 162 26 marcanzia
817 1057 6 18 :
837 1049 124 26 baccalà.

542 1089 45 26 Da
596 1089 94 26 Paîtra
703 1087 276 36 parte,iscrivemuci

513 1128 190 35 L’acquistatu;
713 1136 41 17 un
766 1128 40 25 c’è
818 1127 123 34 bisognu
951 1126 28 26 di

513 1170 71 23 sorte
596 1167 37 26 da
642 1175 16 17 a
668 1168 77 24 scola
758 1166 105 35 Pigier
870 1174 50 26 per
936 1173 45 18 ac-

513 1206 115 34 ^orgesi,
642 1214 16 16 a
673 1206 94 33 prima
790 1205 85 30 vista,
898 1204 45 25 chi
960 1212 20 17 u

513 1245 171 33 butteguzzu
702 1245 14 24 è
728 1244 32 25 in
777 1243 105 26 traccia
898 1242 28 26 di
940 1242 43 26 di-

513 1284 83 25 ventà
608 1291 41 17 un
657 1283 171 34 buttegone.

544 1321 98 36 Eppoi,
650 1321 177 26 ciocch’omu
837 1321 27 26 ci
875 1324 81 23 trova
967 1322 15 24 è

513 1361 64 26 roba
587 1361 100 30 scelta,
702 1360 122 26 schietta
834 1368 15 17 e
861 1363 76 22 tutta
952 1360 30 25 di

513 1408 17 17 n
542 1399 154 34 rughione.
705 1400 27 25 A
742 1399 74 26 vede
828 1399 10 25 i
857 1402 127 31 parasta-

513 1439 46 34 ghj
573 1439 94 25 carchi
688 1438 132 26 trimbuli
835 1446 15 17 e
862 1437 121 26 l’affollu

513 1478 28 25 di
550 1486 15 17 e
572 1477 137 36 pratiche,
722 1477 46 26 chi
781 1485 66 27 pare
855 1477 101 26 ch’elle
964 1485 20 17 u

513 1517 134 33 voglianu
656 1517 129 30 abbuttà,
796 1516 23 25 si
829 1518 37 32 pô
876 1517 109 24 accertà

513 1556 45 26 chi
585 1555 111 26 ciocchi
715 1555 158 34 abbisogna
896 1555 50 31 c’è,
970 1563 16 18 e

513 1595 44 26 chi
566 1598 78 23 tuttu
652 1596 15 24 è
677 1595 51 34 più
736 1594 247 34 cheghiuvevule:

513 1634 172 26 necessariu.

545 1674 25 26 A
588 1673 47 26 chi
647 1682 41 17 un
707 1674 28 24 la
753 1673 93 31 crede,
863 1672 117 34 fighiuli

513 1713 36 26 da
564 1713 115 26 vicinu:
693 1712 118 27 hantica
823 1712 116 34 sciappa
955 1711 31 25 di

513 1753 155 30 merluzzu,
676 1751 35 26 ch
723 1751 165 26 intusicava
898 1759 14 17 e
921 1750 66 26 mit-

514 1797 150 26 diventatu
676 1793 183 35 un’emporiu
871 1793 77 25 duve
965 1800 20 17 u

513 1835 102 28 stafflle
633 1836 43 25 stà
692 1834 100 26 vicinu
811 1842 16 17 a
839 1841 20 17 u
872 1832 113 31 stivale,

513 1884 14 18 e
538 1875 132 35 spazzule
679 1876 116 32 appettu
806 1881 16 16 a
831 1880 15 17 e
855 1874 129 31 trapette,

513 1923 15 18 e
543 1915 9 26 i
572 1913 140 27 fisculelli
733 1911 128 26 accant’a
880 1911 8 25 i
907 1909 80 27 corni

513 1955 43 34 pe’
566 1954 9 25 i
587 1951 193 36 campanacci.

548 1993 34 26 Ci
599 1991 143 27 videranu
760 1989 70 26 dinò
851 1987 136 26 acciarini

521 2033 35 25 ed
567 2039 64 18 esca
639 2039 7 23 ;
657 2031 77 34 perd,
747 2029 118 34 polvera
874 2035 41 17 un
928 2026 25 25 ci
963 2025 24 26 si

514 2079 37 18 ne
561 2074 75 27 tene,
645 2077 50 26 per
703 2068 153 34 ragiunata
865 2065 124 35 pruden-

519 2119 32 17 za
563 2117 14 18 e
586 2117 51 27 per
649 2107 47 26 chi
708 2107 46 25 no’
768 2113 120 27 sapemu
901 2104 88 26 cJbel-

516 2150 28 25 le
561 2150 124 24 bastanu
703 2145 69 26 duie
789 2144 151 35 causgiule
959 2143 28 26 di

516 2191 80 32 petra
603 2185 141 28 battifocu
752 2192 51 26 per
822 2183 47 26 chi
881 2191 23 17 u-
913 2183 76 34 jallu

517 2227 46 26 chi
571 2226 66 26 vole
644 2224 47 26 chi
698 2232 19 17 u
723 2224 61 25 sole
790 2224 42 24 sia
841 2225 78 23 tuttu
925 2221 65 26 soiu

518 2267 24 25 si
560 2264 75 27 senti
644 2264 10 25 i
667 2262 98 36 sproni
778 2262 29 25 di
816 2260 128 36 pulenda
954 2260 37 26 da

519 2313 41 18 un
570 2303 113 36 pudelli
696 2302 52 35 più
759 2300 72 27 ficcà
844 2301 82 25 sott’a
943 2300 50 24 ha-

519 2345 28 25 ie
556 2343 29 26 di
599 2352 14 16 a
623 2342 132 35 pullezza
769 2339 155 28 Cirneella.

554 2382 24 27 U
592 2382 166 32 buttegone,
782 2378 96 35 oghie,
900 2377 62 26 face
982 2376 9 25 i

521 2423 39 25 so’
569 2420 93 28 affari;
673 2429 16 16 a
702 2426 88 28 prova
797 2425 39 18 ne
849 2419 15 23 è
874 2417 46 25 chi
933 2418 59 23 tut-

520 2463 37 24 t’e
569 2461 39 26 so’
620 2459 116 26 marche
748 2460 31 23 sò
795 2459 73 24 State
880 2458 113 23 contra-

521 2501 68 26 fatte
602 2507 15 17 e
630 2499 46 26 chi
694 2497 11 27 i
723 2498 179 25 bancarrotta
918 2494 26 26 si
961 2496 32 23 sô

522 2538 86 27 messi
622 2547 16 16 a
648 2537 95 26 vende
755 2536 31 25 in
797 2535 108 34 piazza.

555 2578 49 27 Ma
615 2592 35 4 —
659 2585 16 17 o
685 2575 120 34 Signore
814 2574 6 24 !
829 2588 35 5 —
873 2573 32 25 in
916 2573 29 25 le
954 2573 39 24 so’

523 2617 111 27 scatule
644 2615 30 26 di
683 2616 78 32 large
770 2621 42 17 un
821 2615 107 23 tenenu
942 2610 51 26 che

523 2657 170 36 peciagrega
709 2653 29 26 di
753 2659 78 19 mare
852 2651 70 30 inlà,
946 2649 47 26 chi

523 2697 61 26 face
603 2694 106 34 scappà
725 2692 10 25 i
745 2691 99 26 clienti
866 2688 127 27 cum’elli

525 2741 146 29 scapponu
688 2729 167 29 Chidazzesi
866 2727 127 27 videndu

525 2784 17 16 a
554 2772 139 28 miracula
705 2771 66 25 viva
786 2777 15 17 a
813 2775 98 19 mezzu
927 2769 66 23 stra-

513 2821 2 26 j
526 2815 83 25 done.

513 2849 2 24 I
834 2850 30 24 P.
880 2849 33 24 di
926 2848 34 24 C.

796 2949 197 30 CUM’OMÜ
1020 2948 37 27 CI
1080 2947 148 26 TRATiA

769 3583 20 26 E
809 3582 28 26 A
857 3578 67 28 CIO
947 3575 69 28 CHI
1036 3574 66 28 NO’
1122 3572 155 30 JUVEMU

1056 828 235 69 Còrcega
1330 846 35 51 y
1405 828 82 55 las

1217 909 318 72 Republicas
1576 909 355 56 Americanâs

1035 1022 58 22 Onu
1106 1023 28 20 di
1145 1023 10 20 i
1167 1028 32 16 no
1201 1029 13 15 s
1215 1023 38 21 tri
1264 1028 107 17 numéro
1373 1023 24 21 si
1407 1029 68 15 cum-

1003 1056 124 27 pûtriotti
1144 1056 29 21 di
1190 1056 139 21 VAmerica
1340 1057 24 20 ci
1381 1056 93 21 manda

1003 1089 39 27 pe'
1055 1090 20 20 A
1089 1088 96 23 Muvra
1198 1089 135 22 Varticulu
1341 1089 43 21 chi
1391 1094 81 23 segue,

1006 1123 94 21 scrittu
1112 1123 27 21 in
1152 1122 93 29 lingua
1256 1121 133 30 spagnola.

1033 1156 39 21 Av
1074 1162 30 15 en
1107 1156 35 21 du
1155 1156 126 27 judicatu
1302 1155 41 22 chi
1363 1154 110 29 ogn'unu

1008 1189 27 21 di
1047 1190 11 20 i
1069 1189 87 22 nostri
1168 1188 90 23 lettori
1269 1195 33 15 un
1315 1194 58 16 sera
1390 1189 27 20 in
1431 1190 41 25 pe-

1009 1227 33 16 na
1055 1222 27 20 di
1094 1221 137 27 capiscelu,
1243 1221 51 21 taie
1303 1224 12 17 è
1327 1221 82 27 quale,
1419 1223 54 19 tru-

1008 1260 72 16 vemu
1098 1254 95 22 inutile
1215 1255 27 20 di
1261 1254 83 22 d.anne
1357 1260 15 15 a
1384 1254 89 21 tradu-

1007 1289 73 28 %ione
1099 1289 29 20 in
1150 1294 83 16 corsu.
1261 1289 20 21 U
1305 1289 91 20 nostru
1418 1287 56 22 solu

1010 1322 141 28 dispiacere
1162 1329 13 14 e
1188 1321 132 22 d'111111’avè
1329 1322 25 21 in
1366 1321 21 22 li
1394 1322 82 21 nostri

1009 1356 126 21 caratteri
1147 1355 29 21 di
1189 1354 141 29 tipografia
1342 1354 33 22 Vn
1392 1360 84 16 accen-

1010 1390 55 20 tatu
1086 1388 43 21 chi
1147 1389 26 20 si
1190 1389 60 21 deve
1269 1388 148 28 prttnuncià
1428 1394 32 22 gn
1468 1394 6 20 ;

1011 1423 91 27 questu
1118 1421 61 28 perd
1199 1428 36 15 un
1255 1427 62 16 noce
1329 1421 23 22 a’
1363 1423 114 26 cumpre-

1011 1456 112 21 ensione.

1039 1502 32 22 Es
1090 1503 73 21 cici'to
1181 1510 46 21 que
1246 1502 22 21 la
1285 1502 105 22 cuesLion
1410 1509 66 15 corsa

1013 1536 60 22 ticne
1086 1536 84 22 mucha
1183 1536 110 29 analogia
1305 1541 43 16 cor.
1361 1536 22 21 la
1399 1536 28 21 de
1444 1536 33 21 las

1012 1570 143 29 Republicas
1175 1569 158 22 americanas.
1354 1569 76 22 Tanto
1449 1576 27 15 en

1012 1611 45 14 una
1069 1606 67 26 parle
1147 1609 68 16 como
1227 1610 28 15 en
1269 1603 23 21 la
1301 1605 60 24 olra,
1373 1609 30 15 un
1412 1610 12 14 a
1428 1609 50 15 moi*

1012 1639 85 20 eoinùn
1115 1643 58 22 para
1188 1637 22 21 la
1222 1636 101 22 Iiberlad
1336 1636 30 21 ha
1378 1636 100 28 siempre

1011 1670 109 23 anirnado
1132 1671 36 21 ios
1179 1669 144 26 individuos,
1336 1669 142 29 ponendolos

1012 1711 27 15 en
1052 1704 75 29 grado
1139 1704 29 21 de
1180 1703 82 29 lograr
1273 1710 41 15 sus
1327 1703 72 22 miras
1406 1710 16 21 y
1430 1710 49 15 rea-

1012 1738 60 22 lizar
1082 1744 41 15 sus
1135 1737 172 29 aspiraciones.

1013 1814 109 29 riquezas
1137 1811 121 30 vegelales
1275 1817 17 22 y
1310 1810 124 22 minérales
1452 1810 28 21 de

1014 1848 57 22 cada
1083 1848 96 28 género.

1040 1882 61 21 Pero
1113 1886 30 15 no
1154 1885 59 22 supe
1225 1884 128 16 conservai-
1364 1884 41 15 sus
1416 1883 66 22 pose-

1013 1915 89 24 siones,
1124 1912 195 30 principalmentc
1340 1912 89 27 porqué
1446 1910 36 22 los

1014 1949 104 26 virreyes
1127 1953 45 21 que
1182 1945 116 22 mandaba
1308 1944 57 25 alla,
1371 1950 49 15 mas
1429 1944 53 21 bien

1014 1988 45 22 que
1070 1981 29 21 de
1111 1979 119 29 gobernar
1241 1978 36 21 los
1287 1977 107 28 pueblos,
1402 1983 82 22 procu-

1015 2014 72 23 raban
1100 2012 174 29 enriquecerse.

1042 2047 35 22 En
1091 2046 104 28 Còrcega
1207 2051 69 16 como
1289 2050 28 15 en
1328 2043 35 22 las
1372 2043 113 28 Republi-

1016 2088 39 16 cas
1066 2080 156 25 americanas,
1237 2077 127 22 asislemos
1377 2083 11 15 a
1404 2083 29 15 un
1453 2076 31 22 fe-

1016 2120 99 17 nomeno
1129 2119 54 22 muy
1191 2110 115 23 seneilüs:
1316 2110 23 22 la
1351 2109 134 30 cupidezde

1017 2150 35 21 les
1062 2145 177 32 gobernadores
1252 2151 30 15 no
1291 2146 126 19 encuenlra
1424 2145 60 20 osla-

1017 2182 65 22 culos
1101 2180 69 22 hasla
1188 2185 45 22 que
1254 2184 31 15 no
1303 2184 27 14 se
1347 2176 76 23 forme
1441 2182 43 16 una

1017 2213 137 24 conciencia
1175 2210 119 24 national.
1315 2209 170 23 Realizandose

1017 2251 60 23 esta,
1090 2248 37 21 los
1140 2246 99 22 mismos
1258 2243 150 30 gobernados
1424 2250 16 21 y
1454 2242 32 22 ie-

1018 2282 74 29 gados
1103 2280 38 22 del
1149 2279 106 30 gobèrno
1262 2276 99 27 central,
1371 2282 114 23 procuran

1018 2314 107 23 relardar
1137 2313 22 21 lo
1172 2318 45 23 que
1230 2318 30 15 no
1272 2310 93 29 pueden
1377 2316 50 15 mas
1444 2309 43 22 im-

1019 2348 74 30 pedir.

1046 2381 34 22 La
1093 2379 100 23 historia
1210 2378 29 22 de
1258 2378 36 21 las
1310 2377 93 22 Indias
1417 2376 70 21 Occi-

1020 2414 113 24 dentales
1144 2419 28 16 en
1184 2412 37 22 los
1234 2411 75 28 siglos
1322 2409 64 22 XVII
1399 2417 15 21 y
1424 2409 62 26 XIII,

1019 2451 50 20 eslà
1081 2448 63 22 llena
1156 2446 29 22 de
1197 2444 109 30 aquellos
1321 2443 168 22 acontecimen-

1021 2486 36 18 los
1068 2485 163 26 precursores,
1244 2478 36 21 los
1295 2476 81 23 cuales
1394 2476 94 22 reilera-

1020 2517 43 21 dos
1071 2514 84 22 debian
1166 2519 74 23 poner
1247 2511 30 22 fin
1288 2517 13 14 a
1310 2510 22 21 la
1341 2509 146 22 dominacion

1020 2548 122 30 espanola.

1049 2582 33 22 Lo
1095 2581 84 22 mismo
1191 2585 27 15 se
1229 2577 98 23 verificò
1338 2583 28 15 en
1376 2576 111 28 Côreega,

1021 2621 57 23 pues
1088 2620 53 23 que,
1151 2619 29 15 en
1189 2612 22 21 la
1221 2610 148 23 Revolucion
1379 2608 37 22 del
1427 2607 61 28 1725,

1021 2650 37 21 los
1069 2649 135 21 Genoveses
1216 2652 27 14 se
1254 2644 109 22 hallaron
1375 2649 28 15 en
1416 2642 74 21 {'rente

1022 2683 29 22 de
1064 2688 31 16 un
1107 2679 86 31 pueblo
1205 2684 47 23 que
1263 2676 119 23 habiendo
1394 2674 96 30 Iogrado

1022 2723 27 15 su
1060 2713 135 24 conciencia
1208 2710 107 23 nacional
1325 2709 81 30 queria
1415 2708 77 23 alcan-

1022 2756 41 15 zar
1074 2747 104 23 lambien
1190 2752 29 15 su
1232 2743 110 23 Iiberlad.

1051 2782 31 22 Es
1095 2781 37 22 sin
1144 2779 114 28 embargo
1270 2777 93 29 précisé
1376 2776 29 21 de
1415 2777 75 23 nolar,

1023 2822 45 22 que
1080 2821 29 16 en
1123 2820 29 16 un
1165 2819 57 16 caso
1235 2817 68 16 como
1316 2817 28 16 en
1356 2809 22 22 el
1391 2812 60 22 olro,
1463 2814 29 15 ne

1024 2857 25 15 se
1061 2848 92 23 tralaba
1166 2847 29 22 de
1206 2845 115 22 rechazar
1334 2844 21 21 el
1371 2842 121 27 estranje-

1500 1028 37 19 ro,
1552 1021 61 22 dado
1626 1028 45 21 que
1684 1021 36 22 los
1733 1020 133 29 Espanoles
1882 1027 15 21 y
1915 1022 57 19 lam-

1500 1060 62 22 poco
1574 1054 36 21 los
1622 1053 137 22 Genoveses
1776 1060 31 15 no
1828 1052 86 29 podian
1934 1058 39 16 ser

1500 1087 171 22 considerados
1684 1093 69 15 como
1768 1086 68 26 laies,
1857 1085 115 22 habiendo

1499 1119 97 23 ambros
1609 1119 132 29 asegurado
1762 1119 22 22 la
1805 1118 125 29 poblacion
1945 1118 28 21 de

1499 1152 109 29 aquellas
1620 1153 119 28 regiones.
1754 1152 33 21 En
1806 1152 37 21 los
1863 1151 112 29 respeeti-
1984 1146 5 28 i

1499 1192 44 14 vos
1556 1185 135 22 lerritorios
1703 1184 181 29 conquislados,
1902 1183 73 29 Ëspa-

1499 1224 30 15 na
1539 1225 17 21 y
1568 1217 95 22 Genova
1676 1217 88 22 habian
1778 1217 80 21 lenido
1871 1223 46 15 una
1932 1216 42 21 ini-

1501 1250 53 22 sion
1567 1250 142 22 civilizatriz
1720 1256 45 22 que
1776 1250 106 28 ninguno
1902 1248 72 29 podrà

1501 1290 78 15 nunca
1592 1290 81 22 negar.
1690 1283 60 22 Pero
1765 1290 26 15 es
1804 1283 172 28 prceisamenle

1501 1316 96 29 aquella
1616 1316 118 22 simililud
1755 1316 28 21 de
1802 1323 63 19 raza,
1884 1315 28 22 de
1923 1322 52 15 cos-

1502 1349 106 23 tumbres
1618 1357 16 22 y
1645 1350 30 21 de
1687 1350 150 21 civilizacion
1848 1356 44 22 que
1902 1348 74 23 susc-i-

1503 1385 23 20 lô
1540 1383 35 22 las
1587 1389 109 22 mayores
1715 1382 151 23 dificultades
1883 1382 22 22 al
1925 1388 51 22 pro-

1501 1423 84 22 gresar
1597 1416 37 22 los
1646 1416 92 29 sujelos
1756 1423 27 14 en
1802 1416 21 21 el
1843 1415 93 22 camino
1948 1415 29 21 de

1502 1449 24 22 la
1537 1449 189 29 émancipation.

1531 1482 94 29 Espana
1638 1485 122 23 enlonces,
1782 1482 66 22 hallò
1866 1484 112 26 opueslos

1503 1523 14 14 a
1530 1522 42 15 sus
1584 1515 108 22 melodos
1701 1515 29 21 de
1739 1515 106 29 goberno
1855 1515 37 21 los
1899 1514 79 22 varies

1503 1548 117 29 reynados
1632 1555 46 22 que
1690 1548 175 22 adminislraba
1875 1547 71 22 desde
1955 1547 22 22 la

1503 1581 133 30 conquista,
1649 1589 15 21 y
1676 1582 30 21 de
1721 1582 36 21 los
1769 1581 81 22 cuales
1862 1581 116 28 principa-

1504 1616 35 21 les
1551 1622 56 15 cran
1620 1615 98 29 Méjico,
1741 1614 68 27 Perù,
1832 1614 67 22 Chile
1910 1621 15 22 y
1937 1614 42 21 Ar-

1503 1649 107 29 genlina.

1533 1682 73 22 Enlrò
1617 1684 60 27 puès
1689 1689 29 14 en
1728 1688 46 15 una
1786 1681 71 22 Iuclia
1870 1681 110 28 desespe-

1505 1716 67 26 rada,
1586 1723 17 21 y
1613 1715 21 22 si
1648 1715 76 22 lalvez
1736 1722 40 14 sus
1790 1717 82 26 Iropas
1887 1714 93 22 comba-

1506 1749 77 22 tieron
1603 1755 45 16 con
1663 1755 108 19 succeso,
1795 1748 21 21 el
1833 1748 61 21 esila
1915 1746 63 27 final,

1496 1782 74 29 VTion,
1583 1785 73 21 llaniò
1669 1790 14 16 a
1696 1783 101 22 Francia
1809 1790 58 21 para
1881 1789 44 22 que
1941 1788 40 16 esa

1508 1818 119 22 triunüere
1640 1817 28 22 de
1680 1824 42 15 sus
1734 1817 111 27 anliguos
1854 1816 99 28 sujelos.

1536 1850 180 30 Complicacion
1729 1857 45 22 que
1787 1852 55 19 luve
1854 1855 44 22 por
1906 1848 77 22 efeclo

1508 1885 29 21 de
1550 1891 29 15 no
1592 1883 110 30 permitir
1713 1883 22 22 al
1748 1882 120 23 Gobierno
1881 1882 29 21 de
1926 1881 58 22 Pas-

1508 1918 54 22 cual
1575 1917 68 22 Paoli
1655 1917 22 22 el
1690 1915 133 23 desarrollo
1834 1923 16 21 y
1863 1915 21 22 la
1893 1914 90 23 durada

1510 1955 39 19 Lan
1563 1951 115 22 deseados
1690 1957 44 21 por
1745 1950 36 21 los
1793 1949 117 28 palriolas

1539 1984 51 22 Mas
1603 1983 56 22 feliz
1671 1990 46 21 que
1728 1989 28 15 su
1768 1982 108 29 glorioso
1893 1984 91 19 anlece-

1509 2024 41 16 sor
1563 2017 77 24 Paoli,
1651 2017 84 22 Simon
1748 2015 98 22 Bolivar
1857 2021 47 15 non
1922 2014 64 22 sola-

1511 2054 78 19 menle
1608 2050 40 22 diò
1665 2056 47 15 una
1734 2048 161 23 constiluciòn
1916 2055 13 14 a
1950 2048 35 21 las

1511 2084 78 22 varias
1601 2083 113 22 naciones
1727 2082 155 25 americanas,
1900 2081 87 28 prinei-

1511 2117 119 30 palmenle
1648 2116 22 22 al
1684 2115 70 27 Perù,
1775 2115 95 22 Bolivia
1880 2121 16 22 y
1909 2114 77 22 Vene-

1510 2151 78 26 zuela,
1602 2156 56 23 pe«o
1673 2149 103 22 lambien
1790 2148 76 22 muriò
1885 2154 102 15 conven-

1511 2185 54 22 cido
1577 2184 29 21 de
1617 2190 47 22 que
1677 2183 36 21 lus
1732 2181 151 22 americanos
1899 2180 88 29 siguie-

1511 2225 40 15 ren
1574 2217 109 29 gozando
1705 2216 36 21 los
1762 2215 77 22 frulos
1863 2214 29 22 de
1915 2214 71 21 dicha

1512 2250 171 23 conslitncion.
1696 2249 21 22 Y
1729 2255 25 16 es
1766 2248 70 22 inùlil
1847 2247 85 22 anadir
1943 2253 45 22 que

1512 2284 107 29 aquellos
1640 2282 101 29 pueblos
1761 2282 45 21 han
1819 2281 54 22 sido
1893 2280 95 29 regidos

1512 2324 45 22 por
1568 2318 22 21 la
1603 2317 85 21 misrna
1708 2316 68 21 hasla
1798 2317 111 19 nueslros
1927 2313 59 22 dias.

1541 2350 68 23 Todo
1622 2351 88 20 cuanlo
1723 2348 83 22 hemos
1818 2347 81 26 dicho,
1915 2353 25 15 se
1953 2353 35 15 re-

1513 2384 56 22 fiere
1577 2391 14 14 a
1601 2384 35 21 las
1645 2382 167 27 inslitueionçs
1821 2380 120 30 poiilicas.
1951 2379 37 22 Xo

1513 2417 113 22 debcinos
1649 2416 37 21 sin
1714 2414 113 29 embargo
1850 2413 95 23 olvidar
1966 2413 22 21 el

1514 2453 73 26 punlo
1601 2449 29 22 de
1642 2449 63 22 visla
1724 2447 114 27 cultural,
1860 2449 64 20 lanlo
1940 2452 49 16 mas

1515 2491 47 22 que
1573 2483 23 22 el
1609 2482 74 23 haber
1694 2480 147 30 conseguido
1853 2480 23 22 la
1889 2479 99 22 Iiberlad

1515 2524 29 15 no
1558 2515 109 30 signifìcò
1680 2521 57 23 para
1750 2514 37 22 los
1799 2513 148 22 americanos
1967 2513 22 21 el

1515 2549 193 24 renunciarnenlo
1721 2549 13 20 à
1747 2547 21 22 la
1781 2546 151 23 civilizacion
1943 2553 16 22 y
1975 2552 14 15 a

1515 2584 37 21 las
1565 2583 73 21 letras
1649 2580 136 30 espanolâs.
1803 2579 91 29 Luego,
1910 2585 30 15 no
1953 2579 36 21 sin

1515 2622 72 17 razon
1600 2614 169 23 consideraron
1782 2619 47 23 que
1841 2613 23 21 la
1877 2612 113 22 immensa

1516 2649 143 29 produccion
1676 2646 139 27 castellana,
1836 2645 69 30 podia
1927 2645 64 22 favo-

1516 2690 67 15 recer
1594 2682 22 22 el
1628 2681 171 22 renacimienlo
1811 2679 30 22 de
1859 2679 24 22 la
1898 2678 93 22 cullura

1518 2715 107 30 régional
1639 2721 28 16 en
1680 2713 59 23 cada
1752 2712 53 23 cual
1818 2713 29 21 de
1860 2712 36 22 los
1913 2712 79 28 paises

1517 2750 175 28 antiguemenie
1705 2746 85 23 unidos
1802 2753 13 14 a
1825 2745 22 22 la
1856 2744 135 29 metropoli.

1547 2783 41 22 Asi
1602 2781 40 22 fué
1653 2787 46 22 que
1711 2780 101 22 durante
1824 2779 21 21 el
1857 2778 62 29 siglo
1930 2777 61 27 XIX,

1518 2823 27 16 se
1557 2814 95 24 verificô
1665 2821 28 14 en
1707 2814 36 21 las
1756 2812 134 29 republicas
1903 2811 29 22 de
1941 2817 54 16 cen-

1520 2849 46 23 tral
1576 2856 15 21 y
1604 2847 44 23 sud
1661 2847 104 22 america
1786 2852 31 15 un
1838 2845 91 21 inlenso
1945 2850 50 15 mo-

1519 2883 103 22 vimenlo
1634 2879 109 23 lilerario
1755 2884 45 23 que
1811 2878 46 22 ben
1879 2877 114 29 podemos

1520 2916 86 22 llamar
1616 2912 182 29 regionalista.

1548 2948 34 22 En
1596 2947 115 28 Còrcega,
1727 2944 185 26 naluralmeule,
1928 2944 22 21 la
1962 2950 34 15 si-

1522 2981 95 23 luaciòn
1629 2980 61 22 debe
1701 2985 40 16 ser
1750 2977 103 30 juzgada
1866 2983 28 16 en
1908 2983 30 15 un
1947 2982 48 16 mo-

1521 3015 30 22 do
1564 3014 125 22 diferente.
1711 3011 36 22 No
1766 3011 53 22 solo
1839 3011 92 28 porquè
1945 3011 51 20 esta

1521 3048 47 21 isla
1579 3053 30 15 no
1622 3046 30 21 ha
1666 3045 97 22 lodavia
1777 3043 101 30 Iogrado
1889 3049 29 15 su
1929 3044 68 20 aulo-

1522 3080 89 25 nomia,
1624 3085 57 22 pero
1694 3077 107 22 lambien
1812 3077 92 28 porquè
1922 3075 22 22 cl
1961 3081 35 16 ré-

1521 3112 143 30 gionalisme
1677 3117 69 16 corso
1759 3109 104 23 obedece
1875 3116 12 15 a
1899 3108 98 22 inlluen-

1522 3153 42 16 zas
1578 3145 131 22 diferenles
1724 3144 29 21 de
1764 3143 38 22 las
1817 3149 47 22 que
1884 3147 70 22 regen
1974 3140 22 22 el

1524 3187 20 14 m
1548 3186 14 15 o
1565 3187 12 14 v
1580 3179 6 22 i
1590 3186 21 14 ni
1613 3185 29 15 en
1645 3180 24 20 lo
1681 3184 13 15 a
1696 3184 23 15 m
1721 3183 12 16 c
1735 3177 20 22 ri
1758 3184 11 14 c
1771 3183 13 15 a
1787 3182 14 15 n
1803 3182 23 15 0.

1552 3212 31 22 Es
1604 3213 58 27 puès
1684 3212 119 20 menesler
1823 3207 129 30 occupaise
1966 3213 31 15 un

1523 3245 98 29 poquilo
1634 3244 29 21 de
1676 3245 51 20 esta
1738 3241 108 23 cueslion
1859 3240 137 29 particular.

1552 3277 123 25 Micnlràs,
1696 3281 44 22 por
1753 3274 67 22 lodas
1833 3276 88 25 partes,
1941 3278 56 22 pero

1524 3309 184 30 especialmente
1720 3313 29 16 en
1758 3307 21 22 el
1789 3305 129 26 Mediodia,
1928 3311 26 16 se
1963 3311 36 16 es-

1526 3346 22 19 là
1561 3341 119 24 hablando
1692 3341 30 22 de
1734 3340 154 22 movimienlo
1903 3337 96 23 médite-

1525 3384 25 15 ra
1553 3382 44 16 neo
1620 3381 45 15 con
1690 3374 86 21 mucha
1800 3371 79 23 ènfasi
1900 3378 17 21 y
1939 3377 60 22 poco

1525 3410 98 23 acierto,
1637 3408 36 21 los
1685 3406 97 26 Corsos,
1796 3412 25 15 es
1834 3404 65 23 décir
1911 3409 45 16 uno
1970 3403 29 21 de

1526 3443 38 21 los
1575 3441 102 29 pueblos
1697 3446 51 15 mas
1760 3437 149 23 inleresados
1927 3443 28 15 en
1967 3436 32 26 èl,

1526 3476 47 21 dan
1583 3473 210 23 verdaderamenle
1804 3471 90 28 ]>rueba
1907 3470 28 21 de
1945 3469 54 22 bue-

1527 3515 31 15 na
1571 3506 114 23 volunlad
1698 3513 17 21 y
1730 3505 29 21 de
1773 3505 102 28 espiritu
1889 3504 29 20 de
1932 3501 67 23 reali-

1526 3541 91 22 zacion.
1641 3539 35 21 De
1688 3538 93 22 cuando
1802 3543 30 15 en
1851 3535 102 26 cuando,
1971 3541 28 15 en

1528 3574 85 26 efeclo,
1623 3572 23 22 la
1657 3577 96 24 prensa,
1766 3569 99 24 inovida
1875 3575 44 23 por
1932 3567 67 22 loda-

1998 821 37 22 ble
2046 819 161 26 senlimicnlo,
2220 818 122 29 proclama
2360 817 22 21 la
2402 822 70 15 nece-

1998 853 64 22 sidad
2080 853 29 21 de
2129 859 46 15 una
2194 853 89 27 mejora
2296 859 16 20 y
2324 857 52 15 mas
2394 849 78 22 fuerle

1998 887 69 21 union
2080 888 67 19 entre
2159 885 35 22 los
2201 884 80 22 varios
2289 883 130 22 escrilores
2428 888 45 21 que

1998 926 27 15 en
2045 925 41 15 sus
2108 918 71 21 obras
2200 920 43 19 Irai
2247 924 30 15 an
2299 917 29 21 de
2348 918 86 20 cuanlo
2446 920 26 15 se

1998 952 81 22 reüerc
2090 958 13 14 a
2116 951 23 21 la
2152 951 94 28 Iengua,
2263 950 38 22 los
2313 948 158 25 coslumbres,

1998 985 22 22 la
2033 984 99 22 historia
2145 983 129 28 particular
2293 983 28 21 de
2342 981 57 23 cada
2420 987 53 22 pro-

1998 1017 76 23 vincia
2086 1024 16 21 y
2116 1017 92 28 région.
2223 1016 69 25 Pero,
2312 1022 41 15 sea
2373 1021 47 22 que
2441 1013 32 22 lai

1999 1056 124 23 programa
2142 1049 84 22 risullc
2241 1048 139 22 demasiado
2398 1049 75 20 eslen-

1999 1084 61 25 sivo,
2069 1090 40 15 sea
2121 1090 46 21 que
2180 1082 36 21 los
2228 1081 92 22 medios
2332 1082 142 27 propucslos

1999 1124 57 21 para
2068 1116 21 22 el
2100 1116 98 21 alcanze
2218 1115 29 21 de
2262 1114 72 22 dicho
2347 1118 127 24 programa

2000 1155 129 23 aparezean
2144 1147 146 26 arlificiales,
2303 1153 31 15 no
2347 1153 26 15 se
2390 1146 30 22 ha
2437 1152 36 15 ve-

2001 1182 95 22 rificado
2118 1181 94 22 lodavia
2230 1180 105 29 ninguna
2354 1178 120 23 solucion.

2029 1214 51 22 Una
2092 1214 100 21 onrablc
2204 1213 128 28 exccpciôn
2354 1212 46 21 lion
2419 1211 56 21 dun-

2001 1254 45 22 que
2064 1247 77 22 hecho
2162 1246 36 21 los
2218 1245 98 26 Corsos,
2339 1245 22 21 la
2382 1243 53 22 cual
2449 1250 25 14 es

2002 1282 118 21 menesler
2130 1278 140 23 considérai*
2282 1279 64 28 aqui.

2028 1314 49 22 Tan
2100 1320 44 22 por
2161 1313 22 21 cl
2201 1312 89 22 idioma
2311 1318 69 15 como
2395 1317 44 22 por
2452 1310 21 21 la

2004 1347 115 22 tradicion
2133 1346 113 22 hislorice
2257 1352 16 22 y
2285 1345 23 22 la
2326 1344 55 22 vida
2393 1343 83 26 social,

2003 1380 108 29 aquellos
2123 1379 118 22 insulares
2254 1379 79 21 lienen
2349 1380 63 19 eslre
2433 1377 44 21 cha

2003 1413 108 28 analogia
2123 1419 44 15 con
2182 1412 36 21 los
2229 1411 125 22 Ilalianos.
2371 1410 32 21 Es
2420 1411 57 27 puès

2004 1446 91 29 preciso
2108 1444 84 23 anadir
2203 1451 46 22 que
2261 1444 23 21 la
2297 1442 137 29 obligation
2450 1448 28 15 en

2004 1480 22 21 la
2046 1479 51 22 cual
2119 1485 27 15 se
2165 1477 109 22 hallaron
2287 1477 37 21 los
2337 1475 90 23 Corsos
2448 1475 29 21 de

2004 1512 138 23 considérai*
2154 1511 32 22 lal
2197 1510 127 25 simililud,
2342 1509 55 22 hizò
2409 1515 72 16 nacer

2004 1546 129 28 sospeclios
2141 1543 269 30 injustificados,accrca
2417 1542 62 29 prin-

2005 1579 61 29 cipal
2069 1581 80 19 mente
2169 1577 29 22 de
2219 1577 21 22 la
2263 1577 110 21 cueslion
2398 1575 29 22 de
2449 1582 30 14 un

2006 1611 169 30 problemalico
2188 1611 192 21 irredentismo.

2034 1646 78 22 Desde
2124 1645 23 22 el
2158 1643 126 30 principio,
2301 1643 37 22 sin
2357 1642 122 28 embargo,

2006 1680 36 21 los
2054 1677 195 31 preconizadores
2269 1677 38 21 del
2326 1675 155 23 movimienlo

2006 1719 68 16 corso
2086 1717 146 24 procuraron
2249 1710 105 29 Irabajar
2368 1709 112 22 lealmen-

2007 1749 31 23 le,
2050 1744 151 23 desdenando
2214 1744 36 22 los
2263 1742 165 23 desazonados
2445 1749 36 14 ar-

2036 1782 151 29 Regresando
2195 1782 74 21 aliora
2279 1788 12 14 a
2305 1783 104 20 maeslra
2420 1786 60 15 corn-

2008 1817 111 30 paraciôn
2130 1818 66 20 entre
2207 1814 107 29 Corcega
2325 1821 16 22 y
2353 1814 36 21 las
2402 1813 78 28 Repu-

2009 1851 74 21 blicas
2095 1849 154 26 americanas,
2272 1848 111 21 haremos
2402 1847 82 21 obser-

2010 1891 41 15 vai-
2062 1890 46 22 que
2118 1889 27 15 se
2157 1889 28 15 en
2198 1882 101 27 liempos
2311 1880 122 29 anliguos,
2448 1879 35 22 ios

2010 1916 143 30 parlidarios
2173 1915 28 22 de
2225 1914 69 22 Paoli
2316 1921 16 22 y
2353 1914 30 21 de
2403 1913 81 22 Simon

2012 1950 95 22 Bolivar
2126 1948 145 22 nicrecieron
2286 1947 24 21 al
2322 1947 102 28 aplauso
2444 1946 38 21 del

2011 1983 86 22 mundo
2123 1984 90 23 enlero,
2244 1986 110 16 merecen
2383 1979 102 22 lambien

2011 2023 57 16 nues
2071 2019 35 19 Ira
2115 2014 145 23 admiration
2269 2014 36 21 les
2314 2013 106 22 acluales
2430 2014 56 27 poê-

2013 2053 34 19 las
2057 2057 17 21 y
2085 2049 127 22 escrilores
2224 2054 47 22 que
2283 2054 29 14 en
2325 2046 84 22 ambos
2427 2045 60 22 Con-

2013 2083 108 26 tinentes,
2131 2082 55 28 bajo
2197 2081 23 21 la
2230 2080 104 22 bandera
2345 2086 44 15 con
2399 2079 86 22 cabeza

2013 2117 29 21 de
2053 2122 82 19 cuoro,
2149 2122 14 14 o
2176 2115 54 28 bajo
2249 2114 36 21 las
2300 2113 81 22 varias
2401 2112 88 21 bande-

2013 2156 38 16 ras
2063 2149 147 22 americanos
2223 2147 87 22 luchan
2323 2153 45 22 por
2381 2153 30 14 un
2425 2145 62 22 idéal

2013 2183 30 22 de
2061 2181 201 24 adclanlamicnlo
2282 2179 118 26 lilerario,
2414 2178 74 22 social

2012 2223 16 22 y
2042 2216 84 22 moral.

2059 2254 67 22 Juan
2138 2253 110 22 Battista
2262 2251 198 23 Franceschini.

2034 2287 88 23 Santiago
2130 2287 23 18 de
2162 2286 58 19 Chile.

2080 2389 109 51 Una
2223 2388 203 50 Lettera

2037 2492 78 19 Chiatra
2122 2494 55 17 stu...
2186 2491 109 23 Jennagliiu
2304 2490 46 19 1930

2203 2534 73 21 Caru
2288 2533 144 25 Direttore,

2044 2576 141 28 Malgradu
2197 2575 144 22 ch'ahbiaa
2354 2575 69 21 vista
2435 2580 60 15 acu-

2017 2612 27 20 ta
2054 2616 12 15 e
2079 2616 35 15 un
2125 2608 152 29 suppulellu
2291 2608 28 21 di
2335 2608 49 21 bon
2407 2613 86 19 sensu,

2018 2649 35 16 un
2071 2645 83 26 possu
2185 2643 83 20 micca
2291 2640 110 29 nigabbi
2428 2640 66 22 ch'io

2017 2677 84 21 nascii
2112 2675 119 22 anch’eiu
2240 2675 107 28 quandu
2357 2674 70 21 l'Ave
2438 2673 56 22 Ma-

2017 2711 42 20 ria
2071 2715 99 16 sunava
2183 2715 50 15 cun
2243 2712 104 24 organu
2365 2710 68 25 pocu
2452 2713 42 16 ar-

2017 2743 134 22 muniosu.

2047 2776 79 21 Cume
2134 2775 91 26 videfe,
2233 2775 88 21 scrivu
2332 2775 28 20 in
2371 2773 122 26 dialettu,

2019 2809 42 22 chi
2069 2809 69 26 eiu,a
2148 2807 65 22 dilla
2223 2808 102 24 franco,
2337 2808 28 21 di
2371 2808 122 26 Jrencese

2021 2849 29 15 ne
2076 2848 48 15 cun
2128 2847 29 16 os
2158 2847 32 16 eu
2213 2842 97 27 quante
2336 2846 122 19 mamma,
2483 2846 13 14 e

2020 2881 111 16 mamma
2150 2873 76 23 111111'è
2244 2875 85 20 micca
2353 2873 50 28 più
2421 2874 76 26 porte

2021 2909 44 21 che
2076 2914 17 15 u
2103 2909 94 20 nostru
2208 2907 127 22 ministru
2344 2907 96 20 Pinellu
2454 2905 41 29 (/).

2047 2941 36 22 Di
2092 2943 88 26 penna
2190 2940 28 21 sô
2231 2946 36 15 un
2279 2942 68 25 pocu
2357 2939 50 28 più
2420 2945 78 15 avan-

2020 2976 60 27 %atu
2089 2981 11 20 ;
2119 2973 88 27 facciu
2222 2972 32 23 V0
2279 2972 76 22 tondi
2371 2972 75 21 tondi
2464 2972 33 21 da

2023 3006 93 28 disfidà
2135 3007 11 20 i
2168 3007 59 26 capi
2248 3006 28 21 di
2288 3005 163 22 VAcademia
2470 3005 28 21 di

2021 3039 103 23 riesceli
2137 3045 70 16 cume
2221 3045 47 15 me.

2048 3072 46 23 Ma
2106 3074 71 21 tuttu
2198 3074 90 26 questu
2305 3071 12 22 è
2332 3077 44 16 cos
2378 3078 16 14 a
2412 3072 86 27 parti-

2023 3105 108 24 cularee
2140 3107 68 26 pocu
2218 3106 171 21 inter.essente
2397 3111 5 14 :
2413 3105 88 21 scritti

2024 3146 29 15 ne
2062 3139 94 22 letture
2167 3145 36 15 un
2215 3140 24 20 si
2249 3144 33 15 ne
2293 3137 141 28 manghia!

2052 3172 33 22 Bi
2097 3171 153 29 diceraghiu
2263 3171 44 21 chi
2319 3171 28 21 di
2364 3176 83 21 jornu
2466 3171 30 21 in

2022 3205 117 29 ghiornu
2150 3206 74 21 sentu
2245 3203 78 29 lagnà
2338 3203 50 28 più
2394 3205 75 26 porte
2482 3210 16 15 a-

2024 3239 96 25 Muvra,
2143 3245 12 14 e
2178 3239 139 27 purtantu,
2337 3239 50 25 per
2404 3236 59 26 ella,
2482 3243 16 14 a

2021 3274 116 25 pascura
2149 3276 83 16 cresce
2245 3276 72 15 cume
2339 3276 17 15 u
2372 3269 61 22 latte
2455 3276 14 15 a
2481 3276 18 15 u

2022 3305 72 27 focu.

2053 3337 86 28 Lagnà
2148 3336 11 22 ?
2182 3336 45 21 CW
2229 3336 51 21 ella
2301 3335 66 22 lasci
2388 3335 78 29 lagnà
2485 3342 16 15 a

2025 3376 46 19 me,
2077 3372 99 25 poveru
2187 3369 152 22 Pasturellu
2347 3369 50 26 chi,
2411 3375 30 16 eu
2451 3371 49 19 set-

2026 3405 23 20 te
2060 3402 143 29 criampuli
2212 3409 16 14 a
2239 3409 12 14 e
2263 3401 92 29 spalle,
2368 3403 38 20 mi
2423 3403 78 20 trovu

2026 3442 31 15 eu
2065 3442 13 14 e
2085 3437 122 26 speran^e
2220 3436 28 21 di
2257 3441 17 16 11
2292 3435 111 27 Signore
2412 3436 9 20 !
2432 3435 68 21 Mal-

2023 3469 88 28 gradu
2122 3468 67 22 ch'io
2202 3469 36 21 mi
2253 3468 248 28 lagnijustamente,

2028 3508 16 15 ■u
2054 3501 52 22 miò
2120 3502 84 28 gridu
2222 3501 77 22 unn'e
2313 3503 54 19 mai
2386 3502 92 24 intesu,
2490 3508 12 13 e

2026 3536 98 20 nisunu
2137 3534 55 22 vole
2203 3535 139 21 ricunosce
2361 3536 99 26 quantu
2472 3534 29 21 sô

2027 3567 63 22 utile
2101 3568 28 21 in
2142 3569 43 20 stu
2195 3573 59 16 mon
2258 3567 44 22 du.
