2602 3936
91 100 61 25 Sest
169 98 104 22 annata
337 96 130 24 Numaru
482 103 48 26 213
1042 106 84 24 Esce
1148 113 19 17 a
1179 106 182 24 Dumenica
1997 106 171 31 Dumenica,
2184 104 31 26 26
2235 104 103 32 Lugliu
2355 110 63 26 1925

420 204 337 249 A
868 204 1561 257 MUVRA

822 495 243 34 GIURNALE
1103 497 45 32 DI
1187 497 26 32 E
1251 496 136 35 PIEVE
1416 500 46 32 DI
1491 500 215 35 CORSICA

321 606 212 19 ABBUNAMENTI
544 611 5 12 :

75 639 25 17 In
124 633 98 19 Corsica
643 627 32 18 12
701 627 96 17 franchi

75 670 26 16 In
128 663 102 19 Francia
615 672 5 4 .
643 658 33 18 15
746 665 10 9 »

75 700 19 17 A,
129 695 109 18 l’Esteru.
643 689 33 19 25
746 696 9 9 »

328 723 16 17 U
359 723 100 18 Numaru
465 722 29 18 :4
505 721 60 19 soldi

1053 651 139 27 Direttore
1209 661 6 18 :
1241 654 92 26 Petru
1347 654 140 27 ROCCA

1947 618 274 20 AIVIIVIINISTRAZIONE:

1824 658 40 22 38,
1890 659 77 18 Corsu
1998 659 124 18 Grandval
2136 657 39 19 38.
2190 666 23 4 —
2237 656 122 18 AIACCIU

1789 715 75 19 Çontu
1883 716 104 17 currente
2001 719 29 14 eu
2046 719 15 13 a
2081 716 67 21 posta
2167 724 23 3 —
2206 713 122 23 Marseglia
2344 711 65 23 45,82

293 800 185 28 Pontenòvu
490 801 8 25 !
525 799 187 27 Pontenòvu
730 800 8 25 !

159 907 329 79 STAT
547 907 333 75 CRUX

68 1096 27 26 A
112 1094 89 26 Croce
211 1094 14 23 è
237 1090 112 26 arritta
358 1090 10 24 !

68 1138 60 25 Ave
129 1137 27 25 te
169 1131 115 29 intesu?
302 1131 59 27 Stat
377 1130 92 27 Crux!

68 1179 25 26 E
102 1179 129 28 dumane,
243 1177 44 24 sta
309 1173 90 27 Croce
410 1181 95 18 monu-

35 1220 129 32 mentale,
179 1215 188 30 sulenamenie
385 1218 68 24 sarà
464 1216 42 25 be-

37 1264 114 26 nedetta
162 1263 11 24 !

67 1304 190 31 Dumanertre
268 1301 126 32 Aostu,a
409 1300 60 26 Cor
467 1300 39 26 si-

35 1347 35 27 ed
70 1347 74 35 fard
157 1345 83 26 Vattu
250 1344 49 26 chi
312 1343 103 35 sigilla
433 1345 19 23 ü
464 1342 42 26 ri-

37 1387 85 29 cordu
139 1387 33 26 di
193 1395 20 18 u
224 1386 89 27 Fattu
335 1386 20 25 û
368 1385 59 37 piü
443 1385 65 26 aliu

27 1432 44 28 Ui
77 1439 19 17 a-
105 1431 101 26 nostra
215 1430 107 34 sterpa.
340 1450 5 7 ,

32 1494 3 3 .
68 1472 182 27 Monumenti
264 1472 34 26 in
314 1471 111 33 brongu
443 1479 14 17 e
472 1469 33 27 in

36 1523 143 19 marmeru
186 1515 28 25 si
222 1514 102 34 rial^a,
337 1514 72 26 tutti
418 1513 15 30 j
449 1513 56 25 ior-

35 1558 41 30 ni,
89 1558 30 25 in
141 1558 80 25 centu
227 1556 120 35 paisàli,
354 1559 56 31 per
418 1554 88 35 quelli

37 1599 47 27 chi
107 1607 118 18 casconu
258 1600 30 24 in
312 1606 119 27 guerra.
461 1596 46 26 Ne

37 1649 135 19 mancava
195 1649 59 17 unu
270 1643 56 31 per
353 1640 92 26 VEroi
473 1639 34 26 di

37 1684 160 26 Pontenòvu
203 1683 11 24 !

69 1726 64 25 Avà
151 1725 113 25 Vavemu
278 1725 10 24 !

48 1786 11 7 ...
70 1768 91 34 Sença
171 1766 132 27 ribombu
314 1766 34 26 di
356 1767 151 25 cumitato-

37 1811 33 25 ni
81 1810 49 26 chi
136 1809 129 35 fraçariu
281 1815 51 20 car
333 1810 30 25 ta
373 1810 87 33 seh^a
469 1808 41 35 fà

37 1861 38 18 un
88 1855 135 31 passii,ûn
233 1854 105 32 pugnu
344 1851 164 35 dipatriot-

39 1895 24 25 ti
71 1894 39 26 ha
119 1890 85 38 positi
214 1902 119 26 u.segnu
345 1893 33 26 di
384 1902 21 16 u
416 1893 92 26 ricor-

39 1937 37 25 du
84 1938 11 24 !
110 1936 27 26 A
152 1944 143 26 vergogna
307 1936 66 25 d'un
393 1935 115 25 immen-

38 1988 30 17 sa
81 1978 157 34 scurdan^a
256 1980 15 22 è
284 1980 74 31 puni
365 1976 110 35 ftnital

73 2021 128 33 Dunque^
226 2020 129 31 dumane,
378 2019 130 25 rendïmu

40 2063 105 26 Vonori
155 2070 17 18 a
185 2062 48 26 chi
254 2062 12 25 i
282 2062 28 25 si
318 2062 104 25 mérita
431 2062 11 24 !

572 1088 46 27 Un
628 1090 74 24 state
713 1096 19 18 a
748 1089 77 25 sente
844 1097 14 16 e
874 1096 63 18 voce
958 1088 49 25 chi

533 1132 184 34 cunsiglianu
725 1132 144 25 dintarrà
876 1138 38 17 un
917 1132 89 32 apar-

533 1175 29 24 té
581 1174 32 25 di
630 1179 37 20 Un
669 1182 19 18 a
707 1174 102 31 stôria,
830 1173 33 26 di
880 1172 126 26 straccià

532 1224 15 17 e
560 1216 109 35 pagine
681 1216 33 26 di
723 1216 26 26 B
750 1224 33 17 or
780 1224 43 26 gu
835 1215 32 26 di
875 1224 15 16 e
900 1214 105 25 Ponte-

531 1260 76 24 nôvu
618 1259 10 24 !

568 1300 28 26 A
608 1300 93 26 stôria.
708 1302 17 22 è
734 1299 94 26 stôria
836 1300 10 24 !
858 1299 21 25 S
881 1300 25 24 te
917 1297 94 36 pagi'»•

532 1351 45 23 ne,
592 1342 145 35 bisogna-a
747 1340 259 36 inquadraile,per-

533 1384 52 27 che
592 1387 29 23 sô
631 1389 15 21 è
654 1385 56 34 piü
723 1384 68 26 belle
802 1384 35 26 di
849 1391 18 18 a
879 1383 83 26 Lôtta
973 1382 33 26 di

531 1436 21 17 u
572 1428 116 26 Dirittu
711 1428 103 26 contru
834 1435 17 17 a
867 1426 103 34 For^a.

572 1470 46 26 ZJn
629 1471 73 24 state
716 1477 19 18 a
744 1471 78 24 sente
836 1477 14 17 e
865 1468 142 26 vuciaccie

535 1512 35 26 di
585 1512 12 26 i
607 1512 139 34 Rinegati
764 1520 36 17 ne
815 1511 14 25 i
848 1510 102 26 ronchi
973 1510 33 26 di

532 1554 221 35 Vincunsapeuli
771 1553 51 26 chi
841 1554 33 25 di
894 1553 113 26 Videale

533 1597 133 26 ciirsincu
676 1595 231 27 n’imbuttiscenu
925 1604 15 16 e
947 1603 59 17 suc-

533 1639 135 34 cudagne.

569 1682 28 25 A
615 1681 136 26 bandiera
765 1681 34 26 di
816 1680 166 27 Pontenôvu
992 1684 15 22 è

535 1724 79 26 tinta
624 1724 33 25 di
673 1732 21 17 u
703 1727 109 24 sariçrüe
827 1732 21 17 u
855 1724 56 34 piü
926 1726 81 32 puru

533 1766 36 26 di
579 1767 13 25 i
601 1766 95 26 nostri
707 1766 108 30 çascaM
822 1768 39 33 pè
875 1774 19 17 a
905 1766 108 34 patria.

536 1817 81 17 corsa
627 1817 7 17 :
647 1808 171 26 salutemula
829 1809 37 24 h,

569 1851 29 25 A
615 1850 51 26 bar
665 1859 19 17 a
695 1850 35 26 di
741 1850 18 26 V
760 1850 214 34 Indipiridença
994 1859 14 16 e

530 1893 101 34 falata
640 1893 54 34 per
710 1894 77 24 sottu
794 1892 68 26 Tari
866 1894 86 25 attira
975 1892 34 26 di

534 1943 35 17 su
592 1934 110 30 Ponte..
722 1934 126 26 Almenu
870 1934 145 29 avvicine-,

535 1985 49 17 mu
586 1976 27 26 ci
634 1984 14 18 e
661 1978 139 32 purtemu
826 1985 22 17 a
864 1984 87 18 manu
971 1976 38 26 du

534 2027 21 17 u
572 2020 83 33 pettu
666 2027 20 17 a
700 2018 33 26 lu
748 2014 112 38 cdpelïü
869 2019 11 24 /

710 2070 93 25 Dom.
830 2069 143 26 Carlotti.

56 2202 146 38 Cumitaiu
218 2204 37 45 pè
271 2216 20 24 u
308 2206 184 35 monumentu
513 2216 18 24 a
553 2205 11 35 i
582 2204 83 36 morti
683 2204 77 36 corsi
777 2203 30 37 di
825 2203 168 38 Pontenôvu

128 2310 274 62 Inau&umiom
423 2312 39 48 di
480 2327 23 33 a
532 2311 108 49 Croce
661 2311 40 48 di
721 2327 23 32 u
764 2311 154 49 Ricordu

400 2387 20 25 3
432 2386 125 32 Agostu
570 2386 73 26 1925

302 2473 48 36 Jg
391 2478 262 26 PROGRAMMA
693 2473 48 36 Jg

63 2571 27 17 io
99 2572 44 16 ore
154 2578 28 4 —
194 2566 167 23 Ricevimentu
374 2567 24 21 di
413 2566 159 29 Monsignore
581 2567 119 26 Simeone,
714 2573 107 16 vescuvu
834 2568 23 20 di
871 2566 107 27 Corsica,

260 2607 13 15 e
284 2601 25 21 di
320 2608 14 14 u
347 2602 120 21 cumitatu.

63 2656 27 16 io
101 2651 44 21 'ore
157 2658 12 14 e
180 2657 28 20 15
219 2663 27 4 —
260 2651 165 28 Scuprimentu
437 2651 24 22 di
476 2658 15 14 u
504 2654 164 20 monumentu.

259 2685 79 22 Messa
346 2687 88 26 parata,
445 2686 119 21 celebrata
576 2685 29 22 da
613 2692 16 15 u
644 2686 115 21 canonicu
769 2685 117 27 Colonna,
896 2686 83 28 pieva-

260 2725 32 16 nu
302 2720 23 21 di
340 2719 150 29 Merusaglia,
503 2720 108 21 assistitu
622 2720 29 21 da
664 2719 6 21 i
684 2720 111 27 parocchi
805 2720 25 21 di
842 2726 12 15 a
870 2721 70 26 pieve
953 2720 24 22 di

260 2752 102 23 Rustinü
375 2755 20 20 e'
403 2753 29 22 da
441 2755 67 26 prete
522 2753 138 22 Dumenicir
668 2753 109 22 Carlotti.

261 2797 37 24 Un
313 2798 138 26 orchestra,
460 2801 69 20 sottu
540 2805 17 15 a
569 2799 126 28 dire^ione
704 2799 29 21 di
740 2805 16 15 u
769 2799 115 22 Maestru
897 2799 80 23 Gian-

329 2832 102 26 narelli,
443 2834 24 20 si
475 2832 51 28 far
527 2832 15 22 à
554 2835 67 20 sente
632 2833 106 21 durente
747 2832 114 29 l'offi^iu.

61 2890 28 16 10
103 2884 56 22 'ore
173 2890 14 15 e
201 2890 28 22 45
243 2895 14 4 —
271 2883 153 22 Binadizione
438 2883 28 21 di
480 2889 14 15 a
508 2882 69 22 Croce
591 2883 28 22 da
633 2883 139 28 Monsignore
783 2883 119 22 Simeone.

60 2951 27 16 11
96 2946 44 22 òre
151 2958 29 4 —
192 2946 153 22 Prucissione
359 2944 113 24 annant’a.
478 2951 17 15 u
508 2947 77 25 ponte
599 2945 63 27 (Unâ
667 2950 95 16 -curona
774 2944 54 22 sarà
838 2945 139 27 lampata-in

258 2980 65 22 Golu
334 2985 14 15 e
362 2978 91 29 l’acque
464 2985 87 15 saranu
562 2979 120 21 binadette
694 2978 30 22 da
735 2984 16 15 u
761 2978 123 29 pièvanu):
907 2990 4 3 -

60 3036 27 16 11
100 3030 68 22 breé
179 3037 35 23 15■
218 3043 29 4 —
259 3031 116 22 Discorsu
383 3030 24 22 di
416 3030 70 22 Prete
497 3030 144 21 Dumenicu
655 3028 120 23 Carlotti.

342 3075 116 22 Discorsu
466 3075 25 21 di
506 3074 81 23 Petru
598 3074 89 22 Rocca.

257 3118 85 25 Puesia
354 3118 24 24 6\
390 3120 57 22 Mai
445 3119 80 23 strate
544 3120 65 21 detta
620 3119 30 21 da
662 3117 108 24 l’autore.

39 3174 8 6 -
152 3184 8 6 .
169 3166 85 23 Puesia
268 3166 26 23 â\
303 3166 88 28 Juvan
401 3166 78 21 Petru
491 3164 138 23 Lucciardi
641 3164 64 22 detta
717 3164 29 21 da
755 3164 109 23 l’autore.

159 3212 156 22 Allocuzione
327 3211 24 21 di
361 3210 112 23 Larenzu
484 3210 111 22 Lùciani
602 3209 19 22 a’
631 3209 124 23 Giuventù
766 3209 108 22 cursista.

391 3252 2 2 .
491 3252 3 2 .
532 3252 4 2 .

169 3281 154 23 UArmonia
335 3280 85 23 libara
431 3281 107 22 bastiese
549 3282 87 25 presto,
647 3286 17 15 u
684 3285 28 15 so
719 3284 140 17 -cuncorsu.

307 3356 185 23 MEZZIORNU
505 3362 7 15 :
528 3354 197 23 BANCHETTU

69 3413 6 3 ..
86 3399 13 14 G
104 3401 60 17 publicn
169 3402 62 15 truvarà
235 3403 19 14 ia
258 3402 91 16 Pontenôvu,
355 3405 10 11 a
369 3402 48 17 grezzi
422 3401 78 16 oeuderatï,
506 3401 36 17 ogni
547 3404 36 11 cosa
588 3400 79 15 necessaria
671 3403 29 15 per
704 3399 91 15 rinfriscassi
800 3403 9 11 e
813 3402 28 15 per
846 3399 15 14 là
866 3399 84 14 cullazione.

119 3502 42 51 A
185 3503 60 51 eh
267 3520 69 35 vin
362 3520 130 36 verte
516 3520 37 34 u
576 3502 38 51 3
643 3502 193 67 Agostu
859 3500 50 51 in

363 3588 298 51 Pontenovu

38 3660 25 49 è
86 3680 158 56 segnu
268 3671 231 52 ch’ell’un
535 3668 68 51 ha
620 3684 116 35 core
758 3668 52 50 in
838 3674 159 62 pettu.

1144 801 41 50 A
1225 800 199 53 Corsica
1461 802 198 69 sgrigna
1699 804 12 50 i
1749 803 136 52 denti

1254 918 31 22 II-

1124 953 3 3 •
1141 942 3 2 '
1160 960 2 2 .
1181 955 3 3 •
1193 948 3 3 •
1229 959 8 5 ,
1348 947 5 3 -
1486 950 3 3 -

1061 968 164 27 L’esplosione
1241 969 24 21 di
1289 970 133 26 malumpre
1434 970 71 21 scati-:

1031 1003 53 19 nata
1097 1008 32 15 ne
1136 1008 14 14 a
1156 1003 97 27 .stampa
1264 1003 165 27 indipindente
1439 1004 67 22 insu--

1031 1035 54 21 lana
1093 1035 25 22 i.n
1131 1037 108 25 prutesta
1248 1036 24 22 di
1285 1036 221 28 u.disprezz,u,Ogni:

1029 1068 72 27 jornu
1120 1068 41 27 più
1180 1068 72 28 majò,
1277 1069 56 22 chfi
1346 1069 119 28 dirigente
1476 1070 23 22 di

1032 1101 79 28 Parigi
1143 1104 122 21 mostranu
1296 1108 45 22 per
1374 1110 33 15 un
1430 1110 70 21 pa.ese

1031 1135 109 21 infunatu
1159 1142 14 14 e
1188 1136 180 28 inpastughiatu
1388 1138 31 21 da
1441 1139 59 20 tutte

1031 1168 79 27 quelle
1126 1168 144 28 piazzarelle,
1291 1171 124 21 ritiratelle
1432 1178 14 14 e
1457 1172 49 21 mi-:

1031 1202 47 21 seri
1099 1203 106 21 succorsi
1223 1204 17 20 d
1247 1202 128 24 assistenzà
1393 1205 106 27 ipublica.

1059 1234 11 22 I
1083 1236 144 28 demagoghi
1245 1238 102 22 curatori
1364 1238 25 22 di
1399 1238 90 22 Marian
1494 1250 7 4 -

1030 1271 67 21 nonà
1103 1270 27 22 sò
1147 1271 73 21 sicuri
1246 1271 38 21 chi
1301 1277 29 15 eu
1349 1278 30 15 sa:
1395 1272 111 23 brinnata.

1030 1304 103 27 lampata
1153 1304 24 21 in
1195 1305 23 21 la
1238 1305 104 21 scudella
1360 1310 75 21 corsa,
1452 1310 49 16 scu-

1031 1338 61 21 della
1115 1337 77 22 ch’elli
1215 1338 107 28 piglianu
1343 1338 31 28 pè
1397 1345 47 15 una
1454 1338 47 22 trô-

1031 1372 62 26 vula,
1116 1371 133 29 Cyrnu;un
1266 1371 32 22 lia
1307 1390 3 2 .
1317 1372 43 27 più
1380 1372 44 22 che
1435 1378 14 16 a
1464 1378 37 16 ca-

1030 1405 24 22 là
1076 1412 14 15 e
1099 1406 91 28 braghe
1211 1406 31 21 da
1258 1406 114 26 buscassi,
1383 1413 119 21 senza'pu-

1031 1440 30 22 dè
1076 1440 24 22 di
1110 1440 27 22 uf
1148 1440 6 21 !
1168 1446 63 17 una..
1238 1440 96 22 frustata
1359 1440 108 23 annant’a
1488 1447 14 15 e

1031 1475 60 21 cule.
1140 1492 4 2 .
1291 1486 4 3 •

1059 1513 74 22 Razza
1153 1514 76 21 ardita
1240 1514 13 21 ?
1268 1513 64 27 Allô,
1345 1514 40 22 via
1396 1514 5 21 !
1417 1514 86 22 dicenu

1031 1547 25 22 in
1082 1547 80 22 Piazza
1184 1547 118 26 Beauvau,
1333 1548 110 22 muntoni
1462 1548 40 21 lia-

1031 1581 68 27 toghi
1122 1586 52 22 per;
1183 1585 32 17 un
1227 1580 25 22 di
1284 1581 98 28 peghiu,
1410 1587 92 22 sempre
1506 1580 2 3 '

1033 1615 79 27 pronti
1130 1620 14 16 e
1161 1615 53 22 lesti
1236 1615 29 21 ad
1294 1621 53 16 esse
1379 1616 121 21 sacrificati

1031 1648 78 28 sopr’a
1129 1648 82 23 l’altari
1232 1649 57 22 detti
1307 1650 23 20 di
1353 1655 13 15 a
1387 1650 92 27 justizia
1488 1655 13 16 e

1032 1682 23 21 di
1071 1688 13 15 a
1096 1682 163 22 civilisazione
1270 1683 33 21 !...
1317 1683 23 21 di
1370 1690 15 14 u
1411 1683 89 26 Nordu,

1032 1716 23 21 di
1063 1716 118 22 l’Oriente
1190 1722 14 16 e
1212 1717 24 21 di
1248 1723 13 15 u
1269 1716 110 23 Maroccu
1389 1723 15 15 o
1411 1717 24 21 in
1445 1717 56 27 ogni

1032 1750 92 28 scogliu
1145 1750 89 22 induva
1253 1757 13 15 a
1289 1751 94 27 prudita
1404 1751 23 21 di
1447 1757 56 15 cun-

1032 1784 78 27 quiste
1137 1784 32 22 d’i
1196 1784 83 28 vecchj
1315 1785 122 21 abbruttiti
1449 1785 24 21 di
1489 1791 12 15 a

1033 1823 125 16 scarnurza
1169 1818 55 21 d’un
1247 1818 104 29 Lyautey
1367 1820 56 20 voie
1438 1819 64 27 pian-

1032 1851 24 22 tà
1083 1858 15 14 u
1110 1852 120 22 tricolore.

1062 1884 61 23 Innò
1132 1885 38 21 chi
1180 1886 35 21 c'è
1233 1886 91 27 sbagliu
1332 1886 6 20 !
1361 1886 28 22 Ci
1403 1886 27 22 sò
1442 1891 68 18 sem-;

1034 1924 50 22 pre,
1092 1924 30 22 pa
1130 1919 19 21 si
1164 1919 119 28 rughioni,
1292 1919 64 22 l’òmi
1366 1919 60 25 fieri,
1439 1919 71 28 l’òmi;

1034 1952 24 22 di
1083 1952 63 22 eôre.
1170 1952 27 22 In
1210 1953 22 21 la
1245 1953 76 21 banda
1345 1953 23 22 di
1388 1959 13 15 e
1418 1959 85 21 pecure

1034 1991 82 16 manze
1132 1991 13 15 e
1165 1986 124 22 sturduiite
1307 1987 20 20 ci
1338 1986 28 22 sô
1390 1987 6 20 i
1421 1986 89 22 becchi:

1034 2018 210 23 corn'inturchiate
1270 2019 39 21 chi
1337 2019 133 28 schiglianu
1490 2025 13 16 e

1035 2053 137 27 intisgianu.

1062 2086 111 26 Sacrifizi,
1192 2087 29 25 si,
1232 2093 38 15 ma
1280 2093 5 15 :
1312 2087 114 22 donnant
1443 2087 51 22 don

1033 2122 72 20 nant.

1062 2154 95 22 Piulelli
1177 2154 71 22 d’una
1271 2157 75 19 stessa
1364 2156 96 25 cioccià,
1474 2155 28 26 si,

1033 2190 70 26 posta
1115 2188 64 22 chi-a
1194 2190 65 20 sorte
1271 2188 31 22 ha
1309 2188 84 22 ficcatü
1404 2189 64 22 l’òve
1479 2190 24 21 di

1033 2221 84 22 l'acula
1128 2228 69 16 corsa
1206 2222 69 22 sott’a
1292 2223 83 27 jallina
1389 2223 113 26 francese,

1034 2262 40 16 ma
1079 2262 14 15 a
1103 2256 140 22 cundizione
1258 2256 39 22 chi
1309 2256 194 29 l’appullatoghiu

1033 2290 59 21 fussi
1100 2290 86 28 uguale
1196 2296 46 22 per
1251 2291 64 21 tutti.
1322 2300 4 3 •

1062 2323 62 22 Eccu
1143 2323 94 23 l’ultimi
1255 2324 68 22 stridi
1345 2320 23 26 dï
1385 2331 14 15 a
1413 2327 91 25 stampa

1034 2357 108 22 irisulana
1151 2364 7 15 :
1349 2371 4 4 -

1061 2392 24 21 A
1106 2391 111 23 Bataille
1244 2392 79 22 Corse
1341 2393 24 21 di
1387 2399 15 15 u
1422 2399 80 22 i-7-25,

1033 2426 140 22 acennendü
1181 2432 14 15 a
1206 2426 84 22 l’inviu
1300 2427 28 21 di;
1336 2427 96 22 rihforzi
1444 2428 59 26 puli-

1033 2460 65 21 ziotti
1111 2459 73 23 fatt'in
1198 2460 98 22 stultimi
1310 2461 73 27 tempi
1401 2461 30 22 da
1441 2460 63 22 frun-

1034 2499 79 28 teggià
1126 2506 14 15 u
1154 2500 150 21 muvimentu
1316 2501 78 21 scrive
1402 2507 6 15 :

1034 2562 60 21 C’est
1104 2569 29 13 en
1141 2563 56 20 vain
1206 2570 46 18 que
1259 2563 100 21 l'ancien
1365 2564 89 20 coussin
1464 2567 40 22 ap-

1029 2594 62 24 pelle
1104 2594 61 20 dans
1184 2594 97 25 Ajaccio
1295 2595 111 25 quelques
1419 2596 85 24 figures

1032 2624 115 21 d’abrutis
1152 2628 61 21 pour
1220 2626 116 20 terroriser
1339 2626 27 21 la
1368 2626 135 25 population

1031 2658 24 17 et
1060 2658 62 22 pour
1126 2655 114 25 fomenter
1245 2657 21 20 le
1275 2657 89 21 trouble
1371 2664 9 13 :

1060 2714 18 22 E
1092 2715 43 27 più
1146 2715 79 26 bassu,
1239 2722 15 14 u
1275 2719 78 19 stessu
1364 2716 139 22 cunfratellu

1031 2748 125 26 s’espr-ime
1167 2749 75 22 cusi-:
1275 2763 8 5 ..
1390 2764 4 3 -

1181 2834 170 31 Siconda

1063 2882 154 37 Mirindella
1227 2882 42 37 dï
1285 2883 85 36 Pueta
1389 2883 79 36 Corsi

1100 2934 28 22 in
1142 2934 51 22 San
1204 2935 79 21 Petru
1294 2934 27 23 di
1331 2934 103 22 Venacu

1152 2977 18 15 u
1182 2970 14 22 1
1209 2970 100 26 Agostu
1322 2970 66 22 1925

1061 3010 130 26 presidiata
1203 3010 30 21 da
1244 3010 81 22 Santu
1340 3009 132 22 Casanova

1030 3045 107 22 assistitu
1148 3046 30 21 da
1187 3046 84 27 Juvan
1279 3046 79 21 Petru
1368 3045 135 22 Lucciardi

1161 3082 60 23 e.da
1232 3081 135 24 Màistrale

1058 3131 36 23 Cu
1107 3138 14 14 a
1131 3132 109 27 prisenza
1248 3132 30 22 d’i
1289 3134 70 26 pueta
1370 3138 14 15 e
1395 3132 106 22 rimatori

1030 3166 83 25 Pincu,
1127 3165 106 23 Martinu
1245 3166 169 28 Appinzapalu,
1427 3165 31 23 V.
1469 3166 31 22 G.

1029 3199 160 26 d’Altimonti,
1211 3206 16 14 u
1247 3199 163 27 Strampalatu,
1431 3199 70 22 Petru

1029 3231 89 28 Roccà>
1125 3232 115 22 Ghiuvan
1248 3233 24 21 di
1281 3239 14 15 a
1305 3232 94 27 Grotta,
1407 3233 23 22 U
1438 3232 64 22 Sam-

1028 3267 129 27 petracciu,
1178 3266 140 22 Ghiuvanni
1343 3265 112 27 Olivieri,
1478 3267 23 21 A

1029 3300 85 27 Scopa,
1130 3300 122 25 Minicale,
1266 3299 102 22 Simonu
1381 3301 25 20 di
1418 3301 17 21 li
1447 3300 54 21 Lec-

1028 3334 30 25 ci,
1094 3332 116 22 Ghiuvan
1245 3332 74 22 Paulu
1347 3332 151 27 Codaccioni,

1028 3366 92 23 L’Orzu
1128 3366 121 26 d’Orezza,
1266 3365 120 24 Cnntente
1401 3367 98 27 Ristori,

1029 3401 31 21 D.
1073 3401 24 21 di
1111 3400 164 26 Sant’Andria,
1289 3405 55 16 ec...
1368 3408 14 14 e
1398 3401 32 22 d’i
1443 3401 57 22 scri-

1027 3435 57 21 vani
1096 3435 95 21 cursisti
1203 3434 73 22 Paulu
1289 3432 211 29 Graziani,Matteu

1028 3468 88 25 Rocca,
1126 3468 93 22 Matteu
1226 3467 119 26 Cirnensi,
1356 3468 79 22 Toniu
1453 3468 47 22 Lai-

1028 3499 317 31 cinOjPasquale.Manfredi,
1355 3502 26 21 P.
1389 3503 24 21 di
1425 3503 28 21 B.
1463 3508 35 16 ec.

1055 3536 188 27 Inaugurazione
1254 3534 24 22 di
1292 3539 14 16 u
1326 3534 87 24 Teatru
1431 3537 24 21 di
1475 3537 22 21 A

1027 3570 95 22 Muvra
1133 3575 29 15 cu
1173 3570 23 20 A
1217 3568 115 28 Pignata,
1355 3570 108 21 cumedia
1474 3570 24 21 di

1028 3604 26 21 P.
1068 3603 89 26 Rocca,
1180 3603 92 21 ricitata
1284 3601 30 21 da
1334 3602 165 22 Madamicelle

1028 3634 263 28 Padovani,PaoIi,Aiti
1299 3640 14 14 e
1324 3635 31 21 da
1364 3635 135 29 Faggianel-

1026 3671 26 24 li,
1063 3670 97 24 Pinelli,
1181 3668 108 22 Serafinu
1306 3667 80 23 Rocca
1398 3675 13 15 e
1418 3669 81 21 Renzu

1027 3702 103 22 Luciani.

1553 920 31 20 Ce
1596 921 42 24 qui
1659 923 35 18 est
1718 921 141 21 douloureux
1881 925 60 21 pour
1966 928 30 13 un

1525 957 62 14 coeur
1603 951 30 20 de
1651 952 74 22 Corse,
1747 953 54 20 c'est
1823 953 30 20 de
1877 956 83 21 penser
1981 953 16 19 à

1525 988 26 13 ce
1564 982 69 20 noble
1646 985 23 17 et
1679 982 55 20 cher
1745 986 66 22 pays,
1834 990 29 13 en
1876 984 70 21 butte,
1959 983 38 20 de-

1522 1013 57 25 puis
1592 1012 55 25 plus
1665 1013 57 20 d’un
1739 1014 145 22 demi-siècle,
1900 1015 16 19 à
1925 1016 74 18 toutes

1525 1043 34 20 les
1571 1043 84 21 haines
1675 1044 176 25 républicaines.
1868 1045 35 19 La
1931 1045 68 20 Corse

1525 1071 16 22 à
1559 1078 32 16 z>ù
1608 1074 99 25 affamer
1725 1082 29 14 sa
1773 1075 138 25 population
1925 1082 10 16 ;
1955 1075 44 21 elle

1525 1111 16 13 a
1558 1111 32 14 vu
1611 1108 81 18 mettre
1714 1112 29 14 en
1757 1106 75 24 friche
1848 1113 42 14 son
1904 1107 38 19 sol
1953 1106 46 25 fer-

1524 1135 41 21 tile
1574 1143 7 17 ;
1591 1136 43 20 elle
1650 1143 17 13 a
1678 1143 33 13 vu
1724 1137 108 21 dévaste.r
1861 1144 37 14 ses
1928 1137 71 21 belles

1523 1166 73 25 forêts
1603 1174 10 16 ;
1621 1167 43 20 elle
1684 1174 19 13 a
1718 1174 31 14 vu
1763 1168 123 25 paralyser
1900 1170 49 18 tout
1956 1174 42 14 son

1524 1203 64 14 essor
1607 1199 146 24 économique
1759 1205 9 16 ;
1783 1199 44 20 elle
1840 1206 15 13 a
1870 1205 31 14 vu
1916 1200 83 24 répan-

1524 1228 43 20 dre
1584 1228 16 20 à
1616 1228 95 21 souhait
1731 1236 55 14 sous
1801 1236 43 14 son
1872 1230 61 20 beau
1955 1230 51 20 ciel.

1525 1258 125 25 Vangoisse
1665 1262 24 18 et
1711 1260 25 20 la
1756 1263 65 17 mort.
1841 1261 36 20 La
1901 1261 98 25 popula-

1526 1290 48 19 tion
1596 1290 30 19 de
1642 1296 26 14 ce
1675 1290 160 25 département
1842 1292 87 19 décroît
1942 1297 57 14 sans

1525 1326 63 14 cesse
1604 1322 24 18 et
1634 1327 30 13 ne
1675 1323 59 23 peut
1737 1322 56 24 plus
1804 1328 26 14 se
1841 1322 88 20 nourrir
1938 1322 62 20 dans

1525 1350 55 21 l'île.
1598 1352 70 19 Privé
1685 1352 107 24 pendant
1820 1359 32 13 un
1873 1353 57 19 mois
1957 1352 42 20 des

1525 1382 97 20 denrées
1637 1383 42 24 qui
1694 1383 36 20 lui
1745 1383 108 21 viennent
1875 1384 40 20 des
1933 1386 66 22 ports

1526 1413 32 20 du
1576 1414 117 20 continent
1714 1414 112 25 français,
1841 1414 22 20 le
1877 1415 85 24 peuple
1970 1415 29 19 de

1526 1444 48 21 l’île
1602 1446 71 19 serait
1698 1445 25 20 la
1742 1446 65 24 proie
1815 1446 30 20 de
1851 1451 6 5 '
1862 1446 24 20 la
1901 1445 96 25 famine.

1526 1475 36 21 En
1570 1476 84 20 dehors
1659 1476 41 20 des
1710 1476 101 25 familles
1824 1477 44 25 qui
1878 1480 41 17 ont
1926 1477 72 20 d’am-

1524 1507 52 24 ples
1593 1508 129 23 provisions
1742 1508 29 19 de
1786 1507 79 25 farine
1894 1508 29 20 de
1945 1508 53 20 châ-

1527 1537 99 25 taignes,
1645 1541 60 21 pour
1719 1539 126 24 remplacer
1861 1539 21 19 le
1889 1539 57 24 pain
1952 1542 48 21 par

1526 1568 25 20 la
1571 1577 11 10 u
1595 1569 96 24 polenta
1703 1574 18 17 »,
1731 1569 22 20 le
1769 1572 60 18 resle
1841 1570 30 19 de
1887 1570 24 20 la
1926 1573 73 21 popu-

1527 1599 74 20 lation
1628 1606 28 14 ne
1679 1600 107 24 pourrait
1814 1603 47 22 pas
1886 1600 114 25 échapper

1526 1630 16 20 à
1559 1630 26 20 la
1601 1630 67 25 faim.

1555 1682 24 23 U
1592 1684 160 21 lamentevule
1764 1684 102 22 tableau
1876 1684 14 21 è
1901 1684 96 28 pricisu,

1526 1723 44 15 ma-
1589 1717 21 21 ci
1635 1718 175 21 cüntintaremu
1840 1718 24 21 di
1894 1719 107 21 tamanta

1527 1751 32 21 mi
1562 1751 63 21 séria
1635 1752 13 20 ?

1555 1784 49 26 Ah,
1629 1784 31 22 bô
1674 1785 6 21 !
1696 1785 116 30 risponde
1825 1785 99 22 L’Eveil
1943 1785 24 21 di
1984 1785 15 21 ù

1522 1819 43 27 ■f-j
1582 1818 157 22 ramenténdu
1747 1820 3 10 :
1756 1826 29 14 un
1807 1819 61 21 fattu
1886 1819 98 21 'storicu'
1993 1824 6 15 :

1631 1853 38 15 U":;
1686 1863 2 3 .
1712 1854 3 3 '
1742 1860 3 3 -
1758 1857 3 4 '
1964 1854 3 4 '
1981 1858 3 7 '■

1549 1880 28 16 :...
1588 1876 87 20 C’était,
1683 1882 29 14 en
1725 1893 3 4 .
1733 1881 63 20 1729.
1808 1895 3 3 .
1820 1877 45 20 Les
1878 1877 124 25 garnisons

1525 1907 108 24 génoises
1652 1908 136 24 occupaient
1804 1908 35 20 les
1855 1908 80 24 places
1952 1914 50 15 ma-
2005 1906 5 27 \

1527 1938 89 21 ritimes
1621 1945 9 12 :
1639 1938 61 20 leurs
1717 1941 92 21 troupes
1824 1939 87 20 étaient
1933 1938 67 25 forte-
2005 1943 4 20 ;

1528 1971 64 18 ment
1608 1969 99 20 établies
1716 1969 20 22 à.
1746 1969 134 23 I’intérieur.
1893 1970 34 20 Un
1938 1969 65 22 vieil-

1527 1996 58 23 lard
1602 2000 30 19 de
1645 2000 74 19 Bozio
1736 2000 40 24 fut
1790 2000 101 20 violenté
1908 2004 48 21 par
1970 2007 32 13 un

1527 2030 121 20 collecteur
1669 2030 89 24 génois.
1786 2028 87 27 Voyant
1889 2031 57 23 cela,
1970 2038 32 13 un

1528 2060 91 21 homme
1637 2060 33 21 du
1689 2061 85 25 peuple
1796 2061 83 26 souffla
1899 2062 61 20 dans
1980 2062 23 20 le

1528 2092 104 20 Colombo
1639 2096 6 13 :
1661 2093 105 23 aussitôt,
1787 2094 103 19 d’autres
1902 2093 101 20 hommes

1527 2129 26 14 se
1569 2123 108 21 levèrent.
1689 2124 98 25 L’appel
1800 2124 115 20 d’alarme
1931 2127 71 17 reten-

1528 2154 30 21 tit
1578 2155 30 20 de
1626 2155 68 24 piève
1719 2162 33 17 en.
1768 2156 76 24 pieve,
1851 2171 6 3 -
1867 2156 30 22 de
1917 2155 86 26 village

1528 2186 17 20 à
1559 2185 111 25 village...
1688 2186 32 21 Et
1733 2186 37 22 les
1800 2186 88 23 Génois,
1910 2186 93 21 chassés

1528 2216 30 21 de
1583 2219 104 22 partout-,
1709 2217 84 21 durent
1807 2218 112 25 invoquer
1939 2218 22 20 le
1968 2224 35 14 se-

1528 2254 67 14 cours
1610 2248 42 20 des
1674 2248 120 25 Français.
1827 2248 64 20 Mais
1907 2255 26 13 ce
1946 2256 16 13 n
1968 2251 36 18 est

1528 2285 46 19 que
1596 2279 67 25 vingt
1678 2286 45 13 ans
1745 2280 69 24 après
1835 2286 52 18 que,
1914 2286 55 14 sous
1977 2280 25 20 la

1525 2310 107 24 pression
1655 2310 32 20 du
1719 2311 104 24 marquis
1840 2330 4 3 .
1853 2310 29 20 de
1911 2311 89 25 Cursey,

1529 2341 170 20 commandant
1707 2341 35 20 les
1755 2343 93 23 troupes
1865 2341 136 25 françaises.

1528 2371 23 21 le
1558 2372 74 20 traité
1637 2372 31 20 de
1672 2372 60 25 paix
1744 2372 38 25 fut
1794 2373 70 25 signé
1877 2379 56 14 avec
1945 2375 58 18 cette

1528 2403 108 20 addition
1655 2404 141 24 symbolique
1803 2411 9 13 :
1818 2408 11 11 «
1844 2406 76 18 contré
1938 2405 65 19 notre

1528 2434 99 23 volonté,
1642 2438 22 16 et
1680 2440 88 14 comme
1784 2441 30 14 on
1828 2441 29 14 va
1865 2436 13 19 à
1887 2435 21 19 la
1916 2438 66 17 mort.
1990 2439 11 12 »

1555 2470 51 26 Que
1613 2471 166 21 demandaient
1783 2472 34 20 les
1827 2472 80 20 Corses
1913 2472 13 20 ?
1934 2472 69 26 Qu’a-

1528 2502 52 20 vait
1596 2502 92 24 promis,
1692 2502 22 20 le
1733 2503 105 24 marquis
1850 2502 35 20 de.
1894 2503 83 25 Cursey
1990 2502 13 20 ?

1531 2531 51 28 Que
1600 2533 83 24 justice
1708 2533 51 20 leur
1780 2534 74 20 serait
1873 2533 67 25 faite,
1957 2540 46 18 que

1527 2564 35 20 les
1575 2563 69 26 juges
1667 2564 81 24 génois
1764 2571 30 13 ne
1807 2564 136 25 jugeraient
1948 2564 55 26 plus

1528 2600 28 14 ex
1569 2594 119 20 informata
1706 2595 161 20 conscientia...

1554 2630 33 21 Ex
1603 2630 119 21 informata
1738 2631 137 21 consciéntia
1880 2631 12 21 \
1903 2632 100 20 Suivant

1527 2662 53 20 leür
1594 2662 45 20 bon
1650 2662 87 24 plaisir
1747 2662 11 20 !
1776 2662 61 20 C’est
1856 2665 112 22 pourtant
1976 2663 26 20 la

1525 2692 101 25 formule
1653 2693 43 25 qui
1711 2695 36 18 est
1774 2694 74 19 restée
1883 2693 66 21 chère
1970 2700 32 14 au

1530 2723 93 21 Conseil
1641 2723 31 21 de
1696 2723 132 25 Préfecture
1835 2724 12 21 !

1555 2754 74 21 Gênes
1652 2754 123 25 n’agissait
1803 2758 48 22 pas
1872 2757 130 19 autrement

1529 2785 62 20 mais
1600 2785 73 21 Gênes
1688 2792 17 13 a
1720 2785 126 21 succombé.

1555 2821 60 20 Telle
1634 2823 36 18 est
1685 2822 25 19 la
1738 2821 63 26 leçon
1828 2822 31 20 de
1883 2816 117 27 ì’histoire.

1526 2852 71 20 Libre
1611 2859 16 13 a
1647 2858 64 17 vous,
1730 2853 129 23 messieurs,
1872 2853 30 19 de
1917 2854 26 19 la
1955 2854 46 20 mé-

1527 2882 135 21 connaître:
1678 2883 59 19 libre
1755 2884 16 19 à
1787 2890 57 14 vous
1862 2883 139 25 d’imaginer

1527 2918 53 19 que,
1599 2912 70 25 après
1677 2919 46 14 une
1728 2919 83 19 guerre
1820 2914 30 19 où
1861 2920 58 14 nous
1927 2920 74 14 avons

1528 2943 79 20 donné
1622 2945 53 18 tant
1689 2943 32 20 de
1740 2947 67 21 sang,
1823 2947 33 17 du
1871 2951 53 14 nom
1938 2945 30 20 de
1976 2945 25 21 la

1526 2973 85 25 justice
1627 2976 24 18 et
1655 2974 32 20 de
1695 2974 26 20 la
1737 2974 87 23 liberté,
1834 2975 21 20 il
1868 2982 30 13 ne
1906 2982 58 14 nous
1972 2982 29 14 en

1526 3006 61 18 reste
1594 3005 55 24 plus
1662 3011 46 14 une
1721 3008 80 22 goutte
1823 3005 62 21 dans
1905 3006 34 20 les
1955 3007 46 20 vei-

1526 3042 68 16 nes...
1620 3036 122 23 Pourtant,
1763 3036 110 25 craignez
1894 3037 29 21 de
1944 3044 58 14 vous

1526 3066 87 20 abuser
1620 3073 9 13 :
1636 3066 63 21 allez
1715 3066 61 21 dans
1796 3073 44 14 nos
1857 3070 142 22 montagnes,

1526 3103 59 14 vous
1598 3103 17 19 y
1622 3097 145 20 recueillerez
1783 3104 33 14 un
1821 3098 56 20 écho
1886 3099 47 24 qui,
1941 3101 61 22 pour

1526 3128 73 20 n’être
1613 3130 47 22 pas
1673 3134 81 14 encore
1766 3129 64 21 .celui
1843 3129 33 20 du
1889 3129 110 23 çolombo,

1526 3160 117 23 répercute
1659 3158 56 25 déjà
1738 3159 22 20 le
1779 3160 153 24 grondement
1938 3160 30 20 de
1976 3160 25 20 la

1524 3189 83 24 fureur
1628 3189 130 25 populaire.

1552 3226 122 23 Peut-être,
1698 3226 63 20 dans
1776 3226 23 20 le
1812 3233 57 14 vase
1879 3227 54 20 bien
1954 3227 47 20 clos

1526 3256 30 20 de
1569 3262 43 14 vos
1625 3252 106 28 officines,
1755 3263 26 14 ce
1803 3264 115 14 murmure
1948 3259 53 23 pré-

1525 3293 95 14 curseur
1635 3293 30 13 ne
1686 3288 141 23 parvient-il
1853 3291 47 21 pas
1920 3295 81 13 encore

1523 3317 96 25 jusqu’à
1633 3323 42 15 vos
1692 3318 91 20 oreilles
1790 3318 12 20 ?
1818 3319 115 25 Prenez-y
1946 3326 55 18 gar-

1525 3348 30 20 de
1563 3355 10 13 :
1590 3348 20 20 il
1626 3348 73 20 serait
1707 3350 74 24 temps
1793 3349 31 20 de
1832 3350 80 20 tendre
1924 3350 74 23 l'ouïe,

1525 3382 24 17 et
1560 3379 141 20 d’écouter...
1727 3380 24 20 U
1758 3387 17 18 y
1787 3387 17 13 a
1821 3383 51 17 tout
1878 3381 30 19 de
1919 3383 79 21 même,

1525 3410 63 21 dans
1602 3417 39 14 ces
1666 3411 99 25 villages
1789 3411 98 25 perchés
1914 3418 86 14 comme

1524 3441 42 20 des
1583 3442 132 20 sentinelles
1736 3448 32 14 au
1782 3442 66 24 flanc
1869 3442 42 20 des
1937 3450 63 13 mon-

1525 3474 84 22 tagnes
1621 3479 123 19 sauvages,
1766 3473 43 20 des
1819 3473 94 20 milliers
1927 3476 24 17 et
1958 3474 42 20 des

1524 3503 97 21 milliers
1637 3504 127 20 d’hommes
1780 3504 59 20 dont
1852 3504 34 20 les
1895 3506 105 19 ancêtres

1523 3536 55 18 sont
1590 3537 71 18 morts
1682 3538 62 21 pour
1760 3535 25 19 la
1801 3535 88 22 liberté,
1914 3538 24 17 et
1951 3536 49 24 qui,

1523 3565 103 25 quoique
1647 3571 59 14 vous
1721 3571 29 13 en
1763 3565 105 24 pensiez,
1891 3572 31 13 ne
1947 3568 54 18 sont

1521 3598 47 21 pas
1584 3602 80 14 encore
1680 3596 64 19 mûrs
1768 3599 62 21 pour
1854 3596 144 25 l’esclavage.

1686 3648 154 29 (Cuntinua)

1809 3722 3 3 .
1848 3704 31 21 P.
1892 3704 27 21 di
1937 3705 30 20 B.

2086 810 97 30 Pour
2200 809 38 30 la
2256 808 179 30 Création

2199 854 121 24 DUNE

2049 895 216 44 UNIVERSITÉ
2286 901 45 37 EN
2355 900 118 37 CORSE

2053 976 61 22 Dans
2126 983 13 14 «
2152 978 18 20 A
2196 976 92 22 Muvra
2295 984 13 13 »
2320 975 30 21 du
2374 975 26 21 12
2421 974 76 29 juillet

2024 1009 98 26 dernier,
2136 1009 87 22 Matteu
2248 1009 85 25 Rocca,
2345 1009 151 28 envisageant

2024 1043 21 22 la
2053 1043 100 22 création
2161 1042 68 22 d’une
2242 1042 124 22 université
2375 1048 29 15 en
2415 1042 81 25 Corse,

2024 1079 62 19 trace
2106 1083 29 15 au
2149 1076 55 29 long
2215 1076 28 21 de
2260 1075 60 22 deux
2333 1076 165 21 intéressantes

2025 1110 109 22 colonnes
2161 1109 172 29 l’organisation
2364 1109 80 22 future
2470 1108 28 22 de

2025 1151 26 14 ce
2074 1143 83 22 nouvel
2178 1143 95 22 aténéo.

2051 1178 73 27 Après
2131 1177 101 26 avoir,en
2241 1176 111 30 quelques
2361 1176 76 29 lignes
2446 1182 51 22 pré-

2024 1211 159 27 cisés,évoqué
2195 1210 22 22 le
2228 1216 123 22 processus
2361 1210 70 26 suivi,
2439 1209 58 22 dans

2025 1244 53 22 leur
2100 1244 199 28 développement,
2317 1250 43 22 par
2380 1243 35 21 les
2448 1243 50 21 uni-

2025 1277 96 22 versités
2149 1279 158 27 européennes
2318 1289 29 3 —
2355 1276 85 29 depuis
2464 1276 33 22 les

2025 1310 76 22 écoles
2108 1310 147 29 capitulaires
2263 1322 29 4 —
2303 1313 66 19 notre
2378 1310 58 26 ami,
2444 1310 54 21 s’ar-

2026 1346 74 20 rêtant
2122 1346 13 19 à
2156 1343 142 23 l’université
2326 1344 127 21 Paoiienne
2469 1350 28 14 en

2026 1378 42 22 fait
2087 1384 29 15 un
2133 1378 53 21 bref
2211 1378 127 28 historique
2359 1380 23 19 et
2398 1384 30 15 en
2447 1384 51 22 rap-

2025 1411 60 29 pelle
2105 1412 22 21 le
2151 1414 123 20 caractère.

2053 1445 85 23 Matteu
2161 1446 85 26 Rocca,
2270 1445 71 22 subtil
2355 1445 103 22 écrivain
2470 1445 28 21 de

2026 1480 82 29 langue
2131 1487 67 15 corse
2210 1482 21 19 et
2251 1479 132 22 traducteur
2395 1479 103 22 heureux

2025 1513 28 22 de
2074 1513 124 22 Cervantes
2216 1517 22 18 et
2250 1513 14 22 d
2266 1512 102 30 Apulée,
2393 1521 27 14 se
2442 1514 57 28 plail

2025 1549 13 19 â
2051 1554 99 21 augurer
2170 1547 29 22 de
2222 1547 21 22 la
2267 1547 101 22 création
2398 1548 30 21 de
2453 1547 45 22 l’U-

2026 1581 108 23 niversité
2158 1587 67 16 corse
2253 1587 43 15 une
2326 1581 173 29 immanquable

2025 1615 111 22 iloraison
2163 1614 28 22 de
2202 1614 127 22 littérature
2339 1615 158 29 régionaliste.

2054 1648 62 22 Pour
2135 1655 67 20 nous,
2229 1651 123 26 acceptant
2362 1655 58 16 avec
2445 1655 54 16 con-

2026 1681 84 25 fiance,
2118 1685 61 21 cette
2202 1682 128 29 prédiction
2352 1685 24 19 et
2396 1689 29 15 en
2447 1689 52 16 sou-

2026 1716 90 21 haitant
2144 1716 22 21 la
2190 1715 125 29 prochaine
2340 1719 23 18 et
2385 1716 114 29 intégrale

2026 1749 141 27 réalisation,
2185 1756 60 15 nous
2267 1756 59 15 nous
2336 1752 163 20 contenterons

2026 1783 30 22 de
2067 1783 133 22 considérer
2211 1783 38 27 ici,
2265 1783 35 22 les
2311 1786 128 26 avantages
2448 1790 52 22 pra-

2028 1817 84 29 tiques,
2128 1821 24 18 et
2176 1817 80 23 vitaux
2278 1824 45 22 que
2335 1818 166 28 comporterait

2027 1850 56 22 chez
2102 1857 59 15 nous
2173 1850 133 25 l’existence
2323 1850 68 23 d’une
2403 1850 97 23 Univer-

2027 1884 44 22 sité
2078 1891 4 4 •
2091 1887 132 19 autonome.

2054 1917 97 25 .Comme
2166 1918 22 22 le
2212 1925 120 22 remarque
2356 1918 88 26 Rocca,
2470 1925 30 15 un

2028 1951 41 22 des
2089 1952 136 28 principaux
2252 1952 79 22 soucis
2360 1952 30 22 de
2417 1952 83 22 Pascal

2028 1984 74 27 Paoli,
2115 1984 97 23 fondant
2228 1985 148 22 l’Université
2396 1986 31 21 de
2445 1985 55 22 Cor-

2029 2020 30 24 té,
2085 2018 36 22 fut
2143 2018 68 22 celui,
2224 2019 111 22 d’arrêter
2349 2019 91 22 l’exode
2460 2026 41 22 par

2029 2054 50 26 trop
2102 2052 167 29 préjudiciable
2292 2052 28 22 de
2343 2053 23 22 la
2389 2054 112 28 jeunesse

2028 2085 111 22 insulaire
2149 2092 54 16 vers
2215 2086 34 22 les
2261 2086 98 23 facultés
2372 2087 30 21 de
2414 2094 15 14 «
2441 2087 59 22 Ter-

2028 2126 27 15 ra
2069 2119 84 22 Ferma
2164 2127 22 14 ».
2200 2119 127 23 L’absence
2357 2120 70 22 d’une
2451 2121 50 22 uni-

2028 2153 85 22 versité
2121 2153 59 22 dans
2185 2153 55 27 l’île,
2243 2153 78 23 faisait
2337 2157 24 19 et
2376 2154 43 22 fait
2434 2162 67 15 enco-

2029 2195 32 19 re,
2076 2187 72 26 hélas,
2162 2189 13 20 à
2197 2187 21 22 ia
2231 2188 72 22 Corse
2325 2195 43 15 une
2388 2189 113 22 situation

2028 2221 125 26 anormale,
2176 2224 23 19 et
2222 2228 44 22 que
2298 2229 58 15 nous
2389 2229 110 19 sommes,

2028 2261 54 15 sans
2101 2257 103 19 conteste
2226 2255 33 22 les
2282 2256 63 21 seuls
2365 2258 13 20 à
2395 2256 68 22 subir
2474 2269 27 4 —

2029 2289 38 27 (on
2089 2288 44 22 sait
2150 2295 45 21 que
2219 2289 21 21 la
2273 2289 137 30 Sardaigne,
2436 2293 65 19 notre

2028 2329 63 15 soeur
2103 2321 212 24 méditerranéenne
2324 2324 100 28 possède
2437 2325 64 22 deîix

2030 2355 138 23 universités
2192 2356 57 22 dont
2270 2363 52 20 une,
2336 2357 59 23 celle
2407 2358 30 22 de
2450 2358 50 22 Sas-

2028 2390 47 21 sari
2094 2389 114 29 complète
2219 2396 5 19 ;
2238 2396 42 16 nos
2293 2391 86 22 voisins
2402 2395 98 25 peuvent

2028 2423 68 26 ainsi,
2114 2429 56 16 sans
2190 2423 85 29 quitter
2285 2424 51 22 leur
2358 2425 39 26 île,
2412 2426 90 21 étudier

2030 2457 20 21 la
2073 2456 117 22 médecine
2210 2464 29 14 ou
2261 2458 22 21 le
2304 2458 68 27 droit,
2402 2459 36 21 les
2451 2459 50 22 let-

2030 2493 47 19 tres
2100 2496 30 16 ou
2154 2489 183 31 Vingegneria.)

2057 2523 32 22 La
2113 2524 114 22 nécessité
2249 2527 29 19 où
2302 2533 26 14 se
2347 2529 110 19 trou/enL
2469 2527 33 22 les

2028 2557 115 22 étudiants
2170 2564 87 20 corses,
2270 2559 29 21 de
2322 2560 71 22 sortir
2404 2560 30 22 de
2446 2561 56 22 chez

2028 2597 43 16 eux
2093 2598 57 22 pour
2170 2593 163 27 entreprendre
2353 2594 42 22 des
2420 2595 82 22 études

2027 2625 148 28 supérieures
2190 2626 116 22 constitue
2327 2633 43 16 une
2387 2628 115 29 première

2027 2661 23 19 et
2069 2665 70 22 grave
2165 2658 145 30 irrégularité
2321 2667 5 18 ;
2338 2660 33 22 les
2393 2662 107 29 préjudi-

2027 2698 39 16 ces
2075 2691 84 29 qu’elle
2171 2692 117 29 engendre
2299 2697 54 19 sont
2362 2695 119 29 multiples
2494 2703 6 16 :

2055 2726 101 22 D’abord
2165 2739 29 4 —
2206 2733 27 15 ce
2253 2731 54 19 sont
2332 2729 34 22 les
2390 2730 56 28 plus
2469 2731 33 21 di-

2028 2762 61 20 rects
2110 2763 24 18 et
2146 2760 34 22 les
2199 2760 53 29 plus
2266 2762 129 28 impérieux
2407 2776 29 4 —
2445 2771 58 15 ceux

2027 2793 91 22 d’ordre
2128 2794 106 28 pratique
2244 2802 6 14 :
2261 2795 174 29 déplacements
2448 2800 55 20 oné-

2030 2834 64 19 reux;
2108 2827 128 29 obligation
2257 2830 31 20 où
2300 2836 25 15 se
2340 2832 83 21 trouve
2438 2831 63 22 l’étu-

2027 2860 65 23 diant
2111 2860 29 22 de
2163 2861 90 23 résider
2270 2862 58 23 dans
2341 2863 22 22 la
2383 2864 58 22 ville
2455 2866 47 21 uni-

2026 2894 120 22 versitaire
2166 2901 59 22 pour
2237 2898 63 19 toute
2313 2896 23 22 la
2351 2898 97 27 période
2460 2898 41 23 des

2027 2934 78 20 cours,
2123 2928 22 21 le
2169 2930 55 20 coût
2246 2932 23 18 et
2290 2929 22 22 la
2333 2930 117 30 longueur
2461 2932 40 22 des

2026 2968 101 22 voyages
2148 2962 168 29 interrompant
2328 2963 173 25 fâcheusement

2027 3002 31 14 un
2080 2997 93 20 contact
2196 2995 108 24 familial.
2310 2998 175 30 indispensable
2492 3008 11 19 ;

2027 3028 162 29 impossibilité
2205 3030 54 22 d’un
2280 3032 105 22 contrôle
2405 3032 97 23 efficace

2027 3062 29 22 de
2078 3062 23 22 la
2112 3065 54 25 part
2186 3063 41 21 des
2251 3067 93 25 parents
2367 3068 45 20 etc.

2055 3101 30 21 Et
2102 3107 59 16 nous
2184 3102 159 24 n’insisterons
2360 3112 44 21 pas
2422 3112 43 15 sur
2476 3107 22 21 la

2026 3135 162 29 gêne—c’est
2209 3136 22 21 là
2248 3143 29 14 un
2299 3138 161 28 euphémisme
2474 3153 29 4 —

2027 3168 144 29 qu’éprouve
2183 3168 22 22 le
2214 3170 71 27 jeune
2297 3177 66 16 corse
2372 3174 18 20 à'
2398 3180 40 15 ses
2451 3180 49 22 pre-

2028 3202 70 21 miers
2114 3205 105 19 contacts
2242 3210 56 15 avec
2317 3204 35 23 les
2382 3206 118 23 étudiants

2027 3236 164 21 continentaux
2203 3242 9 21 ;
2224 3240 69 19 celle,
2311 3241 60 26 gêne
2400 3240 103 22 absurde

2027 3271 124 26 peut-être,
2172 3273 37 18 est
2225 3271 78 26 réelle,
2317 3274 53 19 tous
2390 3279 62 15 ceux
2463 3274 38 28 qui

2026 3302 150 29 s’expatrient
2187 3303 23 21 la
2229 3303 126 28 subissent,
2368 3306 62 21 mais
2442 3313 59 16 nous

2026 3342 29 16 ne
2065 3342 58 15 nous
2134 3343 16 22 y
2178 3337 144 22 attarderons
2340 3345 42 22 pas
2395 3342 53 26 trop
2461 3346 40 16 car

2026 3369 44 22 elle
2088 3370 107 22 ressortit
2207 3370 149 24 directement
2367 3374 14 20 à
2394 3373 23 22 la
2450 3380 51 22 psy-

2026 3403 114 29 chologie,
2151 3403 107 23 domaine
2291 3407 30 20 où
2337 3406 16 21 il
2369 3409 37 19 est
2431 3409 72 20 témé-

2026 3437 60 22 raire
2107 3437 29 21 de
2156 3437 152 23 s’aventurer.

2055 3470 51 23 Une
2115 3473 158 27 conséquence
2283 3472 132 23 immédiate
2425 3474 30 21 de
2466 3477 36 19 cet

2029 3505 157 28 éloignement
2206 3513 44 21 que
2262 3505 48 23 doit
2322 3507 124 28 s’imposer
2458 3507 42 22 l’é-

2029 3538 89 22 tudiant
2142 3538 118 27 insulaire,
2289 3543 32 18 esl
2345 3540 21 21 la
2377 3540 126 21 recherche

2027 3579 44 22 que
2086 3572 93 22 celui-ci
2204 3573 49 25 fai!,
2270 3573 98 21 aussitôt
2387 3575 71 26 après
2482 3573 21 21 le

2028 3605 160 22 baccalauréat
2211 3605 52 21 d’un
2290 3608 64 25 poste
2363 3606 29 20 de
2404 3606 99 21 surveil-

2028 3639 47 21 lant
2091 3638 57 22 dans
2173 3644 29 15 un
2218 3638 107 22 internat.

2057 3671 45 21 Les
2129 3671 82 21 éludes
2233 3671 148 22 secondaires
2399 3674 13 18 à
2438 3672 65 28 peine

2028 3704 132 26 terminées,
2181 3704 167 28 l'intelligence
2367 3704 29 21 de
2423 3704 80 21 l’élève
