2576 3919
70 66 82 28 Annn
164 53 53 27 VII
229 65 33 6 —
271 50 131 26 Numaru
417 50 47 34 248

991 67 84 25 ILsce
1097 76 19 17 a
1137 69 182 26 Dumenica

1983 69 168 31 Dumenica,
2175 79 24 17 11
2220 70 97 35 Aprile
2337 71 66 34 1926

468 156 1993 273 AMUVRA

786 457 243 37 GÎURNALE
1066 463 46 33 DI
1150 465 25 32 E
1214 464 135 34 PIEVE
1378 468 46 32 DI
1453 468 213 34 CORSICA

290 560 210 18 ASBUtMAIVIEîyr!
511 566 5 12 :

62 596 22 16 !n
93 588 95 21 Corsiça
609 585 31 17 12
666 586 95 18 franchi

62 626 24 16 In
95 617 100 21 Francis
606 615 32 19 15
709 624 8 8 »

67 657 12 14 ^
107 649 98 19 j’Esteru
216 658 3 4 .
246 657 4 4 -
606 647 33 18 25
709 655 8 8 »

283 675 17 17 ü
315 675 134 19 fJumaru:4
461 676 59 18 soîdi

1016 617 137 28 Direttore
1171 629 5 16 :
1203 621 91 25 Fetru
1308 622 140 26 ROCCA

1908 586 15 18 A
1927 586 21 18 lïi
1952 586 22 18 !¥i
1978 590 15 14 t.
1996 587 8 13 J
2009 587 144 18 SSTRAZÎOW
2157 588 25 17 E:

1785 624 37 18 3S.
1850 624 75 19 Corsu
1958 626 123 18 Grandval
2096 626 38 18 38.
2150 635 22 5 —
2196 626 121 19 AIACCIU

1741 679 72 20 Contu
1831 682 103 18 currente
1949 685 28 13 eu
1995 686 14 13 a
2030 684 66 20 posta
2115 692 22 3 —
2154 682 121 24 Marseglia
2292 682 64 22 45,82

17 770 38 24 hîs
55 759 199 31 siunalismu,
261 762 100 18 corsu

85 853 409 87 Slxiiggle
541 853 151 75 fur
735 853 153 75 life

47 1035 39 28 Un
95 1028 102 39 populu
207 1026 205 34 senz'orgcgiiu
422 1034 47 18 na-

16 1072 99 32 ziunale
123 1071 14 23 è
149 1075 39 18 un
197 1073 84 27 corpu
293 1065 174 26 stramurfitu

16 1114 37 28 ciii
69 1112 33 25 ha
112 1114 79 30 persu
211 1113 15 17 a
244 1104 119 26 nozione
385 1105 37 25 d’i
438 1112 30 18 so

16 1148 110 31 interessi
147 1154 14 17 e
174 1144 54 32 chi,
242 1144 111 28 av.endu
371 1148 96 30 spostu

15 1192 98 27 st’anna
122 1185 111 30 morale,
244 1191 78 18 cessa
331 1183 65 35 ogni
406 1183 62 25 atti-

15 1231 48 26 vità
76 1224 191 30 intellettuale,
282 1222 161 26 economica
453 1230 15 17 e

15 1267 99 30 sociale.

42 1307 41 26 Sta
95 1304 84 26 forma
198 1302 28 26 di
242 1300 145 27 catalessia
406 1301 62 25 cul-

14 1349 65 34 pisce
88 1350 106 27 sempre
204 1342 9 25 i
221 1341 97 35 pòpuli
330 1340 29 26 in
368 1340 100 26 tutella

15 1385 45 30 chi,
70 1391 46 28 per
125 1380 151 28 fiacchezza
284 1380 185 26 d’animu.ac-

16 1425 160 27 cunsentenu
191 1421 34 26 ad
246 1429 40 17 un
304 1427 58 19 esse
374 1419 50 36 più
437 1427 31 17 ca

17 1473 29 18 un
57 1461 82 27 molle
149 1460 123 36 parasitu
281 1459 46 27 chi
339 1462 57 23 trae
409 1459 34 26 da
452 1466 16 17 a

17 1502 103 28 nazione
130 1500 162 36 a'quaLellu
307 1501 14 24 è
334 1502 72 23 statu
423 1506 46 26 ag=

17 1541 128 37 glutinatu
159 1548 15 18 a
187 1548 68 27 poca
276 1543 129 22 sustanza
424 1537 43 26 chi

18 1583 64 25 basta
91 1580 36 25 ad
135 1578 156 27 assicuralli
302 1586 55 18 una
362 1577 60 26 vita
432 1585 38 18 or-

16 1620 47 27 mai
73 1618 173 26 insunnulita
253 1625 15 18 e
276 1625 84 18 senza
371 1624 97 27 scopu.

12 1670 4 4 •
48 1659 24 26 A
90 1660 44 23 stu
157 1656 105 35 régime
285 1656 185 35 l'organismu

18 1696 178 30 s'indibulisce
216 1704 15 18 e
251 1697 69 34 ogni
342 1696 128 26 reaziône

19 1738 99 27 diventa
128 1735 189 35 impussibile.

45 1775 199 32 Pricisamente,
267 1783 17 17 a
308 1774 114 27 Corsica
445 1776 25 25 si

18 1818 66 25 tròva
92 1822 34 18 ne
135 1822 16 18 a
160 1814 157 26 situazióne
329 1815 69 25 d'un
406 1823 64 27 pae-

18 1864 24 17 se
51 1854 50 32 chi,
117 1854 111 26 avendu
243 1862 84 27 persu
343 1863 16 17 a
375 1862 31 18 so
420 1863 50 17 au-

17 1894 110 27 tonomia
132 1902 40 17 un
179 1894 92 34 agisce
279 1894 51 34 più
337 1894 134 35 parch'el-

17 1934 48 25 l’ha
79 1933 116 26 rimessu
212 1941 17 17 a
251 1941 31 18 so
304 1936 72 23 sorte
395 1936 42 23 tra
454 1942 16 17 e

18 1981 74 17 manu
104 1972 65 26 d’un
179 1972 69 26 altra
260 1973 129 26 nazione.

44 2011 31 27 In
84 2012 38 25 tal
133 2012 85 26 mòdu
236 2012 54 26 ch'i
304 2012 136 35 problemi
459 2013 10 25 i

20 2051 39 34 più
81 2051 157 35 angusciosi
256 2059 52 27 per
323 2052 48 26 noi
393 2052 74 33 altri,

21 2090 117 35 esigendu
150 2099 57 17 una
219 2091 155 32 soluzione,
389 2099 80 19 casca

20 2137 13 17 a
40 2130 126 26 risolvelli
178 2138 17 18 a
205 2139 41 17 un
257 2138 131 27 guvernu
399 2133 70 24 stra-

19 2169 66 26 nieru
95 2178 46 25 per
152 2170 148 26 l’interessi
313 2178 15 18 e
349 2178 15 18 e
374 2178 95 27 preoc-

20 2208 142 34 cupazione,
173 2218 21 17 u
205 2218 130 26 guvernu
348 2210 29 26 di
390 2209 78 27 Pari-

19 2907 55 26 taie-

43 2559 30 27 In
93 2562 30 26 lu
141 2572 101 27 campu
263 2567 167 25 economicu
449 2575 17 17 a

18 2604 23 19 so
49 2601 114 27 nocività
174 2605 16 24 è
202 2612 71 19 ancu
286 2606 51 35 più
349 2606 115 35 grande.

34 2637 44 42 _Ed
87 2640 98 34 infatti,
197 2652 15 17 a
225 2645 110 33 ciasçhe
350 2645 116 36 ragione

18 2674 22 26 di
52 2679 125 36 sviluppu
197 2683 175 34 industriale,
393 2685 78 35 agri-,

18 2715 52 27 colu
80 2726 15 18 o
107 2724 194 26 cummerciale
316 2725 29 25 di
361 2733 16 17 a
397 2724 68 27 Cor-

19 2759 45 20 sica
80 2758 127 36 s’oppone
226 2762 203 28 furzatamente
448 2773 18 16 a

17 2790 125 34 dsistenza
161 2800 29 26 di
208 2798 149 32 l’interessi
369 2803 96 27 d'altre

17 2834 126 30 pruvincie
150 2840 51 34 più
209 2841 256 28 favurizzate.L’in-

34 2874 93 28 nstriali
135 2878 27 26 di
169 2887 16 18 e
193 2881 115 35 regione
316 2882 149 26 cuntinen-

29 2908 36 26 a*e
70 2919 31 26 Pa
108 2922 13 18 e
128 2919 82 32 quale
217 2920 95 27 l'isula
320 2921 145 27 custituis-

21 2952 25 18 ce
62 2957 34 19 un
113 2962 119 23 marcatu
250 2960 29 26 di
300 2961 90 34 prima
409 2961 55 26 im-

20 2990 133 36 Pnnanza,.
165 3005 59 19 non
247 3000 160 26 sulamente
425 3009 39 17 un

20 3030 80 25 iarànu
118 3035 92 28 niente
218 3047 49 26 per
284 3041 127 33 pruvueà
424 3049 41 17 un

19 3067 107 34 maggior
150 3077 134 36 sviluppu
309 3079 65 25 d’ut
377 3079 25 26 il
406 3079 59 26 isa-

17 3106 66 25 Zl0lle
91 3109 26 26 di
125 3120 13 17 e
144 3114 138 29 ricchezzè
291 3118 45 26 chi
346 3118 24 25 ci
378 3118 87 26 sitrô-

17 3144 10 18 ^
33 3148 47 21 ami
88 3155 44 20 ma
142 3155 213 28 cumbattaranu
371 3166 42 17 un
425 3158 39 25 tal

16 3184 121 36 Prugettu,
157 3200 23 24 e,
198 3195 30 25 in
245 3196 95 26 simile
358 3204 77 24 casu,
453 3197 12 25 i

15 3221 76 28 puteri
101 3229 105 31 pubhci
215 3241 103 19 saranu
338 3236 126 25 custretti

15 3260 13 17 a
36 3264 97 53 s^guità
144 3276 16 17 a
172 3274 86 25 stessa
270 3274 57 26 via.

19 2254 31 26 gi,
62 2256 17 17 u
90 2253 88 29 quaie,
193 2257 30 18 m
239 2257 68 27 ogni
320 2257 76 21 casu,
413 2258 55 17 îm-

19 2287 128 35 pastoghia
158 2297 19 17 u
187 2288 91 27 libaru
291 2289 138 35 sviluppu
438 2289 27 26 di

20 2332 14 17 a
43 2324 107 29 Corsica.

45 2363 32 27 Di
89 2368 40 24 stu
142 2374 139 27 guvernu,
297 2376 36 18 ne
349 2368 118 26 l'ordine

18 2405 217 28 amministrativu
247 2415 83 19 cume
348 2416 37 18 ne
402 2409 65 25 l’or-

19 2441 54 27 dine
85 2444 95 34 ideale,
196 2454 101 19 avemu
311 2443 128 31 stabiiitu
450 2456 17 17 a

18 2483 70 30 pròva
106 2484 26 26 di
152 2494 16 17 a
189 2494 29 18 so
231 2487 98 26 azione
344 2487 123 26 dissolu-

18 2519 53 28 tiva.

14 3331 10 22 ^
74 3308 95 27 quessa
177 3317 64 20 cosa
251 3313 139 31 naturale,
400 3313 64 26 Tin-

15 3339 80 57 ce^essi
105 3347 67 25 corsi
191 3350 161 28 deven’esse
360 3351 105 27 sacrifi-

111 3381 125 34 interessi
251 3390 120 27 francesi
383 3395 81 31 posta

50 3421 13 16 e
85 3418 9 24 i
106 3428 38 19 un
153 3429 181 27 cuncordanu
346 3431 98 25 micca.

51 3460 19 18 11
80 3464 105 27 quantu
198 3469 35 31 pò
256 3476 17 17 a
287 3469 83 34 pinsà
388 3470 46 25 chi
447 3478 17 17 a

138 3501 132 31 ^Su~aiìa
282 3516 17 16 a
311 3516 19 17 u
343 3508 121 26 Palâzzu

16 3561 44 28 ^ist
77 3541 58 28 °ne’
146 3548 16 17 a
173 3550 21 17 u
203 3542 105 30 Senatu
317 3555 15 16 o
342 3555 37 17 ne
388 3547 10 25 i
407 3547 58 25 Mi-

17 3580 32 45 rés
61 3576 34 51 T*
106 3581 133 35 Prutegge
255 3584 11 25 i
285 3586 92 25 nostri
391 3586 74 25 inte-

41 3643 11 26 j
61 3614 9 17 1
83 3618 14 17 &
109 3621 56 21 Una
175 3627 66 20 vera
252 3623 120 31 sçimità.

16 3675 37 34 fîm
62 3651 73 33 ^°rs^
149 3664 30 23 sò
193 3672 31 18 *n
236 3666 115 27 Francia
367 3677 42 17 un
418 3668 47 26 in-

54 3695 14 17 a
84 3696 161 33 niinuranza
264 3713 23 23 e,
309 3706 23 26 si
352 3707 112 34 putenti

496 1026 50 26 elli
559 1026 82 26 sianu
654 1026 313 27 individualmente.un

494 1065 150 35 pudaranu
656 1066 58 26 mai
729 1066 82 26 nulla
834 1069 100 23 contru
951 1075 16 17 a

494 1104 64 26 fatti
570 1104 125 27 d’ordine
715 1106 61 25 cusì
795 1106 126 34 generali
936 1114 32 18 ca

495 1143 205 35 l’opposizione
706 1144 156 27 d'interessi
872 1154 15 17 e
895 1154 16 17 a
918 1154 50 25 pu=

495 1185 80 26 litica
588 1186 29 25 di
627 1186 247 26 centralizzazione
890 1195 79 17 secu-

495 1224 59 26 lare
566 1224 30 26 di
608 1232 16 18 a
634 1224 125 32 Francia,
770 1226 120 34 pulitica
899 1226 69 26 d'as-

495 1262 211 27 suffucamentu
729 1272 16 18 e
762 1265 29 25 di
809 1267 89 23 morte
918 1272 50 27 per

494 1302 59 25 noi.

530 1341 45 27 Ne
588 1350 102 18 avemu
704 1350 14 18 e
730 1345 100 33 pròve:
849 1343 88 35 Dipòi
951 1352 16 18 a

495 1388 101 27 guerra
609 1382 210 34 parlamentarii
835 1383 71 26 corsi
920 1383 48 26 ha-

495 1419 147 36 nu-figura
643 1424 32 23 tu
695 1430 37 17 ne
749 1422 104 26 diversi
869 1423 98 26 minis-

494 1459 55 27 teri
573 1468 14 17 e
606 1460 11 26 i
632 1460 140 35 problemi
800 1462 107 26 isulani
936 1465 30 24 sô

496 1507 110 27 sempre
619 1508 16 17 a
646 1500 114 27 risolve.

531 1532 174 34 D’altronde,
713 1543 20 17 u
741 1535 109 26 ritornu
859 1536 30 26 di
896 1536 71 27 l'Âl-

497 1573 75 26 sazia
589 1581 15 17 e
623 1573 107 27 Lorena
742 1576 64 25 avia
823 1575 35 26 da
874 1584 61 18 esse
947 1584 19 18 u

497 1620 94 19 cennu
607 1613 29 25 di
654 1614 155 27 l'autonom
811 1615 8 26 i
822 1623 16 18 a
849 1623 119 27 provin-

497 1652 72 26 ciale
575 1661 7 23 ;
598 1653 38 25 s’è
646 1653 78 26 vistu
742 1654 55 32 chi,
808 1662 36 18 au
858 1657 110 24 cuntra-

496 1692 55 32 riu,
569 1700 20 18 u
612 1700 130 27 guvernu
759 1693 38 26 ha
812 1693 156 27 rinfurzatu

497 1740 17 17 a
520 1739 31 18 so
557 1731 98 27 azione
661 1733 197 27 accéntratrice
862 1734 105 26 miren-

498 1771 40 26 du
549 1780 17 17 a
580 1771 229 28 l’assimilazione
826 1774 30 25 di
873 1782 16 18 e
901 1782 67 27 pru-

498 1805 94 27 vincie
605 1806 215 35 ricunquistate.

532 1838 21 32 È
573 1853 16 18 a
605 1846 151 26 cundanna
775 1848 191 34 senz’àppellu

497 1884 30 26 di
540 1892 16 18 a
566 1885 120 34 pulitica
705 1894 78 18 corsa
798 1887 30 26 di
839 1886 129 27 l'ufficia-

497 1927 31 30 li,
544 1927 29 25 di
585 1928 78 26 l'òmi
675 1928 30 26 di
716 1929 96 35 partiti
828 1937 16 18 e
867 1929 39 27 d’i
924 1938 43 18 re-

496 1966 146 35 gionalisti
659 1968 180 33 inzuccarati,
853 1969 10 26 i
876 1970 89 34 quali,

495 2013 51 26 per
563 2006 104 27 risolve
683 2007 188 35 l’angosciosa
892 2009 76 34 quis-

495 2045 78 26 tione
590 2046 122 32 isulana,
736 2047 24 25 ci
784 2048 182 35 cunsiglianu

496 2085 130 35 d’aspittà
647 2094 16 17 a
682 2086 148 26 soluzione
851 2087 67 26 siasi
932 2088 34 26 da

495 2132 20 18 u
542 2130 138 29 guvernu'
698 2124 125 28 francese
849 2128 114 31 attuale,

495 2164 68 26 siasi
576 2164 36 26 da
623 2172 41 18 un
678 2165 75 26 altru
771 2174 131 27 guvernn
920 2166 46 26 chi

494 2203 23 26 li
526 2204 158 32 succederà,
697 2212 15 18 e
719 2205 55 26 tira
785 2214 15 17 e
812 2208 87 24 tocca.

529 2237 26 26 U
568 2237 225 35 Na\iunalismu
812 2248 81 18 corsu
908 2240 58 26 s’is-

492 2276 63 36 pira
567 2277 38 26 d'i
619 2276 61 27 fatti
699 2286 15 18 e
727 2278 27 26 di
774 2279 189 34 l’esperienze.

494 2316 126 27 Davanti
625 2318 241 34 a’perpetuazione
871 2319 30 25 di
908 2319 57 26 l’er-

493 2356 57 26 rori
562 2356 29 26 di
599 2365 16 17 a
624 2357 247 27 centralizzazione
883 2366 82 19 cuns-

493 2399 58 23 tata
563 2404 20 18 u
596 2396 161 27 fallimentu
774 2397 28 26 di
816 2405 15 18 e
843 2398 122 26 soluzio-

493 2443 37 19 ne
540 2435 124 27 ufficiale
676 2445 15 17 e
708 2436 30 26 di
752 2444 15 18 e
780 2445 134 27 speranze
922 2446 43 18 re-

493 2475 161 35 gionaliste.
800 2497 6 5 .

529 2508 122 28 Osserva
666 2509 48 27 chi
726 2518 16 18 a
751 2509 115 28 Corsica
878 2512 16 24 è
907 2519 58 18 una

492 2549 121 26 nazione
641 2549 46 26 chi
712 2551 16 24 è
747 2550 128 26 trafalata
902 2559 63 27 par-

493 2588 102 26 ch’ella
607 2597 41 17 un
660 2589 38 26 ha
709 2589 50 34 più
773 2598 15 17 a
802 2597 30 18 so
845 2593 119 23 autono-

493 2627 59 26 mia
563 2636 16 17 e
587 2627 54 27 ch'i
651 2627 82 27 Corsi
742 2628 78 26 hanu
831 2636 84 28 persu
929 2637 33 17 eu

492 2676 20 17 u
531 2667 168 26 sintimentu
716 2668 149 26 nazionale
880 2676 17 18 a
912 2676 51 18 no-

492 2707 83 25 zione
587 2707 28 26 di
629 2707 150 27 l’interessi
792 2708 117 27 isulani.

527 2752 26 27 U
567 2751 35 27 N
599 2760 18 18 a
618 2752 29 34 fi
647 2760 37 18 un
686 2752 31 26 al
718 2753 54 25 ism
774 2761 19 17 u
806 2761 80 17 corsu
897 2761 68 27 pru-

490 2799 76 27 pone
587 2791 28 27 ai
635 2790 82 28 Corsi
737 2791 28 27 di
786 2792 88 26 liherà
892 2801 20 17 u
933 2800 30 18 so

992 766 84 25 paese
1094 758 29 25 di
1138 758 140 28 l’ostaculi
1294 760 169 27 chi-minac-

993 796 86 25 cianu
1092 805 16 16 a
1120 804 31 18 so
1161 797 138 27 esistenza
1316 807 15 17 e
1343 799 121 26 intrava-

992 843 42 16 nu
1048 843 20 17 u
1085 843 31 17 so
1129 835 146 36 sviluppu.

1028 873 25 26 U
1067 873 223 34 Naçhmalismu
1302 884 81 18 corsu
1400 885 63 17 ren-

993 911 35 25 de
1041 911 10 25 i
1064 911 81 27 Corsi
1162 914 187 35 cunsapevuli
1359 914 103 27 d'i-l'in»

992 953 107 23 teressu
1118 951 116 27 isulanu
1256 961 14 17 e
1282 953 62 26 fieri
1357 953 28 26 di
1404 962 16 17 a
1433 962 29 18 so

992 989 174 27 nazionalità
1178 999 86 24 corsa,
1287 1000 13 18 r
1308 992 111 35 pripara
1428 993 36 25 ad

993 1028 203 36 impàdrunissi
1209 1030 29 25 di
1250 1039 17 17 a
1278 1030 111 35 propria
1400 1039 63 26 ges-

993 1067 78 26 tione
1095 1068 38 25 d’i
1153 1076 30 18 so
1204 1068 88 32 affari,
1306 1070 11 25 i
1335 1072 89 31 punta
1447 1079 16 17 a

993 1106 153 36 riacquistà
1158 1107 203 27 l’Autonomia.

1029 1146 25 26 U
1076 1145 223 35 Na\iunalismu
1322 1155 81 17 corsu
1422 1156 40 18 un

992 1185 92 34 piglia
1095 1185 90 26 micca
1195 1194 82 17 cume
1289 1186 67 26 base
1362 1195 39 17 un
1411 1195 51 26 pu-

993 1232 34 18 ru
1040 1224 258 27 sentimentalismu
1308 1233 17 18 o
1338 1233 41 18 un
1390 1233 72 19 sem-

992 1263 76 34 plice
1078 1264 140 26 ramaricu
1227 1264 132 35 d'itempi
1366 1265 94 26 scorsi.

994 1303 21 26 E
1035 1311 59 18 una
1113 1303 126 26 duttrina
1261 1303 45 26 chi
1327 1303 109 27 raduna
1452 1304 10 26 i

994 1342 81 27 Corsi
1092 1344 104 25 vultati
1214 1350 84 20 versu
1319 1343 142 32 l’avenire,

992 1390 85 18 versu
1092 1383 140 25 un'intera
1242 1382 179 27 utilisazione
1434 1383 28 26 di

992 1430 22 18 u
1038 1422 92 26 valore
1149 1430 110 18 umanu
1280 1422 38 26 d’i
1339 1422 91 32 Corsi,
1443 1431 19 17 u

994 1462 137 35 sviluppu
1143 1463 30 26 di
1190 1471 17 17 a
1223 1462 155 36 prosperità
1396 1462 30 26 di
1444 1471 17 17 u

992 1509 84 27 paese
1092 1510 15 17 e
1119 1510 20 17 u
1156 1502 147 34 megl’esse
1315 1508 50 29 per
1376 1510 21 18 u
1413 1503 50 34 pô-

992 1541 73 35 pulu
1080 1542 116 26 cirnese.

1028 1580 135 27 Duttrina
1175 1582 153 26 altamente
1338 1580 125 36 pusitiva

994 1621 47 25 chi
1051 1622 61 25 sarà
1126 1621 129 26 accittata
1264 1621 36 25 da
1308 1620 67 26 tutti
1385 1620 78 26 l'ômi

994 1660 30 26 di
1037 1660 156 36 Prugressu
1211 1669 15 17 e
1244 1660 36 26 da
1295 1660 67 26 tutti
1374 1660 88 34 quelli

994 1700 47 26 chi
1052 1700 108 26 vòlenu
1180 1700 79 26 salvà
1275 1700 108 26 ciocchi
1403 1699 25 26 ci
1448 1701 15 24 è

994 1740 126 26 d’eternu
1138 1748 36 18 ne
1197 1749 21 17 u
1237 1742 115 33 passatu
1368 1747 14 18 e
1399 1747 36 18 ne
1448 1747 15 17 a

992 1787 89 19 razza.

1026 1821 28 25 A
1064 1823 43 23 sta
1117 1828 79 18 razza
1204 1819 186 27 cocainizzata
1399 1826 64 19 ave-

992 1868 51 18 mu
1064 1861 92 25 dicisu
1175 1859 160 27 d'iniettalli
1348 1867 22 17 u
1389 1858 73 26 sieru

994 1900 30 26 di
1038 1900 127 26 l’azione.

1026 1941 27 26 A
1063 1948 106 18 manna
1177 1948 43 18 un
1228 1939 56 27 falô
1293 1939 59 26 mai
1364 1939 51 26 che
1426 1947 36 17 ne

992 1988 22 18 u
1020 1980 112 26 desertu
1144 1988 15 17 e
1170 1981 30 24 sò
1212 1982 91 24 trenta
1315 1979 90 26 seculi
1416 1978 46 26 chi

993 2027 17 17 a
1026 2027 31 18 so
1068 2019 117 34 pioggia
1200 2027 42 17 un
1259 2018 38 26 ha
1308 2026 132 18 succorsu
1452 2018 10 26 i

993 2058 100 35 pôpuli
1102 2066 17 17 a
1129 2058 181 35 l’addisperu.

1027 2097 30 27 U‘
1068 2097 137 35 Struggle
1217 2097 54 35 for
1284 2096 55 36 life
1349 2098 16 24 è
1379 2097 84 25 l'uni-

993 2145 32 18 ca
1037 2137 99 26 chiave
1148 2137 29 25 di
1189 2145 17 17 a
1217 2139 96 23 nostra
1325 2136 134 26 salvezza.

1302 2183 30 24 F.
1347 2182 32 25 di
1386 2183 41 25 B.

1065 2263 123 37 Lïhreria
1206 2263 31 37 di
1250 2262 22 37 A
1290 2263 94 37 Muvra

991 2329 33 23 Sò
1037 2330 88 22 isciuti
1134 2336 6 14 :

1042 2365 117 52 Eisa
1190 2382 28 35 e
1252 2365 161 51 Pianti

1074 2434 88 21 sunetti
1181 2439 13 16 e
1213 2433 83 28 poesie
1314 2433 66 22 varie

1213 2467 24 21 di

1080 2500 102 23 PAOLI
1200 2501 35 21 DI
1251 2500 120 22 TAGLIO

1045 2534 52 22 c’un
1115 2534 100 22 introitu
1233 2534 25 21 di
1277 2534 129 22 Maistrale

1001 2569 11 17 •1
1021 2568 83 23 elegante
1111 2568 38 18 vol.
1157 2568 20 17 di
1182 2567 34 18 112
1223 2571 49 19 pag.,
1279 2572 66 17 prezzu
1352 2567 13 19 5
1372 2567 87 18 franchi..

1019 2627 71 41 QUE
1106 2627 99 38 VEUT
1222 2627 47 37 Li
1287 2627 113 37 CORSE
1417 2628 16 36 !

1214 2674 24 21 di

1125 2707 88 22 Matleu
1224 2706 106 23 Cirnensi

1122 2744 11 18 1
1141 2743 38 19 vol.
1188 2743 21 18 di
1217 2742 23 20 64
1247 2744 67 23 pagine

1057 2775 86 18 Edizione
1149 2774 93 19 ordinària
1248 2779 5 13 :
1262 2774 14 18 2
1285 2774 89 18 franchi

1057 2803 86 18 Edizione
1155 2803 20 17 di
1182 2802 56 18 lussu
1247 2808 5 13 :
1262 2802 13 18 5
1284 2802 89 19 franchi

822 2897 141 31 PUETI
991 2897 141 31 CORSI

1667 773 53 69 U
1759 773 215 71 Drittu
2011 775 65 71 di
2115 777 163 71 Vive

783 3716 143 29 Monsignor
941 3716 101 23 DELLA
1057 3716 40 23 FO
1100 3716 66 22 ATA

1516 937 15 20 I
1535 938 140 26 prisidenti
1682 939 28 21 di
1719 946 16 15 o,
1745 939 99 23 Camara
1853 941 103 22 sindaca-

1489 970 21 20 le
1526 970 31 22 dd
1567 972 179 23 cummercianti
1767 980 13 15 e
1800 974 133 23 industriali
1945 981 13 14 e

1489 1002 27 21 di
1526 1009 18 15 u
1553 1004 121 23 sindacatu
1687 1006 130 23 d’Aiacciu
1838 1007 69 22 Kami,
1919 1009 39 20 in-

1488 1037 71 21 viatu
1575 1043 17 15 a
1609 1044 19 15 u
1636 1039 142 27 prisidente
1799 1041 28 21 di
1838 1047 19 15 u
1872 1042 85 21 ainsi-

1485 1069 66 27 gliu,
1565 1071 27 21 ai
1604 1071 115 28 deputati
1736 1080 13 14 e
1762 1075 114 21 senatori
1886 1081 72 15 eau

1486 1102 113 28 prefettu
1611 1105 29 21 di
1646 1111 16 15 a
1677 1106 107 22 Corsica
1800 1113 53 15 una
1865 1107 93 23 lettara

1488 1142 30 15 ne
1536 1142 16 15 a
1569 1137 74 28 quale
1669 1139 136 28 malgradu
1822 1141 11 21 i
1845 1141 67 28 jiori
1931 1142 28 21 di

1488 1172 156 27 circustanqe
1660 1172 24 21 si
1691 1175 118 25 scopre.u
1817 1174 141 29 giustifica-

1488 1203 28 21 tu
1528 1202 141 24 malumore
1676 1211 11 14 e
1698 1211 15 15 a
1716 1205 90 28 ferma
1818 1207 140 29 intenqione

1489 1235 105 23 d’ottene
1617 1237 33 21 da
1668 1239 10 19 i
1693 1240 90 26 puteri
1802 1240 100 26 publici
1922 1248 36 16 un

1487 1269 107 29 spéciale
1610 1272 166 22 trattamentu
1795 1274 127 28 riguardu
1943 1282 15 14 a

1488 1305 89 20 nostra
1588 1304 52 22 situ
1642 1305 86 29 azione
1736 1307 153 27 geografica.

1516 1338 22 20 A
1551 1336 87 24 Muvra
1647 1344 35 16 un
1687 1339 232 29 pudendupublicà
1930 1342 28 21 in

1488 1372 100 21 extenso
1611 1374 41 20 sta
1671 1372 168 29 lunghissima
1857 1373 99 28 lettara,

1487 1404 227 28 riprùduciaremu
1723 1407 11 20 i
1749 1408 107 27 passagi
1867 1407 48 27 chi,
1924 1409 35 21 si-

1488 1438 83 22 condu
1583 1440 53 25 noi,
1645 1439 28 21 sò
1686 1440 11 20 i
1702 1439 49 28 più
1760 1441 154 27 impurtanti
1922 1448 8 15 :

1489 1485 124 23 Monsieur
1628 1487 22 21 le
1668 1487 126 23 Président
1804 1490 32 21 du
1850 1489 106 27 Conseil,

1516 1524 31 22 Le
1560 1525 114 29 Syndicat
1684 1527 42 22 des
1744 1526 179 31 Commerçants
1935 1531 24 20 et

1489 1555 140 23 Industriels
1637 1557 130 28 d’Ajaccio,
1778 1560 40 26 qui
1830 1565 91 23 groupe
1928 1566 30 16 en

1489 1592 43 17 son
1545 1587 52 22 sein
1608 1590 54 20 tout
1679 1589 23 21 le
1714 1594 134 18 commerce
1863 1591 60 22 local
1935 1593 25 20 et

1488 1617 138 29 représente
1637 1620 36 21 les
1693 1620 100 22 intérêts
1804 1621 30 22 de
1845 1621 114 23 l’activité

1488 1648 156 29 économique
1668 1650 120 28 insulaire,
1797 1658 14 16 a
1833 1652 126 23 l’honneur

1488 1680 120 28 d’appeler
1619 1683 70 20 votre
1700 1682 73 22 haute
1786 1683 173 23 bienveillance

1489 1717 40 16 sur
1539 1712 23 22 la
1571 1712 113 23 situation
1696 1712 97 29 pénible
1801 1714 59 22 dans
1871 1715 88 28 laquel-

1487 1743 23 21 le
1522 1748 26 16 se
1560 1742 121 24 débattent
1692 1745 23 21 le
1727 1750 136 18 commerce
1872 1748 24 20 et
1905 1746 53 22 l’in-

1488 1774 90 22 dustrie
1601 1780 89 17 corses.

1517 1804 69 23 Cette
1592 1806 113 22 situation
1714 1808 62 22 tient
1783 1807 13 22 à
1805 1806 64 24 deux
1876 1809 82 21 ordres

1488 1836 30 21 de
1540 1836 56 22 faits
1607 1843 47 21 que
1666 1843 60 17 nous
1739 1844 105 22 prenons
1865 1845 94 22 respec-

1487 1868 151 22 tueusement
1644 1869 23 21 la
1677 1869 86 22 liberté
1771 1870 30 22 de
1810 1876 63 16 vous
1884 1876 75 22 expo-

1489 1904 46 16 ser.

1520 1959 4 4 .
1546 1943 20 19 i°
1579 1941 120 23 CAUSES
1720 1936 182 30 GÉNÉRALES

1516 1982 209 24 L’accroissement
1737 1986 100 22 continu
1855 1987 42 21 des
1914 1987 45 22 im-

1488 2013 61 27 pôts,
1561 2017 88 19 venant
1655 2015 113 28 s’ajouter
1775 2016 13 22 à
1795 2018 22 20 la
1824 2017 87 23 hausse
1918 2017 41 29 gé-

1488 2046 79 23 nérale
1590 2048 42 22 des
1643 2049 110 27 produits
1768 2052 24 20 et
1803 2051 43 22 des
1862 2052 96 22 salaires

1488 2080 24 20 et
1522 2077 13 23 à
1542 2079 24 21 la
1575 2079 78 23 baisse
1663 2080 32 22 du
1707 2080 65 23 franc
1781 2082 107 22 entraîne
1898 2089 61 22 pour

1487 2111 51 20 tous
1550 2111 36 21 les
1599 2114 172 26 commerçants
1783 2119 46 16 une
1846 2119 111 23 augmen-

1487 2142 132 21 mentation
1638 2143 29 21 de
1676 2144 87 27 capital
1780 2150 46 21 que
1834 2145 123 28 beaucoup

1487 2171 90 23 d’entre
1590 2178 48 17 eux
1648 2186 29 4 —
1688 2180 31 16 en
1731 2176 138 27 particulier
1882 2176 23 22 le
1916 2182 42 22 pe-

1487 2202 29 22 tit
1527 2205 25 19 et
1557 2204 23 21 le
1586 2209 89 24 moyen
1682 2211 135 17 commerce
1825 2218 29 4 —
1862 2212 31 16 ne
1901 2213 57 21 peu-

1487 2236 58 20 vent
1556 2240 26 16 se
1593 2236 157 27 procurer.Le
1761 2237 69 22 fonds
1843 2238 115 22 deroule-

1486 2265 97 27 lement,
1593 2266 178 29 indispensable
1780 2268 58 22 dans
1846 2270 68 21 toute
1924 2269 33 22 af-

1487 2295 67 27 faire,
1573 2299 36 20 est
1624 2304 54 16 sans
1699 2304 67 17 cesse
1789 2299 102 23 absorbé
1914 2306 43 21 par

1486 2327 35 21 les
1527 2330 192 26 augmentations
1728 2331 31 21 du
1767 2331 55 21 coût
1829 2331 30 21 de
1865 2331 22 21 la
1896 2336 61 16 mar-

1487 2357 120 28 chandise,
1626 2360 60 22 ainsi
1699 2366 47 22 que
1753 2367 43 22 par
1809 2361 147 29 l’obligation

1486 2388 126 28 d’aquitter
1624 2391 48 21 soit
1683 2392 42 21 des
1737 2394 67 20 taxes
1821 2393 135 26 nouvelles,

1486 2420 48 21 soit
1545 2420 47 24 des.
1608 2421 89 28 impôts
1723 2422 143 23 rétroactifs.
1879 2435 29 4 —
1920 2422 36 23 Ne

1486 2451 95 26 parlons
1594 2457 46 22 que
1662 2459 62 21 pour
1734 2453 118 23 mémoire
1864 2454 31 22 de
1906 2460 51 16 cer-

1486 2482 76 21 taines
1582 2483 116 28 exigence
1716 2484 33 22 du
1759 2485 50 26 fisc,
1823 2487 134 26 provenant

1486 2512 79 22 d’une-
1578 2514 183 28 interprétation
1779 2517 110 26 quelque-
1909 2516 47 22 fois

1486 2543 99 23 abusive
1594 2545 29 21 de
1632 2546 46 21 lois
1685 2546 271 28 compliquées,exigen-

1486 2580 39 16 ces
1536 2580 46 22 que
1594 2581 61 17 nous
1668 2583 30 15 ne
1715 2578 184 22 considérerons
1910 2583 46 22 que

1486 2610 93 17 comme
1600 2606 42 22 des
1657 2613 39 15 cas
1713 2608 157 27 particuliers.

1513 2634 24 23 Si
1550 2637 101 22 certains
1673 2638 88 27 impôts
1782 2641 105 25 peuvent
1906 2640 50 21 être

1486 2665 126 29 récupérés
1631 2674 43 21 par
1684 2669 35 21 les
1732 2672 172 26 commerçants
1925 2676 30 16 en

1485 2697 35 22 les
1539 2698 154 28 incorporant
1705 2700 59 22 dans
1783 2701 65 21 leurs
1860 2700 55 28 prix
1925 2701 31 21 de

1486 2730 79 24 vente,
1576 2730 19 21 il
1605 2735 31 16 en
1647 2732 37 20 est
1692 2730 109 26 d’autres,
1815 2736 94 17 comme
1920 2733 36 20 les

1487 2758 88 29 impôts
1588 2759 130 23 cédulaires
1731 2764 25 19 et
1765 2761 95 28 l’impôt
1871 2768 40 16 sur
1932 2763 24 21 le

1487 2795 97 22 revenu,
1609 2791 40 27 qui
1668 2792 146 22 constituent
1825 2799 32 15 un
1869 2793 87 22 vérita-

1486 2821 39 21 ble
1541 2820 165 29 prélèvement
1725 2828 41 16 sur
1777 2823 23 21 le
1816 2824 92 27 capital.
1921 2824 35 22 En

1487 2851 62 27 effet,
1562 2852 23 22 le
1597 2852 107 22 bénéfice
1724 2853 71 23 d’une
1811 2854 95 22 maison
1926 2855 30 21 de

1487 2887 142 22 commerce,
1648 2884 33 21 tel
1693 2883 59 28 qu’il
1776 2887 91 20 ressort
1885 2886 30 21 de
1933 2887 23 21 la

1485 2913 98 21 balance
1603 2914 42 21 des
1665 2914 114 22 écritures
1790 2918 37 19 est
1838 2922 47 15 une
1900 2916 56 23 cho-

1486 2949 26 15 se
1532 2949 62 22 pour
1602 2945 61 21 ainsi
1674 2946 50 21 dire
1736 2945 82 23 fictive
1828 2953 5 19 ;
1845 2946 18 22 il
1874 2949 37 19 est
1919 2948 37 21 in-

1486 2974 101 28 corporé
1599 2975 58 23 dans
1669 2976 22 21 le
1704 2977 87 26 capital
1807 2979 24 20 et
1843 2977 112 29 employé

1486 3004 53 28 déjà
1551 3006 49 21 soit
1610 3006 14 22 à
1636 3006 42 22 des
1688 3007 82 22 achats
1790 3008 30 21 de
1831 3008 125 22 marchan-

1484 3037 64 22 dises
1567 3042 33 17 ou
1610 3037 31 21 de
1653 3037 115 27 matériel,
1783 3039 47 21 soit
1848 3040 107 27 compris

1484 3068 58 22 dans
1552 3068 42 21 des
1603 3067 110 23 créances
1725 3074 42 16 sur
1775 3069 34 21 les
1821 3069 132 22 acheteurs.

1484 3098 69 22 Cette
1565 3104 92 16 somme
1670 3098 165 28 représentant
1845 3101 24 21 le
1883 3099 71 23 béné-

1483 3129 44 22 fice
1542 3129 62 22 n’est
1614 3135 43 22 pas
1672 3130 136 27 disponible
1831 3132 68 20 entre
1917 3131 37 21 les

1483 3160 77 23 mains
1580 3160 31 21 du
1622 3163 168 26 commerçant,
1800 3160 108 28 lorsqu’il
1917 3167 36 16 ac-

1483 3191 75 27 quitte
1581 3196 39 16 ses
1632 3191 96 27 impôts,
1743 3192 17 21 il
1772 3194 36 19 est
1831 3191 80 28 obligé
1922 3198 31 15 en

1482 3220 83 23 réalité
1573 3222 55 21 d’en
1642 3222 112 27 prélever
1764 3223 23 20 le
1796 3224 109 20 montant
1913 3228 41 16 sur

1482 3253 22 20 le
1522 3252 127 27 capitaL.il
1662 3259 29 14 en
1703 3252 89 22 résulte
1803 3254 64 21 donc
1883 3253 70 27 qu’au

1483 3282 37 22 fur
1532 3284 26 20 et
1565 3281 13 23 à
1586 3288 95 16 mesure
1688 3288 47 21 que
1747 3284 35 21 les
1794 3283 90 28 impôts
1895 3290 58 21 aug-

1482 3315 114 23 mentent,
1612 3313 24 20 le
1647 3313 86 27 capital
1746 3313 107 22 diminue
1866 3316 24 19 et
1901 3314 50 22 ceci

1481 3348 30 16 au
1519 3345 109 20 moment
1635 3342 66 23 où’ce
1714 3344 85 27 capital
1810 3346 37 20 est
1861 3344 28 22 de
1899 3346 52 26 plus

1482 3380 29 15 en
1524 3375 53 27 plus
1596 3373 142 23 nécessaire.

1505 3459 23 20 2°
1535 3457 121 23 CAUSES
1667 3452 260 29 PARTICULIÈRES.

1509 3502 30 22 La
1553 3502 83 26 Corse,
1645 3503 30 21 de
1686 3508 43 22 par
1738 3508 26 16 sa
1774 3504 113 22 situation
1894 3502 57 29 géo-

1480 3532 139 28 graphique,
1634 3535 36 19 est
1681 3539 30 15 en
1721 3534 103 27 quelque
1835 3537 66 19 sorte
1909 3535 42 21 ali-

1480 3562 95 22 mentée
1583 3569 30 15 au
1626 3565 198 26 compte-goutte.
1838 3564 70 22 Cette
1918 3565 33 21 île

1481 3592 144 28 magnifique
1645 3594 61 21 mais
1728 3600 99 21 pauvre,
1840 3600 31 16 ne
1893 3597 58 25 peut

1481 3623 57 21 faire
1556 3623 75 27 jaillir
1641 3624 31 21 de
1682 3630 44 15 son
1740 3625 36 21 sol
1788 3628 163 25 montagneux

1479 3654 35 21 les
1522 3654 95 27 produit
1623 3653 146 23 nécessaires
1777 3654 14 22 à
1796 3660 38 16 ses
1843 3656 106 21 besoins.

1479 3683 55 22 Elle
1547 3686 42 19 esù
1593 3683 111 22 Vesclave
1716 3684 31 21 de
1757 3684 191 29 Vimportation.

1508 3713 37 22 Or
1556 3715 40 26 qui
1608 3714 37 21 dit
1666 3721 14 14 «
1687 3715 155 27 importation
1889 3717 62 22 lors-

1984 942 57 27 qu’il
2052 942 69 29 s’agit
2129 943 57 22 d’un
2197 943 166 29 département
2372 944 84 29 séparé

1984 973 29 21 de
2024 974 23 20 la
2062 973 153 28 mère-patrie
2237 981 43 21 par
2298 981 32 15 un
2345 976 56 21 bras
2424 976 32 21 de

1983 1009 52 16 mer
2054 1004 30 21 de
2096 1005 53 26 plus
2161 1005 30 21 de
2203 1005 64 22 deux
2278 1007 67 20 cents
2352 1006 105 22 kilomè-

1983 1035 56 25 tres,
2061 1035 35 21 dit
2109 1041 5 15 :
2125 1036 178 27 augmentation
2314 1036 50 22 très
2379 1037 79 21 sensi-

1983 1064 39 22 ble
2028 1065 30 21 de
2070 1068 53 19 tous
2131 1067 36 20 les
2175 1066 54 27 prix
2236 1067 31 21 de
2274 1067 102 22 revient.
2385 1067 71 22 Cette

1984 1096 118 26 première
2113 1098 179 26 augmentation
2304 1097 125 29 s’aggrave
2441 1097 14 22 à

1984 1132 94 16 mesure
2095 1132 46 21 que
2152 1128 36 20 les
2199 1128 108 26 produits
2319 1131 57 19 sont
2387 1129 69 21 ache-

1983 1156 78 22 minés
2081 1157 58 21 dans
2150 1157 132 23 l'intérieur
2290 1158 29 22 de
2331 1158 49 23 file
2389 1167 6 18 ;
2409 1160 46 21 elle

1984 1186 123 29 s’aggrave
2114 1188 32 21 du
2158 1187 43 23 fait
2212 1194 46 21 que
2272 1189 35 21 les
2320 1191 135 26 transports

1984 1220 56 19 sont
2048 1217 119 28 précaires
2179 1220 25 20 et
2214 1219 49 21 très
2284 1219 115 27 onéreux,
2412 1226 44 22 par

1984 1248 62 21 suite
2061 1249 31 21 du
2103 1254 104 22 manque
2227 1249 30 22 de
2268 1250 70 22 voies
2348 1251 31 21 de
2391 1256 64 17 com-

1984 1279 147 22 munication
2143 1284 33 17 ou
2187 1280 30 21 de
2225 1281 52 21 leur
2288 1280 123 23 difficulté.

2012 1306 38 22 De
2062 1313 39 15 ces
2113 1306 54 23 faits
2186 1307 99 23 découle
2305 1308 150 29 l’obligation

1985 1342 61 21 pour
2056 1338 23 21 le
2091 1340 161 26 commerçant
2263 1339 115 23 insulaire
2390 1340 66 22 d’en-

1984 1373 80 23 gager,
2082 1374 61 21 pour
2159 1375 48 16 une
2218 1370 79 21 même
2309 1370 108 28 quantité
2425 1371 31 21 de

1984 1399 116 26 produits,
2109 1406 33 15 un
2155 1400 85 27 capital
2257 1400 126 28 supérieur
2391 1401 14 23 à
2417 1408 39 16 ce-

1984 1429 31 21 lui
2029 1429 188 29 qu’emploierait
2236 1436 45 17 son
2304 1432 108 29 collègue
2423 1433 34 22 du

1985 1460 129 22 continent.
2126 1461 44 26 Or,
2181 1462 17 21 il
2207 1463 37 22 est.
2254 1462 90 25 loin^de
2355 1465 102 21 trouver

1985 1490 30 21 ici
2032 1491 35 21 les
2081 1492 91 22 mêmes
2184 1492 101 23 facilités
2305 1493 149 27 financières,

1984 1526 40 16 car
2035 1521 17 21 il
2064 1521 101 23 n’existe
2177 1529 29 16 en
2219 1522 76 23 Corse
2318 1524 73 27 qu’un
2403 1526 54 21 seul

1984 1552 76 27 grand
2068 1551 179 25 établissement
2258 1555 30 21 de
2298 1554 84 27 crédit,
2392 1555 62 29 déjà,

1984 1582 127 29 surchargé
2131 1586 25 19 et
2167 1590 31 16 ne
2209 1588 106 24 pouvant
2333 1587 124 21 consentir

1985 1613 42 22 des
2045 1615 70 26 -prêts
2129 1613 4 3 '
2141 1620 47 22 que
2199 1615 96 23 suivant
2316 1617 36 21 les
2376 1617 79 28 règles

1985 1644 92 22 strictes
2092 1645 120 28 imposées
2232 1652 43 22 par
2291 1648 35 21 les
2347 1648 109 22 maisons

1985 1675 29 21 de
2025 1675 93 28 banque
2130 1684 7 18 ;
2155 1679 26 19 et
2192 1676 89 23 d’autre
2299 1680 61 25 part,
2375 1679 23 21 le
2417 1685 38 16 ca-

1984 1706 104 27 pitaliste
2115 1708 137 26 particulier
2271 1708 103 23 n’existe
2393 1715 63 22 pour

1985 1737 59 22 ainsi
2062 1738 51 21 dire
2128 1744 43 22 pas
2192 1744 29 16 en
2244 1739 83 23 Corse.
2349 1739 59 23 Cela
2422 1741 34 21 si-

1984 1768 73 28 gnifie
2071 1774 46 22 que
2127 1770 24 20 le
2169 1773 170 26 commerçant.
2347 1773 37 20 est
2392 1771 63 23 livré

1985 1799 13 22 à
2009 1805 39 16 ses
2063 1805 100 22 propres
2179 1806 110 24 moyens.

2013 1827 47 22 Ces
2074 1833 102 23 moyens
2192 1831 55 20 sont
2254 1830 49 22 très
2310 1829 100 27 réduits,
2423 1831 32 21 du

1984 1858 43 22 fait
2042 1864 47 22 que
2098 1865 43 22 par
2152 1865 27 16 sa
2186 1860 114 28 pauvreté
2307 1861 23 21 la
2338 1860 77 24 Corse
2424 1868 32 15 ne

1985 1895 138 17 consomme
2141 1896 47 23 que
2199 1891 41 22 des
2253 1892 94 22 articles
2360 1893 30 21 de
2401 1894 55 21 tou-

1984 1922 24 20 te
2014 1921 119 28 première
2139 1921 125 23 nécessité.
2272 1922 67 23 Dans
2347 1924 24 21 la
2380 1924 76 22 crain-

1984 1953 24 20 te
2016 1951 105 28 justifiée
2140 1953 32 22 de
2182 1959 31 16 ne
2232 1960 42 21 pas
2295 1953 97 23 écouler
2413 1955 42 22 des

1984 1983 106 27 produits
2106 1984 30 21 de
2144 1986 67 20 toute
2227 1985 119 27 première
2355 1985 98 28 qualité,

1984 2014 22 21 le
2018 2017 162 26 commerçant
2187 2014 52 23 -s’en
2248 2016 62 22 tient
2319 2016 137 23 forcément

1985 2045 13 21 à
2003 2046 23 21 la
2031 2048 71 19 vente
2109 2046 41 22 des
2156 2046 109 28 produits
2272 2049 118 24 courants,
2393 2054 63 16 ceux

1984 2076 72 28 qu’on
2063 2077 34 21 lui
2106 2076 102 23 réclame
2215 2079 25 20 et
2251 2083 41 16 sur
2296 2078 105 28 lesquels
2409 2084 46 17 son

1984 2106 106 23 bénéfice
2110 2110 37 20 est
2157 2108 49 22 très
2217 2107 87 23 réduit.

2010 2135 38 22 De
2060 2137 60 26 plus,
2141 2136 23 22 la
2177 2136 109 22 clientèle
2307 2139 74 27 ayant
2412 2138 42 22 des

1983 2172 135 16 ressources
2129 2167 50 22 très
2190 2166 112 28 limitées,
2315 2168 19 22 il
2345 2170 38 20 est
2394 2169 60 22 obli-

1983 2196 30 29 gé
2020 2198 30 20 de
2062 2198 123 22 consentir
2195 2198 14 22 à
2221 2204 39 16 ses
2274 2199 125 22 acheteurs
2412 2200 43 22 des

1984 2227 87 23 crédits
2083 2228 49 22 très
2146 2230 77 28 longs,
2237 2229 58 28 qu’il
2305 2236 32 15 ne
2347 2233 60 25 peut
2416 2230 39 22 ré-

1984 2258 99 28 cupérer
2099 2259 14 22 à
2125 2260 55 22 date
2200 2260 57 26 fixe,
2275 2261 40 27 qui
2338 2262 35 21 lui
2402 2261 54 23 font

1982 2290 87 28 perdre
2081 2296 33 16 un
2134 2290 87 23 intérêt
2235 2291 30 22 de
2277 2297 43 16 son
2338 2294 85 26 argent
2431 2295 25 19 et

1983 2322 93 21 surtout
2089 2322 90 27 gênent
2194 2328 26 15 sa
2232 2321 137 29 trésorerie.

2010 2348 72 23 Voilà
2102 2350 119 27 pourquoi
2244 2351 23 21 le
2291 2353 164 26 commerçant

1982 2380 113 22 insulaire
2102 2386 31 16 ne
2145 2383 57 25 peut
2210 2383 140 26 augmenter
2358 2387 47 17 son
2417 2388 38 16 ca-

1982 2410 84 28 pital-à
2079 2417 96 16 mesure
2187 2411 166 28 qu’augmente
2366 2413 28 21 le.
2398 2413 57 27 prix

1983 2441 29 22 de
2026 2442 23 21 la
2060 2442 48 26 vie,
2113 2444 25 20 et
2148 2448 14 15 a
2168 2443 79 21 même
2261 2444 80 20 toutes
2352 2444 37 21 les
2401 2444 54 28 pei-

1982 2478 43 16 nes
2031 2472 33 22 du
2075 2473 88 22 monde
2169 2472 14 22 à
2191 2479 26 16 se
2224 2472 232 29 réapprovisionner

1982 2509 47 15 aux
2038 2508 70 17 cours
2119 2504 97 21 actuels.
2230 2503 41 23 Un
2281 2509 137 18 commerce
2430 2508 26 19 et

1983 2540 46 16 une
2042 2534 116 22 industrie
2166 2534 41 28 qui
2214 2540 30 16 ne
2253 2540 26 16 se
2290 2534 165 30 développent

1982 2570 42 22 pas
2035 2564 146 28 périclitent;
2191 2570 31 17 on
2231 2568 59 24 peut
2295 2566 51 22 dire
2357 2567 93 27 aujour-

1982 2594 64 23 d’hui
2067 2601 46 22 que
2130 2597 69 20 notre
2215 2601 134 17 commerce
2371 2599 23 20 et
2411 2604 43 16 no-

1982 2628 35 19 tre
2029 2626 117 21 industrie
2163 2631 80 17 corses
2259 2629 53 20 sont
2329 2633 30 16 en
2371 2629 82 26 pleine

1982 2653 91 23 dérive.
2081 2668 3 3 •

2010 2682 34 22 Ce
2050 2681 201 29 développement
2258 2685 36 20 est
2302 2684 150 27 impossible,

1981 2718 43 22 par
2035 2712 62 22 suite
2112 2713 31 21 de
2154 2714 23 20 la
2185 2713 111 22 faiblesse
2308 2714 30 22 de
2349 2721 46 16 nos
2404 2721 50 16 res-

1982 2748 103 17 sources.
2103 2742 88 28 Quand
2202 2749 32 17 on
2249 2750 14 16 a
2280 2745 87 22 enlevé
2380 2746 30 22 de
2429 2747 25 21 la

1981 2775 40 20 vie
2028 2773 158 29 économique
2194 2774 56 22 d’un
2260 2781 58 22 pays
2331 2775 123 24 l’élément

1982 2805 159 26 commercial,
2157 2805 125 22 industriel
2294 2808 24 20 et
2337 2808 114 27 agricole,

1981 2841 43 22 par
2035 2836 57 27 quoi
2112 2837 102 26 peut-on
2235 2836 97 22 chiffrer
2352 2838 37 21 les
2404 2844 49 16 res-

1982 2871 96 17 sources
2083 2866 30 22 de
2119 2872 27 16 ce
2152 2866 183 29 pays?N’ayant
2341 2868 32 22 ici
2379 2869 73 27 qu’un

1982 2902 132 17 commerce
2130 2897 133 28 agonisant,
2272 2897 181 27 qu’unerindus-

1977 2928 49 21 trie
2043 2927 89 26 infime,
2150 2927 86 28 qu’une
2253 2928 149 27 agriculture,
2421 2931 35 21 li-*

1980 2957 73 23 mitée
2064 2957 14 22 à
2089 2958 114 28 quelques
2220 2959 78 26 plants
2307 2959 30 21 de
2349 2959 101 28 cédrats,

1981 2989 30 21 de
2022 2988 74 28 vigne
2109 2994 32 16 ou
2152 2988 31 22 de
2193 2989 85 25 tabac,.
2294 2990 91 26 quelles
2394 2997 58 21 peu-

1980 3021 58 19 vent
2051 3019 57 21 bien
2125 3020 51 20 être
2193 3019 36 21 les
2240 3025 138 18 ressources
2389 3022 31 21 de
2427 3023 25 21 la

1980 3050 138 27 population
2132 3050 13 21 ?
2165 3044 61 28 Èlles
2247 3056 26 16 se
2301 3051 105 23 bornent
2421 3059 31 15 au

1979 3080 136 22 traitement
2130 3080 43 22 des
2181 3086 3 3 ■
2193 3080 198 28 fonctionnaires,-
2403 3089 49 16 aux

1979 3112 115 26 pensions
2104 3111 42 21 des
2158 3111 108 22 retraités
2278 3118 31 16 ou
2324 3113 44 21 des
2379 3115 72 21 muti-

1979 3141 42 26 lés,
2038 3147 46 16 aux
2094 3147 103 17 revenus
2209 3143 42 21 des
2263 3143 151 27 professions
2421 3145 31 21 li-

1979 3171 100 27 bérales,
2101 3178 47 16 aux
2159 3173 98 22 salaires
2269 3175 119 26 ouvriers,
2402 3181 49 16 aux

1979 3203 87 27 petites
2082 3204 158 22 transactions
2259 3204 42 22 des
2311 3211 112 23 paysans,
2437 3206 14 22 à

1978 3233 101 28 l’apport
2099 3233 55 22 d’un
2169 3235 116 22 tourisme
2308 3242 87 16 encore
2419 3243 31 16 en

1978 3264 99 21 enfance
2086 3270 6 20 ;
2103 3270 30 16 en
2146 3270 92 17 somme
2246 3272 6 15 :
2265 3272 138 17 ressources
2412 3269 39 20 in-

1977 3294 110 22 finiment
2108 3295 112 28 maigres,
2233 3298 25 20 et
2278 3297 40 26 qui
2340 3303 31 16 ne
2391 3304 59 21 peu-

1977 3326 58 20 vent
2055 3327 138 26 augmenter
2204 3332 29 15 au
2242 3326 39 22 fur
2293 3329 23 20 et
2327 3327 14 23 à
2353 3334 97 17 mesure

1978 3361 45 21 que
2032 3355 108 23 s’accroît
2150 3357 24 21 le
2186 3357 55 21 coût
2253 3357 29 21 de
2294 3359 22 20 la
2327 3359 50 22 vie.

2004 3413 25 22 Si
2044 3420 61 16 nous
2116 3420 77 16 avons
2205 3416 92 27 exposé
2307 3417 37 22 les
2366 3424 82 16 causes

1977 3444 122 28 générales
2108 3448 24 18 et
2139 3446 163 26 particulières
2317 3449 30 21 de
2360 3455 28 15 ce
2398 3455 51 16 ma-

1977 3481 84 20 rasme,
2075 3476 57 21 c’est
2149 3481 62 21 pour
2232 3476 141 25 démontrer
2397 3486 52 16 sur-

1977 3507 53 20 tout
2049 3512 45 21 que
2102 3507 23 20 la
2142 3505 83 29 Corse,
2248 3508 30 21 de
2290 3512 52 24 part
2366 3516 25 16 sa
2415 3512 34 20 si-

1977 3536 91 21 tuation
2090 3536 110 28 spéciale,
2222 3539 52 22 doit
2296 3541 63 21 aussi
2381 3542 68 27 jouir

1977 3566 69 22 d’une
2069 3566 134 29 législation
2217 3569 110 28 spéciale.

2003 3594 67 22 Nous
2082 3601 31 15 ne
2132 3596 147 24 demandons
2300 3605 42 21 pas
2353 3601 25 20 la
2389 3601 57 21 cha-

1977 3624 44 22 rité
2030 3631 6 20 ;
2054 3631 61 17 nous
2124 3632 135 18 concevons
2278 3630 170 27 parfaitement

1977 3660 45 23 que
2043 3659 68 19 notre
2133 3658 33 21 île
2179 3659 51 22 doit
2249 3661 138 22 contribuer
2397 3668 50 16 aux

1977 3685 116 29 dépenses
2118 3688 30 22 de
2167 3690 22 20 la
2208 3691 91 25 nation,
2323 3692 70 22 selon
2408 3698 39 16 ses

1977 3718 146 25 possibilités
2135 3722 25 19 et
2172 3726 61 16 nous-
2241 3722 136 22 entendons
2388 3723 60 21 bien
