2600 3956
87 178 46 53 À
155 177 277 57 Oiiistione
454 177 175 53 Jeune
652 174 162 52 Corse
827 199 21 13 =
860 171 195 53 Muvra

111 313 9 19 I
130 314 73 19 nosîri
216 314 74 21 lettori
304 322 67 13 sanu.
385 319 41 19 per
440 311 41 20 avè
496 309 59 19 lettu

85 347 30 13 ne
123 340 98 20 Fultima
231 347 10 11 «
250 341 79 21 Muvra
337 347 12 11 »
359 348 15 13 u
388 343 112 22 prucessu
510 341 50 13 ver-

85 367 52 20 baie
145 367 92 20 firmatu
246 369 27 18 da
287 369 7 19 i
311 366 107 27 padrigni
435 365 23 19 ai
475 370 14 13 u
507 368 52 18 sgio

85 394 56 20 Paul
155 394 75 23 Valot,
247 402 12 13 e
273 396 22 19 di
314 396 69 19 Petru
398 393 75 20 Rocca
489 389 37 20 chi
545 394 13 13 a

85 430 12 10 «
105 422 75 19 Jeune
189 422 84 20 Corse»
281 424 68 19 duvìa
358 420 91 27 publicà
464 423 45 14 una
517 416 42 19 Jet-

85 453 50 15 tera
143 449 22 18 di
172 453 98 16 unostru
277 450 122 21 Direttore,
406 445 92 22 fendula
507 448 52 19 pré-

84 476 58 19 cédé
149 476 29 19 da
186 479 36 16 ste
231 476 63 24 righe
303 484 6 12 :

109 514 36 20 En
153 515 96 23 réponse
265 515 16 18 à
296 513 100 21 l’article
412 509 95 23 intitulé
514 515 11 11 «
534 507 21 19 A

81 544 87 21 propos
176 542 57 19 d'un
238 542 102 20 incident
348 546 20 18 »,
376 543 63 22 paru
447 537 62 20 dans
516 541 42 13 no-

84 571 37 18 ire
128 575 94 13 numéro
231 569 31 19 du
270 574 12 19 7
298 569 106 20 courant,
422 570 59 16 nous
495 568 63 14 rece-

83 602 59 13 vons
149 596 29 19 de
186 596 34 19 M.
229 596 208 22 Rocca,Directeur
444 592 30 19 de
481 591 19 19 A
509 589 49 20 Mu-

83 629 50 17 vra,
142 630 45 13 une
195 623 67 20 lettre
278 623 116 23 rectifiant
409 621 42 19 des
467 621 91 17 erreurs

83 650 45 25 qui
149 651 109 19 s’étaient
277 650 97 24 glissées
399 648 62 19 dans
490 646 68 18 notre

83 680 89 21 compte
180 677 74 20 rendu
260 678 29 19 de
296 677 26 20 la
326 673 176 26 manifestation
508 678 49 13 cor-

83 705 57 19 siste
147 705 16 19 à
172 705 26 19 la
207 705 75 20 Santa
290 704 30 20 de
328 702 76 21 Niolo.

109 734 133 24 D’ailleurs,
257 734 20 20 il
282 734 40 20 n'a
336 732 90 26 jamais
443 731 37 19 été
493 730 65 19 dans

84 764 68 18 notre
159 762 113 20 intention
281 760 121 25 d’injurier
409 764 31 14 ou
448 758 30 19 de
485 756 73 25 diffa-

82 796 50 14 mer
139 792 65 17 notre
211 789 102 24 confrère
321 788 80 21 Pierre
408 786 83 22 Rocca.

109 828 28 20 Di
144 827 60 23 fatti,
213 831 54 16 nota
275 834 12 13 e
294 827 83 20 lettera
385 825 58 19 funu
457 822 102 26 publica-

81 856 18 20 ti
108 862 30 13 ne
146 861 14 13 a
169 861 9 10 «
188 855 74 20 Jeune
271 854 71 20 Corse
351 861 11 12 »
371 852 24 20 di
404 858 14 13 u
425 851 25 20 18
457 850 100 23 ottebre,

85 882 156 26 quest’uitirna
249 886 12 11 «
267 881 113 25 expurgée
388 880 41 19 des
443 881 116 22 passages

82 916 30 15 ou
120 911 31 20 M.
158 910 76 21 Rocca
243 912 45 18 met
294 909 42 20 des
343 909 56 19 tiers
406 913 29 14 en
443 912 76 17 cause,
527 905 32 19 de

79 939 71 24 façon
178 937 179 24 désobligeante,
381 934 178 24 conformément

81 967 16 19 à
106 966 25 20 la
139 965 33 20 loi
178 971 41 14 sur
226 965 25 20 la
258 965 88 20 Presse.
356 968 11 11 »

106 1004 69 21 Semu
183 1003 82 26 stupiti
274 1003 22 20 di
305 1002 59 20 vede
380 1000 95 21 mischià
483 1006 13 13 a
510 999 49 25 leg-

81 1039 29 18 ge
120 1038 13 14 a
141 1038 46 14 una
204 1031 115 25 quistione
335 1032 94 17 trattata
446 1028 24 20 in
487 1027 70 20 modu

80 1060 179 21 cavallerescu,e
267 1057 160 21 consideremu
436 1061 65 14 cume
510 1060 47 14 una

80 1087 115 21 nécessita
203 1086 23 20 di
235 1089 69 17 mette
312 1088 63 17 sottu
384 1090 14 13 a
410 1082 80 25 l’occhj
500 1082 24 19 di
542 1088 14 14 u

80 1115 101 25 publicu,
191 1120 56 14 sana
256 1119 62 17 sana,
328 1118 14 14 a
354 1112 82 20 lettera
445 1110 23 20 di
485 1110 71 20 Petru

82 1143 83 21 Rocca.

107 1170 143 20 Unn’avemu
263 1168 72 20 micca
352 1174 14 13 e
382 1170 75 17 stesse
474 1165 82 26 raggiô

80 1199 44 20 che
132 1204 13 14 a
154 1204 11 11 «
174 1197 76 21 Jeune
258 1196 71 21 Corse
338 1200 11 11 »
359 1201 42 19 per
406 1200 69 15 serve
480 1194 24 20 di
517 1200 39 18 pa-

82 1226 124 21 rafulmine
214 1231 13 14 a
237 1225 7 19 i
253 1224 54 20 tiers
315 1224 45 19 mis
368 1229 28 14 en
405 1222 85 22 cause,]
500 1228 56 19 qua-

80 1255 17 20 li
112 1255 26 20 sò
154 1260 15 13 u
183 1252 109 23 Prefettu,
311 1258 15 13 u
343 1255 62 16 sottu
424 1249 100 21 Prefettu
542 1256 13 13 e

81 1290 15 13 u
115 1278 403 24 Direttore-Fundadore-Assemblea
530 1278 25 20 di

81 1311 15 20 Y
97 1309 149 22 Accademia.

220 1363 118 23 Monsieur
349 1363 22 22 le
379 1363 131 25 Directeur,

109 1416 64 22 Vous
185 1421 58 16 avez
260 1413 88 29 publié,
365 1413 58 22 dans
431 1415 67 19 votre
512 1418 42 15 nu-

81 1453 65 16 méro
158 1446 30 22 du
202 1452 12 22 7
223 1446 106 24 courant,
341 1450 58 16 sous
413 1443 24 22 le
448 1443 54 22 titre
515 1443 40 21 «À

82 1478 90 28 Propos
184 1476 56 22 d’un
251 1475 106 23 IncidenL
366 1482 20 18 »,
399 1480 31 15 un
442 1473 53 22 bien
506 1473 50 22 sin-

82 1508 78 29 gulier
171 1506 82 23 article
261 1513 42 21 par
314 1504 78 30 lequel
402 1510 58 16 vous
473 1503 83 23 offriez

85 1546 46 15 aux
148 1538 103 22 lecteurs
270 1536 29 22 de
316 1536 23 22 la
360 1535 95 22 «Jeune
463 1534 92 22 Corse»

83 1576 31 15 un
126 1568 131 23 fantaisiste
268 1565 175 29 compterendu
457 1565 31 22 du
499 1571 56 15 con-

83 1606 68 16 cours
169 1597 202 30 d’improvisation
386 1596 110 29 poétique
516 1602 38 15 or-

82 1631 82 29 ganisé
179 1637 32 15 au
225 1628 70 23 Niolo
310 1634 44 23 par
361 1628 41 22 «A
408 1627 83 22 Muvra
499 1634 11 14 :>
530 1628 26 20 et

81 1669 16 15 «
105 1660 194 23 L’Àssuciazione
317 1659 25 21 di
357 1659 8 21 i
385 1657 68 23 Pueti
465 1657 91 22 Dialet-

84 1692 43 22 tali
136 1699 22 14 ».

109 1723 29 21 Je
148 1721 106 30 passerai
266 1721 29 21 ici
302 1726 42 16 sur
352 1720 35 22 les
397 1718 158 23 insinuations

84 1760 46 22 que
140 1752 106 23 contient
250 1753 37 20 cet
292 1750 82 23 article
387 1750 100 29 puisque
492 1755 62 16 vous

82 1790 56 16 avez
149 1783 54 22 bien
212 1782 78 27 voulu,
307 1783 187 28 spontanément,
517 1786 38 16 me

82 1815 90 22 donner
178 1813 143 23 l’assurance
329 1812 99 30 qu’elles
440 1811 116 22 résultent

83 1846 151 28 uniquement
248 1844 28 21 de
290 1843 100 29 phrases
410 1842 85 29 qu’une
518 1841 38 22 fâ-

81 1877 86 21 cheuse
175 1875 149 24 coïncidence
332 1882 15 14 a
359 1874 95 28 placées
465 1872 29 23 de
503 1873 52 21 dia-

81 1907 97 28 bolique
189 1906 78 26 façon.

110 1936 186 24 Permeltez-moi
325 1935 153 29 simplement
513 1941 42 15 au-

78 1968 122 30 jourd’hui
208 1968 30 22 de
244 1967 94 26 réfuter,
347 1967 67 28 point
425 1973 43 22 par
478 1966 75 29 point,

82 2000 36 21 les
137 1998 169 23 inexactitudes
327 1998 40 28 qui
387 1998 66 21 n’ont
473 2004 32 21 pu
528 2003 28 15 se

83 2030 87 29 glisser
180 2029 60 22 dans
256 2035 41 15 vos
318 2028 113 22 colonnes
454 2028 54 29 qu’à
530 2027 23 22 la

82 2061 61 22 suite
155 2060 28 21 de
191 2060 23 22 la
223 2059 189 22 documentation
430 2059 40 28 qui
491 2064 63 16 vous

82 2098 13 15 a
107 2093 37 20 été
156 2090 93 23 fournie
257 2090 58 22 dans
324 2090 23 22 le
361 2090 43 22 but
412 2089 30 22 de
449 2096 103 22 supren-

82 2123 43 21 dre
133 2124 66 20 votre
206 2121 105 22 évidente
323 2121 77 21 bonne
411 2120 43 22 foi.

111 2161 11 13 «
130 2153 20 22 A
164 2152 82 22 Muvra
253 2159 21 20 »,
287 2152 139 26 dites-vous,
445 2158 13 15 a
470 2151 84 28 dépos-

82 2184 56 22 sédé
149 2183 23 22 le
182 2183 123 22 fondateur
317 2183 29 22 de
358 2181 194 25 1’«Accademia»

83 2215 29 22 de
120 2214 67 22 l’idée
200 2215 41 22 des
258 2220 115 16 concours
388 2213 165 29 d’improvisa-

82 2246 58 21 tion.

111 2278 50 25 Que
173 2283 27 15 ce
218 2284 12 14 «
240 2276 44 22 bon
293 2275 74 23 Corse
374 2283 13 14 »
404 2275 41 29 qui
452 2280 102 17 encense

80 2309 37 22 les
127 2307 119 29 galapiais
257 2307 39 28 qui
308 2313 60 15 nous
379 2305 174 27 administrent,

81 2345 28 15 ce
120 2338 66 22 «bon
195 2337 112 26 Français
316 2337 59 29 »qui
385 2343 13 15 a
404 2336 46 22 fait
456 2336 24 22 la
485 2342 69 23 guer-

80 2376 26 15 re
118 2376 41 15 sur
171 2369 35 22 les
222 2368 67 29 quais
308 2368 30 22 de
351 2368 23 22 la
389 2367 96 22 Joiiette
503 2373 52 16 ras-

79 2399 89 22 semble
179 2406 39 15 ses
227 2399 123 22 souvenirs
358 2405 6 15 :
375 2398 17 22 il
400 2404 26 16 se
438 2397 116 29 rappelle-

79 2437 27 15 ra
118 2437 46 22 que
176 2436 44 16 nos
239 2430 87 28 projets
349 2428 30 22 de
402 2427 153 30 propagande

78 2467 61 23 pour
144 2460 25 22 la
175 2460 151 22 renaissance
338 2460 30 21 de
374 2462 68 19 notre
453 2458 102 22 dialecte

80 2495 42 19 ont
140 2492 109 28 toujours
271 2492 120 27 comporté
414 2490 42 22 des
475 2490 79 28 joutes

79 2522 134 29 poétiques.

106 2553 35 22 La
153 2553 112 22 tentative
287 2552 29 22 de
335 2559 14 14 «
357 2551 161 23 Canalisation
528 2558 23 19 »,

78 2590 91 16 comme
180 2584 18 21 il
210 2586 37 19 est
259 2583 20 21 si
290 2582 55 22 bien
358 2582 35 22 dit
412 2582 59 21 dans
484 2584 69 19 votre

77 2614 93 26 article,
182 2616 38 20 est
232 2616 51 19 tout
291 2619 29 16 au
332 2612 221 23 contraire—dans

77 2646 23 21 le
108 2651 57 16 sens-
175 2651 46 23 que
233 2650 134 16 voussavez
374 2655 30 5 —
409 2643 98 22 l’oeuvre
519 2643 32 21 du

79 2675 93 22 «barde
182 2675 124 29 populaire
319 2682 21 14 ».

107 2706 28 21 Je
146 2708 61 19 mets
220 2712 30 15 au
267 2705 44 22 défi
330 2705 36 22 les
387 2704 117 22 membres
523 2704 30 21 de

79 2736 29 22 i’«
115 2736 140 22 Accademia
263 2743 10 14 »
283 2736 28 22 de
320 2742 37 16 me
369 2735 132 22 contredire
510 2741 44 15 sur

78 2774 28 15 ce
118 2766 74 29 point.

111 2805 10 13 «
132 2797 45 22 Les
183 2798 75 28 sujets
270 2796 28 22 de
309 2797 82 28 poésie
399 2796 46 22 mis
455 2803 31 15 au
494 2802 60 16 con-

78 2834 71 17 cours
158 2828 90 22 étaient
261 2827 219 22 scandaleusement
502 2830 51 18 ten-

79 2859 117 23 dancieux
214 2861 24 20 et
253 2857 159 27 subversifs»,
434 2857 115 22 affirmez-

80 2896 68 16 vous.

107 2920 51 27 Que
174 2920 65 22 voilà
253 2920 28 21 de
295 2919 89 29 grands
397 2921 60 19 mots
466 2919 7 22 !
487 2918 63 22 Mais

78 2951 103 23 souffrez
190 2958 46 22 que
243 2951 43 28 j’en
298 2951 42 21 rie.
351 2950 67 22 Voici
430 2950 122 22 d’ailleurs

78 2989 41 15 ces
136 2982 76 28 sujets
224 2988 7 15 :
254 2982 22 21 A
295 2981 96 23 Donna
414 2980 91 27 Corsa.,
527 2980 25 22 E

77 3019 34 17 no
113 3014 53 21 sire
179 3013 162 25 Giuvanette,
355 3014 22 20 A
394 3012 93 22 Caccia
497 3012 29 21 di
533 3018 19 15 u

78 3043 109 29 ciçnale,
202 3043 23 23 U
234 3043 98 27 Pilone,
346 3043 24 23 U
378 3042 173 29 Fuculaghiu,

79 3076 23 21 A
116 3074 78 22 Scala
207 3074 27 22 di
243 3074 80 22 Santa
329 3074 81 28 Regin
412 3080 25 20 a,
447 3073 24 22 U
483 3073 68 22 Vinu

81 3111 47 16 cor
127 3111 38 20 su,
189 3106 23 20 A.
232 3104 143 28 Religione,.
394 3105 22 21 A
435 3103 63 23 Fede
524 3104 29 22 di

83 3136 138 28 l'Antighi;
231 3137 30 24 et,
271 3141 41 15 sur
321 3135 22 21 le
352 3134 68 22 mode
433 3134 119 22 humoris-

82 3166 64 28 tique
155 3173 6 15 :
179 3166 79 22 Parie
262 3165 119 29 Jiseppu.

109 3196 36 22 Où
155 3199 37 19 est
201 3196 22 22 le
233 3196 128 22 scandale?
371 3195 37 22 Où
416 3198 37 19 est
461 3195 24 22 la
497 3198 55 19 ten-

81 3226 91 23 dance?
181 3226 37 22 Où
231 3229 34 19 est
274 3226 21 21 la
305 3226 139 22 subversion
453 3226 13 21 ?

106 3257 51 27 Que
175 3263 31 15 ne
226 3263 58 15 vous
303 3259 121 19 êtes-vous
445 3256 106 29 insurgé,

78 3288 92 21 l’année
179 3287 113 26 dernière,
305 3287 88 22 devant
408 3287 41 21 des
461 3287 92 21 thèmes

79 3315 46 25 tels
134 3324 45 22 que
190 3317 89 23 ceux-ci
288 3324 5 15 :
303 3318 13 21 1
328 3318 85 22 Morti
422 3318 29 21 di
460 3318 94 22 Ponte-

78 3354 78 20 novu,
180 3348 216 30 L'Indipinden^a
421 3348 93 26 Corsa,
526 3371 3 2 .
538 3348 16 21 I

79 3384 34 16 no
114 3380 41 20 sir
155 3380 11 19 i
176 3379 23 21 B
201 3386 33 14 an
236 3379 56 25 diti,
305 3381 55 19 tous
371 3379 75 28 s.ujels
463 3378 91 22 choisis

79 3415 45 23 par
134 3407 22 22 le
164 3415 14 15 «
185 3408 47 22 bon
247 3409 131 26 Français»
391 3408 29 22 de
433 3408 120 22 FAceade-

81 3438 49 21 mia
137 3438 12 20 ?

111 3467 63 22 Pour
185 3475 29 15 ce
221 3470 40 27 qui
278 3472 36 19 est
334 3470 32 21 du
380 3469 139 29 vainqueur,
529 3469 25 21 le

79 3505 14 13 «
100 3498 81 28 prince
193 3499 43 22 des
247 3502 78 25 poètes
335 3500 85 22 Corses
427 3507 14 13 »
455 3501 40 27 qui
504 3500 50 21 n’é-

79 3528 45 21 tait
132 3534 60 21 pour
203 3535 58 15 nous
273 3536 45 21 que
329 3531 24 22 le
366 3539 10 12 «
386 3530 102 29 premier
497 3531 55 28 prix

80 3558 32 20 du
125 3557 148 27 Concours»,
284 3560 87 23 calmez
379 3567 43 16 vos
437 3560 118 29 inquiétu-

80 3587 42 21 des
134 3589 152 28 patriotiques
294 3597 6 18 ;
309 3590 17 21 il
344 3598 30 15 ne
392 3591 70 28 s’agit
482 3598 72 15 aucu-

79 3621 94 17 nement
184 3619 56 21 d’un
248 3618 91 28 Italien,
351 3628 92 15 comme
450 3628 60 15 vous
528 3622 26 21 le

80 3646 110 28 certifiez,
204 3649 58 21 mais
275 3649 27 21 de
321 3650 141 23 VEvisincu
485 3652 69 21 Mini-

81 3676 59 26 cale,
149 3677 24 21 le
181 3681 76 19 même
267 3686 45 21 que
330 3681 24 21 le
377 3681 123 22 Président
523 3682 31 21 de

588 312 14 15 «
609 304 158 22 FAecademia
776 311 13 13 »
801 310 13 15 a
830 304 84 21 chanté
922 309 29 14 en
963 309 39 14 ces
1009 304 45 18 ter-

585 341 57 15 mes.

609 369 126 21 Minicale
746 368 13 20 è
770 374 18 15 u
799 374 39 14 me
842 367 143 27 fratellu...

610 403 136 25 D’ailleurs,
762 402 62 22 celui
832 409 13 13 «
852 402 39 28 qui
904 401 92 28 appelle
1017 400 37 22 l’I-

584 434 55 21 talie
656 440 26 14 sa
701 434 63 20 mère
783 431 139 29 spirituelle,
941 437 27 15 sa
980 430 74 28 pairie

583 463 124 21 d’élection
717 469 10 14 »
744 462 63 21 avait
823 463 38 19 été
879 462 68 20 sacré
969 467 44 21 par
1032 460 22 21 le

583 500 13 14 «
602 492 74 29 grand
684 494 69 25 poêle
760 498 15 14 »
783 491 129 28 vainqueur
920 490 31 21 du
961 489 94 22 tournoi

583 523 28 21 de
624 522 125 26 1927,mais
761 521 30 21 tel
805 527 30 15 ne
844 521 37 21 fut
889 527 42 21 pas
939 519 67 22 l’avis
1013 520 41 20 des

583 555 79 19 autres
676 551 115 21 membres
812 551 31 20 du
858 550 57 28 jury
925 549 68 28 (dont
1014 556 41 15 vo-

584 585 34 19 tre
634 581 133 28 serviteur),
780 579 103 30 lesquels
894 580 95 21 avaient
1001 586 53 22 por-

584 614 22 20 té
620 612 53 22 leur
692 611 72 22 choix
785 618 70 15 sur...
878 610 175 29 Pampasgiolu,

583 643 48 21 l’un
640 643 42 21 des
693 649 14 13 «
716 648 102 22 pauvres
829 641 72 28 peLils
912 643 82 26 poètes
1004 647 50 15 cor-

583 679 37 15 ses
631 678 15 16 »
653 679 41 14 sur
706 672 22 20 le
740 673 50 20 sort
802 671 110 28 desquels
923 678 61 15 vous
994 677 60 15 vous

584 703 114 28 apitoyez.

610 733 51 26 Que
673 732 107 28 dirais-je
791 732 30 21 de
830 731 23 22 la
868 739 13 14 «
890 732 164 22 contre-mani-

584 763 110 22 festation
703 769 14 14 »
723 762 58 21 dont
786 768 59 16 vous
858 762 69 22 faites
933 764 49 20 état
992 769 63 15 com-

584 800 37 15 me
632 793 53 21 d’un
698 792 164 29 communiqué
871 793 29 21 de
907 793 89 28 grande
1007 793 48 21 vic-

583 824 60 21 toire
651 823 118 21 nationale
781 822 12 22 ?
803 822 74 23 Sinon
896 823 86 29 qu’elle
998 823 58 22 était

584 856 81 20 menée
671 860 44 22 par
721 853 57 22 trois
785 854 193 27 improvisateurs
987 856 67 20 écon-

584 884 71 27 duits,
666 884 57 22 dont
732 890 29 15 un
782 884 84 29 simple
885 884 105 29 d’esprit,
999 892 57 15 aux-

583 915 67 29 quels
669 921 60 16 nous
746 921 29 16 ne
793 917 164 27 ménageâmes
988 917 68 27 point

583 952 43 16 nos
643 945 227 29 applaudissements
882 947 128 28 ironiques,
1026 947 29 22 de

583 978 75 20 même
672 983 45 22 que
728 976 24 22 le
762 976 81 29 public
854 984 29 16 ne
900 977 53 22 leur
975 980 80 20 ména-

583 1013 43 23 gea
635 1013 42 22 pas
689 1013 40 16 ses
742 1007 78 22 huées.

608 1038 29 22 Je
660 1039 135 21 terminerai
818 1045 43 22 par
883 1045 47 15 une
950 1040 59 22 mise
1024 1047 29 15 au

584 1069 65 28 point
656 1076 28 15 en
694 1076 27 15 ce
730 1070 39 28 qui
778 1076 115 16 concerne
902 1072 66 20 notre
976 1078 10 14 «
995 1070 60 23 fuite

582 1100 114 22 honteuse
703 1108 10 13 »
723 1103 24 19 et
757 1100 22 22 le
786 1106 96 17 secours
894 1101 31 22 du
937 1104 117 27 sous-pré-

582 1130 33 22 fel
627 1133 23 19 et
662 1130 29 22 de
703 1131 23 22 la
738 1131 163 28 gendarmerie
910 1131 128 28 française.

608 1161 66 22 Vous
686 1168 29 16 ne
735 1168 66 16 serez
817 1162 130 23 nullement
958 1165 94 26 étonné,

582 1192 120 22 Monsieur
713 1193 22 21 le
747 1192 131 28 Directeur,
888 1200 29 15 en
925 1197 130 26 apprenant

581 1229 43 23 par
634 1226 62 19 cette
709 1223 70 23 lettre
794 1231 46 22 que
857 1224 22 22 le
898 1231 57 16 sous
967 1225 85 29 préfet,

581 1253 99 30 délégué
691 1254 29 21 de
731 1254 32 22 M.
776 1254 133 28 Marlier,fit
919 1256 42 22 des
971 1256 83 22 efforts

581 1284 139 30 désespérés
735 1292 59 19 pour
803 1287 73 26 créer,
886 1288 14 20 à
909 1287 74 28 grand
1002 1294 51 15 ren-

581 1314 48 23 fort
639 1316 30 21 de
680 1316 74 28 pastis
766 1318 24 20 et
801 1316 175 23 d’hurluberlus
990 1317 31 23 de
1030 1318 23 22 la

580 1346 114 30 politique
712 1353 46 16 une
774 1347 146 29 dangereuse
938 1349 115 28 agitation

580 1379 24 19 et
611 1383 61 15 nous
688 1384 14 14 «
710 1376 59 23 faire
781 1378 115 28 répondre
915 1385 29 15 en
967 1379 87 28 langue

580 1413 68 16 corse
657 1414 43 21 par
711 1407 42 22 des
761 1410 82 26 poètes
856 1415 79 15 corses
943 1416 10 14 »
966 1411 25 19 et
996 1408 57 29 qu’il

580 1444 29 15 en
620 1437 38 22 fut
669 1444 60 22 pour
735 1444 39 16 ses
786 1438 58 22 frais
856 1441 24 19 et
897 1445 60 22 pour
973 1445 25 16 sa
1012 1439 41 22 mi-

581 1468 86 28 mique.

606 1498 79 27 Quant
693 1500 15 20 à
712 1498 23 22 la
744 1498 163 29 gendarmerie
916 1499 136 27 Française,

581 1530 39 28 qui
631 1529 58 22 était
711 1532 93 19 surtout
824 1536 46 15 une
892 1530 162 28 gendarmerie

580 1560 81 26 Corse,
674 1566 60 15 nous
757 1562 80 20 eûmes
857 1562 15 20 à
891 1561 75 26 subir,
991 1560 62 23 deux

578 1591 68 29 jours
657 1590 94 27 durant,
776 1596 39 16 ses
835 1594 93 19 assauts
951 1593 101 27 répétés.

581 1621 35 22 En
627 1620 64 27 effet,
701 1621 35 22 les
748 1620 83 23 braves
836 1622 125 28 pandores,
969 1623 85 28 jamais

580 1651 124 27 satisfaits,
716 1658 31 15 ne
758 1654 119 20 cessèrent
883 1652 128 27 d’enlever,
1021 1660 30 15 au

580 1683 52 29 prix
641 1682 54 27 fort,
709 1685 77 20 toutes
801 1689 44 16 nos
857 1683 158 29 publications
1026 1684 29 22 de

581 1714 22 21 la
618 1713 91 22 lecture
720 1713 133 30 desquelles
865 1714 30 23 ils
909 1721 27 16 se
953 1714 101 23 delectè-

581 1747 60 19 rent.

607 1775 48 22 Par
663 1775 169 28 ailleurs,vous
843 1779 161 20 reconnaîtrez
1013 1783 41 16 vo-

580 1806 106 26 lontiers,
692 1806 51 29 j’en
757 1807 50 22 suis
819 1809 49 25 sûr,
881 1814 45 22 que
936 1808 59 22 c’est
1007 1814 46 16 une

580 1837 129 29 singulière
717 1837 59 23 fuite
785 1845 45 23 que
839 1838 60 23 celle
911 1839 29 22 de
948 1846 58 22 gens
1014 1839 40 29 qui

581 1871 108 26 campent
700 1875 43 15 sur
752 1869 23 22 le
784 1870 87 22 terrain
882 1869 95 30 disputé
985 1871 6 21 !
1005 1877 48 20 car,

581 1904 51 20 tout
643 1902 23 22 le
676 1902 72 22 Niolo
758 1906 57 25 peut
826 1910 29 15 en
868 1904 138 29 témoigner,
1030 1904 24 22 le

581 1934 95 28 cortège
684 1933 29 22 de
724 1940 44 16 nos
777 1934 126 22 adhérents
914 1937 25 19 et
957 1941 96 23 sympa-

580 1964 101 22 thisants
702 1965 41 28 qui
766 1965 22 21 le
799 1964 15 22 9
830 1965 142 29 septembre,
996 1968 14 20 à
1028 1965 28 23 10

580 1995 85 22 heures
674 1995 31 21 du
717 1995 57 27 soir,
783 2002 46 16 aux
834 1998 93 20 accents
933 1995 122 30 d’hymnes

580 2032 81 16 corses
670 2028 24 20 et
706 2026 124 22 bannières
842 2028 14 20 à
867 2029 46 19 tête
925 2026 30 22 de
973 2033 82 16 maure

580 2056 188 30 déployéesjitle
781 2056 272 29 tourdeCasamaccioli,

580 2094 90 23 prouva
678 2088 239 22 incontestablement
928 2095 46 22 que
993 2095 61 16 nous

579 2119 76 22 étions
667 2121 77 20 restés
751 2122 96 20 maîtres
856 2119 31 22 du
905 2127 14 13 «
926 2120 86 28 champ
1022 2120 30 22 de

580 2149 97 22 bataille
689 2157 22 14 ».

607 2179 25 23 Si
641 2186 60 16 vous
712 2180 83 23 doûtez
803 2187 85 16 encore
895 2180 30 23 de
937 2181 117 29 l’emprise

580 2212 107 26 corsiste,
706 2214 177 26 reportez-vous
906 2219 48 15 aux
981 2213 74 21 docu-

580 2245 75 19 ments
683 2242 218 30 photographiques
926 2250 46 22 que
993 2250 62 15 nous

579 2279 73 16 avons
664 2273 92 29 publiés
765 2276 23 19 et
793 2276 109 26 acceptez
909 2274 72 22 d’être
986 2277 68 19 notre

579 2304 73 22 invité
669 2306 14 20 à
696 2304 23 22 la
731 2304 97 22 sixième
841 2304 160 22 Merendella
1013 2305 41 22 des

579 2336 81 27 poètes
672 2334 141 28 dialectaux,
826 2335 60 22 celle
898 2335 29 22 de
940 2334 62 24 1929.

606 2364 107 23 Veuillez
725 2368 91 26 agréer,
829 2366 122 22 Monsieur
964 2367 24 21 le
1010 2366 42 22 Di-

579 2398 100 24 recteur,
697 2396 151 29 l’expression
863 2397 29 21 de
914 2404 49 15 mes
983 2398 70 22 senti-

581 2429 75 20 ments
665 2427 35 22 les
711 2427 54 28 plus
777 2427 139 29 distingués.

841 2465 80 22 Petru
931 2465 93 23 Rocca.

612 2585 45 37 Un
682 2585 160 47 Expédient
858 2587 36 37 de
912 2588 110 37 Gnsrre

714 2653 38 25 en
768 2643 36 36 de
821 2643 98 37 Police

600 2723 54 19 Soltu
662 2729 12 13 a
681 2725 31 17 slu
725 2724 63 23 lilulu,
797 2725 87 23 lighiemu
892 2731 14 13 u
917 2728 84 21 seguenle
1008 2727 46 18 arli-

578 2749 43 18 culu
627 2751 58 16 nanlu
689 2754 25 13 ai
716 2749 64 19 L’Ami
785 2750 25 18 du
815 2750 69 24 Peuple
888 2751 51 18 y>diu
948 2752 25 18 Ì0
978 2753 74 19 ollobre.

601 2773 34 19 Chi
642 2779 12 13 a
663 2779 19 13 so
690 2774 67 18 letlura
764 2775 49 18 servi
820 2780 12 13 a
841 2775 128 24 l’edificazione
977 2777 21 18 di
1011 2777 43 24 ogni

577 2799 79 19 cursista
669 2799 31 18 chi
707 2798 131 24 cumprenderà
853 2805 10 14 e
875 2801 119 20 bucalondule
1007 2802 22 18 di
1040 2808 13 13 a

576 2824 74 23 pulizza
665 2829 52 14 versu
730 2825 32 18 noi
774 2825 52 23 altri,
840 2827 48 17 sotlu
902 2827 52 18 l’alla
965 2827 58 24 guida
1031 2828 22 18 di

578 2849 78 19 Marlier
662 2856 7 11 :

600 2888 64 19 Parmi
680 2890 42 17 tant
738 2890 24 17 de
778 2894 121 14 manoeuvres
920 2892 130 19 malhonnêtes

577 2914 108 18 combinées
692 2915 66 17 contre
765 2914 64 18 L’Ami
836 2915 26 18 du
875 2915 75 24 Peuple,
964 2922 50 14 nous
1028 2918 26 18 si-

578 2939 78 23 gnalons
664 2940 11 17 à
683 2943 35 14 nos
725 2939 83 19 lecteurs
816 2944 39 14 une
863 2940 34 18 des
905 2942 44 21 plus
961 2942 91 22 perfides.

599 2964 41 18 Elle
648 2964 83 18 consiste
740 2969 11 13 a
759 2968 91 19 supposer
857 2970 39 13 une
910 2967 144 22 responsabilité

578 2990 23 17 de
609 2993 22 14 ce
638 2989 75 23 journal
722 2994 26 13 ou
755 2990 24 18 de
787 2994 35 14 son
829 2990 101 19 fondateur
938 2993 48 17 dans
993 2993 20 17 la
1020 2997 33 18 pu-

577 3014 91 18 blication
675 3015 24 17 de
713 3013 86 20 Gazettes
812 3016 20 17 et
845 3015 81 19 Libelles
941 3017 64 18 divers
1020 3018 34 22 qui

578 3039 95 19 semblent
680 3039 49 18 faire
737 3039 46 18 écho
791 3041 11 17 à
809 3044 36 14 nos
853 3044 112 19 campagnes
973 3051 23 4 —
1003 3043 50 18 mais

577 3065 33 21 qui
617 3065 20 17 le
645 3064 42 18 font
694 3064 25 18 de
726 3064 84 18 manière
818 3065 12 17 à
844 3065 104 23 défigurer,
956 3067 12 17 à
976 3067 78 18 dénatu-

577 3094 32 13 rer
617 3089 144 22 complètement
769 3091 55 17 notre
832 3090 76 22 pensée.

599 3114 51 18 Mous
659 3119 59 13 avons
725 3115 64 18 toutes
797 3115 75 18 raisons
880 3116 24 18 de
912 3116 61 19 croire
981 3122 44 17 que,
1034 3118 20 18 la

577 3139 76 23 plupart
660 3140 26 17 du
701 3141 67 21 temps,
778 3144 31 14 ces
822 3140 76 18 feuilles
912 3143 43 17 sont
966 3142 87 23 inspirées

578 3168 17 14 et
603 3164 94 24 défrayées
702 3169 38 18 par
748 3164 25 18 les
780 3169 43 19 gens
832 3166 64 18 mêmes
904 3171 34 17 que
945 3172 45 13 nous
1004 3172 49 13 com-

578 3189 76 18 battons.

600 3214 51 18 C’est
658 3219 27 13 un
692 3214 49 18 vieil
747 3215 107 22 expédient,
864 3220 26 13 un
899 3216 99 22 expédient
1006 3217 48 18 clas-

577 3239 55 22 sique
640 3240 24 17 de
672 3243 69 19 guerre
749 3241 19 16 et
776 3240 23 18 de
806 3240 68 22 police.
882 3240 17 18 Il
905 3245 11 13 a
930 3241 29 19 été
967 3242 86 22 employé

578 3265 23 17 de
615 3265 43 17 tout
666 3266 67 20 temps,
749 3264 46 18 dans
802 3265 30 18 les
845 3266 97 18 occasions
955 3266 97 23 critiques,

578 3293 48 18 pour
630 3289 97 22 fabriquer
735 3289 105 23 l’embryon
845 3290 45 17 d’un
895 3290 73 18 dossier
975 3292 24 17 de
1003 3295 51 14 com-

577 3314 47 22 plot,
633 3319 26 13 ou
667 3314 120 21 simplement
793 3319 49 18 pour
855 3314 113 20 discréditer
975 3316 28 18 les
1017 3316 37 18 ini-

578 3339 78 18 tiatives
664 3340 28 17 les
701 3339 44 22 plus
755 3339 107 19 salutaires.

599 3364 38 18 Mos
650 3365 83 17 lecteurs
748 3364 18 18 le
779 3366 67 17 savent
852 3370 6 12 :
867 3366 44 18 tout
923 3370 22 14 ce
953 3371 37 17 que
1002 3371 51 14 nous

578 3388 95 23 écrivons,
686 3394 49 13 nous
752 3390 72 18 l’avons
840 3390 59 22 pensé
914 3391 137 22 nous-mêmes,

578 3418 49 13 nous
634 3414 19 18 le
660 3414 90 22 publions
755 3418 44 14 sous
806 3415 20 17 la
830 3416 146 21 responsabilité
980 3416 74 18 entière

579 3439 20 17 et
605 3443 46 13 sous
659 3439 19 17 la
689 3439 146 22 responsabilité
843 3440 54 18 seule
910 3441 24 17 de
943 3447 10 9 <*
957 3440 65 18 L’Ami
1028 3441 26 17 du

578 3463 70 23 Peuple
654 3470 17 11 ».

600 3488 52 18 Mous
660 3489 81 17 n’avons
748 3489 67 18 besoin
823 3490 24 17 de
854 3494 95 17 personne
961 3494 50 19 pour
1024 3495 30 13 ac-

578 3514 79 18 centuer
670 3518 39 14 une
716 3514 64 18 action
788 3514 34 23 qui
834 3515 83 22 prendra
929 3516 125 18 d’elle-mcme

579 3543 34 13 son
622 3539 156 22 développement
784 3540 83 22 logique,
875 3540 122 18 irrésistible.

601 3564 51 18 Mons
669 3564 105 23 prévenons
788 3565 157 19 charitablement
956 3566 30 17 les
998 3566 56 17 rodo-

578 3590 63 17 monts
649 3590 34 21 qui
691 3589 113 22 prétendent
811 3594 22 14 se
840 3591 71 17 mettre
918 3595 25 13 en
950 3591 76 17 travers
1033 3592 21 16 et

578 3618 49 13 nous
635 3615 67 17 barrer
709 3614 29 18 les
745 3614 60 22 voies,
814 3619 46 14 sous
873 3615 85 22 prétexte
966 3616 24 16 de
1003 3620 51 13 cam-

578 3643 70 17 pagnes
657 3639 110 21 auxquelles
781 3644 49 14 nous
844 3644 81 14 sommes
941 3640 112 19 totalement

579 3664 104 22 étrangers,
692 3668 37 17 que
737 3668 48 14 nous
793 3669 60 14 avons
862 3664 64 18 décidé
933 3665 25 17 de
964 3665 30 17 les
1005 3666 48 17 trai-

578 3687 31 19 ter
614 3689 12 17 à
631 3689 19 18 la
654 3689 95 22 première
754 3690 87 18 occasion
847 3690 54 18 selon
905 3690 52 18 leurs
965 3690 86 19 mérites.

1077 171 171 45 Lamentu
1280 170 37 45 di
1342 165 210 48 Curskheîla

1193 277 34 20 Eu
1240 277 35 26 sò,
1289 283 15 16 o
1317 275 81 25 Corsi,

1107 311 32 20 La
1149 311 86 20 vostra
1243 315 54 16 cara
1305 313 105 18 mamma
1418 314 5 18 ;

1193 341 33 21 Di
1237 341 97 22 libertai

1105 374 107 27 N’aghiu
1223 375 107 20 tamanta
1339 373 82 21 brama
1431 372 7 20 !

1106 407 24 21 O
1143 406 83 25 Corsi,
1238 407 19 20 li
1269 406 46 22 me’
1327 405 97 27 figlioli,

1106 440 130 20 Ascultate
1244 439 22 21 la
1278 438 48 23 me’
1340 438 102 21 chiama.

1192 499 39 21 Da
1243 499 18 21 li
1271 498 98 23 frusteri

1165 531 34 22 Eu
1210 531 29 21 sò
1251 532 138 28 calpestata,

1193 564 19 22 E
1223 564 30 21 da
1263 565 44 21 voi
1318 563 57 21 tutti

1107 597 100 23 Eccumi
1216 597 175 21 abbandunata.

1106 631 130 27 Malgradu
1247 631 22 20 le
1280 629 46 22 me’
1341 630 111 25 bellezze,

1106 665 24 20 A
1142 669 71 17 more
1224 662 28 22 sò
1267 662 150 22 cundannata
1427 662 6 20 !

1192 727 12 23 I
1217 727 76 23 nostri
1302 726 100 26 antichi,
1426 740 6 8 t

1108 762 79 22 Ch’un
1199 760 139 22 trimedenu
1348 760 58 25 mai,

1192 794 101 29 Sempre
1302 796 98 20 luttonu

1108 830 34 22 Pè
1152 830 24 21 la
1186 828 48 23 me’
1242 828 106 25 libertai,

1108 863 18 22 E
1137 864 44 21 voi
1189 863 57 21 altri
1260 863 34 21 mi
1305 862 101 21 lasciate

1107 896 71 24 More
1193 897 27 21 in
1231 895 70 23 mezz’
1314 896 40 21 ali
1367 894 123 28 me’guai.

1192 961 98 29 Figlioli
1302 961 58 26 cari,

1106 996 94 23 Perché
1212 995 203 23 nFabbandunate
1421 994 14 21 ?

1192 1029 49 23 Per
1252 1031 63 20 terre
1327 1032 106 21 stranee,

1106 1065 25 21 A
1142 1064 57 22 stoli
1211 1064 27 21 vi
1250 1062 113 23 n’andate
1375 1068 6 20 ;

1106 1098 59 27 Qui,
1178 1097 98 29 pendici
1289 1102 29 16 eu
1331 1096 100 28 pianure

1106 1132 47 22 Più
1164 1137 52 16 nun
1227 1136 62 17 somi
1299 1130 125 22 cultivate.

1193 1196 11 22 I
1214 1202 40 16 me
1262 1195 66 29 paesi

1149 1230 33 23 SÒ
1193 1230 59 22 tutti
1261 1229 110 22 disertati
1381 1235 5 20 ;

1192 1264 11 22 I
1218 1263 135 29 giuvanetti

1105 1297 38 23 Ne
1155 1297 28 22 sô
1193 1297 58 22 tutti
1270 1296 108 28 scappati
1386 1302 6 20 ;

1107 1331 46 23 Più
1167 1331 31 21 né
1211 1331 62 21 forni
1288 1330 31 21 né
1327 1330 86 22 mulini

1107 1364 47 22 Chi
1166 1365 21 21 si
1200 1370 33 16 ne
1246 1364 27 22 sò
1284 1363 112 23 trafnlati.

1191 1426 129 22 Tant’anni
1332 1426 32 26 fà,

1107 1459 10 22 I
1131 1460 79 21 vostri
1222 1460 153 22 arcibabboni

1192 1493 35 22 Pè
1238 1494 18 21 li
1267 1493 46 23 me’
1322 1493 79 22 monti

1107 1526 112 22 Punianu
1230 1527 103 28 pulloni,

1108 1560 17 21 E
1136 1560 44 22 voi
1192 1561 57 21 altri
1260 1567 31 15 ne
1305 1561 91 27 partite

1106 1594 168 22 Lasciendune
1285 1594 9 22 i
1305 1594 142 22 muzziconi.

1192 1655 51 23 Voi
1252 1656 124 28 preferite,

1107 1688 90 23 Povari
1210 1690 147 28 disgraziati,

1192 1723 73 22 Andà
1275 1725 102 21 luntanu

1107 1757 25 21 A
1142 1756 25 22 fà
1177 1756 146 29 l’impiegati
1336 1763 6 20 ;

1107 1790 51 22 Ben
1170 1792 113 26 suvente,
1296 1796 73 16 serve
1380 1789 72 23 l’altri

1107 1823 47 23 Per
1165 1824 106 22 bucconi
1281 1824 114 22 straziati.

1193 1886 52 22 Voi
1253 1886 94 28 partite,

1109 1920 33 21 Eu
1154 1920 35 22 mi
1196 1920 79 22 fermu
1284 1921 53 21 sola
1346 1925 6 16 :

1192 1953 97 24 Povera
1299 1953 104 22 vecchia

1108 1986 48 23 Chi
1167 1987 105 22 nissunu
1280 1988 101 21 cunsola
1389 1988 6 20 !

1108 2019 127 23 Ohimella
1241 2020 10 22 '!
1265 2020 34 22 Lù
1307 2021 86 21 dulore

1108 2054 37 22 Mi
1155 2054 121 28 stringhie
1286 2056 69 20 tantu
1367 2055 22 20 la
1405 2054 63 28 gola.

1192 2115 47 22 Fra
1248 2116 70 27 pochi
1329 2115 76 28 tempi

1107 2149 70 22 L’ora
1189 2149 65 22 deve
1263 2149 60 22 sunà

1193 2182 74 23 Ch’in
1275 2184 23 21 le
1310 2182 48 23 me’
1369 2185 64 20 terre

1107 2216 47 23 Più
1165 2217 86 22 niente
1259 2217 22 21 ci
1292 2217 62 25 sarà,

1107 2250 19 22 E
1137 2256 88 16 mancu
1236 2251 26 21 lu
1271 2251 141 28 russignolu

1107 2283 31 23 Ci
1150 2284 102 22 truvarà
1262 2284 29 22 da
1301 2284 97 28 magnà.

1192 2345 97 29 Figlioli
1297 2347 59 25 mei,

1107 2381 24 21 A
1142 2386 40 16 me
1194 2380 36 22 mi
1242 2386 84 16 manca
1340 2382 67 20 tuttu
1417 2387 6 19 ;

1191 2413 43 23 Sta
1245 2413 45 23 me’
1302 2414 90 22 ruvina

1106 2447 51 22 Diu
1169 2447 211 23 nunnTtavulsutu
1388 2454 6 20 ;

1105 2480 69 23 Certi
1186 2482 35 21 mi
1233 2480 112 23 fermonu
1357 2482 50 22 cari

1105 2514 192 29 Purghiendumi
1308 2516 27 21 lu
1346 2515 35 23 so’
1390 2516 75 28 ajutu.

1191 2576 97 23 Dicenu
1298 2584 14 15 a
1324 2578 56 22 tutti
1388 2584 6 16 :

1105 2611 131 21 «:Turnate
1247 2612 39 21 ali
1297 2612 126 28 rughioni,

1191 2644 89 23 Punite
1290 2646 79 28 pomi,

1106 2677 92 23 Curate
1209 2679 19 21 li
1240 2680 103 26 pulloni,

1105 2712 112 22 Averete
1229 2712 43 28 più
1279 2712 79 23 fiertai

1106 2744 36 24 Ca
1155 2746 122 27 purtendu
1288 2746 19 22 li
1319 2747 101 27 galloni.

1191 2807 122 23 Partendu
1323 2810 58 21 tutti

1106 2841 48 21 Per
1165 2846 56 17 esse
1228 2842 146 28 ingallunati

1190 2875 25 21 A
1224 2881 14 15 e
1247 2876 105 26 culunie,

1105 2908 39 22 Da
1156 2914 15 15 e
1181 2908 86 22 frebbe
1279 2908 167 28 dissucchiati,

1106 2940 157 24 Rientrendu
1274 2948 14 16 a
1299 2943 8 21 i
1320 2944 50 21 cari
1379 2944 53 21 nidi

1105 2974 10 22 I
1126 2976 128 22 truverete
1265 2977 111 26 sterpati.

1190 3036 20 22 E
1223 3038 149 27 ripartendu,

1106 3068 24 23 O
1141 3070 74 22 tristu
1225 3071 94 27 jubileu
1328 3072 6 20 !

1191 3103 171 29 Signuzzerete
1372 3112 6 15 :

1104 3142 14 15 «
1126 3135 83 23 Unn’è
1220 3138 44 26 più
1271 3138 57 21 locu
1338 3145 55 15 meu

1106 3168 47 22 Chi
1166 3170 21 21 si
1199 3176 32 16 ne
1241 3171 25 27 jè
1277 3171 162 28 împusessatu

1105 3201 121 23 L’uncinu
1238 3204 25 22 di
1273 3205 26 20 lu
1307 3205 78 27 judeu
1394 3206 7 20 !
1411 3211 14 16 »

1189 3262 73 22 Altru
1274 3264 120 27 cunsigliu
1403 3271 7 15 :

1105 3293 26 22 Si
1140 3294 31 21 da
1182 3300 63 16 veru
1257 3295 119 29 m’amate,

1192 3327 39 23 Cu
1242 3330 18 20 li
1272 3330 99 22 cursisti

1105 3361 34 21 Di
1150 3366 63 22 gran
1225 3367 57 19 epre
1288 3363 93 27 luttate,
1417 3383 3 3 .

1106 3394 19 21 E
1135 3395 24 20 la
1173 3394 48 22 me’
1236 3397 143 22 autonomia

1106 3426 34 22 Di
1152 3432 63 23 gran
1225 3433 57 17 core
1288 3430 133 22 riclamate.

1191 3483 211 30 L’indipendenza.

1106 3517 25 21 A
1139 3522 49 20 me,
1202 3522 55 18 cara
1267 3519 65 22 saria
1341 3526 7 19 ;

1191 3550 37 21 Ed
1235 3552 47 21 ella
1292 3554 54 20 sola

1105 3583 135 22 Ricchezza
1250 3586 34 21 mi
1293 3586 76 22 daria.

1106 3616 116 27 Dunque,
1235 3618 64 22 tutt’i
1306 3619 49 22 me’
1364 3619 88 28 figlioli
1459 3627 6 15 :

1105 3649 65 22 Ritti
1183 3655 47 21 per
1236 3651 158 24 l’autonomia
1405 3653 6 21 !

1076 3685 125 22 Marcellu
1207 3686 181 25 Alessandridi
1392 3690 132 23 Chidazzu.

1650 161 93 47 Film
1762 162 51 46 du
1837 161 150 58 Maquis

1608 263 121 21 Certains
1750 264 29 21 de
1797 270 47 15 nos
1860 264 187 27 compatriotes,

1577 295 155 27 pleinement
1740 298 90 26 acquis
1838 296 15 21 à
1862 296 27 21 la
1896 302 75 15 cause
1983 295 65 21 anti-

1577 334 47 15 cor
1622 334 36 19 se,
1679 329 102 21 tendent
1799 329 15 21 à
1834 328 140 28 implanter
1992 327 58 28 che%

1578 366 71 20 nous,
1663 360 36 21 les
1710 361 129 22 méthodes
1852 367 33 15 en
1894 362 110 27 vigueur
2014 366 34 16 au

1574 395 65 26 pays
1653 394 43 21 des
1707 394 82 22 boites
1803 395 30 20 de
1845 395 59 21 nuit
1918 396 24 20 et
1954 394 43 21 des
2007 395 42 25 pe-

1577 428 61 20 tites
1643 427 110 27 femmes
1765 433 62 15 sans
1838 427 111 27 enfants.

1608 459 68 21 C'est
1687 460 70 21 ainsi
1768 459 80 28 qu'un
1860 460 91 22 comité
1962 460 86 27 dispa-

1577 492 186 27 rate,composé
1775 493 30 20 de
1814 492 157 28 politicards
1983 494 24 19 et
2018 492 30 21 de

1578 525 94 22 bardes
1690 525 167 26 marseillais,
1878 526 145 28 organisait
2033 524 15 22 à

1578 558 95 28 Zon^a,
1685 558 196 28 parallèlement
1892 559 15 21 à
1915 564 48 16 nos
1972 557 76 22 belles

1572 591 69 28 fêtes
1658 598 84 15 corses
1761 592 36 22 du
1808 591 86 27 Niolo,
1917 597 50 16 une
1983 591 65 21 série

1578 626 30 21 de
1620 626 191 26 réjouissances
1832 626 29 20 de
1871 624 53 28 fête
1943 625 106 25 foraine

1578 659 63 21 dont
1658 658 24 21 le
1693 658 59 21 clou
1764 658 71 25 était,
1854 658 58 21 bien
1929 658 117 24 entendu,

1578 691 127 21 l'élection
1717 690 75 22 d'une
1803 698 13 13 «
1823 690 79 22 Reine
1914 691 34 21 du
1963 690 86 22 Sarte-

1577 725 59 21 nais
1645 731 22 15 ».
1679 724 74 22 Dans
1764 730 37 16 un
1812 725 67 21 trait
1890 725 30 20 de
1931 723 116 27 lumière,

1578 757 36 22 les
1625 757 124 22 membres
1762 758 29 21 de
1803 763 26 15 ce
1848 756 93 23 comité
1951 757 98 22 hétéro-

1578 792 61 22 clite
1659 792 122 25 dotaient,
1802 797 26 15 ce
1840 791 108 26 faisant,
1967 790 27 22 la
2010 790 39 22 ré-

1574 826 65 28 gion
1651 826 31 21 de
1691 824 108 23 Sart'ene
1810 824 75 22 d'une
1894 825 30 21 de
1933 830 40 16 ces
1981 824 67 22 exhi-

1578 859 98 22 bitions
1699 859 134 21 douteuses
1857 864 47 22 que
1928 859 61 20 sont
2013 857 36 22 les

1577 892 123 22 élections
1713 892 74 22 d'une
1795 898 15 16 e.
1816 891 78 22 Reine
1903 892 29 21 de
1941 891 89 22 beauté
2035 897 14 15 »

1576 928 26 20 si
1626 932 31 16 en
1682 926 117 22 honneur
1825 931 49 16 sur
1901 931 26 15 ce
1954 925 96 28 pourri

1578 960 30 22 de
1625 960 134 22 continent
1776 960 25 21 et
1818 959 64 22 dont
1897 964 47 16 nos
1955 964 94 22 jeunes

1576 994 68 28 filles
1660 994 103 22 avaient
1778 993 38 22 été
1833 992 145 29 préservées
1992 993 58 27 jus-

1578 1028 59 29 qu’à
1648 1028 169 25 maintenant,
1833 1029 72 26 pour
1918 1026 56 22 leur
1987 1025 62 29 plus

1573 1062 88 29 grand
1674 1061 65 23 bien.

1603 1096 108 22 Durant
1721 1095 65 21 donc
1795 1100 47 22 que
1849 1100 28 16 se
1886 1093 164 23 déroulaient

1576 1132 75 20 notre
1663 1128 141 22 Mirindella
1816 1128 42 22 des
1868 1127 95 29 poètes,
1976 1129 74 20 notre

1577 1163 127 23 Concours
1716 1161 223 28 d’improvisation,
1953 1167 49 16 nos
2012 1167 38 16 re-

1573 1196 195 30 présentations
1781 1196 35 21 du
1824 1194 105 23 Théâtre
1941 1200 69 17 corse
2020 1195 30 21 de

1577 1232 23 21 A
1612 1231 88 22 Muvra
1709 1236 6 19 ;
1738 1230 99 21 durant
1857 1235 48 22 que
1916 1235 26 15 se
1961 1228 89 22 dérou-

1576 1265 49 22 lant
1636 1270 50 16 une
1696 1262 64 24 belle
1778 1262 199 29 manifestation
1994 1268 56 16 con-

1574 1300 71 25 siste,
1657 1300 74 26 apres
1743 1299 58 20 tant
1812 1296 120 27 d'autres,
1944 1296 23 22 le
1976 1303 14 14 «
2000 1296 47 22 Co-

1575 1333 62 22 mité
1649 1333 43 21 des
1697 1331 71 30 fêtes
1780 1331 30 22 cle
1822 1330 88 30 Zon%a
1918 1337 14 15 »
1943 1331 107 21 réussis-

1575 1367 53 21 sait
1640 1366 15 20 à
1667 1367 92 19 mettre
1769 1370 49 16 sur
1826 1365 65 27 pied
1899 1370 51 15 une
1960 1370 90 15 course

1576 1405 30 16 en
1627 1404 52 21 sac,
1698 1404 50 16 une
1768 1403 91 16 course
1878 1403 51 15 aux
1947 1396 63 23 ânes
2026 1398 25 21 et

1576 1434 63 20 cette
1657 1430 154 24 lamentable
1828 1430 74 22 chose
1920 1432 47 27 qui
1984 1430 66 29 s'ap-

1574 1466 68 29 pelle
1661 1472 35 16 un
1707 1472 14 14 «
1732 1465 136 22 Concours
1881 1465 29 21 de
1928 1464 90 23 beauté
2026 1471 22 15 ».

1603 1500 40 22 En
1651 1500 57 28 fait
1724 1500 64 21 donc
1799 1500 30 21 de
1844 1498 65 24 fêtes
1922 1504 86 17 corses
2026 1500 24 20 et

1577 1535 30 21 de
1626 1533 197 29 manifestation
1847 1532 140 30 originale,
2010 1538 39 16 ces

1578 1568 196 28 organisateurs
1786 1566 16 22 à
1819 1566 27 22 la,
1864 1567 64 21 noix
1939 1566 30 22 de
1989 1572 59 16 coco

1576 1602 140 22 invitaient
1724 1600 36 23 les
1768 1600 142 23 insulaires
1919 1607 15 15 a
1941 1606 27 16 se
1974 1600 76 28 four-

1577 1641 44 16 rer
1641 1635 66 22 dans
1726 1641 38 15 un
1779 1640 52 20 sac,
1844 1634 16 22 à
1877 1635 120 28 grimper
2015 1640 33 16 au

1577 1668 54 22 mât
1642 1669 31 21 de
1684 1674 110 22 cocagne
1806 1670 25 20 et
1842 1668 15 21 à
1865 1668 71 27 faire
1946 1674 35 16 un
1995 1674 54 16 car-

1578 1705 53 20 ton.
1644 1703 68 21 Avec
1725 1702 27 22 la
1757 1701 97 29 femme
1867 1701 15 22 à
1897 1701 78 23 barbe
1991 1703 23 21 et
2026 1701 22 22 le

1576 1736 104 29 manège
1692 1736 30 22 de
1733 1736 110 22 cochons
1854 1734 66 24 c'eût
1930 1735 38 22 été
1979 1741 68 16 com-

1575 1770 65 28 plet.

1604 1804 26 21 Il
1635 1803 65 29 faut
1712 1803 120 23 observer
1848 1809 48 23 que
1908 1802 23 23 le
1946 1803 46 22 but
2009 1810 38 15 re-

1577 1837 106 23 cherché
1691 1839 53 26 par
1752 1843 27 15 ce
1787 1837 93 22 comité
1889 1836 15 22 à
1914 1836 27 22 la
1949 1837 99 22 mords-

1576 1870 180 30 moi-le-doigt,
1776 1870 65 22 était
1861 1871 30 21 de
1911 1872 72 20 créer
1999 1877 49 15 une

1578 1905 131 22 diversion
1722 1906 24 20 et
1758 1904 29 22 de
1799 1904 139 22 détourner
1949 1904 99 22 l'atten-

1577 1940 55 21 tion
1644 1938 30 22 de
1685 1944 48 16 nos
1743 1938 178 28 populations,
1934 1940 61 27 trop
2005 1944 43 16 en-

1578 1972 80 22 clines
1672 1972 15 22 à
1699 1978 65 16 nous
1775 1973 96 25 suivre,
1885 1972 15 22 à
1913 1972 57 22 leur
1987 1972 45 29 gré
2038 1979 10 21 ;

1578 2012 34 16 on
1631 2007 97 21 saisira
1745 2006 112 22 aussitôt
1870 2012 47 22 que
1937 2006 59 22 leur
2007 2007 42 21 ob-

1578 2039 79 29 jectif
1663 2039 44 22 n'a
1722 2042 48 25 pas
1781 2039 37 22 été
1830 2040 100 26 atteint,
1950 2039 56 23 loin
2017 2041 31 21 de

1577 2073 34 23 là.
1633 2073 54 23 Nos
1707 2075 183 27 compatriotes
1909 2074 58 22 n'en
1989 2077 59 21 sont

1577 2109 55 21 fout
1644 2108 30 21 de
1684 2107 78 22 même
1771 2110 49 26 pas
1832 2114 90 16 encore
1938 2108 107 27 réduits,

1577 2148 97 16 comme
1691 2141 35 23 les
1743 2142 116 28 stupides
1876 2142 86 29 foules
1973 2144 76 28 pari-

1576 2176 109 25 siennes,
1704 2175 16 22 à
1737 2176 135 22 s’extasier
1888 2177 93 23 devant
2000 2184 48 16 une

1576 2210 72 21 reine
1660 2210 31 21 de
1702 2209 89 23 beauté
1808 2211 123 21 encadrée
1942 2213 53 27 par
2012 2211 35 23 les

1576 2243 125 23 membres
1713 2244 34 22 du
1755 2245 73 27 jury,
1843 2244 79 28 fut-il
1932 2245 70 23 celui
2018 2247 30 21 de

1578 2276 96 30 Zonfa.

1605 2310 51 23 Nos
1668 2310 70 30 fêtes
1758 2312 34 22 du
1805 2312 80 23 Niolo
1905 2315 45 21 ont
1961 2320 32 16 eu
2012 2321 34 16 un

1575 2351 64 21 gros
1648 2345 86 22 succès
1745 2347 99 26 mérité,
1857 2353 47 22 que
1916 2347 37 23 les
1966 2349 82 22 diver-

1577 2380 144 22 tissements
1732 2380 31 21 de
1781 2380 90 30 champ
1885 2382 30 22 de
1926 2382 74 28 foire
2013 2383 35 23 du

1577 2412 117 24 «Comité
1703 2414 42 21 des
1750 2413 69 29 fêtes
1829 2415 29 22 de
1867 2415 84 30 Zon^a
1955 2424 13 14 »
1978 2417 71 23 n'ont

1574 2449 38 26 pu
1624 2448 119 22 atténuer
1754 2455 32 16 en
1797 2456 98 16 aucune
1907 2451 86 29 façon.

1863 2491 156 23 Romanetti.

1743 2585 136 21 Minichèllu

1592 3212 38 14 Fofco
1636 3212 64 16 Tomasi.

1721 3233 75 20 Terzu
1812 3236 90 20 Premiu

1672 3260 23 19 di
1705 3266 17 13 u
1732 3261 117 21 Cuncorsu
1860 3265 24 18 di
1893 3265 70 20 Niolu

1605 3347 99 23 Avemu
1715 3351 113 27 sappiutu
1840 3359 47 16 cun
1905 3360 60 23 gran
1985 3364 61 21 pena

1576 3386 15 15 a
1601 3381 71 22 trista
1684 3384 91 22 nutizia
1786 3385 25 22 di
1822 3392 14 16 a
1847 3390 87 25 morte,
1948 3390 24 21 in
1985 3390 61 25 Indo

1578 3412 72 28 Cina,
1663 3415 26 21 di

1696 3455 118 24 Madama
1825 3459 104 27 Borgna

1603 3492 92 28 Moglia
1713 3494 24 22 di
1750 3502 15 14 u
1777 3499 88 21 nostru
1884 3501 78 23 amicu
1973 3509 16 16 e
2005 3505 41 22 ab-

1577 3525 94 22 bunatu
1686 3528 25 21 di
1722 3534 14 16 a
1753 3530 124 29 prim’ora,
1890 3532 58 31 Sgiò
1961 3536 85 25 Marcu

1578 3558 106 29 Borgna,
1696 3561 40 22 chi
1748 3562 76 23 ferma
1836 3571 29 16 cu
1873 3568 37 21 tre
1926 3569 119 29 figliulelli

1577 3591 101 24 inbassa
1688 3595 82 27 età,ea
1780 3603 17 15 u
1808 3600 72 25 quale
1890 3601 156 27 indirizzemu

1578 3630 14 16 e
1599 3628 85 21 nostre
1690 3629 44 26 più
1742 3631 143 24 addulurate
1891 3638 154 27 cunduglian-

1576 3664 35 16 ze.
1970 3656 14 10 0

2146 152 125 36 Baccalâ
2288 162 53 34 per
2358 151 118 41 Gorsica

2101 237 93 21 Videmu
2217 245 13 13 e
2241 237 121 21 tucchemu
2392 237 66 26 dapoi
2473 242 69 29 longu

2076 270 74 20 tempu
2159 265 36 20 chi
2205 272 13 13 e
2232 266 86 20 misure
2329 264 95 25 pigliate
2440 267 27 21 da
2484 271 59 24 [’aiîl_

2076 292 165 21 ministrazioni
2248 294 28 23 pè
2284 300 13 13 a
2307 292 95 20 Corsica
2411 294 26 19 sò
2448 295 51 23 d’un
2507 307 28 18 ge

2076 327 53 14 nere
2137 323 60 17 tuttu
2206 321 101 24 spéciale
2316 327 6 17 ;
2330 326 44 13 una
2381 326 93 17 recente
2487 327 57 23 deci-

2075 349 65 20 sione
2148 349 12 19 è
2168 349 56 24 pcrò
2237 351 83 22 troppu
2338 349 114 23 stupenda
2461 358 40 18 per
2513 356 21 21 la

2075 376 76 20 scialla
2158 382 68 19 passa
2235 379 63 17 sottu
2307 375 96 21 silenziu
2412 383 6 12 :

2101 403 124 21 L’esamine
2233 404 80 20 scrittu
2320 410 40 18 per
2369 410 14 13 u
2394 408 11 11 «
2413 404 131 29 Bauccalau-

2075 435 62 16 reatu
2144 431 133 20 »Ietteres’è
2286 431 122 24 passatuin
2417 432 72 23 Bastia
2498 444 37 21 117

2075 459 25 20 18
2108 465 13 14 e
2127 463 22 20 19
2157 459 99 20 ottobre.
2267 459 126 20 L’esamine
2407 461 63 20 orale
2486 464 55 24 deve

2075 486 96 25 passassi
2181 493 15 12 u
2202 486 58 25 jovi,
2269 487 26 20 25
2304 487 96 22 ottobre,
2406 493 14 13 a
2428 487 48 26 Aix,
2484 491 58 27 dopu

2075 514 125 21 cunusciuti
2208 514 7 19 i
2231 515 102 20 resultati
2342 515 21 20 di
2379 521 14 13 u
2409 516 88 25 scrittu,
2511 528 32 15 ré-

2075 542 76 21 sultat!
2157 542 36 20 chi
2203 548 33 14 un
2244 548 84 14 seranu
2338 543 46 20 dati
2395 543 77 24 quallà
2480 547 41 21 che
2530 558 13 13 u

2075 570 95 20 marcuri
2179 575 33 19 24,
2222 576 13 13 a
2243 576 61 14 sera.

2100 598 9 20 I
2118 598 71 20 nostri
2198 597 80 25 poveri
2284 598 117 20 candidati
2412 605 29 13 ne
2449 600 24 20 sô
2488 602 55 23 dun-

2075 633 43 17 que
2126 626 77 20 ridotti
2217 632 13 13 a
2247 625 135 20 imbarcassi
2399 632 42 18 per
2456 630 58 21 andà
2531 641 11 13 a

2076 654 56 19 bede
2139 654 57 19 s’elli
2205 654 90 19 devenu
2305 659 67 19 passa
2381 660 14 13 o
2414 661 30 13 no
2460 655 76 26 l’orale

2075 684 65 21 postu
2149 681 35 19 chi
2193 681 29 19 da
2231 681 129 20 Fannunciu
2378 681 23 20 di
2419 682 8 20 i
2444 686 99 23 résultat!

2075 708 97 20 scrittuz.
2180 708 122 25 Fapertura
2312 709 22 19 di
2348 709 120 22 Fesamine
2483 717 61 20 orale

2076 743 31 13 un
2116 736 77 20 c’èche
2201 743 46 13 una
2257 740 88 17 nuttata
2353 743 12 13 a
2376 743 88 16 mezzu.

2100 765 160 20 Ammettendu
2286 764 36 20 chi
2348 765 55 24 ogni
2426 767 118 26 candidatu

2076 792 68 20 avissi
2152 799 13 12 a
2169 793 43 19 Aix
2222 800 29 13 un
2261 792 124 21 incaricatu
2394 793 151 26 d’annuncial-

2075 820 17 20 li
2101 827 14 13 u
2123 821 155 24 resultatuper
2283 827 31 13 un
2322 820 94 21 fassiun
2425 822 88 26 viaghiu
2521 828 21 20 in

2076 854 103 18 vanu,un
2192 848 91 21 videmu
2293 855 41 18 per
2348 849 46 19 ellu
2411 849 56 21 altra
2483 854 61 21 solu-

2075 876 72 24 zione,
2153 877 18 19 si
2179 876 133 20 Fannunciu
2321 876 28 20 l’è
2356 876 143 27 favurevule,
2506 882 38 23 che

2076 904 23 20 di
2116 904 85 20 metteli
2216 904 78 21 subitu
2309 910 31 14 un
2354 906 125 25 aeroplanu
2488 908 56 23 a’so’

2076 933 153 24 dispusizione
2245 939 41 19 per
2300 933 80 20 ch’ellu
2395 940 68 18 possa
2476 935 68 27 jugne

2075 964 99 22 attempu
2183 966 13 14 a
2204 960 121 25 Fapertura
2335 961 22 20 di
2366 961 120 22 Fesamine
2499 971 45 16 ora-

2076 989 29 20 le.

2102 1017 40 21 Più
2151 1023 144 19 camperemu
2304 1017 77 25 piùne
2389 1017 125 28 videremu,
2521 1022 22 21 in

2077 1045 74 21 l’Isula
2159 1045 23 20 di
2192 1045 59 20 tutt’i
2258 1045 53 25 guai
2317 1045 7 19 !

2101 1106 63 20 Annu
2174 1108 100 22 passatu,
2282 1112 15 13 a
2309 1105 84 21 Finiziu
2409 1106 23 19 di
2446 1113 15 13 u
2477 1110 68 21 servi-

2076 1134 37 20 ziu
2121 1134 124 20 marittimu
2255 1140 42 19 per
2304 1134 125 23 l’invernu,
2438 1140 13 14 a
2460 1141 86 21 cumpa-

2076 1162 52 26 gnia
2135 1162 148 24 Fraissinet,o
2291 1162 33 20 sia
2332 1169 14 13 u
2355 1166 63 16 sottu
2424 1167 120 20 secretariu

2076 1191 23 20 di
2109 1194 58 17 statu
2175 1190 115 20 a’marina
2300 1191 143 22 mercantile,
2458 1198 40 18 per
2513 1200 34 15 so-

2076 1218 90 21 luziunà
2175 1224 31 14 un
2216 1218 103 20 cunflittu
2330 1225 26 13 cu
2365 1225 16 14 u
2395 1220 83 20 maître
2485 1221 60 22 d’hô-

2076 1247 34 20 tel
2116 1247 21 19 di
2146 1253 13 13 u
2168 1246 74 20 bordu
2257 1252 13 14 e
2286 1247 132 25 permetteli
2435 1247 23 21 di
2474 1254 70 22 serve,

2076 1276 29 25 pè
2113 1281 13 14 a
2137 1276 125 19 fraversata
2271 1274 171 26 Nizza-Ajacciu
2454 1282 30 14 un
2499 1284 46 18 pas-

2076 1308 26 16 tu
2116 1309 89 19 sempre
2215 1307 84 21 pagatu
2314 1309 12 14 e
2343 1303 45 21 mai
2405 1303 139 28 ingbiuttitu,

2076 1332 93 24 dunque
2177 1334 63 17 tuttu
2247 1330 122 25 benefiziu,
2378 1332 71 25 pigliô
2462 1338 12 14 a
2490 1333 54 24 decj-

2076 1360 64 20 sione
2148 1359 21 19 di
2177 1358 56 21 fxssà
2241 1365 13 13 a
2263 1363 107 21 partanza
2383 1360 30 19 da
2425 1359 67 21 Nizza
2504 1368 12 13 a
2532 1370 11 14 e

2076 1386 112 26 cinquedi
2198 1392 51 14 sera
2254 1392 14 13 e
2275 1387 25 19 di
2308 1386 82 25 lampà,
2401 1388 58 24 cusi,
2476 1394 67 17 nantu

2076 1422 13 13 a
2098 1415 70 20 calata
2176 1414 92 20 deserta
2276 1414 114 25 d’Ajacciu
2404 1415 8 20 i
2421 1418 123 25 passaggie-

2076 1444 19 20 ri
2104 1450 13 14 a
2125 1445 12 18 é
2146 1447 33 16 tre
2188 1443 23 20 di
2220 1442 87 21 matina
2313 1442 7 20 !

2102 1471 25 21 Ci
2135 1471 24 21 fù
2167 1477 32 14 un
2215 1471 61 20 bellu
2290 1470 109 22 rimusciu
2410 1478 7 18 ;
2425 1478 13 14 a
2454 1475 88 24 pupula-

2075 1501 65 20 zione
2148 1499 127 25 s'indegnô,
2288 1505 13 14 a
2309 1503 88 22 stampa
2409 1500 113 27 impennô,
2529 1511 12 14 a

2076 1534 86 15 caméra
2171 1528 169 20 dicummerciu
2348 1528 57 20 vutô
2415 1535 31 14 un
2465 1532 76 21 ordine

2075 1557 24 20 di
2108 1564 14 13 u
2128 1556 69 25 jornu
2207 1562 13 14 e
2228 1562 13 14 a
2249 1556 159 25 municipalita
2417 1557 69 26 pigliô
2499 1566 40 15 una

2076 1585 166 21 deliberazione
2249 1584 106 21 sticchita
2370 1591 66 15 cume
2449 1593 30 13 un
2493 1595 46 18 pru-

2075 1620 32 14 nu
2119 1613 22 20 di
2157 1612 46 26 figu
2221 1613 103 23 indianu,
2342 1619 13 14 a
2372 1613 33 20 tal
2423 1618 70 21 puntu
2504 1617 32 21 chi

2076 1642 120 20 Fraissinet
2204 1641 107 21 mudifìcò
2319 1639 96 23 Forariu
2430 1642 23 20 in
2467 1649 69 16 cunse-

2075 1676 94 19 quenza.

2100 1698 35 20 Ma
2143 1698 130 26 quist’annu
2283 1697 50 21 cifù
2342 1698 153 22 un’insülente
2506 1708 30 14 ré-

2075 1727 72 20 cidiva
2157 1734 6 16 ;
2173 1732 67 15 tcccu
2250 1734 14 13 u
2275 1726 72 26 primu
2362 1727 98 24 ottobre,
2474 1735 13 14 u
2504 1736 34 14 va-

2075 1762 53 17 pore
2136 1755 22 19 di
2166 1761 13 14 a
2187 1755 105 21 sfacciata
2302 1756 135 24 cumpagnia
2446 1758 62 20 turnô
2524 1765 11 13 a

2075 1782 75 21 fischià
2160 1783 22 20 in
2193 1788 66 20 portu
2274 1790 12 13 a
2302 1789 12 14 e
2329 1788 34 15 tre
2381 1784 61 25 dopu
2458 1791 79 15 mezza-

2075 1816 69 16 notte.

2100 1838 39 22 Chi
2150 1845 28 15 ne
2188 1846 102 18 penssnu
2303 1840 5 19 i
2320 1840 139 24 cunfratelli,
2468 1848 12 14 u
2497 1843 43 21 sin-

2074 1869 56 19 dacu
2139 1874 12 14 e
2159 1868 6 19 i
2175 1868 133 25 cunsiglieri
2316 1870 140 20 cummunali
2464 1869 11 21 ?

2099 1896 41 20 Chi
2150 1902 27 14 ne
2188 1902 71 19 pensa
2268 1903 12 13 a
2290 1897 153 25 pupulazione
2452 1897 11 21 ?

2101 1924 17 20 U
2127 1924 150 20 nosti’avvisu
2287 1926 13 19 è
2309 1925 35 20 chi
2361 1926 33 20 c’è
2412 1926 90 25 ghiente
2518 1927 21 20 in

2075 1952 73 26 Parigi
2157 1953 35 20 chi
2203 1959 70 19 pensa
2282 1953 36 21 chi
2329 1954 102 21 no’semu
2439 1955 49 20 solu
2506 1956 35 20 de-

2074 1981 38 25 gni
2121 1982 27 19 da
2156 1981 55 21 calci
2222 1988 12 14 a
2244 1982 78 25 quellu
2333 1983 58 19 locu.

2104 2081 78 24 Quelli
2194 2081 42 23 chi
2251 2082 118 22 ricevenu
2383 2082 24 22 A
2426 2083 114 22 MUVRA

2074 2124 14 16 e
2107 2118 71 22 ch’im
2197 2118 24 22 si
2231 2119 99 25 .volenu
2341 2119 82 22 micca
2438 2119 100 23 abbunà

2074 2155 126 23 unn’hanu
2208 2162 30 16 ca
2245 2162 17 16 a
2268 2156 118 22 ricusaila
2393 2162 16 16 a
2416 2163 15 16 u
2438 2157 102 25 pedone.

2112 2257 156 48 Ânîologia
2294 2259 29 37 di
2341 2261 10 34 i
2369 2259 133 37 Serîtîori

2268 2310 82 37 €crsi

2097 2381 79 18 L’aulore
2193 2381 21 19 di
2226 2382 187 24 si’impurlanlissimu
2429 2382 67 19 lavoru.
2510 2388 29 12 an-

2074 2406 65 18 nuncia
2148 2406 17 18 in
2179 2407 25 18 sli
2219 2409 26 17 ter
2246 2408 47 18 mini
2300 2414 11 12 a
2317 2408 90 24 prossima
2420 2408 118 24 publicazione

2074 2432 21 18 di
2103 2437 12 13 u
2119 2432 59 23 prima
2188 2433 69 18 volume
2263 2440 7 11 :

2181 2464 95 19 Monsieur
2284 2467 21 17 et
2312 2466 45 18 cher
2364 2465 132 24 Compatriote,

2095 2497 33 19 J’ai
2137 2498 18 18 le
2162 2498 67 22 plaisir
2236 2499 24 17 de
2269 2504 47 14 vous
2324 2504 97 14 annoncer
2428 2500 18 18 la
2461 2499 77 23 publica-

2075 2524 38 17 tion
2120 2523 109 19 imroinenle
2243 2526 24 17 de
2283 2524 197 20 l’ANTHOLOGlE
2488 2523 50 21 DES

2074 2542 153 26 ÉCRIVAINS
2236 2549 114 20 CORSES.
2356 2551 34 19 Cet
2398 2555 88 19 ouvrage,
2501 2549 38 24 pré-

2075 2574 40 18 facé
2122 2579 33 18 par
2162 2574 26 18 Mr
2196 2575 45 18 Paul
2254 2576 93 21 Graziani,
2355 2577 79 19 l’érudit
2441 2576 97 19 archiviste

2074 2600 23 18 de
2106 2600 17 18 la
2130 2600 63 21 Corse,
2199 2602 29 17 est
2237 2601 18 18 le
2261 2601 48 18 fruit
2322 2603 24 17 de
2362 2603 96 22 plusieurs
2472 2601 66 19 années

2074 2626 23 18 de
2115 2626 109 18 recherches
2240 2628 20 17 et
2276 2631 92 19 groupera
2385 2626 153 25 impartialement

2074 2652 40 17 tous
2129 2651 25 19 les
2171 2652 95 18 Ecrivains
2282 2652 89 24 d’origine
2386 2653 53 19 Corse
2456 2654 31 21 (da
2502 2650 36 20 XVe

2074 2676 55 19 siècle
2137 2677 10 18 ü
2156 2681 34 14 nos
2198 2677 68 23 jours),
2273 2682 43 14 sans
2322 2679 110 19 distinction
2440 2680 23 17 de
2468 2680 70 21 genres,

2073 2703 57 21 ayant
2134 2702 47 18 écrit
2189 2703 47 18 dans
2244 2704 58 17 toutes
2310 2703 27 19 les
2350 2704 76 24 langues
2441 2703 46 20 ainsi
2503 2706 35 19 que

2073 2726 48 19 dans
2128 2727 27 18 les
2163 2727 85 19 dialectes
2256 2733 63 14 corses.
2327 2729 15 18 11
2356 2730 122 23 comprendra
2491 2729 46 17 deux

2073 2752 86 18 vulurnes
2167 2752 46 21 in-8,
2224 2754 23 17 de
2255 2754 72 18 chacun
2337 2754 33 19 400
2383 2760 56 19 pages
2456 2754 80 20 environ,

2073 2778 45 17 dont
2127 2778 16 18 le
2152 2778 81 22 premier
2242 2779 102 22 (écrivains
2352 2781 26 18 du
2395 2781 40 18 XV'
2442 2786 24 13 au
2478 2778 60 19 XVIIIe

2074 2802 63 23 siècle)
2154 2805 29 17 est
2200 2808 24 14 en
2238 2809 56 14 cours
2311 2806 23 18 de
2350 2807 122 22 composition
2494 2808 45 19 pour

2074 2829 78 21 paraitre
2162 2833 24 14 au
2196 2830 46 18 mois
2248 2831 24 17 de
2281 2831 99 19 décembre
2388 2832 94 23 prochain.

2094 2853 27 19 On
2130 2856 87 17 trouvera
2225 2856 46 18 dans
2279 2858 49 17 cette
2337 2858 108 23 anthologie
2454 2855 84 20 insulaire

2073 2879 34 18 des
2114 2880 85 22 extraits,
2207 2883 82 17 souvent
2295 2882 75 22 inédits,
2380 2883 112 19 d’écrivains
2505 2879 32 19 tels

2073 2908 36 18 que
2115 2910 4 11 :
2126 2905 79 19 Petrus
2212 2905 114 25 Cyrnaeus,
2330 2908 101 18 Jacobus
2437 2904 99 22 Bracelli,
2545 2905 4 6 ‘

2072 2928 29 20 A.
2110 2930 21 18 F.
2137 2929 70 20 Cirni.
2214 2931 97 20 Rinaîdo
2320 2932 79 23 Corso,
2407 2933 25 19 G.
2438 2933 23 18 B.
2466 2932 70 23 Agne-

2073 2955 26 21 sl,
2109 2955 113 20 Pabianus
2228 2956 145 26 Giustiniani,
2378 2959 113 19 Antonius
2498 2955 39 20 Ar-

2073 2980 66 24 righi.
2147 2980 26 20 V.
2180 2981 109 26 Giuhega,
2301 2983 24 19 G.
2335 2984 25 18 V.
2380 2983 117 21 Grimaldi,
2512 2980 24 19 G.

2072 3004 134 25 Multe&o,F.
2213 3006 25 20 O.
2246 3008 107 24 Renucci,
2361 3009 23 20 S.
2392 3010 73 20 Viale,
2471 3008 66 22 Napo-

2072 3029 98 25 léonien,
2180 3032 24 19 F.
2218 3032 83 24 Ortoli,
2310 3035 39 18 Ch.
2357 3035 27 19 T.
2402 3031 131 27 Pasqualini,

2072 3055 25 19 L.
2107 3056 62 23 Vero,
2177 3059 37 17 etc.
2221 3060 43 22 etc.,
2274 3065 44 13 sans
2327 3061 76 19 oublier
2411 3062 28 18 les
2445 3059 90 20 meilleurs

2073 3081 24 19 de
2104 3087 33 13 nos
2145 3082 94 20 écrivains
2246 3087 157 22 contemporains.

2093 3107 35 19 Des
2136 3108 40 18 bois
2184 3109 106 24 originaux,
2299 3112 23 17 de
2329 3113 108 18 nombreux
2453 3109 83 20 fac-sim*-

2072 3132 29 18 lés
2109 3133 23 18 de
2145 3138 92 19 gravures
2253 3137 107 23 anciennes,
2379 3139 24 17 de
2420 3136 84 25 portraits
2518 3132 19 18 et

2073 3157 143 25 d’autographes
2223 3162 141 19 contribueront
2369 3164 12 17 à
2386 3164 74 18 donner
2464 3165 37 15 aux
2505 3156 31 21 800

2073 3187 56 19 pages
2136 3185 79 18 environ
2224 3187 24 17 du
2257 3188 53 18 texte
2316 3193 38 14 une
2367 3189 68 18 valeur
2442 3185 95 25 exception-

2072 3208 53 19 nelle.
2142 3209 85 24 Quoique
2234 3212 147 20 luxueusement
2388 3214 52 19 édité
2448 3217 33 15 sur
2488 3208 48 21 vélin

2073 3233 90 24 bouffant,
2172 3235 99 25 l’ouvrage
2278 3243 43 14 sera
2329 3239 12 18 à
2348 3239 18 18 la
2374 3240 65 22 portée
2447 3239 23 18 de
2476 3235 60 20 toutes

2073 3259 28 17 les
2109 3260 84 19 bourses.
2207 3262 24 18 Et
2238 3264 40 18 cela
2285 3264 71 23 aidera,
2371 3265 19 23 je
2398 3265 84 22 l’espère,
2499 3261 11 17 à
2517 3262 19 15 sa

2074 3284 96 23 diffusion,
2179 3291 46 14 mon
2233 3288 36 19 but
2275 3290 54 18 étant
2336 3291 23 17 de
2366 3290 52 23 faire
2425 3288 88 20 connaître
2520 3283 17 18 et

2073 3308 57 20 aimer
2134 3312 49 18 notre
2189 3312 27 18 Ile
2221 3313 46 19 dans
2272 3316 57 17 toutes
2336 3315 24 19 les
2363 3315 72 24 parties
2441 3315 25 18 du
2469 3309 67 22 monde.

2094 3335 48 19 Tous
2149 3337 28 18 les
2192 3338 48 19 bons
2257 3339 67 20 Corses
2338 3345 23 14 ne
2376 3340 108 19 doivent-ils
2503 3339 22 20 Pa
2525 3339 9 12 3

2072 3359 41 19 être
2119 3362 28 18 les
2151 3364 92 21 premiers
2249 3366 149 23 propagandistes
2405 3367 24 17 de
2437 3366 30 18 cet
2473 3365 64 17 ouvra-

2072 3390 25 18 ge
2104 3387 44 18 dont
2155 3388 135 23 l’opportunité
2299 3396 23 13 ne
2330 3393 47 21 peut
2382 3392 45 18 leur
2434 3391 87 21 échapper
2527 3383 9 18 ?

2093 3411 80 23 J’espère
2182 3418 38 18 que
2228 3420 48 14 vous
2281 3417 83 18 voudrez
2372 3417 47 18 bien
2434 3413 101 21 m’honorer

2073 3437 23 17 de
2099 3438 52 18 votre
2158 3440 128 23 souscription
2292 3443 20 17 et
2318 3442 80 19 m’aider
2406 3443 23 17 de
2436 3441 53 19 votre
2496 3441 40 14 con-

2072 3465 54 16 cours
2145 3468 23 14 en
2185 3468 153 18 recommandant
2361 3469 71 17 autour
2454 3467 22 17 de
2491 3463 45 18 vous

2072 3487 13 17 F
2086 3486 185 24 ANTHOLOGIE
2302 3492 53 20 DES
2385 3484 148 28 ÉCRIVAINS

2073 3511 111 22 CORSES.

2093 3538 28 18 En
2127 3544 47 14 vous
2182 3543 114 19 remerciant
2303 3544 113 18 infiniment
2425 3544 11 17 à
2451 3540 84 21 l’avance,

2071 3562 20 23 je
2095 3568 47 15 vous
2149 3566 41 22 prie
2197 3567 91 23 d’agréer,
2298 3569 96 19 Monsieur
2402 3570 21 17 et
2430 3568 47 19 Cher
2485 3564 51 18 Com-

2071 3589 85 23 patriote,
2164 3592 123 23 l’expressiou
2297 3595 23 18 de
2327 3598 40 15 mes
2383 3591 111 21 sentiments
2508 3588 27 17 les

2072 3614 44 21 plus
2123 3615 112 24 distingués.

2343 3642 26 19 H.
2379 3639 135 22 Yvia-Croce

2093 3668 14 17 2
2112 3669 66 19 volumi
2181 3671 22 18 di
2208 3672 48 19 circa
2263 3669 219 28 400p.ognunu.in-S.20
2486 3667 42 24 fian

2071 3692 31 19 chi
2108 3699 13 13 u
2128 3696 74 19 volume.
2215 3696 24 19 Si
2242 3698 86 23 piglianu
2337 3705 9 12 e
2354 3699 89 19 curnande
2450 3696 16 18 a’
2475 3691 54 21 Libre

2070 3718 30 18 ria
2108 3719 20 19 di
2133 3720 21 19 A
2159 3720 89 25 Muvra,
2255 3723 26 19 38
2288 3724 55 18 Corsu
2351 3723 97 22 Grandvat,
2455 3719 72 24 Ajacciu,
