2688 3948
77 482 264 25 Tramuntana...

125 520 114 23 fresca
250 523 19 16 e
284 518 83 20 sana
375 509 5 24 !

96 573 57 23 Dapoi
161 571 98 19 st’ultimu
266 565 84 21 lunariu,

96 599 17 18 A
121 589 261 31 spunzinapoghia.poghia...

98 622 41 18 For’
148 621 20 18 di
176 624 44 14 casa
227 618 11 18 è
246 622 26 13 un
280 614 91 20 calvariu,

75 648 42 21 Chi,
126 645 86 20 orecchie
221 648 10 14 e
240 646 47 15 nasu
296 638 86 23 scoghia,

97 674 17 17 A
121 670 122 23 l’impannatu
249 677 8 4 -
262 664 95 21 mischinu

97 694 186 24 Truvelleghiaancu
290 691 22 17 lu
320 688 62 22 spinu.

97 736 55 19 L’alli
159 734 68 19 zimbri
234 737 11 13 e
252 732 19 18 le
278 726 104 22 bassele(l)

99 762 27 17 Cu
133 762 19 17 la
159 760 56 18 veste
221 753 121 23 immaculata

98 787 35 18 Chi
141 782 114 23 nivella’gni
263 779 70 19 vallala

97 809 144 21 Alisceud’ancu
248 810 11 14 e
267 803 72 24 pinete,

101 836 28 19 Cu
135 837 22 16 lu
165 832 90 20 matinale
263 828 96 24 spriccmu

75 856 201 27 Abhagliacheghiauu
283 851 87 20 l’occhiu.

100 899 48 23 Ogni
155 898 52 19 vicu,
217 894 45 23 ogni
269 891 83 20 lussettu

99 924 29 18 S’è
136 922 80 18 bestutu
223 925 12 13 a
242 915 138 24 chiappellette;

98 949 15 17 E
122 946 106 22 rundagbie
236 944 19 18 di
263 944 21 17 lu
292 941 50 18 lettu

98 974 55 17 Hanu
161 970 62 19 cironi
231 974 10 13 e
247 966 88 25 punletlc
342 970 5 16 ;

98 999 9 17 I
115 996 90 23 sciappali
212 1000 24 13 cu
243 999 11 13 e
262 990 86 24 surgenti

99 1023 25 18 Sò
132 1020 81 20 cristalli
221 1015 137 27 splendurenti.

98 1061 116 20 L’arbazzola
221 1055 120 26 ingrinzipita

100 1088 21 18 Si
128 1084 108 21 trasucchia
244 1088 11 13 e
263 1082 17 18 si
289 1085 25 14 ne
321 1083 59 17 more,

98 1113 15 18 E
121 1118 10 13 a
137 1115 71 19 pecura
213 1106 124 22 sbambanita,

75 1139 56 17 Musu
140 1138 21 16 in
167 1137 66 21 pianu,
238 1136 60 16 corre,
305 1134 76 14 corre...

99 1162 62 18 Ch’un
169 1161 25 22 pò
202 1158 81 19 addentà
290 1157 22 17 lu
320 1155 39 17 sale

98 1185 172 20 Ch’ha'mbiancatu
276 1183 21 16 lu
302 1179 78 24 pratale.

99 1226 35 18 Chi
142 1221 153 24 umalinagbiolu
304 1217 78 24 approdi

77 1251 71 19 Occhiu
157 1254 10 14 e
173 1241 208 30 gamba,cughiudiziu!

76 1275 96 19 S’ell’unn’
176 1274 26 17 ha
209 1273 15 17 li
229 1270 61 22 scarpi
295 1274 12 13 a
312 1267 68 21 chiodi,

76 1300 48 24 Ogni
131 1298 74 24 passuè
213 1302 11 13 a
232 1301 26 13 un
269 1292 112 25 precipiziu.

77 1326 59 18 Ch’un
140 1317 241 29 s’apponta,inl’ombrioni,

100 1351 44 17 Fala
152 1344 150 27 capitumbuloni
309 1343 5 18 !

99 1390 55 17 Biatu
162 1387 45 24 quel
215 1386 31 18 chi
253 1385 31 22 pô,
292 1384 20 17 la
319 1386 61 17 mane',

100 1414 97 22 Annigatu
205 1412 44 17 ’ndu
254 1411 19 16 le
280 1408 72 23 piume,

99 1439 75 22 Aspittà
182 1437 33 19 chi
222 1436 28 23 pe’
259 1440 10 13 e
277 1433 87 23 persiane

100 1464 54 19 Enlri
160 1464 21 17 lu
190 1462 83 18 maestru
280 1459 53 18 lume

99 1490 27 18 Da
133 1488 104 19 schiarisce
244 1485 23 18 bè
274 1485 20 17 la
302 1484 64 17 stanza

99 1514 54 23 Digià
161 1513 63 22 tepida
231 1510 111 19 abbastanza
349 1507 4 18 !

101 1554 56 17 Biatu
163 1553 45 22 quel
216 1549 94 20 ch’avanti
318 1547 56 19 l’abla

100 1579 47 17 Alza
154 1579 19 17 le
181 1578 28 18 so’
215 1580 42 14 osse
264 1573 85 21 tronche,

100 1604 99 18 Chiamatu
208 1602 23 17 da
239 1600 38 18 beli
283 1604 11 13 e
299 1598 71 18 ronche

99 1629 22 18 Di
129 1633 12 13 a
148 1628 59 18 robba
214 1626 45 18 viva
266 1624 33 19 chi
306 1629 14 12 u
328 1623 53 18 salba

99 1654 29 18 D’i
136 1652 77 23 bisogni
220 1652 20 17 di
247 1652 31 17 sta
282 1649 48 21 vita,

99 1679 35 18 Per
140 1679 39 18 ellu
186 1681 48 19 pocu
241 1675 68 19 fiurita
315 1674 5 17 !

99 1719 14 17 E
120 1718 45 22 perô
171 1717 29 18 !...
207 1715 140 20 l’affurtunatu,

99 1743 35 18 Chi
141 1742 85 18 l’annoiu
231 1741 41 18 solu
280 1740 72 20 stanca,

98 1768 21 18 Si
125 1768 83 20 vultula,
218 1765 110 19 scunsulatu

76 1794 26 17 Da
110 1798 27 13 un
144 1793 89 22 qualcosa
240 1790 33 19 chi
279 1791 15 17 li
303 1793 65 14 manca
374 1787 6 18 !

98 1818 21 18 Si
126 1822 73 18 scopre,
208 1817 37 22 poi,
254 1816 19 18 si
279 1814 97 21 rinciuîfa,

98 1842 133 19 Tirazzendusi
237 1842 20 17 la
264 1840 67 19 ciuffa.

98 1882 77 19 Perô!...
184 1886 24 14 cu
216 1887 12 12 a
238 1882 26 17 so’
271 1880 85 21 tribulia,

99 1908 17 18 U
123 1908 77 18 valente
211 1905 123 23 campagnolu

99 1933 64 21 Lenta,
177 1937 25 13 cu
214 1931 124 20 l’ave-maria,

98 1958 30 17 Un
135 1958 59 17 cantu
204 1955 144 23 matinaghiolu.

98 1983 27 18 Da
133 1983 31 18 chi
172 1983 49 17 hene
228 1983 32 17 stu
268 1981 99 18 cuntrastu
371 1978 11 18 ?

76 2007 57 19 Chili
140 2012 67 13 manca
212 2012 11 13 a
230 2007 58 17 l’omu
293 2006 21 18 in
320 2003 61 20 fastu?

99 2048 22 18 Li
128 2052 66 14 manca
201 2047 55 18 Paria
263 2046 21 17 di
289 2045 59 18 Cirnu

99 2073 42 21 Chi,
150 2070 231 25 porgula,spurguleghia.

99 2098 83 17 D’estate
190 2101 55 14 cume
252 2096 113 20 d’imbernu,

98 2122 17 18 U
122 2122 85 18 cerbellu
213 2126 39 13 nun
258 2120 102 22 s’integhia

76 2148 18 18 A
101 2148 64 21 quellu
173 2147 58 18 ch’un
237 2148 50 16 terne
295 2149 79 18 asprura

99 2172 15 18 E
121 2172 45 18 bive
173 2176 25 14 cu
206 2172 19 17 la
233 2172 75 17 natura.

150 2199 20 19 U
179 2198 180 23 Sampetracciu.

93 2243 21 17 (1)
122 2242 47 18 Loghï
176 2242 18 14 di
201 2241 83 17 mnntagna
291 2239 75 18 ricuparti
373 2242 10 11 a

76 2262 46 14 bassi.

443 470 93 25 Canti
546 470 135 24 d’Ssiîiu

521 522 30 14 Voi
558 523 31 13 scie
597 520 33 15 cusï
637 521 39 14 bclla
680 521 18 14 !..

431 550 35 17 Voi
475 551 42 17 sete
526 550 41 18 cusi
579 549 56 21 bella,

431 574 14 18 O
451 574 68 18 divina
527 575 52 21 perla
587 574 39 18 mia
632 573 4 18 !

432 599 41 21 Chi,
483 603 35 18 par
526 599 39 21 voi,
575 599 18 17 la
601 599 33 22 più
642 599 71 22 grande

427 623 80 18 Scimità
515 624 33 18 eiu
558 624 55 17 faria.

430 648 35 18 Voi
473 649 42 17 sete
523 648 42 18 cusi
572 649 56 20 bella,

430 673 14 17 O
453 673 39 18 mia
500 678 44 13 cara
552 672 116 19 brunarella!

430 717 35 18 Voi
472 719 42 16 sete
518 718 42 18 cusi
567 718 57 21 bella,

430 741 14 18 O
453 742 38 17 mia
500 743 56 17 Stella
564 742 101 18 matutlina
671 741 5 17 !

430 766 34 17 Chi
472 771 35 17 par
515 767 32 17 voi
555 771 24 13 ne
586 767 52 17 daria

429 791 26 18 La
463 795 31 14 me
501 791 42 18 vita
551 792 23 17 ’si
584 791 100 18 mischina.

429 816 35 17 Voi
470 817 43 17 sete
521 817 43 17 cusi
572 816 57 21 bella,

430 840 14 18 O
454 841 39 17 mia
501 845 45 13 cara
554 841 94 22 reginella
654 840 5 18 !

429 880 35 18 Voi
472 881 43 17 sete
523 880 42 18 cusi
573 880 55 20 bella,

429 905 15 18 U
452 906 36 17 me’
494 909 93 18 pumposu
596 909 60 18 paone
662 904 4 18 !

407 930 34 18 Chi
450 931 28 21 pe’
485 935 27 13 un
521 930 44 18 solu
570 930 66 17 vostru
644 929 68 22 basgin

428 955 26 17 Mi
461 955 54 18 daria
522 955 52 17 anc’a
581 954 87 18 Plutone.

428 980 36 17 Voi
471 981 43 17 sete
522 980 42 17 cusi
572 979 56 21 bella,

429 1004 13 18 0
452 1004 38 18 mia
498 1005 40 17 fida
546 1004 106 18 rundinella
658 1003 4 17 !

428 1050 35 18 Voi
470 1050 42 18 sete
520 1049 41 18 cusi
567 1048 55 21 bella,

428 1075 62 18 Unicu
498 1075 62 17 tisoru
566 1073 39 18 miu
614 1072 5 18 !

406 1100 66 18 V’amu
477 1099 85 23 âppar’di
567 1099 19 17 la
591 1098 121 18 me’mamma

429 1126 66 17 V’amu
501 1125 64 22 appar’
571 1125 19 16 di
598 1124 21 17 lu
627 1123 36 17 me’
668 1123 43 17 Diu.

428 1150 36 17 Voi
471 1150 44 17 sete
523 1149 41 18 cusi
573 1149 50 17 bella

429 1175 14 17 O
452 1174 81 18 candida
540 1173 104 18 lurturella
651 1172 5 18 !

428 1220 35 17 Voi
472 1220 42 17 sete
522 1219 42 18 cusi
572 1219 56 21 bella,

429 1245 14 18 0
452 1245 38 18 Dea
496 1245 20 17 di
524 1245 19 17 le
550 1244 93 18 Madonne
650 1243 5 18 !

429 1270 36 18 Chi
472 1275 35 17 per
515 1270 35 18 voi
560 1269 119 22 suppurlarla

428 1295 16 18 U
453 1295 97 22 suppliziu
558 1295 20 17 di
586 1299 11 13 a
607 1293 94 23 prigione.

428 1320 37 18 Voi
472 1321 42 17 sete
521 1320 43 17 cusi
572 1319 55 20 bella,

428 1346 27 18 La
461 1346 35 17 me’
505 1345 93 18 rilucente
605 1343 62 19 Stella!

430 1390 34 19 Voi
473 1391 42 18 sete
524 1390 41 18 cusi
576 1390 56 20 bella,

428 1416 30 17 Ma
471 1416 77 22 quandu
557 1415 27 17 mi
591 1414 120 21 riscunlrate,

427 1441 18 17 A
453 1445 37 16 me,
500 1445 73 18 poveru
581 1444 96 16 amurosu,

428 1466 68 17 Mancu
504 1465 106 19 altenzione
618 1465 17 17 ci
643 1464 46 18 fate.

429 1490 44 19 Sete
480 1491 53 18 bella
541 1491 69 22 quante
617 1495 14 12 u
639 1490 40 17 cele

428 1516 31 17 Ma
466 1520 35 18 per
509 1520 32 14 me
549 1516 40 17 sete
597 1515 78 18 crudele
681 1513 5 18 !

423 1548 25 16 31.
454 1549 110 14 AElessandri
571 1549 18 14 di
595 1548 98 15 Chidazzu.

406 1635 137 30 Dlalogu
549 1635 51 24 fra
607 1635 105 24 bestie

427 1692 25 17 A'
458 1691 104 18 funtanadi
569 1690 83 21 Castalli,
658 1695 13 12 u
677 1690 37 18 ric-

405 1717 32 18 ciu
445 1717 116 19 Balduvinu,
570 1716 88 18 cuvendu
664 1716 49 17 d’oe-

406 1742 30 22 chj
445 1747 12 13 a
464 1742 73 18 bellula
545 1740 142 24 Muccigbiluta,
697 1740 16 18 li

405 1767 50 18 facia
462 1768 31 17 sla
498 1766 136 23 prupusizioni:

428 1802 22 4 —
459 1792 14 18 O
482 1792 32 22 Bé,
523 1792 19 18 ci
550 1792 99 17 maritemu
659 1791 54 18 inse-

406 1817 44 19 me?

428 1853 23 4 —
456 1843 28 18 No
491 1843 6 18 !
506 1842 32 18 Se’
546 1847 55 13 carcu
610 1842 19 17 di
638 1841 75 22 spinzo-

407 1868 61 22 ni,hai
475 1869 23 17 lu
505 1872 58 14 musu
569 1867 78 23 pinzulu
653 1871 10 13 e
669 1867 44 17 l’oc-

406 1894 30 22 chj
445 1893 78 21 minuli,
532 1891 86 24 rispundi
626 1892 67 22 quilla.

428 1928 24 4 —
464 1918 120 18 Maritemuci
591 1917 6 17 !
614 1917 34 21 Tu,
670 1916 41 18 cusi

406 1945 51 17 bella
465 1949 10 13 e
481 1943 87 23 grazioza
573 1948 5 16 ;
585 1944 28 18 tu,
621 1942 41 18 cusi
670 1946 42 13 mu-

407 1969 114 21 si-dilicata;
537 1969 28 20 tu,
574 1968 41 18 cusi
623 1967 55 18 liscia
692 1967 19 17 di

406 1995 67 22 pelu...

429 2029 23 4 —
461 2019 58 18 Puzzi
528 2019 67 21 troppu
601 2017 5 18 !
622 2018 33 17 Bai
662 2022 12 13 e
685 2017 27 18 la-

406 2045 41 18 vati
455 2049 11 13 a
473 2045 21 17 la
501 2044 87 18 fuutana.

428 2079 24 4 —
460 2070 30 18 Ma
498 2069 27 18 ml
532 2069 29 17 !...
570 2068 35 18 Hai
613 2068 47 18 certi
669 2067 44 23 pedi

407 2096 42 17 cusi
463 2094 79 21 mïnuti,
551 2094 46 17 certi
602 2093 59 22 jarobi
672 2093 41 17 cusi

406 2120 37 17 fini
449 2125 6 16 ;
464 2119 62 22 eppoi,
535 2119 8 17 i
551 2119 25 16 to’
582 2118 52 21 oecbj
643 2118 26 17 mi
683 2117 29 17 fa-

407 2144 45 18 cinu
460 2148 82 18 paura...

429 2178 24 4 —
458 2169 29 18 Oh
494 2168 5 17 !
507 2169 23 17 lu
538 2168 60 18 ricciu
605 2166 108 19 Balduvinu

407 2193 148 18 innamuratudi
563 2197 29 13 me
598 2192 29 18 !...
634 2192 30 17 Ma
672 2192 42 17 s’el-

408 2220 20 16 la
434 2218 28 18 s’è
469 2218 39 18 mai
515 2218 52 18 vista
573 2217 5 18 !
586 2218 24 17 Ni
618 2222 21 13 so
653 2216 61 18 brutti

408 2244 17 18 li
431 2244 26 18 to’
462 2243 51 23 pedi,
520 2242 84 23 sgarbati
608 2242 16 18 li
632 2242 25 17 to’
663 2242 52 21 spin-

408 2269 43 18 zoni
456 2274 6 16 ;
470 2269 57 17 uimu
535 2268 24 18 da
565 2269 20 16 te
592 2266 123 22 s’awicina,e

409 2294 31 18 chi
448 2294 17 18 ti
474 2295 54 17 tocca
536 2293 17 18 si
561 2292 91 23 punghie.
660 2291 30 19 Se’
695 2292 19 17 la

409 2319 61 18 bestia
474 2318 35 23 più
515 2318 52 23 goîfa
575 2318 19 17 di
599 2318 57 17 tutt’a
663 2321 53 14 crea-

409 2344 57 21 zioni,
474 2348 15 13 u
497 2344 93 22 spaventu
597 2342 28 18 d’i
632 2342 66 18 belluli
704 2346 11 13 e

408 2368 118 18 unimicudi
534 2368 68 21 l’omu;
612 2367 103 22 sterpitut-

409 2394 16 18 ti
431 2394 53 18 l’orti
493 2398 11 13 e
512 2393 46 18 tutti
567 2393 15 17 li
589 2392 54 23 vigni
652 2396 10 14 e
675 2392 40 17 nis-

409 2424 51 13 sunu
468 2419 15 17 li
492 2419 25 21 pò
525 2419 45 21 pâte
575 2417 5 18 !

431 2453 23 4 —
463 2443 29 19 Oh
500 2443 5 18 !
520 2444 20 17 la
553 2443 72 17 bellula
636 2443 78 22 leggera

409 2470 31 17 chi
454 2469 37 18 faci
506 2468 85 18 filosofia
598 2467 28 18 !...
639 2467 30 18 Ma
686 2467 28 18 sei

409 2495 69 22 troppu
496 2493 74 23 gatliva
576 2493 5 17 !
597 2492 35 18 Hai
648 2492 66 18 tombu

408 2520 33 22 più
449 2519 68 23 gallini
532 2520 21 16 tu
561 2518 35 18 ehe
609 2517 105 22 unn’aghiu

409 2544 31 19 eiu
448 2544 115 21 sfragiccatu
568 2542 58 23 caspi!
634 2542 25 18 Se
667 2546 46 19 sogu

408 2575 15 12 u
435 2569 79 18 numicu
526 2569 20 17 di
559 2569 64 20 l’omu,
631 2569 23 16 lu
667 2568 27 17 se’
702 2571 12 13 a

408 2594 76 18 numica
492 2594 20 17 di
520 2593 93 18 l’animali
618 2592 5 18 !

430 2618 132 23 Quantujente
567 2618 26 18 c’è
598 2618 38 20 chi,
642 2617 72 23 perfat-

408 2644 17 18 ti
431 2649 11 13 e
450 2649 35 18 per
493 2644 55 21 detti,
554 2648 22 13 so
584 2642 59 19 simili
651 2647 11 12 a
670 2642 43 18 st’a-

408 2669 67 18 nimali
481 2668 6 18 !

524 2690 29 19 A.
562 2690 28 18 de
596 2689 94 19 Peretti.

764 471 31 20 •A.
799 476 63 16 una
867 473 141 22 Giovana

824 499 31 20 di
863 501 98 20 Pratu.

761 552 117 24 Ramentale,
890 560 11 12 o
912 555 111 23 giuvinella,

761 577 22 18 Di
787 579 63 20 quelle
854 580 62 17 serala
921 580 20 17 in
951 580 71 19 Caccia.

761 601 83 19 Falendu
849 604 18 17 la
872 604 140 19 scurticchiella

761 626 94 20 Itimarcai
861 629 19 17 la
885 630 65 17 vostra
955 630 67 21 faccia,

761 651 52 22 Eppô
822 653 21 17 vi
849 653 54 18 dissu
909 659 5 12 :
919 659 24 13 «o
952 655 31 17 bel
988 655 55 21 fiore,

739 675 98 20 M’allaccu
842 683 11 12 a
858 679 18 17 la
882 680 65 17 vostra
955 680 88 18 traccia.»

761 720 125 24 Davoipensu
891 725 130 21 essescusatu,

761 745 14 17 O
779 745 82 20 bellezza
865 748 8 17 f
874 748 101 22 iurenlina,

761 769 19 18 Si
786 771 57 21 oghie
848 773 25 17 mi
878 773 21 17 sô
904 774 96 22 azardatu,

761 793 14 18 O
781 799 44 14 rosa
835 797 20 17 di
865 797 103 23 Juvellina,

760 819 17 17 A
782 819 53 19 fabbi
841 826 37 14 una
884 823 66 22 puesia

760 843 15 18 E
780 845 52 21 parlé
838 846 19 17 di
865 847 39 21 voi,
915 848 72 22 regina.

760 889 23 17 Di
787 890 20 17 le
812 890 80 22 giovane
897 893 20 17 di
922 893 64 21 Pratu,

760 913 77 23 Eppuru
849 917 100 21 graziosee
960 918 56 22 belle,

760 938 95 20 Risurtïte
859 945 55 14 cume
918 947 26 13 un
951 943 66 22 raggiu

761 963 26 17 Da
793 966 70 17 mezz’a
868 967 51 17 lutte
924 967 19 17 le
948 967 63 21 stelle,

760 987 72 23 Regina
838 990 19 18 di
862 990 21 18 lu
889 991 39 18 miò
933 996 44 14 core
983 992 4 17 !

760 1012 71 23 Regina
842 1015 20 17 di
872 1016 20 17 le
904 1016 72 18 zitelle!

759 1057 22 17 In
785 1057 70 19 l’affar’
859 1059 56 19 d’una
921 1062 97 22 mezz’ora,

759 1081 25 18 La
790 1083 43 17 dieu
838 1088 56 14 senza
900 1090 83 17 russore,

760 1106 14 18 0
779 1108 100 21 splendore
884 1111 93 21 d’aurora,

759 1131 132 23 Pigliat’avete
896 1140 13 13 u
915 1136 38 18 miô
958 1137 52 18 core!

760 1159 14 17 0
780 1160 82 19 bellezza
868 1163 19 16 di
893 1167 11 13 a
907 1164 74 22 natura,

759 1184 54 19 Duve
818 1186 18 17 si
842 1188 89 21 specchia
937 1189 21 17 lu
966 1190 41 18 sole
1013 1189 5 18 !

759 1229 133 23 Pigliat’avete
897 1237 13 13 u
916 1234 39 18 miô
961 1239 50 17 core,

759 1254 60 19 Senza
824 1258 64 17 essevi
892 1260 64 19 parala

759 1280 22 17 Di
786 1282 55 17 veste
847 1282 19 17 di
870 1284 119 20 gran’valore

758 1304 28 18 Ne
791 1305 20 17 di
816 1307 138 24 setaricircala,

759 1330 60 18 Senza
825 1331 82 24 riloggiu
913 1339 12 12 a
932 1340 9 10 «
946 1335 77 23 poignet
1027 1342 16 16 »,

759 1355 27 18 Nè
793 1362 9 10 a
806 1357 85 18 sautoir»
895 1363 26 13 ne
930 1360 113 19 «bracelet».

760 1400 158 23 Semplicemenle
923 1407 77 17 vestuta

760 1426 59 19 Cume
823 1428 24 17 và
857 1429 49 18 tutla
912 1430 87 23 Pratese;

760 1451 85 19 Giovana
849 1454 83 23 valente,
936 1457 70 21 astuta,

759 1476 145 21 Graziosissima
909 1483 97 20 ecurtese,

760 1502 76 23 Bianca,
841 1504 59 18 svelta
908 1510 11 13 e
928 1506 80 19 risoluta

760 1527 27 18 Da
791 1528 74 18 offuscà
869 1530 174 24 pinzuteeinglese.

761 1572 46 18 Solu
812 1573 14 18 li
831 1575 113 23 vostr’occhj
951 1577 61 17 chiari

761 1598 53 18 Duve
818 1599 16 17 si
840 1599 64 23 leghie
909 1605 12 13 a
926 1601 117 22 franchezza,

761 1625 80 18 Lucenti
846 1630 54 13 cume
905 1626 65 22 fanali,

760 1650 93 18 Rilevanu
861 1651 121 23 intelligenza
987 1657 5 17 ;

761 1675 46 19 Solu
812 1676 19 17 le
836 1677 65 17 vostre
907 1681 77 14 ruanere

760 1700 141 24 Superanu’gni
906 1702 104 18 riccbezza.

761 1746 25 17 La
791 1747 65 17 vostra
860 1746 108 18 fisionomia

759 1770 25 18 Sà
789 1771 63 18 ritene
856 1772 119 17 l’attenzione
981 1777 6 16 ;

759 1796 59 18 Tutlu
824 1796 21 18 in
849 1796 33 18 voi
887 1797 11 17 è
903 1796 96 22 simpatia,

759 1820 106 19 Gentilezza
875 1821 127 19 edaffezione.

759 1845 42 18 Site
806 1846 70 18 l’unica
880 1846 20 18 in
905 1851 63 17 paese,

758 1871 148 18 L’unica’ndelu
912 1872 88 18 cantone.

758 1915 67 18 Manda
829 1916 66 22 vogliu
905 1921 38 13 una
953 1916 92 23 pregbera

759 1941 21 17 A’
784 1941 93 17 Madonna
883 1946 10 13 e
898 1941 21 18 lu
925 1941 87 23 Signore,

759 1965 67 18 Ch’elli
835 1966 53 18 flanu
896 1966 21 18 in
925 1970 77 14 manera

758 1991 147 18 D’accurdammi
910 1991 22 18 lu
936 1991 66 18 favore

760 2016 70 21 D’esse,
837 2020 11 14 o
854 2021 43 13 cara
901 2016 105 22 signurina,

759 2040 80 19 L’elettu
846 2041 36 18 diu
885 2042 67 17 vostru
957 2046 54 13 core.

761 2085 20 19 Si
785 2086 22 17 lu
812 2086 114 18 vostr’amor
930 2086 17 18 si
952 2087 70 20 presta,

760 2110 96 18 Sarebbea
861 2110 82 18 miòsola
947 2110 75 20 invilia,

760 2135 113 18 Mandaterai
878 2135 24 22 pè
906 2135 20 17 la
930 2136 54 21 posta

760 2160 41 18 Una
806 2160 67 17 Jettera
877 2160 21 17 in
903 2159 86 21 Castirla,

761 2184 69 18 Subitu
836 2186 57 20 partu
897 2189 35 17 per
936 2184 59 18 Pratu

761 2210 29 17 Ad
795 2209 72 18 offrevi
872 2214 27 12 un
905 2213 43 14 core
953 2210 67 21 gratu.

813 2248 24 18 F.
846 2248 178 18 Franceschetti.

1070 192 104 22 Cullana
1182 192 101 21 Storica
1294 191 28 22 di
1332 190 24 22 A
1365 191 90 22 Muvra

1125 248 24 36 A
1168 249 157 45 Cunquista
1342 248 141 37 Francese

1206 304 31 35 di
1254 316 18 23 a
1291 303 120 36 Corsica

1120 357 47 28 (Da
1176 365 32 14 un
1225 359 158 22 Giurnaledi
1395 358 102 29 l’Epuca)

1098 428 69 22 Nous
1186 435 79 17 avons
1284 436 57 22 reçu
1361 431 22 20 la
1403 432 57 20 liste
1478 430 30 21 de
1518 430 22 21 la

1071 458 163 23 Promontion
1255 461 41 27 qui
1317 467 13 14 a
1350 459 40 22 été
1406 461 57 21 faite
1479 466 63 22 pour

1070 490 70 19 notre
1152 489 100 22 Armée.
1270 491 46 21 Les
1334 490 137 28 Brigadiers
1485 493 58 19 sont

1071 517 34 21 M.
1109 518 191 25 M.d’Arcambal
1307 520 102 23 Colonel
1415 522 127 24 de.Rouer-

1069 553 57 21 gue,
1133 548 30 22 de
1172 549 125 23 Beauvoir
1303 552 172 21 commandant
1481 551 61 22 l’Ar-

1069 578 100 27 tillerie,
1177 580 31 21 de
1214 580 122 22 Lauchère
1343 581 200 24 Aide-Maréchal

1070 607 43 22 des
1125 608 81 29 Logis,
1220 610 103 22 d'Antin
1341 611 203 22 Lieutenant-Co-

1069 638 86 22 lonnel
1166 640 31 21 de
1217 640 133 29 Rouergue
1367 641 24 21 &
1402 641 142 22 Lieutenant

1070 667 30 21 de
1112 668 47 22 Roi
1170 669 14 22 à
1196 671 24 20 la
1232 670 90 27 Bastia,
1333 671 119 28 d’Ampus
1466 672 75 21 Lieut.

1071 697 106 23 Colonel
1199 701 32 20 de
1253 701 148 28 Languedoc
1412 701 23 22 &
1453 702 90 22 d’Alte-

1070 731 64 19 mart
1154 729 263 24 Lieutenant-Colonel
1439 731 104 28 d’Eptin-

1070 763 48 22 gen
1131 758 91 23 Suisse.
1242 761 35 21 M.
1296 761 31 21 de
1346 761 98 22 Sobolle
1466 762 78 27 Major

1070 788 30 21 de
1113 788 132 29 Rouergue
1263 793 38 19 est
1319 791 45 21 fait
1379 791 79 28 Major
1471 792 29 21 de
1519 794 24 20 la

1071 818 103 27 Marine,
1189 820 34 21 M.
1236 820 107 26 Joannés
1356 821 128 28 Capitaine
1500 823 44 21 Ai-

1070 848 125 28 de-Major
1217 850 32 21 de
1273 850 145 29 Languedoc
1440 854 37 19 est
1498 853 45 21 fait

1071 877 80 29 Major
1170 880 31 21 de
1215 880 134 22 Tournesis
1361 881 22 21 &
1392 881 35 22 M.
1440 883 29 20 de
1481 882 62 22 Cha-

1070 908 95 22 brières
1177 909 81 28 Major
1268 911 31 20 de
1311 911 132 22 Tournesis
1451 918 69 21 passe
1528 912 15 22 à

1069 939 24 20 la
1104 938 306 25 Lieutenance-Colonelle
1419 943 30 20 de
1456 948 27 16 ce
1494 942 49 22 Ré-

1070 968 103 27 giment.

1098 998 42 21 On
1155 1005 13 15 a
1181 1000 130 28 beaucoup
1329 1001 49 22 fêté
1396 1001 13 22 à
1423 1003 22 20 la
1461 1003 81 22 Bastia

1070 1028 36 21 les
1118 1029 66 22 deux
1194 1029 75 23 Chefs
1281 1031 44 22 des
1334 1031 92 22 Corses
1435 1031 107 24 Colonna

1070 1058 23 21 &
1103 1058 60 27 Jean
1181 1059 59 23 Cale
1258 1061 52 27 pris
1321 1061 14 22 à
1347 1062 145 28 Barbaggio.
1509 1064 33 21 Le

1071 1088 89 23 Comte
1171 1090 31 21 de
1214 1090 186 23 Marboeufleur
1413 1098 13 15 a
1439 1093 81 21 donné
1528 1093 14 22 à

1070 1125 107 22 manger,
1187 1121 23 20 &
1220 1127 15 15 a
1247 1122 81 21 même
1335 1122 102 28 octroyé
1446 1129 31 15 un
1486 1129 56 16 con-

1069 1149 31 27 gé
1113 1151 30 20 de
1160 1151 105 26 io.jours
1277 1151 13 22 à
1303 1152 112 22 Colonna
1426 1153 22 21 &
1459 1153 13 22 à
1484 1154 59 21 Cer-

1070 1180 76 21 vandi
1167 1180 104 23 Officier
1292 1181 87 27 Corse,
1403 1188 63 21 pour
1484 1185 59 21 aller

1070 1216 94 22 vaquer
1179 1211 14 21 à
1209 1212 68 21 leurs
1296 1212 104 22 affaires.
1421 1213 34 22 M.
1469 1214 73 22 Char-

1070 1241 50 21 don
1137 1241 130 22 Intendant
1285 1242 23 21 &
1318 1243 124 26 plusieurs
1461 1247 82 19 autres

1069 1277 139 21 personnes
1227 1273 55 20 leur
1297 1275 44 19 ont
1353 1274 63 21 aussi
1438 1274 79 22 donné
1527 1274 15 21 à

1070 1307 101 22 manger
1182 1301 23 22 <&
1216 1308 34 15 on
1261 1303 37 21 les
1310 1309 14 15 a
1336 1303 107 23 comblés
1457 1305 29 21 de
1498 1311 45 21 po-

1069 1331 106 22 litesses.
1197 1332 21 22 Il
1238 1335 39 19 est
1288 1334 129 28 dommage
1436 1341 47 21 que
1499 1336 43 21 des

1070 1368 62 21 gens
1143 1363 42 27 qui
1205 1364 142 26 paroissent
1367 1365 52 21 être
1439 1366 31 21 de
1480 1366 63 21 très-

1069 1393 51 22 bon
1127 1399 64 21 sens,
1199 1394 83 21 scient
1291 1394 110 22 devenus
1408 1396 134 27 fanatiques

1070 1429 63 22 pour
1146 1424 76 26 Paoli,
1240 1424 23 22 &
1274 1430 63 22 pour
1348 1426 54 21 leur
1411 1425 131 29 prétendue

1069 1453 97 23 liberté.

1097 1484 32 22 La
1141 1484 175 29 Conspiration
1326 1486 93 22 tramée
1428 1490 83 19 contre
1518 1488 24 21 la

1071 1514 124 23 Garnison
1204 1516 109 22 d’Oletta
1324 1517 86 22 devoit
1421 1517 88 22 éclater
1518 1519 24 21 la

1070 1547 55 21 nuit
1136 1546 32 21 du
1189 1553 24 21 13
1239 1553 31 15 au
1296 1553 27 20 14
1345 1549 108 25 pendant
1472 1548 70 27 qu’on

1070 1577 122 22 marchoit
1202 1577 14 22 à
1228 1578 144 28 Barbaggio,
1389 1578 23 22 &
1424 1580 65 21 Paoli
1500 1585 43 16 ve-

1070 1609 55 21 noit
1136 1608 14 21 à
1161 1608 61 22 bout
1242 1609 31 21 de
1287 1615 46 15 son
1344 1609 89 27 projet,
1453 1610 21 21 si
1494 1611 49 21 elle

1070 1638 67 22 n’eût
1148 1645 44 21 pas
1204 1639 39 22 été
1263 1639 150 22 découverte
1423 1647 6 20 ;
1450 1641 19 21 il
1479 1641 64 22 n’est

1069 1675 124 22 personne
1216 1676 32 16 en
1269 1670 96 28 Europe
1383 1672 41 26 qui
1444 1677 31 16 ne
1492 1673 51 20 soit

1070 1700 103 28 indigné
1193 1700 31 22 de
1236 1703 63 19 cette
1319 1701 68 28 façon
1399 1702 31 21 de
1448 1702 60 22 faire
1517 1703 25 21 la

1069 1736 89 21 guerre
1167 1737 6 20 ;
1188 1731 63 22 mais
1266 1737 48 22 que
1324 1738 32 15 ne
1370 1734 60 25 peut
1441 1733 24 21 le
1475 1732 67 22 fana-

1069 1761 80 26 tisme,
1163 1761 130 28 quelqu’en
1310 1762 50 21 soit
1373 1762 84 28 l’objet
1467 1763 5 21 !

1098 1791 45 22 Les
1155 1792 66 21 deux
1233 1792 139 22 Schebecks
1383 1793 32 21 du
1433 1793 46 22 Roi
1494 1799 47 22 que

1070 1823 200 21 commandoient
1281 1822 73 22 M.M.
1364 1823 30 21 de
1403 1823 139 23 Glandevès

1069 1851 23 22 &
1103 1853 31 20 de
1143 1852 148 22 Raimondis
1303 1853 138 22 arrivèrent
1453 1855 24 20 le
1488 1860 29 20 24
1528 1854 14 22 à

1070 1882 35 21 St.
1125 1881 102 23 Florens
1238 1883 23 21 &
1273 1884 63 21 celui
1356 1889 49 16 aux
1416 1885 82 21 ordres
1509 1885 32 20 de

1071 1913 34 21 M.
1119 1913 31 21 de
1160 1914 24 20 la
1197 1913 78 22 Croix
1285 1915 92 26 partira
1387 1921 32 15 au
1436 1916 107 26 premier

1070 1944 50 21 bon
1131 1945 60 20 vent
1200 1950 6 20 ;
1219 1944 21 21 il
1256 1946 37 20 est
1304 1945 96 21 destiné
1410 1945 14 21 à
1436 1947 107 21 escorter

1069 1975 36 21 les
1122 1974 116 22 Tartanes
1250 1980 41 16 sur
1301 1976 133 26 lesquelles
1445 1981 31 16 on
1488 1976 55 22 doit

1069 2007 153 26 transporter
1241 2005 14 22 à
1275 2005 95 23 Toulon
1393 2007 36 21 les
1448 2007 94 27 prison-

1071 2036 66 22 niers
1152 2036 41 27 qui
1205 2036 81 22 furent
1297 2037 113 22 conduits
1418 2037 14 21 à
1443 2037 99 22 St.'Flo-

1071 2073 56 15 rens
1137 2067 24 21 le
1175 2073 24 22 15
1212 2067 23 21 &
1247 2066 75 28 qu’on
1329 2068 50 27 prit
1387 2073 55 17 sans
1450 2068 93 27 capitu-

1069 2098 86 21 lation.
1168 2096 21 22 Il
1200 2097 82 21 arrive
1291 2098 190 27 journellement
1497 2099 45 20 des

1070 2127 193 26 provisions.de
1282 2129 70 19 toute
1372 2130 72 23 sorte,
1465 2128 22 21 &
1504 2129 37 20 les

1070 2156 111 27 Troupes
1195 2162 31 16 ne
1238 2161 164 23 manqueront
1421 2158 121 21 sûrement

1071 2187 30 21 de
1113 2186 63 22 rien.

1115 2242 81 18 Numéro
1205 2242 26 17 du
1239 2242 96 18 Vendredi
1343 2242 23 18 17
1376 2242 51 18 Mars
1435 2242 50 19 1769.

1081 2280 75 18 Extrait
1163 2281 56 17 d’une
1226 2281 58 17 lettre
1291 2281 25 18 de
1323 2281 19 18 la
1353 2280 75 19 Rivière
1436 2282 23 17 de
1467 2281 66 19 Gènes.

1238 2306 25 17 Le
1275 2306 23 17 14
1305 2306 58 18 Mars.

1099 2345 56 26 Que
1172 2346 24 20 la
1213 2351 90 22 guerre
1322 2351 26 15 se
1366 2345 64 22 fasse
1447 2346 59 21 dans
1516 2347 25 20 le

1072 2375 143 26 Continent,
1225 2382 33 15 on
1267 2382 14 15 a
1288 2376 96 22 bientôt
1392 2377 43 21 des
1442 2377 100 21 nouvel-

1070 2407 36 21 les
1127 2407 43 21 des
1189 2406 127 22 différents
1335 2406 148 23 évènemens
1499 2408 42 26 qui

1071 2438 117 25 arrivent,
1208 2438 63 21 mais
1291 2443 47 21 que
1353 2438 23 21 le
1388 2437 103 22 Théâtre
1510 2445 31 14 en

1071 2469 50 21 soit
1131 2474 31 15 au
1173 2467 56 22 delà
1241 2468 44 21 des
1297 2467 75 27 Mers,
1386 2473 32 16 ou
1435 2469 36 21 les
1488 2473 55 17 ora-

1071 2504 53 22 ges,
1136 2504 33 16 ou
1178 2499 24 21 le
1214 2499 85 25 calme,
1311 2504 31 16 ou
1353 2499 37 21 les
1400 2501 73 19 vents
1484 2504 58 17 con-

1070 2530 87 21 traires
1163 2529 144 27 empêchent
1313 2528 72 28 qu’on
1393 2530 48 21 soit
1445 2530 98 21 instruit

1071 2567 14 15 a
1094 2562 64 20 fems
1170 2560 31 22 de
1212 2566 29 16 ce
1250 2560 42 27 qui
1301 2560 59 21 s’est
1367 2559 78 28 passé.
1453 2559 44 22 Tel
1505 2562 37 20 est

1071 2591 23 21 le
1106 2596 40 16 cas
1159 2590 32 22 où
1202 2596 63 16 nous
1280 2596 61 16 nous
1361 2592 120 20 trouvons
1497 2596 45 21 par

1071 2623 102 25 rapport
1183 2620 14 22 à
1207 2622 25 20 la
1244 2620 87 26 Corse,
1339 2626 63 16 nous
1411 2626 31 16 ne
1453 2626 88 16 savons

1072 2657 47 22 que
1130 2652 89 26 depuis
1230 2651 63 26 hier,
1302 2657 28 16 ce
1339 2656 48 22 que
1396 2651 43 21 des
1449 2651 92 22 Lettres

1072 2682 32 21 du
1118 2688 11 22 5
1142 2682 30 21 de
1181 2687 28 16 ce
1220 2682 66 22 mois
1292 2684 142 19 annoncent
1444 2682 41 21 des
1493 2682 48 21 sui-

1563 192 38 21 tes
1607 191 30 21 de
1643 190 100 22 l’affaire
1752 189 30 21 de
1790 187 146 29 Barbaggio,
1945 187 23 22 &
1976 192 61 17 nous

1563 220 175 29 l’ignorerions
1750 220 121 27 peut-être
1880 224 88 16 encore
1976 221 62 24 pour

1564 252 121 26 plusieurs
1695 251 79 27 jours,
1788 250 20 21 si
1821 250 24 21 le
1858 248 123 22 Bâtiment
1996 247 39 28 qui

1566 287 31 15 en
1617 280 62 23 étoit
1699 281 103 21 Porteur
1820 278 94 23 n’avoil
1933 285 44 21 pas
1999 276 39 23 été

1566 310 83 29 obligé
1660 311 30 22 de
1700 309 110 23 relâcher
1818 315 42 16 sur
1868 309 23 21 la
1900 309 61 22 côte.
1971 308 67 22 Nous

1567 347 77 16 avons
1663 341 84 28 appris
1765 346 44 21 par
1820 345 42 15 ces
1880 339 93 22 Lettres
1991 344 47 22 que

1568 371 76 26 Paoli,
1656 371 70 28 après
1734 370 71 21 avoir
1814 369 44 22 fait
1869 369 116 27 précéder
1993 374 45 16 son

1567 400 144 28 expédition
1732 406 42 16 sur
1794 400 137 27 Barbaggio
1955 405 43 22 par
2017 399 21 21 le

1567 431 111 27 supplice
1696 431 43 21 des
1757 430 65 21 deux
1833 429 78 22 frères
1930 429 108 25 Fabiani,

1568 461 59 27 qu'il
1637 461 111 22 accusoit
1759 460 97 22 d’avoir
1872 461 76 21 voulu
1965 460 76 21 livrer

1567 490 53 22 lTle
1632 491 97 22 Rousse
1741 497 49 15 aux
1807 490 122 28 François,
1943 496 60 22 pour
2014 496 26 15 se

1568 527 94 21 venger
1672 521 30 21 de
1711 520 92 22 l’échec
1811 520 59 28 qu’il
1878 527 17 22 y
1903 527 13 15 a
1923 519 86 29 essuyé
2018 520 23 21 &

1569 551 40 27 qui
1621 551 33 21 lui
1667 553 72 19 coûte
1751 551 24 21 la
1785 551 54 27 plus
1857 551 92 27 grande
1962 550 78 28 partie

1569 581 30 21 de
1618 587 41 15 ses
1676 587 61 22 gens
1754 582 37 20 les
1809 582 56 26 plus
1884 580 155 27 déterminés,

1569 614 62 22 dont
1653 619 31 16 on
1708 613 123 22 découvre
1852 614 190 27 journellement

1569 650 46 21 que
1635 645 24 21 le
1679 645 104 21 nombre
1802 651 31 15 en
1856 646 37 20 est
1912 645 58 21 bien
1986 646 55 27 plus

1569 674 168 22 considérable
1758 674 73 27 qu’on
1851 681 31 15 ne
1901 675 87 22 l’avoit
2006 676 36 21 dit

1569 704 110 27 d’abord,
1699 711 33 16 ou
1750 706 121 26 peut-être
1885 705 157 28 simplement

1569 741 44 21 par
1624 742 47 15 une
1683 736 65 21 suite
1760 736 61 21 delà
1831 736 74 22 haine
1917 736 59 27 qu’il
1986 743 55 21 por-

1568 768 25 19 te
1612 765 15 22 à
1647 767 64 20 cette
1731 766 141 22 infortunée
1892 766 101 27 famille,
2014 768 28 22 fit

1569 802 89 16 encore
1674 797 96 26 pendre
1781 797 22 21 le
1824 796 26 22 18
1861 796 102 23 Février
1977 798 65 22 deux

1569 826 43 21 des
1624 832 89 21 parens
1725 827 31 20 de
1769 833 39 14 ces
1820 827 110 22 Fabiani.
1939 827 63 22 Mais
2014 834 27 15 ce

1569 857 40 27 qui
1630 857 53 21 doit
1703 857 72 22 avoir
1793 856 45 22 fait
1861 858 127 27 beaucoup
2010 858 31 21 de

1569 887 127 21 sensation
1709 893 43 15 sur
1762 888 36 20 les
1810 886 100 27 Corses,
1931 894 49 15 une
1998 889 43 21 des

1568 916 102 22 Nations
1694 917 38 21 les
1757 918 56 26 plus
1838 919 203 26 supersticieuses

1568 946 59 27 qu’il
1637 953 18 22 y
1666 947 42 26 ait,
1730 947 62 21 c’est
1810 953 50 21 que
1880 954 93 16 comme
1990 949 50 21 l’un

1568 977 31 21 de
1613 983 42 15 ces
1666 977 95 27 pendus
1773 977 95 22 n’avoit
1878 985 44 20 pas
1934 978 39 22 été
1984 979 57 22 bien

1568 1007 119 28 étranglé,
1702 1013 32 16 on
1746 1007 122 29 s’aperçut
1887 1008 69 27 après
1967 1009 73 22 l’exé-

1568 1038 83 21 cution
1665 1037 60 28 qu’il
1737 1038 104 22 donnoit
1853 1039 104 27 quelque
1971 1040 70 27 signe

1568 1069 31 20 de
1609 1069 50 25 vie,
1670 1068 73 27 qu’on
1756 1074 77 22 coupa
1841 1071 55 19 tout
1906 1069 31 21 de
1946 1070 64 21 suite
2018 1071 23 20 la

1569 1099 81 25 corde,
1664 1098 23 21 &
1699 1098 74 28 qu’on
1784 1105 13 15 a
1812 1099 90 22 trouvé
1912 1100 24 21 le
1954 1106 86 22 moyen

1568 1129 31 20 de
1609 1129 24 21 le
1645 1134 98 16 sauver.

1597 1161 48 21 Ces
1653 1162 85 20 lettres
1745 1164 100 24 portent
1854 1168 88 16 encore
1951 1169 47 21 que
2005 1164 36 21 les

1569 1191 114 22 Officiers
1695 1191 22 22 &
1729 1192 24 21 la
1764 1192 117 27 garnison
1894 1193 29 21 de
1936 1192 34 22 St.
1987 1193 55 23 Flo-

1568 1228 57 15 rens
1644 1222 120 21 dévoient
1778 1222 69 21 avoir
1857 1223 23 20 le
1892 1224 80 21 même
1988 1226 53 20 sort

1568 1257 47 22 que
1633 1257 64 16 ceux
1716 1251 118 26 d’Oletta,
1855 1253 20 20 si
1889 1253 23 21 le
1932 1255 110 26 complot

1568 1282 61 21 dans
1640 1287 29 16 ce
1679 1282 101 22 dernier
1790 1282 99 22 endroit
1901 1285 41 19 eut
1953 1284 34 27 pû
1997 1284 44 22 s’é-

1567 1311 110 26 xécuter,
1688 1318 27 15 ce
1724 1312 74 27 qu’on
1810 1313 88 21 devoit
1908 1315 84 20 savoir
1998 1321 44 20 par

1568 1342 92 22 certain
1672 1343 107 26 signaux
1790 1343 61 21 dont
1866 1344 37 20 les
1920 1343 121 28 Conjurés

1568 1372 94 22 étoient
1673 1378 135 16 convenus.
1828 1373 32 22 Le
1872 1373 99 23 Vicaire
1982 1375 60 22 d’O-

1567 1403 60 21 letta
1646 1404 42 26 qui
1708 1409 28 15 se
1755 1404 112 21 trouvoit
1887 1405 31 20 du
1938 1406 103 21 nombre

1567 1434 69 21 avoit
1644 1433 54 27 déjà
1707 1434 51 27 pris
1766 1434 36 21 les
1811 1440 87 20 armes,
1906 1441 56 15 sans
1971 1435 70 23 s’em-

1567 1464 111 21 barasser
1689 1464 31 21 de
1731 1463 172 28 l’irrégularité
1922 1465 60 27 qu’il
2000 1472 41 16 en-

1569 1494 104 26 couroit,
1698 1494 22 21 &
1741 1500 13 15 a
1777 1493 39 23 été
1835 1494 43 22 tué
1898 1495 59 22 dans
1977 1498 64 20 cette

1569 1525 170 21 circonstance
1749 1530 6 20 ;
1782 1525 61 21 mais
1869 1526 24 20 le
1919 1525 66 22 Curé
2010 1527 30 21 de

1568 1554 137 28 Barbaggio
1717 1554 39 22 n’a
1768 1561 43 21 pas
1831 1555 54 27 péri
1900 1555 74 23 d’une
1992 1563 50 15 ma-

1567 1585 69 22 nière
1648 1586 22 20 si
1682 1585 132 28 glorieuse,
1827 1591 52 16 non
1890 1586 82 22 moins
1984 1593 58 16 cou-

1567 1617 72 26 pable
1650 1621 48 22 que
1709 1621 47 16 son
1768 1616 121 26 confrère,
1897 1617 18 21 il
1923 1623 15 15 a
1948 1617 42 22 fini
2000 1624 40 15 ses

1565 1647 71 27 jours
1650 1652 43 15 sur
1710 1652 34 16 un
1762 1646 78 28 gibet.
1854 1646 25 22 Si
1897 1648 36 21 les
1950 1647 89 23 Corses

1568 1679 100 19 eussent
1673 1676 78 22 réussi
1759 1677 59 21 dans
1824 1678 56 21 leur
1889 1678 89 27 projet,
1987 1680 54 20 tout

1567 1708 25 21 le
1600 1706 142 28 Cap-Corse
1750 1713 27 15 se
1784 1706 118 24 révoltoit
1909 1715 6 19 ;
1924 1709 36 21 les
1970 1709 70 21 Fran-

1568 1738 52 28 çois
1631 1743 27 16 se
1669 1740 144 19 trouvoient
1824 1737 93 23 réduits
1928 1745 48 15 aux
1986 1746 51 21 pre-

1567 1768 75 22 miers
1652 1768 87 21 Postes
1746 1768 70 27 qu’ils
1824 1769 102 22 avoient
1937 1770 103 27 occupés

1568 1805 32 15 en
1618 1799 110 21 arrivant
1747 1799 60 21 dans
1821 1798 61 27 lTle,
1896 1799 22 22 &
1929 1800 18 21 il
1963 1800 78 22 falloit

1567 1834 184 16 recommencer
1769 1830 36 20 les
1827 1829 150 28 opérations,
1997 1831 42 27 qui

1566 1860 150 21 maintenant
1726 1862 84 19 seront
1822 1859 117 28 poussées
1950 1867 61 16 avec
2017 1862 24 21 la

1567 1890 112 22 dernière
1689 1890 114 27 vigueur,
1815 1891 99 27 lorsque
1924 1892 37 21 les
1976 1891 65 22 Ren-

1568 1921 62 22 forts
1640 1923 88 19 auront
1736 1921 74 27 joint,
1822 1921 23 21 &
1860 1927 47 18 que
1922 1922 24 21 la
1957 1922 84 22 saison

1567 1953 24 20 le
1602 1953 143 26 permettra.

1595 1985 40 21 Au
1645 1987 65 19 reste
1720 1985 25 21 le
1758 1984 159 30 Panégyriste
1927 1986 45 21 des
1981 1985 61 23 Cor-

1567 2022 40 15 ses
1618 2021 31 16 ne
1661 2021 26 16 se
1699 2016 142 21 lassera-t-il
1850 2017 87 27 jamais
1949 2017 32 21 de
1997 2023 45 21 pu-

1567 2046 64 22 blier
1641 2046 31 21 de
1684 2046 95 21 fausses
1796 2047 130 21 nouvelles
1934 2047 13 21 ?
1959 2047 81 25 Selon>

1567 2077 36 21 lui
1612 2082 32 15 on
1657 2083 13 14 a
1681 2076 48 21 mis
1748 2076 31 21 de
1796 2077 128 21 nouvelles
1942 2077 100 27 imposi-

1566 2107 65 21 tions
1649 2107 61 20 dans
1730 2109 56 19 tous
1805 2107 37 21 les
1863 2108 118 25 endroits,
1997 2108 41 27 qui

1567 2139 58 19 sont
1643 2136 107 27 occupés
1763 2143 43 20 par
1825 2138 37 20 les
1874 2137 114 28 François
1997 2144 6 17 ;
2019 2137 23 22 &

1567 2167 60 21 bien
1637 2166 54 22 loin
1703 2172 48 21 que
1763 2168 51 20 cela
1825 2168 59 25 soit,
1895 2173 31 16 on
1934 2174 18 22 y
1963 2174 14 15 a
1986 2174 54 21 sup-

1567 2196 79 28 primé
1658 2203 31 14 au
1701 2197 121 22 contraire
1840 2199 58 21 tous
1908 2199 37 21 les
1957 2198 83 22 Droits

1568 2227 23 22 âc
1601 2228 79 21 même
1693 2233 63 21 pour
1766 2228 160 27 long-temps.
1938 2229 24 21 A
1980 2235 61 16 vou-

1566 2258 49 21 loir
1623 2258 95 27 publier
1726 2258 44 22 des
1778 2258 101 27 vérités,
1891 2260 18 21 il
1920 2260 80 22 auroit
2008 2261 32 20 du

1567 2289 53 20 dire
1641 2294 47 22 que
1711 2290 78 26 parmi
1811 2291 37 20 les
1873 2289 119 28 Conjurés
2012 2297 27 16 se

1566 2321 115 19 trouvent
1692 2320 122 26 plusieurs
1827 2319 104 27 Génois,
1941 2320 23 22 &
1976 2327 64 22 ajou-

1566 2352 38 19 ter
1611 2355 48 21 que
1668 2355 28 16 ce
1704 2352 58 19 sont
1770 2350 30 21 de
1809 2356 40 16 ces
1862 2351 109 26 Bandits,
1981 2352 60 21 dont

1567 2380 20 21 il
1596 2386 18 22 y
1625 2386 13 15 a
1649 2382 110 25 par-tout
1773 2380 30 22 de
1822 2382 149 21 semblables
1988 2383 50 26 qui,

1567 2416 32 16 ne
1607 2410 102 22 sachant
1720 2416 47 22 que
1776 2411 112 26 devenir,
1901 2412 109 27 risquent
2016 2413 23 21 le

1567 2443 54 20 tout
1631 2446 61 22 pour
1702 2441 24 21 le
1738 2443 62 19 tout.

1623 2507 81 18 Numéro
1712 2508 27 17 du
1747 2508 95 18 Vendredi
1849 2508 23 18 21
1880 2508 50 18 Mars
1940 2508 53 19 4769.

1746 2546 26 19 De
1782 2547 90 18 Florence
1879 2548 20 17 le
1906 2548 10 17 7
1924 2548 59 18 Mars.

1595 2591 21 21 Il
1627 2591 81 21 arriva
1718 2591 15 21 à
1746 2591 121 23 Livourne
1878 2593 24 20 le
1914 2598 42 16 1er
1968 2593 30 21 de
2012 2599 27 15 cc

1567 2621 65 22 mois
1642 2627 33 15 un
1689 2621 118 22 Vaisseau
1828 2623 106 28 Anglois
1948 2625 93 20 venant

1567 2652 31 21 de
1607 2651 65 22 l’Isle
1683 2652 32 21 de
1732 2651 101 29 Chipre,
1851 2659 49 15 aux
1912 2653 84 22 ordres
2007 2654 33 21 du

1568 2681 130 28 Capitaine
1709 2682 131 28 Drumont,
1851 2684 42 27 qui
1905 2690 13 15 a
1926 2684 114 27 rapporté

2065 184 69 22 avoir
2145 190 34 15 vu
2198 182 87 28 auprès
2303 182 30 21 de
2345 181 63 21 celle
2419 180 31 21 de
2462 178 76 22 Corse

2065 214 55 28 cinq
2131 216 81 20 autres
2232 213 140 21 Vaisseaux
2391 211 31 21 de
2444 210 94 22 Guerre

2065 246 30 21 de
2105 251 26 16 sa
2142 244 90 22 Nation
2244 243 14 23 à
2269 243 91 23 l’ancre
2373 248 30 15 au
2413 241 50 22 Sud
2475 241 29 21 de
2516 241 23 20 la

2065 274 161 29 Paragiata.Si
2238 280 47 16 son
2297 274 102 26 rapport
2411 273 37 20 est
2458 270 80 26 fidèle,

2066 307 18 21 il
2094 305 111 29 pourroit
2223 305 59 21 bien
2300 305 51 20 être
2371 302 52 22 vrai
2444 308 48 21 que
2503 302 35 20 les

2065 336 104 28 Anglois
2181 335 156 22 soutiennent
2346 333 79 26 Paoli;
2437 332 60 22 mais
2506 337 32 16 on

2065 373 31 15 ne
2103 366 54 22 voit
2165 372 44 21 pas
2218 365 125 22 comment
2351 363 113 28 pourroit
2472 362 67 22 l’être

2067 403 27 15 ce
2105 396 73 28 qu’on
2191 396 42 25 dit,
2248 402 30 15 en
2290 393 171 31 conséquence
2473 393 29 21 de
2512 398 27 15 ce

2066 429 108 26 rapport,
2187 433 46 21 que
2246 426 68 22 Paoli
2327 425 55 22 doit
2397 424 71 22 avoir
2484 429 55 22 reçu

2066 464 14 20 4
2085 464 42 15 000
2134 458 112 21 hommes
2258 457 31 21 de
2300 455 113 28 Troupes
2431 453 108 28 étrangè-

2066 494 40 16 res
2128 488 42 27 qui
2190 488 62 21 vont
2271 486 137 22 combattre
2428 490 56 16 sous
2501 490 38 15 ses

2067 519 132 27 drapeaux,
2211 517 22 21 &
2244 517 59 27 qu’il
2314 522 14 15 a
2340 515 55 28 déjà
2407 514 110 23 ordonné
2526 520 14 15 a

2067 551 55 20 tous
2133 555 40 15 ses
2186 547 96 22 Soldats
2294 547 31 21 de
2343 545 156 23 s’assembler
2510 551 31 15 au

2066 580 87 28 plutôt,
2167 585 59 15 avec
2234 580 55 20 tout
2297 584 28 15 ce
2334 577 61 28 qu’il
2402 583 18 22 y
2428 583 14 15 a
2451 576 30 21 de
2487 576 54 27 jeu-

2067 617 43 15 nes
2121 616 61 23 gens
2195 609 128 22 au-dessus
2335 609 30 20 de
2379 614 25 22 15
2417 613 52 19 ans,
2482 612 60 22 pour

2067 643 109 26 attaquer
2182 641 35 21 les
2224 639 115 28 François
2348 645 31 15 en
2386 639 154 21 même-tems

2068 673 59 21 dans
2133 674 57 20 tous
2196 671 35 21 les
2239 671 87 21 Postes
2333 669 72 28 qu’ils
2411 670 128 25 occupent,

2067 709 30 16 ou
2107 708 64 22 pour
2178 702 35 21 les
2222 706 108 22 engager
2338 699 41 22 s’il
2388 701 36 20 est
2432 698 108 28 possible

2068 733 14 22 à
2094 739 26 15 se
2139 732 91 25 réunir,
2244 731 48 21 afin
2311 730 57 22 d’en
2379 730 72 21 venir
2463 729 15 22 à
2491 735 48 15 une

2068 764 82 21 action
2167 761 109 22 décisive
2288 763 73 19 avant
2371 759 114 23 l’arrivée
2498 759 43 21 des

2068 793 115 22 Renforts
2195 791 71 28 qu’ils
2281 791 137 22 attendent.
2432 790 67 22 C’est
2510 790 31 21 du

2067 824 82 22 moins
2160 829 28 15 ce
2199 828 48 21 que
2258 828 40 15 ses
2309 822 124 27 partisans
2441 822 102 20 avantu-

2067 855 55 21 rent
2130 860 6 15 :
2147 859 41 16 car
2199 859 30 15 on
2242 858 32 15 ne
2286 852 55 21 voit
2353 857 44 22 pas
2409 851 41 27 qui
2462 851 80 21 auroit

2067 891 34 21 pu
2110 884 152 26 transporter
2269 888 34 15 un
2315 882 22 21 si
2349 882 79 27 grand
2439 881 102 22 nombre

2068 915 30 21 de
2117 913 110 27 Troupes
2246 912 142 28 étrangères
2407 917 31 15 en
2457 911 83 26 Corse,

2068 950 55 16 sans
2135 943 73 28 qu’on
2220 949 32 15 en
2264 943 42 21 eût
2317 942 38 21 été
2368 942 109 22 instruit.

2094 975 74 22 Selon
2186 974 36 21 les
2238 974 56 21 avis
2314 979 48 21 que
2380 979 62 15 nous
2462 978 78 16 avons

2067 1011 59 22 reçu
2137 1005 34 21 ici
2184 1004 29 21 de
2228 1003 87 26 Corse,
2329 1003 18 22 il
2359 1003 43 28 n’y
2413 1010 13 15 a
2438 1003 54 22 rien
2512 1003 30 21 de

2068 1036 53 27 plus
2134 1034 93 22 certain
2246 1040 48 21 que
2304 1034 25 21 le
2341 1035 113 26 complot
2464 1032 78 23 formé

2067 1072 62 21 pour
2139 1065 106 28 égorger
2252 1066 37 20 les
2298 1064 140 22 Garnisons
2450 1064 91 21 d’Olet-

2066 1098 25 19 ta
2107 1096 24 21 &
2151 1096 31 21 de
2204 1096 64 21 saint
2291 1095 111 25 Florens,
2426 1101 49 15 une
2493 1095 47 22 fois

2067 1126 73 28 qu’on
2149 1126 80 21 auroit
2241 1125 39 22 été
2291 1127 89 20 maître
2391 1126 32 21 de
2438 1125 104 28 Barbag-

2067 1157 41 27 gio
2117 1162 6 15 :
2137 1156 58 21 Sort
2203 1155 154 27 qu’auroient
2366 1162 31 15 eu
2408 1162 89 15 encore
2505 1157 36 20 les

2069 1186 162 28 Compagnies
2255 1187 33 20 du
2308 1185 137 29 Régiment
2467 1187 30 21 de
2519 1187 23 21 la

2068 1218 70 22 Mark
2154 1218 43 27 qui
2215 1216 95 22 étoient
2327 1217 61 21 dans
2405 1223 28 16 ce
2445 1217 98 22 dernier

2067 1248 104 25 endroit,
2190 1247 40 26 où,
2243 1247 91 26 dit-on,
2344 1246 15 22 à
2371 1248 65 21 deux
2453 1247 88 22 heures

2068 1279 68 28 après
2147 1278 91 22 minuit
2248 1280 119 25 parurent
2377 1284 43 20 400
2428 1278 113 22 Rebelles

2068 1315 54 16 sans
2140 1314 87 19 armes,
2250 1308 81 22 disant
2348 1308 72 27 qu’ils
2441 1309 102 21 avoient

2067 1338 144 23 abandonné
2221 1339 23 21 le
2256 1339 64 27 parti
2332 1339 32 21 de
2376 1339 68 22 Paoli
2454 1346 5 19 ;
2471 1339 70 28 qu’ils

2066 1370 121 22 venoient
2208 1375 25 16 se
2254 1369 111 28 réfugier
2387 1370 88 27 auprès
2498 1371 42 20 des

2068 1400 115 29 François
2201 1400 23 21 <&
2242 1401 84 26 prêter
2343 1401 24 21 le
2382 1402 109 20 serment
2511 1401 29 21 de

2067 1430 92 23 fidélité
2180 1430 22 21 <&
2221 1430 171 22 d’obéissance
2415 1437 47 21 que
2486 1434 55 19 tous

2067 1462 111 21 habitans
2184 1461 104 21 doivent
2293 1467 30 15 au
2330 1461 212 29 Roi,témoignant

2066 1492 126 27 beaucoup
2210 1492 30 21 de
2258 1494 83 26 regret
2358 1492 30 21 de
2405 1499 32 14 ne
2452 1492 90 23 l’avoir

2067 1528 42 22 pas
2129 1522 81 27 plutôt
2225 1522 79 27 prêté,
2323 1522 23 22 <5c
2357 1525 138 24 protestant
2509 1524 33 21 du

2067 1552 67 22 désir
2145 1553 94 21 sincère
2252 1552 73 28 qu’ils
2336 1553 104 22 avoient
2450 1554 31 21 de
2491 1553 51 23 mé-

2066 1584 59 21 riter
2143 1589 27 15 sa
2181 1582 124 23 clémence
2315 1590 6 15 :
2335 1583 37 22 Ce
2391 1583 71 28 qu’ils
2474 1590 67 16 assu-

2066 1614 83 22 rèrent
2167 1613 63 22 d”un
2248 1616 44 19 ton
2303 1613 14 22 à
2336 1614 62 21 faire
2415 1615 126 22 connoître

2066 1651 46 21 que
2131 1645 24 21 la
2176 1644 115 22 sincérité
2309 1645 93 26 parloit
2421 1651 46 21 par
2488 1646 53 21 leur

2066 1675 105 26 bouche,
2184 1674 22 21 &
2217 1681 28 15 ce
2256 1675 41 26 qui
2310 1680 109 23 engagea
2430 1676 24 21 le
2466 1675 74 23 Com-

2066 1705 116 22 mandant
2192 1705 29 21 de
2231 1706 37 20 les
2277 1705 88 22 laisser
2373 1707 83 20 entrer
2463 1714 7 18 ;
2480 1707 59 21 mais

2066 1735 14 22 à
2098 1736 74 27 peine
2183 1741 17 22 y
2211 1736 130 21 eurent-ils
2362 1737 48 20 mis
2430 1737 25 21 le
2474 1738 64 26 pied,

2067 1772 46 22 que
2137 1766 44 22 600
2203 1768 82 20 autres
2310 1766 80 22 armés
2412 1767 129 28 jusqu’aux

2067 1798 72 21 dents
2153 1797 43 27 qui
2215 1797 37 21 les
2271 1797 130 22 suivoient
2419 1797 123 23 forcèrent

2066 1829 36 21 les
2112 1828 200 21 retranebemens
2324 1829 22 20 &
2362 1834 27 15 se
2405 1829 137 28 joignirent

2066 1859 14 21 à
2090 1864 41 16 ces
2142 1858 104 26 traîtres,
2257 1858 13 21 à
2282 1859 42 27 qui
2336 1859 32 21 ils
2377 1862 85 19 eurent
2473 1860 68 22 bien-

2066 1889 37 22 tôt
2114 1888 82 23 donné
2216 1890 43 21 des
2271 1896 81 15 armes
2363 1896 7 19 ;
2386 1890 30 21 ils
2435 1893 106 25 attaquè-

2067 1921 55 20 rent
2139 1921 66 20 alors
2222 1920 37 21 les
2271 1919 116 29 François
2396 1928 7 13 :
2423 1920 42 22 On
2477 1927 13 15 a
2502 1920 39 23 été

2067 1956 66 16 assez
2141 1951 99 21 instruit
2248 1951 33 21 du
2289 1950 85 22 succès
2386 1951 55 27 qu’a
2450 1958 30 15 eu
2488 1952 53 22 leur

2067 1981 146 27 entreprise.

2095 2011 40 22 On
2155 2011 69 21 vient
2242 2011 164 28 d’apprendre
2425 2018 48 22 que
2490 2013 50 22 l’un

2067 2042 42 21 des
2117 2041 139 22 Schebecks
2264 2041 115 29 François
2385 2043 43 27 qui
2433 2044 108 22 croisent

2067 2077 43 16 sur
2118 2072 38 21 les
2169 2071 74 22 Côtes
2255 2072 31 21 de
2299 2071 78 23 Corse
2385 2075 71 20 entre
2468 2074 71 22 Calvi

2066 2102 23 22 &
2100 2102 35 22 St.
2143 2102 102 22 Florens
2253 2105 74 26 ayant
2335 2110 108 22 apperçu
2453 2111 33 16 un
2498 2106 42 22 Bâ-

2066 2134 89 20 timent
2177 2138 55 17 sous
2253 2135 111 26 pavillon
2383 2136 114 27 Anglois,
2519 2137 22 22 &

2067 2163 52 22 s’en
2132 2163 68 22 étant
2210 2164 123 28 approché
2344 2171 65 22 pour
2419 2167 25 20 le
2455 2168 88 22 visiter

2067 2194 19 21 il
2095 2194 86 22 l’avoit
2190 2194 89 22 trouvé
2296 2195 103 22 d’abord
2415 2197 89 28 chargé
2518 2200 23 19 le

2066 2225 67 25 Bled,
2146 2225 62 21 mais
2219 2225 74 27 qu’en
2303 2227 104 21 voulant
2417 2229 91 21 sonder
2518 2230 23 20 la

2067 2255 110 28 quantité
2196 2256 60 27 qu’il
2273 2258 107 25 pouveit
2390 2264 19 22 y
2419 2264 31 16 en
2460 2260 79 26 avoir,

2066 2287 19 21 il
2095 2286 69 22 avoit
2176 2286 141 26 découvert,
2327 2287 56 28 qu’à
2395 2289 65 21 deux
2470 2290 70 27 pieds

2066 2317 145 21 au-dessous
2220 2317 31 21 de
2259 2318 24 21 la
2290 2318 95 22 surface
2395 2319 30 21 de
2435 2325 27 16 ce
2471 2321 69 26 grain

2066 2347 40 26 qui
2118 2346 64 23 étoit
2190 2353 30 15 en
2230 2354 101 21 garene,
2347 2349 24 21 &
2379 2349 76 27 qu’on
2466 2351 75 22 disoit

2066 2377 92 22 distiné
2170 2383 62 22 pour
2244 2378 101 27 Mabon,
2356 2380 19 21 il
2384 2386 19 22 y
2414 2381 69 21 avoit
2493 2388 47 15 une

2065 2408 92 27 grande
2181 2408 109 27 quantité
2312 2410 32 21 de
2368 2411 103 26 poudre,
2499 2418 42 16 sur

2065 2439 58 26 quoi
2135 2444 28 15 ce
2182 2439 126 22 Bâtiment
2328 2447 13 14 a
2360 2440 39 22 été
2418 2442 67 26 saisi,
2498 2442 42 29 n’y

2064 2471 76 26 ayant
2159 2475 79 16 aucun
2259 2471 77 21 doute
2347 2477 49 21 que
2407 2473 23 21 le
2442 2475 52 20 tout
2507 2480 33 15 ne

2065 2498 36 23 fût
2110 2505 65 22 pour
2184 2501 36 20 les
2229 2500 100 23 Corses.
2338 2501 104 24 C’est-là
2452 2505 24 20 le
2487 2510 52 22 rap-

2065 2532 56 25 port
2132 2530 57 22 d’un
2202 2531 97 22 Patron.

2299 2576 26 24 (à
2335 2579 96 27 suivre)

2065 2651 99 23 Aiacciu
2173 2664 29 4 —
2213 2652 135 30 Stamparia
2362 2654 24 22 di
2399 2656 23 21 A
2434 2656 103 28 Muvra,

2066 2691 16 14 u
2090 2684 242 25 Diretlore-Gerente:
2341 2687 73 23 Pelru
2424 2688 114 24 ROCCA.

75 2798 131 23 Fuglittumdi
209 2797 128 19 AM-avra—
343 2797 78 19 a.109-
428 2797 20 18 di
454 2795 91 19 u27-l-29

100 2855 244 53 PÂS0UÂIE
377 2854 145 48 PAOLI

279 2922 66 19 OSSIA

117 2959 39 35 La
173 2959 81 35 Ëôtla
271 2958 31 35 di
316 2958 175 36 Pmîenmvo

74 3013 471 25 RACONTOCORSODELSECOLO

265 3047 85 22 XVIII

298 3092 24 18 DI

168 3128 34 24 F.
216 3128 36 24 B.
269 3127 175 26 Gnerr&zzi

247 3212 125 29 (Seguito)

100 3269 107 25 Fratelli,
217 3271 35 19 sta
261 3269 62 21 bene
332 3269 23 21 la
365 3269 55 21 luce
429 3269 22 20 ai
460 3267 83 24 morti,

71 3308 40 15 ma
118 3304 37 20 sta
162 3302 92 27 meglio
261 3302 22 20 ai
293 3302 62 25 vivi;
360 3301 104 28 figurate
470 3304 75 17 avéré

72 3340 34 14 un
117 3337 81 19 morto
208 3335 23 20 di
241 3334 43 27 più
296 3340 44 21 per
348 3340 64 16 anno
424 3333 37 21 fra
467 3332 55 24 voi,
531 3337 13 15 e

71 3366 56 21 date
143 3373 28 15 20
185 3367 46 21 lire
242 3372 44 21 per
306 3372 97 22 ognuna
415 3366 46 21 alla
481 3364 63 22 Uni-

71 3399 101 25 versità;
186 3405 15 15 e
210 3405 69 16 corne
289 3400 24 20 le
322 3400 179 27 supplicammo
509 3397 35 21 fe-

71 3436 66 17 cero.
154 3430 58 22 Nati
225 3432 39 21 dal
281 3434 101 25 popolo,
395 3432 88 21 stiamo
496 3435 48 16 con

68 3465 45 25 lui;
134 3466 92 25 quanto
242 3465 154 26 possediamo
408 3465 34 27 gli
462 3464 82 21 diamo

69 3497 53 22 cosi
128 3497 25 21 di
161 3498 109 20 sostanza
278 3498 267 27 corned’insegnamen-

68 3532 20 20 ti
98 3537 14 15 e
123 3531 25 20 di
158 3535 91 21 sangue
258 3536 6 18 ;
276 3530 61 25 perô
349 3536 27 16 se
385 3530 47 28 egli
442 3530 23 21 ci
476 3529 69 22 chia-

68 3569 41 16 ma
125 3563 80 28 padri,
226 3567 15 15 e
258 3562 44 20 noi
320 3562 119 28 figliuplo,
463 3561 80 28 questi

67 3601 51 16 non
129 3600 90 17 escono
235 3594 74 21 suoni
321 3596 58 20 vani
388 3596 62 21 dalle
459 3596 85 20 nostre

67 3629 91 21 labbra.
179 3628 83 21 Siamo
273 3632 49 15 una
341 3629 78 20 stessa
434 3627 111 27 famiglia

67 3662 136 21 deliberata
214 3667 14 14 a
235 3660 88 21 vivere
331 3665 15 15 o
357 3666 14 14 a
380 3660 90 22 morire
476 3659 68 21 nello

66 3700 83 16 amore
160 3694 25 21 di
195 3694 49 21 Dio
257 3699 14 14 e
285 3692 64 21 délia
355 3692 96 22 libertà.

598 2808 29 4 —
639 2796 74 25 Bene,
723 2795 183 28 signorminore
915 2799 129 16 osservan-

571 2832 33 24 te,
612 2830 72 25 bene,
703 2828 231 28 superlativamente
945 2827 73 25 bene,
1029 2832 14 15 e

572 2864 25 20 vi
607 2868 28 17 so
642 2863 52 21 dire
700 2862 45 22 cbe
752 2867 27 16 se
788 2862 26 21 in
820 2860 145 28 Inghilterra
972 2860 8 20 i
987 2859 56 22 frati

573 2901 113 17 avessero
698 2894 177 28 rassomigliato
887 2893 43 21 voi
941 2898 15 16 e
967 2892 8 21 i
985 2898 59 16 vos-

572 2930 30 22 tri
610 2929 74 28 degni
691 2927 188 28 compagni,ella
886 2932 13 15 a
907 2927 85 26 questa
1002 2931 42 16 ora

573 2964 19 21 si
603 2961 169 24 manterrebbe
783 2965 98 22 sempre
893 2959 121 21 cattolica.

598 3008 30 4 —
639 2995 34 22 Ed
684 3000 44 16 ora
736 2994 41 21 del
787 2997 109 24 governo
905 2992 25 21 vi
941 2997 103 22 raggua-

572 3028 79 30 glierò
663 3029 34 24 io,
709 3033 72 22 prese
790 3032 13 16 a
815 3026 116 22 favellare
939 3025 19 21 il
964 3024 78 26 Paoli;

572 3063 95 28 quando
673 3062 23 21 la
704 3061 110 22 consulta
821 3060 26 20 di
853 3063 70 17 santo
932 3058 111 23 Antonio

573 3098 61 21 délia
647 3094 148 23 Casabianca
804 3093 41 21 nel
854 3098 52 22 1755
919 3092 34 21 mi
964 3092 79 20 elesse

572 3137 13 15 a
592 3134 102 23 reggere
701 3128 23 21 la
734 3126 110 25 Corsica,
852 3126 67 21 voile
928 3124 116 22 conferir-

573 3164 32 22 mï
615 3159 218 28 assolutapotestà,
844 3160 23 20 la
873 3158 70 27 quale
952 3158 92 21 ostina-

572 3197 106 21 tamente
689 3193 99 25 rifiutai,
802 3190 179 29 imperciocchè
988 3190 54 22 seb-

572 3230 61 21 bene
652 3229 24 21 io
691 3232 49 17 non
760 3226 33 21 mi
813 3225 98 21 sentissi
924 3225 73 26 legno
1013 3224 29 20 da

570 3261 110 29 tagliarci
699 3260 19 22 il
734 3260 105 24 tiranno,
852 3263 60 22 pure
923 3257 33 21 mi
967 3262 75 21 parve

572 3295 43 22 che
623 3294 126 22 méritasse
758 3291 44 28 più
812 3291 57 21 Iode
884 3291 23 20 di
919 3290 123 27 prudenza

571 3328 38 22 ebi
622 3327 21 21 si
655 3326 94 21 astiene
766 3324 38 21 dal
823 3323 119 26 pericolo;
960 3322 45 21 che
1016 3322 25 21 di

571 3362 109 20 costanza
688 3357 40 22 chi
741 3357 22 21 ci
774 3356 97 24 résisté,
881 3361 13 15 e
902 3356 24 20 la
934 3355 108 21 occasio-

571 3399 38 20 ne,
622 3392 42 21 voi
680 3391 25 21 lo
717 3391 92 25 sapete,
820 3388 23 21 fa
854 3388 91 22 l’uomo
962 3388 78 25 ladro,

572 3424 96 24 istitutii
680 3424 114 27 pertanto
807 3427 70 16 senza
891 3421 102 27 indugio
1008 3426 33 16 un

571 3457 120 28 consiglio
703 3460 115 22 supremo
830 3454 25 21 di
865 3459 66 16 nove
947 3453 93 22 uomini

570 3490 104 23 animosi
683 3488 80 25 esavi,
773 3488 8 21 i
791 3488 65 27 quali
861 3491 180 23 governassero

571 3530 68 17 meco
658 3521 121 23 standomi
803 3521 23 21 al
840 3520 77 21 fianco
940 3521 37 19 tre
997 3524 45 21 per

570 3559 67 20 volta
646 3555 58 28 ogni
713 3556 96 24 quattro
820 3553 71 25 mesi;
898 3552 81 27 questi
991 3551 48 22 fan-

571 3597 31 16 no
611 3588 99 24 l’ufficio
722 3586 45 21 cbe
778 3591 86 22 presso
876 3591 14 15 a
901 3589 63 23 poco
975 3590 66 15 eser-

571 3625 80 20 citano
662 3622 31 20 da
705 3619 43 21 voi
763 3620 8 19 i
782 3618 108 22 ministri
898 3618 65 20 délia
971 3622 71 16 coro-

571 3663 37 17 na;
618 3656 26 21 io
658 3658 85 23 presso
750 3658 14 15 a
772 3653 53 20 vita
837 3652 18 21 il
866 3650 132 28 consiglio,
1010 3650 31 21 ed

571 3690 31 21 bo
611 3689 23 21 la
652 3686 116 23 condotta
787 3685 64 21 délia
869 3685 70 24 armi;
954 3684 86 26 questo

1068 2793 52 21 mio
1133 2794 94 25 potere,
1242 2798 70 16 corne
1323 2792 135 26 eccessivo,
1468 2792 30 21 ba
1508 2792 31 21 da

1069 2828 94 19 mutare
1169 2832 6 15 :
1189 2826 26 21 in
1230 2827 69 26 parte
1317 2826 13 21 è
1345 2825 51 28 più,
1408 2825 27 20 in
1445 2827 67 25 parte
1524 2825 14 21 è

1069 2864 74 16 meno
1152 2859 25 20 di
1189 2864 34 16 un
1234 2864 27 16 re
1273 2859 105 27 inglese;
1388 2858 65 22 forse
1465 2859 73 20 siras-

1069 2892 115 27 somiglia
1206 2892 92 27 meglio
1322 2893 48 21 allô
1383 2891 155 22 statolderato

1070 2925 24 21 di
1117 2923 105 23 Olanda.
1250 2925 94 21 Poteva
1372 2930 69 16 corne
1459 2924 79 26 Mosè,

1070 2957 114 28 Licurgo,
1206 2957 110 23 Romolo
1335 2958 32 23 ed
1391 2957 54 21 altri
1456 2963 83 21 parec-

1069 2990 50 26 chi,
1133 2991 93 21 dettare
1236 2991 174 28 sololeleggi;
1423 2996 51 16 non
1484 2991 56 21 vol-

1068 3024 18 20 li
1095 3031 6 19 ;
1131 3024 183 21 sembrandomi
1337 3024 45 21 cbe
1410 3023 19 21 il
1450 3024 88 26 popolo

1068 3056 175 27 partecipando
1263 3057 49 21 alla
1323 3056 180 28 composizione
1513 3057 25 20 di

1069 3090 80 26 quelle
1157 3090 24 21 le
1190 3089 108 22 avrebbe
1305 3093 80 19 amate
1394 3095 13 15 e
1414 3089 125 28 rispettate

1069 3123 24 21 di
1102 3122 57 27 più-;
1171 3128 97 20 ancora,
1282 3123 18 21 il
1311 3123 144 27 dispotismo
1466 3122 74 22 rinfa-

1069 3156 52 21 ccia
1128 3156 23 20 al
1156 3156 93 27 popolo
1256 3156 24 21 la
1288 3162 43 15 sua
1347 3157 114 20 inettezza
1469 3162 6 15 :
1486 3156 53 27 ipo-

1069 3188 72 22 crisia
1148 3188 6 21 !
1160 3189 181 26 imperciocchè
1347 3194 26 15 se
1377 3188 62 21 tieni
1445 3194 93 21 sempre

1068 3222 19 20 il
1103 3220 117 23 fanciullo
1241 3223 86 20 stretto
1338 3222 27 21 in
1375 3221 83 25 fascie,
1472 3227 66 16 corne

1068 3254 120 28 imparerà
1206 3254 50 28 egli
1275 3261 13 15 a
1307 3255 165 21 camminare?
1488 3254 51 22 Ora

1068 3293 94 15 veruna
1173 3288 84 21 scuola
1271 3288 25 21 di
1319 3286 87 23 libertà
1424 3293 87 21 supera
1520 3288 19 21 il

1067 3321 115 26 pubblico
1190 3320 171 22 dibattimento
1375 3320 58 21 suie
1446 3320 92 22 faccen-

1067 3353 30 21 de
1106 3353 156 26 déliapatria.
1272 3353 21 22 Il
1301 3353 111 27 principe
1421 3358 59 16 vero
1488 3353 50 21 dél-

1067 3386 23 21 ia
1099 3385 100 22 Corsica
1210 3386 14 21 è
1238 3386 24 21 la
1275 3386 109 21 consulta
1390 3393 6 13 :
1408 3386 31 21 da
1455 3388 82 25 tempo

1067 3419 81 21 antico
1168 3421 170 19 costumavano
1350 3418 8 20 i
1372 3419 69 26 padri
1458 3419 78 21 nostri

1067 3452 158 21 assembrarsi
1234 3452 27 21 in
1270 3452 127 26 congressi
1407 3452 39 21 cui
1455 3453 83 26 appel-

1066 3486 89 20 lavano
1180 3484 107 26 Vedute,
1305 3489 45 22 per
1366 3484 26 21 lo
1411 3484 43 27 più
1473 3485 64 21 nella

1067 3519 63 20 valle
1140 3518 25 20 di
1175 3517 155 28 Morosaglia;
1338 3516 89 23 andate
1434 3518 25 20 in
1471 3518 66 20 disu-

1066 3556 28 16 so
1106 3556 47 16 con
1164 3551 23 20 la
1197 3551 132 25 tirannide,
1337 3549 143 28 rinacquero
1488 3556 47 16 con

1066 3585 22 20 la
1095 3582 96 23 libertà.
1199 3582 61 23 Cosi
1269 3584 20 20 si
1305 3588 171 23 compongono
1492 3588 43 22 og-

1065 3617 35 26 gi;
1108 3617 59 26 ogni
1173 3616 61 21 villa
1242 3616 87 27 elegge
1336 3621 33 14 un
1377 3618 157 24 procuratore

1066 3650 24 20 di
1101 3655 113 19 comune,
1223 3655 15 14 e
1246 3649 36 27 gli
1293 3647 95 23 confida
1396 3649 18 20 il
1422 3649 111 21 mandato

1066 3688 45 21 per
1118 3687 72 16 mano
1196 3682 25 21 di
1231 3684 95 22 notaro;
1334 3680 80 22 finchè
1423 3684 35 19 sta
1470 3680 62 22 fuori

1565 2792 27 22 di
1603 2798 63 21 casa,
1674 2793 20 21 il
1702 2798 104 17 comune
1818 2794 41 21 del
1865 2800 74 21 paese
1943 2795 26 21 lo
1977 2801 61 22 paga

1564 2831 15 16 a
1590 2826 101 28 ragione
1702 2827 26 21 di
1743 2833 47 15 una
1800 2828 47 21 lira
1856 2828 24 21 al
1888 2828 97 27 giorno;
1996 2834 42 15 an-

1565 2859 44 21 che
1624 2859 42 27 qui
1677 2865 31 15 va
1716 2860 139 26 emendato,
1868 2860 89 22 daccbè
1968 2861 26 21 in
2002 2863 36 20 ta-

1564 2892 58 21 luna
1630 2892 59 21 villa
1699 2893 186 27 lapopolazione
1896 2899 50 16 non
1958 2895 79 21 arriva

1564 2930 15 16 a
1589 2930 28 21 40
1625 2930 115 22 persone,
1748 2926 27 21 in
1783 2927 60 21 altre
1851 2932 87 22 supera
1947 2927 31 21 de
1984 2933 51 20 400.

1565 2957 81 23 Prima
1654 2959 121 27 eleggeva
1784 2961 62 20 tutto
1860 2960 18 21 il
1885 2961 93 26 popolo
1985 2967 13 15 e
2007 2961 29 21 da

1565 2991 27 21 sè
1610 2996 71 16 senza
1702 2991 45 22 cbe
1759 2998 27 16 se
1802 2998 32 16 ne
1853 2994 149 21 mescolasse
2019 2994 18 22 il

1564 3029 119 22 governo,
1697 3030 40 16 ma
1756 3025 131 23 riuscendo
1899 3027 22 21 le
1932 3026 104 22 elezioni

1564 3058 174 27 scompigliate
1765 3064 107 21 sempie,
1902 3065 13 15 e
1940 3060 24 21 le
1994 3060 43 27 più

1563 3091 69 21 volte
1652 3091 77 25 inani,
1740 3090 26 22 fu
1785 3092 132 26 prowisto
1930 3092 50 22 cosi
1989 3099 6 15 :
2019 3093 18 22 il

1564 3123 103 27 podestà
1677 3129 14 15 e
1703 3124 18 21 il
1730 3125 74 26 padre
1813 3125 41 21 del
1862 3130 104 17 comune
1981 3131 56 22 pro-

1564 3157 151 26 porrebbero
1730 3157 9 20 i
1759 3158 111 21 cittadini
1882 3159 29 20 da
1926 3159 110 27 elegger-

1565 3190 22 20 si
1607 3196 14 15 a
1639 3191 153 26 procuratori
1799 3197 6 19 ;
1819 3191 74 26 quali,
1911 3192 64 21 dove
1986 3198 50 16 non

1564 3222 122 22 uscissero
1712 3223 79 26 eletti,
1820 3224 165 22 toccherebbe
2015 3226 21 20 ai

1564 3256 69 26 padri
1645 3256 26 21 di
1685 3256 108 28 famiglia
1810 3256 133 28 designarli
1951 3264 6 19 ;
1976 3264 14 14 e
2010 3264 26 15 se

1564 3288 32 21 nè
1607 3288 77 22 anche
1705 3290 80 25 questi
1796 3291 134 20 restassero
1950 3296 86 21 appro-

1563 3322 61 24 vati,
1647 3323 94 19 cotesta
1759 3322 61 21 villa
1834 3327 16 16 o
1867 3328 104 16 cumune
1992 3329 44 21 per

1564 3353 138 28 quell’anno
1720 3354 152 27 perderebbe
1884 3355 18 21 il
1913 3355 82 22 diritfo
2011 3357 24 20 di

1563 3387 114 21 mandare
1694 3389 168 24 procuratore:
1880 3390 64 19 resta
1964 3389 71 21 eletto

1564 3419 39 22 ebi
1612 3420 123 27 raccoglie
1747 3420 42 27 più
1804 3421 64 24 voti,
1882 3421 44 21 cbe
1938 3421 96 22 devono

1563 3458 115 21 superare
1688 3453 24 20 la
1719 3452 66 22 metà
1801 3453 67 28 degli
1882 3454 104 21 elettori.
1998 3454 36 21 Nè

1563 3486 78 26 questi
1650 3486 47 20 soli
1703 3490 174 23 compongono
1885 3487 23 20 la
1915 3488 117 25 consulta,

1562 3518 45 21 ebè
1619 3519 25 20 in
1657 3518 78 27 prima
1747 3517 200 30 c’intervengono
1957 3520 57 21 tutti
2026 3520 8 21 i

1561 3550 144 27 consiglieri
1711 3551 109 26 supremi
1828 3552 75 21 usciti
1911 3552 26 21 di
1946 3552 87 26 carica,

1561 3584 42 26 poi
1615 3584 9 20 i
1631 3582 52 28 figli
1699 3583 39 21 dei
1758 3584 74 21 morti
1845 3590 45 21 per
1907 3586 23 20 la
1945 3585 86 27 patria,

1560 3622 45 21 per
1615 3616 87 21 ultimo
1717 3617 7 20 i
1734 3617 153 26 procuratori
1900 3618 40 21 dei
1956 3618 78 27 magi-

1560 3649 69 20 strati
1637 3649 147 26 provinciali
1801 3650 25 20 di
1838 3650 38 21 cui
1887 3651 26 21 vi
1926 3650 106 22 ebiarirô

1560 3681 36 21 fra
1603 3687 74 21 poco.
1691 3680 31 22 La
1735 3683 110 20 consulta
1854 3685 136 20 convocata
2002 3683 30 21 da

2064 2801 40 15 me
2120 2796 21 21 si
2153 2796 107 22 riunisce
2272 2798 210 23 ordinariamente
2490 2806 47 16 una

2065 2829 62 21 volta
2139 2828 83 23 l’anno
2239 2830 27 21 in
2279 2830 75 23 Corte
2361 2838 6 19 ;
2380 2834 159 26 occorrendo,

2063 2861 43 27 più
2116 2863 78 25 volte,
2207 2869 13 15 e
2238 2864 26 20 in
2281 2864 54 21 altri
2347 2866 70 26 paesi
2426 2872 7 19 ;
2447 2872 92 22 appena

2063 2895 103 22 adunata
2176 2901 53 17 esso
2235 2897 100 21 nomina
2346 2898 48 21 due
2400 2902 141 24 procurato-

2063 2928 21 21 ri
2093 2929 130 26 comunali,
2236 2930 32 21 ed
2289 2936 49 16 uno
2351 2931 40 21 dei
2404 2933 136 27 magistrati

2063 2961 25 20 di
2096 2962 139 26 provincia:
2245 2963 8 21 i
2261 2964 38 20 tre
2308 2964 124 27 eleggono
2439 2966 18 21 il
2463 2967 76 26 prési-

2063 2994 81 26 dente,
2157 3000 15 16 e
2180 2994 113 23 l’oratore
2302 2996 193 24 deU’assemblea
2501 3006 7 19 ;
2522 3001 17 21 il

2063 3027 77 26 primo
2150 3030 115 25 présenta
2275 3029 99 29 le.leggi
2383 3036 15 15 a
2413 3037 76 16 nome
2499 3033 39 21 del

2063 3065 122 22 governo,
2208 3062 18 21 il
2245 3063 109 21 secondo
2375 3069 14 15 a
2409 3070 75 16 nome
2499 3066 41 22 del

2063 3094 99 26 popolo;
2172 3094 113 22 mandate
2296 3101 13 15 a
2318 3096 101 27 partito,
2428 3104 50 15 una
2484 3099 54 21 vol-

2063 3127 23 20 ta
2097 3127 21 20 si
2130 3127 140 22 vincevano
2281 3134 47 16 con
2337 3129 47 21 due
2393 3131 59 21 terzi
2461 3131 26 21 di
2494 3136 45 17 vo-

2063 3159 29 25 ti,
2103 3164 44 17 ora
2158 3166 31 15 ne
2200 3161 101 21 bastano
2308 3163 24 20 la
2343 3161 66 22 metà
2415 3169 10 20 ;
2433 3164 23 20 la
2466 3164 72 28 legge

2063 3192 40 21 del
2110 3198 113 22 governo
2231 3199 96 22 appena
2332 3195 72 21 vinta
2413 3196 21 21 si
2443 3197 95 27 esegui-

2063 3229 49 20 sce,
2124 3224 87 26 quella'
2224 3225 40 20 del
2275 3226 92 26 popolo
2376 3226 49 27 può
2446 3230 91 19 restare

2063 3254 119 26 impedita
2203 3254 40 22 dal
2261 3260 123 22 governo,
2413 3257 32 21 ed
2463 3259 76 20 allora

2062 3283 50 23 fino
2139 3286 47 20 alla
2209 3287 111 20 consulta
2352 3286 125 23 dell’anno
2499 3294 38 16 se-

2062 3316 91 25 gmente
2180 3320 48 16 non
2249 3316 49 27 può
2322 3317 148 27 riproporsi.
2503 3319 34 21 Vi

2063 3344 69 27 parrà
2155 3348 87 24 questo
2262 3347 136 26 eccessivo,
2419 3349 31 20 ed
2460 3348 15 22 è
2484 3356 6 18 ;
2498 3355 40 16 ma

2062 3375 25 20 io
2109 3375 114 22 desidero
2240 3376 19 21 il
2267 3378 93 25 popolo
2378 3378 80 22 libero
2469 3379 70 21 affin-

2062 3404 45 22 chè
2116 3410 196 18 mecoconcorra
2324 3413 14 15 e
2349 3408 36 21 mi
2395 3405 60 25 aiuti
2465 3415 14 15 a
2487 3409 51 22 fab-

2062 3435 95 21 bricare
2169 3436 24 20 la
2205 3441 42 16 sua
2258 3436 103 27 libertà;
2378 3443 40 16 ma
2425 3441 113 24 procurai

2062 3465 51 26 cbe,
2123 3472 65 21 poco
2200 3469 97 25 esperto
2306 3473 14 15 e
2332 3467 73 22 facile
2412 3474 14 15 a
2434 3470 104 21 rimane-

2061 3502 26 15 re
2098 3497 216 25 carrucolato,non
2323 3503 75 16 avese
2409 3499 24 21 le
2444 3500 93 22 braccia

2060 3526 78 21 libéré
2157 3527 25 20 di
2194 3527 216 22 scombussolarmi
2430 3535 48 16 con
2490 3537 47 15 una

2060 3557 62 21 mala
2130 3558 73 26 legge
2215 3558 60 26 ogni
2286 3563 63 21 cosa;
2364 3559 25 21 io
2402 3561 53 26 eglj
2466 3562 72 21 amici

2060 3588 57 21 miei
2131 3593 70 16 corne
2213 3588 18 21 il
2242 3588 97 27 profeta
2354 3588 83 23 Eliseo
2452 3592 86 21 stiamo

2060 3618 85 21 distesi
2154 3625 30 14 su
2194 3620 88 25 questo
2296 3621 94 25 popolo
2398 3626 45 21 per
2453 3622 84 22 infon-

2060 3648 79 27 dergli
2148 3649 25 20 la
2186 3648 87 22 libertà
2286 3650 39 20 col
2336 3652 86 20 nostro
2435 3652 67 22 alito.

2198 3687 6 23 (
2211 3684 136 22 Cuntinua
2352 3686 10 27 )
