2566 3966
192 194 426 56 GIURNALI
659 189 255 52 CORSI

96 343 98 24 L’Eveil
205 342 33 22 de
249 341 26 21 la
285 339 73 23 Corse
368 350 29 4 —
406 342 80 22 4-2-25

119 392 45 22 LA
181 388 81 24 MISE
281 387 45 23 EN
342 382 150 26 SOMMEIL

155 425 43 22 DE
210 421 94 24 DEUX
319 411 135 31 COMITÉS

97 512 24 6 ...
137 497 34 19 Au
189 492 91 23 Comité
295 492 29 20 de
335 490 21 20 la
370 487 74 22 Pêche
453 488 24 18 et
485 484 29 20 de
521 484 22 20 la

69 527 152 22 Pisciculture,
240 523 23 20 la
287 522 71 20 même
386 518 108 20 situation
518 520 25 14 se

70 559 42 20 fait
125 558 58 24 jour.

98 596 54 19 Lors
176 592 29 20 de
222 595 27 15 sa
277 586 107 27 première
408 582 97 22 réunion
522 583 23 17 et

71 626 67 25 après
153 629 31 15 un
200 620 103 23 échange
327 617 28 20 de
371 620 61 17 vues,
451 612 18 21 il
487 613 58 19 avait

72 657 37 20 été
131 650 185 25 solennellement
321 651 97 17 reconnu
426 649 47 20 que
480 642 23 20 la
516 648 29 14 si-

71 686 87 22 tuation
174 684 41 20 des
233 680 93 21 rivières
342 678 28 20 de
385 675 45 22 l’île
448 672 97 27 appelait

71 716 48 25 des]
130 719 101 17 mesures
248 713 103 22 urgentes
362 712 59 20 pour
434 704 112 20 remédier

71 749 15 19 à
94 747 49 20 leur
158 741 179 29 dépeuplement.

99 786 31 20 Le
144 784 50 26 plus
207 778 74 29 grand
297 776 92 23 nombre
399 774 45 34 des.
453 771 92 22 rivières

72 818 31 20 de
109 816 50 23 l’île,
168 816 53 18 sont
229 812 14 19 à
253 810 95 25 système
352 802 124 25 torrentiel,
485 801 61 21 c’est-

72 847 78 22 à-dire,
168 847 100 22 presque
284 838 113 22 asséchées
414 841 29 13 en
462 832 84 24 été,dé-

72 877 96 22 bordant
188 880 30 14 au
233 870 110 22 contraire
358 873 28 15 en
402 865 74 22 hiver.
504 863 42 19 Les

74 908 97 25 frayères
188 901 122 24 naturelles
326 901 51 19 sont
388 895 59 22 ainsi
464 898 83 16 soumi-

74 945 39 15 ses
125 939 13 19 à
146 937 28 20 de
181 933 126 23 nombreux
320 928 111 23 accidents
439 928 31 21 et,
485 924 29 20 de
522 929 26 14 ce

77 968 58 24 chef,
144 968 21 20 le
181 960 244 29 réempoissonnement
432 958 36 18 est
476 953 71 22 rendu

76 998 95 23 difficile.
192 994 76 23 Enfin,
294 999 29 14 ne
338 988 101 23 l’oubliez
448 1017 7 6 .
461 991 48 19 pas,
518 990 29 14 en

75 1029 112 22 charriant
194 1027 30 20 de
237 1023 123 22 nombreux
376 1017 132 23 matériaux,
517 1015 30 19 du

77 1060 69 24 sable,
163 1059 28 19 de
211 1057 24 20 la
243 1058 67 19 terre,
319 1052 28 21 de
357 1049 125 22 nombreux
490 1051 58 20 pois-

75 1097 55 15 sons
137 1100 26 4 —
176 1091 23 18 et
215 1085 53 28 plus
291 1080 201 29 particulièrement
508 1076 40 20 des

75 1122 92 26 petits—
182 1120 54 20 sont
244 1114 100 22 détruits.

102 1158 86 20 Devant
202 1159 39 15 ces
247 1148 165 23 constatations,
421 1146 23 20 le
461 1142 88 22 Comité

76 1188 61 22 avait
149 1184 78 23 décidé
235 1183 31 20 de
281 1181 112 25 présenter
408 1183 30 14 au
448 1173 102 23 Ministre

76 1227 34 13 un
126 1217 71 26 projet
210 1213 31 22 de
258 1211 96 22 création
370 1208 57 21 dans
440 1206 23 20 le
472 1206 78 23 depar-

76 1251 91 20 tement,
185 1246 55 21 d’un
265 1242 99 21 modeste
383 1236 168 23 établissement

79 1281 30 21 de
116 1277 144 29 pisciculture
277 1279 56 19 pour
350 1268 110 24 iemédier
480 1271 72 15 aune

79 1310 104 22 situation
195 1306 42 27 qui
249 1311 30 14 ne
292 1301 146 23 s’améliorera
453 1303 41 20 pas
504 1299 48 17 tou-

77 1346 25 17 te
113 1340 67 22 seule.

105 1379 21 20 A
137 1378 23 20 la
180 1373 119 23 deuxième
317 1369 91 22 réunion
423 1367 32 20 du
464 1363 87 23 Comité

80 1420 27 4 —
116 1415 41 14 son
173 1406 64 24 siège
253 1405 68 22 ayant
336 1401 35 20 été
385 1396 167 23 consciencieu-

80 1441 86 20 sement
181 1436 108 21 fait-et
308 1438 52 14 sous
372 1426 102 24 l’éternel
488 1423 66 22 motif

83 1478 10 10 «
100 1469 52 27 qu’il
172 1469 37 24 n’y
219 1472 15 14 a
251 1464 48 21 rien
311 1464 13 20 à
333 1461 54 21 faire
397 1466 30 14 en
435 1458 73 20 Corse
513 1461 11 12 »
531 1454 22 20 le

80 1501 73 27 projet
167 1496 106 29 présenté
286 1497 39 18 eut
335 1492 33 21 les
375 1491 118 21 honneurs
500 1486 15 20 d
521 1491 31 15 un

81 1531 156 27 ajournement
252 1526 51 21 sine
310 1524 45 21 die.

107 1568 58 21 Tout
181 1566 50 21 cela
239 1566 36 18 est
290 1560 148 23 évidemment
452 1556 101 25 déplora-

81 1600 45 21 ble.
144 1599 43 20 Par
204 1601 28 16 ce
245 1592 95 27 procédé
350 1588 109 24 dilatoire,
471 1586 83 26 perpé-

83 1634 55 20 tuel,
155 1635 30 14 on
198 1626 66 27 prive
279 1623 23 21 la
318 1623 68 20 Corse
393 1620 30 21 de
430 1621 75 19 toutes
520 1616 35 21 les

82 1658 167 24 améliorations
263 1655 55 20 dont
329 1655 51 19 sont
388 1650 167 26 copieusement

83 1692 64 20 dotés
164 1690 33 20 les
217 1689 77 19 autres
310 1684 163 25 départements
489 1682 24 18 et
520 1684 33 18 ce,

83 1724 15 20 à
110 1728 43 20 peu
168 1721 53 25 près
236 1716 161 27 gratuitement,
406 1711 99 27 puisque
515 1715 40 19 par

83 1754 23 20 le
120 1753 38 26 jeu
174 1751 41 21 des
230 1748 73 24 larges
315 1743 145 23 subventions
483 1740 72 26 qu’ac-

83 1783 68 22 corde
161 1782 75 22 l’Etat,
253 1778 33 21 les
294 1776 163 26 départements
464 1772 91 20 intéres-

85 1816 38 20 sés
135 1812 61 22 n’ont
202 1813 15 19 à
232 1809 56 21 faire
301 1808 66 26 qu’un
378 1804 103 22 modeste
492 1802 63 21 effort

84 1844 129 22 établissant
229 1841 51 20 leur
294 1838 59 22 désir
370 1834 140 23 d’améliorer
523 1832 32 20 les

84 1875 125 22 conditions
215 1870 164 24 économiques,
388 1873 59 19 pour
451 1866 48 20 être
506 1863 49 21 sub-

84 1905 141 23 ventionnés.

112 1943 33 20 En
161 1941 47 24 fait,
227 1939 67 22 donc,
303 1943 44 15 une
354 1935 126 26 puissance,
496 1934 59 24 peut-

86 1975 48 20 être
153 1971 95 22 occulte,
263 1975 14 14 a
288 1975 31 18 pu
335 1966 86 22 obtenir
437 1970 47 20 que
500 1963 55 20 deux

87 2003 98 22 Comités
195 2012 28 4 —
236 2005 58 20 pour
311 2005 28 14 ne
350 1997 53 21 citer
413 2002 47 19 que
473 1993 82 22 ceux-là

86 2045 28 4 —
118 2034 53 20 dont
177 2039 31 14 on
217 2029 94 28 pouvait
321 2028 105 22 attendre,
439 2031 55 15 sans
505 2024 50 20 dou-

86 2069 31 19 te,
128 2064 143 21 d’heureuses
280 2059 144 27 suggestions,
436 2056 76 22 soient
516 2054 39 21 mis

87 2103 30 13 en
125 2093 109 23 sommeil-

114 2132 72 20 Est-ce
199 2130 55 20 bien
272 2127 21 20 là
309 2127 22 21 le
342 2132 81 19 moyen
440 2124 30 20 de
480 2124 75 19 mettre

88 2170 31 14 en
127 2168 76 15 oeuvre
210 2161 36 20 les
257 2159 85 20 bonnes
352 2156 103 21 volontés
463 2153 41 26 qui
509 2151 46 22 s’of-

87 2194 60 20 frent
152 2198 56 20 pour
218 2195 99 17 amener,
323 2187 67 24 enfin,
393 2193 28 14 ce
424 2185 131 21 relèvement

89 2222 150 25 économique
256 2219 55 21 dont
330 2225 29 14 on
377 2217 62 25 parle
458 2214 97 26 toujours

89 2254 56 21 mais
158 2253 56 20 dont
231 2257 31 14 on
274 2257 30 14 ne
317 2250 99 24 s’occupe
424 2245 83 27 jamais
518 2244 13 20 ?

116 2290 56 20 Tant
184 2289 37 25 pis
229 2287 13 20 ?
250 2284 67 24 Tar#
321 2286 73 20 mieux
400 2285 13 20 ?
424 2284 30 21 Je
469 2289 30 15 ne
513 2287 40 15 sau

89 2321 45 21 raïs
146 2320 77 21 mieux
238 2317 109 21 conclure.

203 2353 98 24 Lucien
312 2349 221 26 GIROD-GENET.

120 2466 36 21 La
165 2465 81 21 Jeune
258 2463 75 22 Corse
339 2474 29 4 —
379 2467 85 23 7-2-25.

121 2509 57 22 LES
189 2502 155 29 RÉSEAUX
352 2507 60 22 DES
424 2506 28 22 G.
465 2506 29 22 F.
504 2505 30 21 D.

93 2576 85 21 CELUI
187 2575 41 22 DE
237 2575 38 20 LA
278 2574 94 22 CORSE
380 2574 53 22 EST
442 2575 39 20 EN
490 2569 75 25 TÊTE

118 2670 102 20 Pendant
228 2669 23 20 la
263 2669 97 21 semaine
373 2669 30 21 du
417 2674 14 20 4
439 2676 31 14 au
478 2673 28 15 10
517 2668 49 25 jan-

94 2700 54 23 vier,
157 2700 33 20 les
203 2702 96 19 recettes
315 2700 30 20 du
355 2701 78 19 réseau
447 2706 65 14 corse
520 2698 46 27 (299

95 2729 137 27 kilomètres)
239 2736 27 14 se
273 2734 51 16 sont
331 2730 85 21 élevées
426 2732 14 19 à
449 2730 71 26 69.361
530 2729 37 26 fr.,

576 333 36 21 ;oit
619 334 41 24 234
667 332 29 21 fr.
705 332 26 21 35
740 338 39 19 par
787 330 125 22 kilomètre,
922 334 26 15 ce
959 326 39 26 qui
1011 332 34 14 re-

576 364 96 20 jrésente
680 369 42 19 par
730 364 90 23 rapport
827 361 14 19 à
850 360 22 20 la
886 358 99 21 semaine
997 363 48 14 cor-

579 394 139 24 espondante
726 392 28 20 de
766 392 89 20 l’année
863 394 59 20 1924»
934 395 45 15 une
991 393 54 19 auS“

576 425 115 20 nentation
700 423 28 20 de
736 427 59 20 7.070
803 421 29 21 fr.
845 427 30 14 ou
889 425 23 15 il
927 420 27 20 fr.
965 418 26 21 36
1003 424 42 18 par

576 454 119 21 dlomètre.

593 490 20 19 A
625 489 70 25 partir
707 489 32 20 du
756 490 28 18 1er
796 486 90 26 janvier
899 486 34 20 les
950 487 94 18 recettes

576 526 17 14 ;e
607 523 53 17 sont
683 519 87 20 élevées
782 518 14 20 à
815 516 84 25 144.581
922 515 27 21 fr.
967 517 78 17 contre

576 549 79 26 [29.465
663 549 28 21 fr.
701 555 29 14 en
742 552 57 21 1924,
809 546 45 22 soit
865 552 46 15 une
917 545 127 23 différence,

576 587 23 14 *n
612 581 81 20 faveur
709 579 28 20 de
752 578 58 25 1925,
827 577 30 20 de
876 575 72 22 i5.il5
965 575 28 21 fr.
1016 581 29 14 ou

576 616 17 16 il
603 610 28 22 fr.
641 611 26 25 67
675 616 42 19 par
725 609 125 21 kilomètre.

596 646 85 26 Depuis
694 646 22 20 le
725 649 27 17 1er
762 644 89 26 janvier
859 643 22 21 la
898 641 105 23 situation
1018 641 29 20 de

579 685 14 13 a
600 676 140 27 Compagnie
747 676 39 20 des
803 674 102 22 chemins
917 674 28 21 de
960 672 35 21 fer
1009 672 39 20 dé-

576 710 164 19 jartementaux
747 712 25 14 se
779 706 105 24 présente
892 710 87 14 comme
986 702 47 21 suit
1038 708 8 14 :

596 743 88 21 Réseau
701 742 41 20 des
758 741 123 20 Charentes
897 745 6 13 :
918 744 21 20 4,
964 743 27 20 14
1016 744 30 14 en

576 773 69 22 noîns
654 780 7 17 ;
670 773 88 20 Réseau
770 771 31 21 du
809 769 103 22 Vivarais
921 776 7 14 :
941 768 58 25 10,27
1017 775 29 13 en

576 804 53 25 plus;
636 804 72 25 Ligne
718 803 28 20 de
753 802 22 20 la
784 802 92 20 Lozère:
890 805 47 21 7,79
940 806 28 14 en
972 798 74 22 moins

576 841 35 16 par
619 834 126 21 kilomètre.

597 871 60 21 C’est
664 870 60 21 donc
732 870 22 20 le
762 870 80 20 réseau
850 868 29 20 de
892 867 23 21 la
923 867 70 21 Corse
1007 865 40 26 qui

576 901 70 21 arrive
655 908 29 14 en
692 901 46 20 tête
745 906 55 15 avec
811 906 46 14 une
869 904 84 15 avance
971 897 79 25 appré-

576 932 68 22 ciable
652 938 41 14 sur
700 931 34 21 les
741 933 74 18 autres
823 930 95 20 réseaux
923 928 28 21 de
956 927 23 21 la
983 927 67 21 Com-

576 963 79 26 pagnie
663 962 41 21 des
712 962 27 20 C.
745 961 25 21 F.
777 961 28 20 D.

600 999 78 21 Senza
687 997 123 22 cummenti
816 997 11 20 !

602 1121 37 22 La
651 1121 77 22 Corse
739 1131 28 5 —
782 1125 84 22 1-2-25.

659 1176 47 22 LA
717 1175 135 23 LANGUE
864 1172 101 24 CORSE

603 1264 110 26 Lorsqu’il
715 1270 16 18 y
733 1270 14 14 a
754 1262 86 22 bientôt
845 1262 60 20 deux
912 1259 85 23 siècles,
1005 1258 48 21 Mu-

584 1295 62 21 •atori
654 1294 84 26 ditque
745 1294 34 20 les
784 1294 84 20 Corses
876 1291 89 22 avaient
975 1290 35 20 été
1019 1289 34 21 les

584 1326 103 21 premiers
698 1326 14 20 à
720 1324 70 22 écrire
799 1324 50 20 leur
861 1323 89 25 langue,
965 1321 17 21 il
991 1327 29 14 ne
1028 1326 25 14 se

584 1357 79 21 loutait
677 1362 42 20 pas
731 1362 44 19 que
787 1355 22 21 le
825 1354 95 21 dialecte
934 1358 63 16 corse
1019 1350 35 21 fut

584 1388 54 20 IUSSÎ
647 1394 31 13 un
684 1387 42 20 des
734 1386 74 20 mieux
816 1384 121 22 conservés
952 1383 29 20 de
995 1382 60 20 l’Oc-

584 1417 69 21 ûdent
671 1416 178 22 méditerranéen
867 1413 79 26 depuis
955 1413 33 20 les
1005 1418 51 19 pre-

584 1448 62 21 nîers
654 1447 112 21 habitants
771 1446 29 20 de
808 1452 39 14 ces
855 1445 109 21 contrées.

603 1484 20 22 A
631 1484 129 21 différentes
769 1482 97 26 reprises
874 1481 23 21 la
904 1480 81 25 langue
990 1484 65 15 corse

584 1522 8 13 i
600 1515 127 25 préoccupé
734 1514 33 20 les
783 1512 153 26 intelligences
943 1513 23 18 et
979 1510 77 20 donne

586 1545 38 22 ieu
632 1545 15 22 à
654 1546 42 20 des
702 1544 176 22 manifestations
884 1542 29 21 de
920 1541 83 26 l’esprit
1010 1540 47 21 fort

584 1577 162 21 intéressantes.

605 1613 35 21 En
649 1613 60 25 1837,
723 1619 31 14 on
764 1611 63 26 parle
839 1611 33 21 du
885 1610 94 21 dialecte
991 1614 66 15 corse

584 1650 52 17 avec
644 1647 109 22 avantage
761 1650 7 18 ;
785 1650 30 13 on
823 1642 24 21 le
854 1641 66 21 traite
935 1645 87 17 comme
1035 1639 23 20 le

584 1675 70 21 moins
662 1680 119 19 corrompu
794 1673 40 21 des
851 1672 109 21 dialectes-
967 1670 89 21 italiens

584 1709 20 17 st
615 1705 128 21 infiniment
751 1704 50 26 plus
812 1711 10 10 «
831 1702 131 26 intelligible
977 1707 45 20 que
1034 1700 23 20 le

584 1736 76 26 jargon
668 1736 30 20 de
707 1735 81 25 Naples
793 1738 23 18 et
829 1734 30 21 de
877 1733 82 24 Gênes,
973 1732 29 20 de
1014 1732 43 20 Bo-

584 1768 71 25 logne,
664 1767 30 21 de
702 1766 68 21 Milan
777 1769 23 17 et
807 1771 47 20 que
861 1765 23 20 le
899 1763 103 26 gracieux
1018 1762 39 21 vé-

584 1798 68 21 nitien
659 1806 20 12 ».
692 1817 6 3 .

606 1836 36 20 Au
651 1834 77 22 milieu
736 1834 40 20 des
784 1832 136 22 révolutions
925 1835 23 18 et
957 1831 40 21 des
1009 1837 49 19 sys-

584 1867 69 20 tèmes
655 1864 156 26 linguistiques
814 1862 199 25 actuels,continue
1014 1861 43 21 Va-

584 1897 46 25 Ierÿ
637 1896 101 26 (Voyage
746 1902 29 14 en
783 1896 72 20 Corse
862 1893 61 27 1837)
935 1900 46 15 une
989 1892 69 22 haute

584 1927 88 21 fortune
686 1926 83 25 attend,
781 1926 117 26 peut-être,
911 1931 26 15 ce
956 1924 101 22 dialecte,

584 1959 96 25 puisque
687 1958 23 20 le
717 1957 88 21 célèbre
811 1960 81 17 auteur
899 1956 29 20 de
936 1955 23 22 la
969 1961 12 11 «
989 1954 70 22 storia

584 1989 59 26 degli
651 1988 90 22 Antichi
755 1988 75 26 popoli
838 1986 86 22 italiani
938 1991 11 13 »
967 1992 14 14 a
992 1992 41 14 cru
1043 1992 17 18 y

584 2023 131 18 rencontrer
730 2019 34 21 les
777 2018 88 21 racines
882 2018 40 20 des
938 2016 122 22 anciennes

584 2050 94 26 langues
686 2049 103 25 italiquès
797 2058 11 11 »
818 2050 35 20 De
865 2048 126 21 Montherot
999 2047 63 25 (Pro-

585 2081 107 21 menades
706 2087 29 14 en
749 2080 70 21 Corse
840 2078 62 26 1840)
923 2079 74 26 ajoute
1004 2098 6 5 ,
1015 2084 47 19 que

584 2111 91 22 l’italien
684 2112 71 25 qu’on
763 2110 61 26 parle
833 2117 29 14 en
871 2110 70 21 Corse
948 2112 35 18 est
993 2109 45 21 bon
1054 2112 7 14 :

585 2141 54 23 c’est
644 2148 97 20 presque
749 2142 22 20 la
778 2141 83 25 langue
868 2144 91 18 toscane
964 2148 20 13 ».

611 2178 151 26 Gregorovius
770 2178 39 26 qui
817 2185 15 13 a
840 2177 57 22 écrit
903 2180 49 19 tant
959 2177 28 21 de
992 2176 71 21 belles

586 2216 69 20 pages
663 2216 40 14 sur
709 2212 64 18 notre
780 2215 65 19 pays,
853 2216 16 18 y
876 2212 79 18 trouve
965 2208 28 20 de
997 2213 68 20 gran-

586 2241 40 21 des
634 2240 116 26 analogies
755 2246 55 15 avec
817 2240 23 21 la
848 2240 83 24 langue
936 2239 40 21 des
982 2238 83 21 Trans-

586 2272 102 21 tévère...

611 2307 135 22 Tommaseo
760 2307 95 24 déclare,
864 2308 15 19 à
887 2313 41 15 son
942 2308 58 22 tour,
1018 2312 47 19 que

586 2338 23 21 le
617 2339 95 21 dialecte
721 2344 64 15 corse
790 2341 34 18 est
831 2338 23 20 le
862 2338 52 26 plus
921 2343 43 19 pur
972 2336 40 21 des
1019 2336 46 20 dia-

587 2369 70 21 lectes
661 2369 90 21 italiens
756 2372 23 18 et
783 2368 182 26 l’Encyclopédie
970 2367 31 21 du
1005 2367 60 21 XIXe

588 2399 69 22 siècle
664 2407 30 13 en
703 2399 126 26 exprimant
836 2400 23 20 la
876 2399 72 21 même
960 2398 84 26 pensée
1050 2404 15 19 y

589 2431 58 21 mêle
655 2431 42 20 des
710 2433 58 18 mots
776 2429 109 27 d’origine
892 2435 141 19 mauresque.

615 2467 101 26 Opinion
735 2467 115 25 identique
864 2466 55 21 chez
928 2466 28 21 G.
966 2465 49 21 Livi
1025 2464 40 26 (La

590 2497 92 22 Corsica
691 2505 14 13 e
713 2497 91 26 Çosimo
813 2497 69 24 i885J,
891 2496 54 22 chez
948 2496 26 21 F.
985 2496 80 21 Lencia

589 2527 122 27 (Pasquale
720 2528 62 20 Paoli
793 2535 14 14 e
815 2528 23 21 le
846 2533 81 21 guerre
938 2526 127 26 d’Indepen-

590 2559 72 21 denza
669 2559 60 21 délia
737 2559 98 24 Corsica,
847 2558 67 27 1890).

617 2596 61 21 Pour
686 2602 30 14 ne
724 2602 40 19 pas
772 2595 96 26 fatiguer
879 2595 22 21 le
910 2595 90 23 lecteur,
1010 2600 55 15 nous

590 2632 93 16 cessons
703 2629 58 18 cette
785 2626 154 21 énumération
956 2625 109 21 d’auteurs

591 2658 47 24 qui,
648 2658 14 20 à
669 2656 140 22 l’unanimité
820 2664 26 14 se
854 2657 113 21 déclarent
976 2662 59 20 pour
1046 2656 19 20 k

591 2688 73 21 Corse
670 2688 96 20 dialecte
772 2688 104 21 italien...

619 2718 86 26 Depuis
713 2718 108 26 quelques
829 2720 92 23 années,
927 2725 46 14 une
978 2718 87 21 ardentï

1073 180 102 22 croisade
1183 182 34 18 est
1225 180 82 20 menée
1315 181 52 16 avec
1374 171 95 23 chaleur
1475 172 70 17 etcon

1071 211 81 22 viction
1159 209 148 26 patriotiques
1313 212 39 20 par
1359 206 61 19 toute
1426 208 46 14 une
1480 199 67 26 pléia-

1070 242 29 20 de
1106 241 29 21 de
1142 240 115 25 fougueux
1263 235 159 30 régionalistes,
1436 229 110 23 écrivains

1070 272 123 21 dialectaux
1201 270 29 20 de
1235 270 79 21 valeur
1322 266 37 25 qui
1364 268 57 19 tous,
1432 269 29 14 en
1466 260 81 21 dehors

1070 302 28 21 de
1106 304 61 18 toute
1175 299 175 27 préoccupation
1365 294 115 27 politique,
1490 295 57 16 mais

1072 332 147 25 uniquement
1227 338 29 14 au
1266 336 55 16 nom
1331 328 28 20 de
1374 326 22 20 la
1413 323 89 21 science
1532 325 14 13 u

1071 364 93 24 langage
1172 365 23 17 et
1203 368 42 19 par
1253 366 81 16 amour
1346 358 30 20 du
1392 353 88 23 terroir,
1498 356 50 20 prô-

1071 397 54 17 nent
1132 393 23 20 le
1163 392 110 21 maintien
1282 392 29 20 de
1319 390 21 19 la
1353 388 81 22 langue
1447 388 65 15 corse
1525 382 23 18 et

1070 422 135 22 demandent
1215 423 82 24 qu’elle
1305 419 42 21 soit
1355 420 113 18 reconnue
1479 415 23 17 et
1509 417 39 15 en-

1070 454 90 25 seignée
1174 452 168 21 officiellement
1356 448 54 20 dans
1428 445 34 20 les
1475 444 39 19 éco
1523 447 24 14 es

1070 483 118 22 insulaires
1204 489 58 14 avec
1274 479 104 25 l’histoire
1393 476 31 20 du
1445 480 55 20 pays
1518 478 29 14 au

1071 515 72 20 même
1150 513 53 21 titre
1211 520 47 18 que
1266 514 23 20 le
1297 508 100 26 français.
1456 536 8 6 ^

1098 545 31 20 Le
1133 544 92 25 journal
1240 551 13 12 «
1257 545 21 20 A
1287 542 77 22 Muvra
1370 543 12 12 •"
1394 539 35 19 est
1439 536 66 20 l’âme
1520 533 30 19 de

1073 582 25 14 ce
1112 578 146 18 mouvement
1271 573 99 22 naissant
1383 568 56 21 dont
1452 566 8 20 1
1469 564 80 21 intérêt

1072 612 30 15 ne
1119 605 83 21 saurait
1221 605 49 20 être
1287 604 108 21 méconnu
1417 602 43 20 par
1476 599 73 16 aucun

1073 636 76 21 Corse.
1160 635 18 21 Il
1186 641 61 15 nous
1255 634 92 22 semble,
1362 637 28 15 en
1399 629 60 23 effet,
1469 632 48 32 que^
1528 625 22 19 le

1073 666 133 27 patrimoine
1218 666 74 21 moral
1312 664 51 20 d’un
1385 659 82 27 peuple
1493 663 15 14 n
1516 658 34 18 est

1072 697 138 25 sauvegardé
1218 703 46 18 que
1277 700 42 20 par
1326 699 24 14 sa
1357 692 88 24 langue.

1098 728 59 20 C’est
1164 734 30 14 en
1202 729 66 18 vertu
1277 726 30 20 de
1314 730 26 14 ce
1347 720 101 27 principe
1453 718 96 20 élémen-

1072 758 56 21 taire
1136 764 45 19 que
1189 758 35 20 les
1233 757 144 20 Provençaux
1386 753 41 19 ont
1442 755 28 14 su
1480 752 70 16 main-

1072 788 59 21 tenir
1138 789 22 20 la
1168 788 57 24 leur,
1235 785 86 26 malgré
1328 785 72 19 toutes
1406 781 35 21 les
1458 777 92 21 difficul-

1072 820 35 20 tés
1115 819 65 26 qu’ils
1188 821 41 19 ont
1236 815 142 23 rencontrées
1387 818 40 15 sur
1437 810 50 21 leur
1499 807 51 21 che-

1073 850 55 20 min.
1138 850 33 20 Ce
1179 849 39 26 qui
1226 855 14 13 a
1248 848 38 21 été
1293 845 40 22 fait
1340 850 40 19 par
1394 842 23 21 la
1435 842 115 20 Provence

1074 884 23 18 et
1104 881 32 20 les
1145 881 148 22 Provençaux
1300 878 53 23 peut
1360 877 23 18 et
1390 872 49 22 doit
1447 872 47 20 être
1510 868 40 22 fait

1076 918 41 19 par
1125 911 22 21 la
1155 911 71 21 Corse
1234 913 24 17 et
1265 909 34 20 les
1308 906 104 21 Corses...

1346 944 30 22 X.
1389 938 133 27 TOMASI.

1169 1031 289 33 L/Almanaccu

1111 1121 208 27 L’Almanaccu
1341 1115 29 27 di
1389 1114 29 26 A
1444 1112 107 27 Muvra

1081 1172 45 27 per
1137 1170 62 27 1925
1213 1164 17 23 è
1242 1158 113 29 surtitu!
1369 1156 49 27 208
1434 1152 115 38 pagine!

1081 1214 43 18 roo
1145 1203 114 35 disegni
1277 1203 6 24 !
1309 1200 15 26 8
1337 1205 125 21 canzone
1481 1203 37 19 eu
1534 1202 17 18 a

1081 1247 107 27 musica
1201 1246 8 24 !

1114 1289 13 26 I
1149 1288 54 35 più
1217 1295 73 27 gran
1307 1282 123 29 scrivani
1442 1290 16 17 e
1465 1281 88 35 pueta

1081 1331 71 27 corsi
1166 1338 7 18 :
1187 1330 97 25 Saniu
1303 1326 155 29 Casanova,
1486 1322 68 25 Luc-

1081 1372 104 32 ciardi,
1207 1371 85 26 Mais
1293 1368 80 32 traie,
1404 1364 146 31 Martinu,

1082 1413 222 36 Afipinçafialu,
1333 1410 24 26 Ü
1372 1405 181 36 Strampala-

1084 1458 39 30 tu,
1131 1456 25 26 IJ
1169 1451 227 38 Sampetracciu,
1406 1446 141 33 Tristani,

1082 1498 101 27 Marco
1203 1495 124 37 Angeli,
1351 1489 204 30 d9Altimonti-

1082 1539 151 32 Minicale,
1248 1539 121 26 Simonu
1383 1534 71 26 dili
1464 1533 50 26 Lee
1516 1540 36 24 ci,

1083 1581 209 27 Sambucucciu
1297 1579 33 27 di
1339 1576 135 31 Casinca,
1484 1574 72 26 Bor-

1081 1623 106 37 ghettiì
1220 1622 123 27 Simonu
1367 1618 126 31 d'Aullè>
1517 1616 38 26 G»

1086 1666 114 26 Olivier
1201 1665 22 32 i,
1239 1665 40 26 G.
1298 1661 128 32 Luciani,
1457 1660 39 26 G.
1518 1658 36 26 P•

1085 1705 287 35 C.odaccioni,Kyrn,
1379 1701 174 37 Guglielmi,

1082 1751 113 31 Pincu,*
1210 1749 31 27 U
1259 1746 156 34 Babbuqiu,
1446 1745 110 26 Matteo

1085 1791 147 32 Cirnensi,
1272 1791 39 26 G.
1332 1789 33 26 di
1394 1797 19 17 a
1438 1787 117 31 Grotta,

1082 1843 66 19 ec...

1118 1882 111 34 Pre^u
1241 1890 10 17 :
1275 1883 20 25 3
1303 1879 139 27 franchi.

1117 1936 41 25 Pè
1178 1943 19 18 a
1201 1937 90 33 posta
1305 1934 35 26 :4
1350 1932 140 27 franchi.

1104 2023 163 55 COSE
1291 2023 251 52 ANDATE

1088 2110 26 32 È
1125 2114 110 27 surtitu
1244 2122 10 17 :

1152 2170 129 32 COSE
1297 2168 205 34 ANDATE

1318 2218 23 21 di

1191 2258 39 26 G.
1244 2258 32 26 P.
1290 2257 175 27 Lucciardi

1090 2322 23 22 A
1124 2322 105 22 Lumera
1237 2333 30 5 —
1272 2322 25 23 A
1308 2320 78 22 Rocca
1392 2331 30 4 —
1430 2320 23 22 A
1462 2318 103 23 Deda—

1094 2356 25 22 U
1127 2355 88 22 Fornu
1226 2367 31 5 —
1268 2355 23 22 U
1303 2354 100 22 Stacciu
1414 2366 30 3 —
1455 2353 24 21 A
1494 2352 73 22 Chic-

1092 2395 45 16 car
1137 2396 17 15 a
1164 2400 28 6 —
1203 2389 24 21 A
1243 2388 112 23 Falletta
1367 2399 30 4 —
1410 2387 25 21 A
1447 2386 121 22 Barretta

1092 2422 96 28 Misgia
1198 2434 30 4 —
1238 2423 23 22 A
1280 2420 142 24 Cherchera
1433 2432 28 5 —
1472 2420 22 22 U
1500 2420 67 22 Pilo-

1092 2462 32 16 ne
1139 2468 30 4 —
1189 2456 25 22 U
1227 2454 119 24 Mandile
1365 2454 28 22 di
1413 2456 67 26 capu
1497 2466 30 4 —
1547 2454 24 22 U

1094 2489 70 24 Zenu
1173 2495 13 15 e
1201 2495 18 16 u
1235 2488 154 24 Fiaschettu.

1271 2531 28 29 96
1314 2530 86 28 pagine

1171 2571 30 15 eu
1213 2571 17 15 u
1241 2566 96 21 ritrattu
1348 2564 24 22 di
1381 2563 112 23 l’Autore

1127 2603 10 4 "
1147 2598 105 22 Introitu
1264 2599 25 22 di
1304 2598 47 22 BR
1356 2597 23 22 A
1384 2598 52 21 ND
1442 2598 74 22 ONE

1094 2640 72 23 Carta
1177 2640 26 22 di
1214 2641 71 22 lussu
1300 2651 29 6 —
1340 2639 72 23 tiratu
1423 2646 15 16 a
1449 2640 120 28 pughissi-

1093 2680 41 17 me
1147 2674 72 28 copie
1233 2685 31 5 —
1279 2673 122 28 cupartina
1414 2674 28 21 in
1455 2679 15 16 2
1484 2674 84 22 cûlori.

1209 2725 87 21 prezzu
1308 2725 6 14 :
1335 2718 18 22 4
1365 2718 94 22 franchi

1721 156 260 54 ALTRI
2021 139 365 60 JURNALI

1600 307 95 23 Action
1705 299 134 28 Française

1686 348 80 25 CHEZ
1777 346 60 23 LES
1851 343 80 23 FOUS

1596 412 37 21 En
1641 408 65 23 avril
1714 410 54 23 1914
1776 404 22 21 Ie
1803 401 68 27 Parti
1876 398 115 23 socialiste
1998 400 46 16 me-

1572 443 53 22 nait
1631 448 28 15 sa
1676 440 127 23 campagne
1817 429 121 25 électorale
1946 433 56 16 avec
2009 428 35 18 11-

1570 472 86 28 gnoble
1664 469 77 22 dessin
1750 467 29 21 de
1784 464 66 22 Paul
1855 462 87 22 Poucet
1955 464 41 16 sur
2006 456 37 21 «la

1572 504 65 22 Folie
1644 502 43 21 des
1695 497 158 24 armements».

1601 534 63 21 Trois
1672 530 57 22 mois
1744 528 53 26 plus
1806 524 57 22 tard
1873 524 42 20 des
1928 522 117 20 centaines

1574 565 30 21 de
1616 562 97 23 milliers
1728 559 30 21 de
1773 556 91 22 soldats
1872 552 105 27 français
1991 552 55 18 tom-

1574 596 82 21 baient
1662 599 30 15 en
1700 590 97 22 surcroît
1808 587 68 26 faute
1891 585 30 21 de
1928 586 87 18 canons
2023 582 23 16 et

1575 626 89 22 d’obus.
2020 640 7 6 ,

1599 658 37 21 En
1645 654 87 28 février
1747 650 62 28 1925,
1821 649 23 21 le
1857 643 190 26 dessinateur-de-

1572 689 61 24 puté
1638 685 66 23 Paul
1710 684 87 20 Poncet
1804 682 36 19 est
1844 678 93 21 nommé
1941 675 106 20 secrétai-

1573 725 26 14 re
1606 718 30 21 de
1643 717 26 20 la
1686 711 147 25 Commission
1843 709 30 21 de
1881 707 99 21 l’armée.

1574 787 40 22 Du
1624 784 82 23 même

1599 826 46 21 Les
1653 821 91 24 mutilés
1752 818 59 22 delà
1817 821 83 21 guerre
1905 813 93 23 veulent
2001 815 45 21 que

1575 852 190 29 l’augmentation
1779 849 30 21 de
1825 848 51 20 leur
1888 844 97 28 pension
2002 842 46 20 soit

1576 886 102 23 calculée
1685 889 41 16 sur
1730 882 23 22 le
1761 884 57 18 taux
1826 879 30 21 de
1864 876 81 26 i,8o°\o.
1955 875 33 21 Le
1991 877 56 22 gou-

1576 917 134 23 vernement
1715 916 23 19 et
1745 913 25 21 la
1777 909 144 24 commission
1929 907 42 21 des
1972 905 77 26 finan-

1576 957 38 14 ces
1619 946 112 29 plaident
1734 948 62 22 pour
1805 939 83 28 i,70ol».
1899 939 62 22 Sans
1968 941 51 16 oser
2026 935 22 19 le

1578 981 57 24 dire,,
1643 978 62 23 MM.
1723 973 94 24 Herriot
1823 974 24 19 et
1857 968 124 24 Clémentel
1989 970 59 22 pen-

1577 1013 52 20 sent
1638 1010 80 22 même,
1732 1007 55 21 c’est
1794 1003 100 23 évident,
1909 1007 46 20 que
1973 997 76 26 1,654°

1575 1040 130 28 suffiraient
1707 1037 135 26 largement.

1603 1072 40 22 Tel
1649 1069 61 24 était
1716 1067 78 26 l’objet
1801 1066 34 21 du
1852 1064 72 21 débat
1939 1062 19 21 d
1964 1061 56 21 hier.
2027 1060 23 18 Il

1576 1111 17 14 a
1600 1105 39 20 été
1644 1100 121 23 démontré
1774 1103 46 21 que
1831 1096 23 21 le
1861 1093 126 27 coefficient
2002 1088 47 23 exi-

1574 1137 33 24 gé
1617 1138 48 22 par
1683 1131 34 22 les
1734 1128 90 23 mutilés
1839 1123 173 28 correspondait
2031 1126 17 14 a

1573 1166 70 26 peine
1656 1164 17 22 à
1683 1158 191 29 Vaugmentation
1885 1157 33 21 du
1923 1155 55 27 prix
1985 1153 30 21 de
2022 1151 26 21 la

1576 1197 44 21 vie.
1629 1196 53 21 Par
1697 1193 101 21 ailleurs,
1807 1190 21 21 il
1833 1188 88 22 semble
1933 1186 54 22 bien
2003 1189 46 21 que

1578 1229 33 20 les
1619 1225 87 24 crédits
1713 1223 62 22 ainsi
1781 1219 141 24 nécessaires
1929 1224 30 15 ne
1966 1217 83 24 dépas-

1577 1258 103 22 seraient
1690 1259 48 23 pas
1754 1254 22 21 le
1787 1251 127 23 maximum
1926 1249 74 26 prévu
2016 1251 33 16 au

1578 1289 88 26 budget
1673 1286 89 26 auquel
1771 1282 144 24 commission
1923 1283 24 19 et
1955 1283 96 22 gouver-

1578 1321 94 21 nement
1679 1320 42 19 ont
1728 1316 93 22 déclaré
1830 1313 90 22 vouloir
1925 1319 26 14 se
1958 1310 92 22 limiter.

1578 1351 86 22 Alors?

1602 1383 96 20 Alors...
1707 1380 21 20 il
1732 1386 31 14 ne
1769 1386 14 13 s
1788 1376 101 26 agissait
1898 1381 46 20 que
1951 1374 42 21 des
2003 1377 48 16 mu-

1579 1413 59 21 tilés.
1653 1411 78 23 Est-ce
1738 1409 62 21 dans
1807 1409 60 19 cette
1872 1406 85 25 pensée
1965 1402 85 28 queM.

1581 1441 132 25 Clémentel,
1720 1440 55 26 puis
1778 1439 35 21 M.
1821 1438 101 23 Herriot,
1931 1438 41 19 ont
1978 1433 73 22 soule-

1579 1477 30 20 vé
1614 1475 55 21 tant
1676 1472 31 21 de
1715 1469 137 27 difficultés?
1860 1469 47 21 Car
1913 1465 139 28 dépouillées

1580 1507 41 21 des
1626 1503 150 28 précautions
1780 1500 107 22 verbales
1890 1506 46 20 que
1944 1499 46 21 l’on
1994 1497 58 21 ima-

1578 1538 62 25 gine,
1648 1536 25 21 si
1685 1534 150 26 pathétiques
1846 1530 146 24 soient-elles,
1999 1529 54 20 c’est

1581 1575 31 15 un
1627 1567 48 27 fait
1687 1573 46 19 que
1747 1566 33 20 les
1791 1563 165 22 interventions
1965 1561 33 21 du
2012 1558 41 23 mi-

1581 1600 71 21 nistre
1659 1600 25 18 et
1690 1598 34 20 du
1729 1596 54 26 chef
1788 1596 33 20 du
1827 1594 179 26 gouvernement
2014 1590 40 22 dé-

1582 1629 135 23 conseillent
1734 1626 168 27 formellement
1920 1625 30 21 de
1966 1624 88 22 donner

1579 1662 59 26 gain
1652 1660 31 22 de
1702 1665 69 15 cause
1782 1664 50 15 aux
1842 1657 96 21 anciens
1953 1655 102 22 combat-

1582 1695 64 20 tants

1609 1725 37 20 On
1663 1729 31 14 ne
1715 1722 29 24 fit
1756 1724 48 22 pas
1814 1721 55 20 tant
1881 1719 31 22 de
1929 1716 124 28 difficultés

1582 1753 84 28 quand
1670 1753 20 25 il
1696 1753 20 21 d
1715 1753 51 25 agit
1769 1752 33 21 du
1810 1750 132 22 traitement
1945 1749 41 22 des
1991 1749 64 25 fonc-

1583 1784 142 23 tionnaires!

1611 1868 36 22 Le
1658 1865 98 27 Rappel

1609 1919 34 21 Le
1653 1918 181 26 gouvernement
1848 1915 78 22 actuel
1931 1922 17 14 a
1964 1913 93 23 commis

1585 1951 61 20 deux
1651 1949 82 26 fautes
1738 1947 98 24 lourdes,
1843 1947 215 26 eninquiétantpar

1586 1982 42 20 des
1638 1982 88 25 propos
1741 1978 155 22 inconsidérés
1909 1978 34 21 les
1962 1976 97 23 catholi-

1587 2019 57 19 ques
1650 2011 118 24 d’Alsace,
1777 2016 29 14 en
1815 2010 107 21 donnant
1926 2011 17 20 à
1951 2010 25 20 la
1981 2008 78 27 politi-

1586 2050 46 19 que
1638 2042 105 21 romaine
1749 2040 175 26 germanophile
1931 2047 32 14 un
1968 2041 91 24 prétex-

1587 2077 22 18 te
1617 2074 31 21 de
1654 2072 119 23 s’exercer;
1779 2072 56 25 puis
1841 2071 136 25 finalement
1984 2078 29 13 en
2021 2076 38 14 ac-

1589 2105 99 21 cordant
1704 2110 49 14 aux
1767 2103 63 21 seuls
1846 2103 144 25 catholiques
1997 2101 63 22 alsa-

1588 2134 181 23 ciens-Lorrains
1773 2140 31 15 un
1815 2134 87 25 régime
1909 2134 150 26 d’exception.

1616 2167 31 21 Ce
1658 2167 55 20 sont
1717 2165 25 21 là
1750 2165 41 21 des
1805 2164 186 26 manifestations
2001 2164 60 22 d’in-

1590 2198 123 21 cohérence
1732 2196 42 26 qui
1791 2199 58 18 vont
1853 2197 17 20 à
1889 2197 122 21 l’encontre
2031 2196 31 21 de

1591 2229 100 21 l’intérêt
1696 2228 113 24 français.

1618 2260 28 21 Si
1658 2259 27 21 la
1692 2258 112 22 situation
1812 2258 30 21 de
1859 2258 100 22 l’Alsace
1968 2262 24 18 et
1999 2260 30 21 de
2036 2258 26 22 la

1590 2290 114 22 Lorraine
1718 2290 163 23 commandait,
1894 2291 108 25 pendant
2016 2297 47 14 une

1590 2320 95 27 période
1692 2320 31 22 de
1727 2321 154 24 transition,le
1885 2322 112 21 maintien
2005 2321 56 22 d’un

1592 2351 170 23 ambassadeur
1771 2353 86 25 auprès
1873 2353 34 21 du
1925 2354 103 23 Vatican,
2046 2353 20 21 il

1591 2383 83 26 fallait
1682 2390 119 14 conserver
1808 2384 16 20 à
1835 2384 73 22 Rome
1924 2392 32 14 un
1972 2385 93 21 ambas-

1592 2415 88 21 sadeur
1687 2414 31 21 de
1725 2415 89 21 France
1818 2418 62 22 pour
1890 2416 82 21 traiter
1979 2417 42 20 des
2029 2415 36 26 af-

1591 2446 75 25 faires
1680 2446 131 25 religieuses
1827 2446 31 21 de
1866 2446 200 23 I’Alsace-Lorrai-

1594 2484 30 14 ne
1639 2483 34 15 au
1695 2480 99 18 moment
1807 2479 73 20 même
1890 2480 31 20 où
1928 2479 138 22 l’ambassa-

1594 2508 58 21 deur
1659 2507 32 21 de
1698 2507 89 22 France
1795 2509 57 21 cède
1856 2509 23 21 le
1884 2513 54 22 pas.

1619 2539 66 21 Pour
1691 2539 44 25 qui
1737 2539 48 21 sait
1789 2540 35 20 les
1829 2540 126 22 tendances
1962 2542 30 21 de
1997 2542 25 21 la
2025 2544 42 23 po-

1595 2570 83 26 litique
1695 2571 103 21 romaine
1810 2578 29 14 en
1851 2572 119 26 Autriche,
1983 2580 29 15 en
2021 2572 46 22 Ba-

1596 2601 69 25 vière,
1678 2607 30 15 en
1718 2601 91 24 Alsace,
1824 2603 37 21 les
1873 2604 195 25 agglutinements

1594 2629 125 28 cléricaux,
1739 2633 34 21 les
1785 2640 105 15 rumeurs
1902 2635 163 24 d’autonomie,

1595 2663 25 21 la
1628 2663 106 26 question
1743 2664 29 20 de
1784 2665 160 22 Vambassade
1956 2667 33 20 du
2005 2667 62 22 Vati-

1596 2701 45 14 can
1658 2695 61 20 n’est
1727 2695 54 25 plus
1796 2696 122 25 religieuse
1931 2698 61 21 mais
2002 2699 66 24 fran-

1596 2725 71 24 çaise.

2097 284 110 24 L’Eclair

2094 331 32 21 M.
2139 328 96 22 Herriot,
2245 326 62 20 dans
2318 331 42 15 son
2376 325 145 33 iucommensu.

2077 369 20 14 ■a
2097 362 16 20 b
2113 361 22 21 le
2143 358 81 22 vanité
2233 364 16 13 a
2258 362 41 15 cru
2307 355 61 26 qu’il
2371 358 106 23 pourrait

2077 397 72 20 mrger
2156 391 75 19 contre
2239 388 34 20 les
2286 387 80 20 saines
2374 386 44 22 lois
2425 389 30 20 de
2462 391 22 22 la
2492 399 34 21 p0^

2077 423 73 25 itique
2153 419 116 27 française
2277 417 125 25 réaliste,et
2409 419 55 22 elles
2469 426 58 24 pren,

2077 455 49 20 lent
2133 453 75 20 contre
2218 449 40 23 lui,
2268 449 17 20 à
2291 449 101 24 présent,
2402 455 45 15 une
2454 458 74 24 cruelle

2077 482 112 24 ■evanche.
2205 481 24 21 Il
2234 486 31 14 va
2283 481 51 18 tout
2348 479 141 26 simplement
2500 496 27 17 au

2077 515 62 22 -.rime
2143 516 47 23 par
2201 512 24 21 la
2234 510 52 21 voie
2292 509 30 21 de
2330 509 155 27 l'imbécillité,

2096 541 36 21 La
2145 537 103 27 question
2260 534 225 26 d’Alsace-Lorraine
2491 547 40 19 mê-

2077 571 60 21 niait
2153 569 70 21 d’être
2245 566 83 21 traitée
2342 565 157 28 sérieusement
2510 581 20 18 et

2077 608 52 16 îvec
2142 599 126 26 infiniment
2275 597 31 21 de
2313 596 88 26 doigté.
2410 598 121 29 Lemisêra-

2077 634 33 20 ble
2123 630 137 24 inconscient
2281 628 74 25 qu’est
2366 627 95 24 Herriot
2474 634 56 26 vient

2077 670 75 16 mcore
2160 662 29 21 de
2194 661 24 21 la
2222 659 147 26 compliquer.
2378 659 23 20 Il
2407 662 72 25 avait,
2487 666 15 20 à
2509 668 21 23 lQ

2077 695 92 22 tribune,
2183 691 102 22 dénoncé
2294 690 34 21 les
2338 691 147 24 séparatistes
2494 702 38 20 çUl-

2077 724 113 22 ;’abritent
2206 721 99 22 derrière
2322 720 34 22 les
2372 722 76 20 autels
2462 731 68 21 sacrés

2077 760 53 18 bour
2145 754 124 22 combattre
2282 752 180 22 sournoisement
2474 761 57 22 notre

2077 792 59 22 bays,
2146 788 23 19 et
2176 785 19 21 il
2199 784 47 26 fait
2255 784 52 21 leur
2315 783 41 26 jeu
2371 789 29 15 en
2414 783 117 31 destituant

2077 816 178 24 l’ambassadeur
2270 815 34 20 du
2319 814 95 21 Vatican
2431 822 32 14 au
2469 821 62 25 profit

2077 851 51 21 i’un
2138 847 87 25 chargé
2240 845 123 26 d’affaires
2373 845 43 21 des
2420 848 111 28 provinces

2077 880 127 22 retrouvées.

2099 945 21 20 L
2127 945 132 19 Humanité

2098 987 132 23 M’oublions
2235 989 47 22 pas
2286 984 30 21 de
2324 984 75 26 quelle
2406 987 97 23 manière
2511 998 20 16 se

2077 1024 52 18 fjose
2138 1019 23 21 le
2165 1017 117 27 problème
2294 1016 35 21 du
2336 1016 87 21 Maroc.

2098 1046 37 21 La
2146 1044 87 21 France
2248 1041 133 27 capitaliste
2392 1043 61 19 tente
2460 1044 72 26 depuis

2077 1077 64 25 vingt
2156 1081 44 16 ans
2215 1073 25 22 la
2257 1074 112 25 conquête
2386 1072 105 24 militaire
2504 1079 28 22 du

2077 1112 62 22 f?ays.
2156 1107 43 21 Les
2214 1106 130 25 dirigeants
2365 1108 101 18 avouent
2487 1114 45 17 eux-

2077 1141 81 20 mêmes
2169 1143 44 20 que
2225 1137 34 21 les
2275 1136 112 26 dépenses
2400 1139 133 24 marocaines

2077 1170 103 22 <?élèvent
2199 1169 54 25 déjà
2270 1168 17 21 à
2296 1168 56 25 près
2359 1167 31 21 de
2398 1170 81 22 quatre
2490 1172 43 21 mil-

2077 1201 70 22 liards
2154 1200 30 22 de
2188 1199 80 26 francs
2280 1199 188 24 d’avant-guerre
2475 1203 21 18 et
2502 1209 32 16 ces

2077 1232 89 26 chiffres
2173 1234 52 19 sont
2231 1230 152 23 notoirement
2388 1228 67 26 faux.

2100 1259 80 21 Douze
2191 1257 60 22 mille
2260 1256 91 22 soldats
2362 1255 105 26 français
2471 1263 16 19 y
2500 1265 36 17 ont

2077 1292 37 20 été
2118 1288 108 26 sacrifiés.

2101 1314 156 27 L’expédition
2265 1314 34 21 du
2312 1313 81 21 Maroc
2407 1315 97 23 engagée
2511 1322 25 16 en

2078 1352 55 21 1904
2145 1350 47 22 par
2207 1345 114 23 Delcassé
2331 1347 24 18 et
2367 1344 35 21 les
2425 1344 111 26 tripoteurs

2077 1379 42 21 des
2126 1378 103 25 banques
2240 1384 16 14 a
2264 1378 39 20 été
2308 1376 63 21 l’une
2379 1374 42 22 des
2428 1382 76 16 causes
2510 1378 26 22 de

2077 1409 24 21 la
2107 1415 82 20 guerre
2196 1409 29 21 de
2232 1413 62 22 1914.

2101 1439 159 27 Aujourd’hui,
2280 1440 71 25 après
2366 1437 68 26 vingt
2444 1445 49 17 ans,
2508 1440 28 23 les

2077 1471 160 31 impérialistes
2244 1471 170 21 entretiennent
2421 1469 82 23 la-bàs:

2098 1504 48 21 Une
2149 1505 75 19 armée
2229 1503 30 21 de
2262 1501 218 28 quatre-vingt-cinq
2482 1503 55 22 mille

2077 1535 109 21 hommes.

2103 1560 34 22 Ils
2151 1560 129 24 réclament,
2303 1562 24 19 et
2334 1566 29 15 on
2378 1558 51 21 leur
2441 1560 94 24 accorde,

2077 1595 61 23 pour
2148 1591 114 22 l’exercice
2282 1590 62 27 1925,
2362 1596 32 15 un
2408 1590 85 25 budget
2502 1592 35 20 mi-

2079 1623 79 21 litaire
2177 1623 30 20 de
2226 1622 44 22 325
2285 1622 101 22 millions
2399 1621 30 21 de
2442 1621 97 25 produits

2078 1655 148 25 d’emprunts,
2237 1659 42 16 100
2287 1654 102 21 millions
2393 1656 63 22 pour
2457 1652 34 21 les
2499 1660 39 15 oeu-

2079 1692 52 15 vres
2138 1685 135 25 locales,soit
2279 1685 45 22 85o
2327 1684 160 25 millions,près
2490 1684 47 23 d’un

2079 1717 105 21 milliard
2189 1718 43 21 mis
2244 1718 16 20 à
2268 1717 25 21 la
2300 1715 137 28 disposition
2441 1716 29 20 de
2475 1715 64 26 Lyau-

2080 1751 43 23 tey,
2137 1749 159 25 mégalomane
2318 1755 58 14 sans
2392 1746 99 22 contrôle
2505 1749 34 24 qui

2080 1780 109 24 menaçait
2199 1779 17 22 il
2223 1787 15 19 y
2250 1780 110 26 quelques
2368 1778 111 23 semaines
2489 1778 51 22 d’en-

2080 1811 65 22 vahir
2152 1811 22 21 le
2186 1811 50 22 Riff.

2110 1842 63 22 Voilà
2185 1842 60 22 dans
2257 1843 68 26 quels
2339 1845 82 19 termes
2426 1841 114 26 financiers

2080 1880 27 14 se
2116 1875 106 24 présente
2229 1874 25 21 la
2262 1874 105 26 question
2376 1873 33 22 du
2416 1873 84 21 Maroc.

2081 1905 82 21 Doriot
2170 1912 16 14 a
2187 1907 89 20 montré
2278 1913 33 14 au
2316 1909 148 23 paysqueces
2466 1905 75 20 centai-

2081 1943 43 14 nes
2127 1936 30 21 de
2161 1936 97 22 millions
2257 1937 105 26 prélevés
2366 1936 63 22 dans
2431 1935 33 22 les
2466 1935 75 27 poches

2082 1968 43 20 des
2136 1968 99 21 ouvriers
2247 1971 23 18 et
2283 1969 43 20 des
2331 1972 104 22 paysans
2442 1967 31 21 de
2479 1967 63 22 Fran-

2083 2006 27 14 ce
2123 2005 29 15 ne
2161 2000 115 20 servaient
2287 2000 55 25 qu’à
2353 1999 101 22 enrichir
2469 1997 32 23 les
2514 2005 28 15 re-

2084 2030 70 25 quins
2166 2030 29 20 de
2211 2031 24 20 la
2244 2031 95 25 Banque
2354 2031 30 20 de
2398 2030 64 21 Paris
2480 2033 20 17 et
2509 2029 33 22 des

2084 2060 111 26 Pays-Bas
2208 2068 57 15 avec
2271 2069 39 14 ses
2319 2061 120 24 satellites,
2444 2068 37 14 ses
2491 2060 51 26 filia-

2084 2092 35 21 les
2137 2094 24 19 et
2175 2098 36 15 ses
2226 2094 150 21 succursales.
2392 2093 24 21 Il
2426 2100 17 14 a
2456 2093 45 22 cité
2516 2092 28 22 les

2085 2129 66 15 noms
2158 2123 29 21 de
2194 2124 162 26 quelques-uns
2362 2124 43 22 des
2413 2124 93 26 députés
2509 2124 35 25 qui

2085 2154 161 23 administrent
2253 2156 35 21 les
2296 2155 97 27 affaires
2403 2155 140 22 marocaines.

2085 2186 37 21 En
2139 2187 93 24 réponse
2246 2188 16 20 à
2274 2188 90 25 Doriot,
2382 2194 38 14 ces
2436 2186 108 23 messieurs

2084 2220 118 22 parvenus
2208 2225 32 15 au
2256 2219 93 22 dernier
2356 2220 74 24 degré
2438 2218 30 22 de
2475 2217 70 22 l’exal-

2087 2248 75 22 tation
2174 2250 141 27 patriotique
2330 2254 41 18 ont
2383 2250 64 26 flétri
2455 2255 41 16 son
2503 2249 43 21 lan-

2085 2286 63 19 gage
2154 2287 84 16 comme
2246 2282 135 25 «honteux»,
2390 2288 87 15 comme
2485 2280 61 22 «indi-

2085 2317 48 19 gne
2148 2311 29 21 de
2193 2312 24 22 la
2235 2313 135 27 Chambre»,
2393 2319 87 16 comme
2494 2311 52 22 anti-

2087 2342 110 26 français.
2214 2345 52 21 Eux
2283 2345 59 22 dont
2354 2346 26 21 la
2395 2345 111 25 politique
2523 2343 24 21 de

2089 2374 41 20 vol
2135 2377 24 18 et
2166 2374 29 22 de
2201 2376 125 25 spoliation
2334 2384 17 14 a
2365 2377 49 26 fait
2421 2378 50 20 tuer
2480 2378 67 18 12.000

2089 2405 90 21 soldats
2182 2406 29 22 de
2217 2407 56 22 chez
2278 2415 60 14 nous
2342 2416 33 14 au
2378 2406 116 26 Maroc,ils
2497 2410 51 17 nous

2090 2439 42 18 ont
2138 2439 108 23 reproché
2249 2440 110 22 d’exciter
2365 2441 34 21 les
2404 2437 127 24 Marocains
2534 2436 13 20 à

2091 2468 56 21 tirer
2154 2475 40 15 sur
2199 2470 37 21 les
2243 2470 120 27 Français,
2371 2472 65 21 alors
2446 2476 44 20 que
2498 2473 50 16 nous

2092 2499 142 24 demandons
2241 2509 49 15 aux
2298 2509 45 15 uns
2353 2506 24 19 et
2384 2509 49 15 aux
2440 2503 74 20 autres
2524 2498 24 22 de

2090 2531 134 25 fraterniser
2227 2540 9 14 :
2244 2534 64 21 alors
2315 2541 45 20 que
2365 2541 60 15 nous
2435 2532 113 23 réclamons

2092 2562 150 24 l’évacuation
2259 2565 34 21 du
2309 2566 81 22 Maroc
2403 2568 62 23 pour
2478 2562 70 22 laisser

2092 2594 34 20 les
2133 2594 89 23 Arabes
2229 2598 97 20 maîtres
2333 2598 57 21 chez
2394 2603 53 15 eux.

2105 2632 5 7 «
2136 2633 51 6 ^——
2452 2633 5 2 -
2502 2629 12 5 —

2129 2650 127 25 Imprimerie
2266 2650 90 26 spéciale
2369 2650 27 21 de
2409 2650 19 20 A
2435 2650 37 19 MU
2476 2650 45 17 VISA

2174 2677 32 24 88,
2213 2679 66 21 Cours
2285 2679 110 23 Grandval,
2402 2676 81 29 Ajaccio

2131 2729 33 21 Le
2173 2730 84 23 Gérant
2262 2739 9 14 :
2276 2733 136 26 Dominique
2422 2731 71 22 Massa

295 3003 117 121 Si
475 3039 151 87 vo
689 3005 99 121 ci
847 3007 385 121 vulete
1293 3007 325 123 aiutà

713 3207 579 101 Abbunatevi
1337 3239 61 69 a
1435 3211 79 97 A
1563 3213 445 101 MUVRA.

385 3356 3 3 ■
407 3368 3 4 .
432 3364 3 3 -
793 3369 5 2 .
1257 3355 4 3 '
1738 3360 4 4 •
1819 3369 2 2 .
1981 3358 3 3 •

751 3373 497 121 Cumprate
1295 3379 29 97 i
1361 3381 295 95 nostri
1707 3381 223 101 libri.

385 3523 223 69 Fateci
679 3527 271 87 stampà
1021 3531 209 71 ciochi
1305 3553 83 51 vo
1459 3535 141 71 fate
1669 3541 271 87 stampà
1989 3545 67 69 in
2103 3547 191 75 altrô.
