2568 3798
95 150 107 21 f'rancese
217 146 29 21 da
263 151 57 22 capti
335 151 12 13 a
359 142 69 29 pedc,
445 141 86 21 histulc
548 145 13 14 a

93 182 23 22 Ja
138 179 137 24 francisina,
297 176 157 21 ammanerate
467 180 12 13 a
493 170 69 23 l’ulli-

94 222 37 13 ma
144 212 68 22 inoda
224 208 131 30 pariggina,
369 213 67 15 ma...
449 207 46 19 sile
507 204 54 20 Cor-

93 246 38 21 se!
146 245 19 21 E
174 256 25 4 —
210 243 44 21 s’io
268 248 30 15 un
311 241 67 21 teinîa
387 235 140 24 d’ofl'endevi
533 246 29 4 —

94 279 89 20 dicei'ia
195 276 38 22 chi
245 276 30 21 bô
283 274 44 22 site
337 278 60 16 ancu
419 268 101 23 culurilc
538 266 22 21 di

93 316 91 23 sangue
195 307 142 24 Iucchisinu,
345 312 13 14 o
368 311 43 21 per
419 303 22 20 di
454 300 106 29 ghiuslu,

93 343 110 22 italianu.

120 387 30 4 —
161 373 99 24 Andale,
282 370 82 22 andate
375 368 5 21 !
402 366 32 22 mi
451 364 109 29 gndonu.

93 405 134 30 Tagliatevi
248 409 76 16 nanzu
341 408 12 14 a
373 400 82 26 lingua
474 396 44 22 che
538 395 22 20 di

94 440 104 21 tamante
209 435 114 29 buggie...

121 471 20 22 E
151 471 23 20 in
183 469 54 21 d’un
247 467 62 22 frulu
319 465 113 22 odorente
442 459 120 24 ch’imbal-

92 510 98 16 samava
202 500 75 25 l’aria,
288 506 13 14 e
310 498 45 22 iniò
364 497 96 28 quattru
473 492 89 23 cardel-

92 533 194 29 Iine,frisgiulale
294 537 64 16 cume
368 529 58 22 bure
434 524 127 31 d’Epinal,

92 570 20 21 si
122 576 30 15 ne
159 567 111 24 sbulonn,
278 560 185 26 ridicchiulendu
476 566 13 14 e
500 564 62 15 scar-

94 600 132 23 dellinendu
239 598 7 21 i
259 597 35 21 so’
303 595 60 22 noini
373 602 6 13 :

120 645 30 5 _
169 631 110 28 Gèqetle,
300 628 107 28 Jojotte,
433 624 127 23 Momone,

93 666 116 23 Manette,
219 663 61 27 flin,
289 661 50 27 flin
346 660 36 20 !...

226 704 112 23 Martinu
348 698 186 30 Appinzapalu.

180 834 11 36 I
217 832 84 36 Corsi
325 830 29 36 di
371 829 103 43 Parigi

94 895 117 24 contm
223 892 18 13 «
251 888 124 26 L’Echo
388 886 43 24 de
443 884 92 25 Paris
543 883 18 11 ”

122 968 25 20 Si
171 973 25 14 sa
210 965 37 20 chi
264 971 13 13 u
293 962 110 25 cunsigliu
425 958 139 26 municipale

92 996 24 20 di
127 994 78 25 Parigi
222 993 30 20 ha
266 992 72 20 dicisu
353 990 23 20 di
392 990 29 19 dà
435 995 15 13 u
465 986 98 21 nomedi

113 1022 65 27 Quai
184 1021 29 20 de
221 1021 25 20 la
259 1021 66 19 Corse
331 1023 11 11 »
352 1024 12 14 a
373 1016 94 22 l’anticu
483 1023 11 12 «
501 1013 64 28 Quai

92 1057 50 14 aux
149 1049 81 21 Fleurs
236 1053 22 15 ».

117 1078 40 20 Sta
166 1076 119 21 decisione
297 1075 66 20 unn’è
378 1073 72 20 micca
464 1069 100 26 piaciuta

92 1113 14 13 a
116 1109 12 12 «
133 1104 90 21 L’Echo
233 1103 31 20 de
271 1102 69 21 Paris
345 1106 11 11 »
367 1100 38 21 chi
414 1100 29 20 ha
452 1096 113 28 prutèsta-

90 1137 26 16 tu
125 1136 81 17 contru
216 1130 154 21 st’iniziativa.

117 1161 97 20 Avìamu
233 1161 113 18 mustralu
362 1163 14 14 a
392 1155 127 26 ga'îtivezza
541 1152 23 20 di

91 1188 115 21 l’articulu
215 1187 23 20 di
247 1193 16 14 u
271 1185 132 26 quotidianu
413 1182 105 27 pariginu
525 1179 39 26 (i).

119 1216 18 21 ü
147 1215 119 21 Cumitatu
275 1214 23 20 di
312 1220 12 13 e
338 1212 128 21 tradizione
479 1215 65 15 corse
551 1214 13 14 e

90 1244 180 21 l’Assuciazione
278 1240 145 22 cumbattenti
436 1238 60 21 corsi
513 1243 53 19 pru-

89 1276 94 17 testanu
191 1272 23 19 in
223 1271 23 20 la
255 1273 107 22 seguente
376 1269 93 19 letttera
482 1268 82 18 contru

91 1304 35 15 sta
141 1305 60 14 nova
212 1304 72 19 prova
298 1297 22 20 di
332 1296 101 20 l’ostilità
442 1294 24 20 di
475 1300 14 13 a
498 1296 68 17 stam-

91 1334 30 17 pa
129 1326 105 21 francese
242 1331 14 14 a
265 1332 14 12 u
290 1328 77 16 nostru
377 1322 111 25 riguardu
496 1328 6 13 :

161 1375 119 22 Monsieur
286 1375 22 20 le
315 1374 120 20 Directeur

259 1406 29 19 de
295 1404 77 21 /’Echo
381 1404 29 20 de
420 1402 73 22 Paris,

121 1450 66 19 Votre
192 1448 105 25 journal,
307 1447 60 20 dans
374 1452 43 14 son
429 1445 94 20 numéro
532 1442 33 21 du

92 1477 14 20 3
113 1478 99 21 octobre,
226 1476 151 24 désaprOuve.
395 1479 60 15 sans
470 1471 96 24 bargui-

91 1511 70 18 gner,
171 1504 70 20 l’idée
247 1503 92 20 d’avoir
346 1501 96 25 conféré
445 1500 22 20 le
475 1505 54 14 nom
534 1498 31 21 de

93 1533 26 20 la
130 1533 69 19 Corse
207 1532 15 19 à
232 1538 46 13 une
287 1531 73 20 artère
368 1530 30 19 de
406 1529 26 20 la
447 1527 116 25 Capitale.

117 1560 37 20 La
162 1560 126 21 Provence,
295 1559 23 20 la
326 1558 126 23 Bretagne.
459 1555 104 24 l'Anjou,

91 1587 231 21 l’Alsace-Lorraine,
332 1586 24 20 la
365 1584 117 21 Picardie,
490 1585 76 17 toutes

92 1615 35 21 les
130 1615 124 25 provinces
257 1614 131 25 françaises
390 1613 105 24 figurent
499 1611 16 19 à
522 1610 44 25 gui

91 1643 79 20 mieux
178 1643 76 20 mieux
262 1642 61 20 dans
330 1641 33 20 les
377 1639 188 22 dénominations

92 1671 42 20 des
142 1671 63 20 voies
211 1670 153 25 parisiennes.

117 1699 37 20 La
163 1699 90 20 France
262 1698 88 20 d’outre
357 1703 50 14 mer
415 1697 40 19 n’a
467 1697 47 22 pas
527 1694 39 20 été

93 1727 100 20 oubliée.
202 1726 45 20 Les
256 1731 52 15 rues
321 1725 29 20 de
366 1724 77 22 Tunis,
458 1722 104 25 d’Alger,

92 1754 31 20 de
134 1754 169 25 Madagascar,
319 1753 29 20 de
360 1752 26 20 la
405 1750 157 24 Guadeloupe,

92 1782 34 19 du
134 1782 69 23 Laos,
212 1784 54 20 etc.,
275 1787 56 14 vous
338 1782 53 18 sont
397 1779 168 20 certainement

93 1815 110 15 connues.

118 1838 46 19 Les
183 1837 138 24 puissances
344 1836 140 23 étrangères,
508 1833 56 20 elles

93 1865 73 22 aussi,
177 1867 41 17 ont
227 1865 40 19 été
272 1864 92 20 traitées
371 1864 137 23 largement.
518 1861 46 20 Les

91 1893 107 22 Italiens,
202 1892 214 25 particulièrement
421 1889 140 26 privilégiés,

93 1923 42 17 ont
143 1920 51 20 leur
200 1920 135 21 boulevard,
342 1919 50 20 leur
398 1924 50 16 rue,
455 1918 51 19 leur
511 1917 53 24 pla-

93 1954 33 17 ce,
136 1947 51 20 leur
193 1953 94 19 square,
294 1953 43 18 que
344 1945 97 25 sais-je?
448 1950 58 14 sans
510 1944 54 24 pré-

89 1975 83 25 judice
180 1976 41 19 des
228 1973 173 21 innombrables
409 1979 53 14 rues
475 1972 30 19 de
517 1972 46 21 Ro-

92 2009 44 16 me,
146 2003 30 19 de
187 2002 132 22 Vintimille,
328 2002 29 19 de
367 2001 78 22 Turin,
461 2000 29 19 de
503 1999 60 19 Par-

92 2037 45 17 me,
147 2033 60 17 etc...

116 2058 25 20 Il
144 2065 17 18 y
169 2064 16 13 a
193 2058 121 20 d’ailleurs
321 2057 129 25 également
458 2056 16 18 à
481 2054 79 22 Paris,

92 2092 45 14 une
145 2092 42 13 rue
194 2086 30 19 de
231 2086 27 19 la
269 2086 76 20 Chine.
351 2085 31 19 Et
386 2083 90 24 jamais
483 2082 78 20 /'Echo

92 2114 29 19 de
130 2113 66 21 Paris
203 2113 39 25 n’y
250 2114 36 19 vit
290 2114 22 19 le
319 2113 105 20 moindre
432 2111 127 24 dommage.

116 2142 72 21 Mais,
194 2141 57 25 qu’à
260 2147 42 14 son
311 2143 56 20 tour,
374 2140 25 19 la
411 2140 75 20 Corse,
493 2139 69 23 après

92 2175 46 14 une
146 2171 90 18 attente
241 2169 78 24 plutôt
323 2167 125 25 prolongée
456 2166 37 20 ait
499 2165 61 25 enfin

90 2203 44 14 son
143 2203 53 14 nom
203 2197 92 24 évoqué
304 2202 38 14 sur
355 2201 46 14 une
412 2194 90 25 plaque
513 2193 48 20 d’é-

91 2225 61 19 mail
156 2225 55 24 près
219 2224 42 20 des
266 2225 79 23 berges
353 2223 30 20 de
388 2223 26 20 la
423 2222 76 21 Seine,
504 2227 58 14 vous

91 2254 75 20 tenez,
181 2252 53 20 bien
249 2251 106 22 entendu,
374 2251 51 19 cela
440 2253 61 22 pour
516 2255 45 14 une

91 2280 105 20 aubaine
203 2279 71 20 d’une
282 2278 149 25 munificence
438 2277 119 24 exagérée.

116 2308 37 20 La
163 2307 69 20 Corse
234 2308 32 21 ,n’
265 2307 62 20 est-il
327 2309 47 21 pas
379 2305 69 21 vrai?
456 2305 39 20 n’a
499 2304 62 20 droit

91 2335 57 25 qu’à
156 2335 26 20 la
190 2335 156 24 conspiration
354 2334 33 19 du
402 2333 95 23 silence,
505 2333 56 23 sauf

90 2366 63 21 pour
167 2363 25 20 la
205 2365 81 22 presse
300 2363 29 19 de
344 2362 79 22 Paris,
440 2362 16 19 à
471 2362 91 19 monter

90 2391 188 24 soigneusement
286 2397 28 13 en
321 2390 93 24 épingle
427 2389 22 20 le
457 2388 104 21 moindre

89 2418 50 24 fait
147 2418 83 23 divers,
246 2419 42 19 dès
296 2418 103 20 l’instant
415 2417 70 25 qu’un
494 2416 67 24 origi-

90 2446 69 19 naire
167 2446 30 19 de
203 2445 49 20 l’île
260 2446 34 24 s’y
302 2446 126 19 trouverait
439 2443 120 26 impliqué.

117 2473 66 20 Nous
190 2479 94 18 croyons
292 2473 29 20 de
327 2475 65 17 notre
397 2472 81 20 devoir
485 2472 30 19 de
522 2472 40 18 dé-

92 2507 89 14 noncer
186 2507 57 13 sans
258 2500 112 20 lassitude
384 2506 38 14 ces
435 2499 127 20 tendances

90 2528 147 23 inamicales,
264 2528 108 20 d’autant
396 2528 57 24 plus
475 2533 86 19 graves

91 2556 86 25 quand
183 2556 56 20 elles
246 2557 108 19 émanent
365 2555 58 20 d’un
429 2555 97 24 journal
532 2555 29 19 de

89 2584 105 24 premier
198 2583 62 25 plan
269 2584 34 19 tel
308 2589 43 19 que
359 2583 23 19 le
389 2584 72 20 vôtre,
474 2585 25 18 et
510 2583 49 24 qui,

91 2612 23 19 si
121 2612 58 20 elles
186 2617 24 14 se
215 2611 174 20 renouvelaient
391 2611 168 24 indéfiniment,

91 2640 155 19 donneraient
255 2640 16 19 à
280 2645 41 14 nos
328 2639 163 23 compatriotes
504 2638 58 20 l’im-

90 2668 108 22 pression
214 2672 47 19 que
276 2666 26 20 la
318 2666 122 24 légitimité
453 2665 31 20 de
499 2665 62 20 leurs

92 2694 75 20 droits
183 2700 31 14 au
231 2694 74 24 Foyer
319 2694 110 20 national
443 2694 59 19 n’est
513 2696 49 21 pas

92 2728 84 14 encore
184 2722 97 19 admise.

118 2749 63 20 Pour
188 2749 22 19 le
219 2749 90 20 Comité
316 2749 40 20 des
365 2749 133 20 Traditions
507 2748 55 21 Cor-

92 2783 37 14 ses
138 2784 6 13 :
161 2777 103 20 Docteur
284 2776 207 23 LANFRANCH1,
508 2777 54 20 Fer-

92 2805 69 20 nand
169 2805 44 20 MA
219 2804 72 21 TTE1.

117 2832 62 20 Pour
186 2832 159 20 l’Association
353 2832 42 20 des
404 2831 158 21 Combattants

93 2860 85 20 Corses
184 2866 6 13 :
199 2859 68 21 P.-L.
277 2859 171 23 ALBERTINI.

108 2914 21 18 (1)
133 2914 41 15 Yede
179 2914 13 14 A
196 2914 56 14 Mavra
257 2914 17 14 di
278 2914 7 14 i
291 2914 9 14 G
307 2917 8 12 e
318 2913 18 15 20
341 2914 59 15 ottobre
404 2914 42 15 1929.

115 3340 24 4 —
144 3331 84 18 Partenu
236 3331 53 20 tutti,
300 3335 10 13 o
317 3330 105 18 Dumenicu
427 3330 47 18 Mari
479 3335 6 16 ;
494 3334 68 14 mancu

93 3355 34 22 più
135 3355 54 18 nirm)
198 3355 28 22 pe’
235 3360 11 13 a
254 3355 75 22 veghia,
339 3355 114 18 st’imbernu
459 3354 5 18 !

115 3386 24 9 =
144 3380 59 17 ’Ndeh
210 3380 131 20 VAlrnanaccu,
350 3384 27 13 un
386 3380 18 17 ci
413 3384 43 14 sera
464 3378 87 23 sempre?

127 3493 15 25 I
169 3494 92 25 nostri
287 3493 59 26 veri
365 3494 87 25 amici
473 3502 41 17 un
532 3496 31 23 sô

95 3534 92 25 micca
204 3535 95 32 quelli
325 3534 46 25 chi
389 3535 27 25 ci
439 3537 125 23 contanu

96 3574 181 26 chiacchiare
300 3583 46 18 ma
369 3576 93 33 quelli
476 3575 47 25 chi
538 3576 26 25 ci

94 3615 148 26 mandanu
255 3624 20 18 u
287 3624 30 18 so
335 3616 227 27 abbunamentu.

660 137 191 24 L’Avucatu
869 132 153 26 Berthon,
1036 128 166 25 difensore
1221 126 33 24 di
1267 134 20 16 a
1306 125 190 24 Minuranza

603 176 191 26 Alsaziana,
804 174 92 29 parte
910 172 31 22 in
955 171 118 27 guerra
1086 168 117 23 contru
1215 172 20 16 a
1244 165 194 24 Minuranza
1448 160 104 25 Corsa

648 255 123 46 Toute
796 254 38 45 la
846 248 172 49 Lumière
1044 261 68 32 sur
1139 244 171 59 l’Affaire
1336 243 165 47 Berthon

614 363 32 19 Ce
654 362 74 20 serait
735 361 83 25 perdre
828 365 54 14 mon
892 361 76 21 temps
976 362 46 18 que
1034 355 28 20 de

589 389 114 26 répondre
711 391 13 18 à
733 390 22 19 la
765 387 108 21 nouvelle
881 386 67 19 lettre
957 384 29 20 de
994 384 68 19 l’avo-

589 421 39 16 cat
642 417 77 19 Pierre
729 415 97 20 Versini.
842 414 42 20 Ses
898 412 118 19 dernières
1030 410 32 20 di-

590 444 121 25 vagations
725 449 40 13 sur
778 448 37 13 ses
832 440 118 23 multiples
967 437 95 21 mérites

588 471 148 22 d’Historien,
746 469 29 20 de
782 467 151 21 Journaliste,
943 466 29 19 de
979 464 83 21 Confé-

590 499 97 21 rencier,
696 498 29 19 de
735 495 132 23 Politicien,
878 497 53 17 sont
939 493 69 20 d’une
1016 494 46 18 naï-

590 527 51 19 veté
649 525 119 20 tellement
775 529 93 14 cocasse
877 528 28 14 en
914 522 51 19 leur
972 520 89 25 orgueil

589 553 129 21 démesuré,
728 558 46 19 que
782 551 50 20 leur
841 549 96 21 ridicule
945 548 117 20 m’incline

590 581 75 20 moins
673 587 28 13 au
712 580 47 19 rire
768 578 51 25 qu’à
828 578 21 19 la
859 577 64 25 pitié.

615 609 34 19 Un
659 608 30 19 tel
699 606 134 20 adversaire
842 611 25 13 se
876 604 56 20 rend
942 604 19 19 si
976 603 87 24 pitoya-

590 636 37 19 ble
636 636 13 18 à
658 640 49 14 mes
716 639 67 19 yeux,
794 639 44 18 que
844 632 24 25 je
883 631 87 20 n’aurai
986 636 42 18 pas
1041 630 20 19 la

589 662 96 20 cruauté
693 661 28 19 de
729 661 22 19 le
760 660 88 24 cingler
856 665 45 14 une
910 658 45 20 fois
963 658 28 19 de
1000 658 61 24 plus;

587 690 24 24 je
619 689 32 20 lui
659 688 113 21 conseille
780 687 147 25 simplement
936 686 29 19 de
977 691 30 14 ne
1020 691 41 19 pas

589 717 90 20 oublier
686 716 22 20 la
717 716 81 20 sévère
805 715 67 24 leçon
887 714 90 24 publiée
991 714 13 19 à
1018 719 43 14 son

589 745 93 20 adresse
691 744 59 20 dans
758 744 22 19 la
795 742 119 21 “Muvra”
927 742 30 19 du
972 742 25 19 i5
1012 747 51 18 sep-

590 773 96 22 tembre,
696 775 23 16 et
727 771 29 20 de
765 774 89 17 rentrer
868 769 126 21 désormais
1005 769 57 20 dans

589 807 26 14 sa
623 800 69 25 petite
700 799 108 25 coquille,
815 798 35 21 s’il
860 804 29 14 ne
899 801 55 17 veut
962 803 41 19 pas
1011 803 52 13 cou-

589 828 32 20 rir
629 835 29 14 au
667 828 86 19 devant
766 827 29 20 de
809 826 118 21 nouvelles
942 826 121 19 mésaven-

590 860 72 16 tures.

615 885 35 19 Au
668 887 69 19 reste,
756 883 17 20 il
790 886 36 17 est
842 882 74 25 grand
937 885 77 20 temps
1034 880 28 20 de

589 912 90 25 planter
687 912 22 19 là
718 911 31 20 Me
759 910 89 20 Versini
857 914 24 16 et
888 915 38 15 ses
938 909 124 20 ambitions

590 941 114 22 avortées,
713 943 23 16 et
744 939 29 19 de
781 938 95 20 revenir
884 944 29 13 au
920 937 56 20 fond
986 937 31 19 du
1025 936 38 20 dé-

590 968 47 23 bat,
647 967 45 20 afin
701 973 47 19 que
756 967 22 19 la
793 966 107 23 lumière,
916 969 64 16 toute
995 964 20 20 la
1029 964 34 20 lu-

590 995 72 20 mière
675 994 127 21 demandée
815 1000 44 19 par
872 994 34 19 les
920 993 100 20 lecteurs
1034 992 28 20 de

591 1023 16 9 “
613 1024 19 19 A
640 1022 81 21 Muvra
726 1022 21 23 ”,
754 1022 45 20 soit
806 1021 56 20 faite
871 1027 40 14 sur
919 1021 34 20 les
962 1020 101 20 circons-

590 1055 80 16 tances
678 1050 40 25 qui
728 1050 130 20 donnèrent
864 1049 47 20 lieu
925 1050 13 18 à
952 1048 111 24 l’attaque

590 1079 29 20 de
633 1078 31 21 Me
672 1078 104 20 Berthon
791 1080 80 17 contre
885 1077 34 20 les
932 1075 94 24 Corses,
1041 1079 22 16 et

591 1113 39 14 sur
638 1106 22 20 la
669 1105 90 26 gravité
768 1111 88 14 comme
865 1111 39 13 sur
912 1103 111 21 l’infamie
1035 1104 28 19 de

590 1140 38 15 ses
635 1133 135 21 calomnies.

616 1162 32 20 Ce
655 1162 36 20 fut
699 1162 23 19 le
731 1161 12 20 6
751 1161 62 21 Mars
822 1160 101 24 dernier,
933 1163 22 17 et
963 1161 13 19 à
984 1160 80 20 l’occa-

591 1191 51 19 sion
656 1190 54 19 d’un
723 1189 84 25 simple
819 1189 82 24 procès
915 1195 29 13 en
961 1188 101 21 divorce,

591 1225 53 18 que,
650 1217 103 26 plaidant
759 1218 13 20 à
781 1215 196 27 Guéret(Creuse)
982 1219 81 17 contre

591 1246 23 20 le
621 1246 101 21 Docteur
730 1244 172 23 Alessandri,Me
910 1244 109 23 Berthon,
1026 1250 38 13 au-

591 1275 47 20 lieu
648 1274 28 20 de
684 1274 103 20 discuter
795 1273 64 20 selon
870 1273 22 20 le
900 1272 66 20 Droit
974 1271 56 20 civil
1038 1282 27 5 —

591 1308 106 15 commun
707 1302 14 19 à
729 1304 63 17 toute
800 1301 21 20 la
831 1301 98 22 France,
937 1300 22 19 la
969 1299 73 20 Corse
1050 1305 14 18 y

591 1329 114 26 comprise
712 1338 28 5 —
748 1329 22 20 le
783 1328 112 20 différend
910 1333 100 14 survenu
1026 1333 38 13 en-

592 1362 35 16 tre
644 1358 59 19 deux
717 1357 70 22 êtres,
805 1356 112 19 s’évertua
932 1356 12 19 à
959 1360 105 15 ramener

591 1389 76 17 toutes
681 1385 35 20 les
731 1384 121 25 questions
867 1389 28 14 en
911 1389 69 14 cause
994 1383 13 19 à
1019 1388 45 14 une

591 1413 64 21 seule
661 1420 7 13 :
677 1413 15 19 Y
692 1412 91 25 origine
790 1417 63 15 corse
861 1411 30 20 de
899 1417 41 14 son
949 1410 115 20 adversai-

592 1447 33 17 re,
635 1441 22 20 le
665 1440 28 21 Dr
699 1439 142 21 Alessandri.

615 1469 75 23 Ainsi,
700 1468 59 20 dans
768 1474 30 13 un
807 1467 82 25 procès
897 1466 55 20 civil
967 1467 30 19 né
1011 1466 52 19 d’un

591 1496 123 21 désaccord
729 1495 117 25 conjugal,
861 1495 13 20 à
888 1495 41 20 des
946 1494 119 20 centaines

591 1525 29 20 de
627 1525 72 19 lieues
713 1524 30 19 de
757 1523 49 20 I'Ile
819 1523 29 19 de
862 1522 82 23 Corse,
959 1522 106 19 l’avocat-

590 1553 85 24 député
684 1552 110 22 Berthon,
804 1551 46 19 ami
859 1550 29 20 de
896 1553 52 17 tous
963 1550 35 19 les
1011 1555 54 19 peu-

591 1581 57 25 ples,
657 1579 90 21 mettait
755 1585 28 13 au
794 1578 99 25 premier
902 1578 53 24 plan
971 1577 42 20 des
1027 1577 38 20 dé-

590 1609 51 20 bats
655 1609 34 19 les
703 1613 94 19 usages,
813 1606 22 20 le
852 1606 168 24 tempérament
1042 1608 22 17 et

589 1637 66 20 l’âme
662 1636 30 19 du
702 1634 82 26 peuple
792 1639 73 17 corse,
872 1633 40 25 qui
920 1633 87 20 n’avait
1015 1633 48 20 rien

589 1665 14 19 à
611 1664 57 20 faire
675 1663 58 19 dans
742 1665 62 17 cette
811 1661 80 25 galère
897 1668 6 16 ;
913 1664 22 16 et
944 1661 16 19 il
970 1661 94 24 présen-

589 1692 42 20 tait
639 1694 60 17 cette
707 1691 51 19 âme
767 1688 65 21 corsé
842 1694 88 14 comme
939 1688 125 20 l’éternelle

589 1719 118 25 coupable,
719 1724 27 14 en
756 1717 134 20 l’accablant
904 1722 55 14 sous
974 1715 40 20 des
1029 1721 36 14 ac-

589 1747 118 21 cusations
725 1751 42 19 pas
788 1750 96 18 neuves,
905 1743 78 21 hélas!
1005 1743 59 20 mais

589 1775 63 21 aussi
661 1775 98 24 injustes
768 1776 22 17 et
798 1772 98 21 infâmes
905 1778 44 19 que
956 1771 71 21 celles
1035 1771 28 20 de

589 1810 43 14 nos
640 1803 63 25 pires
712 1802 154 20 détracteurs.

614 1831 28 20 Je
655 1830 121 24 n’exagère
784 1829 48 20 rien
841 1835 6 17 ;
860 1828 115 25 j’apporte
983 1827 31 20 ici
1028 1827 34 20 les

589 1864 99 20 preuves
696 1858 41 19 des
745 1857 53 20 faits
812 1862 46 19 que
870 1856 113 25 j’avance.
999 1855 63 20 Voici

589 1893 29 14 en
635 1886 66 25 quels
715 1889 85 16 termes
814 1888 60 16 cette
888 1883 123 26 plaidoirie
1028 1886 34 16 est

589 1913 151 22 caractérisée
754 1918 41 19 par
812 1918 30 13 un
861 1911 85 21 témoin
965 1911 48 25 qui,
1032 1917 28 13 en

588 1942 113 25 quelques
715 1940 74 24 lignes
803 1939 88 24 pleines
905 1939 67 20 d’une
985 1939 77 19 obser-

589 1969 79 20 vation
677 1968 145 24 pénétrante,
832 1967 122 23 démasque
963 1966 22 20 le
991 1966 40 24 jeu
1039 1971 22 16 et

588 1998 34 19 les
630 1996 105 20 desseins
744 1995 29 19 de
781 1994 31 20 Me
820 1994 103 20 Berthon
931 2001 6 12 :

614 2030 45 20 ■<Je
674 2028 132 24 soussigné,
825 2028 65 19 René
898 2027 87 24 Dupré,
1004 2026 58 20 Doc-

588 2062 50 17 teur
647 2064 28 13 en
685 2057 74 22 Droit,
764 2056 81 20 Avoué
851 2056 13 19 à
871 2055 95 23 Guéret,
974 2054 87 20 certifie

588 2092 45 19 que
641 2086 22 19 le
671 2085 12 20 6
692 2084 61 21 Mars
763 2088 57 20 1929,
830 2083 32 20 Mc
870 2082 78 21 André
958 2082 102 20 Berthon

587 2121 14 13 a
609 2113 90 21 émaillé
708 2118 25 14 sa
742 2111 134 26 plaidoierie
884 2110 176 21 d’insinuations

587 2146 25 16 et
624 2141 134 20 d’allusions
770 2145 25 14 se
809 2142 136 22 rapportant
958 2142 77 17 toutes
1047 2138 12 19 à

587 2169 105 25 l’origine
700 2174 67 14 corse
776 2168 28 19 de
812 2173 43 14 son
865 2167 141 22 adversaire,
1020 2166 40 20 im-

587 2201 83 21 putant
678 2198 12 18 à
699 2202 43 14 son
750 2196 119 19 caractère
875 2195 29 19 de
912 2195 74 22 Corse,
994 2195 16 19 à
1017 2200 42 14 son

587 2226 168 24 tempérament
763 2224 29 19 de
806 2223 77 22 Corse,
899 2223 16 19 à
927 2228 37 14 ses
977 2228 83 14 moeurs

587 2259 83 17 corses,
688 2252 37 20 les
738 2251 111 25 perfidies
864 2250 154 24 imaginaires
1038 2254 22 15 et

589 2285 53 16 tous
654 2281 34 20 les
701 2279 73 26 griefs
787 2285 40 14 sur
841 2278 101 26 lesquels
956 2278 104 20 Madame

587 2309 45 20 X...
643 2308 74 21 basait
726 2314 25 14 sa
760 2307 124 20 demande.

613 2341 10 12 «
630 2336 28 21 Je
664 2335 87 21 certifie
757 2341 45 19 que
808 2334 32 20 M*
846 2334 100 21 Berthon
953 2340 21 17 a,
980 2334 80 20 sciem-

587 2368 65 17 ment
668 2368 22 16 et
708 2364 29 19 de
754 2369 85 18 propos
856 2362 111 22 délibéré,
989 2362 69 19 voulu

587 2396 83 17 mettre
683 2398 29 14 en
728 2390 131 25 opposition
878 2390 65 20 l’âme
957 2395 66 14 corse
1037 2393 22 16 et

587 2421 66 19 l’âme
666 2419 125 24 française,
806 2421 24 16 et
844 2419 56 19 tirer
911 2417 73 25 parti,
1000 2420 61 21 pour

587 2449 34 20 les
628 2447 93 20 besoins
728 2446 31 20 de
766 2451 28 14 sa
802 2451 79 17 cause,
888 2446 29 19 de
925 2447 58 18 cette
991 2447 68 22 oppo-

587 2476 77 21 sition,
673 2475 14 20 à
695 2474 68 20 l’aide
771 2472 90 21 d’effets
869 2473 120 20 oratoires.
999 2477 11 11 »

637 2505 94 22 Guéret,
741 2504 22 20 le
771 2508 26 20 14
805 2503 56 20 Juin
872 2507 50 20 1929

751 2533 78 26 Signé,
844 2534 27 20 R.
881 2534 84 24 Dupré.

613 2578 31 20 La
658 2577 72 20 vérité
742 2576 70 24 jaillit
826 2576 29 20 de
870 2576 89 24 chaque
973 2579 49 17 mot
1030 2576 29 20 de

587 2609 60 17 cette
655 2604 46 21 fine
710 2604 103 24 analyse,
829 2607 30 20 et,
874 2604 66 24 après
948 2610 31 13 un
988 2604 31 20 tel
1028 2604 31 20 té-

588 2633 129 25 moignage,
727 2632 22 19 la
758 2637 69 14 cause
835 2635 36 16 est
878 2631 114 21 entendue
1000 2638 59 18 pour

587 2665 51 16 tout
651 2660 93 20 homme
761 2659 40 24 qui
817 2658 29 21 lit
862 2665 54 14 sans
934 2659 124 25 parti-pris.

587 2690 79 19 Aucun
684 2688 71 19 doute
774 2692 29 14 ne
817 2690 55 21 peut
886 2687 125 20 subsister:
1029 2687 30 20 Me

589 2715 101 22 Berthon
704 2717 71 22 ayant
789 2714 85 20 devant
886 2714 32 20 lui
932 2721 30 13 un
978 2714 79 23 Corse,

587 2745 54 19 s’est
646 2743 56 25 jeté,
712 2748 88 15 comme
808 2748 40 14 sur
856 2748 46 14 une
910 2743 63 23 proie
981 2742 76 25 facile,

587 2778 40 14 sur
636 2771 22 20 le
666 2770 78 21 thème
752 2770 29 19 de
795 2770 104 25 l’origine
913 2776 73 17 corse,
1001 2777 58 18 pour

587 2806 30 13 en
630 2799 58 19 tirer
701 2798 35 20 les
751 2797 64 20 effets
828 2798 35 20 les
876 2798 52 24 plus
941 2804 97 19 propres
1045 2799 13 20 à

587 2827 92 24 frapper
688 2825 101 21 certains
795 2825 77 25 juges,
882 2829 23 16 et
918 2826 13 19 à
943 2826 115 20 satisfaire

587 2855 34 20 les
628 2859 116 15 rancunes
752 2853 29 20 de
790 2859 37 14 ses
835 2853 92 20 clients.

614 2881 32 21 Ce
654 2881 98 25 premier
761 2881 156 25 témoignage,
932 2881 83 25 capital
1030 2889 27 13 en

587 2909 81 22 vérité,
679 2909 58 20 n’est
745 2914 46 19 que
798 2908 22 20 le
828 2909 100 24 premier
935 2909 69 20 d'une
1011 2910 48 20 lon-

587 2943 45 19 gue
639 2937 65 20 liste:
714 2937 23 19 le
745 2936 95 24 second,
850 2943 46 18 que
902 2936 24 25 je
935 2937 49 20 vais
993 2937 64 24 citer,

588 2965 37 20 n’a
641 2970 43 18 pas
702 2970 46 14 une
766 2963 79 20 valeur
862 2965 112 23 moindre,
991 2971 40 15 car
1041 2965 17 20 il

588 2992 91 25 précise
687 2991 115 26 quelques
810 2997 57 15 unes
875 2992 41 20 des
924 2993 90 24 paroles
1025 2993 34 20 les

588 3021 53 24 plus
653 3025 83 19 graves
753 3019 28 19 de
798 3018 30 21 Me
838 3020 109 23 Berthon,
964 3024 24 16 et
1004 3020 54 25 qu'il

589 3052 46 16 met
651 3053 29 14 en
697 3046 69 21 relief
774 3046 147 21 -l’insistance
933 3047 125 25 injurieuse

588 3081 57 14 avec
653 3074 99 25 laquelle
760 3074 189 25 Kavocat-député
956 3075 68 25 lança
1037 3080 22 16 et

588 3102 70 25 reprit
666 3102 99 20 maintes
773 3105 24 16 et
805 3103 99 19 maintes
912 3102 42 20 fois
960 3103 23 20 le
988 3104 71 24 quali-

587 3130 73 21 ficatif
666 3130 29 19 de
704 3129 73 21 Corse
784 3136 6 13 :

614 3164 51 19 «Au
683 3169 69 14 cours
769 3163 29 19 de
814 3163 23 20 la
851 3163 123 25 plaidoirie
988 3164 29 20 de
1029 3164 30 21 Me

588 3190 110 24 Berthon,
706 3190 45 25 j’ai
761 3191 37 19 été
804 3191 67 19 outré
877 3191 132 20 d’entendre
1018 3192 40 21 des

587 3223 86 20 propos
681 3218 34 20 les
731 3218 52 24 plus
800 3218 115 24 injurieux
930 3221 129 21 prononcés

587 3252 42 19 par
636 3250 38 15 cet
681 3248 85 18 avocat
774 3249 79 17 contre
862 3246 23 20 la
898 3245 73 21 Corse
987 3251 23 16 et
1025 3248 34 20 les

587 3273 95 21 Corses.

613 3300 122 21 «J’insiste
742 3304 90 17 surtout
841 3307 58 19 pour
907 3301 100 22 affirmer
1014 3310 45 18 que

588 3327 32 21 Me
628 3328 102 20 Berthon
736 3334 13 13 a
756 3328 43 19 mis
806 3335 30 12 un
844 3329 161 21 acharnement
1010 3337 49 18 par-

588 3355 91 20 ticulier
687 3355 13 20 à
708 3355 106 20 diffamer
828 3359 52 17 tous
895 3357 35 19 les
943 3356 84 21 Corses
1034 3367 26 5 —

588 3382 144 24 vindicatifs,
749 3388 118 19 sauvages
875 3386 23 17 et
904 3384 107 23 violents,
1026 3392 34 13 re-

587 3409 84 25 fusant
678 3409 22 20 le
705 3410 58 24 plus
768 3410 61 24 petit
839 3411 94 24 pardon
947 3416 65 17 etc...
1028 3414 32 20 Le

589 3439 48 18 mot
647 3441 10 11 «
667 3437 70 20 Corse
743 3446 13 11 »
765 3439 107 19 revenait
879 3439 16 20 à
909 3441 51 18 tout
971 3440 90 21 instant

589 3471 30 14 au
628 3470 68 14 cours
704 3465 29 19 de
742 3468 60 16 cette
811 3465 127 24 plaidoirie.

590 3494 222 21 Bussîère-Dunoise
816 3494 127 27 (Creuse),6
948 3498 55 21 Juin
1010 3504 49 21 1929

716 3528 71 24 Signé
794 3535 7 13 :
809 3529 59 21 Jean
878 3530 120 23 Rousseau
1015 3541 12 4 -

678 3558 76 25 Agent
762 3558 29 20 de
799 3558 21 20 la
829 3559 32 21 Cie
871 3565 10 11 «
888 3560 130 24 L’Abeille»

617 3597 86 25 Quatre
717 3604 78 16 autres
808 3600 109 22 Creusois
928 3608 41 16 ont
980 3606 80 20 témoi-

589 3627 46 23 gné
643 3626 58 21 dans
709 3627 23 21 le
739 3628 73 21 même
820 3635 63 16 sens.
895 3630 32 21 M.
934 3631 59 22 Jean
1002 3634 57 24 Bap-

1088 354 53 20 tiste
1150 354 129 25 Rousseau,
1297 357 79 23 parent
1384 352 30 20 du
1430 352 128 25 précédent,

1088 385 23 16 et
1119 388 90 13 comme
1217 382 33 20 lui
1260 384 94 23 présent
1362 382 12 19 à
1383 380 136 21 l'audience,
1527 382 33 16 at-

1088 412 58 17 teste
1156 409 38 24 qu’
1204 416 8 10 «
1219 409 16 20 il
1244 417 13 13 a
1267 408 103 22 entendu
1380 408 32 20 Mc
1420 407 78 20 André
1508 407 53 19 Ber-

1088 436 56 20 thon
1161 436 114 25 critiquer
1287 438 35 20 les
1339 437 80 19 Corses
1436 441 28 14 en
1478 437 82 17 termes

1088 466 125 17 nettement
1221 464 171 26 diffamatoires
1397 471 20 12 ».

1113 491 29 20 M.
1153 491 109 22 Frédéric
1280 492 90 24 Lafaye,
1389 490 124 26 Ingénieur
1528 489 30 20 du

1088 518 92 20 Service
1191 519 87 21 Vicinal
1287 521 13 19 à
1310 519 93 23 Guéret,
1418 518 90 21 déclare
1514 524 45 19 que

1089 550 11 11 «
1107 546 35 20 Me
1150 546 103 21 Berthon
1263 554 16 13 a
1295 548 100 24 attaqué
1407 547 71 20 d’une
1488 546 71 25 façon

1088 574 109 24 générale
1205 577 54 18 tous
1267 575 35 20 les
1312 575 79 20 Corses
1395 583 21 12 ».

1113 602 29 19 M.
1151 602 67 19 Jules
1228 602 107 24 Brésard,
1350 603 108 20 Etudiant
1472 608 29 14 en
1515 602 46 19 mé-

1088 628 88 24 decine,
1195 629 46 20 cite
1258 630 173 20 textuellement
1446 630 114 25 quelques

1088 663 57 13 unes
1154 657 40 20 des
1204 657 96 24 phrases
1311 658 28 20 de
1347 658 30 20 Me
1386 658 112 20 Berthon.

1113 688 11 11 «
1131 684 33 20 En
1174 684 81 24 Corse,
1266 685 34 20 les
1310 686 102 20 hommes
1427 689 54 17 vont
1488 687 13 19 à
1510 685 51 21 che-

1089 712 44 22 val,
1143 712 23 20 le
1174 712 56 21 fusil
1238 720 29 13 en
1283 713 157 24 bandoulière,
1458 714 34 20 les
1505 714 55 20 fem-

1088 746 48 13 mes
1145 740 13 20 à
1167 741 53 24 pied
1230 744 94 22 portant
1332 741 32 21 les
1373 745 106 21 paquets.
1487 750 11 11 »

1114 767 60 21 «Les
1192 768 86 21 Corses
1295 773 53 16 sont
1368 770 134 20 vindicatifs
1520 776 41 19 par

1088 795 138 21 atavisme.»

1113 827 11 11 «
1132 823 42 21 Les
1185 824 84 21 Corses
1278 825 148 21 n’accordent
1437 826 82 25 jamais
1532 826 28 19 de

1088 851 114 24 pardon.»

1116 880 65 20 Enfin
1199 880 30 21 M.
1240 881 86 20 Marcel
1345 881 138 23 Lacouture,
1497 882 65 20 culti-

1089 912 82 16 vateur
1184 909 13 20 à
1213 909 32 20 La
1262 908 298 27 Celle-Dunoise(Creuse),

1088 936 91 21 déclare
1193 943 46 19 que
1248 941 11 11 «
1266 936 32 21 Mc
1308 938 99 20 Berthon
1424 945 13 13 a
1451 938 111 26 reproché

1088 971 29 13 au
1132 964 27 20 Dr
1167 965 135 20 Alessandri
1319 972 41 14 son
1379 966 92 25 origine
1487 973 74 17 corse,

1088 992 124 25 l'appelant
1221 993 124 20 vindicatif
1349 1000 42 19 par
1398 994 121 24 atavisme,
1527 1001 36 13 or-

1088 1020 118 25 gueilleux
1215 1021 39 25 qui
1264 1027 29 14 ne
1302 1023 118 23 pardonne
1427 1022 91 25 jamais,
1524 1028 38 14 car

1088 1049 30 20 ils
1126 1051 54 18 sont
1187 1051 53 18 tous
1253 1055 89 15 comme
1354 1051 52 19 cela
1419 1057 29 14 en
1464 1050 68 21 Corse
1538 1054 11 11 »
1553 1056 10 17 ;

1088 1080 24 16 et
1120 1076 16 21 il
1145 1077 46 20 cite
1200 1078 13 19 à
1222 1084 43 13 son
1275 1081 53 16 tour
1336 1078 22 20 la
1370 1078 86 24 phrase
1471 1085 39 13 sur
1522 1078 41 20 des

1088 1104 106 21 hommes
1211 1106 13 20 à
1242 1105 83 21 cheval
1343 1109 22 17 et
1381 1107 36 19 les
1434 1106 95 21 femmes
1549 1107 12 19 à

1089 1133 52 25 pied
1149 1134 7 19 !

1112 1161 29 20 Je
1150 1161 44 21 fais
1203 1168 136 18 remarquer
1346 1168 12 14 a
1367 1168 50 15 mes
1427 1162 137 25 compatrio-

1089 1192 36 17 tes
1132 1196 47 18 que
1188 1193 78 17 toutes
1275 1196 38 14 ces
1327 1190 145 21 attestations
1485 1190 78 21 furent

1089 1217 140 21 demandées
1245 1218 14 19 à
1276 1218 64 20 leurs
1347 1222 102 20 auteurs,
1462 1219 60 20 deux
1534 1225 28 14 ou

1089 1245 58 20 trois
1163 1246 59 20 mois
1240 1247 68 24 après
1324 1246 22 20 la
1363 1246 124 25 plaidoirie
1505 1247 30 20 du
1552 1247 11 19 6

1089 1273 69 24 Mars,
1167 1277 24 16 et
1199 1274 96 24 qu’elles
1305 1280 27 14 en
1341 1274 77 20 disent
1427 1275 52 20 bien
1488 1275 76 20 moins

1089 1301 55 24 long
1156 1307 45 18 que
1216 1301 53 20 n’en
1283 1301 34 20 dit
1330 1308 28 13 en
1373 1302 82 19 réalité
1472 1302 31 20 Mc
1511 1302 53 20 Ber-

1089 1328 65 22 thon,
1163 1334 60 18 pour
1231 1335 39 14 ces
1278 1329 61 20 deux
1348 1329 91 20 raisons
1450 1330 47 19 très
1511 1329 53 20 sim-

1090 1356 62 24 ples:
1167 1356 58 20 elles
1239 1361 55 16 sont
1308 1356 92 24 écrites,
1415 1357 61 20 donc
1492 1356 72 21 forcé-

1090 1387 63 17 ment
1160 1384 53 24 plus
1222 1384 84 21 brèves
1314 1391 45 18 que
1364 1385 40 20 des
1410 1385 153 20 déclarations

1090 1412 83 24 orales,
1192 1415 23 17 et
1231 1412 89 21 d’autre
1333 1416 60 21 part,
1410 1413 34 20 les
1453 1413 109 24 témoins,

1089 1440 117 24 évoquant
1223 1440 40 20 des
1280 1440 55 21 faits
1349 1447 27 13 en
1391 1441 101 25 quelque
1501 1445 62 16 sorte

1090 1468 51 24 déjà
1150 1468 104 24 anciens,
1264 1475 30 14 ne
1303 1469 127 24 pouvaient
1442 1476 26 13 se
1482 1476 82 13 souve-

1090 1495 37 20 nir
1134 1502 46 18 que
1194 1496 29 20 de
1238 1496 52 20 leur
1305 1497 258 25 impression-générale

1089 1527 24 16 et
1121 1523 41 21 des
1179 1527 62 17 mots
1258 1531 30 13 ou
1306 1524 41 20 des
1364 1524 96 25 phrases
1475 1525 39 25 qui
1529 1526 34 19 les

1089 1551 92 20 avaient
1197 1551 21 20 le
1236 1552 53 24 plus
1308 1552 118 20 vivement
1442 1552 93 26 frappés
1550 1554 12 19 à

1090 1579 134 20 l’audience.

1115 1607 44 20 Par
1167 1608 113 24 exemple,
1294 1608 22 20 la
1325 1607 69 25 petite
1408 1608 85 25 phrase
1507 1609 56 21 citée

1090 1641 41 18 par
1139 1634 61 20 deux
1208 1635 101 20 témoins
1322 1636 13 20 à
1347 1642 86 18 propos
1447 1637 40 20 des
1500 1637 64 21 hom-

1089 1669 49 14 mes
1146 1669 80 14 corses
1234 1664 75 20 allant
1316 1664 13 20 à
1342 1664 90 24 cheval,
1447 1665 74 20 suivis
1536 1666 27 19 de

1089 1690 63 20 leurs
1160 1690 95 21 femmes
1265 1692 13 19 à
1290 1692 60 24 pied,
1368 1692 71 21 laisse
1452 1693 112 21 aisément

1089 1718 97 20 deviner
1193 1719 23 20 le
1230 1720 119 19 caractère
1362 1720 163 25 tendancieux,
1543 1722 20 20 le

1089 1746 41 20 but
1136 1746 87 21 infâme
1231 1747 42 21 des
1281 1748 85 20 tirades
1374 1748 30 20 de
1412 1749 32 20 Mc
1451 1750 111 20 Berthon.

1114 1774 50 21 Oue
1172 1775 134 21 vientfaire
1315 1780 22 16 et
1350 1777 13 19 à
1377 1777 58 24 quoi
1448 1781 55 21 peut
1516 1782 48 16 ten-

1088 1802 40 20 dre
1136 1803 98 24 pareille
1243 1804 87 24 phrase
1338 1804 58 21 dans
1409 1811 46 14 une
1469 1806 95 24 plaidoi-

1088 1830 35 20 rie
1131 1831 79 20 visant
1218 1838 32 13 un
1260 1832 105 20 médecin
1374 1833 72 20 établi
1461 1841 45 14 non
1521 1841 42 18 pas

1088 1865 29 13 en
1130 1859 81 24 Corse,
1231 1860 59 20 mais
1308 1867 29 14 en
1354 1861 64 24 plein
1436 1861 128 22 Continent

1088 1886 106 25 français,
1204 1892 97 16 menant
1310 1895 44 14 une
1362 1890 38 19 vie
1408 1894 66 16 toute
1483 1899 10 11 «
1500 1897 64 14 creu-

1088 1915 61 20 soise
1155 1922 20 16 »,
1185 1917 127 23 possédant
1321 1918 73 20 même
1411 1924 60 18 pour
1483 1918 80 21 l’exer-

1088 1943 47 20 cice
1143 1943 29 19 de
1180 1950 26 13 sa
1215 1944 133 23 profession
1358 1952 46 13 une
1418 1947 94 19 voiture
1524 1953 39 13 au-

1088 1971 117 22 tomobile,
1213 1975 24 16 et
1244 1977 43 19 par
1296 1973 146 24 conséquent
1457 1974 47 19 fort
1516 1980 47 14 em-

1088 1998 79 23 pêché,
1173 1999 75 20 même
1256 1999 37 20 s’il
1301 2000 54 20 l’eût
1364 2001 80 23 voulu,
1449 2002 29 19 de
1484 2002 77 20 suivre

1088 2031 37 14 ces
1130 2027 212 20 soi-disantmoeurs
1348 2034 79 15 corses
1432 2031 130 19 constatées

1088 2059 41 18 par
1136 2054 23 20 la
1168 2058 53 21 trop
1230 2059 83 16 courte
1322 2065 24 4 —
1354 2062 28 14 ou
1392 2060 54 21 trop
1461 2058 100 25 maligne

1088 2091 25 5 —
1120 2089 44 14 vue
1172 2083 29 19 de
1210 2083 31 20 Me
1250 2084 101 20 Berthon
1358 2084 12 20 ?

1110 2110 28 21 Je
1146 2111 114 20 m’excuse
1269 2112 30 20 de
1306 2111 59 21 faire
1373 2119 47 13 une
1429 2113 131 25 critiquede

1088 2141 59 17 texte
1155 2139 19 20 si
1183 2139 94 22 banale,
1284 2140 59 20 mais
1348 2140 45 20 elle
1401 2147 37 14 me
1446 2143 72 23 paraît
1523 2143 38 20 né-

1088 2167 97 20 céssaire
1195 2174 58 18 pour
1261 2168 128 20 confondre
1403 2169 34 20 les
1453 2171 107 24 aveugles

1088 2195 141 20 volontaires
1237 2196 31 19 du
1277 2202 74 18 genre
1365 2196 81 21 Pierre
1454 2197 92 22 Versini
1553 2205 6 14 :

1088 2222 28 20 du
1125 2226 104 17 moment
1237 2229 46 19 que
1292 2227 59 17 cette
1359 2224 85 25 phrase
1460 2233 29 13 ne
1507 2233 54 18 pou-

1088 2251 46 19 vait
1150 2251 144 25 s’appliquer
1311 2258 27 13 au
1349 2252 31 20 Dr
1389 2253 133 21 Alessandri
1532 2261 27 14 en

1088 2278 140 25 particulier,
1234 2283 22 16 et
1264 2280 85 24 qu’elle
1357 2281 83 23 parlait
1448 2281 112 22 d’ailleurs

1088 2306 26 20 de
1122 2310 52 17 tous
1181 2307 36 20 les
1227 2306 86 21 Corses
1321 2314 28 13 en
1358 2309 101 24 général,
1473 2310 86 20 n’est-il

1088 2340 39 18 pas
1143 2334 94 24 évident
1252 2335 85 25 qu’elle
1352 2335 168 27 faisait'partie
1532 2339 28 19 de

1088 2365 80 17 toutun
1176 2362 193 25 développement
1374 2370 30 14 ou
1410 2364 32 21 Me
1447 2365 111 26 Berthon,

1088 2395 55 19 pour
1151 2394 103 16 montrer
1262 2391 117 24 I’égoisme
1387 2391 77 22 féroce
1473 2393 28 20 de
1507 2398 52 16 tous

1088 2417 31 20 [es
1127 2418 70 20 maris
1206 2424 87 19 corses,
1303 2419 111 21 illustrait
1423 2426 41 15 son
1474 2421 85 21 infâme

1088 2446 82 22 pensée
1179 2452 42 18 par
1230 2453 25 14 ce
1264 2447 91 20 tableau
1363 2448 41 20 des
1410 2447 96 23 femmes
1512 2456 48 14 cor-

1088 2479 34 14 ses
1130 2474 120 20 marchant
1258 2476 14 19 à
1281 2475 61 25 pied,
1349 2476 52 24 près
1406 2476 42 21 des
1456 2477 102 21 hommes

1088 2500 118 21 fièrement
1215 2506 24 16 et
1255 2507 200 19 paresseusement
1468 2507 91 23 campés

1088 2535 38 14 sur
1133 2529 66 21 leurs
1208 2534 123 17 montures
1337 2530 12 20 ?

1109 2556 66 21 Cette
1189 2558 84 24 phrase
1287 2564 66 15 assez
1361 2560 126 21 étonnante
1501 2569 58 17 pour

1088 2591 22 14 se
1119 2591 82 18 graver
1208 2586 63 20 dans.
1276 2586 21 19 la
1315 2588 108 21 mémoire
1441 2589 40 21 des
1498 2591 60 20 deux

1088 2613 97 20 témoins
1193 2614 67 23 cités,
1271 2614 95 26 indigna
1375 2616 23 20 le
1412 2616 147 23 Commissai-

1088 2646 22 14 re
1118 2641 29 20 de
1157 2640 78 21 Police
1244 2642 30 19 de
1282 2641 92 25 Guéret,
1386 2650 31 14 un
1432 2645 81 25 Corse,
1529 2647 29 20 le-

1088 2669 48 23 quel
1146 2669 35 19 fut
1190 2669 75 22 outré,
1275 2676 87 15 comme
1378 2678 30 13 on
1426 2672 22 21 le
1465 2673 91 25 devine,

1088 2696 131 21 d’entendre
1228 2697 126 22 calomnier
1361 2699 59 21 ainsi
1426 2706 38 15 ses
1470 2707 88 20 compa-

1088 2724 85 24 triotes,
1183 2728 23 17 et
1214 2725 128 25 m’apporta
1351 2733 43 14 son
1403 2729 153 26 témoignage,

1088 2752 53 20 dont
1149 2752 17 20 il
1174 2753 71 20 serait
1253 2754 104 24 superflu
1364 2755 30 20 de
1402 2757 119 25 souligner
1527 2759 29 20 ici

1088 2780 112 21 [‘autorité
1206 2788 7 13 :

1110 2821 12 11 «
1129 2813 57 21 Lors
1195 2814 31 20 du
1236 2816 81 23 procès
1331 2822 29 14 en
1368 2816 96 22 divorce
1477 2819 30 19 du
1525 2820 32 20 Dr

1088 2841 157 24 Alessandri,à
1254 2842 94 25 Guéret,
1352 2844 40 25 j’ai
1400 2847 103 20 entendu
1513 2854 44 14 une

1088 2869 70 24 partie
1165 2870 29 20 de
1202 2870 23 20 la
1234 2871 122 24 plaidoirie
1363 2872 29 21 de
1398 2873 158 23 McBerthon».

1110 2897 44 20 «Je
1163 2898 52 24 puis
1225 2899 101 21 certifier
1342 2906 88 18 que.ee
1444 2903 93 21 dernier
1544 2911 11 13 a

1088 2924 31 20 dit
1126 2925 105 25 qu’étant
1238 2927 46 19 allé
1293 2933 29 14 en
1332 2927 79 25 Corse,
1431 2930 14 20 il
1455 2930 33 21 lui
1496 2932 61 20 avait

1088 2953 33 20 sté
1129 2953 77 21 donné
1215 2954 28 20 de
1249 2955 54 20 voir
1311 2955 107 22 l’homme
1433 2964 24 14 se
1472 2959 85 24 prélas-

1088 2986 42 18 ser,
1138 2982 23 19 le
1173 2981 56 21 fusil
1247 2988 30 14 en
1296 2984 156 25 bandoulière,
1469 2993 40 14 sur
1524 2995 31 13 un

1088 3009 77 24 mulet,
1173 3011 104 23 pendant
1285 3017 46 19 que
1347 3018 43 14 son
1408 3014 88 24 épouse
1512 3017 44 19 sui-

1088 3037 43 19 vait
1138 3037 14 20 à
1161 3038 62 24 pied,
1233 3042 96 20 portant
1336 3040 39 20 des
1383 3039 117 24 fardeaux.
1508 3050 9 11 »

1134 3067 98 24 Guéret,
1240 3068 25 25 le.
1271 3068 26 21 27
1306 3069 45 21 Mai
1360 3075 50 21 1929

1088 3096 67 25 Signé
1161 3105 5 13 :
1174 3099 109 24 François
1293 3100 110 25 Pietrera,
1410 3101 145 25 Commissai-

1088 3131 22 13 re
1117 3125 29 20 de
1156 3126 78 21 Police
1242 3133 12 13 a
1264 3127 85 22 Guéret
1355 3127 114 29 (Creuse).

1110 3160 17 21 Il
1135 3165 37 16 est
1188 3162 53 20 bien
1259 3165 140 23 regrettable
1407 3172 46 19 que
1467 3168 29 21 M.
1506 3169 49 22 Pie-

1088 3191 57 17 trera
1154 3190 54 19 n’ait
1216 3197 30 17 pu
1255 3192 109 20 asssister
1375 3194 52 25 qu’à
1436 3202 44 14 une
1491 3200 63 19 toute

1088 3216 66 24 petite
1162 3218 74 23 partie
1244 3219 29 20 de
1280 3219 23 20 la
1318 3220 132 27 plaidoirie;
1468 3225 86 24 quelles

1088 3245 137 20 révélations
1238 3247 118 22 curieuses
1372 3249 18 21 il
1407 3257 60 15 nous
1479 3254 75 20 aurait

1088 3273 117 24 apportées
1223 3280 58 15 avec
1297 3276 111 23 l’autorité
1425 3281 74 21 même
1514 3283 39 24 qui

1088 3300 105 21 s’attache
1201 3302 13 19 à
1223 3300 162 25 sesTònctions
1392 3306 6 20 !

1111 3328 48 23 Lui,
1168 3329 30 20 du
1208 3330 86 25 moins,
1304 3333 96 21 n’aurait
1408 3341 30 18 pu
1455 3337 49 20 être
1517 3338 37 21 dé-

1088 3356 58 20 claré
1153 3362 94 20 suspect
1264 3365 89 16 comme
1368 3363 102 21 certains
1484 3371 70 15 mem-

1088 3383 49 21 bres
1145 3390 29 14 ou
1184 3386 57 20 amis
1249 3387 30 20 de
1287 3387 23 21 la
1318 3387 85 23 famille
1411 3391 142 27 Alessandri,

1088 3415 19 16 et
1115 3418 24 14 sa
1150 3413 88 23 qualité
1246 3415 30 20 de
1284 3415 72 22 Corse
1364 3418 39 20 eût
1418 3421 70 23 gardé
1505 3425 49 17 tout

1088 3445 39 14 son
1136 3441 77 24 poids!

1109 3467 28 21 Je
1145 3475 23 14 m
1175 3469 105 23 abstiens
1288 3472 60 20 donc
1363 3475 192 22 provisoirement

1088 3496 26 20 de
1122 3496 55 21 citer
1185 3498 35 20 les
1229 3499 157 27 témoignages
1403 3503 29 20 de
1444 3505 60 19 trois
1516 3511 39 13 au-

1088 3527 44 17 tres
1139 3524 88 23 Corses
1236 3528 108 22 présents
1352 3529 12 20 à
1376 3529 140 22 l’audience:
1532 3532 22 20 le

1088 3552 26 20 Dr
1120 3553 144 26 Alessandri,
1282 3555 32 21 M.
1329 3557 109 24 François
1454 3559 100 20 Antoine

1088 3579 98 26 Grisoni,
1204 3582 108 21 Colonial
1327 3590 28 14 en
1372 3586 103 23 retraite,
1492 3586 61 20 etM.

1088 3608 81 21 Marcel
1178 3610 72 24 Flori,
1268 3611 109 26 Employé
1393 3613 13 20 à
1420 3614 23 19 la
1460 3614 94 24 Banque

1088 3635 69 21 Adam
1165 3638 13 19 à
1186 3637 74 22 Paris.

1616 118 42 21 Les
1667 116 58 21 trois
1734 114 156 25 témoignages
1894 112 78 21 furent
1978 110 82 27 rejetés

1589 153 42 18 par
1639 146 21 19 le
1665 145 53 25 jury
1727 149 65 14 corse
1801 148 39 13 sur
1849 142 20 19 la
1880 139 143 26 proposition
2032 138 28 20 de

1588 174 32 20 Mc
1628 171 101 23 Versini,
1739 170 21 21 le
1769 170 99 25 premier
1877 174 68 19 parce
1954 167 54 25 qu’il
2025 173 36 12 ve-

1588 201 50 20 nait
1646 201 28 20 du
1684 198 112 26 principal
1806 197 120 22 intéressé,
1944 196 20 19 le
1973 193 86 22 second

1588 235 67 19 parce
1663 227 55 26 qu’il
1733 225 77 21 venait
1819 226 28 19 de
1857 224 81 20 l’oncle
1946 224 28 19 de
1985 223 76 20 l’inté-

1588 257 71 20 ressé,
1668 258 22 17 et
1699 254 21 20 le
1730 253 118 21 troisième
1866 258 69 19 parce
1951 250 53 25 qu’il
2023 256 38 13 ve-

1588 284 49 19 nait
1645 283 53 20 d’un
1718 284 82 22 parent
1816 286 41 19 par
1874 280 97 20 alliance
1980 278 28 20 de
2025 281 35 16 cet

1587 311 77 20 oncle!
1675 309 167 22 Evidemment,
1860 307 21 21 la
1893 307 77 26 parole
1983 306 76 20 d’hon-

1587 348 59 13 neur
1655 341 52 19 d’un
1727 339 100 20 Berthon
1848 338 47 24 pris
1910 338 30 20 de
1957 343 63 19 peur,
2036 340 23 16 et

1588 369 65 19 niant
1659 367 173 20 farouchement
1841 372 58 18 pour
1905 373 25 13 se
1936 364 122 25 disculper,

1586 398 89 22 compte
1685 395 118 24 beaucoup
1810 394 53 25 plus
1872 400 44 19 que
1926 394 32 19 les
1966 396 93 17 attesta-

1587 424 63 19 tions
1658 423 82 20 écrites
1749 423 28 19 de
1790 423 58 20 trois
1857 422 85 20 Corses
1955 421 104 26 parfaite-

1586 454 64 17 ment
1658 450 140 20 honorables
1805 451 6 20 !

1610 479 29 20 Je
1648 479 57 20 m’en
1715 478 61 21 tiens
1785 479 59 20 donc
1853 485 57 18 pour
1923 478 22 20 le
1958 480 101 17 moment

1586 513 45 14 aux
1642 507 145 20 attestations
1805 506 40 21 des
1863 506 117 23 Creusois,
1997 508 25 16 et
2034 504 24 25 je

1587 539 55 16 note
1651 542 52 18 que,
1714 542 41 18 par
1764 535 20 20 la
1794 535 53 20 voix
1864 534 28 20 de
1910 540 48 14 mes
1976 533 34 20 six
2028 533 31 19 té-

1586 563 82 23 moins,
1678 563 21 20 le
1708 563 78 25 public
1794 563 29 20 de
1832 563 86 20 Guéret
1931 566 22 15 et
1966 561 41 20 des
2020 567 40 13 en-

1587 591 80 20 virons
1683 592 13 18 à
1715 590 120 20 manifesté
1856 596 41 14 son
1915 588 143 25 indignation

1586 622 80 16 contre
1682 618 34 20 les
1735 618 86 19 tirades
1837 617 136 20 anti-corses
1987 616 29 19 de
2029 615 30 19 Mc

1588 646 109 20 Berthon.

1611 674 154 24 Maintenant,
1774 680 44 14 aux
1828 673 84 21 Corses
1921 672 102 25 déjuger
2034 675 24 16 et

1587 702 79 25 d’agir.
1685 701 50 21 Eux
1744 701 135 25 seuls,—je
1897 707 59 14 veux
1972 700 49 20 dire
2037 699 21 20 la

1587 736 77 14 masse
1681 730 30 19 du
1728 730 87 24 Peuple
1831 729 73 20 Corse
1921 733 23 16 et
1957 735 46 14 non
2018 728 41 19 des

1587 758 96 20 comités
1692 757 92 24 fermés,
1790 769 27 4 —
1825 760 101 22 peuvent
1934 760 23 17 et
1964 755 95 21 doivent

1587 786 49 20 être
1642 786 68 24 juges
1720 792 28 14 en
1757 786 92 20 dernier
1857 788 87 17 ressort
1952 784 67 20 d’une
2028 783 29 20 af-

1587 814 59 20 faire
1653 814 95 22 où,sans
1756 820 89 14 aucune
1854 813 77 20 raison
1938 811 120 25 plausible,

1587 842 51 20 leur
1646 849 56 18 pays
1710 842 36 20 fut
1754 842 42 20 mis
1805 848 27 14 en
1843 847 69 15 cause
1921 844 23 17 et
1955 841 104 23 outragé.

1614 870 49 20 Eux
1671 871 63 20 seuls
1743 870 93 20 doivent
1844 870 50 20 dire
1903 869 29 24 si,
1946 869 83 20 devant
2037 869 22 19 le

1588 904 38 14 cas
1636 898 110 24 Berthon,
1753 898 16 20 il
1774 898 48 20 faut
1830 905 29 13 ou
1869 904 45 14 non
1924 896 135 21 déclencher

1588 932 46 14 une
1642 926 76 20 action
1728 926 134 25 énergique,
1871 925 45 21 afin
1926 931 45 20 que
1982 925 78 20 désor-

1588 954 105 23 mais,les
1702 955 143 20 détracteurs
1854 954 28 20 de
1889 957 65 17 notre
1963 953 39 23 Ile,
2009 959 51 14 ren-

1588 981 44 21 dus
1640 982 113 25 prudents
1761 989 41 19 par
1811 989 30 14 un
1850 981 125 21 châtiment
1985 987 75 14 exem-

1589 1010 82 24 plaire,
1680 1016 25 14 se
1714 1011 94 23 taisent,
1826 1013 22 17 et
1865 1016 45 19 que
1924 1010 86 19 devant
2025 1009 34 20 les

1589 1038 126 21 tribunaux
1724 1045 29 13 on
1762 1045 58 13 nous
1826 1038 56 25 juge
1891 1044 40 14 sur
1939 1038 40 19 des
1994 1036 64 24 faits,

1590 1072 46 14 non
1646 1073 40 13 sur
1695 1068 67 18 notre
1770 1067 90 24 origine
1868 1072 70 14 corse.

1770 1102 88 22 Pierre
1872 1101 158 22 Alessandri.

1677 1135 108 23 Professeur
1793 1135 64 23 agrégé
1865 1140 24 13 au
1896 1135 56 23 Lycée
1959 1134 22 19 de
1988 1134 47 18 Nice

1611 1169 52 21 Nice,
1671 1169 19 18 le
1699 1169 22 18 14
1731 1169 80 18 Octobre
1819 1168 52 19 1929.

1607 1282 54 35 Les
1684 1282 143 36 Elections
1849 1282 196 37 Sénatoriales

1589 1332 38 21 La
1641 1332 74 21 Corse
1733 1332 15 21 à
1760 1332 104 22 l’Encan
1878 1344 28 5 —
1920 1334 48 20 Les
1985 1333 74 22 Clans

1748 1365 54 22 face
1817 1365 15 22 à
1847 1366 56 22 face

1611 1429 50 19 C’est
1668 1435 27 13 un
1703 1430 93 22 spectacle
1810 1430 115 19 lamentable
1939 1431 82 22 qu’offre
2035 1436 23 13 en

1589 1459 22 14 ce
1630 1456 84 17 moment
1735 1456 53 17 notre
1802 1456 135 18 malheureuse
1949 1456 58 18 Corse
2021 1461 38 14 aux

1589 1485 51 18 yeux
1647 1481 32 18 des
1688 1480 92 22 patriotes
1789 1481 94 22 indignés.
1892 1481 63 18 Est-ce
1969 1482 49 17 donc
2030 1482 30 18 l’i-

1589 1506 105 18 néluctable
1703 1506 62 17 destin
1774 1507 23 16 de
1805 1510 22 14 ce
1834 1511 53 18 pays,
1900 1507 46 21 qu’il
1960 1507 38 18 soit
2012 1512 47 13 con-

1589 1531 68 18 damné
1663 1535 74 14 comme
1745 1535 33 18 par
1786 1536 38 13 une
1832 1531 26 18 loi
1866 1532 73 18 cruelle
1946 1532 10 17 à
1965 1532 40 18 être
2015 1533 45 17 tou-

1589 1557 53 22 jours
1649 1557 62 17 A-endu
1724 1561 24 13 au
1759 1557 44 22 plus
1817 1556 84 18 offrant?
1916 1557 67 18 «Nous
1998 1562 61 14 avons

1589 1582 31 18 été
1628 1582 73 17 vendus
1710 1586 72 13 comme
1790 1586 27 13 un
1824 1583 92 21 troupeau
1923 1587 25 13 au
1953 1583 105 22 marché!»,

1589 1607 83 18 s’écriait
1680 1607 60 21 Paoli,
1749 1611 24 14 en
1780 1609 104 20 apprenant
1892 1608 19 17 le
1919 1608 57 18 traité
1989 1609 24 17 de
2021 1609 37 17 mai

1589 1631 52 19 1708.
1662 1632 134 22 Aujourd’hui,
1815 1633 47 17 c’est
1884 1633 19 17 la
1919 1633 52 18 main
1988 1634 71 18 tendue

1589 1657 118 22 qu’arrivent
1714 1657 11 17 à
1733 1657 74 22 Ajaccio
1814 1658 20 17 la
1841 1658 76 22 plupart
1928 1659 33 17 des
1970 1659 89 23 délégués

1589 1683 127 18 sénatoriaux.

1611 1708 35 18 Les
1654 1708 51 17 deux
1713 1708 68 22 partis,
1790 1712 26 14 ou
1827 1713 48 17 pour
1887 1709 67 18 mieux
1968 1709 49 22 dire,
2029 1710 30 18 les

1589 1733 51 18 deux
1652 1734 52 17 clans
1718 1733 34 22 qui
1764 1738 21 13 se
1798 1734 100 22 disputent
1910 1735 20 17 la
1943 1735 115 18 domination

1589 1758 101 19 électorale
1699 1759 23 17 de
1736 1759 39 18 l’ile
1787 1763 21 14 se
1820 1760 115 17 retrouvent
1949 1760 41 18 face
1998 1761 12 17 à
2017 1761 42 18 face

1589 1784 48 18 dans
1645 1784 19 17 la
1670 1784 51 18 lutte
1729 1789 48 17 pour
1783 1784 20 17 la
1811 1784 93 23 conquête
1910 1786 24 17 de
1941 1785 46 18 trois
1995 1785 64 24 sièges

1589 1809 129 18 sénatoriaux.

1611 1835 29 17 Du
1648 1836 57 19 reste,
1713 1835 20 17 la
1741 1834 64 22 Corse,
1814 1835 19 17 le
1848 1835 123 23 relèvement,
1986 1837 74 18 l’assai-

1589 1860 106 18 nissement
1708 1860 100 22 spirituels
1822 1861 19 17 et
1854 1861 98 18 matériels
1970 1862 23 17 de
2012 1862 46 22 l’ile,

1589 1886 45 17 sont
1641 1885 28 18 les
1677 1885 98 18 moindres
1783 1886 34 17 des
1825 1886 156 22 préoccupations
1995 1888 25 17 de
2027 1891 32 14 ces

1589 1910 102 18 messieurs
1697 1915 5 16 ;
1711 1911 21 17 et
1737 1910 46 18 c’est
1790 1911 94 21 pourquoi
1889 1911 43 18 leur
1937 1912 122 19 candidature

1588 1941 25 13 ne
1625 1936 88 22 présente
1726 1940 62 13 aucun
1803 1935 70 18 intérêt
1886 1941 49 17 pour
1950 1937 108 23 quiconque

1588 1962 48 16 veut
1648 1964 21 14 se
1681 1961 70 16 rendre
1765 1965 26 12 un
1805 1962 74 20 compte
1893 1963 55 16 exact
1955 1963 24 16 de
1986 1963 44 17 tout
2037 1967 22 13 ce

1588 1985 33 22 qui
1630 1990 11 13 a
1653 1985 30 18 été
1698 1984 37 18 fait
1748 1989 25 13 ou
1788 1985 53 18 tenté
1855 1989 49 18 pour
1916 1986 20 17 la
1949 1986 110 19 réalisation

1588 2011 46 17 d’un
1641 2014 119 18 programme
1767 2010 24 17 de
1799 2010 53 17 salut
1859 2010 72 22 public.
1945 2011 27 18 Ne
1985 2016 22 13 se
2015 2016 44 14 sou-

1587 2035 51 18 ciant
1646 2039 36 17 que
1691 2035 24 17 de
1724 2035 51 17 leurs
1783 2036 105 22 avantages
1901 2037 119 20 personnels,
2029 2038 30 17 to-

1587 2060 92 18 talement
1696 2059 98 23 étrangers
1811 2064 38 13 aux
1862 2061 83 22 grandes
1958 2062 100 21 questions

1587 2086 76 18 d’ordre
1671 2085 77 23 général
1758 2085 42 18 d’où
1809 2085 73 22 dépend
1891 2086 19 18 la
1918 2087 33 18 vie
1964 2088 24 17 du
2004 2093 53 17 pays,

1586 2111 25 18 ils
1620 2111 43 18 sont
1670 2111 20 17 et
1703 2111 66 17 seront
1783 2114 69 15 encore
1865 2111 30 18 les
1908 2112 149 23 représentants,

1587 2141 38 13 non
1633 2140 33 18 pas
1674 2136 25 17 de
1706 2136 20 17 la
1734 2136 141 21 communuulé,
1884 2141 38 13 non
1931 2141 33 18 pas
1973 2138 24 17 du
2013 2143 46 17 peu-

1586 2162 33 22 ple
1626 2165 59 18 corse,
1695 2161 50 18 mais
1752 2161 59 18 d’une
1818 2161 69 23 équipe
1898 2167 38 17 peu
1943 2167 116 15 recomman-

1586 2187 62 18 dable.

1611 2212 37 18 ...Il
1657 2216 47 14 nous
1713 2211 42 18 faut
1769 2211 83 23 signaler
1866 2213 18 17 la
1899 2213 121 19 candidature
2033 2215 24 18 de

1586 2238 25 18 M.
1620 2238 19 17 le
1647 2236 80 19 Général
1735 2237 92 18 Pollacchi
1836 2238 41 21 qui,
1886 2238 47 18 dans
1942 2243 36 14 une
1985 2239 72 19 affiche

1586 2263 105 20 virulente,
1700 2266 72 14 somme
1780 2262 40 18 très
1825 2263 11 17 à
1841 2267 68 18 propos
1916 2264 30 18 les
1953 2264 30 18 six
1990 2266 67 17 autres

1586 2288 96 19 candidats
1691 2287 24 18 de
1724 2287 41 18 dire
1773 2292 21 13 ce
1807 2288 57 22 qu’ils
1877 2290 33 17 ont
1925 2289 36 18 fait
1975 2294 49 17 pour
2037 2291 19 17 la

1587 2313 57 18 Corse
1653 2314 19 17 et
1680 2313 52 17 trace
1741 2318 25 12 un
1775 2317 118 18 programme
1899 2314 40 22 qui,
1948 2316 109 18 reconnais-

1586 2339 79 21 sons-le,
1673 2338 90 22 présente
1770 2343 26 13 un
1806 2339 72 18 certain
1891 2339 71 19 intérêt
1976 2345 49 17 peur
2036 2342 20 17 la

1586 2364 63 19 Corse.
1663 2363 25 18 M.
1702 2364 19 17 le
1736 2363 80 18 Général
1833 2364 95 19 Pollacchi
1944 2367 57 21 ayant
2016 2366 39 19 très

1585 2390 104 22 justement
1697 2389 86 18 constaté
1791 2393 37 18 que
1831 2389 80 19 l’oeuvre
1916 2391 34 17 des
1957 2391 98 19 sénateurs

1586 2416 91 19 sortants,
1686 2414 110 18 considérée
1804 2419 24 13 au
1837 2415 55 22 point
1905 2416 24 17 de
1942 2420 37 14 vue
1991 2421 62 17 corse,

1585 2445 21 13 se
1615 2439 92 19 réduisait
1714 2439 12 18 à
1735 2439 47 21 rien,
1788 2439 75 18 déclare
1870 2445 37 17 que
1915 2445 35 14 son
1958 2446 98 18 program-

1585 2470 32 14 me
1625 2465 11 18 à
1643 2465 28 17 lui
1679 2469 22 13 se
1710 2464 75 18 résume
1792 2469 25 13 en
1825 2469 32 14 ces
1869 2467 51 17 mots
1927 2471 5 13 :
1949 2473 8 10 «
1963 2467 24 18 La
1996 2467 59 20 Corse

1585 2491 100 18 au-dessus
1693 2490 24 17 de
1725 2488 114 19 touts.C’est
1847 2491 77 22 parfait,
1934 2493 19 16 et
1960 2497 49 14 nous
2017 2498 37 17 ap-

1585 2515 120 23 plaudissons
1717 2515 25 17 de
1755 2515 41 17 tout
1809 2519 53 14 coeur
1881 2520 38 14 aux
1939 2518 115 19 excellentes

1584 2540 106 19 intentions
1699 2540 26 17 du
1734 2539 96 23 distingué
1838 2540 81 23 général.
1928 2542 47 19 Mais
1982 2543 14 18 il
2005 2548 49 14 nous

1585 2566 103 23 pérmettra
1697 2565 23 18 de
1728 2565 28 17 lui
1764 2565 48 18 faire
1819 2570 112 18 remarquer
1938 2572 36 18 que
1982 2573 21 14 ce
2011 2574 43 17 pro-

1584 2595 84 19 gramme
1675 2591 31 17 est
1712 2590 67 22 depuis
1787 2590 33 18 dix
1834 2596 34 13 ans
1883 2592 51 18 celui
1946 2593 45 18 d’un
2002 2595 50 21 parti

1584 2615 100 21 constitué,
1693 2616 19 17 le
1720 2615 73 18 Partilu
1803 2615 55 19 Corsu
1866 2618 130 19 Aulonomista.
2002 2620 16 17 Il
2026 2625 26 13 ne

1584 2643 51 17 reste
1645 2641 12 18 à
1664 2641 25 18 M.
1698 2640 93 18 Pollacchi
1799 2642 42 21 qu’à
1849 2642 82 19 adhérer
1938 2643 11 18 à
1956 2648 22 14 ce
1990 2646 59 21 parti,

1584 2668 47 17 dont
1637 2667 19 17 la
1669 2666 76 22 plupart
1758 2666 33 17 des
1806 2668 94 18 membres
1913 2670 51 20 sont,
1979 2674 74 15 comme

1583 2693 37 21 lui,
1629 2691 95 18 d’anciens
1733 2691 133 23 combattants,
1875 2693 34 18 des
1925 2694 89 19 victimes
2028 2697 25 17 de

1584 2718 18 18 la
1611 2717 70 23 grande
1690 2716 93 22 tragédie,
1797 2717 47 18 dont
1859 2719 44 17 tous
1916 2719 29 18 les
1958 2721 95 18 membres

1584 2744 49 20 sont,
1642 2746 71 14 comme
1721 2742 36 20 lui,
1766 2742 33 18 des
1807 2743 92 21 patriotes
1907 2748 63 15 corses
1977 2746 76 19 arrivés

1583 2773 35 18 par
1623 2769 30 17 les
1657 2767 54 18 voies
1716 2768 27 17 du
1748 2768 139 18 raisonnement
1895 2770 115 20 doctrinaire
2014 2777 38 13 aux

1584 2794 70 18 mêmes
1665 2793 121 18 conclusions
1800 2797 38 18 que
1851 2798 22 14 ce
1886 2795 88 22 glorieux
1988 2797 65 19 soldat

1583 2823 69 18 expose
1660 2818 47 17 dans
1716 2822 35 14 son
1759 2818 107 19 manifeste.

1604 2844 36 18 Les
1648 2843 88 22 passions
1744 2843 112 19 déchaînées
1864 2849 34 18 par
1905 2845 20 18 la
1931 2846 90 24 politique
2027 2849 25 18 de

1583 2869 43 18 clan
1634 2870 43 17 sont
1685 2868 57 18 telles
1750 2873 37 17 que
1797 2869 30 18 les
1842 2870 81 19 chances
1937 2872 25 17 du
1975 2873 76 22 général

1583 2893 101 20 Pollacchi,
1693 2893 90 22 opposées
1790 2894 12 17 à
1810 2894 18 18 la
1836 2895 93 23 politique
1942 2897 32 22 qui
1985 2900 34 17 tue
2030 2900 20 17 la

1583 2919 64 21 Corse,
1656 2919 107 22 paraissent
1770 2919 34 18 des
1817 2920 44 22 plus
1874 2921 92 23 réduites,
1980 2925 19 16 et
2013 2929 38 18 que

1583 2946 18 16 la
1608 2945 50 17 lutte
1666 2944 31 18 est
1704 2944 122 19 circonscrite
1839 2950 37 13 aux
1890 2947 51 18 deux
1953 2948 52 19 clans
2018 2951 33 17 ad-

1583 2973 72 15 verses.

1603 2995 36 18 Les
1647 2995 50 18 deux
1701 2995 54 18 clans
1759 2997 47 16 vont
1811 2996 47 19 donc
1862 2997 114 20 s’affronter.
1982 3000 68 19 Aucun

1583 3021 34 17 des
1625 3020 48 18 deux
1681 3024 25 14 ne
1714 3025 23 14 se
1744 3021 64 18 soucie
1817 3022 138 20 sérieusement
1969 3025 23 18 de
2006 3026 45 17 l’in-

1583 3045 49 18 térêt
1639 3045 77 23 général
1723 3046 24 18 de
1755 3046 18 18 la
1786 3046 63 23 Corse,
1864 3053 63 14 aucun
1940 3050 111 23 n’envisage

1583 3071 16 18 la
1606 3071 110 18 réalisation
1722 3071 46 19 d’un
1772 3076 117 18 programme
1894 3074 23 18 de
1926 3074 123 23 relèvement,

1583 3096 22 18 de
1613 3096 127 18 résurrection
1749 3097 25 17 du
1783 3101 52 18 pays.
1843 3097 27 19 En
1879 3099 55 21 effet,
1942 3100 18 17 le
1968 3101 83 20 premier

1583 3121 52 22 point
1648 3121 45 18 d’un
1706 3122 28 17 tel
1752 3127 119 17 programme
1888 3124 77 18 devrait
1977 3124 41 19 être
2030 3126 20 18 la

1583 3146 125 23 suppression,
1717 3152 26 13 au
1750 3147 63 18 moins
1826 3148 115 22 provisoire,
1955 3149 33 18 des
2000 3150 50 19 élec-

1583 3171 49 19 tions
1639 3171 103 23 politiques
1750 3177 24 13 en
1787 3171 65 23 Corse,
1866 3177 33 14 car
1913 3178 32 14 ces
1957 3174 92 20 élections

1583 3197 116 18 sonstituent
1705 3202 29 13 un
1741 3197 94 18 véritable
1842 3198 58 20 fléau,
1910 3199 69 22 auquel
1991 3204 25 14 on
2024 3205 25 14 ne

1583 3223 44 22 peut
1634 3226 53 18 parer
1695 3223 57 21 qu’en
1759 3223 19 18 le
1785 3223 115 18 détruisant.
1915 3223 27 18 Or
1952 3224 33 18 des
1999 3230 50 17 gens

1583 3247 31 23 jui
1620 3247 66 18 vivent
1695 3247 23 18 de
1726 3247 19 18 la
1753 3247 98 23 politique,
1860 3249 34 22 qui
1903 3253 24 13 en
1937 3249 55 18 tirent
2000 3251 49 18 hon-

1583 3277 55 13 neurs
1655 3273 19 17 et
1687 3273 104 22 avantages
1808 3273 104 22 matériels,
1928 3279 23 13 ne
1964 3278 85 19 peuvent

1583 3302 66 19 songer
1656 3297 11 18 à
1675 3301 22 14 se
1701 3298 65 22 priver
1771 3298 23 17 de
1800 3298 43 18 leur
1849 3299 120 22 gagne-pain,
1977 3300 23 18 de
2005 3301 44 18 leur

1583 3323 68 22 inique
1659 3323 63 18 raison
1731 3323 58 18 d’être
1803 3324 21 17 et
1836 3324 24 17 de
1873 3324 64 18 vivre.
1950 3324 25 18 Ce
1987 3327 62 18 serait

1583 3349 39 21 trop
1629 3348 42 17 leur
1678 3348 108 17 demander.
1795 3347 24 18 Et
1826 3348 47 18 c’est
1886 3350 94 21 pourquoi
1993 3351 55 18 leurs

1583 3372 122 21 lissensions,
1714 3372 53 18 leurs
1775 3373 87 18 batailles
1869 3377 25 14 ne
1901 3376 45 15 sont
1953 3379 36 16 que
1997 3379 52 14 com-

1583 3398 40 17 bats
1630 3398 24 17 de
1662 3397 66 18 crabes
1737 3397 45 18 daus
1787 3402 29 13 un
1821 3398 65 21 panier
1895 3399 19 17 et
1921 3403 26 13 ne
1951 3400 99 18 sauraient

1583 3426 46 14 aous
1633 3421 103 18 intéresser
1741 3421 129 19 directement.
1876 3423 52 18 Nous
1933 3427 24 14 ne
1962 3428 87 18 pouvons

1583 3451 35 18 que
1625 3446 85 23 déplorer
1717 3450 23 14 ce
1752 3446 56 18 triste
1822 3447 40 18 état
1874 3448 24 17 de
1909 3448 74 22 choses,
1997 3450 52 18 cette

1583 3471 109 18 lamentable
1701 3471 97 18 mentalité
1807 3471 33 22 qui
1848 3472 36 18 fait
1888 3473 24 18 de
1920 3473 20 17 la
1947 3477 62 14 masse
2014 3474 34 18 des

1583 3496 90 19 électeurs
1681 3500 40 13 une
1729 3499 61 14 masse
1798 3498 96 20 compacte
1908 3498 24 17 de
1940 3498 110 22 besogneux

1583 3521 49 22 prêts
1640 3521 12 16 à
1659 3521 72 17 donner
1738 3521 52 17 leurs
1798 3521 96 23 suffrages
1908 3527 48 17 pour
1970 3527 25 13 un
2010 3528 40 13 em-

1583 3545 44 23 ploi,
1635 3549 37 14 une
1680 3545 109 18 décoration
1798 3549 26 14 ou
1829 3546 23 17 de
1860 3547 88 22 l’argent,
1956 3548 20 17 et
1983 3548 66 19 totale-

1583 3571 51 16 ment
1638 3569 125 18 indifférents
1771 3574 24 13 au
1804 3571 40 17 sort
1852 3572 24 17 de
1883 3571 44 18 leur
1935 3572 68 21 patrie.

1602 3594 22 18 Si
1631 3595 18 17 le
1657 3595 74 17 lecteur
1739 3595 50 17 tient
1795 3595 12 17 à
1815 3596 97 18 connaître
1919 3601 38 17 que
1964 3601 35 14 nos
2007 3603 43 17 pro-

1583 3619 70 18 nostics
1661 3623 34 14 sur
1702 3619 30 18 les
1740 3619 91 18 résultats
1844 3621 24 17 de
1881 3621 20 17 la
1915 3621 51 18 lutte
1979 3622 71 19 électo-

1583 3643 45 22 rale,
1636 3647 48 14 nous
1691 3643 30 18 lui
1729 3643 117 23 répondrons
1854 3646 47 21 qu’il
1914 3650 50 14 nous
1976 3647 74 23 impor-

2087 106 42 18 tent
2137 110 42 18 peu.
2188 106 25 18 Le
2218 106 41 18 clou
2266 107 74 23 Landry
2347 113 11 13 a
2366 114 48 17 pour
2428 112 27 18 lui
2472 115 18 19 ]„
2502 123 11 13 n
2526 121 5 6 .

2087 135 55 14 sauce
2151 131 99 18 électorale
2258 131 24 17 de
2290 137 34 13 son
2334 133 49 22 chef,
2395 136 32 21 qui
2443 140 29 17 est
2487 142 21 19 de

2086 156 107 21 longtemps
2200 156 96 21 président
2301 158 25 16 du
2333 158 73 19 Conseil
2415 161 78 22 Général
2509 149 39 38 ?nv

2086 181 23 17 de
2116 180 19 18 la
2142 180 115 21 Maçonnerie
2266 182 20 17 et
2293 182 34 21 qui
2337 183 48 18 tient
2397 185 18 18 lu
2430 188 76 23 plupart
2517 196 10 16 d

2087 205 144 18 fonctionnaires
2240 206 47 17 dans
2296 211 26 13 un
2332 208 66 18 réseau
2406 211 110 25 d’intrigues
2527 201 20 32 ?

2086 230 143 21 surveillances,
2241 231 23 18 de
2273 236 115 19 promesses,
2398 234 12 18 il
2420 241 11 12 a
2440 242 48 17 pour
2497 242 26 19 lui
2531 246 5 16 ]

2087 255 51 18 force
2146 255 107 18 indéniable
2261 256 24 17 de
2293 256 80 23 l’argenl
2382 263 5 16 ;
2397 264 32 14 car
2443 263 52 19 enfin
2503 252 45 35 nrUU

2085 285 25 13 ne
2118 280 87 18 saurions
2213 280 73 18 oublier
2295 286 37 17 que
2346 282 24 18 M.
2385 283 82 22 Giordan
2482 292 29 17 est
2539 276 9 13 8

2085 310 46 18 gros
2139 305 92 18 financier
2239 306 19 17 et
2266 310 37 18 que
2312 306 24 18 M.
2346 307 86 20 Lederlin
2438 312 32 21 qui
2480 300 67 38 patronn

2085 336 23 13 ne
2113 332 19 17 la
2140 331 44 18 liste
2192 336 23 13 en
2223 332 30 17 est
2261 336 26 13 un
2294 336 69 13 encore
2371 333 42 21 plus
2419 338 77 19 gros.Le
2502 330 47 32 part'

2085 356 134 19 Gavini-Pielri
2231 361 10 13 a
2250 361 48 18 pour
2312 356 28 19 lui
2352 357 19 18 la
2385 360 92 20 notoriété
2490 365 22 19 de
2524 369 16 17 u

2085 381 87 22 Douiner,
2181 381 99 19 Président
2287 382 25 17 du
2322 382 56 18 Sénat
2386 384 20 17 et
2418 387 88 20 candidat
2518 394 19 17 sé

2085 405 55 18 rieux
2147 407 11 17 à
2167 407 17 17 la
2193 406 112 19 Présidence
2313 407 24 17 de
2345 407 19 17 la
2378 408 123 25 République,
2516 417 13 17 u
2537 404 11 5 -

2085 435 49 18 pour
2140 431 29 18 lui
2177 432 23 17 M.
2209 432 18 18 le
2240 431 65 18 Préfet
2318 431 89 20 Bussière
2419 435 33 21 qui
2466 440 80 23 soutient

2084 457 67 16 autant
2158 457 44 21 qu’il
2211 458 17 17 le
2236 457 46 22 peut
2290 457 88 21 Doumer,
2387 459 71 22 malgré
2465 461 19 18 lu
2492 465 47 20 réser

2085 485 23 14 ve
2114 481 47 23 qu’il
2169 481 77 19 observe
2255 481 93 19 vis-à-vis
2357 482 24 17 de
2389 483 25 18 M.
2423 484 73 26 Landry
2504 478 42 34 d0J)j

2085 506 13 17 il
2103 511 21 13 se
2131 506 55 19 méfie
2194 512 5 17 ;
2209 507 13 17 il
2229 512 11 13 a
2247 512 48 17 pour
2303 507 35 21 lui,
2344 512 72 13 comme
2424 509 67 21 l’autre
2499 515 38 20 clan

2085 531 27 18 les
2124 531 131 19 distributions
2272 533 24 17 de
2310 532 102 23 pla-places
2424 538 35 17 par
2472 537 75 24 lesquel-

2085 556 27 18 les
2125 557 29 18 les
2167 557 63 18 divers
2246 558 159 22 gouvernements
2421 563 124 24 asservissent

2084 581 18 18 la
2110 582 58 17 Corse
2174 587 5 16 ;
2188 583 46 17 c’est
2241 583 26 17 du
2276 583 51 17 reste
2338 587 23 13 ce
2373 582 32 22 qui
2419 585 89 22 explique
2520 592 26 18 les

2085 606 110 18 tractations
2203 607 33 22 qui
2244 608 33 16 ont
2285 612 23 13 eu
2323 607 40 18 lieu
2372 607 10 17 à
2390 607 54 18 Paris
2457 610 46 20 dans
2515 616 30 20 des

2085 631 85 18 cabinets
2177 631 131 22 ministériels,
2317 636 24 13 nu
2350 631 38 18 lieu
2397 632 23 18 de
2435 638 20 13 se
2463 638 82 23 produire

2085 660 23 13 en
2116 655 56 19 Corse
2180 656 65 21 même,
2255 657 47 18 dans
2311 657 33 18 des
2353 657 90 19 réunions
2450 661 94 26 publiqUes

2085 681 19 17 et
2111 686 23 13 au
2144 682 58 22 grand
2210 681 49 23 jour.

2105 706 36 18 Les
2155 707 78 18 chances
2248 708 56 17 entre
2324 708 28 18 les
2370 708 50 18 deux
2435 711 58 20 partis
2507 719 37 17 sont

2085 732 55 21 donc,
2150 736 24 14 en
2181 736 77 18 somme,
2267 732 71 23 égales.
2348 732 61 22 Quant
2420 738 37 14 aux
2471 736 73 25 chances

2085 757 23 17 de
2116 757 58 21 profit
2180 762 46 18 pour
2233 758 19 17 la
2260 757 65 23 Corse,
2330 758 47 18 elles
2386 759 50 21 sont,
2443 760 53 23 elles,
2501 768 44 16 com-

2085 781 101 23 plètement
2193 783 131 18 inexistantes.
2334 783 47 18 Mais
2389 784 47 22 qu’il
2450 790 48 15 nous
2510 792 33 19 soit

2085 807 77 22 permis,
2172 813 22 13 en
2203 808 108 21 terminant,
2321 809 23 17 de
2352 813 48 14 nous
2412 809 92 21 lamenter
2516 820 29 15 sur

2085 832 17 18 la
2110 833 57 18 triste
2174 833 84 19 destinée
2266 834 24 18 de
2298 834 18 17 la
2323 833 62 22 Corse,
2393 834 40 22 qui,
2441 836 53 21 après
2499 842 46 18 avoir

2085 857 29 18 été
2128 862 24 14 au
2166 863 55 14 cours
2234 860 23 17 de
2272 863 34 14 son
2321 859 80 18 histoire
2415 860 95 21 glorieuse
2522 871 22 15 un

2084 883 73 18 modèle
2165 884 103 18 d’honneur
2276 885 20 17 et
2304 884 24 18 de
2335 884 64 21 fierté,
2408 889 24 13 en
2441 887 30 17 est
2478 888 67 22 réduite

2084 908 11 17 à
2102 908 80 18 devenir
2189 914 26 13 un
2222 909 52 22 objet
2282 910 24 17 de
2314 909 48 22 pitié
2370 910 20 17 et
2398 910 23 18 de
2429 910 76 23 dégoût.
2512 914 31 22 Que

2084 933 28 18 les
2121 933 92 19 électeurs
2221 934 122 18 sénatoriaux
2352 939 12 18 y
2372 934 139 23 réfléchissent.

2150 1001 51 23 (Cors
2201 1001 42 24 ica).

2347 974 26 18 D.
2382 973 24 19 P.
2415 973 110 24 Leonetti.

2101 1116 38 25 Ci
2152 1124 117 18 avemu
2283 1125 114 18 messu
2406 1119 33 24 in
2451 1127 81 24 capu

2104 1158 93 26 d’avè
2209 1158 61 26 200
2283 1162 76 23 novi
2372 1161 153 29 abbunati

2128 1203 105 24 avanti
2246 1210 19 17 a
2277 1202 59 25 fin’
2350 1203 157 27 d’ottobre

2112 1264 51 21 Per
2181 1266 96 25 questa,
2297 1264 97 22 feremu
2413 1272 36 15 un
2469 1266 77 26 sforzu

2085 1297 141 21 mandendu
2241 1298 27 21 di
2281 1297 87 25 rigalu
2376 1304 7 14 :

2112 1335 24 20 A
2147 1335 11 20 i
2169 1335 15 21 5
2194 1335 77 25 primi
2282 1342 16 15 a
2305 1335 123 26 risponde
2436 1343 8 16 :
2455 1337 92 25 L“An-

2084 1368 97 25 tologia
2188 1368 34 21 d’i
2230 1367 118 23 Scrittori
2355 1369 88 23 Corsi”
2449 1371 99 25 d’Yvia-

2088 1401 88 26 Croce,
2189 1401 97 28 (prezzu
2297 1402 34 22 20
2342 1402 119 31 franchi).

2112 1441 24 21 A
2146 1441 11 21 i
2169 1441 31 21 iO
2212 1441 41 22 chi
2264 1447 114 21 seguenu
2387 1449 7 16 ;
2407 1444 105 23 “Rime”
2523 1447 25 22 di

2084 1481 17 15 u
2112 1474 202 29 Sampetracciu,
2335 1476 99 22 volume
2446 1478 27 21 di
2488 1485 60 19 pue-

2084 1507 38 22 sie
2131 1508 28 21 di
2167 1508 48 22 200
2222 1515 60 19 pag.
2291 1509 107 28 (prezzu:
2408 1510 16 21 8
2433 1511 112 31 franchi).

2112 1547 24 21 A
2151 1547 11 21 i
2178 1547 32 22 20
2225 1548 42 22 chi
2285 1554 113 20 seguenu
2407 1556 6 15 :
2438 1551 79 23 “Eisa
2534 1560 12 14 e

2084 1581 99 21 Pianti”
2195 1581 26 22 di
2230 1581 76 22 Paoli
2315 1583 28 21 di
2352 1582 196 29 Tagliu,volume

2085 1614 27 22 di
2123 1615 95 27 puesie,
2231 1615 111 28 (prezzu:
2354 1616 16 22 5
2381 1617 117 29 franchi).

2111 1654 25 22 A
2143 1655 11 21 i
2165 1654 32 22 30
2209 1655 67 25 dopu
2286 1662 6 15 :
2314 1656 92 22 “Musa
2416 1657 132 24 d’Aitone”

2084 1688 90 22 Puesie
2180 1688 28 22 di
2214 1688 132 28 Minicale,
2349 1689 106 29 (prezzu:
2461 1692 19 21 4
2485 1692 62 22 fran-

2084 1722 59 28 chi).

2111 1759 70 21 Tutti
2189 1759 77 27 quelli
2277 1760 43 22 chi
2329 1763 113 26 restanu,
2453 1761 94 23 riceve-

2083 1799 73 21 ranu,
2164 1793 21 21 a’
2196 1793 88 28 scelta,
2297 1794 72 24 “Que
2379 1797 63 20 veut
2451 1795 27 22 la
2489 1796 57 22 Cor-

2085 1826 43 21 se”
2139 1826 28 21 di
2176 1826 97 23 Matteu
2289 1827 130 27 Cirnensi,
2434 1835 14 15 o
2462 1829 86 22 “Cate-

2084 1859 99 22 chismu
2194 1860 94 22 Corsu”
2299 1861 29 21 di
2336 1861 109 22 Saveriu
2456 1861 91 24 Malas-

2081 1893 75 27 pina,
2170 1893 107 28 (prezzu:
2290 1894 15 21 2
2314 1895 100 22 franchi
2426 1902 14 15 e
2450 1896 95 28 mezzu).

2111 1930 56 21 Ben
2176 1930 90 26 intesu,
2280 1937 15 15 a
2308 1931 92 22 lettera
2410 1932 29 21 di
2454 1932 92 23 chiesta

2084 1962 212 22 d’abbunamentu
2315 1963 114 22 dev’esse
2450 1969 96 17 accum-

2084 1997 110 23 pagnata
2205 1995 27 21 di
2243 2002 17 14 u
2270 1995 122 23 xnandatu
2410 1996 135 24 d’abbuna-

2083 2029 94 21 mentu.

2110 2061 24 21 A
2142 2061 60 22 lista
2209 2062 57 22 serà
2274 2063 88 22 chiosa
2372 2070 17 15 u
2401 2063 32 22 31
2442 2064 102 23 ottobre.

2111 2112 31 22 Ci
2153 2118 67 16 semu
2230 2114 93 21 avvisti
2335 2114 39 22 chi
2387 2114 7 22 i
2408 2114 73 23 Corsi
2492 2116 55 21 resi-

2084 2146 66 21 denti
2163 2146 23 21 in
2199 2145 100 24 Francia
2311 2153 16 16 o
2340 2148 25 21 in
2377 2148 61 22 altrô
2455 2155 34 15 un
2506 2155 39 21 pu-

2083 2179 99 22 darianu
2193 2180 117 22 bencfizià
2322 2181 23 21 di
2359 2181 7 22 i
2377 2181 74 28 primi
2460 2183 84 27 premj,

2083 2213 74 28 quelli
2164 2213 23 22 di
2196 2213 101 23 Corsica
2307 2215 115 27 pudendu
2432 2216 113 28 risponde

2083 2247 43 27 più
2137 2253 13 16 a
2162 2248 23 21 la
2195 2248 69 21 lesta.

2108 2280 101 23 Faremu
2218 2282 98 27 danque
2328 2283 87 27 cinque
2427 2283 118 28 categorie

2082 2315 23 21 di
2116 2315 137 28 benefìziarj
2266 2322 44 21 per
2322 2316 39 22 ciò
2374 2317 38 22 chi
2428 2322 117 17 cuncerna

2081 2348 187 29 «l’Anthologie
2277 2357 21 19 »,
2309 2357 14 14 «
2331 2349 73 23 Rime
2412 2357 15 15 »
2443 2357 12 15 e
2467 2358 14 13 «
2488 2350 55 22 Risa

2081 2388 13 15 e
2106 2381 81 23 Pianti
2196 2389 22 15 ».

2107 2421 80 22 Prima
2199 2423 121 27 categuria
2331 2429 6 16 :
2354 2423 108 23 Corsica.

2106 2454 104 23 Siconda
2273 2463 14 14 «
2331 2463 6 15 :
2353 2457 107 22 Francia.

2104 2488 77 22 Terza
2264 2496 24 15 •«
2332 2498 6 13 :
2358 2491 185 28 Algeria-Tuni-

2079 2523 46 21 sia.

2106 2559 91 27 Quarta
2271 2567 14 14 «
2337 2569 6 13 :
2359 2561 116 23 Maroccu
2487 2568 12 15 e
2511 2560 31 23 U-

2077 2593 76 21 nione
2166 2593 102 22 Pustale.

2104 2628 93 28 Quinta
2258 2654 6 6 4
2271 2638 15 13 «
2336 2639 6 14 :
2359 2632 70 22 Altre
2440 2629 101 24 Culunie

2104 2665 30 22 In
2145 2672 166 23 cunsequenza
2320 2675 6 15 :

2105 2704 10 22 I
2125 2712 13 21 3
2147 2706 72 27 primi
2228 2706 84 29 d’ogni
2322 2707 122 28 categuria
2452 2706 90 22 riceve-

2077 2743 60 17 ranu
2147 2746 14 13 «
2169 2739 167 28 l’Anthologie
2343 2748 22 14 ».

2105 2778 10 22 I
2129 2778 12 23 6
2153 2781 109 27 seguenti
2277 2780 83 29 d’ogni
2373 2780 125 28 categuria
2513 2778 29 22 ri-

2077 2812 116 23 civeranu
2205 2819 12 16 e
2228 2813 95 23 «Rime
2331 2821 21 15 ».

2104 2851 10 22 I
2137 2859 25 15 12
2181 2854 110 27 seguenti
2314 2854 85 28 d'ogni
2422 2851 117 30 categuria

2077 2885 137 24 riciveranu
2224 2893 15 16 «
2247 2887 60 22 Risa
2321 2894 13 16 e
2344 2887 78 22 Pianti
2430 2894 22 15 ».

2102 2926 24 21 A
2138 2928 38 20 stu
2185 2926 74 28 jornu
2271 2933 90 16 avemu
2373 2926 127 23 ricevutui
2508 2930 30 16 se-

2077 2961 85 26 guenti
2173 2960 57 22 nov’
2237 2961 173 22 abbunamenti
2419 2967 6 16 :

2103 2998 100 23 Corsica
2214 3011 28 4 —
2254 2999 35 29 58.

2102 3031 101 23 Francia
2214 3045 27 4 —
2252 3039 37 22 34.

2102 3066 212 28 Algeria-Tunisia
2322 3079 29 5 —
2362 3073 36 16 ai.

2101 3101 218 29 Ringraziamenti.

2099 3209 141 25 Preghemu
2247 3209 11 21 i
2268 3211 83 21 nostri
2373 3209 122 24 abbunati
2513 3205 24 23 di

2075 3242 8 20 L
2093 3242 70 26 quali
2182 3241 204 25 l’abbunamentu
2398 3244 13 22 è
2421 3244 90 22 vinutu
2522 3245 15 15 a

2075 3275 119 22 scadenza
2208 3276 87 22 avanti
2309 3283 18 16 u
2340 3278 85 25 primu
2442 3278 95 21 settem-

2075 3308 42 22 bre
2131 3309 72 25 1929,
2214 3310 26 21 di
2248 3311 134 22 mettesiin
2392 3310 97 27 régula,
2498 3308 38 21 in-

2075 3342 115 21 vienduci
2201 3349 15 15 a
2228 3349 96 17 somma
2343 3345 96 22 duvuta
2454 3337 83 28 avanti

2075 3381 16 15 u
2101 3374 16 21 5
2127 3375 149 22 Nuvembre.

2100 3408 134 22 Trascorsa
2257 3411 40 21 sta
2308 3411 69 28 data,
2393 3411 97 22 faremu
2497 3407 38 21 in-

2075 3440 83 21 oascià
2168 3441 175 25 direttamente
2351 3445 32 26 pè
2391 3451 16 16 a
2412 3445 75 25 posta
2493 3444 43 18 au-

2075 3474 133 22 mentendu
2230 3477 62 25 ogni
2311 3479 116 26 quitanza
2449 3476 28 22 di
2495 3472 41 22 dm

2075 3511 96 23 franchi
2180 3513 33 26 pè
2221 3520 14 16 e
2247 3521 83 20 spese.

2100 3545 153 25 Ricurdemu
2263 3549 41 22 chi
2320 3557 17 15 u
2351 3551 90 21 nostru
2462 3544 73 24 contu

2075 3577 107 28 chèques
2187 3586 8 15 :
2201 3577 332 31 Marseglia45-82,permet-

2075 3612 23 20 te
2105 3612 34 21 ad
2147 3619 103 20 ognunu
2258 3615 28 22 di
2292 3616 27 22 fà
2329 3623 36 15 un
2375 3614 121 23 mandatu
2505 3612 29 18 eu

2075 3644 31 22 40
2117 3647 130 23 centesimi
2258 3649 29 22 di
2296 3655 82 21 spese.
