2580 3784
76 397 84 32 Hjinni
170 393 117 27 Nanna

170 445 8 18 i

60 493 11 11 n
76 482 72 25 ciacciu,
157 478 71 19 affacca
236 476 19 17 la
264 475 57 19 luna;

58 516 48 17 Pianu
114 507 56 24 pianu
178 502 48 19 colla
235 506 19 12 in
264 504 29 13 su.

56 518 49 38 Ltte
113 539 9 13 e
130 529 61 21 3telle,
200 531 37 13 una
245 525 24 17 ad
281 527 45 16 una,

56 568 14 17 A
75 558 96 26 seguitanu
180 555 75 20 quassu.

75 602 21 20 Di
102 605 13 13 u
122 596 52 20 dolce
181 594 58 17 sonnu

76 625 13 22 È
96 627 49 17 l’ora,
155 626 10 13 o
174 618 78 19 ciuccu.

112 656 97 26 ftilurnella
217 652 30 25 (0

56 682 273 41 Dormistrintaalumiòsenu;

58 725 67 21 nonni,
134 723 65 17 dormi,
208 718 35 15 mm
254 711 51 17 tesoi
314 710 5 16 I

58 731 15 42 S
94 731 16 14 “
114 751 59 17 sonnu
182 744 27 18 sìa
218 740 67 19 serenu
292 739 5 17 ;

42 770 182 33 fegiUP“Ul“®
307 758 24 21 ^

179 808 16 19 II

63 833 226 41 L,ag;,ellu«pe'»e'“U

61 904 14 17 E
81 901 14 18 ii
101 896 38 21 nidi
146 898 20 14 s0
174 888 69 21 scalIdU
292 901 3 3 .

60 925 47 20 D’ale
114 917 75 23 stanclie
196 914 19 17 di
224 911 50 18 vola.

79 964 20 18 In
106 965 24 14 un
137 957 45 19 nidu
190 950 99 21 anch’ellu,

79 984 72 22 Ciucciu
160 980 17 19 si
184 977 56 20 starà.

165 1019 25 18 III

57 1063 9 18 I
73 1058 42 21 fiori
122 1054 36 23 sazj
167 1053 19 18 di
194 1052 57 18 lume,

57 1087 18 17 Si
83 1085 20 17 sò
111 1079 57 21 messi
175 1083 12 13 a
194 1075 96 24 penciulà;

56 1112 13 18 E
76 1110 14 19 jj
98 1105 72 26 piulelli
179 1102 46 22 in.le
233 1101 73 23 piume,

56 1137 79 18 Cessanu
143 1130 19 18 di
171 1126 127 21 chiucchiulà.

75 1173 28 19 Ma
110 1173 53 16 cume
171 1169 20 17 lu
199 1171 48 17 meo,

74 1198 53 19 Kimu
135 1193 76 20 n’avarà
218 1192 5 18 !

165 1233 26 18 IV

53 1274 34 17 per
94 1271 25 20 te,
128 1267 60 22 mai,Ii
196 1266 38 18 miò
242 1263 88 23 dinoccbj

56 1298 26 19 Un
89 1294 144 20 stancheranu,o
242 1290 76 19 ciucciù
325 1295 5 16 ;

54 1320 69 22 Chiudi,
133 1317 65 20 chiudi
208 1317 15 18 li
233 1317 25 17 to’
269 1315 60 22 occhj,

53 1348 47 20 Sin’a
106 1344 55 20 l’alha
168 1348 28 13 un
203 1343 58 21 l’apre
269 1341 40 23 più.

73 1388 15 17 A
95 1386 24 18 to’
127 1382 128 20 mammarella

73 1410 87 21 Dormerà
167 1408 55 19 dinù.

169 1449 18 18 V

52 1487 37 18 Cun
97 1489 37 14 uva
142 1488 11 14 e
161 1482 50 23 îighi
217 1487 11 13 a
236 1480 94 24 spurtelli,

50 1512 16 18 U
73 1511 25 18 to’
106 1510 61 18 babbu
175 1507 111 23 junghierà;

51 1534 119 25 Basgienduti
179 1534 21 18 in
207 1534 15 17 li
233 1531 76 24 capelli,

51 1562 100 20 Cuntentu,
161 1558 102 20 surriderà.

72 1602 14 17 E
93 1606 24 13 eu
124 1601 19 17 la
151 1599 26 18 to’
186 1602 88 18 mamma,

71 1626 41 18 Ellu
119 1625 77 19 canterà
202 1629 5 12 :

165 1664 27 18 VI

49 1697 15 22 È
72 1701 51 17 tantu
130 1699 51 18 forte
188 1698 77 17 l’amore

50 1726 37 18 Che
95 1725 29 17 no’
133 1724 15 18 ti
156 1725 64 19 demu,
226 1727 11 14 o
246 1721 74 19 ciucciù
326 1720 5 19 !

50 1750 100 19 Carnuccia
158 1750 32 17 d’u
201 1749 67 17 nostru
281 1751 49 16 core,

49 1776 60 18 Tutt’a
116 1779 89 18 speranza
213 1773 20 18 sè
241 1775 20 16 tu
270 1772 5 18 !

72 1814 58 19 Senza
138 1815 19 17 la
165 1814 26 17 to’
197 1813 45 21 risa,

74 1840 53 18 Gioia
136 1844 27 13 un
172 1839 17 18 si
197 1838 44 19 n’ha
249 1837 34 23 più
290 1837 5 18 1

166 1878 33 18 VII

52 1914 59 21 Pregu
116 1917 11 13 a
136 1912 82 22 Vergine
226 1911 60 18 Maria

53 1937 68 18 Ch’ella
128 1937 17 18 ti
153 1937 61 18 faccia
225 1935 98 24 ’ngrendà,

49 1962 15 18 E
72 1966 73 18 sempre
154 1963 21 16 in
183 1962 18 17 la
209 1961 60 18 dritta
277 1961 39 20 via,

49 1987 42 18 Ella
99 1987 15 17 ti
122 1991 57 18 possa
187 1986 62 22 guida.

74 2025 45 19 Cnsì
127 2025 18 18 ci
153 2025 53 18 darai

72 2051 27 18 La
107 2051 74 17 félicita
187 2049 5 18 !
219 2062 5 5 .

143 2093 5 4 -
162 2089 43 18 VIII

51 2125 23 17 A’
80 2125 24 17 to’
111 2122 158 22 mamma,stonde
274 2126 63 13 amare

54 2150 58 18 Certu
119 2154 28 12 un
154 2149 15 17 li
178 2148 44 18 n’ha
227 2148 23 17 da
258 2147 67 18 mancà
330 2151 6 17 ;

54 2175 33 19 Ob!
97 2180 37 13 cun
142 2174 32 19 chi
182 2178 55 18 pena,
245 2173 22 18 lu
276 2176 51 14 mare

52 2200 79 22 T’aghiu
139 2200 24 17 da
171 2199 51 18 vede
230 2198 65 18 francà
302 2197 6 18 !

75 2241 66 20 Tostu,
150 2239 22 18 in
180 2243 43 14 casa
231 2238 47 21 soia,

75 2265 78 18 Ciucciu
161 2263 86 19 turnerà:

173 2303 25 18 IX

46 2339 19 17 Di
69 2338 110 21 mamma,in
184 2337 14 18 li
204 2337 27 18 so’
236 2336 101 21 vint’anni,

56 2363 76 19 Ciucciu
142 2368 41 13 nun
192 2363 17 17 si
219 2361 98 19 scurderà.

55 2389 14 17 E
76 2394 10 12 a
93 2389 46 18 l’ore
148 2389 20 17 di
177 2387 94 22 l’affanni,

56 2411 41 21 Ell’u
105 2415 19 17 la
131 2413 107 19 cunsolerà.

76 2447 14 18 E
97 2452 55 14 cume
161 2449 31 16 sta
199 2451 43 14 sera

78 2473 42 18 Ellu
128 2473 78 18 canterà
212 2477 5 13 :

56 2506 116 22 (Riturnella,
182 2506 58 24 pianu
251 2505 67 24 pianu)

52 2548 19 17 (1)
76 2549 15 14 A’
99 2549 32 14 fine
136 2549 51 18 d’ogni
193 2549 56 14 strofa.

128 2579 26 19 G.
164 2580 25 18 di
197 2579 21 18 A
230 2579 88 18 Grotta.

452 391 112 27 LODE

374 442 78 22 Agnelln
462 443 11 18 è
481 444 42 18 cusi
532 445 93 22 graziosa,

375 467 22 17 Di
405 468 73 18 stalura
487 469 54 18 lantu
548 470 56 22 bella,

374 491 87 20 Amabile
470 498 10 13 e
489 499 100 17 generosa,

376 516 21 18 Ci
405 517 30 18 n’è
443 518 59 22 poche
510 520 118 17 comed’ella.

375 541 69 23 Felice,
453 543 32 18 chi
494 544 127 18 s’abbandona

377 566 16 18 A
403 568 49 17 lutta
461 568 18 18 la
487 569 28 18 so’
524 574 80 18 persona
611 569 5 18 !

378 606 14 18 0
400 609 97 17 momentu
503 609 125 18 memuriosu:

378 631 52 19 Vedu
438 633 81 22 Agnella
527 634 113 22 chilavava;

378 657 28 17 Un
414 658 128 22 ghiuvanottu
550 664 98 17 amurosu,

378 682 26 18 Da
412 683 65 18 vicinu
487 684 19 18 la
514 685 97 21 guardava

378 706 14 18 E
400 709 59 17 credu
468 709 33 17 chi
509 714 11 13 a
529 710 57 17 bassa
597 714 45 13 voce

378 732 15 18 U
401 733 98 22 ghiovanu
510 734 13 17 li
535 735 85 22 parlava.

378 771 43 18 Nun
430 773 95 22 curnpresi
535 774 120 21 ludiscorsu,

378 796 101 20 Perch’era
487 799 69 22 troppu
564 799 90 22 luntanu,

378 822 36 22 Ma,
425 824 120 18 senz’alcunu
555 824 89 22 rimorsu,

378 848 121 19 M’avvicinai
509 849 43 23 pian
561 850 65 22 pianu.

379 873 28 17 Lu
415 874 130 22 ghiuvanottu
557 875 27 18 mi
592 876 60 17 vede:

379 898 118 20 S’aliunlana
506 905 11 12 a
525 900 51 18 Icstu
588 901 54 22 pede.

378 939 71 22 Allora,
459 940 18 17 la
485 944 43 13 cara
536 940 102 22 Agnulella

379 964 24 17 Mi
412 965 53 21 parlé
472 965 153 22 graziosamenli.

378 989 24 18 Mi
412 990 58 22 disse,
479 991 76 17 ridente
564 995 11 13 e
584 990 56 21 bella,

379 1015 56 18 Moite
449 1020 44 13 cose
505 1020 10 13 e
526 1015 138 23 cumplimenti.

379 1040 42 22 Eiu,
428 1042 126 22 quantunque
562 1041 90 22 cunfusu,

379 1066 25 18 Mi
412 1067 67 22 spiegu
488 1067 124 18 subitamenti
619 1071 5 13 :

378 1107 27 17 Lu
414 1108 57 21 ponte
479 1107 20 18 di
508 1112 12 13 u
528 1106 125 23 Lavatoghiu,

378 1133 51 22 Logu
438 1133 20 17 di
468 1132 154 21 tanl’emuzione,

378 1158 28 17 Ne
414 1158 67 17 vurria
489 1158 20 17 fà
517 1158 21 17 lu
548 1157 72 23 pogbiu

378 1183 23 18 Di
408 1184 20 17 la
435 1184 37 17 me’
481 1183 143 18 cunsulazione.

378 1208 86 23 Agnella,
473 1208 22 18 lu
505 1208 35 18 me’
549 1208 73 21 tesoru,

378 1233 66 18 V’amu
454 1234 19 17 di
482 1238 49 18 pura
542 1233 100 18 affezione.

379 1273 21 18 Li
408 1273 116 22 voslr’occhj
534 1272 101 19 cristallini

379 1299 27 18 Cu
413 1300 21 17 lu
442 1299 65 18 fronte
513 1299 95 22 spaziosu,

378 1325 22 18 Li
407 1325 85 18 merletli
500 1324 83 19 rosulini

379 1350 14 18 E
401 1351 21 17 lu
430 1351 85 22 sguardu
527 1350 114 18 silenziosu:

378 1376 41 18 Car’
427 1378 62 16 amata
498 1376 109 21 turturella,

379 1401 22 18 Di
409 1402 32 18 voi
449 1406 50 14 sonu
510 1405 98 15 amurosu.

379 1447 21 17 In
407 1448 34 17 voi
449 1452 42 13 nun
499 1448 28 18 c’è
535 1452 102 16 amarezza,

379 1473 27 18 Lu
414 1477 44 14 core
465 1473 11 18 è
482 1477 75 18 sempre
564 1472 99 22 cuntenlu;

378 1498 23 18 Di
409 1499 19 17 la
436 1499 66 17 vostra
510 1498 105 23 gentilezza

366 1523 28 19 Ne
399 1524 62 18 facciu
466 1528 48 19 gran
519 1523 145 22 cumplimentu,

378 1550 17 17 A
402 1549 33 18 voi
444 1549 19 18 ci
471 1554 61 18 pensu
540 1550 62 20 tantu,

379 1574 80 19 Pensate
467 1579 11 13 a
484 1579 32 14 me
521 1579 28 13 un
557 1573 106 19 momentu!

379 1615 26 17 La
412 1615 70 18 m’idea
489 1615 61 18 ferma
558 1619 12 14 e
581 1614 75 18 sincera

379 1635 15 23 È
402 1640 99 22 d’amarvi,
511 1644 43 14 cara
561 1640 88 22 Agnella.

379 1666 26 17 Da
412 1666 20 17 la
440 1665 73 18 matina
521 1670 12 13 a
540 1666 19 17 la
568 1669 43 14 sera

379 1691 63 18 Pensu
450 1696 13 13 a
470 1691 39 21 voi,
519 1695 11 14 o
539 1690 111 18 turturella.

380 1716 25 18 Vi
414 1717 57 17 trovu
480 1720 76 18 sempre
564 1716 95 20 mudesta,

379 1741 115 23 Splendente
499 1746 54 13 corne
556 1746 39 13 una
602 1741 63 18 Stella.

381 1781 36 22 Qui
425 1781 79 21 finiscu,
513 1785 46 14 caru
567 1781 56 20 fiore,

381 1807 55 18 Fiore
444 1807 20 17 di
472 1807 20 17 la
502 1807 36 17 me’
547 1810 98 18 speranza.

381 1832 47 18 Fate
436 1833 42 22 pur’
487 1832 19 17 di
516 1832 22 17 lu
547 1832 36 17 me’
592 1835 43 14 core

380 1857 71 18 Vostru
459 1857 55 21 nidu,
521 1858 67 17 vostra
596 1857 71 20 stanza;

381 1882 15 18 E
404 1883 20 17 di
432 1883 40 22 più,
481 1883 20 17 di
508 1883 20 17 lu
538 1883 36 17 me’
582 1882 53 22 pettu

381 1908 67 18 Farete
455 1909 22 17 lu
486 1909 67 17 vostru
560 1908 56 17 leltu.

471 1935 24 18 F.
505 1935 28 18 A.
542 1934 105 19 Franchi.

439 2004 158 18 INDUVINELLA

383 2050 23 18 Di
414 2050 30 17 «A
452 2049 85 22 Muvra»,
544 2049 125 20 carulettore,

384 2075 78 18 Provati
470 2080 11 13 a
489 2074 94 18 induvinà

385 2099 64 22 Qual’è
458 2101 21 16 lu
488 2100 34 22 più
531 2099 103 18 bell’odore

384 2125 15 18 E
406 2125 20 17 la
433 2125 74 18 musica
515 2125 35 22 più
557 2124 51 18 bella

385 2150 47 18 Utili
439 2155 11 13 a
458 2150 109 18 l’umanità.

386 2184 145 23 Quest'oggettu
540 2184 92 18 musicale

385 2205 14 22 È
407 2209 66 22 dighià
481 2209 22 18 in
511 2209 114 18 abbandonu

386 2234 32 18 ’Ne
427 2235 18 17 la
453 2235 66 17 noslra
528 2233 125 19 Cursichella.

386 2259 13 18 S
401 2260 21 17 tu
430 2259 89 23 profume
530 2260 123 22 senz’uguaie

386 2285 27 18 Lu
421 2285 86 18 furnisce
515 2285 22 18 lu
545 2284 113 19 macchionu

386 2310 23 17 Di
417 2310 19 18 la
443 2310 113 18 nostr’isula
564 2310 57 18 bella.

385 2335 24 18 Di
417 2335 107 23 st’oggettu
533 2335 103 18 musicanti

387 2360 35 19 Chi
431 2361 17 17 si
457 2361 64 17 vende
529 2361 30 22 pe’
568 2361 8 17 i
585 2361 51 21 paesi

385 2385 27 19 Ne
421 2386 21 18 sò
450 2385 39 19 soli
497 2385 103 18 fabricanti

388 2411 111 18 Orezzinchi
508 2412 23 17 ed
540 2410 105 23 Ungheresi
651 2415 6 17 ;

387 2436 14 18 E
408 2437 20 17 la
436 2437 64 17 donna
508 2436 32 18 chi
548 2436 29 18 c’è
585 2441 76 17 avezza,

388 2462 27 17 Lu
422 2462 101 22 maneghia
529 2466 38 13 cun
572 2462 101 17 destrezza.

478 2489 20 19 U
507 2489 145 24 Sardignolu.

382 2524 13 14 U
408 2524 51 17 prime,
470 2527 10 10 a
489 2523 80 14 oeaadacci
581 2527 10 10 a
600 2523 75 14 soluzione

364 2543 44 18 jnsta
414 2543 21 14 lia
439 2543 56 14 diritta
501 2547 10 10 a
518 2546 31 11 una
554 2543 17 14 di
580 2543 64 14 enostre
648 2546 28 14 pu-

365 2563 81 14 blicazioui
450 2563 36 14 d’un
493 2563 54 14 valore
553 2562 17 15 di
577 2562 54 18 cinque
634 2562 40 14 fran-

366 2582 33 15 chi.

747 398 30 24 A
789 399 140 27 Veduva

707 448 20 17 ln
734 448 102 24 Chigliani,
842 457 38 12 una
886 453 48 17 bella
939 453 54 18 bion-

686 472 30 21 da,
726 474 72 18 veduva
815 476 23 17 da
855 481 48 17 pocu
921 479 70 20 lempu.

687 498 130 19 scurrizulava
825 505 11 13 a
844 501 64 18 bôline
920 502 39 21 più.

710 521 27 18 Ne
750 524 105 20 parlavanu
870 525 20 18 in
902 526 63 22 piazza
977 527 16 17 a’

686 545 68 24 jesgia.

710 581 22 4 —
738 572 35 19 Più
783 578 21 14 ca
812 576 61 21 cerlu,
882 575 50 19 dicia
946 581 47 17 unu,

688 596 11 18 è
707 597 87 20 ch’ell’ha
802 600 124 23 assaipientu
935 606 11 13 a
954 606 42 18 per-

688 622 41 18 dita
737 624 20 17 di
765 629 14 13 u
789 626 78 17 maritu.

710 647 15 18 E
733 649 84 19 un’allru
824 655 4 13 :
840 657 9 10 «
856 651 91 23 Signozza
954 652 41 18 anc’

689 673 35 17 avà
731 673 6 18 1
744 680 9 11 »

710 698 73 23 Tandu,
791 700 107 19 Manfarinu
905 707 5 12 :

710 733 24 4 —
739 720 14 21 È
761 730 55 13 cume
830 731 11 13 a
855 727 55 22 legna
924 727 59 19 verde
990 731 5 13 :

690 748 89 24 pienghie
786 751 24 17 da
818 756 26 13 un
852 752 41 17 lalu
901 756 10 13 e
919 752 78 22 brusgia

690 774 23 18 da
721 774 72 19 l’allru.

736 841 209 20 VINDETTA

734 884 78 23 Avanli,
823 886 73 21 avanti,

712 909 14 18 O
736 909 53 18 Corsi
797 911 108 22 curaggiosi
912 911 5 17 !

734 935 71 18 Avanti
814 940 82 18 sempre,

711 960 74 18 Accolli
792 965 11 13 e
811 961 97 18 numerosi

711 985 38 18 Per
756 986 59 17 amor’
826 986 20 17 di
855 986 124 21 Cursichella,

711 1011 45 18 Aio!
766 1011 63 18 arritli
836 1016 37 14 eun
882 1012 47 18 ella!

734 1051 29 18 Un
772 1051 17 18 ci
797 1052 102 18 scurdemu

711 1076 23 17 Di
742 1076 21 18 lu
772 1078 87 17 sessanta
865 1081 57 17 nove,

734 1102 149 18 Pessim’annata

711 1126 36 19 Chi
756 1132 75 18 sempre
838 1128 20 18 ci
865 1132 100 14 cummove
972 1133 5 13 :

712 1152 29 18 Un
749 1153 71 22 populu
828 1153 20 17 di
856 1153 73 22 rapina,

712 1177 23 18 Di
743 1178 33 24 np_i
787 1178 41 18 fece
839 1179 113 17 mataccina:

734 1217 157 21 Pessim’annata,

711 1242 75 17 Annata
793 1242 102 18 maladetta
902 1241 5 18 !

734 1268 54 17 Ancu
795 1268 22 17 lu
825 1267 49 18 Golu

711 1292 23 18 Ci
742 1293 55 22 grida
804 1297 5 13 :
819 1293 42 21 Aiò,
870 1293 89 18 vindetta
965 1292 5 18 !

711 1317 78 24 Sempre
797 1319 74 17 taccatu
879 1319 21 17 di
906 1323 63 17 rossu,

711 1343 23 18 Di
743 1344 108 21 queilubon
857 1348 139 19 sanguecorsu.

734 1383 119 21 Quand’omu
861 1388 58 18 pensa

711 1409 17 18 A
737 1409 48 17 tutti
792 1409 16 17 li
816 1409 115 22 scumpienli

734 1433 116 19 Ch’inversu
858 1434 33 18 noi

711 1459 74 18 Fecenu
793 1459 21 18 in
822 1460 33 17 ’ssi
862 1459 101 21 mumenti,

712 1484 29 18 Un
748 1485 20 17 bi
774 1485 60 17 ferma
839 1485 156 22 sangu’addossu,

711 1508 86 20 Cascanu
805 1510 15 18 li
828 1510 119 18 sentimenti.

736 1549 25 18 Or
769 1550 62 17 stemu
839 1555 12 12 a
859 1551 55 17 sente

712 1575 17 18 A
737 1579 47 14 voce
791 1575 107 22 sépulcrale

736 1599 41 19 ’Ssa
784 1604 47 14 voce
842 1601 56 17 santa

712 1625 24 18 Di
744 1630 13 13 u
765 1626 67 17 nostru
844 1626 53 22 gran’
905 1626 94 22 Pasquale

713 1651 36 18 Chi
756 1651 42 18 dice
805 1656 5 13 :
820 1651 30 18 Ma
857 1651 103 18 vindicate-

712 1677 83 18 L’anime
807 1676 124 19 marturiate!

737 1716 59 18 Cume
804 1716 88 18 l’antichi

714 1742 37 18 Chi
758 1746 25 13 cu
791 1741 64 23 cispre
862 1746 11 13 e
881 1742 68 22 piloni,

737 1767 23 18 Di
768 1771 65 13 mezzu
841 1767 17 18 ci
860 1767 33 21 bu,

714 1793 75 17 Fecenu
798 1792 25 17 da
831 1792 58 21 leoni,

714 1818 60 17 Demu
783 1817 87 22 esempiu
878 1817 19 18 di
909 1817 92 23 curaggiu

715 1844 18 17 A
742 1844 49 17 tutte
799 1844 19 17 le
828 1843 83 18 nazioni.

738 1882 85 19 Un’altra
832 1883 54 18 volta

716 1908 117 18 Ribumberà
840 1913 14 13 u
862 1908 96 18 culombu.

740 1933 8 17 1
756 1933 62 18 nostri
826 1933 46 21 eroi,

717 1957 64 21 Quelli
789 1958 116 17 ch’ell’hanu
913 1958 73 20 tombu,

717 1982 146 18 Risusciteranu
871 1982 90 18 anch’elli
968 1987 5 12 :

717 2007 67 21 Babbi,
793 2007 71 22 figlioli
872 2011 11 13 e
891 2006 80 18 fratelli.

741 2045 14 18 E
764 2045 128 22 tutt’inseme,

718 2071 51 18 Fieri
778 2070 19 18 di
805 2071 19 17 la
830 2070 85 22 vitloria,

741 2096 127 22 Ripuseremu

718 2122 47 17 Inde
772 2121 83 18 l’eterna
862 2121 68 22 gloria.

719 2146 65 23 Pregu
790 2151 12 13 a
810 2146 85 22 Vergine
902 2146 61 17 Maria

719 2172 37 17 Per
764 2171 38 22 chi,
812 2172 75 22 prestu,
896 2171 41 18 cusi
948 2171 35 18 sia.

923 2197 25 19 G.
958 2198 25 19 C.

716 2221 79 18 (Canzona
802 2221 17 14 di
826 2224 11 11 n
844 2220 48 19 1829).

755 2273 70 24 ..Detti
839 2272 20 24 di
871 2272 61 27 Paesi

720 2326 88 21 Bastia,
819 2325 74 18 Bastia!

720 2351 36 18 Chi
764 2352 25 17 ha
797 2352 73 17 denaru
878 2351 20 18 ci
906 2351 39 18 stia
951 2350 5 18 !

722 2382 83 20 Oletta,
816 2382 63 18 Oletta
889 2381 5 18 !

721 2407 51 18 Fior’
781 2405 24 20 di'
810 2407 58 18 Cirnu
876 2407 109 18 benedetta.
1004 2421 3 2 .

721 2439 30 18 Un
767 2438 53 23 parla
842 2438 21 18 di
885 2442 86 14 cannone
987 2438 21 17 in

700 2464 82 19 Prunu.
786 2464 5 18 !

723 2494 139 23 Campuloru
873 2499 12 13 e
897 2494 111 18 Cerbione

721 2520 72 18 Aranci
801 2524 11 14 e
821 2520 135 18 mele-cutone.

723 2550 50 22 Ota,
783 2555 57 18 paese
850 2551 112 20 maladettu,

721 2575 28 18 Nè
757 2576 72 18 stacciu
837 2576 26 17 nè
870 2577 115 17 cantarettu.

1196 82 246 57 Giurnali
1484 81 52 55 di
1580 79 222 57 Corsica

1012 195 89 19 Sales
1110 196 109 20 Corses
1226 196 6 19 !

1034 230 154 19 Procurez-vous
1205 232 18 16 lu
1237 230 60 19 Petite
1312 229 77 19 Gironde
1403 231 23 17 de
1440 230 46 17 Bor-

1013 256 68 19 deaux,
1091 255 54 17 datée
1153 256 25 17 du
1187 255 23 18 19
1221 255 115 23 septembre,
1351 259 49 13 vous
1408 260 12 17 y
1433 255 51 20 lirez,

1014 279 88 22 imprimé
1110 284 23 13 en
1142 285 44 17 gros
1195 279 133 20 caractères,1a
1335 280 108 18 manchette
1448 279 38 18 sui-

1014 304 70 17 vante:
1093 304 67 18 «Deux
1175 305 67 18 Corses
1255 306 34 16 ont
1302 303 31 18 tué
1346 309 38 13 une
1398 305 89 17 femme.»

1015 328 54 18 Celte
1077 328 81 18 histoire
1167 329 68 18 banale
1244 335 11 12 a
1263 334 24 13 eu
1295 329 29 17 les
1331 328 97 19 honneurs
1437 330 22 17 de
1469 329 18 17 la

1015 353 95 21 première
1118 358 49 17 page
1175 354 90 18 réservée
1273 358 37 13 aux
1319 352 123 20 évènements
1453 353 35 18 im-

1016 379 93 20 portants,
1119 384 21 12 sa
1148 379 54 22 place
1209 380 34 17 eût
1251 379 31 18 été
1290 382 38 14 aux
1336 377 120 20 faits-divers
1463 378 24 18 où

1017 403 36 17 elle
1061 403 82 22 risquait
1151 404 23 17 de
1182 409 65 17 passer
1256 404 108 21 inaperçue.

1040 427 20 17 Si
1068 428 73 17 c’est'le
1149 429 150 22 correspondant
1306 422 80 24 b'astiaîs
1395 429 30 21 qui
1439 433 10 12 a
1461 428 27 17 ré-

1018 451 44 22 digé
1069 452 19 17 le
1098 453 57 20 texte,
1164 453 19 21 je
1191 458 24 13 ne
1223 454 19 17 le
1250 452 73 19 félicite
1331 456 34 18 pas
1370 457 5 17 ;
1385 453 16 18 si
1409 454 47 17 c’est
1462 457 27 13 un

1018 475 113 21 journaliste
1140 476 103 23 bordelais,
1257 478 15 17 il
1283 482 11 12 a
1302 476 49 19 écrit
1364 478 41 17 tout
1415 477 75 22 simple-

1020 500 53 17 ment
1079 504 22 13 ce
1109 505 37 17 que
1153 501 39 17 l’on
1200 506 58 16 pense
1266 503 21 17 et
1293 502 38 17 l’on
1339 501 29 18 dit
1375 503 33 17 des
1416 502 73 20 Corses,

1020 528 24 13 en
1053 524 83 22 général.
1143 525 20 18 Si
1170 526 104 18 Mestorino
1282 526 52 18 avait
1341 531 24 13 eu
1373 527 19 18 le
1400 526 91 23 privilège

1020 549 23 17 de
1051 549 62 18 naître
1121 554 24 13 en
1154 550 123 23 Corse,soyez
1285 551 73 18 certain
1367 552 56 21 qu’on
1430 550 61 19 aurait

1020 573 29 18 dit
1055 579 5 12 :
1070 574 18 18 le
1096 574 58 19 Corse
1161 575 110 18 Mestorino.
1285 576 53 18 Voici
1351 581 22 13 ce
1380 577 47 17 dont
1434 576 14 18 il
1455 576 36 17 s’a-

1021 599 30 22 git
1057 604 5 13 :
1071 599 16 18 Il
1095 604 12 18 y
1115 605 12 12 a
1135 600 92 22 quelques
1235 600 53 23 jours
1297 602 47 17 dans
1352 602 19 17 la
1378 602 66 22 région
1451 601 41 18 bas-

1021 624 56 18 tiaise
1093 625 50 17 deux
1160 625 134 22 compatriotes
1308 626 108 22 intoxiqués
1428 631 33 17 par
1474 626 18 17 le

1021 650 84 18 microbe
1112 650 25 18 de
1144 650 20 18 la
1172 650 92 22 poliüque
1271 651 61 18 locale
1340 652 34 17 ont
1387 651 106 18 solutionné

1022 675 42 18 leur
1077 668 134 25 différendJen
1225 676 127 23 déchargeant
1365 677 52 17 leurs
1424 681 67 13 armes.

1022 700 40 18 Une
1069 700 60 17 brave
1137 700 69 18 femme
1214 705 25 13 en
1244 702 80 17 voulant
1331 701 48 18 faire
1387 701 18 17 le
1413 702 80 21 gestede

1022 725 77 22 séparer
1106 725 29 18 les
1143 725 127 18 combattants
1278 727 54 20 reçut
1345 730 39 14 une
1398 726 49 17 balle
1461 728 31 20 qui

1022 755 25 13 ne
1054 749 29 18 lui
1091 750 46 17 était
1145 754 34 17 pas
1187 750 95 22 destinée,
1291 752 20 17 et
1319 751 41 18 cela
1367 751 29 18 lui
1403 751 55 17 valut
1466 756 27 13 un

1022 779 74 18 voyage
1103 779 25 13 au
1136 779 91 18 royaume
1235 776 24 17 de
1267 780 32 14 ses
1307 775 94 19 ancêtres.

1044 801 17 17 A
1068 800 19 17 la
1095 800 74 17 lecture
1177 800 25 17 du
1211 802 74 21 compte
1294 802 101 22 rendu,,on
1404 801 40 18 voit
1450 801 43 18 bien

1023 830 37 17 que
1067 825 29 17 les
1103 824 51 18 deux
1164 824 67 19 Corses
1240 826 46 17 sont
1298 826 101 18 innocents
1411 826 24 18 de
1445 827 49 17 cette

1024 850 56 21 mort,
1089 849 103 22 puisqu’ils
1200 850 97 18 n’avaient
1304 856 34 16 pas
1351 850 109 19 l’intention
1471 852 23 17 de

1025 876 44 17 tuer
1075 880 5 13 :
1093 880 8 11 «
1106 875 30 17 Ah
1144 875 26 17 ils
1177 880 25 13 ne
1210 876 45 17 sont
1263 880 34 18 pas
1305 877 74 22 galants
1387 880 31 13 ces
1432 877 62 18 sacrés

1023 900 74 21 Corses;
1108 900 24 17 ils
1141 900 55 17 tuent
1204 900 28 18 les
1241 900 80 19 femmes
1329 901 46 22 qu’il
1381 905 25 13 ne
1412 901 41 17 faut
1457 901 38 18 mê-

1024 929 32 14 me
1063 929 35 18 pas
1106 925 60 17 frôler
1174 929 46 14 avec
1228 929 40 14 une
1275 925 51 19 fleur
1333 932 16 11 ».
1358 925 57 18 Voilà
1429 930 20 13 ce
1461 927 33 21 qui

1023 954 21 14 se
1052 950 42 18 dira
1101 954 27 13 un
1136 954 38 17 peu
1182 951 83 20 partout,
1275 951 78 18 surtout
1361 950 46 18 chez
1414 951 29 17 les
1452 951 42 22 pin-

1022 975 40 18 zuli
1068 979 79 18 moyens
1156 974 34 23 qui
1198 975 90 22 ignorent
1295 977 44 16 tout
1352 976 24 17 de
1389 976 55 17 notre
1455 976 40 19 his-

1022 1001 56 18 toire.
1087 1000 49 18 Haro
1145 1005 35 13 sur
1187 1001 29 17 les
1224 1000 75 19 Corses!
1309 1001 28 18 On
1344 1001 43 18 voit
1395 1001 43 18 d’ici
1445 1002 49 18 deux

1023 1026 85 18 hommes
1122 1026 87 18 hirsutes
1217 1031 47 13 avec
1278 1032 26 13 un
1312 1027 46 22 long
1366 1027 80 18 couteau
1457 1028 12 17 à
1475 1028 19 18 la

1023 1052 59 21 main,
1091 1051 85 18 d’autres
1186 1051 121 23 s’imaginent
1315 1053 52 17 deux
1375 1052 88 22 sadiques
1471 1058 23 13 en

1022 1077 51 18 train
1081 1076 121 22 d’accomplir
1209 1081 27 13 un
1244 1077 73 18 forfait.

1045 1101 76 23 Chaque
1128 1101 38 18 fois
1174 1106 37 18 que
1218 1102 40 18 l’on
1265 1103 54 22 parle
1328 1103 33 17 des
1369 1102 67 18 Corses
1448 1103 47 18 c’est

1022 1127 87 22 toujours
1117 1127 19 18 le
1144 1126 62 19 même
1214 1127 62 18 cliché
1285 1127 33 22 qui
1326 1128 31 17 est
1365 1127 51 18 servi

1045 1152 74 22 Corses,
1126 1157 41 13 mes
1175 1152 69 22 frères,
1258 1152 32 22 qui
1299 1152 40 18 êtes
1347 1152 94 22 répandus
1448 1154 46 17 dans

1022 1178 19 17 le
1058 1178 68 17 monde
1134 1177 68 21 entier,
1214 1177 20 22 je
1246 1181 49 13 vous
1309 1178 71 21 prends
1388 1177 11 17 à
1414 1177 80 19 témoins

1023 1203 145 21 que,tous,nous
1175 1206 61 13 avons
1244 1201 32 18 été
1283 1201 71 18 brimés
1362 1206 25 13 ou
1395 1203 37 16 mal
1440 1203 54 22 jugés

1023 1231 34 17 par
1069 1226 34 18 des
1117 1230 48 18 gens
1178 1225 34 23 qui
1220 1230 25 13 ne
1259 1230 48 14 nous
1315 1226 123 18 connaissent
1452 1228 42 21 qu’à

1022 1252 75 17 travers
1109 1251 29 18 les
1146 1250 89 19 ténèbres
1241 1255 6 18 ;
1256 1251 48 18 c’est
1311 1251 11 17 à
1330 1255 48 14 nous
1386 1252 12 17 à
1405 1252 90 18 instruire

1022 1281 36 14 nos
1065 1276 81 18 voisins.

1044 1302 21 18 Si
1072 1306 49 14 nous
1129 1306 25 13 ne
1162 1306 49 14 nous
1225 1301 104 18 défendons
1337 1306 40 17 pas,
1386 1302 28 18 les
1422 1303 73 22 paroles

1022 1327 135 23 prophétiques
1170 1327 24 18 de
1202 1328 55 17 notre
1271 1326 66 19 Pascal
1350 1327 59 21 Paoli,
1417 1328 76 18 devien-

1022 1354 57 17 dront
1086 1352 101 18 éternelles
1193 1357 6 12 :
1208 1351 73 19 Corsica
1289 1356 36 13 non
1332 1351 52 19 aurai
1390 1352 40 18 mai
1436 1353 48 18 bene.

1045 1377 44 19 Ceci
1096 1378 47 17 s’est
1150 1377 53 21 dit,il
1211 1382 12 18 y
1231 1382 11 12 a
1250 1377 75 18 bientôt
1332 1377 51 18 deux
1394 1377 73 23 siècles,
1476 1380 19 16 et

1022 1408 22 17 ça
1052 1403 96 18 continue.

1045 1427 82 24 {L'Eveil
1132 1427 22 18 de
1162 1427 19 18 la
1187 1427 60 23 Corse)

1022 1469 67 19 Bon
1098 1466 142 25 appitittu.
1246 1467 6 20 !

1045 1503 72 18 h'Eveil
1124 1503 101 22 n’exagère
1233 1503 42 18 rien
1280 1503 62 22 quand
1350 1503 16 17 il
1370 1503 71 22 publie,
1450 1508 45 15 sous

1023 1530 19 17 la
1049 1529 60 18 forme
1118 1529 46 17 d’un
1177 1528 77 23 placard
1262 1529 90 22 d’agence
1364 1528 130 23 immobilière,

1023 1559 38 18 que
1073 1554 20 18 la
1106 1553 58 19 Corse
1177 1554 31 17 est
1215 1559 27 12 un
1256 1553 128 23 département
1397 1554 11 18 à
1418 1556 76 17 vendre.

1024 1579 56 22 C’est,
1090 1578 60 19 hélas!
1160 1583 38 13 une
1206 1579 63 18 vérité
1278 1584 36 17 que
1322 1580 45 17 tous
1373 1579 30 18 les
1411 1580 84 19 hommes

1023 1606 24 17 de
1055 1605 62 18 bonne
1125 1604 34 21 foi,
1168 1603 55 24 qu’ils
1234 1604 141 23 appartiennent
1381 1606 13 17 à
1402 1606 39 17 l'un
1448 1610 23 13 ou
1484 1607 12 16 à

1024 1630 66 18 l'autre
1096 1629 58 23 parti,
1161 1634 35 13 son
1204 1629 75 23 obligés
1287 1630 24 17 de
1319 1631 124 18 reconnaître.
1446 1631 49 18 Dans

1024 1660 22 14 ce
1053 1655 125 18 malheureux
1185 1659 47 18 pays
1240 1659 38 18 que
1286 1660 70 17 ravage
1363 1656 18 17 la
1389 1657 53 21 peste
1449 1657 47 18 élec-

1024 1681 67 21 torale,
1099 1680 15 18 il
1122 1681 31 17 est
1160 1680 105 18 désormais
1273 1680 57 19 avéré
1337 1681 47 22 qu’il
1393 1681 59 18 éxiste
1460 1686 37 14 une

1025 1706 87 23 majorité
1126 1706 24 17 de
1162 1705 121 18 consciences
1295 1706 11 17 à
1314 1706 85 22 acheter,
1408 1708 20 17 et
1440 1707 15 17 il
1468 1708 29 17 est

1024 1731 146 23 profondément
1177 1731 102 17 attristant
1292 1731 24 18 de
1325 1732 95 17 constater
1428 1736 36 18 que
1477 1736 21 14 ce

1025 1758 44 17 sont
1084 1756 28 18 les
1121 1756 54 18 chefs
1188 1755 72 19 mêmes
1268 1756 47 18 d’un
1329 1757 50 21 parti
1388 1757 39 22 qui,
1443 1758 56 21 ayant

1026 1782 103 18 découvert
1135 1782 83 21 quelque
1225 1781 64 18 nabab
1297 1781 122 22 continental,
1437 1782 62 18 l’amè-

1026 1808 47 17 nent
1081 1807 57 21 ici,en
1145 1811 39 13 vue
1192 1807 57 17 d’une
1258 1807 124 21 exploitation
1388 1807 54 18 aussi
1447 1808 52 17 indé-

1027 1833 55 18 cente
1089 1836 37 18 que
1133 1831 145 24 systématique.

1049 1858 25 18 Le
1088 1857 93 23 spectacle
1195 1858 19 17 le
1228 1858 44 22 plus
1286 1858 87 21 navrant,
1389 1859 47 17 c’est
1449 1858 49 18 celui

1510 192 105 22 qu’offrent
1623 193 11 17 à
1642 192 54 17 leurs
1704 189 154 22 contemporains
1867 193 32 13 ces
1907 188 79 22 requins

1511 217 43 22 plus
1567 222 25 12 ou
1601 217 63 18 moins
1679 220 79 14 voraces
1767 215 23 17 de
1804 214 18 17 la
1830 213 99 23 politique,
1943 218 44 13 con-

1511 241 76 18 seillers
1601 242 104 22 généraux,
1719 239 78 22 maires,
1806 238 90 23 délégués
1910 238 77 18 Sénato-

1511 267 56 17 riaux
1581 266 40 23 qui,
1631 266 70 23 pareils
1715 270 38 14 aux
1761 265 75 22 squales
1844 264 35 22 qui
1891 263 97 19 escortent

1511 291 28 18 les
1547 291 82 21 navires,
1639 291 85 22 quittent
1732 289 81 19 uussitôt
1821 289 19 18 la
1849 288 50 22 piste
1907 289 25 17 du
1947 288 41 18 voi-

1512 316 37 18 lier
1563 321 24 12 au
1596 316 55 18 sobre
1666 316 91 22 équipage
1765 319 48 18 pour
1827 313 66 19 suivre
1906 314 81 21 allègre-

1512 342 53 17 ment
1577 340 20 19 le
1605 341 68 22 sillage
1686 341 26 17 du
1727 340 89 17 fastueux
1829 339 158 22 transatlantique

1513 366 46 17 dont
1564 366 29 17 les
1601 365 66 18 reliefs
1675 366 44 17 sont
1729 364 110 18 succulents
1847 364 21 17 et
1874 364 112 17 abondants.

1513 391 15 17 Il
1536 390 58 18 suffit
1607 395 37 17 que
1652 390 93 23 surgisse,
1758 390 11 17 à
1781 389 94 18 l’horizon
1887 389 99 22 politique,

1513 420 27 12 un
1548 415 88 18 candidat
1649 416 47 17 dont
1703 416 19 17 la
1730 415 62 17 toison
1806 415 41 17 d’or
1855 413 58 19 brille
1925 418 63 16 au.so-

1514 440 40 21 leil,
1563 445 47 17 pour
1618 440 58 22 qu’ils
1684 445 22 13 se
1714 440 78 17 rallient
1799 440 12 17 à
1819 444 35 13 son
1863 439 82 18 éclatant
1952 443 36 18 pe-

1514 465 49 22 lage.
1572 465 47 17 Bien
1627 465 49 17 naïfs
1684 470 48 13 ceux
1742 465 31 22 qui
1783 464 125 23 imaginaient
1915 468 36 18 que
1956 468 32 13 ces

1514 494 74 17 vagues
1603 489 125 22 dépositaires
1742 490 24 17 de
1774 490 19 16 la
1800 489 80 18 volonté
1891 488 98 23 populaire

1515 514 79 17 avaient
1606 518 38 13 une
1663 514 115 20 conviction,
1798 518 37 13 une
1848 513 86 22 opinion,
1951 517 37 13 une

1516 542 58 13 cause
1588 538 11 17 à
1607 538 69 21 servir,
1691 543 40 13 une
1744 538 66 18 amitié
1823 539 18 17 à,
1848 538 97 18 soutenir:
1962 537 27 17 ils

1516 563 54 17 n’ont
1584 567 37 18 que
1636 564 24 17 de
1673 563 109 22 l’appétit...
1796 563 47 18 Mais
1851 563 46 22 quel
1909 562 79 23 appétit,

1517 588 142 23 messeigneurs
1666 588 5 18 !

1538 614 50 17 Leur
1595 613 85 19 voracité
1687 614 31 17 n’a
1726 614 73 23 d’égale
1804 618 37 18 que
1848 614 43 18 leur
1898 614 90 22 cynisme:

1517 638 25 18 ils
1551 640 44 17 sont
1601 640 12 16 à
1620 640 78 21 vendre,
1705 640 20 17 et
1731 644 25 13 ne
1764 640 39 17 s’en
1809 640 79 17 cachent
1896 639 59 22 point.
1964 639 26 18 Ils

1517 663 108 23 négocient,
1639 669 82 17 presque
1735 665 139 20 ouvertement,
1888 665 43 17 leur
1944 664 46 18 voix

1518 689 126 21 personnelle,
1653 689 43 17 leur
1712 689 82 22 parcelle
1810 689 122 18 d’influence,
1947 690 52 17 leur-

1518 715 120 21 propagande
1651 719 24 13 ou
1684 715 43 17 leur
1743 715 72 17 silence
1822 719 6 17 ;
1846 714 26 18 ils
1880 715 93 21 prennent
1980 714 11 17 à

1518 739 70 21 droite,
1597 739 54 22 après
1659 739 55 18 avoir
1722 739 41 22 pris
1771 740 11 16 à
1790 740 79 21 gauche,
1878 739 24 18 où
1910 739 25 18 ils
1943 744 49 17 peu-

1519 764 47 17 vent
1581 764 19 17 et
1608 765 67 16 autant
1691 764 58 22 qu’ils
1758 765 90 20 peuvent.
1857 764 26 17 Ils
1897 765 95 21 appellent

1519 792 21 17 ça
1547 788 50 18 faire
1605 789 24 17 de
1636 789 19 17 la
1663 789 93 22 politique
1763 794 4 12 :
1780 789 99 18 charmant
1886 789 107 22 euphémis-

1519 817 52 14 me...

1542 837 87 23 (L'Eveil)

1520 874 211 25 Trinnigliellu

1541 908 26 17 La
1582 907 53 23 ligne
1643 908 24 17 de
1681 908 76 17 chemin
1766 908 23 18 de
1796 908 30 17 fer
1838 909 24 17 de
1870 908 100 19 Solenzara
1982 909 10 18 à

1519 933 108 18 Bonifaccio
1639 933 73 18 semble
1725 933 81 18 devenir
1813 938 39 13 une
1859 934 54 22 ligne
1925 934 68 23 imagi-

1519 958 60 18 naire.
1588 958 22 18 Je
1617 958 32 17 l’ai
1658 958 49 18 écrit
1714 958 47 18 dans
1772 963 27 13 un
1807 958 103 23 précédent
1919 959 74 19 article.

1518 983 89 18 Aussitôt
1614 984 34 17 des
1656 983 137 22 protestations
1801 988 22 13 se
1831 985 45 16 sont
1884 984 75 19 élevées
1965 990 5 12 :

1541 1017 23 4 —
1570 1008 38 18 Sur
1621 1008 55 22 quels
1683 1008 113 18 documents
1809 1013 50 14 vous
1868 1009 126 19 basez-vous?

1519 1034 86 17 m’a-t-on
1614 1033 97 18 demandé.
1720 1033 77 21 Quelles
1810 1038 82 18 preuves
1899 1036 96 21 apportez-

1519 1057 63 19 vous?
1590 1058 49 18 D’un
1648 1059 40 17 mot
1701 1063 50 13 vous
1759 1059 97 18 détruisez
1864 1064 26 12 un
1899 1064 96 18 program-

1519 1088 31 13 me
1558 1084 24 17 de
1587 1083 117 18 relèvement
1709 1083 122 23 économique
1836 1084 75 18 élaboré
1915 1085 80 21 patiem-

1519 1109 54 17 ment
1587 1109 70 17 durant
1664 1108 56 23 vingt
1735 1112 35 14 ans
1779 1109 46 17 dans
1833 1109 18 18 le
1865 1109 71 19 silence
1944 1111 20 17 et
1975 1110 19 18 la

1520 1133 118 18 méditation.

1540 1158 42 18 Mes
1590 1162 88 18 preuves,
1687 1157 20 22 je
1714 1158 30 18 les
1752 1158 70 22 prends
1831 1159 47 18 dans
1885 1160 20 17 la
1912 1160 83 21 dépêche

1519 1182 135 18 ministérielle
1662 1183 25 16 du
1696 1182 23 18 16
1727 1183 49 17 avril
1788 1183 77 18 dernier
1872 1184 32 21 qui
1914 1185 81 21 prescrit

1519 1208 19 17 la
1546 1206 123 23 suppression
1677 1208 34 17 des
1718 1207 46 18 huit
1771 1212 89 18 passages
1868 1208 11 17 à
1883 1209 69 18 niveau
1960 1214 35 13 sur

1518 1233 20 17 la
1546 1232 75 18 section
1628 1232 24 17 de
1659 1231 102 18 Solenzara
1767 1232 152 19 Porto-Vecchio.
1924 1234 27 17 La
1956 1239 40 13 me-

1520 1261 46 14 sure
1573 1257 27 17 du
1607 1256 89 18 ministre
1705 1257 33 18 des
1747 1257 87 18 Travaux
1842 1258 81 22 publics,
1933 1259 18 18 si
1958 1260 37 17 elle

1520 1282 48 18 était
1574 1281 106 23 appliquée,
1690 1282 124 18 entraînerait
1822 1287 26 13 un
1862 1283 134 20 interminable

1520 1308 64 18 retard
1601 1308 46 17 dans
1661 1307 19 18 le
1696 1309 161 17 commencement
1870 1309 20 17 et
1902 1309 93 20 l’achève-

1520 1335 52 16 ment
1578 1334 35 17 des
1621 1334 88 21 travaux,
1718 1334 20 17 et
1746 1333 134 19 nécéssiterait
1887 1339 26 13 un
1921 1336 75 22 supplé-

1520 1359 54 18 ment
1582 1359 24 17 de
1613 1358 99 23 dépenses.

1541 1381 78 18 Etudier
1626 1381 29 18 les
1664 1381 142 18 modifications
1813 1381 12 18 à
1833 1383 87 21 apporter
1930 1383 12 18 à
1949 1383 44 18 l’as-

1520 1406 56 19 siette
1584 1407 25 17 du
1618 1406 76 18 chemin
1703 1406 24 18 de
1734 1406 36 21 fer,
1781 1406 75 23 rédiger
1870 1407 33 18 des
1917 1408 77 22 projets,

1520 1432 126 22 parlementer
1651 1435 47 14 avec
1705 1431 20 18 le
1733 1431 74 18 service
1816 1432 23 17 de
1846 1432 20 17 la
1874 1432 67 22 voirie,
1948 1433 48 19 faire

1520 1460 106 19 approuver
1633 1456 29 18 les
1670 1460 101 14 nouveaux
1779 1457 84 18 dossiers
1871 1457 24 18 de
1908 1458 60 18 tracés
1977 1460 19 17 et

1520 1483 24 17 de
1552 1482 150 20 terrassements,
1712 1482 63 17 tracer
1782 1482 19 17 le
1808 1482 44 21 plan
1861 1482 34 18 des
1903 1487 93 19 ouvrages

1520 1507 124 20 d’art,établir
1652 1507 33 17 des
1693 1507 56 21 plans
1756 1507 219 23 parcellaires,procéder
1985 1510 12 17 à

1520 1533 34 17 des
1563 1531 90 23 enquêtes
1661 1533 25 20 et,
1695 1532 20 17 le
1728 1536 32 13 cas
1768 1531 85 22 échéant,
1863 1533 12 17 à
1885 1534 33 17 des
1930 1538 67 18 expro-

1520 1557 99 22 priations,
1628 1561 21 14 ce
1657 1557 26 18 fol
1695 1557 98 18 ensemble
1806 1558 24 17 de
1843 1557 106 20 formalités
1962 1560 35 17 du-

1520 1587 43 13 rera
1570 1587 25 13 au
1603 1582 62 18 moins
1672 1582 47 18 trois
1727 1582 81 22 longues
1813 1583 94 18 années...

1542 1605 27 18 En
1578 1609 78 16 somme,
1666 1610 38 12 une
1713 1605 59 18 durée
1779 1606 24 17 de
1819 1606 48 18 trois
1880 1611 35 14 ans
1927 1611 67 14 consa-

1521 1630 43 18 crée
1571 1635 38 13 aux
1617 1631 67 17 études
1693 1631 20 17 et
1725 1635 38 13 aux
1777 1630 113 23 formalités,
1905 1637 26 13 un
1946 1633 50 18 délai

1522 1656 24 17 de
1554 1656 45 22 cinq
1606 1660 35 13 ans
1648 1655 62 23 prévu
1718 1660 49 17 pour
1775 1656 140 19 l’achèvement
1920 1658 34 18 des
1958 1659 39 17 tra-

1521 1685 60 16 vaux,
1590 1681 51 18 voilà
1648 1681 46 18 bien
1703 1681 34 18 des
1746 1681 74 18 raisons
1829 1682 112 19 suffisants
1948 1688 49 17 pour

1522 1706 70 18 rendre
1600 1706 106 18 incertaine
1713 1706 19 18 la
1740 1706 53 23 ligne
1801 1707 23 17 de
1833 1706 80 19 Chemin
1921 1708 24 17 de
1958 1708 37 18 fer.

1545 1731 23 18 Et
1574 1731 97 22 jusquïci,
1679 1731 16 18 il
1703 1732 57 22 s’agit
1768 1732 123 22 simplement
1899 1734 23 17 de
1930 1734 19 17 la
1957 1738 40 14 sec-

1523 1756 41 18 tion
1571 1757 25 17 de
1604 1756 55 18 Porto
1668 1756 88 18 Vecchio.
1765 1756 62 21 Quant
1834 1757 11 18 à
1853 1758 49 17 celle
1909 1759 23 17 de
1940 1758 57 18 Boni-

1523 1782 57 21 facio,
1590 1782 30 18 s’il
1629 1783 29 17 est
1667 1782 33 18 des
1708 1786 47 18 gens
1763 1782 57 22 pieux
1826 1783 33 21 qui
1867 1784 35 17 ont
1909 1783 36 18 fait
1951 1788 45 14 voeu

1523 1808 70 17 d’aller
1600 1812 24 13 en
1633 1807 75 18 chemin
1716 1808 25 17 de
1748 1807 30 18 fer
1786 1812 23 13 au
1826 1809 84 17 couvent
1923 1809 23 17 de
1959 1808 38 19 San

1524 1832 95 21 Giuliano,
1629 1833 24 18 ils
1662 1834 34 17 ont
1703 1833 19 18 le
1730 1834 62 21 temps
1800 1834 24 17 de
1830 1838 20 13 se
1859 1834 114 18 morfondre.

1547 1859 34 18 (La
1589 1858 57 18 Jeune
1655 1857 60 24 Corse)

1261 2535 7 10 '
1302 2535 48 25 tM
1375 2538 106 22 CHAR
1506 2538 52 23 BE
1584 2534 132 28 JL’ÎÊTAT

1325 2594 3 3 .
1333 2594 9 3 _
1700 2577 86 23 Disegnu
1793 2577 20 18 di
1820 2577 57 18 Breiz
1884 2578 45 17 Alao

2027 65 37 25 Ci
2078 69 119 20 avemu
2212 67 114 19 messu
2335 60 34 23 in
2379 62 88 24 capu

2032 103 94 26 d’avè
2138 101 63 26 200
2214 101 75 24 novi
2302 95 159 28 abbunati

2053 142 109 25 avanti
2175 148 19 17 a
2206 140 58 25 fin*
2278 136 162 27 d’ottobre

2038 193 51 21 Per
2109 192 98 26 questa,
2227 190 97 21 feremu
2343 192 36 16 un
2400 185 84 22 sforzu

2012 224 145 23 mandendu
2171 223 28 22 di
2211 222 87 26 rigalu
2306 227 7 15 :

2040 258 23 22 A
2075 258 10 21 i
2097 258 15 21 5
2124 256 79 28 primi
2213 263 16 14 a
2236 253 123 28 risponde
2368 258 7 16 :
2388 251 98 23 L“An-

2012 291 97 26 tologia
2117 290 36 23 d’i
2160 288 119 24 Scrittori
2286 286 88 23 Corsi”
2381 285 106 22 d’Yvia-

2016 325 89 25 Croce,
2119 324 99 28 (prezzu
2229 322 33 22 20
2273 319 121 28 franchi).

2040 358 24 21 A
2075 357 10 22 i
2098 357 32 21 10
2142 356 43 22 chi
2196 361 114 20 seguenu
2319 360 8 16 :
2339 352 108 23 “Rime”
2459 350 28 22 di

2013 398 17 14 u
2041 390 204 28 Sampetracc}U,
2266 388 101 21 volume
2379 386 29 22 di
2423 391 64 21 pue-

2014 424 37 21 sie
2060 423 29 22 di
2096 423 50 22 200
2154 428 59 20 pag.
2223 422 108 28 (prezzu:
2340 420 16 21 8
2365 418 120 28 franchi)-

2041 457 24 21 A
2081 456 10 22 i
2108 456 33 22 20
2157 455 44 22 chi
2217 461 114 19 seguenu
2341 460 5 15 :
2371 452 81 22 “Risa
2472 458 15 14 e

2014 489 100 22 Pianti”
2126 489 27 21 di
2163 487 76 23 Paoli
2247 488 28 21 di
2285 485 204 30 Tagliu,volume

2014 522 28 22 di
2052 522 98 26 puesie,
2163 521 111 28 (prezzu:
2287 520 16 21 5
2314 519 120 28 franchi).

2041 555 43 22 Ai
2095 555 33 21 30
2140 554 69 26 dopu
2219 561 6 15 :
2246 554 93 22 “Musa
2350 552 138 22 d’Aitone’’

2015 589 90 22 Puesie
2113 589 28 21 di
2147 587 132 27 Minicale,
2283 587 107 29 (prezzu:
2397 587 18 21 4
2421 586 67 22 fran-

2015 622 60 29 chi).

2043 656 70 22 Tutti
2122 656 79 26 quelli
2212 655 42 22 chi
2264 657 106 20 restanu
2389 654 100 21 riceve-

2015 695 74 21 ranu,
2096 689 23 22 a’
2130 689 90 27 scelta,
2232 689 72 23 “Que
2315 689 62 21 veut
2388 688 26 21 la
2426 688 63 21 Cor-

2017 722 43 22 se”
2071 722 28 21 di
2109 722 100 22 Matteu
2225 721 131 26 Cirnensi,
2371 727 15 15 o
2399 721 92 21 “Cate-

2017 755 99 22 chismu
2128 754 95 22 Corsu”
2235 754 28 22 di
2271 754 110 22 Saveriu
2393 753 97 22 Malas-

2015 789 74 27 pina,
2103 788 110 28 (prezzu:
2226 788 15 21 2
2250 788 101 21 franchi
2363 794 14 14 e
2388 787 102 28 mezzu).

2045 822 55 21 Ben
2110 821 93 26 intesu,
2216 828 16 14 a
2245 821 92 21 lettera
2348 821 28 21 di
2393 820 99 22 chiesta

2018 854 215 22 d’abbunamentu
2252 854 116 22 dev’esse
2388 859 104 16 accum-

2018 889 112 25 pagnata
2142 887 28 22 di
2181 894 17 15 u
2208 887 123 23 mandata
2348 887 143 22 d’abbuna-

2018 922 95 21 mentu.

2046 954 24 21 A
2083 954 62 21 lista
2161 960 59 16 sera
2238 954 89 22 chiosa
2340 961 18 15 u
2372 954 33 22 31
2421 955 69 20 otto-

2020 987 53 23 bre.

2053 1092 14 26 I
2095 1093 90 25 nostri
2211 1093 61 26 veri
2292 1093 86 26 amici
2400 1101 42 18 un
2459 1095 32 23 sô

2020 1134 90 26 micca
2130 1135 92 33 quelli
2250 1135 47 26 chi
2315 1135 27 26 ci
2366 1138 126 23 contanu

2021 1175 178 26 chiacchiare
2223 1185 47 17 ma
2295 1178 93 33 quelli
2403 1177 47 25 chi
2466 1177 26 26 ci

2020 1217 147 26 mandanu
2179 1226 20 16 u
2212 1226 30 17 so
2263 1219 228 25 abbunamentu.

2037 1325 44 26 Di
2093 1326 145 33 prossima
2252 1326 207 35 publica^ione
2467 1337 9 15 :

2151 1382 108 22 Tomaso
2271 1382 104 22 Alfonsi

2108 1427 24 25 Il
2144 1427 137 26 Djaletto
2299 1428 105 25 Corso

2054 1466 93 25 Nella
2160 1466 129 30 parlata
2301 1467 158 26 balanina

2022 1516 124 26 Fonetica,
2157 1516 158 29 Morfologia,
2324 1518 97 28 Regale
2432 1525 51 16 ecc.

2048 1561 99 29 Seguite
2158 1561 59 22 d’un
2229 1562 137 23 diziunariu
2376 1563 91 23 Corso-

2153 1595 200 23 Italo-Francese.

2046 1695 33 21 Le
2087 1702 54 13 nom
2149 1696 31 19 de
2194 1696 25 19 la
2228 1696 98 23 France,
2340 1703 47 19 que
2395 1700 54 18 tous
2460 1698 36 20 les

2020 1724 115 24 patriotes
2139 1727 143 22 prononcent
2287 1731 58 14 avec
2349 1732 47 13 une
2401 1726 96 20 vibran-

2022 1754 23 17 te
2052 1751 72 25 fierté,
2141 1758 46 14 une
2194 1753 101 20 émotion
2307 1753 84 24 filiale,
2409 1760 26 14 ce
2443 1761 54 13 nom

2022 1780 148 19 commémore
2192 1780 125 21 l’invasion
2340 1782 43 19 des
2399 1782 97 23 Francs,

2022 1808 48 24 qui,
2085 1813 73 14 venus
2173 1808 89 20 d’entre
2269 1809 23 19 le
2299 1809 73 23 Mein,
2390 1810 77 21 l’Elbe
2474 1812 25 18 et

2022 1835 98 22 l'Elster,
2127 1836 90 20 étaient
2224 1836 30 20 de
2258 1839 59 21 purs
2328 1836 130 22 Germains.

2046 1863 81 22 ...Oui,
2141 1866 59 18 cette
2208 1863 91 21 France
2312 1865 59 20 dont
2382 1865 36 20 les
2429 1866 69 20 habi-

2023 1894 64 17 tants
2094 1894 53 17 sont
2154 1892 23 20 si
2181 1892 62 24 fiers,
2254 1895 59 17 cette
2320 1893 95 21 France
2426 1894 72 25 qu’ils

2019 1920 97 23 placent
2123 1920 125 20 au-dessus
2263 1921 31 19 de
2301 1923 51 18 tous
2360 1921 36 20 les
2407 1925 61 21 pays
2476 1923 22 18 é-

2022 1949 114 23 trangers.
2144 1950 75 22 porte,
2228 1948 62 20 dans
2298 1954 43 15 son
2349 1955 56 14 nom
2414 1952 80 20 même,

2022 1975 22 20 le
2050 1976 110 19 souvenir
2168 1976 30 19 de
2210 1976 134 25 l’invasion,
2353 1977 27 20 la
2398 1984 98 18 marque

2022 2003 30 19 de
2069 2003 128 25 l’étranger
2205 2006 29 20 et,
2244 2011 27 13 ce
2279 2005 43 24 qui
2336 2008 37 17 est
2378 2006 47 24 pis,
2437 2006 63 20 l’em-

2020 2031 92 24 preinte
2118 2032 170 25 germanique!

2046 2059 85 20 Puisse
2139 2062 59 18 cette
2210 2061 84 24 simple
2301 2068 126 18 remarque
2441 2069 59 13 nous

2022 2093 106 14 ramener
2135 2088 16 20 à
2159 2088 26 20 la
2194 2088 136 21 modestie...

2275 2121 87 19 Michel
2372 2122 97 24 Corday.

2055 2202 26 28 È
2093 2207 112 25 esciutu
2213 2215 8 16 :

2056 2262 30 25 A
2100 2262 184 32 Cunquista
2293 2265 169 25 Franeese

2147 2302 34 25 di
2194 2310 21 17 a
2227 2303 138 25 Corsica

2057 2364 5 4 .
2078 2343 39 29 (da
2129 2351 32 15 un
2174 2346 113 26 giurnale
2299 2345 25 22 di
2336 2345 106 30 Tepuca)

2138 2395 80 18 Volume
2228 2395 20 17 di
2259 2394 35 19 236
2305 2396 77 22 pagine.

2151 2428 81 18 Prezzu:
2242 2428 13 18 S
2266 2429 100 18 franchi.

2077 2461 86 23 Ajacciu,
2173 2462 106 22 Stamperîa
2292 2463 20 17 di
2319 2462 23 19 À
2352 2462 91 20 Muvra.

2023 2537 99 22 Aiacciu
2131 2549 27 5 —
2172 2537 135 30 Stamparia
2319 2538 25 22 di
2359 2540 24 21 A
2393 2539 106 27 Muvra,

2023 2579 16 16 u
2052 2572 242 25 Direttore-Gerente:
2303 2575 72 23 Petru
2385 2576 114 22 ROCCA.

42 2682 94 24 Fuglittinu
143 2687 21 17 di
170 2684 186 20 AMuvra—n.133
362 2694 15 4 —
385 2684 19 18 di
410 2689 12 13 u
430 2683 73 19 6-10-29

65 2747 237 57 PASQUALE
335 2747 143 49 PAOLI

236 2826 66 19 OSSIA

86 2868 33 36 ta
134 2872 76 37 Roth
228 2872 30 36 di
272 2871 176 36 Ponhnuovo

46 2926 263 31 RACONTOCORSO
314 2931 142 24 DELSECO
461 2930 40 23 LO

223 2973 85 23 XVIII

254 3016 25 18 DI

126 3053 33 25 F.
173 3054 36 25 D.
227 3054 175 24 Guerrazzi

65 3130 25 6 —
101 3121 107 30 Cessate,
215 3123 192 29 signor-Matteo,
415 3123 25 21 io
452 3127 51 16 non

42 3155 64 22 posso
112 3158 135 26 perdonare
254 3165 8 19 ;
273 3158 18 21 il
298 3158 93 21 dovere
399 3156 34 21 mi
441 3155 62 22 obli-

41 3188 26 22 ge
74 3188 28 21 ad
112 3196 75 17 avéré
196 3192 25 21 in
233 3192 60 21 odio
303 3192 22 21 la
332 3190 119 22 memoria
463 3189 39 22 dei

42 3214 78 30 Grandi
132 3226 178 21 eternamente.

99 3255 29 23 La
139 3257 115 28 giustizia
262 3263 89 16 umana
361 3257 32 22 ha
403 3261 101 22 percos-

41 3288 23 17 so
81 3287 25 22 in
125 3292 87 26 questo
232 3290 94 22 mondo
334 3297 7 19 ;
354 3291 23 20 la
389 3288 115 29 giustizia

42 3315 73 28 fovina
125 3323 138 27 percoterà,
278 3329 26 16 se
316 3323 80 26 crede,
411 3321 93 23 nell’al-

40 3348 32 23 *ro
79 3359 5 19 ;
92 3360 14 15 e
112 3357 36 21 tra
158 3359 86 26 queste
252 3357 49 22 due
311 3357 113 28 giustizie
433 3361 71 17 corne

41 3380 19 23 k
69 3387 27 21 ad
104 3392 95 21 entrare
211 3392 19 21 il
241 3394 43 20 tno
291 3392 58 22 odio
358 3390 146 29 sconsiglia-

41 3414 39 24 to?
89 3420 65 26 Sono
166 3425 162 22 convenienti
340 3425 79 22 adirsi
431 3430 73 22 ques-

40 3446 21 23 *e
72 3457 77 22 parole
162 3464 72 22 sopra
244 3459 25 21 le
280 3458 67 22 fosse
356 3458 40 21 dei
407 3458 73 21 morti
490 3458 14 21 ?

54 3482 67 28 tanno
130 3490 64 23 bene
205 3498 13 15 a
230 3492 119 21 cristiana
357 3492 42 21 ?...
408 3497 14 15 a
432 3491 72 21 zitel-

41 3511 39 26 U?

66 3553 52 22 ■"O
129 3558 87 28 signor
236 3557 138 26 Clemente,
384 3562 118 23 perpoco

42 3582 43 20 n°n
103 3592 57 21 sono
184 3593 95 21 cascata
288 3597 7 20 ;
308 3592 67 21 tanto
384 3591 22 21 la
415 3591 87 21 vostra

531 2684 153 27 improvvisa
693 2689 127 22 comparsa
828 2683 35 22 mi
872 2683 32 22 ha
915 2683 86 22 rimes-

531 2719 79 21 colato
625 2718 18 21 il
662 2723 102 23 sangue.
784 2716 107 28 Dunque
903 2717 42 22 voi
956 2716 46 22 che

530 2751 64 22 foste
607 2751 79 22 amico
696 2752 40 21 dei
746 2751 50 22 mio
814 2755 93 23 povero
916 2750 84 27 padre,

530 2785 34 22 mi
570 2785 135 22 confortate
712 2791 12 15 a
732 2785 83 21 buttar
820 2783 43 28 giù
870 2784 76 21 Todio
952 2784 14 21 ?
973 2795 29 4 —

530 2818 18 22 E
558 2819 66 21 nello
635 2821 100 19 accento
744 2818 25 22 di
778 2817 90 22 Serena
875 2818 127 21 traluceva

529 2852 125 22 l’esitanza
660 2852 24 21 di
692 2857 106 22 persona
805 2851 45 22 che
856 2851 103 22 tuttavia
964 2851 38 21 di-

530 2885 145 22 fendendosi
680 2885 109 22 desideri
795 2886 122 21 rimanere
923 2885 77 21 vinta.

556 2931 30 4 —
595 2919 39 22 Ma
642 2919 112 21 sicuro...
761 2924 51 16 non
822 2919 22 20 ci
854 2917 31 22 ha
892 2918 91 21 dubbio
993 2923 7 16 :

530 2959 15 15 o
557 2958 46 17 con
624 2953 39 21 c'ui
683 2953 113 21 vorreste
819 2951 183 27 prendervela^

530 2986 74 23 Forse
614 2991 46 17 con
670 2986 88 21 leossa
767 2985 40 22 dei
820 2984 100 22 defunto
929 2985 12 20 ?
953 2983 50 22 Co-

529 3023 65 20 teste
604 3025 64 17 sono
679 3019 88 27 voglie
780 3019 23 21 di
817 3018 52 22 cani
885 3017 114 30 affamali,

531 3060 49 17 non
590 3054 40 28 già
641 3053 25 22 di
678 3053 110 22 cristiani
800 3052 135 22 battezzati.
943 3051 57 22 For-

530 3094 27 16 se
569 3093 47 17 con
639 3088 84 27 questo
746 3086 105 21 vecchio
860 3086 12 21 ?
892 3084 46 22 Per
950 3084 50 22 Dio

530 3124 80 24 santo,
620 3127 14 16 o
643 3127 48 16 non
700 3119 145 26 vedete.che
857 3119 74 22 l’odio
940 3120 61 20 stes-

530 3161 28 17 so
571 3161 26 16 se
609 3156 24 21 lo
646 3155 155 21 incontrasse
809 3159 45 22 per
863 3153 40 21 via
914 3152 87 22 rintas-

530 3189 123 22 cherebbe
665 3189 18 21 il
695 3188 105 25 coltello,
814 3193 13 16 e
843 3186 158 28 passandogli

530 3223 30 21 da
573 3224 71 20 canto
652 3222 34 27 gli
695 3221 102 22 direbbe
807 3227 6 15 :
827 3220 49 22 Dio
886 3221 18 21 ti
913 3220 40 22 dia
962 3226 39 20 pa-

530 3262 36 16 ce.
578 3255 20 22 Il
610 3255 79 21 Côrso
701 3256 76 19 mette
797 3256 75 19 vanto
893 3254 41 21 nel
944 3259 58 15 ven-

530 3288 92 22 dicarsi
632 3293 5 19 ;
649 3287 49 28 egli
708 3287 21 21 si
736 3286 30 21 dà
774 3286 29 21 ad
812 3285 190 25 intendere,-che

531 3323 22 21 ci
560 3322 64 21 vada
630 3321 41 21 dei
679 3325 44 17 suo
734 3325 84 19 onore,
828 3324 116 22 persuaso
953 3317 47 22 che

530 3357 23 21 la
565 3355 76 23 storia
651 3352 123 29 intingerà
782 3353 22 21 la
812 3357 81 23 penna
902 3352 41 21 nel
948 3357 52 15 san-

530 3395 48 23 gue
590 3389 44 22 che
647 3387 50 28 egli
716 3387 31 21 ha
770 3388 99 20 versato
889 3391 13 16 e
913 3391 32 15 ne
952 3386 50 20 tra-

529 3421 115 24 manderà
653 3422 18 21 il
681 3425 74 17 nome
764 3420 47 21 aile
819 3419 69 22 tarde
899 3423 100 23 genera-

529 3457 76 22 zioni.
619 3455 73 22 Fosse
700 3454 96 21 almeno
809 3452 51 23 cosi
872 3452 5 21 !
890 3457 47 16 una
947 3457 54 16 scu-

529 3490 79 22 saccia
620 3487 130 25 l’avrebbe,
763 3492 40 16 ma
823 3491 40 20 no,
876 3485 9 21 i
894 3484 69 22 nomi
973 3483 25 25 dj

529 3523 80 27 questi
622 3520 92 23 uomini
723 3518 152 29 sanguinarii
889 3517 20 22 si
919 3517 80 21 butta-

528 3561 33 17 no
573 3556 63 21 nella
649 3554 145 28 spazzatura,
805 3558 15 15 e
839 3551 97 22 vivono
949 3549 47 22 soli

528 3588 53 23 cosi
592 3589 63 21 nella
663 3586 121 24 memoria
792 3590 71 17 corne
883 3583 64 22 nella
959 3588 39 16 re-

1027 2690 103 16 verenza
1142 2685 64 22 delle
1218 2685 69 28 genti
1294 2686 82 21 coloro
1388 2685 47 22 che
1445 2690 54 22 per-

1028 2718 137 27 donarono,
1172 2719 116 21 massime
1296 2719 83 21 donne
1385 2725 6 19 ;
1401 2719 24 20 in
1435 2717 64 22 effet-

1027 2753 26 20 to
1060 2757 50 16 non
1120 2751 30 22 dà
1161 2754 146 26 argomento
1317 2759 13 15 a
1337 2752 79 22 storie
1426 2757 13 16 e
1446 2757 53 16 can-

1027 2790 61 17 zone
1101 2785 128 22 Marianna
1242 2785 75 23 Pozzo
1329 2786 25 22 di
1367 2786 80 27 Borgo
1460 2785 38 21 cui

1028 2819 106 21 essendo
1142 2821 62 20 stato
1213 2819 84 22 ucciso
1303 2820 19 21 il
1328 2819 110 28 figliuolo
1446 2824 53 16 ves-

1027 2851 20 22 ti
1060 2852 67 21 abito
1145 2852 76 22 virile
1233 2859 14 15 e
1258 2854 78 21 trasse
1353 2858 48 17 con
1417 2852 24 21 la
1456 2858 42 15 sua

1027 2887 75 26 gente
1114 2886 30 21 ad
1152 2886 125 21 assediare
1284 2887 22 20 la
1318 2892 55 16 casa
1381 2885 118 22 delTomi-

1028 2918 62 26 cida,
1102 2919 24 21 la
1138 2920 71 26 quale
1220 2919 100 22 avendo
1331 2921 142 25 espugnata,
1485 2925 13 15 e

1028 2952 34 21 lui
1074 2957 83 22 preso,
1176 2954 98 20 mentre
1286 2954 83 26 legato
1381 2952 30 21 ad
1422 2958 33 15 un
1467 2953 32 21 al-

1027 2986 61 21 bero
1098 2987 95 26 aspetta
1207 2987 24 21 la
1245 2988 97 25 morte,.
1349 2986 101 27 ispirata
1470 2987 28 21 da

1029 3019 50 21 Dio
1087 3020 67 20 salva
1162 3019 13 21 ?
1185 3018 57 23 Non
1252 3020 61 21 vive
1326 3022 82 19 eterna
1419 3019 39 22 nei
1467 3020 31 21 ri-

1027 3052 68 22 cordi
1104 3052 101 22 Dariola
1213 3053 26 21 di
1244 3052 176 29 Appietto,che
1428 3059 70 16 aven-

1027 3087 32 21 do
1078 3091 117 22 sorpreso
1214 3091 46 17 con
1272 3087 69 22 molti
1350 3086 39 22 dei
1402 3087 54 21 suoi
1469 3087 30 21 ad

1027 3125 47 16 una
1094 3119 69 22 fonte
1182 3119 131 22 l’uccisore
1336 3119 41 23 dei
1398 3120 99 27 proprio

1027 3153 98 25 marito,
1144 3153 91 27 poiebè
1252 3154 20 20 il
1289 3152 143 29 sopraifatto
1450 3159 48 15 non

1027 3187 66 21 voile
1103 3186 139 22 arrendersi
1254 3187 31 21 ad
1302 3186 56 23 altri
1375 3185 64 22 fuori
1453 3186 44 22 che

1027 3227 15 15 a
1052 3220 33 21 lei
1094 3226 6 20 ;
1113 3220 48 21 ella
1172 3219 98 22 abborri
1282 3219 155 30 comparirgli
1453 3219 45 22 mi-

1028 3259 61 16 nore
1100 3253 64 21 délia
1174 3252 105 22 fîduccia
1288 3253 46 22 che
1341 3257 78 16 aveva
1429 3254 68 24 posta

1028 3285 25 21 in
1064 3285 35 21 lei
1109 3291 6 19 ;
1129 3285 64 21 onde
1202 3286 34 26 gli
1248 3285 68 22 disse
1324 3291 6 15 :
1350 3290 40 19 va,
1403 3284 17 22 ti
1432 3285 65 22 dono

1027 3318 47 21 alla
1085 3319 42 20 tua
1137 3318 103 28 moglie,
1253 3324 45 22 per
1307 3317 133 22 vendicare
1450 3324 47 15 una

1026 3351 100 22 vedova
1136 3356 50 17 non
1199 3352 86 28 voglio
1299 3351 69 28 farpe
1379 3351 47 21 due
1435 3352 12 21 ?
1454 3351 43 22 Pe-

1027 3383 28 22 rd
1066 3389 27 16 se
1103 3384 27 21 vi
1140 3385 77 27 garba
1225 3385 23 21 la
1257 3384 111 25 fama,;se
1376 3384 121 23 desidera-

1026 3419 25 20 te
1065 3417 24 21 la
1100 3418 167 21 benevolenza
1279 3416 72 23 altrui
1362 3422 13 15 e
1382 3417 25 21 le
1416 3418 79 27 grazia

1026 3450 26 21 di
1064 3449 60 27 Dio,
1136 3451 146 26 perdonate.
1337 3462 4 6 -

1053 3482 88 22 Serena
1154 3485 127 20 ascoltava
1301 3482 138 28 Clemente,
1456 3490 39 15 ma

1026 3516 99 27 piegata
1134 3516 24 21 la
1169 3516 78 23 faccia
1270 3517 40 22 nel
1332 3517 81 26 palmo
1434 3517 61 22 délia

1024 3555 84 16 manca
1119 3555 73 15 mano
1200 3551 125 26 guardava
1335 3550 134 26 Altobello,
1481 3556 14 15 a

1023 3582 48 25 cui,
1083 3584 73 25 posto
1166 3582 101 23 cb’ebbe
1276 3582 106 24 termine
1394 3584 47 21 aile
1449 3588 43 17 sue

1525 2684 84 27 parole
1620 2684 18 21 il
1644 2684 79 26 Paoli,
1738 2685 47 21 ella
1797 2684 135 23 domandò:
1945 2697 30 4 —
1985 2691 13 15 e

1525 2717 53 26 voi,
1592 2718 99 28 signore
1709 2718 107 26 Alando,
1836 2719 163 26 perdoneres-

1524 2752 25 20 te
1558 2752 12 20 ?

1554 2795 26 6 —
1594 2784 27 23 Io
1632 2785 6 20 !
1651 2785 47 21 Per
1710 2791 40 16 me
1762 2791 77 21 penso
1851 2785 46 22 che
1914 2786 84 22 rimet-

1524 2820 53 19 tere
1588 2819 24 21 la
1623 2818 137 27 ingiuriaal
1769 2821 101 25 potente
1881 2819 37 21 sia
1927 2821 70 20 tanto

1524 2851 52 22 vile
1589 2853 90 26 quanto
1691 2857 52 17 non
1754 2852 148 27 perdonarla
1915 2853 23 21 al
1946 2853 51 22 bat-

1525 2887 53 19 tuto
1591 2885 29 21 da
1633 2884 48 23 Dio
1694 2891 14 16 e
1731 2886 67 27 dagli
1821 2886 97 22 uomini
1927 2893 6 19 ;
1946 2898 28 4 —
1983 2892 13 16 e

1524 2920 98 25 tacque,
1639 2924 39 16 ma
1697 2925 48 20 pur
1763 2920 105 21 tacendo
1881 2920 38 21 col
1929 2921 68 20 moto

1525 2952 41 21 dei
1576 2952 80 21 labbri
1670 2957 12 16 e
1694 2952 40 21 col
1742 2953 93 26 guardo
1844 2958 76 17 soave
1928 2959 68 21 pare-

1524 2991 32 15 va
1564 2985 117 27 ripettere
1691 2991 6 15 :
1710 2985 118 27 perdona.

1552 3018 90 23 Serena
1650 3023 50 17 non
1710 3017 55 23 fece
1773 3021 79 21 motto
1864 3026 5 20 ;
1882 3020 21 21 si
1913 3025 84 17 accos-

1524 3054 25 20 ta
1559 3053 22 21 al
1588 3051 104 22 vecchio
1705 3057 13 16 e
1727 3053 107 28 postegli
1842 3053 120 22 ambedue
1972 3054 24 21 le

1524 3085 68 22 mani
1603 3091 72 21 sopra
1685 3086 24 21 le
1726 3087 85 26 spalle,
1824 3087 95 22 déclina
1931 3087 18 22 il
1959 3093 37 16 ca-

1525 3124 33 22 po
1566 3124 13 16 e
1589 3119 77 28 glielo
1672 3120 122 27 appoggia
1802 3121 39 20 sul
1846 3122 78 25 petto,
1930 3126 67 16 mor-

1524 3152 120 22 morando
1651 3158 7 15 :
1668 3163 28 5 —
1707 3153 23 20 la
1742 3159 59 21 pace
1813 3153 37 22 sia
1862 3159 46 16 con
1919 3155 50 26 voi,
1983 3160 13 16 e

1525 3186 18 21 il
1554 3186 113 27 perdono
1678 3186 135 22 colvostro
1825 3186 121 28 figliuolo.

1552 3219 23 21 Il
1581 3219 103 22 vecchio
1693 3225 14 15 a
1715 3225 43 15 sua
1768 3220 69 21 volta
1842 3221 91 21 strinse
1949 3227 45 16 con

1524 3252 24 20 le
1556 3251 67 22 mani
1635 3252 17 21 il
1665 3257 60 22 capo
1737 3253 48 20 alla
1791 3253 118 26 donzella,
1921 3255 23 20 la
1955 3255 41 21 ba-

1524 3284 40 22 cio
1572 3285 26 20 in
1608 3284 83 22 fronte
1701 3291 14 15 e
1726 3285 68 22 disse
1803 3291 6 16 :
1819 3297 29 5 —
1861 3285 51 23 Dio
1920 3293 32 16 ve
1964 3294 32 15 ne

1524 3317 114 26 rimeriti,
1646 3317 122 28 figliuola.

1551 3350 29 22 In
1593 3353 84 25 questa
1688 3352 22 20 si
1722 3351 43 22 udì
1773 3353 106 22 stridere
1891 3353 104 24 sinistro

1524 3389 73 17 corne
1602 3384 72 22 Turlo
1686 3385 64 21 délia
1762 3385 90 22 civetta
1859 3387 26 21 lo
1896 3392 99 17 scucco-

1524 3417 35 26 lo,
1571 3418 19 21 il
1600 3418 72 26 quale
1683 3423 42 16 era
1736 3424 34 15 un
1782 3424 79 16 suono
1871 3422 124 25 guttorale

1522 3452 138 20 costumato
1673 3451 39 20 dai
1725 3450 72 22 Côrsi
1808 3458 45 20 per
1861 3455 100 20 vantare
1972 3454 23 21 la

1521 3483 117 22 vendetta
1648 3483 60 22 fatta
1720 3489 15 16 o
1748 3490 44 21 per
1799 3487 156 21 annunziarla
1965 3488 30 21 da

1521 3516 69 21 farsi.
1598 3515 22 22 Il
1631 3516 104 22 vecchio
1742 3523 14 15 e
1764 3516 91 23 Serena
1864 3519 21 21 si
1894 3520 100 22 strinse-

1521 3554 28 16 ro
1567 3550 139 26 spaventati
1726 3555 71 16 corne
1822 3552 106 22 colombi
1949 3553 46 22 che

1521 3584 104 20 sentano
1636 3583 116 22 rombare
1763 3584 39 21 sul
1808 3589 62 23 capo
1877 3586 24 21 le
1910 3586 85 22 alodel

2025 2685 72 26 falco,
2107 2691 13 16 e
2127 2685 130 24 Clemente
2264 2688 26 21 in
2299 2694 33 15 un
2338 2689 88 21 attimo
2435 2689 65 22 inar-

2025 2720 54 20 cato
2090 2719 163 29 Tarcbibugio
2265 2726 47 17 con
2324 2722 49 21 alta
2389 2728 63 16 voce
2463 2729 38 15 es-

2025 2752 79 22 clamò
2115 2759 5 14 :
2126 2764 29 5 —
2161 2754 72 26 qual'e
2239 2753 14 22 è
2259 2754 46 22 che
2313 2756 77 21 vuole
2397 2756 103 22 vendet-

2024 2786 23 20 ta
2058 2787 77 20 metta
2146 2785 66 23 fuori
2221 2788 23 21 la
2249 2787 87 22 faccia.

2050 2818 62 23 Però
2122 2825 108 17 nessuno
2238 2821 107 28 rispose,
2356 2822 66 22 onde
2430 2821 70 24 Sere-

2024 2857 31 16 ne
2066 2852 95 22 avverti
2172 2859 6 15 :

2049 2896 29 5 —
2085 2884 186 25 Consoliamoci
2284 2888 25 21 di
2332 2891 99 25 questo,
2456 2890 44 21 che

2024 2919 17 21 il
2049 2919 71 22 triste
2132 2920 55 21 urlo
2196 2925 50 17 non
2257 2921 19 21 si
2284 2923 76 27 volge
2371 2928 13 16 a
2396 2923 45 22 noi
2450 2935 24 4 —
2485 2930 13 15 e

2022 2951 254 24 involontariamente
2286 2955 138 22 conchiuse
2430 2957 24 21 le
2461 2963 41 21 pa-

2022 2986 53 21 role
2087 2991 46 17 con
2143 2993 33 15 un
2188 2987 109 27 sospiro.

2051 3018 21 23 Il
2085 3020 106 22 vecchio
2204 3020 96 23 Matteo
2311 3023 115 22 scioltosi
2437 3024 64 21 dalle

2023 3053 129 22 bracciadi
2165 3054 25 21 di
2200 3053 101 28 Serena,
2314 3056 80 21 disse:
2406 3068 29 5 —
2445 3056 56 23 Cle-

2022 3088 91 24 mente,
2120 3090 195 25 accompagnate
2323 3095 13 15 a
2343 3095 53 16 casa
2405 3096 32 15 nn
2443 3096 57 17 vec-

2023 3119 55 21 chio
2089 3120 94 26 amico;
2194 3121 25 21 io
2231 3127 51 16 non
2292 3122 157 29 mireggerei
2458 3130 40 16 so-

2022 3153 35 25 lo,
2070 3158 14 16 e
2093 3153 43 27 poi
2147 3153 34 22 ho
2193 3154 130 27 parecchie
2338 3155 119 24 faccende
2469 3158 31 21 da

2024 3187 138 21 consultare
2175 3192 47 19 cojn
2232 3188 54 21 voi.

2050 3219 19 21 E
2087 3220 21 21 si
2132 3220 138 23 avviarono
2294 3223 168 27 seguitandeli
2486 3231 14 15 a

2023 3252 187 22 brevedistanza
2218 3254 123 23 Altobello
2348 3261 14 15 e
2370 3255 100 23 Serena.

2049 3296 28 4 —
2090 3284 137 28 Clemente,
2240 3287 153 24 incomincid
2415 3289 19 22 il
2443 3296 58 16 vec-

2023 3318 57 21 chio
2088 3324 7 20 ;
2103 3319 90 26 poiebè
2199 3325 14 16 a
2222 3322 87 25 questo
2315 3322 95 22 mondo
2420 3324 79 21 ormai

2022 3357 51 16 non
2083 3352 34 21 mi
2136 3354 92 20 attacca
2248 3354 45 26 più
2309 3355 64 22 altro
2396 3356 103 23 vincolo

2023 3384 44 22 che
2077 3385 19 21 il
2107 3385 95 27 dolore,
2211 3386 32 22 ho
2250 3386 61 23 fatto
2320 3390 179 26 proponimen-

2021 3418 26 20 to
2060 3418 24 21 di
2094 3423 143 18 consacrare
2245 3420 19 21 il
2271 3423 111 20 restante
2391 3423 41 21 dei
2440 3423 59 22 miei

2021 3450 82 27 giorni
2114 3457 14 16 a
2140 3452 59 22 Dio.

2047 3495 30 4 —
2088 3484 190 29 Avetepensato
2288 3489 164 21 santamente.

2189 3589 156 31 (■Cuntinua)
