2628 3956
175 556 98 46 Casa
294 554 166 50 Paleroa

45 660 111 27 Unn’era,
170 662 71 17 cume
250 655 53 27 avà,
313 663 30 15 eu
354 658 6 21 i
374 659 86 27 guadri
474 660 24 22 in
510 665 73 19 sesta.

45 692 151 28 Perscialbu,
211 690 24 21 in
248 690 45 27 quà
306 696 12 15 e
328 690 54 23 ’ndà
393 694 64 21 tutta
469 699 95 22 pezzata

44 730 30 23 pi
85 724 91 25 ciuffuli
184 724 23 21 di
218 730 81 15 murza
307 724 107 23 rasinata
422 733 6 19 ;

44 764 18 23 E
71 761 29 22 da
109 760 7 21 i
129 758 86 22 nivoni
229 756 53 22 avìa
288 757 95 27 jmbatu
395 765 14 16 a
421 763 87 20 cresta.

44 790 225 31 Eso’grundaghie,
281 791 24 22 di
317 797 14 15 a
340 792 42 27 più
393 799 68 16 rozza
472 795 90 28 teghia,

45 831 35 22 Cu
90 825 119 29 epioggie
221 824 188 29 sgucciulavanu
419 833 13 15 a
443 828 109 23 rivocchi

44 865 22 22 O
73 858 171 26 s’arricchianu
257 859 25 21 di
294 856 162 30 pendâlocchi

44 898 33 22 Cu
88 901 14 15 a
115 892 117 23 matinata
244 898 69 21 aspra
328 898 13 16 e
352 896 183 28 spurguleghia.

44 932 26 23 In
81 929 80 23 bassu,
170 927 62 21 tutta
240 926 86 22 zombe
338 932 13 15 e
361 930 113 21 caravoni

44 961 61 26 Duv’
114 961 25 21 io
149 958 61 24 facìa
219 959 108 28 ’mpiatte
339 962 148 23 amullizzate

44 998 30 23 Di
85 1000 66 23 pere,
166 994 74 21 sorbe
255 994 25 21 in
290 999 62 17 cova
361 1001 13 15 e
386 996 162 28 bonbucconi,

43 1029 67 25 Paria
122 1028 25 21 di
162 1028 121 27 pestasale
295 1028 151 24 incatastate.

44 1064 95 26 Rivegu
148 1068 15 15 u
172 1062 132 21 terrazzolu
315 1068 81 17 mezzu
408 1063 26 23 in
447 1065 76 22 ciccia

44 1099 34 22 Cu
87 1097 9 21 i
110 1095 35 23 so'
155 1095 59 21 dece
226 1095 85 22 scalini
323 1097 31 21 ad
365 1098 49 21 aiza
426 1104 13 15 e
448 1099 58 27 cala,

43 1132 23 23 U
77 1130 141 27 sopraporta
229 1128 64 23 duve
304 1129 80 23 babbu
399 1132 107 28 inticcia,

43 1166 22 23 U
76 1163 146 29 sulaghiolu,
235 1162 72 28 eppo’
318 1164 44 27 più
371 1164 55 23 ’ndà
438 1172 14 16 a
467 1168 57 21 sala.

43 1201 36 22 Cu
92 1198 57 22 duie
160 1197 130 21 camerelle
301 1197 103 23 bianche
416 1205 13 16 e
441 1200 69 27 lisce,

42 1232 82 25 Eccuci
135 1232 100 22 u.tuttu.
252 1230 18 22 E
280 1231 62 22 cusü
355 1231 60 23 funu
427 1234 37 21 sei

43 1268 44 23 Chi
100 1273 12 15 a
121 1264 54 24 ben’
184 1264 23 21 di
219 1270 38 16 ma
260 1270 47 16 mm
309 1272 12 14 a
331 1266 61 22 ebbe
402 1274 13 14 a
424 1269 196 27 sgrunckiulisce

43 1303 41 22 Fra
96 1301 47 21 ’sse
151 1298 80 23 corde
241 1300 118 27 muraglie
367 1301 5 20 !

373 1330 14 13 e'

346 1375 30 5 —
386 1363 39 23 Ma
438 1364 40 22 chi
491 1365 81 22 ebbrei
585 1366 5 20 !

45 1400 65 25 Dicìa
122 1403 96 22 sempre
230 1398 80 27 quella
321 1401 139 25 puverelta,

44 1432 122 31 Riguardu
176 1437 14 15 a
202 1432 8 21 i
221 1432 78 21 nostri
310 1432 63 22 ruzzi
384 1432 134 23 turbulenti
527 1440 6 20 ;

45 1469 40 24 poi
98 1466 61 23 c’era
170 1472 14 15 a
193 1466 164 27 sciappatella,
371 1472 13 15 e
392 1467 68 27 dopu
473 1467 7 21 i
492 1468 78 27 pienti

45 1504 23 22 Si
78 1502 124 22 riturnava
213 1500 26 21 in
249 1505 67 22 pace,
329 1505 29 16 cu
371 1506 13 16 a
394 1500 140 23 micchetta.

47 1591 116 29 O.tempi,
176 1590 112 27 otempi!
302 1590 71 22 Fuste
384 1591 8 21 i
405 1590 51 23 miò
469 1591 42 28 più
521 1592 69 26 belli,

47 1625 146 25 Arridussati
203 1630 14 16 a
228 1625 80 27 quelle
319 1626 70 25 petre
401 1630 64 21 care,

47 1662 52 23 Una
108 1665 45 23 per
164 1665 47 15 una
220 1658 26 22 in
258 1660 89 24 mente,,
360 1658 30 22 da
401 1658 77 23 zitelli
489 1659 6 21 î

48 1695 86 29 Oghie,
146 1693 98 23 listessu
255 1692 59 22 nidu
326 1698 51 16 nun
387 1693 35 21 mi
434 1698 72 22 pare:

47 1725 17 28 È
72 1730 60 21 tutta
141 1727 158 25 infìnestrata,
314 1726 35 22 c’è
364 1726 129 29 mubiglia,

47 1762 100 26 Scaloni,
159 1763 89 24 stanze,
258 1759 69 23 tutt’è
335 1761 146 21 mudernatu
488 1767 6 20 ;

48 1797 39 24 C’è
95 1796 200 28 spaziu—troppu
306 1795 81 27 spaziu
395 1794 6 21 !
411 1794 62 22 —Di
482 1794 137 29 afamiglia,

48 1831 44 24 Ciò
103 1830 40 23 cki
155 1830 22 21 ci
188 1828 77 23 ferma
275 1828 34 22 s’è
317 1829 159 21 alluntanatu.

49 1924 20 23 O
80 1923 59 23 nidu
145 1923 6 20 !
165 1921 23 22 O
201 1927 55 16 casa
263 1921 6 21 !
282 1920 45 22 Più
338 1926 50 16 nun
399 1921 19 21 ti
431 1926 105 16 cunoscu

49 1958 161 27 Quantunque
219 1955 64 22 ch’io
298 1954 21 22 ci
331 1956 73 27 tenga
413 1954 108 22 fuculare
530 1962 7 19 ;

48 1990 165 24 D’unn’esseci
225 1988 112 24 ma’natu
348 1989 36 21 mi
395 1988 22 22 si
428 1994 68 21 pare,

49 2025 74 28 Dapoi
135 2024 41 22 chi
187 2023 80 27 tastai,
280 2023 24 22 di
313 2028 14 16 a
334 2022 59 27 vita,
406 2028 16 16 u
434 2025 67 19 toscu
508 2022 6 21 !

51 2060 37 22 Ma
97 2058 92 29 t’aghiu
200 2057 51 28 qui,
264 2057 100 27 sculpita
376 2056 25 22 in
412 2057 23 20 la
447 2055 51 23 miô
508 2057 89 25 mente,

52 2093 71 23 Cume
134 2099 33 16 un
179 2092 67 22 riccu
260 2091 99 22 castellu
372 2090 24 22 di
406 2091 24 21 le
442 2089 49 23 fate
499 2096 5 16 :

48 2128 93 28 Rivegu
153 2133 14 16 e
178 2126 103 22 vecchie
292 2130 81 17 murze
383 2125 133 22 rasinate...

50 2162 93 28 Rivegu
155 2168 13 15 a
177 2166 106 17 mamma
294 2166 29 15 cu
334 2159 69 22 tutt’a
414 2158 52 23 miò
476 2158 76 28 jente.

364 2199 23 22 U
398 2197 196 27 Sampetracciu.

21 2332 88 31 Risposta
126 2331 20 24 di
162 2331 75 24 Divota
255 2328 57 25 Paoii

49 2379 12 17 a
70 2372 50 24 Leca
132 2371 21 24 di
165 2378 13 17 u
191 2371 85 23 Furcatu

37 2452 55 18 Postu
99 2452 32 19 chi
138 2452 57 18 m’ete
202 2450 101 20 chiamata,

35 2477 27 19 Un
69 2482 66 14 mancu
143 2478 20 18 di
171 2477 20 18 fà
198 2476 78 23 rispota.

35 2503 80 23 Appinzu
123 2505 31 17 ste
161 2503 78 22 quattru
246 2501 48 18 rime

36 2528 54 24 Ippoi
96 2530 19 17 le
122 2529 66 19 mett’a
194 2529 20 17 la
222 2528 59 22 posta,

35 2554 144 20 Indirizzendule
187 2554 17 18 a’
211 2553 71 20 Muvra,

36 2580 15 17 A
58 2581 98 22 publicalle
163 2579 90 23 disposta.

36 2637 107 19 Lasciatemi
150 2638 78 21 dunque
235 2634 59 21 dibbi,

36 2662 55 19 Postu
98 2664 32 18 ebi
137 2664 30 18 bo’
175 2662 92 19 accettate
272 2665 5 13 :

37 2688 141 20 Aceunciemuci
185 2689 30 16 tra
221 2687 41 17 noi-

36 2712 54 21 Senza
97 2715 19 18 fà
123 2714 124 19 tribunalate.

37 2739 21 18 Bi
64 2740 58 19 lasciu
129 2741 20 18 la
156 2739 116 24 preferenza,

37 2763 44 21 Cosa
87 2766 22 19 vi
115 2764 154 26 piace/pigliate.

37 2822 42 20 Fate
86 2829 27 12 un
120 2821 187 26 picculupacchettu,

36 2848 29 18 Ma
71 2849 28 18 sia
106 2848 147 20 ràccumandatu

36 2873 210 21 Percb’eirunn’accatti
255 2872 49 18 male

36 2898 62 21 Fendu
104 2902 86 17 lamantu
194 2898 80 24 viagbiu
278 2902 6 17 ;

38 2924 67 25 Tempu
113 2927 83 22 capilatu
204 2925 40 23 qui,

38 2948 43 21 Subi
83 2952 20 18 tu
110 2952 21 18 vi
139 2950 138 24 scriveraghiu.

37 3005 34 20 Per
77 3008 118 20 rimandabbi
202 3008 22 18 lu
238 3006 79 24 guadru,

38 3032 61 23 Aghiu
106 3036 68 21 pronta
180 3035 20 17 la
207 3033 90 19 cascetta.

37 3057 16 18 A
60 3060 68 18 mandu
136 3058 134 20 malbnlenteri

37 3082 17 18 A
60 3084 36 19 miô
104 3087 54 17 sauta
165 3085 103 19 benenetta

38 3106 42 22 Ch’è
86 3112 81 21 padrona
175 3111 21 18 di
203 3110 16 18 li
227 3109 54 19 Gorsi
286 3113 6 17 ;

37 3131 58 26 Gusti,
102 3136 52 19 forse
161 3136 109 19 maladetta.

39 3189 19 19 Si
65 3192 45 19 ’ndu
117 3194 19 18 la
143 3194 66 18 vostra
217 3191 85 24 famiglia

36 3215 91 22 Rischiate
134 3219 89 19 d’accattà
230 3219 55 20 male,

36 3239 25 20 Eo
67 3245 76 18 veneria
150 3244 21 18 in
179 3249 81 18 persona

36 3264 61 22 Fendu
105 3271 57 17 contu
169 3270 56 19 d’avè
232 3270 51 20 Taie,

36 3289 69 22 Perché
112 3295 21 18 sò
141 3296 32 18 chi
181 3301 12 12 a
199 3295 70 23 jelusia

36 3313 14 20 Ë
57 3319 85 20 qualcosa
149 3321 121 18 d’infernale.

37 3376 21 18 Si
63 3378 28 20 bo’
100 3382 87 18 mandate
193 3383 20 17 la
220 3382 50 23 pipa,

39 3401 25 19 Eo
71 3409 24 14 ne
102 3407 21 17 sò
130 3407 52 18 bella
190 3408 95 20 cuntenta,

37 3427 68 22 Antone
113 3431 25 19 ba
145 3432 59 18 l’arba
213 3433 77 18 tabacca

19 3452 30 17 t-ni
53 3457 25 14 un
83 3455 233 22 belcbiosun’assumenta,

36 3476 80 24 Tiraràle
121 3482 108 23 sfumigate,

36 3501 28 19 Un
70 3505 99 21 tenendula
177 3509 38 18 mai
223 3509 73 22 spenta.

18 3557 31 22 Qai
56 3562 74 26 finiscu,
139 3568 37 22 ebi;
182 3573 23 14 eu
210 3574 12 13 a
227 3568 89 21 «Muvra»,

34 3589 40 16 asse
80 3589 65 25 longbi
152 3594 57 18 unn’è
216 3599 12 13 a
232 3598 83 15 manera.

36 3611 37 24 Poi,
81 3616 27 17 mi
115 3619 55 17 sentu
178 3620 102 22 appinnulà

37 3635 34 20 Gbi
78 3640 21 18 sò
107 3642 45 18 dece
159 3648 34 13 ore
200 3645 21 18 di
228 3650 50 14 sera.

36 3661 22 18 Bi
64 3665 60 19 salutu
132 3668 24 17 da
162 3669 88 24 luntanu,

52 3699 19 7 •••
80 3694 72 21 spengu
159 3693 20 18 la
187 3695 38 18 miô
236 3696 80 19 lumera.

130 3731 85 21 Divota
222 3735 72 18 Paoli.

382 2327 160 31 Spazzola
551 2327 40 26 !...

471 2429 16 17 A
496 2429 28 17 «A
533 2428 78 19 Muvra»

361 2468 54 22 Dopu
421 2469 56 17 tantu
485 2469 46 18 eh’e’
538 2469 16 18 ti
561 2469 71 22 legbiu,

363 2492 100 20 Gustendu
469 2494 16 18 li
490 2495 24 17 to’
518 2495 60 22 pueti,

362 2518 83 19 Sieondu
452 2520 16 17 li
475 2520 27 18 so’
509 2520 71 22 mireti,

351 2544 38 18 Fra
393 2544 16 18 li
414 2544 73 24 megliu
492 2550 11 13 e
509 2545 30 19 fra
546 2546 16 18 li
567 2546 77 23 pegbiu,

363 2569 34 19 N’a
397 2570 33 18 via
436 2574 59 19 presu
502 2576 42 13 unu
551 2571 22 18 in
581 2576 46 14 onca

363 2595 27 18 Da
397 2596 57 18 tantu
462 2596 68 19 ch’ellu
538 2596 20 18 ni
566 2601 63 14 ronca.

364 2669 36 19 Era
408 2675 65 14 mossu
479 2675 12 14 a
497 2671 133 23 l’imprincipiu

365 2695 81 19 Fenduli
453 2700 23 14 eu
478 2696 18 18 si
503 2697 48 22 cusi,

365 2721 36 22 Ma,
412 2722 50 18 tanti
468 2722 23 18 ni
498 2724 90 21 cumpuni

366 2746 34 19 Chi
409 2747 18 18 ci
433 2747 60 18 laseiô
499 2747 21 19 lu
527 2748 82 22 judiziut

367 2772 27 19 Cu
402 2773 101 23 l’orgogliu
509 2778 35 17 par
551 2775 74 20 natura,

365 2799 38 17 Par
410 2802 31 15 me
449 2799 21 17 fù
477 2799 57 18 trista
540 2799 70 23 figura.

366 2874 15 19 E
388 2874 48 21 cusi,
445 2873 66 19 fiaccai
518 2873 66 23 prëstu

366 2900 23 19 Di
394 2900 66 23 leghia
466 2900 22 17 lu
495 2899 85 21 dialettu,

366 2925 103 19 Lasciendu
478 2924 15 18 li
499 2924 50 18 canti
557 2928 11 14 e
576 2928 12 14 u
595 2924 53 18 restu

369 2950 88 19 Cb’erani
464 2950 22 17 lu
494 2950 36 18 me’
537 2949 83 18 dillettu.

367 2976 28 19 D’i
403 2976 63 19 scritti
474 2975 21 18 di
502 2974 110 24 Rimaglioni

367 3002 65 18 N’avia
439 3002 21 17 la
467 3000 124 24 ’ndigistioni.

366 3078 41 18 Avà
411 3081 57 18 vegu,
473 3080 23 14 se
502 3080 27 14 un
535 3075 25 18 mi
566 3074 80 23 sbagliu,

367 3102 45 19 Gh’a
419 3103 68 17 rombu
494 3102 20 17 di
522 3102 21 17 zà
549 3100 5 18 !
561 3105 11 13 e
579 3100 23 18 zè
608 3099 5 18 !

367 3128 14 19 0
389 3128 74 22 Muvra,
473 3127 20 18 di
500 3127 21 17 lu
529 3125 86 23 canagliu

366 3154 27 18 Ne
401 3154 26 18 se’
435 3152 53 19 stufa
496 3156 50 14 corne
554 3151 37 18 mè.

367 3179 52 19 L’bai
426 3178 62 19 missu
495 3178 20 17 in
523 3177 114 23 quarantena

367 3205 36 18 Par
403 3204 32 19 chi
442 3203 48 19 tutti
496 3203 17 18 ci
520 3202 98 18 avvelena.

366 3280 129 24 Applaudiscu
507 3278 17 18 a’
531 3277 26 19 to’
565 3276 83 23 spazzola

368 3307 35 19 Chi
410 3307 19 18 ci
435 3306 40 17 l’ba
482 3308 63 14 messu
553 3303 24 17 da
584 3302 62 20 canlu,

368 3332 42 19 ’Ssu
419 3329 109 21 straziador’
536 3328 20 18 di
563 3327 63 22 parola

368 3358 69 19 Gonfiu
446 3356 60 18 tret.tu
513 3355 25 16 da
544 3354 22 17 lu
574 3352 60 18 vantu
641 3356 5 12 :

369 3390 9 11 «
383 3383 38 18 Eiu
428 3383 20 17 sô
453 3382 29 17 !...
491 3381 18 17 sò
517 3378 29 19 eiu
551 3378 8 18 !
566 3377 30 19 eiu
601 3377 28 17 !...
637 3381 9 12 »

354 3420 24 3 —
382 3408 14 20 0
404 3405 111 23 Lumbrigò!
524 3404 58 18 se’un
592 3402 57 23 ghïu-

590 3427 44 18 deiu
641 3426 5 18 !

367 3505 21 19 Si
394 3500 99 22 t’affaccbi
499 3500 23 17 da
530 3498 24 18 stï
563 3496 50 23 parti

365 3535 46 18 Incu
418 3533 22 17 lu
448 3530 25 19 to’
482 3526 110 21 mandulinu

365 3563 36 18 Par
409 3556 104 23 racchiacci
520 3559 23 14 eu
551 3553 40 23 poc’
598 3551 38 18 arti

364 3592 8 17 1
380 3591 25 17 to’
413 3586 64 21 scritti
484 3586 23 17 da
514 3582 71 20 catinu,

364 3618 35 19 Vai
407 3615 51 25 puri,
466 3614 8 18 i
482 3608 120 23 sciaecamani

364 3647 10 18 I
381 3646 67 17 t’hanu
460 3643 25 17 da
493 3641 17 17 fà
517 3639 16 18 li
540 3635 49 21 cani!

418 3688 36 20 Un
461 3680 161 26 Mlzzanacciu.

399 3727 41 19 Unu
448 3724 20 19 di
479 3717 132 29 quillipueti...

725 565 181 34 Serinatu

686 641 97 25 Svegliati,
792 645 46 19 Nice
845 651 85 19 vezzosa,

684 667 100 20 Affacciati
791 675 12 13 a
810 671 18 18 la
837 672 86 19 finestra.

685 691 73 20 Perché
765 696 54 18 statti
827 698 41 17 cusi
876 702 66 14 ascosa
947 698 10 18 ?

685 717 25 18 La
719 720 35 17 me’
762 724 47 14 voce
816 726 39 14 nun
864 723 16 17 ti
888 724 60 18 desta.

686 742 57 20 Cume
752 745 19 17 ’n
778 745 22 18 lu
807 747 64 22 tempu
884 750 83 21 passatu,

685 767 36 22 Qui
728 769 18 18 ci
754 771 56 17 cantu
818 776 11 13 e
838 772 61 19 facciu
912 774 54 18 testa.

685 812 50 20 Bona
742 818 50 19 sera,
801 817 17 17 e’
826 817 15 18 ti
848 818 65 18 salutu

685 837 54 19 Sottu
748 845 11 12 a
767 842 54 18 notte
828 843 106 19 tenebrosa.

684 863 17 17 A
709 864 82 19 truvatti
799 867 21 18 sò
828 868 70 19 binutu

685 887 136 26 Quand’ognun
829 893 17 18 si
853 899 26 12 ne
886 894 71 23 riposa.

684 914 108 20 All’usanza
799 918 57 18 d’una
863 920 59 21 volta,

684 938 87 21 Mostrati
778 942 34 21 più
819 948 98 18 generosa.

685 984 84 21 L’amore
776 989 34 20 qui
816 989 49 18 m’ha
874 991 93 17 cunduttu

685 1009 54 20 Duve
747 1012 30 18 stà
785 1013 78 19 l’amatu
871 1017 85 21 oggettu.

685 1034 57 20 Cercu
750 1042 12 13 a
770 1038 25 21 te,
802 1040 88 21 preziosu
897 1041 69 22 fruttu,

684 1059 42 20 Cun
733 1066 76 15 carezza
816 1068 11 14 e
835 1069 38 13 cun
881 1065 75 19 affettu.

684 1086 23 17 Ti
714 1091 24 14 ne
747 1088 39 18 stai
794 1093 56 14 senza
858 1091 72 18 maritu

684 1111 90 20 Dentr’un
782 1114 89 20 sulitariu
877 1116 57 19 lettu.

684 1157 28 17 Tu
720 1158 60 22 riposi
788 1160 32 18 ’nu
828 1161 19 18 le
854 1161 66 23 piume

684 1182 14 17 E
706 1183 21 17 di
734 1188 31 14 me
773 1186 92 19 nunn’hai
872 1188 34 22 più
914 1192 52 14 cura.

685 1207 28 18 Eu
720 1208 22 18 sô
750 1209 42 19 fora
801 1215 54 14 senza
863 1212 59 23 lume,

684 1232 26 18 Mi
718 1234 18 17 si
742 1239 83 19 aggrava
830 1237 38 23 ’gni
873 1238 93 23 sciagura,

684 1258 14 17 E
706 1263 40 14 nun
755 1260 27 18 mi
791 1262 50 18 senti
847 1263 99 23 languisce

685 1283 58 19 Sott’a
748 1290 13 13 u
770 1286 49 23 celu,
825 1288 71 18 all’aria
904 1293 62 14 scura.

684 1328 54 19 Possi
745 1331 23 17 tu
775 1332 50 17 vede
831 1333 20 17 le
857 1334 60 21 notte,

684 1352 78 20 Gbiorni
771 1357 105 19 sventurati
885 1363 10 14 e
903 1359 52 18 tristi
960 1359 5 18 !

684 1375 28 22 Ôh
718 1379 5 18 !
732 1380 73 20 félicita
813 1383 100 19 ’nterrotte

684 1404 23 18 Di
714 1406 50 18 tanti
771 1409 83 17 amurosi
862 1410 82 21 acquisti
950 1409 6 18 !

683 1430 26 18 Mi
716 1431 90 20 lasciaste
812 1433 22 18 in
840 1439 28 13 un
875 1435 71 18 istante

682 1455 15 18 E
705 1456 24 17 da
737 1461 31 15 me
776 1458 17 18 ti
800 1463 25 13 ne
833 1458 91 24 fugbjste.

682 1501 53 23 Dopu
742 1503 64 19 d’esse
812 1504 94 20 fidanzata

683 1525 79 21 Partisti
769 1533 38 14 cun
813 1530 112 24 leggiadria.

684 1551 53 19 Duve
744 1553 17 18 ti
768 1558 26 14 ne
801 1555 48 19 fusti
857 1557 76 21 andata,

683 1576 20 22 E,
713 1582 33 18 per
754 1580 50 21 quai’
811 1583 75 21 segreta
892 1581 42 19 via?

684 1601 57 20 Senza
749 1608 69 15 mancu
828 1606 66 19 dimmi
901 1608 65 22 addiu,

684 1626 122 22 Senz’alcuna
813 1633 118 22 cumpagnia.

683 1672 25 19 Mi
716 1676 94 18 mandasti
817 1677 24 18 da
848 1678 64 23 Parigi

683 1698 41 19 Una
731 1700 71 20 lettera
809 1702 101 20 affiurata:

684 1726 41 19 Cun
732 1730 90 21 angoscia
831 1731 14 18 li
853 1732 75 24 n’affigi

683 1752 23 18 Di
714 1754 63 21 quella
784 1756 73 22 gatliva
865 1759 74 17 andata.

683 1778 41 18 Avà
731 1779 16 17 ti
755 1780 52 18 trovi
813 1781 30 18 fra
850 1783 45 18 duie
900 1788 6 13 :

683 1802 27 20 Nè
718 1808 55 19 sposa
780 1806 25 18 nè
813 1808 94 18 maritata.

684 1849 56 19 Tutta
747 1850 20 18 la
774 1852 27 17 to’
809 1853 104 22 gentilezza

684 1873 53 19 L’bai
744 1876 92 20 cambiata
843 1879 21 17 in
872 1880 72 18 vilenu.

661 1899 68 18 Ind’un
736 1902 47 17 mar’
790 1903 50 21 pien’
847 1904 119 24 d’amarezzà,

685 1924 36 22 Qui
729 1926 16 18 ti
754 1931 55 14 cercu
817 1933 11 13 e
833 1933 66 18 vengu
903 1935 64 14 menu.

685 1949 82 23 Splende
774 1953 22 17 lu
804 1954 77 19 stellatu
889 1957 53 21 velu,

685 1975 71 23 Tempu
764 1978 66 19 lucidu
837 1985 11 12 e
858 1985 77 15 serenu.

685 2018 43 18 Nun
735 2020 28 17 mi
770 2022 56 22 senti,
835 2027 11 13 o
853 2023 115 24 Maddalena,

687 2042 35 19 Chi
728 2044 16 18 ti
752 2045 76 20 chiamu
836 2052 12 14 a
855 2053 47 14 voce
906 2050 63 18 forte?

686 2069 83 20 L’amore
777 2071 33 19 chi
817 2073 100 20 t’incatena

686 2094 15 17 E
708 2099 108 21 cumpagnu
823 2099 20 17 di
850 2099 19 19 la
877 2102 67 18 morte.

687 2120 23 18 Di
719 2121 20 18 la
747 2122 26 18 to’
781 2123 61 23 degna
849 2126 85 19 mazione

687 2146 74 22 Aprimi
768 2148 74 20 l’amate
849 2152 54 21 porte
911 2151 5 19 !

687 2193 27 17 Da
721 2193 19 18 la
744 2194 77 23 piaghia
826 2200 12 14 a
842 2197 19 18 la
868 2200 103 22 muntagna

688 2218 50 18 Luce
745 2224 12 13 a
764 2224 44 15 rosa
815 2226 24 13 cu
846 2223 21 17 lu
875 2223 56 23 fiore,

689 2243 20 18 Si
716 2244 69 23 rispira
792 2250 12 14 a
810 2246 19 18 la
837 2252 101 20 campagna

688 2268 16 19 U
712 2270 87 21 profume
807 2272 18 17 di
833 2272 77 20 l’amore
915 2280 6 13 :

689 2293 91 24 Svegliati
790 2296 24 18 da
821 2297 21 19 lu
851 2299 25 17 to’
884 2300 53 22 nidu,

689 2318 36 19 Chi
729 2320 22 18 lu
758 2325 62 15 sonnu
827 2322 12 19 è
847 2324 96 20 traditore.

691 2365 24 19 Sò
723 2366 31 23 già
762 2369 72 20 passati
841 2370 33 18 dui
882 2372 47 17 anni

691 2391 35 18 Chi
733 2393 24 17 da
765 2397 31 14 me
803 2394 48 19 fusti
858 2397 95 19 smarrita.

674 2426 4 3 -
691 2416 40 19 Cun
739 2418 142 21 quell’amurosi
885 2422 78 23 inganni

691 2442 128 20 Turmentasti
826 2445 19 18 la
852 2447 27 17 to’
886 2448 47 18 vita.

669 2468 49 18 Yeni
724 2472 11 13 a
743 2469 67 18 dimmi
816 2470 22 18 in
845 2473 68 20 questa
921 2475 52 18 notte

692 2493 26 19 Da
726 2494 55 21 quale
788 2494 49 20 fusti
844 2497 68 22 rapita.

693 2539 79 22 Quandu
779 2542 28 17 mi
815 2542 58 19 cridia
881 2543 55 20 felîce

692 2565 28 18 Cu
728 2566 70 19 l’amici
805 2572 11 13 e
822 2568 17 18 li
845 2571 81 21 parenti,

693 2590 56 19 M’hai
757 2594 68 20 spentu
830 2594 43 22 ogni
879 2595 63 19 radice

693 2616 24 18 Di
723 2616 16 18 li
746 2617 80 19 bramati
834 2621 91 17 eontenti.

693 2642 41 18 Tali
741 2643 22 17 sô
771 2643 6 17 i
785 2643 51 23 Jorni
843 2646 72 20 passati

694 2666 56 19 Corne
758 2668 14 17 li
779 2669 53 21 jorni
839 2671 92 21 presenti.

694 2713 54 18 Tanti
756 2714 53 22 passi
816 2715 63 19 fatt’in
886 2721 52 14 vanu

695 2738 136 24 Cuttighiendu
838 2741 21 18 lu
871 2742 27 18 to’
905 2747 70 16 amore,

694 2763 68 19 Vicinu
771 2769 52 14 corne
829 2766 82 20 luntanu

695 2788 41 19 Cun
744 2790 72 18 affanni
824 2796 11 13 e
839 2796 38 14 cun
885 2793 68 19 sudore
959 2793 5 18 !

693 2814 44 18 Nun
742 2815 109 19 t’assolverà
855 2817 89 23 giammai

695 2838 99 21 Sacerdote
801 2842 115 19 cunfessore.

695 2886 53 22 Vegu
756 2886 21 18 in
787 2888 42 17 celu
842 2888 58 18 l’alba
907 2889 68 22 ’ncesa,

695 2911 28 18 Ne
729 2912 74 18 ritorna
809 2914 87 18 l’aurora.

684 2937 25 17 La
717 2937 89 19 me’voce
810 2939 57 18 unn’è
875 2939 33 22 più
916 2940 61 18 intesa

694 2962 23 18 In
724 2963 60 17 tondu
792 2969 12 12 a
811 2964 18 17 la
837 2964 26 18 to’
871 2964 72 19 dimora
948 2970 6 17 ;

695 2987 117 19 L’ascoltanu
819 2989 24 18 da
850 2989 87 23 luntanu,

695 3012 61 18 Tantu
763 3013 21 18 in
792 3018 43 14 casa
842 3019 52 14 corne
901 3015 48 18 fora.

695 3058 21 19 Si
723 3059 172 22 prisentaunnovu
903 3061 63 22 jornu.

695 3083 36 22 Qui
738 3084 17 18 ti
762 3084 67 22 lasciu,
836 3090 11 13 o
854 3086 50 18 bella
912 3086 63 22 sposa!

694 3109 95 23 Faraghiu
796 3111 65 21 prestu
870 3111 80 22 ritornu,

694 3134 23 18 Di
725 3135 59 21 notte,
790 3135 21 18 in
819 3136 60 18 caccia
883 3140 93 14 amurosa.

694 3159 96 19 L’Oriente
798 3165 45 18 âpre
849 3161 19 18 le
876 3163 53 20 porte

694 3186 17 17 A
718 3185 18 18 la
745 3185 57 18 Stella
809 3186 101 19 luminosa.

840 3220 115 18 Minicale.

742 3312 168 25 Cuscrittis

672 3374 24 14 Ah
700 3373 4 15 !
709 3373 56 19 qaante
771 3373 41 14 dora
815 3372 18 14 fù
837 3372 55 15 anestn
897 3372 66 18 viaghin
971 3372 5 14 !

689 3394 21 14 La
715 3393 27 15 me'
746 3393 36 17 gola
786 3396 27 10 era
817 3392 55 14 striata
876 3391 21 14 da
901 3395 12 10 c
918 3391 58 17 dulore,

689 3413 11 15 E
705 3416 28 15 per
737 3412 42 15 tutta
783 3412 17 14 la
804 3411 52 18 s>rada
859 3411 54 18 pientu
918 3411 50 17 aghiu.

689 3432 50 18 Aghiu
742 3432 53 18 pientu
800 3431 15 15 di
819 3430 46 15 lasciâ
870 3430 17 15 lu
891 3430 85 14 me’amore!

689 3468 29 14 Per
722 3466 45 15 tntt’a
770 3465 34 15 vita
808 3464 21 14 mi
834 3463 120 18 ricurderaghin,

689 3486 78 19 Ognigiru
771 3485 17 15 di
793 3485 33 14 rota
830 3484 22 14 mi
856 3487 45 14 crêpa
905 3483 18 14 lu
927 3486 34 11 core

689 3506 56 16 Suffria
748 3505 4 14 !
758 3509 9 10 e
772 3508 53 11 mancu
829 3507 31 11 nun
864 3503 36 14 avia
903 3502 74 18 curaghiu

688 3526 18 15 Di
710 3525 55 18 hasgia
769 3528 11 11 u
785 3524 20 14 to’
808 3523 67 16 ritrattu,
880 3525 38 11 caru
921 3522 43 14 fiore.

688 3559 56 16 Addiu,
750 3563 10 10 o
763 3559 16 14 1=
783 3557 29 15 me’
816 3560 36 11 cara
856 3555 76 15 Catalina!

687 3579 54 16 Addiu,
747 3582 9 10 o
761 3578 16 14 la
781 3577 29 15 me’
815 3576 44 14 Stella
863 3574 81 15 matuttina
947 3576 6 14 I

688 3599 54 16 Addiu,
748 3602 9 10 o
762 3598 17 14 lu
783 3596 28 15 me’
816 3595 54 14 di\ûnu
874 3597 49 15 paone
928 3596 6 14 !

670 3634 25 14 31a
699 3633 31 17 vai,
735 3636 32 11 nun
771 3628 100 22 pensierà,sol’
873 3628 16 14 di
893 3631 11 10 u
909 3627 28 15 me’
941 3627 35 14 cor".

687 3653 52 15 Prestu
741 3652 14 14 ri
755 3648 93 18 veneraghiu
851 3648 17 14 in
873 3647 103 18 permissione,

687 3673 12 14 E
704 3672 39 15 dolci
746 3670 45 18 hasgi
798 3667 66 17 n’avarei
870 3666 56 15 ancor’.

687 3694 25 15 Al.
717 3691 108 17 Alessandri
831 3690 19 14 di
856 3689 101 14 Chidazzu.

687 3718 46 16 Metz,
738 3721 13 10 u
757 3716 19 15 14
780 3714 40 15 Xov.
828 3712 46 15 1928.

1124 181 47 57 A
1212 182 298 70 Cunquista
1554 179 266 59 Francese

1274 265 52 55 di
1367 266 45 55 A
1455 265 221 56 Corsica

1245 344 57 34 (Da
1314 343 199 27 un’Giurnale
1530 344 30 25 di
1577 342 128 36 l’Epuca)

1019 436 126 30 Tniyiemu
1164 438 74 29 oghie
1255 445 16 14 a
1285 437 89 28 public
1376 439 86 24 azione

994 467 28 21 di
1030 473 12 14 e
1050 465 130 30 rela^ione
1190 465 238 30 sopr'a''campagna
1435 466 29 21 di

994 502 12 15 e
1023 496 95 26 truppe
1130 495 28 21 di
1170 501 18 15 u
1200 495 37 21 Re
1252 494 212 23 Cristianissimu

992 524 74 21 Luici
1071 522 86 23 XVne
1163 529 28 22 iy
1191 522 35 29 6g,
1229 523 58 21 date
1293 523 33 21 da
1331 523 45 22 <z.Le
1383 523 80 22 Cour-

993 553 56 21 rier
1097 552 123 27 giurnale
1240 552 98 21 direttu
1350 552 33 21 da
1401 551 22 21 le
1441 549 24 22 Sr

994 580 37 22 Fr.
1046 579 122 26 Morenas,
1178 579 205 28 Historiographe
1400 579 30 21 de
1440 579 25 20 la

994 609 60 21 ville
1059 608 145 27 d’Avignon
1210 613 12 14 e
1233 610 130 26 stampatu
1372 608 36 24 da.
1412 608 53 20 An-

993 636 69 22 toine
1074 636 95 28 Mossy,
1177 636 130 22 Fils.Avec
1317 635 148 30 permission

994 667 25 19 et
1031 664 124 28 Privilège
1167 665 31 20 de
1209 663 25 22 S.
1247 665 33 21 A.
1288 664 26 22 S.

1025 692 296 28 Visibilmenteispiratu
1328 692 33 21 da
1371 697 17 15 u
1398 690 66 28 Q.G.

995 721 28 21 di
1034 727 18 15 u
1065 721 168 22 Marescialle
1246 721 30 21 de
1292 720 79 25 Vaux,
1394 720 34 19 da
1447 724 18 16 u

997 748 80 22 Conte
1089 750 29 22 di
1135 748 137 28 Marbceuf
1285 751 26 19 et
1330 749 33 21 da
1384 752 16 16 u
1418 748 47 20 mi-

994 778 95 25 nistru,
1099 786 12 13 '{
1121 777 34 22 Le
1173 778 129 22 Courrier
1310 784 22 18 »,
1350 775 116 28 publica-

992 807 110 27 %ionedi
1112 809 114 25 unpaese
1238 807 103 22 neutru,
1354 809 45 16 era
1411 804 55 22 des-

994 836 88 20 tinatu
1090 841 16 15 a
1123 834 143 22 corrobora
1279 833 16 21 V
1297 833 169 28 injurmayio-

994 869 30 16 ne
1037 863 58 22 date
1107 863 34 21 da
1151 864 12 20 i
1172 861 120 30 giurnali
1296 860 126 29 francesi.

1020 891 131 28 Perc,per
1162 891 126 28 raggione
1299 890 43 21 chi
1360 890 11 20 i
1381 888 86 22 nostri

994 917 91 24 lettori
1108 919 233 28 cumprenderanu,
1361 916 105 28 Vinfur-

993 950 114 26 maqione
1117 948 28 21 di
1158 954 17 15 u
1187 946 92 29 Jogliu
1290 947 28 21 di
1326 952 18 16 u
1353 945 23 22 Sr
1387 945 80 21 More-

993 981 52 21 nas,
1074 977 158 26 prisentanu
1252 981 36 16 un
1306 973 161 29 particulare

994 1005 69 21 inter
1063 1010 61 16 esse.

1197 1047 66 21 Mardi,
1265 1047 23 17 14
1296 1046 77 18 Février
1380 1044 52 19 4769.

992 1080 156 24 (Récapitulation
1153 1081 32 18 des
1190 1080 110 18 événements
1305 1079 22 18 de
1332 1078 68 18 Vannée
1406 1076 61 23 1768)

1021 1120 32 22 La
1063 1119 131 23 Rébellion
1206 1120 43 21 des
1259 1118 90 22 Corses
1357 1116 59 22 était
1426 1116 41 21 de-

994 1151 55 27 puis
1062 1151 142 27 longtemps
1215 1151 25 20 le
1251 1149 64 27 sujet
1321 1149 42 21 des
1375 1146 93 22 sollici-

992 1182 58 21 tude
1068 1182 30 20 de
1113 1182 23 20 la
1153 1179 160 29 Republique
1330 1179 29 21 de
1376 1177 89 22 Genes.

994 1211 50 22 Des
1056 1211 94 22 Lettres
1162 1211 62 21 delà
1235 1210 83 21 Bastia
1324 1209 95 27 parlent
1426 1213 41 15 en-

992 1242 34 22 fin
1038 1242 72 22 d’une
1127 1241 153 22 convention
1294 1238 85 29 passée
1398 1239 69 20 entre

993 1278 40 16 ces
1045 1272 132 22 Insulaires
1189 1271 22 22 &
1222 1272 36 21 les
1272 1269 101 25 Génois,
1384 1274 43 21 par
1443 1268 24 21 la

992 1303 159 28 négociation
1164 1302 33 21 du
1208 1301 106 22 Colonel
1323 1298 143 23 Buttafuoco

993 1339 30 15 au
1031 1332 96 22 service
1135 1333 31 21 de
1173 1333 25 20 la
1208 1331 101 22 France.
1321 1330 33 21 La
1362 1330 58 27 joye
1428 1330 39 19 est

993 1363 55 28 déjà
1055 1362 116 29 générale
1183 1361 15 22 à
1215 1361 98 25 Genes;
1328 1362 25 20 et
1361 1359 108 22 d’autant

992 1396 55 26 plus
1056 1394 60 22 vive
1123 1398 47 23 que
1175 1393 24 21 la
1205 1392 116 22 nouvelle
1328 1391 80 27 paroit
1417 1395 52 15 cer-

992 1426 75 25 taine,
1086 1430 45 22 par
1141 1425 24 21 la
1177 1423 101 22 retraite
1296 1421 44 22 des
1359 1421 110 26 Troupes

993 1455 143 29 Françoises
1144 1453 74 29 qu’on
1228 1458 83 16 assure
1319 1452 59 21 dans
1386 1451 23 21 la
1419 1450 49 21 dis-

993 1486 111 27 position
1135 1485 32 21 de
1199 1484 174 26 s’embarquer.
1404 1481 63 21 Mais

993 1516 135 22 semblable
1155 1515 15 22 à
1187 1520 41 16 ces
1252 1512 123 23 Météores
1394 1510 72 29 qu’un

993 1548 52 21 seul
1052 1548 92 21 instant
1154 1546 57 22 voit
1219 1544 108 29 paroître
1339 1549 14 15 e
1360 1548 27 16 se
1397 1541 72 22 dissi-

992 1584 53 21 per,
1058 1579 65 20 cette
1130 1577 118 22 nouvelle
1257 1578 39 19 est
1307 1572 112 24 aussi-tôt
1425 1570 44 23 dé-

992 1610 83 25 truite,
1096 1608 59 22 bien
1166 1607 52 22 loin
1239 1612 47 22 que
1302 1606 36 21 les
1354 1602 114 30 François

992 1641 105 26 pensent
1108 1638 14 23 à
1136 1639 93 28 quitter
1240 1639 23 20 la
1276 1636 77 23 Corse
1360 1642 6 20 ;
1380 1641 32 16 on
1430 1635 37 21 les

991 1677 18 22 y
1017 1670 94 22 certifie
1120 1675 91 17 encore
1219 1674 65 23 pour
1291 1669 84 26 quatre
1384 1671 50 21 ans,
1443 1666 26 20 et

993 1701 49 23 l’on
1050 1701 83 28 ajoute
1151 1706 48 22 que
1210 1701 37 21 les
1257 1699 117 23 Rebelles
1391 1697 79 22 conti-

993 1735 79 19 nuent
1091 1732 32 22 de
1134 1731 116 23 recevoir
1270 1731 44 21 des
1331 1728 137 23 Munitions

993 1764 30 21 de
1034 1762 96 23 Guerre
1137 1762 25 22 &
1170 1762 33 22 de
1209 1761 153 22 l’Artillerie.
1373 1758 40 23 On
1421 1758 48 22 sait

993 1795 88 25 même,
1091 1792 14 23 à
1117 1799 32 16 ne
1156 1793 108 28 pouvoir
1272 1798 31 16 en
1315 1792 92 24 douter,
1421 1795 47 22 que

993 1826 53 21 leur
1055 1823 110 23 Général
1176 1824 69 22 Paoli
1253 1823 75 22 visite
1336 1823 36 21 les
1382 1826 87 17 ouvra-

993 1861 45 23 ges
1045 1855 62 28 qu’il
1123 1861 14 15 a
1146 1855 46 21 fait
1210 1854 85 22 élever
1312 1855 24 21 le
1346 1854 60 26 long
1426 1852 43 21 des

994 1886 76 22 Côtes
1078 1894 7 19 ;
1098 1885 62 29 qu’il
1170 1891 33 16 en
1214 1892 15 15 a
1240 1884 111 23 ordonné
1362 1884 30 22 de
1407 1888 61 17 nou-

993 1923 90 20 veaux,
1095 1916 24 22 &
1130 1916 59 28 qu’il
1201 1916 53 22 doit
1264 1915 62 23 faire
1337 1914 133 23 assembler

994 1948 168 22 incessament
1171 1948 71 21 toute
1257 1947 25 21 la
1291 1946 100 26 Nation,
1405 1950 65 23 pour

994 1978 89 29 qu’elle
1095 1984 27 16 se
1132 1977 104 29 prépare
1244 1976 14 23 à
1270 1979 23 20 la
1306 1977 101 22 Guerre.

1022 2010 70 21 Dans
1104 2015 41 16 ces
1157 2008 151 26 entrefaites,
1318 2008 83 21 Genes
1411 2006 59 23 trai-

994 2042 24 20 te
1026 2046 62 16 avec
1092 2041 23 21 la
1121 2040 101 26 France,
1229 2039 22 22 &
1262 2040 35 21 lui
1304 2039 57 21 cède
1366 2044 48 16 une
1421 2038 48 22 Isle

996 2071 33 22 où
1039 2072 24 21 la
1072 2071 110 22 division
1193 2070 76 29 règne
1281 2070 85 28 depuis
1377 2068 28 30 38
1416 2074 52 17 ans.

994 2101 155 28 N^étoit-Elle
1160 2107 45 22 pas
1213 2107 32 16 en
1254 2101 66 22 droit
1331 2100 54 22 d’en
1390 2100 79 27 dispo-

996 2139 41 16 ser
1044 2134 13 20 ?
1066 2132 46 22 Les
1123 2132 168 28 Thyrreniens
1303 2138 30 15 en
1343 2131 81 22 furent
1432 2131 37 21 les

996 2164 119 28 premiers
1123 2168 169 23 possesseurs;
1303 2163 36 21 les
1347 2161 123 29 Carthagi-

996 2196 53 21 nois
1067 2194 52 22 s’en
1131 2194 127 22 rendirent
1269 2194 97 21 maîtres
1378 2194 58 21 dans
1446 2194 24 20 la

996 2227 72 25 suite,
1086 2224 23 23 &
1119 2226 38 21 les
1168 2225 120 22 Romains
1301 2225 23 21 la
1341 2225 54 21 leur
1404 2225 67 21 enle-

997 2257 100 23 vèrent;
1112 2257 38 21 les
1158 2255 119 23 Sarrafms
1285 2255 52 22 s’en
1346 2254 65 23 étant
1421 2260 50 16 em-

996 2286 73 30 parés
1088 2287 24 21 la
1130 2288 159 26 saccagèrent
1297 2292 6 20 ;
1323 2286 23 21 <&
1360 2286 111 22 l’Amiral

998 2318 105 22 Adimur
1125 2318 38 21 les
1183 2323 31 16 en
1226 2319 74 26 ayant
1321 2316 105 26 chassés,
1447 2318 24 20 la

998 2349 92 23 soumit
1101 2347 15 22 à
1131 2349 25 20 la
1168 2347 168 29 République;
1355 2347 72 23 Voilà
1442 2353 29 17 ce

999 2385 47 23 que
1060 2378 126 23 l’histoire
1204 2384 63 17 nous
1286 2379 115 27 apprend.
1426 2378 45 22 Les

1000 2410 95 22 Génois
1109 2415 31 16 en
1153 2411 45 21 ont
1207 2410 112 28 toujours
1336 2409 37 22 été
1385 2410 86 27 depuis

999 2447 31 16 en
1040 2441 144 27 possession
1192 2446 7 20 ;
1208 2446 42 16 sur
1259 2441 58 27 quoi
1325 2440 87 22 fonder
1418 2439 55 23 l’in-

999 2471 158 29 dépendance
1169 2476 48 22 que
1226 2470 104 28 prétend
1337 2472 23 21 le
1366 2470 107 23 Général

999 2502 69 23 Paoli
1077 2502 13 22 ?
1102 2501 38 22 De
1149 2502 57 27 quel
1221 2502 64 21 droit
1292 2502 88 22 veut-il
1396 2501 77 22 afran-

1000 2534 54 22 chir
1064 2534 38 21 les
1114 2532 123 22 Habitans
1252 2533 34 21 du
1295 2533 61 28 joug
1363 2533 31 21 de
1405 2534 67 20 leurs

1000 2564 122 28 légitimes
1140 2563 110 27 Maîtres,
1272 2562 22 22 &
1315 2564 106 27 prend-il
1435 2564 38 21 les

1000 2596 91 21 Armes
1102 2596 87 20 contre
1201 2594 64 21 eux?
1275 2594 63 22 Mais
1347 2595 19 21 si
1378 2595 23 21 la
1417 2600 57 16 sou-

1000 2624 129 23 veraineté
1145 2625 44 21 des
1205 2624 96 22 Génois
1317 2624 63 22 n’est
1402 2626 72 26 point

1000 2655 67 23 assés
1076 2655 148 22 solidement
1233 2654 88 23 établie
1329 2656 72 27 parla
1409 2655 65 23 Con-

1001 2687 74 27 quête
1095 2686 31 21 de
1136 2686 56 21 leur
1205 2686 96 22 Amiral
1312 2686 42 27 qui
1371 2686 103 22 l’enleva

1002 2723 48 17 aux
1060 2716 133 26 Sarrasins,
1206 2716 76 28 qu’on
1291 2716 52 22 s’en
1351 2719 98 25 raporte
1460 2716 14 22 à

1002 2748 103 22 d’autres
1117 2747 152 26 Historiens,
1287 2748 70 21 selon
1367 2749 107 27 lesquels

1004 2778 77 28 Pépin
1092 2779 51 27 prit
1160 2780 62 20 cette
1232 2778 56 26 Isle,
1302 2779 115 27 conquise
1431 2784 44 16 en-

1003 2811 63 20 suite
1072 2815 45 22 par
1124 2809 37 21 les
1171 2807 95 23 Génois
1277 2809 71 28 après
1354 2810 70 21 avoir
1434 2809 41 22 dé-

1002 2841 45 21 fait
1059 2841 37 21 les
1108 2839 89 22 Pisans
1206 2840 41 27 qui
1260 2846 19 22 y
1289 2840 132 22 formoient
1431 2840 43 22 des

1002 2870 162 29 prétentions.
1186 2869 95 23 Ont-ils
1298 2870 67 22 cessé
1388 2871 87 27 depuis

1003 2902 55 22 d’en
1079 2902 52 21 être
1149 2900 111 26 Maîtres,
1282 2902 20 21 si
1315 2907 27 15 se
1361 2901 63 22 n’est
1442 2908 33 15 en

1004 2938 54 23 1730
1067 2932 12 21 ?
1088 2931 31 22 La
1128 2930 108 23 Révolté
1246 2934 61 24 peut
1314 2932 46 21 elle
1367 2932 108 22 infirmer

1003 2964 43 22 des
1066 2963 77 21 droits
1160 2962 83 26 acquis
1252 2968 45 21 par
1312 2963 23 20 la
1346 2967 65 23 voye
1430 2963 44 21 des

1002 2994 185 25 Armes,contre
1194 2993 106 26 lesquels
1307 2998 92 16 aucune
1406 2992 69 23 Puis-

1002 3030 74 17 sance
1087 3023 38 22 n’a
1133 3022 139 26 réclamé,&
1281 3029 30 16 en
1319 3023 156 22 donne-t’elle

1003 3062 33 15 un
1051 3054 14 22 à
1077 3054 44 22 des
1133 3053 117 22 Rebelles
1263 3056 84 19 contre
1358 3054 43 21 des
1419 3060 56 21 pos-

1003 3090 110 18 sesseurs
1129 3083 124 28 légitimes
1260 3084 14 21 ?
1289 3084 63 22 Rien
1361 3084 37 22 n’a
1410 3085 65 21 donc

1002 3123 34 22 pu
1044 3115 131 29 empecher
1180 3115 37 21 les
1228 3114 94 23 Génois
1329 3115 55 21 d’en
1393 3116 82 27 dispo-

1003 3154 40 16 ser
1049 3147 14 22 à
1071 3148 55 20 leur
1133 3144 112 23 volonté.

1031 3178 98 28 L’ayant
1137 3175 74 23 cédée
1222 3175 15 23 à
1243 3177 25 20 la
1277 3176 96 27 France,
1382 3177 37 21 les
1426 3177 49 21 Dé-

1003 3208 71 29 putés
1086 3208 33 21 du
1130 3205 75 23 Sénat
1223 3206 36 28 s’y
1267 3207 102 22 rendent
1377 3213 62 21 pour
1451 3209 24 21 la

1002 3240 116 21 remettre
1129 3243 32 15 au
1172 3236 110 28 Marquis
1287 3238 31 21 de
1330 3237 143 27 Chauvelin,

1003 3268 98 24 nommé
1109 3266 107 24 Général
1225 3268 44 21 des
1277 3268 123 22 nouvelles
1407 3271 68 19 trou-

1002 3306 44 23 pes
1060 3305 47 22 que
1122 3300 24 20 le
1158 3298 48 22 Roi
1220 3304 19 21 y
1252 3297 45 23 fait
1307 3304 85 22 passer
1401 3298 23 22 <&
1443 3299 32 21 de

1003 3332 73 21 celles
1084 3330 42 27 qui
1134 3328 37 29 s’y
1177 3329 145 21 trouvoient
1330 3334 48 16 aux
1383 3328 91 23 Ordres

1003 3363 32 21 du
1047 3361 88 21 Comte
1147 3360 31 20 de
1194 3358 156 22 Marboeuf.Si
1360 3359 37 21 les
1415 3359 60 23 Cor-

1002 3398 40 16 ses
1064 3390 142 28 paroissent
1230 3390 94 26 surpris
1346 3388 129 28 d’aprende

1002 3428 44 23 par
1064 3423 24 20 la
1108 3420 80 22 Lettre
1211 3420 127 21 circulaire
1357 3420 30 21 de
1404 3420 70 22 Paoli

1003 3452 59 25 qu’il
1073 3452 103 21 doivent
1190 3455 85 22 passer
1290 3455 58 17 sous
1356 3451 24 21 la
1395 3450 80 21 domi-

1002 3484 86 21 nation
1097 3482 43 21 des
1149 3480 127 28 François,
1286 3481 31 21 ils
1323 3481 25 21 le
1356 3482 55 20 sont
1416 3483 59 25 peut

1002 3516 52 20 être
1072 3517 91 17 encore
1179 3512 56 26 plus
1249 3511 44 20 des
1311 3512 84 21 ordres
1415 3511 59 27 qu’il

1003 3545 82 21 donne
1101 3542 14 21 à
1125 3544 57 20 tous
1202 3542 37 20 les
1249 3540 119 24 Habitans
1389 3541 85 27 depuis

1001 3575 63 27 l’âge
1075 3574 31 21 de
1119 3577 81 23 15.ans
1206 3570 96 28 jusqu’à
1314 3570 35 27 60,
1361 3573 31 21 de
1402 3577 72 22 pren-

1002 3606 43 21 dre
1055 3605 37 21 les
1103 3604 99 24 Armes,
1214 3601 24 22 &
1248 3602 32 21 de
1287 3607 28 15 se
1320 3603 66 21 tenir
1391 3602 56 28 près
1459 3601 14 22 à

1002 3634 115 23 défendre
1123 3633 55 21 leur
1184 3631 97 23 liberté.
1290 3631 64 22 Mais
1364 3632 14 22 à
1390 3638 26 16 ce
1421 3634 53 19 mot

1001 3668 54 20 tout
1061 3665 35 22 lui
1109 3663 67 22 obéit
1182 3670 7 19 ;
1202 3668 28 16 ce
1241 3662 131 27 phantome
1381 3663 91 27 frappe,

1001 3697 23 21 &
1032 3695 95 23 bientôt
1140 3693 95 22 animés
1243 3699 44 21 par
1297 3693 54 21 leur
1359 3692 113 26 Général,

1488 439 36 21 les
1542 438 90 22 Corses
1647 440 122 25 prennent
1778 439 31 21 -la
1822 437 138 23 résolution

1489 469 31 20 de
1531 475 86 15 verser
1622 468 97 28 jusqu’à
1730 469 23 20 la
1762 468 114 22 dernière
1886 470 74 26 goûte

1490 499 31 21 de
1533 500 54 20 leur
1602 504 61 22 sang
1670 506 6 13 :
1689 498 44 22 Tel
1747 501 38 19 est
1796 499 31 20 du
1839 499 79 21 moins
1937 500 24 20 le

1489 530 102 20 résultat
1601 529 31 21 de
1648 529 162 21 l’Assemblée
1827 535 47 21 que
1892 529 69 22 Paoli

1490 559 44 21 fait
1543 560 66 20 tenir
1617 559 15 21 à
1644 559 83 22 Corte.
1738 559 65 22 Mais
1812 560 18 21 il
1840 562 39 20 est
1893 560 69 21 bien-

1490 589 37 21 tôt
1544 590 115 26 question
1668 588 141 23 d’exécuter
1819 592 64 19 cette
1897 589 67 22 réso-

1490 620 80 21 lution
1577 626 6 19 ;
1596 626 34 14 un
1640 619 80 27 Corps
1730 621 29 20 de
1771 619 115 22 Rebelles
1894 621 70 20 vient

1491 655 27 16 se
1531 652 85 25 poster
1634 655 58 16 sous
1707 649 97 23 Furiani
1820 656 31 15 en
1859 650 54 22 face
1932 650 31 21 de

1491 681 23 20 la
1527 680 83 22 Bastia
1621 686 64 21 pour
1694 686 18 23 y
1723 681 118 22 observer
1850 682 37 20 les
1895 686 70 17 mou-

1491 716 102 15 vemens
1610 711 43 21 des
1665 710 123 29 François,
1808 711 23 22 &
1847 712 19 21 il
1874 712 34 21 lui
1927 713 37 20 est

1491 740 111 22 ordonné
1610 741 31 21 de
1652 742 36 20 les
1696 743 113 25 attaquer
1816 741 49 22 s’ils
1871 744 94 20 sortent

1492 771 29 21 de
1532 772 65 21 leurs
1610 771 96 28 Lignes.
1718 771 33 22 Le
1760 772 66 22 bruit
1836 779 27 15 se
1874 772 91 28 répand

1491 801 96 22 bientôt
1598 807 48 21 que
1657 802 36 21 les
1702 801 122 23 hostilités
1833 805 57 20 sont
1900 809 66 16 com-

1491 831 121 27 mencées;
1626 831 61 23 c’est
1697 837 56 17 sans
1764 832 151 23 fondement.
1919 833 47 22 Ce-

1491 862 109 27 pendant
1607 863 37 20 les
1659 862 115 27 Drapeax
1783 863 112 29 François
1909 865 57 20 sont

1492 891 99 23 arborés
1596 898 43 16 sur
1644 893 36 21 les
1687 894 125 21 murailles
1819 894 31 21 de
1856 894 22 21 la
1885 894 81 21 Bastia

1488 923 26 21 ■&
1530 928 33 16 on
1573 922 89 22 chante
1673 923 24 21 le
1715 922 32 22 Te
1757 923 83 22 Deum
1852 930 30 15 au
1900 925 67 21 bruit

1493 954 30 21 de
1531 953 155 21 l’Artillerie.
1697 953 73 22 Deux
1779 954 132 23 Bataillons
1916 955 50 22 for-

1492 985 69 20 ment
1568 984 23 20 la
1605 983 124 22 Garnison
1739 984 31 22 de
1782 987 62 19 cette
1856 985 80 27 Place,
1944 985 22 22 <&

1492 1020 31 15 on
1537 1020 18 22 y
1563 1020 31 15 en
1611 1014 86 22 attend
1705 1014 65 22 deux
1780 1018 81 19 autres
1872 1022 61 15 avec
1943 1017 23 20 la

1494 1044 91 28 Légion
1603 1044 103 29 Royale.
1724 1044 44 23 Six
1784 1048 62 20 vont
1862 1052 105 22 occuper

1492 1075 109 27 Ajaccio,
1612 1076 67 21 deux
1688 1075 173 24 San-Fiorenzo
1871 1077 23 22 &
1902 1078 65 21 deux

1493 1108 82 19 autres
1585 1108 44 20 ont
1640 1112 89 16 encore
1741 1107 81 22 Ordre
1834 1108 30 21 de
1874 1114 26 15 se
1911 1114 56 16 ren-

1493 1136 43 22 dre
1545 1142 62 15 avec
1614 1137 25 21 la
1649 1136 91 28 Légion
1748 1137 32 21 de
1791 1137 104 22 Soubise
1907 1139 59 21 dans

1494 1168 63 20 cette
1568 1167 113 21 derniere
1692 1166 75 23 Ville.

1521 1197 68 22 Paoli
1607 1197 70 22 avisé
1697 1198 30 21 de
1750 1204 41 16 ces
1807 1199 159 28 dispositions

1493 1227 104 22 cherche
1608 1228 31 21 de
1651 1230 88 20 mettre
1750 1228 14 22 à
1772 1229 70 22 l’abri
1853 1230 114 22 d’insulte

1492 1259 24 20 le
1525 1258 132 28 voisinage
1669 1258 30 22 de
1711 1264 40 16 ces
1769 1259 92 27 Places,
1874 1260 23 22 &
1913 1266 54 16 sur-

1492 1290 55 20 tout
1557 1288 31 21 de
1600 1289 100 21 couvrir
1709 1289 67 22 l’Isle
1784 1289 86 29 Rouge
1876 1290 23 22 &
1905 1291 61 21 celle

1493 1318 30 21 de
1535 1318 104 27 Capraia
1650 1318 58 28 qu’il
1715 1321 48 20 sait
1774 1321 88 21 devoir
1868 1322 100 21 revenir

1494 1354 50 16 aux
1554 1347 96 23 Génois
1662 1355 44 21 par
1713 1350 54 22 leur
1775 1350 82 22 Traité
1869 1357 61 16 avec
1943 1352 23 21 la

1494 1378 99 27 France,
1606 1379 23 21 &
1641 1379 60 27 qu’il
1711 1386 14 15 a
1737 1386 32 15 eu
1780 1382 55 20 soin
1847 1382 30 21 de
1892 1387 76 22 pour-

1495 1410 56 21 voir
1561 1410 30 21 de
1603 1412 55 20 tout
1665 1416 28 16 ce
1704 1412 41 26 qui
1758 1414 59 24 peut
1827 1413 141 22 contribuer

1494 1439 14 22 à
1518 1446 48 15 une
1574 1441 91 27 longue
1674 1440 24 22 &
1704 1442 145 27 rigoureuse
1857 1443 109 23 défense.

1494 1470 96 28 Malgré
1610 1477 41 16 ces
1667 1472 161 27 dispositions
1846 1474 23 22 la
1886 1475 82 22 bonne

1494 1501 135 22 Harmonie
1641 1503 107 21 subsiste
1757 1510 91 16 encore
1857 1507 68 20 entre
1931 1506 36 21 les

1495 1531 113 29 François
1615 1533 23 21 <&
1649 1534 43 25 lui,
1699 1534 30 22 ils
1738 1537 62 20 vont
1811 1536 79 22 même
1898 1536 69 22 cher-

1494 1563 58 21 cher
1571 1563 31 21 de
1614 1563 62 22 l’eau
1688 1565 60 21 dans
1760 1572 46 16 son
1819 1566 85 29 Camp.
1918 1567 49 23 Elle

1494 1599 68 16 cesse
1575 1594 67 22 enfin
1655 1597 63 20 cette
1726 1596 81 22 bonne
1824 1597 142 27 Harmonie,

1493 1625 36 21 les
1538 1624 117 30 François
1663 1626 99 28 campés
1771 1628 88 27 auprès
1871 1629 30 21 de
1909 1629 59 22 San-

1494 1655 116 22 Fiorenzo
1622 1657 101 22 veulent
1734 1663 107 23 occuper
1847 1665 49 16 une
1906 1660 62 28 peti-

1493 1688 25 20 te
1528 1686 97 23 Colline
1634 1687 58 23 d’où
1699 1689 24 21 la
1731 1688 72 23 Place
1814 1691 47 21 tire
1874 1696 26 16 sa
1910 1697 58 22 pro-

1494 1717 82 23 vision
1596 1718 71 22 d’eau
1675 1725 6 19 ;
1701 1720 30 21 ils
1750 1726 19 23 y
1782 1720 55 23 font
1857 1722 112 23 marcher

1494 1755 33 15 un
1541 1748 226 29 Détachement,les
1779 1751 90 23 Corses
1881 1753 37 29 s’y
1925 1759 43 23 op-

1494 1782 89 25 posent
1593 1779 23 23 &
1627 1786 33 17 on
1672 1787 30 17 en
1710 1782 72 22 vient
1790 1789 48 17 aux
1849 1784 88 22 mains.
1947 1784 21 23 Il

1493 1817 18 23 y
1521 1817 14 15 a
1545 1812 142 22 lendemain
1707 1820 48 16 une
1767 1817 67 20 autre
1852 1816 82 22 action
1954 1816 14 22 à

1495 1841 90 23 Strette
1592 1849 6 20 ;
1620 1844 62 22 mais
1699 1845 94 29 malgré
1812 1852 27 16 ce
1862 1853 47 22 que
1931 1849 36 21 les

1496 1873 91 23 Corses
1597 1874 55 23 font
1663 1876 102 28 publier,
1778 1878 139 29 l’avantage
1931 1881 37 20 est

1495 1904 33 22 du
1538 1904 54 23 côté
1612 1906 31 22 de
1656 1906 115 30 François
1779 1916 7 19 ;
1799 1909 18 22 il
1827 1909 56 23 l’est
1898 1911 70 21 telle-

1494 1937 150 28 ment,qu’ils
1656 1944 26 16 se
1690 1940 105 22 rendent
1806 1942 96 22 ensuite
1909 1942 59 22 maî-

1495 1969 50 20 tres
1553 1968 73 22 d’une
1636 1970 118 22 tranchée
1765 1971 62 23 dont
1839 1973 36 22 les
1884 1972 85 23 défen-

1495 2004 68 16 seurs
1575 2002 57 20 sont
1642 2002 57 20 tous
1709 2001 85 28 passés
1806 2009 28 16 au
1852 2004 26 22 fil
1886 2004 30 22 de
1926 2004 43 22 l’é-

1495 2028 54 28 pée,
1565 2029 23 23 &
1599 2031 60 27 qu’il
1672 2032 147 29 s’emparent
1832 2041 89 17 encore
1937 2037 31 21 de

1496 2060 162 30 Patrimonio,
1678 2063 97 30 Village
1792 2065 13 22 à
1817 2066 59 22 trois
1890 2067 78 22 lieues

1496 2091 31 22 de
1535 2091 186 26 San-Fiorenzo.

1523 2125 34 23 Ils
1575 2131 117 23 poussent
1702 2130 52 22 leur
1765 2131 100 27 pointe;
1879 2132 18 22 il
1915 2132 53 22 faut

1496 2161 105 24 occuper
1618 2160 24 20 le
1663 2159 55 23 Païs
1738 2161 31 22 de
1788 2161 96 24 Furiani
1900 2163 23 22 &
1944 2164 23 21 la

1496 2187 101 23 hauteur
1603 2190 30 21 de
1643 2190 151 25 Montebello
1803 2200 6 19 ;
1819 2199 33 16 on
1859 2200 31 16 en
1898 2194 70 22 vient

1496 2217 14 23 à
1521 2225 48 16 une
1588 2223 116 21 nouvelle
1715 2224 92 27 action,
1819 2224 23 22 &
1861 2225 108 29 Barbag-

1496 2250 43 28 gio
1553 2253 38 20 est
1609 2254 109 27 emporté
1730 2255 94 28 malgré
1840 2257 24 21 la
1882 2257 86 28 vigou-

1497 2286 70 17 reuse
1587 2282 100 24 défense
1704 2286 43 21 des
1759 2285 97 29 Corses,
1877 2287 60 22 Faut
1949 2288 20 22 il

1497 2313 95 22 ensuite
1603 2314 94 30 diriger
1703 2317 37 21 les
1752 2317 143 28 opérations
1908 2319 60 22 dans

1497 2343 22 21 la
1532 2343 123 25 Province
1674 2347 31 21 de
1718 2347 167 29 Capo-Corse,
1904 2356 31 15 eu
1945 2349 23 23 é-

1497 2375 60 27 gard
1567 2374 15 22 à
1592 2376 54 22 leur
1655 2378 61 25 petit
1724 2379 103 23 nombre
1839 2383 84 20 contre
1931 2387 37 16 ce-

1497 2405 35 21 lui
1551 2405 42 23 des
1606 2406 114 24 Ennemis
1732 2415 47 22 que
1798 2412 23 20 le
1841 2411 129 28 désespoir

1498 2436 89 27 anime,
1612 2438 21 21 si
1645 2439 37 21 les
1701 2439 117 30 François
1836 2448 19 22 y
1867 2443 103 26 perdent

1499 2467 32 21 du
1550 2468 100 26 monde,
1668 2470 24 21 la
1703 2473 70 25 perte
1784 2474 37 20 est
1832 2472 139 23 infiniment

1499 2498 54 26 plus
1562 2500 171 23 considérable
1742 2503 33 21 du
1787 2502 55 23 côté
1854 2504 43 22 des
1909 2503 62 23 Cor-

1499 2534 40 16 ses
1555 2535 47 21 que
1617 2530 34 22 du
1663 2532 60 22 leur.
1738 2532 67 23 C’est
1820 2535 88 21 envain
1924 2541 46 22 que

1500 2564 40 16 ces
1551 2559 114 25 Rebelles
1677 2562 146 28 prétendent
1833 2565 139 23 s’attribuer

1499 2589 143 30 l’avantage,
1655 2592 23 22 &
1690 2599 46 22 que
1746 2595 38 21 les
1794 2596 119 26 partisans
1921 2597 51 27 qu’¬

1501 2620 30 22 ils
1543 2624 44 19 ont
1602 2622 60 22 hors
1673 2624 30 21 de
1713 2626 56 21 leur
1784 2625 48 23 Isle
1847 2626 125 24 l’exaltent

1500 2651 21 22 &
1537 2652 23 21 le
1571 2654 150 27 grossissent
1731 2655 15 23 à
1756 2662 34 16 un
1803 2657 71 27 point
1890 2657 82 23 révol-

1500 2684 65 20 tant:
1583 2684 168 24 Abandonner
1766 2688 24 20 le
1801 2688 92 22 terrein
1909 2688 63 23 n’est

1500 2718 43 22 pas
1559 2719 32 16 un
1604 2714 72 29 signe
1688 2717 29 21 de
1732 2718 23 20 la
1770 2718 113 22 victoire.
1902 2719 70 22 Ceux

1501 2744 41 27 qui
1554 2747 42 19 ont
1609 2745 91 29 échapé
1711 2747 60 23 dans
1781 2751 62 19 cette
1860 2750 112 22 dernière

1501 2774 80 22 action
1604 2781 27 17 se
1650 2776 124 29 réfugient
1795 2779 15 22 à
1827 2779 83 23 Nonza
1919 2787 6 20 ;
1947 2782 24 21 le

1502 2804 87 24 Comte
1598 2807 31 20 de
1645 2807 125 24 Marbceuf
1778 2809 13 23 à
1801 2811 24 20 la
1842 2810 86 23 faveur
1942 2812 30 22 de

1501 2836 22 21 la
1534 2837 55 21 nuit
1598 2838 99 22 marche
1714 2838 13 23 à
1736 2846 50 16 eux
1800 2846 42 16 sur
1860 2842 63 22 trois
1934 2848 37 16 co-

1501 2867 96 26 lonnes,
1607 2867 67 23 force
1682 2870 23 21 le
1717 2870 75 22 Poste
1804 2871 168 28 d’Olmetta,la

1501 2896 132 24 résistance
1645 2899 43 29 n’y
1696 2903 50 19 sert
1759 2901 31 21 de
1798 2902 63 26 rien,
1874 2908 32 17 on
1922 2903 51 23 s’en

1501 2934 106 22 empare.
1622 2929 126 24 L’Ennemi
1754 2933 130 26 poursuivi
1893 2940 80 22 gagne

1501 2958 43 22 des
1551 2959 111 24 Rochers
1671 2962 119 27 escarpés,
1798 2964 18 21 il
1823 2964 36 22 les
1868 2965 63 22 croit
1939 2972 33 15 un

1501 2990 107 22 obstacle
1621 2993 98 26 capable
1731 2993 117 23 d’arrêter
1858 2996 37 21 les
1902 2995 71 22 Fran-

1501 3020 59 28 çois,
1573 3022 61 22 mais
1645 3023 54 22 leur
1706 3025 86 21 valeur
1800 3030 30 16 en
1838 3026 133 28 triomphe,

1501 3051 18 21 ü
1530 3054 38 19 est
1579 3052 85 22 chassé
1675 3054 30 21 de
1717 3057 65 19 cette
1790 3056 98 22 retraite
1896 3056 23 22 &
1926 3056 47 22 for-

1501 3081 27 22 cé
1536 3082 180 24 d’abandonner
1726 3085 83 23 Nonza
1820 3092 60 16 avec
1896 3087 78 27 préci-

1501 3112 113 27 pitation.

1522 3142 32 22 La
1561 3143 60 23 fuite
1628 3145 34 21 lui
1669 3148 38 20 est
1714 3152 89 16 encore
1812 3148 118 26 inutile,le
1937 3149 34 21 M.

1501 3174 30 21 de
1540 3173 124 24 Marbceuf
1667 3178 88 20 trouve
1764 3183 90 22 moyen
1860 3178 114 23 d’arrêter

1500 3205 36 21 les
1547 3204 98 29 fuyards
1652 3212 7 20 ;
1671 3212 30 16 en
1712 3208 58 20 vain
1785 3209 142 21 veulenti-ls
1937 3208 37 23 ré-

1501 3235 79 26 sister,
1592 3237 31 21 ils
1634 3239 59 19 sont
1700 3237 96 28 obligés
1806 3239 29 21 de
1848 3244 26 16 se
1885 3240 88 21 rendre

1501 3267 151 26 prisonniers
1671 3273 61 16 avec
1750 3270 79 20 trente
1850 3270 30 20 de
1906 3270 67 21 leurs

1502 3296 75 22 Chefs
1585 3304 6 19 ;
1604 3297 19 21 il
1630 3299 38 19 est
1675 3298 53 21 vrai
1738 3298 59 27 qu’il
1805 3305 30 15 en
1845 3300 71 21 coûte
1925 3306 49 16 aux

1501 3326 122 29 François,
1644 3328 61 21 mais
1723 3334 47 21 que
1780 3330 54 20 leur
1850 3332 70 24 perte
1937 3333 37 18 est

1501 3363 49 21 peu
1559 3358 31 20 de
1601 3357 75 21 chose
1685 3358 6 20 !
1704 3357 33 22 Ils
1748 3359 25 20 la
1784 3361 123 25 comptent
1925 3361 48 21 mê-

1501 3393 39 16 me
1550 3393 64 21 pour
1623 3388 64 25 rien,
1704 3388 32 21 ils
1748 3394 27 16 se
1787 3391 57 19 sont
1857 3389 117 28 procurés

1500 3424 48 16 une
1564 3418 64 22 libre
1648 3420 207 21 communication
1866 3422 70 20 entre
1949 3422 24 20 la

1501 3450 79 21 Bastia
1588 3449 23 22 &
1622 3449 188 23 San-Fiorenzo.
1822 3451 51 21 Dès
1879 3452 50 21 lors
1937 3452 36 21 les

1501 3480 189 22 Escarmouches
1701 3483 58 19 sont
1767 3481 161 27 journalières
1936 3488 6 19 ;
1951 3482 24 21 &

1499 3511 23 20 la
1544 3510 102 27 parfaite
1665 3512 177 21 connoissance
1858 3513 34 20 du
1910 3512 63 28 Pays

1500 3543 37 19 est
1547 3546 34 16 un
1587 3541 78 27 grand
1674 3543 119 26 avantage
1801 3547 63 21 pour
1869 3543 37 20 les
1914 3541 60 22 Cor-

1500 3577 39 16 ses
1548 3578 6 19 ;
1572 3572 62 21 mais
1646 3572 36 21 les
1694 3573 158 21 ambuscades
1863 3572 33 21 où
1903 3572 33 21 ils
1946 3578 28 16 se

1499 3602 112 21 tiennent
1627 3607 32 15 ne
1669 3602 54 21 leur
1734 3604 57 20 sont
1803 3608 43 21 pas
1861 3602 112 27 toujours

1500 3632 20 21 si
1532 3632 138 21 favorables
1682 3631 59 28 qu’il
1751 3632 141 28 l’espèrent.

1527 3661 69 22 Dans
1627 3668 41 15 ces
1695 3663 178 21 circonstances
1904 3661 69 22 Paoli

1501 3692 61 21 croit
1572 3697 48 22 que
1627 3693 37 20 les
1675 3692 116 28 François
1798 3692 69 22 n’ont
1875 3692 98 22 dessein

1986 171 24 22 le
2018 169 105 29 prendre
2135 167 218 31 Capo-Corse,que
2364 179 61 21 pour
2432 180 26 16 se

1986 203 75 28 'rayer
2066 207 47 16 une
2120 201 69 21 route
2195 199 55 27 plus
2258 199 67 23 aisée
2333 204 126 22 versl’Isle

1986 233 26 22 le
2028 231 104 29 Capraia
2140 237 6 20 ;
2168 231 18 21 il
2197 230 45 21 fait
2252 232 113 23 marcher
2379 237 79 20 toutes

1986 271 35 15 ses
2032 263 110 27 Troupes
2150 261 143 22 Nationales
2302 261 23 22 &
2333 262 128 25 Volontai-

1986 301 44 19 res,
2044 294 22 21 &
2078 300 26 15 se
2115 294 51 21 met
2174 292 127 22 lui-même
2313 291 14 23 à
2336 294 23 21 la
2370 296 50 21 tête
2429 296 31 21 de

1986 332 61 22 5000.
2060 325 121 22 hommes.
2209 322 45 21 Les
2266 322 107 29 Barques
2391 325 22 22 &
2423 327 36 20 les

1986 356 124 22 Gondoles
2119 356 57 20 sont
2181 352 123 23 amarrées
2310 360 62 21 pour
2379 355 82 23 défen-

1986 388 41 21 dre
2041 388 37 20 les
2088 384 147 30 approchers
2248 384 31 21 de
2290 384 100 27 l’Isle,&
2398 387 19 21 il
2430 394 31 15 ne

1986 420 59 20 veut
2055 423 43 22 pas
2107 416 73 28 qu’on
2193 421 30 16 en
2235 414 76 22 laisse
2327 418 136 26 approcher

1986 455 32 15 un
2029 450 54 19 seul
2090 447 125 22 Marinier.
2226 445 111 23 Pendant
2346 453 40 16 ces
2395 454 67 16 mou-

1986 480 113 20 vements
2107 478 78 27 partie
2194 477 30 20 de
2231 482 40 15 ses
2277 475 112 30 Troupes
2395 480 68 20 tente

1987 510 30 22 de
2028 509 84 22 ravoir
2122 506 138 29 Barbaggio
2276 506 23 22 &
2311 507 152 24 Patrimonio

1987 546 48 22 que
2047 540 36 21 les
2103 538 114 28 François
2228 536 35 22 lui
2277 539 44 20 ont
2332 539 95 26 enlevé,
2444 540 19 22 il

1987 572 56 20 sent
2054 569 112 22 combien
2175 569 19 21 il
2203 568 37 22 lui
2252 567 212 28 importe-d’avoir

1988 607 44 22 par
2049 601 30 21 le'
2092 604 89 23 moyen
2201 599 31 20 de
2251 604 42 15 ces
2312 601 95 25 postes,
2414 607 49 15 une

1988 630 205 23 communication
2205 628 99 22 assurée
2313 635 60 16 avec
2379 632 36 20 les
2422 638 43 15 au-

1988 666 49 18 tres
2046 661 136 22 Provinces
2194 659 110 26 del’Isle,
2314 661 62 21 mais
2383 662 81 22 tandis

1989 692 59 28 qu’il
2056 691 103 23 cherche
2168 690 55 22 d’en
2235 689 103 28 déloger
2344 692 37 21 les
2393 692 71 22 Fran-

1990 723 61 28 çois,
2062 722 19 21 il
2088 728 27 16 se
2123 722 56 21 voit
2189 721 102 22 enlever
2299 720 163 31 Erba-Longa.

2017 753 58 22 Dun
2093 754 68 20 autre
2173 751 62 26 côté,
2248 752 37 21 les
2303 751 99 30 Fraçois
2419 754 46 21 s’a-

1989 785 108 20 vancent
2115 788 42 16 sur
2172 783 24 21 le
2217 785 109 19 couvent
2348 783 114 28 d’Oletta,

1990 815 147 26 s’emparent
2146 813 73 22 d’une
2229 813 106 23 hauteur
2345 814 23 22 &
2380 815 36 29 s’y
2427 822 37 15 re-

1989 844 130 23 tranchent
2126 851 5 18 ;
2159 844 62 22 mais
2244 844 81 22 moins
2353 845 112 23 heureux

1991 875 138 28 qu’ailleurs
2140 875 31 21 ils
2181 881 31 15 en
2223 876 60 20 sont
2294 874 139 29 débusqués
2440 877 24 21 &

1989 912 19 22 y
2028 906 104 27 perdent
2150 905 32 22 du
2193 905 100 22 monde.
2306 905 83 26 Qu’on
2408 907 57 22 n’en

1991 937 51 21 soit
2060 942 44 22 pas
2122 936 102 28 surpris,
2248 937 38 20 les
2306 937 90 22 Armes
2411 941 54 19 sont

1989 967 161 28 journalières
2160 973 6 19 ;
2179 967 31 21 ils
2219 966 158 29 l’éprouvent
2385 970 80 21 même

1992 1003 89 16 encore
2093 998 59 21 dans
2170 1004 48 15 une
2226 999 78 21 sortie
2323 998 73 28 qu’ils
2411 999 55 23 font

1993 1029 30 20 de
2034 1029 24 20 la
2064 1028 88 26 Bastia;
2162 1028 62 22 mais
2231 1029 60 21 bien
2298 1028 87 24 faibles
2394 1036 72 16 avan-

1991 1060 69 27 tages
2069 1064 63 22 pour
2142 1059 37 21 les
2191 1060 115 21 ennemis
2316 1060 6 21 !
2333 1059 63 23 Leur
2410 1067 56 22 per-

1991 1091 25 19 te
2030 1092 38 18 est
2079 1094 62 23 pour
2152 1090 23 21 le
2195 1090 82 22 moins
2288 1089 69 30 égale
2374 1091 14 22 à
2403 1093 61 20 celle

1993 1120 43 21 des
2054 1119 113 29 François
2178 1120 24 22 &
2218 1121 36 21 les
2266 1120 92 23 Corses
2374 1123 24 21 la
2412 1122 54 24 font

1991 1151 59 21 telle
2061 1150 53 27 qu’à
2126 1151 37 21 les
2175 1152 118 21 entendre
2303 1153 37 21 les
2352 1151 115 30 François

1992 1186 30 15 ne
2040 1185 58 17 sont
2113 1182 56 26 plus
2189 1182 167 22 redoutables.
2375 1183 33 22 Ils
2423 1187 45 19 ont

1992 1210 276 24 néanmoinsvivement
2275 1214 64 21 senti
2346 1214 59 22 dans
2413 1217 55 19 tou-

1991 1244 25 19 te
2027 1242 114 22 occasion
2147 1243 24 21 le
2179 1243 71 27 poids
2258 1244 32 21 de
2300 1244 66 22 leurs
2377 1251 88 19 armes;

1992 1271 23 22 &
2025 1272 32 22 ils
2072 1272 98 23 n’osent
2177 1279 94 17 avouer
2284 1274 97 23 d’avoir
2389 1277 77 26 perdu

1992 1308 61 16 avec
2062 1302 84 23 Nonza
2152 1303 23 22 &
2185 1303 93 28 Oletta,
2288 1304 98 28 Canari,
2394 1306 74 22 Bare-

1991 1333 53 26 tali,
2057 1333 63 27 Luri,
2134 1334 83 27 Moxa,
2227 1335 72 27 Pino,
2307 1335 78 27 Sisco,
2395 1337 72 28 Bigu-

1992 1364 51 27 glia
2054 1364 23 21 &
2088 1365 100 22 nombre
2200 1365 106 23 d’autres
2317 1369 93 25 postes.

2020 1394 81 26 Qu’ils
2112 1402 32 15 ne
2155 1402 28 16 se
2193 1399 104 20 vantent
2309 1399 64 21 donc
2387 1399 79 27 point,

1993 1425 32 22 où
2036 1426 80 26 plutôt
2127 1432 47 22 que
2185 1428 55 22 leur
2251 1427 102 23 Hérault
2363 1435 33 16 ne
2406 1431 61 21 rele-

1993 1462 31 15 ve
2035 1462 44 21 pas
2094 1458 36 21 les
2142 1461 133 25 avantages
2291 1460 61 27 qu’il
2370 1460 99 28 préten-

1993 1487 59 22 dent
2063 1488 71 22 avoir
2144 1489 126 28 remporté
2282 1491 60 22 dans
2363 1492 104 22 d’autres

1992 1518 95 23 actions
2106 1520 171 28 importantes.
2300 1522 41 22 On
2353 1523 83 29 voyait
2454 1523 15 22 à

1992 1549 24 21 la
2025 1548 81 24 vérité
2115 1550 57 22 d’un
2181 1551 55 23 côté
2251 1554 24 20 la
2283 1554 87 21 valeur
2379 1555 23 20 la
2413 1555 55 27 plus

1993 1579 132 29 intrépide,
2137 1581 22 22 &
2171 1583 30 20 de
2214 1583 87 22 l’autre
2312 1586 56 20 tout
2384 1590 27 16 ce
2420 1590 48 22 que

1991 1611 24 22 la
2026 1610 141 24 révolution
2178 1614 23 21 la
2209 1614 55 27 plus
2276 1614 146 29 désespérée
2431 1618 39 19 est

1993 1642 100 27 capable
2103 1643 201 29 d’entreprendre
2312 1652 6 19 ;
2327 1647 63 21 mais
2398 1646 71 27 qu’ils

1993 1678 31 16 ne
2044 1679 26 16 se
2090 1676 102 20 ventent
2213 1681 43 22 pas
2274 1676 73 28 dis-je
2374 1677 96 22 d’avoir

1993 1703 84 22 chassé
2085 1704 36 22 les
2132 1704 122 30 François,
2264 1706 24 22 &
2296 1706 71 28 qu’ils
2374 1708 95 22 n’attri-

1992 1734 76 23 buent
2078 1736 54 27 plus
2148 1736 38 22 les
2197 1739 134 27 avantages
2343 1738 72 27 qu’ils
2427 1741 43 19 ont

1993 1765 66 22 enfin
2070 1765 80 24 avoué
2163 1768 70 21 avoir
2241 1767 40 22 été
2292 1769 123 28 remporté
2427 1776 43 15 sur

1993 1802 49 16 eux
2048 1796 14 22 à
2069 1797 175 29 l’intelligence
2253 1799 32 22 du
2296 1799 107 23 Colonel
2413 1800 57 22 But-

1992 1828 98 23 tafuoco
2101 1829 60 22 dans
2173 1830 22 21 la
2208 1829 123 24 Province
2343 1832 31 21 de
2384 1831 85 22 Casin-

1993 1865 28 16 ca
2029 1865 7 20 ;
2051 1860 23 21 la
2082 1860 117 22 situation
2210 1861 58 22 d’un
2288 1862 63 29 Pays
2360 1863 110 28 imprati-

1993 1891 76 27 cable,
2078 1891 23 22 &
2108 1892 36 21 les
2155 1898 104 23 ravages
2271 1893 144 28 qu’avoient
2425 1894 46 21 fait

1994 1922 60 22 dans
2068 1922 55 22 leur
2134 1923 77 28 Camp
2228 1924 44 22 des
2284 1925 86 28 pluyes
2389 1925 80 22 conti-

1992 1953 95 22 nuelles
2094 1956 43 20 ont
2145 1953 38 23 été
2192 1955 23 21 la
2223 1956 70 21 seule
2299 1961 73 16 cause
2379 1956 30 21 de
2414 1956 56 22 leur

1993 1985 107 21 retraite.

2022 2014 65 23 Mais
2098 2016 41 28 qui
2154 2022 33 16 ne
2199 2022 26 16 se
2242 2018 125 21 révoltera
2382 2023 44 22 pas
2437 2018 31 21 de

1994 2046 55 22 voir
2058 2047 25 21 le
2095 2046 74 23 détail
2180 2047 71 28 qu’ils
2263 2050 45 20 ont
2318 2048 46 22 fait
2373 2049 98 27 publier

1993 2078 29 21 de
2030 2077 114 28 l’attaque
2152 2079 31 21 de
2195 2078 67 23 liste
2275 2079 97 29 Rouge,
2384 2086 29 16 en
2426 2087 44 21 ap-

1992 2111 106 25 prenant
2115 2114 48 23 que
2180 2111 65 21 cette
2261 2109 149 28 Expédition
2431 2111 41 21 n’à

1990 2140 88 27 jamais
2084 2146 30 16 eu
2128 2141 51 21 lieu
2188 2140 70 28 qu’en
2272 2140 56 22 idée
2335 2147 6 19 ;
2356 2147 32 16 on
2401 2142 70 22 avoit

1993 2172 18 21 il
2021 2173 40 19 est
2070 2171 63 26 vrai,
2142 2171 106 28 projetté
2257 2172 31 22 de
2294 2172 136 27 l’attaquer,
2438 2178 34 17 on

1992 2203 68 21 avoit
2076 2203 79 21 même
2174 2203 44 22 fait
2238 2204 104 27 quelque
2363 2204 107 27 disposi-

1991 2234 54 21 tion
2053 2239 6 20 ;
2071 2234 63 21 mais
2142 2239 33 16 on
2184 2239 32 16 en
2227 2236 38 20 est
2272 2234 64 22 resté
2344 2235 33 21 la.
2389 2234 81 22 Néan-

1991 2265 82 22 moins
2081 2270 30 16 au
2122 2264 54 22 dire
2187 2265 30 21 de
2228 2265 55 21 leur
2297 2264 171 30 Panégyriste,

1992 2297 24 21 la
2033 2298 70 25 perte
2114 2296 44 22 des
2176 2295 113 29 François
2307 2302 18 20 y
2335 2302 15 16 a
2362 2296 38 22 été
2420 2297 49 21 im-

1993 2332 92 21 mense,
2098 2326 23 23 &
2130 2328 29 21 ils
2170 2333 32 15 ne
2221 2329 59 20 sont
2291 2333 106 22 presque
2412 2329 57 27 plus

1994 2364 30 16 en
2035 2357 51 23 état
2101 2359 30 21 de
2140 2358 54 22 rien
2205 2360 184 25 entreprendre.
2403 2359 68 22 C’est

1994 2389 95 28 d’après
2111 2396 28 15 ce
2161 2389 72 28 qu’ils
2255 2389 56 23 font
2340 2391 130 27 imprimer

1993 2421 60 22 hors
2064 2421 31 21 de
2109 2421 67 22 l’Isle
2187 2427 47 22 que
2247 2422 113 22 diverses
2377 2423 94 21 Lettres

1995 2454 44 20 ont
2059 2451 111 23 annoncé
2183 2453 25 20 la
2226 2452 94 22 défaite
2335 2453 44 21 des
2400 2452 74 23 Fran-

1995 2483 52 28 çois
2056 2482 14 22 à
2081 2482 65 22 l’Isle
2157 2482 88 29 Rouge
2257 2489 63 15 avec
2335 2485 82 20 toutes
2434 2485 37 21 les

1996 2514 167 22 circonstance
2181 2514 41 27 qui
2233 2515 140 26 pouvoient
2391 2520 30 16 en
2434 2520 40 16 ac-

1996 2544 105 22 créditer
2117 2545 24 21 la
2164 2545 125 25 nouvelle,
2310 2545 83 22 tandis
2413 2545 61 28 qu’il

1996 2575 41 29 n’y
2051 2581 13 15 a
2082 2581 42 22 pas
2136 2580 32 16 eu
2179 2576 61 21 dans
2252 2577 41 21 cet
2309 2576 100 22 endroit
2424 2582 49 16 une

1996 2607 69 21 seule
2073 2612 97 16 amorce
2181 2605 94 23 brûlée.

2023 2637 65 22 Mais
2099 2637 126 26 dira-t-on,
2244 2638 38 21 les
2299 2637 121 29 François,
2428 2639 45 20 ont

1997 2674 31 16 eu
2038 2668 25 21 le
2079 2668 102 21 dessous
2192 2667 15 22 à
2218 2667 84 29 Borgo
2315 2667 22 22 &
2348 2669 36 21 les
2396 2668 77 22 Trou-

1997 2704 43 21 pes
2053 2699 41 26 qui
2105 2704 18 23 y
2142 2697 94 23 étoient
2255 2700 58 20 sont
2328 2698 144 22 demeurées

1996 2729 176 28 prisonnières.
2194 2728 31 22 Le
2249 2728 83 23 Détail
2353 2735 47 22 que
2410 2736 63 16 nous

1997 2766 30 16 en
2039 2760 140 22 donnerons
2195 2759 142 23 l’ordinaire
2355 2760 119 28 prochain

1997 2790 152 28 détrompera
2167 2791 24 21 le
2209 2790 87 22 Public
2318 2791 31 21 de
2368 2793 54 20 tout
2444 2797 29 15 ce

1998 2821 41 28 qui
2059 2821 13 22 à
2087 2820 38 23 été
2146 2820 82 23 débité
2246 2822 23 21 la
2290 2821 86 22 dessus
2396 2822 29 21 de
2448 2822 24 21 la

1997 2854 56 25 part
2066 2853 43 21 des
2127 2852 91 22 Corses
2227 2858 7 20 ;
2247 2852 23 22 <&
2285 2858 33 16 on
2330 2853 88 26 jugera
2435 2851 40 22 s’il

1998 2883 63 22 étoit
2071 2883 110 28 possible
2193 2883 30 21 de
2242 2888 26 16 se
2283 2882 118 22 défendre
2417 2884 57 25 plus

1996 2915 133 27 long-tems
2140 2914 60 21 dans
2212 2919 28 16 ce
2248 2915 82 25 poste.
2340 2913 68 22 Enfin
2417 2919 57 16 sans

1998 2947 82 19 entrer
2091 2945 58 21 dans
2161 2950 33 15 un
2206 2944 54 27 plus
2272 2944 61 28 long
2344 2943 75 22 détail
2431 2944 44 21 des

1999 2974 156 28 Opérations,
2176 2974 119 22 finissons
2314 2980 45 21 par
2377 2980 98 16 assurer

1999 3011 47 22 que
2056 3006 38 20 les
2103 3010 132 16 nouveaux
2243 3004 106 22 renforts
2359 3004 72 28 qu’on
2440 3007 35 19 at-

1998 3036 67 26 tend,
2077 3041 32 16 ne
2118 3037 57 20 sont
2182 3035 70 27 point
2259 3040 64 22 pour
2329 3034 102 28 réparer
2436 3036 39 21 les

1998 3068 82 26 pertes
2099 3065 117 29 éssuyées
2237 3071 31 16 en
2287 3067 127 26 attaquant
2436 3067 39 20 les

1999 3097 99 26 Corses,
2117 3097 63 21 mais
2190 3096 59 21 bien
2260 3097 62 20 celle
2339 3096 84 27 qu’ont
2435 3102 40 16 oc-

1999 3126 117 24 casionné
2127 3128 36 20 les
2179 3126 119 22 maladies
2310 3127 62 21 dans
2383 3132 32 16 un
2432 3126 44 22 cli-

1998 3160 51 19 mat
2068 3158 87 27 auquel
2175 3158 37 20 les
2228 3156 117 29 François
2366 3162 32 16 ne
2417 3159 58 19 sont

1998 3188 71 27 point
2080 3193 89 17 encore
2180 3186 155 23 accoutumés
2345 3194 7 19 ;
2365 3186 22 22 &
2402 3193 71 21 pour,

1999 3225 31 15 en
2049 3219 122 27 attaquant
2187 3220 57 19 tous
2262 3219 38 20 les
2319 3217 88 22 Postes
2418 3218 15 21 à
2449 3218 26 21 la

1999 3249 57 26 fois,
2077 3251 90 19 mettre
2177 3248 35 21 fin
2222 3247 15 23 à
2252 3254 50 15 une
2321 3248 154 28 expédition,

1999 3280 42 27 qui
2053 3278 105 29 poussée
2177 3284 61 16 avec
2249 3279 53 21 leur
2313 3279 105 28 vigueur
2435 3284 40 16 or-

2000 3310 103 25 dinaire,
2125 3314 31 16 n'e
2168 3309 98 22 coûtera
2287 3315 43 21 pas
2353 3310 55 25 plus
2428 3314 48 22 que.

1999 3341 62 20 celle
2072 3341 84 20 contre
2167 3340 37 20 les
2218 3339 117 21 Rebelles
2345 3340 31 20 de
2386 3340 23 20 la
2429 3339 47 22 Ca-

1998 3371 99 26 talogne
2119 3376 30 14 au
2164 3371 212 19 commencement
2396 3370 29 20 de
2445 3376 29 15 ce

1999 3399 88 23 Siècle.
2100 3399 55 22 Une
2167 3399 48 22 fois
2224 3400 95 21 soumis
2334 3400 38 21 les
2385 3399 91 23 Corses

1999 3430 169 27 éprouveront
2194 3435 47 21 que
2260 3430 54 21 rien
2335 3430 64 22 n’est
2419 3432 56 25 plus

1999 3461 67 21 doux
2079 3466 47 21 que
2137 3460 31 21 de
2176 3460 73 21 vivre
2259 3465 59 16 sous
2329 3461 24 20 la
2364 3461 112 22 domina-

1998 3491 55 21 tion
2064 3491 32 20 de
2106 3490 128 27 l’Auguste
2244 3490 99 22 Maison
2357 3492 30 21 de
2398 3491 78 23 Bour-

1998 3522 59 24 bon,
2069 3520 24 21 &
2103 3526 31 16 en
2144 3521 146 26 particulier
2299 3527 61 16 sous
2374 3523 61 21 celle
2443 3524 31 20 de

1999 3551 73 22 Louis
2085 3551 23 21 le
2120 3550 155 22 Bien-Aimé.

2234 3589 25 29 (AE
2270 3591 96 29 suivre)

1999 3658 102 21 Aiacciu
2108 3670 30 4 —
2149 3658 136 29 Stamparia
2296 3660 26 21 di
2334 3662 24 20 A
2368 3661 105 29 Muvra,

1999 3698 15 14 11
2025 3691 242 24 Diretlore-Gerente:
2277 3693 72 22 Petra
2359 3694 112 24 ROCCA.
