2604 3828
31 411 156 24 Parten^a
199 408 33 23 di
244 405 90 24 Prete

97 440 173 28 Giudicelli

52 501 78 24 Quaut’è
137 502 52 18 statu
197 498 96 23 suspiratu

54 528 14 17 E
76 530 71 19 penosu
156 525 64 22 quellu
228 524 62 21 jornu,

53 551 79 22 Quandu
139 550 56 18 Prete
203 545 100 21 Giudicelli

53 576 22 18 Si
82 575 50 23 perti
139 576 26 17 da
172 574 32 18 slu
212 572 101 18 cuntornu.

52 601 28 18 Lu
89 604 56 19 paese
153 599 63 18 interu
225 602 11 13 e
244 599 48 15 sanu

52 626 28 18 Lu
89 630 66 17 seguxa
163 623 129 19 tutt’intornu.

54 676 27 18 Fù
89 675 92 19 l’infelice
188 673 75 25 jurnata

55 701 21 18 Li
84 705 56 17 nove,
150 699 92 23 appuutu,
252 695 84 22 d’aprile,

54 726 52 18 Mille
113 725 106 19 novecentu
228 719 72 21 dodeci,
316 736 5 5 ,

55 750 129 23 Quell’annala
191 746 103 20 bîsscstile,

53 776 35 18 Cbi
97 776 50 21 parti
155 774 21 17 iu
185 773 68 19 aostru
261 770 55 23 prete

54 800 46 19 Cusì
108 799 81 18 amabile
197 802 11 14 e
216 796 78 23 genlile.

30 851 28 18 Cu
64 849 235 24 grand’accumpagnamen
301 845 28 19 tu,

53 874 112 19 Scendeudu
172 874 29 21 pe’
210 874 21 16 lu
242 869 97 20 stradone,

53 900 63 17 Prima
124 899 20 18 di
152 896 107 20 liceaziassi

54 924 22 18 Ci
83 925 25 17 fe’
117 928 27 13 un
152 923 76 22 picculu
242 923 87 16 sermone

33 949 35 19 Chi
75 950 62 17 misse
144 949 22 17 lu
173 948 67 22 pientu
250 950 11 13 a
273 943 66 22 l’occbj

55 975 22 18 Li
84 974 51 18 lutte
149 973 63 22 quelle
220 973 87 21 persone.

56 1025 110 20 Termlnatu
173 1024 21 18 lu
201 1023 95 18 discorsu,

54 1052 57 18 Prete
117 1050 74 18 Antone
196 1045 102 21 Giudicelli

56 1075 68 22 Basgiô
128 1074 46 19 tutti
182 1074 23 18 ad
212 1076 39 14 una
256 1075 50 18 para,

56 1101 22 18 Li
85 1099 67 23 vecchj
162 1103 24 14 cu
193 1098 15 18 li
214 1097 60 18 zitelli

55 1124 67 23 D’ogui
127 1128 55 15 sessu
187 1121 77 22 ed’ogni
270 1119 35 20 età,

56 1150 21 18 Li
81 1150 66 22 grendi
152 1153 11 13 e
166 1149 14 16 li
186 1144 110 22 cbiuculelli
300 1156 5 5 •

56 1198 148 20 Cusisilicenzlô

56 1224 27 18 Da
90 1225 49 17 tutti
145 1223 16 19 li
166 1221 74 24 paisani

56 1250 14 17 E
75 1250 54 22 segui
135 1250 21 16 lu
161 1245 103 20 so’caminu

55 1274 93 22 Perloghi
158 1278 28 13 un
196 1275 48 20 pocu
253 1268 75 20 luntani
333 1281 5 5 .

56 1300 21 18 Si
83 1305 21 13 sa
110 1299 25 18 bè
139 1298 33 19 cbi
179 1301 63 19 ognuu
247 1296 49 17 deve

55 1324 67 19 Obbidi
127 1329 12 13 a
144 1324 8 18 i
157 1321 114 24 so’suprani.

56 1376 36 18 Diu
96 1374 14 19 Ü
117 1375 31 18 dia
153 1374 21 18 lu
179 1374 37 18 bon
221 1370 79 24 viagbiu

56 1401 14 18 E
76 1401 26 18 fia
106 1403 75 18 sempre
185 1398 43 19 boni
232 1396 65 21 affari,

55 1423 145 20 Mantenendusi
203 1423 21 18 in
228 1422 64 18 salute

56 1450 15 18 E
75 1450 22 18 in
102 1454 45 18 pace
153 1453 24 14 cu
181 1449 14 18 li
201 1447 69 19 sculari
273 1450 6 12 :

57 1475 112 18 Prufessore
174 1472 66 20 cumed
246 1472 38 18 ellu

56 1500 22 18 Ci
82 1504 25 14 ne
112 1504 43 14 sera
161 1498 56 23 pochi
221 1502 11 13 e
238 1496 38 18 rari
283 1508 6 4 .

56 1550 36 18 Diu
96 1549 15 18 li
115 1550 31 18 dia
152 1545 145 23 l’avanzameuti

56 1575 72 18 Ch’ellu
131 1574 85 19 desidera
219 1578 12 12 e
234 1572 71 21 brama,

56 1600 16 18 E
76 1601 64 17 stianu
145 1603 73 19 sempre
221 1597 86 19 cuntenli

55 1625 28 18 Lu
89 1625 89 18 so’babbu
184 1629 11 13 e
200 1624 19 17 la
224 1627 21 14 so
252 1625 85 17 mamma,

56 1649 65 19 Finchi
125 1655 12 13 a
141 1650 20 18 la
166 1649 78 19 seconda
250 1647 41 18 vita

56 1674 115 23 LuSignore
185 1679 39 14 nun
233 1673 16 17 li
258 1672 79 19 chiama.

57 1725 72 19 Ch’ellu
140 1725 30 19 sia
179 1724 160 24 prestupievann,

55 1751 61 22 Pregà
119 1750 90 22 vogliulu
214 1749 85 23 Signore,

56 1775 57 23 Eppo’
122 1775 65 19 subitu
198 1775 74 18 vicariu

55 1800 43 18 Gun
104 1800 73 18 tcionfu
184 1804 11 14 e
200 1804 37 14 cun
245 1803 59 14 onore
310 1803 6 17 ;

56 1825 53 18 Ch’io
115 1825 50 19 senti
170 1825 69 18 ch’ellu
244 1825 29 17 sia
280 1827 58 15 veseu

54 1850 100 23 L’Ajaccio
161 1850 60 22 prima
229 1850 20 17 di
258 1853 56 14 more.

58 1900 57 23 Eppoi
123 1901 96 18 vurrebbe
229 1904 66 17 campa

55 1926 27 18 Da
91 1925 71 19 vedelu
167 1926 81 18 un’allra
256 1925 58 22 voila,

55 1950 79 22 Quandu
142 1955 12 13 e
160 1955 65 17 vescu,
234 1955 12 13 a
252 1950 75 18 crisimà

55 1976 22 18 ïn
85 1976 62 18 Rusiu
155 1980 11 13 e
174 1976 42 18 îalli
223 1980 40 13 una
267 1976 69 20 scorta,

56 2001 36 18 Chi
99 2001 24 17 da
129 2001 33 22 qui
170 2001 50 23 parti
228 2001 92 17 cuntentu

53 2026 55 18 Accu
116 2026 72 21 megliu
196 2026 35 17 che
243 2026 94 18 stavolta.

55 2076 88 22 Dop’esse
151 2079 64 17 vescu,
224 2075 97 18 arcivescu

53 2101 57 22 Eppo’
119 2102 50 20 dopu
178 2100 103 21 cardinale,

56 2126 15 18 E
78 2130 38 14 cun
125 2125 130 23 grandissimu
261 2129 64 17 onore,

54 2151 86 18 Seconda
147 2151 28 17 so’
181 2151 68 21 merlu,
259 2150 41 18 sa2e

53 2177 44 18 Alla
103 2177 55 17 santa
166 2175 74 23 dignità

55 2201 59 22 Sopra
119 2202 21 17 lu
148 2202 56 17 tronu
209 2201 73 21 papale.

55 2251 29 18 Oh
90 2251 5 18 !
105 2252 73 22 quantu
182 2251 31 17 chi
221 2251 18 18 ci
246 2251 92 17 n’andava

54 2277 27 18 La
88 2275 99 19 dumenica
195 2276 96 19 aii'altare,

55 2301 15 19 E
78 2303 72 20 quantu
158 2301 48 18 dava
213 2300 75 22 piacere

55 2326 17 19 A
80 2327 75 17 sentelu
166 2326 98 22 predicare

55 2351 29 18 Cu
91 2352 63 21 quelle
161 2352 53 17 saute
222 2350 71 23 parolle

55 2375 16 20 E
78 2380 76 14 manere
160 2376 42 18 cusi
209 2380 50 14 rare.

81 2406 116 19 Natalellu
205 2406 24 18 di
235 2405 80 19 Rusiu.

385 401 30 23 A
424 400 97 25 Petru
532 399 112 26 Rocca

382 456 113 21 Sousatemi,
504 457 24 21 si,
537 458 28 20 pe’
573 457 62 18 scrive

382 482 29 17 Ei’
419 481 60 22 aghiu
490 482 52 17 lantu
552 482 76 22 Irigalu.

383 506 8 17 I
396 505 85 19 diraschi
489 506 20 17 di
514 506 65 19 l’olive

384 530 76 19 M’hanu
468 531 43 18 cusi
518 531 92 18 tribulatu
619 536 5 12 :

383 555 21 18 Di
414 556 61 21 quelli
484 556 20 18 di
511 556 15 17 li
534 556 86 22 castagni

383 580 29 18 Ne
419 584 23 14 so
449 581 78 17 ane’avà
537 581 86 22 mugalu.

384 627 30 18 Tin
422 628 18 17 cl
449 628 43 19 vole
501 629 65 18 micc’a
575 631 55 16 crede

385 652 53 18 Ch’io
446 652 68 24 l’appia
525 653 122 19 dimenticata

384 677 58 18 Tutta
450 679 76 20 quanta,
536 679 18 17 la
562 678 39 18 miò
608 679 49 20 fede,

386 702 62 18 Versu
456 707 13 12 a
476 702 67 19 Muvra
550 703 111 18 dichiarala.

385 725 25 19 Sô
418 730 77 18 sempre
501 728 87 21 dispostu
597 732 11 13 e
614 728 49 17 fieru

386 751 53 18 Aneu
447 752 30 21 pe’
487 756 10 13 a
508 753 161 21 prossim’annata.

386 799 53 21 Dopu
447 799 54 18 lantu
509 804 11 13 e
526 799 54 18 tanta
587 800 71 22 tempu,

387 823 35 18 Eiu
435 823 110 22 rispondevi
554 824 70 22 duvia;

386 848 55 18 Malu
449 849 187 21 pocusciarnimentu

388 873 35 18 Più
432 873 54 18 nulla
494 878 40 13 nun
542 874 27 17 mi
576 874 56 21 dicia,

387 898 15 18 E
407 902 12 13 u
425 898 40 17 mi'o
469 899 56 17 cantu
531 897 41 19 face
577 898 92 19 anch’ellu

386 923 42 18 Una
437 924 56 21 longa
499 923 116 23 priggiunia.

387 968 133 23 Quantunque,
524 967 114 23 ringrazialu

388 993 51 19 Siale
448 992 39 23 voi,
497 992 40 23 sgiô
548 993 101 18 Direttore.

387 1018 79 23 S’aghiu
477 1019 51 17 lantu
537 1018 16 18 ri
556 1018 40 18 lard
597 1022 11 14 a
610 1020 26 19 lu,

389 1043 30 19 Un
426 1044 23 17 fù
457 1047 101 14 mancairca
569 1042 19 18 di
600 1047 50 14 core.

388 1068 69 21 Sapete
465 1068 33 18 chi
505 1067 30 23 pe’
543 1068 19 17 la
570 1067 66 19 Muvra

386 1092 16 18 E
410 1097 34 17 per
451 1092 32 18 boi
493 1093 21 17 sò
519 1094 68 20 prontu
593 1097 12 13 a
613 1096 57 14 more.

387 1140 23 18 Di
418 1140 64 22 quella
492 1140 43 22 pipa
544 1140 20 17 di
573 1140 60 18 Irinea

386 1165 31 18 Un
425 1166 18 17 si
451 1165 54 18 n’era
510 1169 49 14 ancu
567 1166 74 21 parlatu
648 1170 5 13 :

387 1191 29 17 Un
424 1190 27 18 mi
462 1190 137 23 scurderaghiu
614 1191 58 17 micca

386 1215 24 18 Di
415 1215 113 23 ’ss’oggellu
534 1215 81 23 rigalatu
619 1220 6 17 ;

386 1240 17 18 U
411 1240 63 22 peghj’
480 1242 12 17 é
500 1242 29 21 pe’
538 1241 19 18 lu
566 1241 94 18 bucchinu

386 1265 187 22 Chijcaschcndu.s’è
577 1266 93 18 truncatu-

387 1313 22 18 Bi
417 1315 78 20 mandu,
504 1315 24 17 da
536 1319 48 14 veru
591 1315 69 21 amicu,

386 1339 29 18 Un
423 1339 69 22 basgiu
498 1343 33 19 per
536 1344 48 18 capu
591 1340 79 22 d’annu;

387 1363 52 19 Siale
447 1368 76 19 sempre
531 1369 55 14 corsu
597 1365 63 18 arditu

387 1389 71 18 Contru
464 1390 21 17 lu
491 1390 66 18 nostru
567 1390 95 18 malannu.

386 1414 99 23 V’auguru
495 1419 44 18 pace
546 1415 113 22 ad’ogn’ora;

386 1439 21 21 E,
417 1440 76 21 rispetti
501 1445 12 12 a
524 1440 18 18 la
550 1440 86 23 Signora.

471 1472 79 20 Cesaiû
558 1473 91 20 SebDiu.

382 1558 112 27 Torna
511 1568 20 17 a
545 1561 108 25 l’Qrsu

386 1618 38 18 S’io
434 1619 56 18 tornu
498 1624 11 12 a
517 1618 48 19 datli
573 1619 81 23 risposla

385 1642 62 20 Unn’è
454 1648 35 17 per
496 1643 71 19 azzizzà
574 1644 42 22 lita,

385 1668 31 18 Ma
423 1669 51 18 séria
480 1674 35 18 per
522 1670 44 22 sapé

386 1693 21 18 Si
414 1693 19 18 la
439 1693 45 23 pipa
492 1694 11 18 è
511 1694 62 23 finita,

386 1719 14 18 O
410 1719 64 21 situai,
483 1724 33 17 per
524 1721 75 20 azardu,

386 1744 81 18 L’avissi
473 1744 65 23 diggià
546 1745 80 22 spedila.

385 1788 37 19 Ma.
430 1793 58 15 cume
496 1791 20 16 lu
525 1790 25 17 rui
559 1790 89 18 dumandi

386 1815 59 18 Cume
453 1814 34 19 hai
494 1815 24 18 da
527 1815 116 21 sculturalla,

385 1840 158 23 Dunque,aspeUi
549 1841 122 22 unarisposta

385 1865 37 18 Per
428 1865 52 23 pudè
486 1866 71 18 melteti
566 1870 12 13 a
584 1866 52 18 falla.

385 1891 59 18 Postu
451 1890 24 18 ch
477 1890 37 18 liai
519 1891 20 17 la
546 1895 98 18 mannvra,

385 1915 97 19 FammiTa
491 1917 48 16 lesta
547 1916 20 18 di
575 1916 72 19 Muvra.

386 1961 27 18 Cu
421 1962 19 17 le
448 1961 28 17 so’
485 1965 57 14 corne
550 1961 118 20 ’nturchiale,

385 1986 20 21 E,
414 1986 106 21 indarretu,
529 1986 19 17 la
555 1986 29 18 so’
591 1987 45 18 coda

385 2011 59 18 Possa
452 2015 58 14 serve
517 2015 34 18 per
561 2012 108 17 cannuccia.

385 2036 32 18 Sia
424 2036 71 18 stahile
503 2041 11 13 e
522 2036 20 17 di
550 2037 61 18 moda,

384 2061 63 22 Piglia
454 2065 15 12 u
476 2062 67 20 tempu
550 2060 34 18 chi
590 2062 20 17 ci
617 2061 43 17 vole

386 2085 283 23 Chiuntipagheraghiuinfole.

384 2131 65 20 Forse,
458 2130 100 18 crederisti
568 2130 58 22 perde

385 2155 21 18 Si
414 2157 20 16 tu
444 2155 28 17 mi
480 2155 37 17 faci
526 2159 26 13 un
560 2155 62 21 rigalu
628 2153 10 19 ?

384 2179 42 23 Eiu,
432 2180 60 21 forse,
501 2179 32 23 più
542 2184 21 13 ca
571 2184 14 12 u
592 2184 67 18 prezzu

385 2205 22 18 Ti
416 2206 50 17 dava
474 2205 21 18 di
504 2205 48 18 bona
560 2208 65 14 manu.

385 2230 33 19 Sai
425 2230 43 18 ch’a
475 2230 55 23 ligne
536 2230 17 18 li
560 2230 71 18 sumari

386 2255 20 18 Si
414 2255 125 23 guadagnanu
549 2255 5 18 i
564 2254 66 19 danari
636 2254 6 18 !

386 2299 84 23 Saperai,
480 2304 46 13 earu
533 2299 70 23 amicu,

385 2325 29 19 Un
421 2326 23 18 sô
453 2326 60 18 micca
519 2325 34 18 sol’
560 2324 81 23 pittore;

385 2350 32 19 Sia
424 2354 35 18 per
467 2349 31 22 bè,
504 2350 28 17 sia
539 2354 34 18 per
581 2350 54 20 male,

385 2375 27 18 Ne
419 2375 65 19 faeciu
491 2379 48 14 ancu
548 2376 20 16 lu
577 2375 75 21 pastore
656 2380 5 12 :

384 2400 87 19 Cuntava
478 2400 20 18 fà
505 2400 115 22 spedizîone,

385 2425 36 18 Per
428 2426 81 22 Pasqua,
518 2425 45 18 d’un
568 2425 100 18 beverone.

385 2471 58 18 Postu
451 2470 32 18 cbi
492 2470 20 17 di
519 2474 31 14 me
557 2474 28 14 un
592 2471 15 17 ti
615 2469 43 22 fidi,

385 2495 26 19 Mi
419 2495 47 23 pigli
474 2500 36 18 per
517 2495 106 20 disonestu,

384 2522 77 21 Appena
468 2521 49 17 fatta
525 2520 18 18 la
551 2520 51 22 pipa,

385 2546 27 17 Lu
418 2549 70 19 prezzu
493 2544 95 19 mandami
593 2549 42 18 près
638 2545 21 17 lu
663 2550 5 16 ;

386 2570 37 18 Per
429 2570 74 23 pagatti
508 2570 20 17 lu
536 2571 74 17 duvutu

385 2595 93 23 Seragbiu
483 2595 37 18 ben
523 2596 70 21 prontu
596 2599 11 14 e
611 2595 57 17 lestu.

714 400 30 19 Ma
752 401 15 18 ti
776 403 53 21 parlu
838 402 128 19 francamenle

715 425 25 18 Da
748 427 61 17 amicu
818 432 11 13 e
838 431 46 14 veru
892 432 62 17 corsu,

715 449 63 21 Chi,di
782 456 50 13 vene
836 450 21 19 in
862 452 32 17 stu
901 453 98 17 mumentu

715 474 16 17 A
738 474 87 22 piglialla
833 476 31 17 eiu
875 481 41 13 nun
924 480 64 18 possu.

715 498 15 17 O
738 499 24 18 dà
770 500 65 22 tempu
846 501 48 17 sin’a
902 501 88 22 ghiugnu

716 523 13 17 0
739 525 68 17 manda
815 526 67 17 contru
890 525 101 19 rimborsu.

716 572 54 19 Basta
779 574 77 22 dunque
864 575 29 22 pe’
901 575 19 18 la
927 575 50 22 pipa,

715 597 74 18 Efemu
802 599 46 17 altrj
857 599 129 23 cumplimenti
993 605 6 13 :

716 622 101 19 Pudariste
825 623 116 22 indieaimni,

719 646 21 19 In
749 647 98 22 Piubbeta,
861 649 7 17 i
876 649 26 17 to’
911 649 89 22 parenli?

715 671 23 18 Di
747 671 18 18 là
772 672 20 18 la
800 673 38 17 mìò
845 677 121 14 cununeenza

717 695 56 19 Forse
782 701 68 14 seranu
858 698 93 18 cuntenli.

717 745 29 19 Un
750 748 56 17 crede
810 748 82 17 avemmi
895 748 106 19 alîruntaln

718 770 36 19 Per
760 772 78 18 dimmi:
847 778 11 13 o
867 773 61 23 tinghj
937 773 62 19 sumè!

718 797 15 16 A
742 801 13 12 u
763 797 105 22 cuntrarîu,
881 803 25 12 ne
914 799 21 17 sô
943 798 57 21 lieru,

717 820 25 18 Mi
751 821 94 19 faciassai
853 822 52 22 piacè
911 827 6 17 ;

718 844 15 18 E
740 845 18 18 si
765 846 22 17 lu
795 847 51 17 n’hai
854 847 80 23 bisognu

719 869 80 19 Veneria
806 876 50 13 aneu
863 876 34 18 per
906 874 25 16 te.

789 898 18 18 U
813 898 163 19 Piubbita.cdu.

727 985 31 24 A
774 985 201 26 d’Altimonti

716 1042 53 18 Sopr'a
775 1044 13 13 U
787 1048 9 9 s
796 1046 22 12 tes
817 1048 21 11 su
847 1048 53 14 versu,
905 1045 14 14 si
924 1045 17 16 fà
951 1045 51 17 f,-,-edi-

696 1061 16 14 ci
711 1065 14 11 le
730 1064 19 12 in
756 1066 45 11 vanu
806 1067 10 10 a
822 1065 57 13 mezz’a
883 1064 78 15 cionchi...

719 1090 104 19 Carissimu
833 1092 127 21 d’Altimonti,

720 1115 23 18 Di
752 1116 43 18 fede
803 1117 60 18 libéra
871 1122 11 13 e
890 1118 89 21 schietta,

720 1141 26 17 Tu
760 1141 32 18 chi
802 1143 56 20 senti,
874 1142 50 21 vedi,
933 1143 67 20 toecbi,

696 1164 65 22 Provi,
768 1166 76 23 insegni
853 1167 149 18 efaci’nchiesta

719 1191 36 18 Per
762 1192 53 17 salvà
824 1192 19 17 dî
851 1193 18 17 la
876 1192 78 22 pienara

719 1217 16 17 A
742 1217 66 17 nostra
816 1217 76 18 Corsiea
900 1221 50 17 eara;

718 1255 35 20 Tu,
760 1255 19 17 di
785 1255 62 19 solidu
856 1261 95 14 cuncorsu

719 1281 31 18 Pe’
756 1281 18 17 la
783 1283 42 16 nost
829 1286 20 13 ra
856 1281 122 22 Muvrarella,

719 1306 22 17 Tl
749 1305 59 19 slitnu
816 1306 97 23 disangue
917 1311 61 18 corsu,

719 1331 65 17 Amicu
794 1331 20 18 di
822 1331 115 19 Cursicbella

720 1356 20 18 Si
750 1360 13 13 u
771 1357 26 17 to’
806 1361 43 14 core
857 1356 27 19 s’è
893 1357 109 23 ’ngaggiatu

719 1382 16 17 A
743 1382 85 17 marckià
834 1383 31 17 eu’
873 1382 24 17 to’
906 1383 79 22 parlatu.

719 1421 107 22 Letl’aghiu
834 1426 37 13 cun
878 1421 107 19 altenzione

718 1445 61 19 Nantu
788 1451 12 13 a
807 1445 66 20 Muvra
879 1446 6 18 i
891 1447 109 18 lo’iamenti.

718 1471 24 18 Sô
751 1472 32 21 qui
791 1476 35 17 per
834 1471 46 18 üatti
888 1472 97 22 raggione,

718 1496 147 18 Pereh’esscndu
876 1497 112 21 cunfinenli,

697 1521 53 23 Vegu
759 1521 86 18 ancb’eiu
850 1522 29 18 ciò
885 1522 31 18 chi
924 1522 17 18 si
946 1526 55 18 passa

718 1547 26 17 Tu
747 1546 104 18 tt’essendu
856 1547 21 18 in
879 1547 51 18 terza
933 1547 67 18 classa.

718 1586 48 21 Tu,e
772 1586 190 22 colpe,francamenle

718 1611 54 17 Metti
779 1611 62 22 sopr’a
848 1611 120 23 l’ineulpatu.

719 1636 24 18 Se
751 1636 26 17 mi
782 1636 70 18 chiami
858 1641 12 13 a
875 1636 24 18 dà
905 1638 95 17 sentenze:

718 1661 126 23 Cunsiglieru,
854 1662 99 21 deputalu,

718 1686 95 22 Senatore,
822 1687 90 22 aggiunlu
925 1691 11 13 e
942 1691 60 14 marre

718 1712 26 18 Ne
752 1712 134 23 manderaghiu
900 1717 11 13 a
920 1712 80 19 Deblere.

718 1751 19 18 Si
746 1755 54 14 corre
808 1755 58 15 versu
873 1751 78 19 l’abissu

719 1776 35 19 Cbi
765 1777 24 18 da
796 1776 32 18 noi
835 1776 57 19 unn’è
899 1778 86 21 luntanu,

719 1802 13 18 E
740 1802 21 17 lu
768 1802 27 17 to’
803 1802 68 18 debuie
879 1802 72 19 fischiu

719 1828 64 18 D’omu
793 1829 67 16 onestu
869 1831 10 14 e
887 1828 92 18 cristianu

718 1852 28 18 Un
752 1853 25 21 pô
784 1852 87 18 ribumbà
878 1852 125 19 inl’oreccbie

695 1877 24 18 DÌ
726 1878 64 22 quellu
796 1877 54 19 cb’ba
855 1878 51 18 tuttu
911 1878 21 18 in
937 1882 63 19 manu.

718 1917 57 19 Cume
787 1918 25 20 te,
831 1922 44 13 earu
886 1921 114 19 eumpagnu»

696 1941 70 24 Yogliu
780 1943 67 21 spiegà
854 1948 12 12 a
874 1942 127 23 miôragione.

718 1969 17 17 A
742 1972 14 12 u
764 1968 197 21 culpevuleguvernu

718 1993 67 17 Facciu
795 1994 29 16 sta
833 1993 118 21 cundizione,

718 2018 15 18 E
739 2018 54 17 tuttu
804 2017 113 19 mardiierla
927 2018 47 18 bene

719 2042 52 18 S’elli
775 2043 57 17 stanu
839 2047 12 13 a
858 2044 54 16 sente
920 2047 11 12 a
938 2046 62 14 mene.

718 2080 57 18 Tutta
783 2081 52 16 terra
842 2080 132 18 abbandunata

718 2105 15 17 E
745 2109 58 14 senza
815 2105 95 22 travâgüu
924 2105 76 20 alcunu,

718 2130 26 17 Da
753 2134 43 14 esse
804 2129 106 21 rimaniata,

719 2154 30 19 Sia
758 2154 80 18 rîmessa
845 2155 21 17 in
873 2158 91 14 cuoiunu.

717 2180 17 17 A
741 2179 8 17 i
758 2180 50 18 corci
817 2179 139 22 travagliadori,

719 2204 74 18 Dallila
801 2205 87 18 sumente
897 2209 10 14 e
916 2204 8 18 i
931 2205 39 17 boi.

718 2243 29 18 Ma
756 2243 92 23 èquant’è
856 2243 81 22 predicà,

719 2269 47 18 Caru
774 2268 93 21 amicu,in
875 2268 20 18 lu
904 2269 85 17 desertu.

719 2293 81 22 Quandu
810 2293 111 22 daperluttu
929 2293 50 22 famé

718 2318 112 19 Aîîaccherà
838 2323 23 13 cu
870 2317 72 19 biseslu.

718 2344 16 18 U
743 2340 72 26 populu
823 2342 61 19 ’nfidu
901 2347 11 13 e
918 2344 83 22 ’ndegnu

718 2368 103 19 Invoeberà
827 2368 54 18 l’altu
889 2369 73 21 Regnu.

718 2410 35 22 Qui
762 2414 55 15 eessu
824 2409 22 19 lu
854 2409 38 19 mìò
899 2411 90 21 lamentu,

717 2436 22 18 In
746 2436 59 21 preda
812 2440 11 13 a
830 2435 131 22 l’intemperie,

717 2461 53 18 Sottu
776 2465 11 13 a
795 2460 120 23 I’acque,toni
923 2465 11 13 e
940 2460 59 21 venti,

717 2485 45 19 Casi
767 2485 60 19 strani
835 2490 11 13 e
853 2485 94 22 marlulie,

696 2510 78 21 Quandu
779 2511 74 21 allegru
858 2514 11 14 e
875 2511 76 21 quandu
958 2510 44 18 tris-

971 2537 29 19 tu,

717 2561 30 18 Ma
756 2560 51 19 fieru
814 2560 62 19 d’esse
882 2560 92 19 eursistu.

814 2593 19 18 U
841 2593 137 19 Pastureiiu.

1027 106 103 22 Cullana
1139 105 99 23 Storica
1249 103 28 23 di
1288 103 24 22 A
1320 104 90 22 Muvra

1081 163 24 36 A
1123 163 157 44 Cunquista
1297 161 141 37 Francese

1161 218 31 35 di
1209 229 18 23 a
1245 216 120 36 Corsiea

1075 272 46 29 (Da
1131 279 31 16 un
1180 273 121 22 Giurnale
1312 272 26 22 di
1349 271 102 29 l'Epuca)

1054 344 33 21 Ils
1111 343 136 23 s’étendent
1271 349 42 17 sur
1330 345 36 21 les
1387 348 108 18 mesures

1026 382 46 21 que
1087 377 56 21 leur
1163 376 111 23 Général
1289 377 68 22 avoit
1371 377 51 28 pris
1433 382 63 21 pour

1026 408 116 23 s’assurer
1152 410 33 21 du
1197 408 95 27 succès;
1302 409 23 21 &
1338 416 56 15 sans
1405 414 91 17 avouer

1025 441 101 27 qu'elles
1149 449 27 15 se
1199 442 145 23 trouvèrent
1364 449 30 15 en
1414 441 82 22 défaut

1026 480 43 20 par
1079 474 23 22 la
1117 475 121 22 bravoure
1253 476 44 21 des
1309 474 108 29 Troupes
1429 473 13 22 à
1454 474 41 28 qui

1025 507 22 21 la
1061 508 74 26 garde
1151 507 109 23 d'Oletta
1277 508 62 22 étoit
1350 507 100 26 confiée,
1465 507 31 21 ils

1026 539 80 22 disent
1120 540 61 22 dans
1194 541 53 21 leur
1261 541 103 22 relation
1383 540 69 28 qu’ils
1464 546 33 15 ne

1024 572 113 27 jugèrent
1147 573 15 22 à
1172 579 90 22 propos
1274 574 30 21 de
1313 580 27 15 se
1348 573 94 25 retirer,
1448 579 48 21 que

1026 611 70 22 parce
1105 605 72 28 qu’ils
1195 606 165 28 s’aperçurent
1373 606 57 27 qu'il
1442 607 55 20 leur

1025 638 126 27 manquoit
1160 644 48 16 une
1220 639 105 22 colonne
1337 639 30 21 de
1379 645 41 15 200
1427 638 70 22 hom-

1026 676 51 16 mes
1100 671 41 27 qui
1164 670 114 23 s'étoient
1300 671 85 28 égarés
1410 671 87 22 durant

1026 705 23 20 la
1059 704 63 21 nuit.
1137 703 34 23 Ils
1182 705 122 21 viennent
1320 706 31 20 de
1364 706 87 20 mettre
1465 710 32 14 au

1024 736 56 27 jour
1088 743 32 15 un
1129 736 94 22 Sonnet
1231 737 59 22 dans
1298 737 81 28 lequel
1387 738 51 20 leur
1447 736 49 23 Gé-

1027 768 66 22 néral
1100 770 36 20 est
1141 769 97 28 qualifié
1245 769 161 23 d’invincible
1412 769 82 25 César,

1027 802 31 20 de
1073 801 79 22 Héros
1165 802 31 20 de
1207 808 27 15 sa
1244 801 91 23 Nation
1350 803 41 26 qui
1405 802 91 28 éclipse

1028 835 107 21 mêmele
1142 833 77 23 César
1224 834 182 28 Romain,&qui
1411 835 86 22 mérite

1027 866 54 22 d'en
1090 868 51 20 être
1150 868 23 20 le
1183 867 144 22 Souverain.
1334 868 63 21 Mais
1406 868 20 21 si
1435 869 60 21 dans

1027 901 80 20 toutes
1122 900 36 21 les
1170 901 150 26 entreprises
1333 900 58 27 qu’il
1404 907 26 15 se
1440 906 56 22 pro-

1028 939 60 22 pose
1097 933 18 21 il
1123 933 37 21 n’a
1170 939 43 20 pas
1225 934 42 21 des
1279 933 84 22 succès
1374 934 55 27 plus
1436 934 60 22 heu-

1028 972 61 16 reux
1096 971 48 22 que
1153 967 65 21 celui
1226 966 58 28 qu’il
1294 973 13 14 a
1316 973 29 15 eu
1354 966 14 22 à
1377 966 119 30 Barbagio

1028 999 22 22 &
1054 999 60 27 qu’il
1124 999 132 22 aitdeffein
1265 1001 31 21 de
1305 1006 26 15 se
1340 1000 87 21 rendre
1434 1000 62 22 Sou-

1027 1033 84 21 verain
1123 1032 62 22 dans
1196 1039 27 15 sa
1236 1033 85 27 patrie,
1338 1033 37 21 les
1393 1032 102 23 femmes

1029 1068 83 19 seront
1121 1071 31 16 en
1163 1065 67 23 droit
1238 1065 31 22 de
1280 1065 35 22 lui
1324 1065 53 22 dire
1385 1071 5 15 :
1398 1067 96 21 rendez-

1028 1104 61 17 nous
1101 1103 45 17 nos
1153 1099 83 25 maris,
1251 1098 66 23 &les
1328 1098 107 23 enfants:
1447 1105 48 22 que

1028 1134 57 19 sont
1094 1132 110 21 devenus
1217 1137 47 16 nos
1281 1131 92 22 Pères?
1380 1132 62 21 Mais
1458 1132 38 22 les

1028 1164 90 22 Corses
1130 1163 31 23 eri
1174 1165 127 21 détaillant
1310 1166 62 20 cette
1385 1165 110 22 dernière

1028 1197 89 26 affaire,
1141 1198 124 21 diront-ils
1289 1198 112 27 qu’après
1425 1198 72 21 avoir

1028 1232 92 26 promis
1129 1236 49 17 aux
1190 1235 85 23 quatre
1290 1230 162 28 Compagnies
1464 1231 32 21 du

1028 1263 133 29 Régiment
1172 1264 31 22 de
1210 1264 24 21 la
1243 1264 85 21 Marck
1339 1263 99 28 qu’elles
1460 1270 35 15 re-

1026 1297 173 22 tourneroient
1210 1297 99 27 joindre
1318 1298 53 21 leur
1386 1297 78 28 Corps
1481 1297 16 23 à

1029 1331 151 22 Patrimonio
1190 1336 60 16 avec
1263 1335 80 17 armes
1354 1330 23 22 &
1383 1331 111 29 bagages,

1028 1365 30 22 ils
1063 1366 36 21 les
1108 1365 100 21 avoient
1220 1362 157 28 dépouillées,
1392 1365 23 21 &
1425 1364 71 28 qu’ils

1028 1404 25 17 se
1062 1397 163 29 proposoient
1239 1397 31 22 de
1280 1399 37 20 les
1329 1399 88 25 garder
1433 1399 64 27 pris-

1028 1432 113 22 sonniers
1158 1431 31 21 de
1203 1436 96 22 guerre,
1308 1431 81 22 tandis
1405 1437 46 22 que
1472 1433 25 20 le

1028 1464 88 23 Comte
1124 1465 30 21 de
1164 1464 124 23 Marbceuf
1296 1464 43 27 qui
1350 1466 79 20 sutles
1436 1466 61 21 tirer

1026 1498 31 22 de
1068 1499 65 21 leurs
1142 1498 87 25 mains,
1239 1497 71 28 après
1318 1499 36 20 les
1361 1499 71 21 avoir
1437 1504 61 16 eux-

1027 1533 91 21 mêmes
1125 1531 92 22 réduits
1229 1531 13 21 à
1253 1537 27 15 se
1288 1531 88 22 rendre
1387 1531 13 22 à
1407 1531 91 22 discré-

1026 1566 61 24 tion,
1100 1566 89 20 voulut
1200 1565 56 21 bien
1266 1569 46 22 par
1323 1570 31 16 un
1373 1564 71 23 excès
1466 1565 31 21 de

1027 1597 140 29 générosité
1193 1599 38 21 les
1245 1598 86 21 traiter

1027 1632 65 21 niers
1101 1632 30 21 de
1143 1633 65 20 cette
1221 1631 88 27 espèce
1318 1633 12 20 ?
1340 1631 35 21 Ce
1392 1630 104 24 Général

1027 1671 14 15 a
1049 1664 39 22 été
1100 1664 171 28 parfaitement
1290 1664 106 23 secondé
1410 1670 43 23 par
1473 1665 24 21 le

1028 1697 88 23 Comte
1132 1698 31 21 de
1181 1697 132 22 Narbonne
1334 1697 75 26 Pelet,
1434 1698 62 22 mais

1027 1730 143 24 surnommé
1180 1730 124 26 Fritzlard,
1317 1732 94 21 ensuite
1427 1732 29 21 de
1473 1732 24 22 la

1026 1766 64 21 belle
1098 1763 102 23 défense
1210 1763 60 28 qu’il
1277 1764 28 22 fit
1309 1765 66 21 .dans
1383 1766 23 20 la
1421 1764 76 27 petite

1027 1798 59 21 ville
1094 1798 32 21 de
1136 1804 29 16 ce
1177 1803 68 20 nom,
1260 1798 32 21 où
1301 1803 60 16 avec
1377 1803 45 17 son
1444 1798 52 21 seul

1027 1831 134 29 Régiment
1171 1831 19 21 il
1197 1831 48 22 tint
1261 1831 78 22 ferme
1359 1834 84 19 contre
1456 1830 41 22 l’a-

1027 1865 143 27 vant-garde
1179 1864 33 22 du
1221 1864 88 22 Prince
1318 1864 136 22 Ferdinand
1466 1864 31 22 de

1027 1898 152 24 Brunswick,
1183 1897 160 22 commandée
1350 1903 44 21 par
1400 1899 24 20 le
1429 1897 70 23 Prin-

1027 1937 28 16 ce
1066 1930 166 26 Héréditaire,
1244 1930 23 22 &
1279 1930 29 22 fit
1315 1931 87 28 perdre
1414 1933 83 25 quatre

1027 1965 50 22 fois
1084 1965 53 26 plus
1149 1963 30 22 de
1191 1964 90 22 monde
1290 1964 60 27 qu’il
1364 1964 56 22 n’en
1431 1965 67 22 avoit

1026 1998 125 22 lui-même
1163 2002 59 17 sous
1234 2003 39 16 ses
1285 1997 167 22 ordres.Cette
1461 1997 37 22 ré-

1027 2031 106 21 sistance
1138 2032 162 25 surprenante
1312 2031 82 20 donna
1402 2032 24 19 le
1435 2033 63 19 tems

1026 2068 49 16 aux
1085 2063 86 21 succès
1181 2062 85 28 qu’eut
1276 2063 97 21 ensuite
1387 2064 23 20 le
1420 2062 78 22 Maré-

1027 2095 53 22 chal
1089 2095 32 22 de
1133 2095 152 28 Broglie,qui
1297 2100 14 16 a
1320 2098 111 25 toujours
1438 2101 60 16 con-

1027 2128 71 22 servé
1110 2133 63 22 pour
1180 2128 35 21 lui
1225 2133 48 16 une
1282 2129 88 21 estime
1382 2128 116 28 singuliè-

1027 2167 34 16 re.
1084 2161 103 22 Comme
1205 2161 18 21 il
1241 2166 17 23 y
1276 2168 13 14 a
1306 2162 121 27 plusieurs
1445 2161 53 22 Sei-

1027 2200 90 22 gneurs
1125 2193 113 23 nommés
1248 2194 250 26 Narbonne-Pelet,le

1026 2227 49 23 Roi
1086 2233 60 22 pour
1156 2228 25 21 lè
1192 2227 140 28 distinguer
1343 2228 37 20 dit
1388 2227 58 25 qu’il
1453 2227 43 22 fal-

1026 2261 47 22 loit
1080 2262 23 20 le
1112 2260 252 26 nommer.Narbonne
1376 2260 119 28 Fritzlart;

1027 2296 63 20 cette
1102 2293 96 28 époque
1207 2294 21 21 si
1242 2294 124 27 glorieuse
1377 2300 63 21 pour
1461 2295 35 21 lui

1027 2327 54 22 doit
1088 2327 62 21 faire
1162 2326 129 23 connoitre
1301 2333 28 15 ce
1338 2327 73 27 qu’on
1421 2333 13 15 a
1447 2327 50 22 lieu

1027 2360 133 22 d’attendre
1173 2360 31 22 de
1215 2365 39 17 ses
1270 2360 80 22 talens
1370 2360 127 23 militaires

1026 2395 108 27 par-tout
1145 2392 32 23 où
1189 2393 19 22 il
1218 2399 55 16 sera
1282 2393 119 29 employé.

1126 2453 82 19 Numéro
1218 2454 27 17 du
1255 2453 24 19 10
1288 2453 50 19 Mars
1349 2453 51 19 1709.

1153 2487 27 18 De
1188 2487 62 19 Gènes
1256 2488 21 17 le
1284 2486 18 18 6.
1311 2487 57 19 Mars.

1054 2525 103 24 Suivant
1164 2526 25 22 la
1197 2527 104 22 relation
1311 2532 47 22 que
1363 2528 36 21 les
1406 2525 89 24 Corses

1026 2557 120 22 viennent
1162 2557 31 22 de
1205 2557 95 22 donner
1312 2558 29 21 de
1355 2557 98 22 l’affaire
1465 2558 30 21 de

1026 2587 146 28 Barbaggio,
1185 2588 32 22 ils
1233 2588 66 22 n’ont
1310 2588 75 27 perdu
1402 2594 30 16 en
1441 2590 54 20 tout

1520 108 47 22 que
1584 108 42 16 200
1646 101 112 22 hommes
1769 106 5 20 ;
1788 100 145 27 cependant,
1949 97 42 22 de-

1519 132 56 27 puis
1586 133 58 24 lors,
1658 132 30 21 ils
1701 137 31 16 ne
1743 131 60 22 s’est
1814 130 52 21 rien
1879 127 71 31 passé
1961 127 29 22 de

1522 168 111 16 nouveau
1645 162 32 21 de
1688 162 52 21 leur
1751 162 63 27 part.

1634 217 26 18 De
1668 215 54 19 Calvl
1730 216 19 19 le
1758 215 21 19 18
1789 215 83 20 Février.

1547 256 145 29 Barbaggio,
1713 255 30 22 où
1761 255 23 21 le
1803 255 105 23 Général
1923 255 66 23 Paoli

1522 285 82 24 s'étoit
1626 284 104 29 ménagé
1747 286 44 21 des
1814 286 176 28 intelligences,

1522 315 87 23 n’étoit
1627 322 44 23 pas
1687 317 22 20 le
1729 316 53 22 seul
1801 318 71 25 poste
1891 316 59 27 qu’il
1964 322 26 15 se

1521 347 132 27 proposoit
1669 346 32 22 de
1721 352 62 16 nous
1802 347 108 25 enlever,
1929 346 17 21 il
1962 352 29 16 en

1521 377 67 21 avoit
1599 381 88 17 encore
1699 377 61 21 dans
1771 377 161 26 Patrimonio,
1944 377 22 21 &
1974 376 18 22 il

1522 407 51 22 s’en
1583 407 145 27 promettoit
1738 407 30 22 de
1780 407 22 21 si
1813 407 112 23 heureux
1937 412 55 16 suc-

1522 437 40 21 cès
1573 436 60 28 qu'il
1644 438 68 21 avoit
1723 443 89 16 encore
1821 437 106 28 projetté
1933 436 59 22 d’at-

1522 471 86 23 taquer
1619 473 62 22 pour
1693 468 21 21 la
1726 469 105 21 seconde
1842 467 48 23 fois
1901 468 90 22 Oletta.

1523 498 21 21 Il
1554 497 69 22 avoit
1633 496 102 24 d'abord
1745 498 79 22 réussi
1833 498 14 22 à
1858 497 135 29 Barbaggio

1523 528 31 21 où
1565 529 24 20 le
1601 527 100 22 Vicaire
1716 528 31 21 du
1758 529 50 21 lieu
1821 528 41 28 qui
1874 529 62 21 étoit
1946 528 13 22 à
1970 528 22 22 la

1522 559 49 21 tête
1590 558 30 21 de
1639 564 40 16 ses
1690 560 121 26 partisans
1825 561 93 20 secrets
1930 565 13 16 a
1954 559 39 22 été

1522 589 23 21 la
1555 589 103 22 victime
1669 588 32 22 de
1712 595 26 15 sa
1746 589 118 27 trahison,
1873 592 73 25 ayant
1956 589 38 22 été

1522 617 40 23 tué
1574 620 60 21 dans
1641 618 115 28 l’attaque
1764 619 44 22 des
1817 621 109 21 maisons
1934 620 60 22 dont

1522 650 36 21 les
1578 649 89 23 Corses
1679 649 115 23 s’étoient
1808 650 53 28 déjà
1873 651 119 28 emparés,

1523 680 71 27 après
1614 680 72 22 avoir
1702 681 93 27 surpris
1806 682 36 20 les
1856 681 96 22 Soldats
1963 682 30 21 de

1522 711 23 20 la
1565 710 79 22 Mark.
1657 709 22 22 Il
1690 711 68 21 avoit
1769 711 135 22 rassemblé
1925 717 69 17 10000

1522 739 111 23 hommes
1645 746 63 20 pour
1719 742 62 20 cette
1793 740 152 28 expédition,
1951 743 40 26 qui

1523 770 101 22 avoient
1641 769 99 23 marché
1751 773 57 20 tous
1819 771 14 21 à
1844 772 22 21 la
1877 772 58 22 fois.
1953 772 40 22 On

1522 801 69 21 avoit
1604 806 31 16 eu
1653 802 105 26 quelque
1772 803 117 21 nouvelle
1900 803 44 22 des
1957 809 37 16 or-

1523 831 56 21 dres
1590 830 92 22 donnés
1701 836 62 23 pour
1781 838 49 15 une
1843 832 99 23 marche
1953 832 42 28 gé-

1522 860 92 26 nérale,
1627 862 63 21 mais
1702 867 32 16 on
1746 868 31 15 ne
1789 863 82 22 savoit
1883 869 42 16 sur
1938 865 56 26 quel

1523 892 72 27 point
1606 892 47 21 elle
1665 891 86 22 devoit
1761 898 26 15 se
1799 892 99 28 diriger.
1913 894 81 22 Oletta

1522 928 14 15 a
1550 920 40 23 été
1608 921 99 28 attaqué
1726 927 31 16 en
1773 923 156 23 même-tems
1948 930 46 22 que

1523 952 145 28 Barbaggio,
1688 952 61 22 mais
1763 952 37 21 les
1819 953 99 26 Corses,
1938 960 56 16 sans

1522 982 105 27 pouvoir
1635 987 93 22 gagner
1737 989 31 15 un
1777 989 79 20 pouce
1864 985 30 21 de
1902 985 92 21 térrein

1520 1019 20 21 y
1547 1015 43 19 ont
1596 1018 89 16 encore
1693 1013 75 26 perdu
1776 1014 57 26 plus
1840 1014 30 21 de
1879 1020 41 16 100
1926 1015 70 21 hom-

1521 1048 53 16 mes
1584 1043 77 26 qu’on
1671 1048 15 16 a
1700 1042 44 23 fait
1757 1043 165 28 prisonniers,
1938 1051 56 16 sans

1523 1074 110 26 compter
1644 1073 36 20 les
1692 1078 78 16 morts
1782 1074 62 21 dont
1855 1080 31 16 on
1898 1081 32 16 ne
1938 1078 57 24 peut

1519 1102 90 27 jamais
1617 1103 83 21 savoir
1706 1104 24 20 le
1738 1104 111 25 nombre,
1856 1111 45 21 par
1907 1105 25 22 le
1939 1105 55 22 soin

1523 1132 72 28 qu’ils
1604 1134 125 25 prennent
1739 1134 30 20 de
1778 1134 39 21 les
1831 1136 109 22 enlever.

1549 1163 68 22 Nous
1627 1163 89 23 avions
1728 1169 30 16 eu
1767 1165 54 20 avis
1833 1164 30 22 de
1872 1165 122 23 Livourne

1523 1194 88 27 qu’une
1623 1193 88 27 espèce
1722 1193 30 22 de
1764 1193 101 29 Fregate
1876 1201 58 17 sous
1953 1196 42 22 Pa-

1522 1224 78 21 villon
1612 1224 107 27 Anglois
1730 1224 103 29 chargée
1845 1225 110 26 d’armes,
1965 1227 30 21 de

1522 1254 138 23 munitions
1671 1254 24 21 &
1706 1254 30 22 de
1748 1255 95 26 vivres,
1862 1257 88 22 devoit
1963 1262 32 16 en

1522 1285 76 27 partir
1615 1290 62 22 pour
1688 1284 53 22 l'Ile
1752 1284 107 28 Rousse,
1877 1292 64 16 nous
1953 1293 41 15 ve-

1523 1320 62 17 nons
1603 1315 75 21 d'être
1695 1315 119 22 informés
1831 1316 90 28 qu’elle
1930 1324 18 22 y
1959 1320 37 20 est

1524 1344 114 26 arrivée;
1659 1345 22 21 &
1701 1351 32 16 on
1744 1351 64 16 nous
1827 1348 90 20 mande
1932 1348 62 22 delà

1522 1377 81 21 Bastia
1609 1375 59 29 qu’il
1675 1382 32 15 en
1714 1379 38 18 est
1760 1377 63 25 parti
1833 1382 31 16 un
1878 1377 118 23 Courrier

1522 1412 64 22 pour
1596 1412 31 16 en
1639 1406 117 22 instruire
1767 1407 22 20 la
1801 1406 74 23 Cour.
1888 1407 69 23 Nous
1964 1415 30 15 ne

1524 1437 116 28 croyions
1649 1438 136 25 cependant
1792 1443 45 22 pas
1846 1443 46 22 que
1899 1438 39 22 les
1945 1440 51 21 An-

1523 1468 65 28 glois
1604 1466 138 23 favorisent
1759 1467 64 22 ainsi
1841 1468 37 22 les
1894 1468 99 28 Corses,

1523 1498 106 27 quoique
1646 1498 80 21 même
1743 1500 59 20 tous
1816 1499 37 21 les
1869 1499 137 30 Bâtimens,

1523 1530 42 26 qui
1582 1528 119 22 abordent
1712 1527 31 22 du
1761 1528 55 22 côté
1828 1529 31 21 de
1878 1529 68 23 Paoli
1964 1536 30 16 en

1523 1559 67 21 aient
1608 1559 25 21 le
1648 1558 124 25 Pavillon,
1792 1559 59 27 qù’il
1868 1559 87 23 affecte
1964 1561 31 21 de

1523 1589 97 28 publier
1637 1588 79 27 parmi
1728 1589 36 21 les
1783 1590 68 21 siens
1862 1589 59 28 qu’il
1940 1597 55 16 sera

1522 1620 153 28 puissament
1691 1624 113 21 secouiu,
1824 1620 24 21 &
1854 1620 63 28 qu’il
1934 1627 61 23 paye

1523 1652 79 20 même
1614 1649 156 29 quelquefois,
1779 1656 40 16 ses
1831 1650 95 24 Soldats
1936 1658 60 16 avec

1523 1682 64 21 deria
1598 1686 125 23 monnoye
1734 1681 181 28 d’Angleterre.
1928 1682 67 23 Nous

1523 1711 142 29 n’ignorons
1679 1717 43 21 pas
1735 1712 114 22 combien
1866 1713 18 21 il
1896 1715 38 20 est
1944 1714 51 21 aisé

1523 1742 201 22 non-seulement
1741 1742 125 23 d’arborer
1884 1743 110 24 Pavillon

1524 1772 121 28 étranger,
1658 1773 63 21 mais
1733 1773 80 22 même
1825 1773 97 23 d’avoir
1933 1775 30 21 de
1972 1775 24 21 la

1523 1804 118 21 monnoie
1659 1803 122 27 Angloise
1789 1811 7 18 ;
1816 1809 32 16 on
1860 1809 32 17 en
1907 1807 88 19 trouve

1523 1836 52 20 tant
1586 1834 74 27 qu’on
1668 1835 62 20 veut
1738 1834 13 22 à
1760 1833 132 23 Livourne,
1902 1835 23 22 &
1932 1835 18 22 il
1959 1838 37 19 est

1524 1865 92 21 certain
1635 1870 47 21 que
1695 1863 91 23 c’est-là
1800 1871 32 15 un
1852 1866 144 27 stratagème

1524 1896 31 21 de
1574 1894 68 23 Paoli
1662 1900 62 22 pour
1742 1896 94 21 exciter
1848 1901 39 17 ses
1906 1902 63 23 gens
1982 1897 14 21 à

1523 1926 61 22 faire
1602 1925 112 28 toujours
1731 1926 54 27 plus
1805 1926 31 21 de
1853 1926 140 27 résistance,

1523 1962 45 22 par
1578 1955 152 28 l’espérance
1741 1955 97 23 d’avoir
1849 1959 66 20 toute
1931 1960 65 19 sorte

1523 1987 32 21 de
1566 1992 107 17 secours.

1624 2036 82 18 Numéro
1717 2035 26 19 du
1753 2036 23 17 14
1787 2036 50 18 Mars
1848 2035 51 20 1769-

1634 2068 28 18 De
1668 2068 79 18 Monaco
1754 2068 20 17 le
1781 2068 32 18 11.
1820 2069 58 18 Mars.

1551 2101 26 22 Si
1589 2102 23 20 la
1624 2106 53 16 mer
1687 2101 41 21 eût
1739 2101 38 22 été
1791 2102 83 22 moins
1892 2107 104 24 orageu-

1524 2137 34 20 se,
1566 2132 24 21 &
1595 2132 36 21 les
1639 2134 73 19 vents
1719 2133 53 25 plus
1782 2133 145 27 favorables,
1935 2139 61 17 nous

1524 2163 100 20 aurions
1636 2168 56 21 reçu
1705 2164 213 26 successivement,
1929 2163 23 22 &
1966 2170 29 16 en

1524 2198 47 21 peu
1584 2192 30 21 de
1624 2191 78 28 jours,
1715 2192 37 22 les
1764 2192 95 23 Lettres
1871 2193 44 23 des
1927 2200 35 20 20,
1970 2201 26 23 25

1522 2222 24 22 &
1555 2222 29 22 28
1595 2222 105 22 Février
1716 2223 40 27 qui
1770 2229 64 17 nous
1852 2226 144 26 parvinrent

1522 2253 64 22 hier.
1606 2253 63 22 Elles
1680 2256 100 24 portent
1798 2260 48 21 que
1857 2255 139 23 l'intention

1524 2284 30 21 de
1565 2284 69 22 Paoli
1646 2284 62 21 dans
1717 2289 43 17 son
1774 2284 142 28 expédition
1929 2287 31 20 du
1971 2293 23 21 13

1523 2319 32 16 au
1567 2319 27 21 14
1603 2314 64 22 étoit
1676 2315 32 20 de
1719 2320 27 16 se
1759 2316 92 21 rendre
1863 2317 87 21 maître
1966 2317 30 21 de

1522 2345 23 20 la
1557 2345 206 22 communication
1775 2346 30 21 de
1816 2346 21 21 la
1847 2346 82 22 Bastia
1937 2346 13 22 à
1959 2347 35 22 St.

1524 2374 108 26 Florens,
1653 2375 30 21 de
1704 2374 116 29 pénétrer
1838 2377 59 21 dans
1908 2378 26 21 le
1946 2376 50 29 Cap

1524 2404 86 27 Corse,
1621 2405 32 22 où
1660 2406 18 21 ü
1686 2406 70 22 avoit
1764 2406 42 22 des
1815 2407 179 28 intelligences,

1522 2436 24 22 &
1554 2437 29 20 de
1590 2436 98 22 tomber
1697 2436 97 22 ensuite
1803 2442 43 16 sur
1854 2436 34 23 St.
1896 2437 99 23 Florens

1522 2466 14 22 à
1547 2467 22 21 la
1581 2465 87 23 faveur
1678 2467 45 21 des
1735 2467 122 22 habitants
1866 2468 30 21 de
1904 2469 24 21 la
1937 2468 59 22 Pro-

1522 2497 74 22 vince
1607 2498 41 27 qui
1662 2498 113 21 auroient
1784 2500 51 26 pris
1853 2499 36 21 les
1906 2504 88 21 armes,

1522 2532 33 17 ou
1565 2533 64 22 pour
1639 2527 52 22 s'en
1702 2533 121 22 emparer,
1834 2533 32 17 ou
1875 2534 64 21 pour
1946 2529 48 22 for-

1523 2563 41 16 cer
1573 2559 23 20 le
1608 2557 112 28 Marquis
1732 2557 154 24 d’Arcambal
1898 2559 96 22 d’aban-

1522 2589 94 21 donner
1626 2588 91 22 Oletta.
1728 2589 83 26 Projet
1820 2589 77 26 hardi,
1910 2591 41 27 qui
1959 2591 34 21 lui

2016 95 132 28 paroissoit
2160 94 58 22 bien
2231 93 116 23 concerté
2355 100 6 18 ;
2373 92 61 22 mais
2447 91 17 22 il
2475 97 13 16 a

2017 129 55 26 trop
2090 126 97 27 compté
2203 131 42 16 sur
2264 130 33 16 un
2317 125 173 22 soulèvement

2016 158 31 22 de
2058 159 23 21 la
2100 159 55 26 part
2164 158 31 21 de
2206 162 39 17 ses
2264 155 192 27 Compatriotes,
2466 157 23 20 &

2016 189 92 23 l’echec
2119 187 58 29 qu’il
2188 193 14 15 a
2214 193 30 15 eu
2252 187 34 21 lui
2296 192 59 16 aura
2364 192 58 16 sans
2430 186 60 22 dou-

2017 223 25 19 te
2052 220 44 23 fait
2108 218 87 28 perdre
2205 217 128 26 beaucoup
2346 217 30 22 de
2392 216 23 22 la
2434 222 56 16 con-

2017 251 79 22 fiance
2108 248 58 28 qu’il
2178 247 69 23 avoit
2258 252 43 22 sçu
2312 247 54 22 leur
2376 248 115 27 inspirer.

2019 281 68 22 Cette
2094 278 82 23 affaire
2183 278 36 23 lui
2226 278 72 21 coûte
2306 283 64 22 pour
2377 279 23 21 le
2410 279 81 22 moins

2017 311 43 23 800
2069 311 126 24 hommes;
2206 315 31 16 on
2247 314 87 16 amena
2346 315 89 16 encore
2446 309 12 21 à
2467 312 23 20 la

2018 342 81 22 Bastia
2110 342 23 21 le
2147 347 33 21 17,
2189 340 103 22 nombre
2302 339 31 23 de
2340 340 151 28 prisonniers

2019 373 72 27 qu’on
2105 371 68 22 avoit
2183 370 90 22 trouvé
2284 370 63 22 dans
2364 372 38 20 les
2419 376 73 17 caves

2018 404 30 22 de
2059 402 145 28 Barbaggio,
2224 401 31 22 où
2270 401 31 22 ils
2320 400 116 24 s’étoient
2453 409 39 15 ca-

2019 434 59 22 chez
2085 434 88 27 jusque
2184 432 60 22 dans
2255 432 45 21 des
2309 433 131 21 tonneaux.
2451 433 40 22 On

2019 471 31 16 en
2061 470 13 15 a
2090 464 51 27 pris
2158 468 104 23 presque
2278 463 25 21 le
2322 462 93 23 double
2433 462 59 23 dans

2018 495 35 22 les
2061 494 59 22 Bois
2126 499 47 22 que
2180 492 50 23 l'on
2237 492 86 22 fouilla
2333 499 31 16 en
2373 495 119 20 revenant

2019 525 31 22 de
2060 524 136 28 Barbaggio
2205 530 6 19 ;
2222 524 30 22 ils
2264 522 82 23 furent
2358 523 112 23 conduits
2478 523 14 22 à

2019 555 35 23 St.
2067 555 109 25 Florens,
2189 554 23 22 &
2229 560 31 16 on
2273 561 31 15 en
2318 556 40 20 tua
2370 555 123 27 plusieurs

2020 589 89 19 autres.
2123 585 41 22 On
2174 586 66 21 croit
2254 590 49 22 que
2322 585 79 26 Paoli,
2420 584 73 29 qu’on

2019 618 37 21 dit
2066 617 76 21 n’être
2161 616 74 28 point
2250 614 141 29 découragé
2404 621 43 22 par
2460 622 32 16 un

2020 647 78 28 pareil
2110 645 81 26 échec,
2206 646 63 22 mais
2280 652 32 15 au
2324 647 123 21 contraire
2456 646 38 22 ré-

2020 679 54 21 solu
2093 677 31 21 de
2143 677 105 26 prendre
2269 682 26 16 sa
2308 676 132 27 revanche,
2461 682 32 16 ne

2019 710 95 25 trempe
2124 708 72 26 point
2206 707 61 21 dans
2275 708 24 20 le
2309 708 109 26 complot
2429 708 42 26 qui
2479 713 14 14 a

2020 738 38 22 été
2064 737 133 23 découvert
2205 737 60 21 dans
2273 737 219 23 Oletta.Plusieurs

2020 769 43 21 des
2082 768 124 21 habitants
2217 773 19 23 y
2252 768 104 21 avoient
2375 767 77 23 formé
2469 769 25 21 le

2019 799 82 27 projet
2112 798 159 21 d’assassiner
2291 797 36 22 M.
2340 797 156 23 d’Arcambal

2020 834 60 16 avec
2091 830 56 20 tous
2159 829 36 20 les
2207 827 115 22 Officiers
2340 828 60 28 qu'il
2411 835 13 14 a
2436 834 57 17 sous

2019 861 37 21 les
2067 859 93 24 ordres,
2172 858 23 22 &
2207 858 178 23 d’exterminer
2399 860 95 21 ensuite

2020 891 55 21 tous
2086 890 37 21 les
2143 888 104 25 Soldats,
2260 893 28 17 ce
2304 889 42 26 qui
2358 890 80 21 auroit
2457 895 39 16 re-

2019 919 107 24 nouvelé
2136 919 37 22 les
2185 918 95 28 Vêpres
2292 919 157 23 Siciliennes.
2464 920 30 21 La

2021 951 147 22 découverte
2175 950 30 22 de
2214 956 28 16 ce
2250 950 136 22 détestable
2397 951 97 22 dessein

2020 984 38 20 est
2068 982 47 20 due
2126 980 13 22 â
2152 986 47 16 une
2210 981 91 21 femme
2317 981 41 26 qui
2376 987 31 15 en
2426 981 68 23 avoit

2021 1012 39 22 été
2070 1011 115 22 instruite
2197 1010 21 21 &
2228 1011 40 26 qui
2278 1011 37 22 dit
2325 1010 15 23 à
2347 1017 33 15 un
2390 1011 105 23 Domes-

2019 1043 68 27 tique
2107 1042 60 21 dont
2186 1041 47 22 elle
2252 1040 64 23 étoit
2335 1047 157 17 amoureuse:

2020 1076 174 24 sauvez-vous,
2203 1070 49 23 Elle
2260 1070 49 23 l’en
2320 1077 83 21 pressa
2415 1073 80 22 même

2019 1102 133 24 tellement,
2173 1100 139 28 qu’entrant
2332 1108 31 16 en
2377 1102 116 26 défiance,

2021 1133 98 22 celui-ci
2127 1137 31 16 en
2166 1132 82 21 donna
2255 1132 56 21 avis
2319 1138 14 15 a
2341 1138 47 16 son
2398 1133 95 22 Maître.

2021 1163 34 22 M.
2068 1162 157 23 d’Arcambal
2236 1162 79 22 averti
2332 1163 28 22 fit
2370 1164 92 21 arrêter
2473 1164 22 22 la

2021 1194 97 25 femme,
2131 1193 105 22 doubler
2245 1193 37 21 les
2300 1192 104 28 Gardes,
2421 1194 22 21 &
2454 1197 42 19 eut

2021 1224 97 22 bientôt
2135 1224 176 21 connoissance
2330 1225 31 20 de
2372 1224 123 27 plusieurs

2021 1255 43 21 des
2081 1254 134 26 complices
2228 1254 39 27 qui
2286 1254 84 22 furent
2380 1255 72 22 saisis
2463 1261 31 16 au

2021 1285 102 23 nombre
2143 1284 30 21 de
2196 1289 28 17 22
2235 1290 6 19 ;
2264 1284 64 22 mais
2352 1285 77 22 douze
2451 1287 42 20 des

2021 1315 147 27 principaux
2178 1314 77 22 Chefs
2269 1315 97 27 prirent
2380 1316 116 22 aussi-tôt

2020 1347 23 21 la
2055 1345 61 22 fuite
2122 1353 7 18 ;
2148 1344 121 28 plusieurs
2288 1346 32 21 de
2339 1352 63 16 ceux
2421 1347 74 27 qu’on

2021 1376 51 27 pris
2084 1375 137 23 avouèrent
2232 1376 23 20 le
2266 1375 54 26 fait,
2334 1382 32 16 on
2379 1377 38 21 les
2437 1382 58 17 con-

2021 1407 76 22 duisit
2115 1408 57 20 tous
2185 1406 62 22 dans
2266 1406 37 22 les
2316 1407 101 22 cachots
2431 1408 30 22 de
2473 1409 22 21 la

2022 1437 119 23 Citadelle
2153 1437 30 21 de
2190 1437 24 21 la
2222 1436 90 26 Bastia,
2322 1437 24 21 &
2354 1443 32 16 on
2397 1438 98 22 instrui-

2020 1474 26 16 ra
2057 1469 55 20 leur
2128 1466 87 29 procès
2235 1468 59 21 dans
2306 1468 36 22 les
2357 1468 91 22 formes
2459 1470 36 21 les

2020 1500 55 26 plus
2089 1500 98 20 exactes
2198 1503 63 21 pour
2269 1498 87 22 tâcher
2366 1499 31 22 de
2409 1498 87 24 décou-

2020 1529 54 23 vrir
2083 1530 24 21 le
2118 1528 121 28 principal
2250 1531 87 19 auteur
2349 1529 30 21 de
2397 1533 39 19 cet
2450 1531 47 21 ini-

2022 1565 46 23 que
2077 1559 82 27 projet
2169 1558 22 22 &
2202 1559 73 26 punir
2284 1560 98 21 ensuite
2393 1561 37 20 les
2439 1566 57 17 cou-

2020 1590 85 27 pables
2122 1590 68 21 selon
2208 1592 68 19 toute
2287 1590 25 21 la
2330 1590 102 27 rigueur
2451 1592 43 21 des

2020 1620 61 23 loix.
2094 1620 21 21 Il
2128 1622 38 19 est
2174 1619 61 22 hors
2244 1620 30 20 de
2283 1621 75 22 doute
2367 1627 48 21 que
2426 1621 69 23 Paoli

2022 1653 37 20 est
2077 1650 104 22 informé
2203 1651 30 21 de
2252 1651 24 21 la
2294 1650 151 24 découverte
2465 1653 31 21 de

2021 1683 64 21 cette
2098 1680 168 28 conspiration
2278 1687 6 20 ;
2304 1681 24 21 &
2338 1683 70 21 selon
2428 1684 69 21 toute

2021 1717 146 24 apparence,
2185 1712 19 21 il
2214 1718 32 16 ne
2263 1713 113 28 doit-pas
2396 1714 101 28 ignorer

2022 1750 28 15 ce
2061 1743 41 27 qui
2117 1749 14 15 a
2149 1741 38 24 été
2202 1743 45 22 fait
2257 1748 30 16 en
2308 1743 170 28 conséquence
2487 1750 7 20 ;

2022 1773 62 22 mais
2091 1773 58 21 bien
2157 1773 54 22 loin
2219 1773 55 21 d'en
2283 1774 111 27 paroitre
2401 1774 94 26 rebuté,

2021 1804 19 22 il
2050 1804 94 21 semble
2154 1809 30 16 au
2196 1805 124 21 contraire
2329 1810 47 22 que
2384 1806 37 21 les
2429 1811 67 16 mau-

2021 1835 54 21 vais
2095 1834 84 22 succès
2193 1840 32 16 ne
2246 1834 53 23 font
2311 1834 138 28 qu’exciter
2466 1836 30 22 de

2022 1867 54 24 plus
2088 1870 31 16 en
2135 1865 54 26 plus
2200 1870 46 17 son
2266 1865 131 23 ambition.
2415 1866 81 28 Après

2022 1896 44 21 des
2083 1895 95 28 prières
2189 1896 132 27 publiques
2332 1896 15 22 à
2359 1896 85 26 Corte,
2463 1897 34 22 où

2021 1926 49 22 l'on
2082 1925 70 22 avoit
2163 1925 94 28 exposé
2266 1927 25 21 le
2303 1926 35 22 St.
2346 1926 149 28 Sacrement,

2023 1957 18 21 il
2051 1955 28 22 fit
2096 1962 34 15 un
2148 1957 71 26 appel
2236 1955 100 29 général
2354 1956 14 22 à
2381 1957 96 24 Murato
2488 1965 6 19 ;

2023 1986 58 23 trois
2094 1986 13 21 à
2128 1988 86 24 quatre
2233 1986 68 22 mille
2322 1987 115 23 hommes
2460 1989 39 28 s’y

2022 2016 95 22 étoient
2133 2016 153 27 rassemblés,
2299 2017 24 21 &
2334 2019 19 21 il
2369 2019 129 28 projettoit

2022 2047 105 28 quelque
2146 2048 116 21 nouvelle
2283 2050 140 25 entreprise
2433 2055 8 20 ;
2464 2056 32 16 on

2022 2077 136 22 l’attendoit
2170 2077 30 22 de
2211 2078 58 27 pied
2286 2079 86 26 ferme,
2388 2081 55 20 tous
2460 2082 37 20 les

2021 2113 117 23 passages
2155 2111 57 19 sont
2222 2109 58 21 bien
2299 2109 99 28 gardés,
2411 2111 23 21 &
2444 2114 55 19 tout

2022 2141 38 20 est
2071 2138 113 23 concerté
2195 2139 31 22 de
2238 2139 70 28 façon
2326 2140 72 27 qu'on
2418 2142 81 22 auroit

2022 2168 113 24 souhaité
2146 2170 31 21 de
2195 2170 24 21 le
2231 2171 57 21 voir
2301 2172 119 26 paroitre,
2436 2178 63 21 pour

2022 2200 35 22 lui
2066 2200 97 23 donner
2172 2205 46 17 une
2225 2201 110 21 seconde
2342 2202 72 28 leçon
2423 2209 6 19 ;
2437 2204 61 21 mais

2022 2231 19 21 ii
2052 2230 52 22 faut
2115 2236 47 21 que
2173 2235 41 17 ses
2225 2237 65 21 gens
2302 2237 171 18 commencent
2485 2233 14 21 à

2023 2267 27 16 se
2065 2260 126 28 dégoûter,
2208 2261 118 28 puisqu’il
2346 2262 40 23 n’a
2409 2269 33 22 pu
2461 2266 36 20 les

2021 2292 66 21 tenir
2097 2292 156 26 rassemblés,
2266 2298 91 17 encore
2369 2295 81 21 moins
2461 2296 36 20 les

2022 2322 62 22 faire
2098 2322 62 28 agir,
2174 2322 21 22 &
2207 2329 48 22 que
2264 2324 24 20 la
2298 2324 101 27 plupart
2408 2331 26 16 se
2443 2328 56 20 sont

2021 2352 86 23 retirés
2119 2353 58 22 chez
2188 2359 57 17 eux.
2255 2353 26 23 Si
2291 2354 60 23 c’est
2360 2362 63 21 pour
2433 2362 18 22 y
2458 2362 39 16 re-

2022 2384 107 27 prendre
2148 2384 107 27 haleine,
2276 2385 31 22 ils
2322 2391 31 16 ne
2373 2387 126 22 tarderont

2022 2420 43 22 pas
2088 2415 30 20 de
2139 2415 108 26 revenir,
2259 2415 23 21 &
2294 2416 22 21 si
2337 2417 52 21 cela
2410 2420 38 19 est
2466 2418 31 21 ils

2021 2446 109 26 peuvent
2135 2445 132 22 s’attendre
2272 2446 78 23 d’être
2354 2447 59 22 bien
2419 2453 78 23 reçus.

2256 2483 24 30 [à
2291 2486 97 29 suivre)

2020 2557 99 23 Aiaeciu
2128 2569 28 5 —
2168 2558 133 29 Slamparia
2314 2560 25 21 di
2353 2561 23 20 A
2387 2560 105 28 Muvra,

2022 2598 14 14 u
2048 2590 243 25 Direllore-Gerente:
2300 2591 72 24 Petru
2383 2593 101 24 ROCCA

34 2699 130 24 Fugiitünudi
167 2699 128 19 AAiuvra—
301 2699 77 20 u.iOS—
385 2699 19 18 di
410 2705 12 13 u
429 2699 76 19 20-1-29

60 2756 245 54 pAsnuÂiE
337 2757 146 49 PAOLI

239 2824 67 20 OSSIA

79 2861 38 35 h
134 2860 82 36 Hotte
232 2860 31 35 di
276 2860 178 37 Ponknmvd

36 2915 471 25 RACONTOCORSODELSECOLO

228 2949 84 24 xvm

261 2994 24 19 Di

132 3028 34 26 F.
181 3029 36 25 B.

211 3113 90 30 [Segui
302 3114 34 29 lo)

37 3164 49 22 Per
96 3166 83 22 secolo
189 3170 49 16 non
250 3165 77 22 brève
344 3166 22 21 la
386 3165 125 26 rcligione

37 3200 117 19 sostenne
162 3198 24 21 le
194 3198 55 25 arti,
263 3199 31 20 ed
306 3198 25 21 in
350 3198 58 27 quel
424 3201 85 22 tempo

36 3235 13 15 a
72 3231 150 21 mantenerie
243 3231 25 21 in
290 3231 62 22 fiore
386 3228 124 24 contribui

37 3263 110 21 eziandio
156 3262 18 21 il
183 3264 66 20 culto
262 3263 65 28 degli
335 3263 94 22 uomini
438 3268 74 21 gran-

38 3293 25 22 di
74 3300 6 14 :
93 3299 13 15 e
119 3297 87 24 questa
228 3295 25 21 fu
278 3302 43 20 per
342 3298 54 20 loro
407 3297 23 20 la
445 3295 64 21 bella

37 3326 126 27 stagione;
175 3333 40 16 ma
225 3328 77 22 anche
314 3330 24 20 in
348 3330 48 20 taie
405 3328 106 28 période

37 3364 46 21 per
101 3359 113 22 lavorare
233 3360 167 24 fecondarono
414 3367 46 16 con
473 3360 37 22 of-

39 3392 51 21 fesa
98 3391 219 29 déliareligionela
326 3394 184 28 superstizior.e,

38 3430 15 16 e
76 3424 89 22 furono
189 3426 114 26 complici
322 3431 13 17 â
366 3428 145 27 propagarla

38 3458 67 21 neïle
127 3458 78 21 menti
228 3458 40 21 dei
290 3462 88 21 movtal
383 3461 6 21 i
399 3467 7 16 ;
429 3466 15 15 e
468 3465 44 23 per

38 3496 49 15 una
94 3492 80 20 statua
185 3489 24 21 di
221 3489 98 25 Socrate
324 3499 32 16 ne
367 3493 144 27 scolpirono

39 3525 109 21 trecento
172 3528 14 16 a
206 3522 126 24 Demetrio
349 3526 108 21 Falereo.
478 3525 33 21 Le

39 3557 86 21 lettere
136 3561 125 22 nocquero
276 3558 46 20 alla
333 3558 117 25 umanità,
472 3564 40 16 ma

39 3595 46 16 con
93 3590 24 21 la
125 3589 135 23 medesima
283 3592 142 25 agevolezza
446 3592 66 27 ripa-

531 2705 88 17 rarono
652 2700 100 22 l’errore
763 2706 6 19 ;
786 2705 34 16 un
840 2700 110 26 esempio
967 2699 34 22 mi

532 2734 71 26 valga
617 2739 13 15 a
638 2733 105 22 chiarire
764 2734 18 21 U
805 2733 50 22 mio
879 2735 123 20 concetto.

533 2766 81 23 Plinio
626 2770 113 18 racconta
748 2766 46 22 che
806 2765 114 22 Teodoro
934 2764 68 29 gettô

533 2800 22 21 la
565 2801 77 20 statua
655 2799 23 21 di
692 2798 97 23 Nerone
810 2799 47 21 alla
877 2804 40 17 no
927 2799 75 27 piedL

533 2839 14 15 e
558 2833 45 21 che
611 2838 29 16 un
651 2833 90 26 pittore
749 2832 34 28 gii
791 2832 97 26 dipinse
895 2832 18 21 il
923 2832 82 21 ritrat-

535 2869 25 19 to
568 2865 143 23 dell’altezza
718 2865 24 22 di
753 2871 41 16 120
803 2864 78 28 piedi;
893 2864 112 29 immagi-

533 2900 83 21 niamo
627 2898 44 22 che
682 2900 25 20 lo
720 2900 105 20 scultore
844 2904 13 15 e
869 2898 18 21 il
903 2898 99 27 pittore,

534 2931 175 29 vergognando
740 2931 64 22 delle
834 2936 74 22 opéré
938 2931 64 25 loro-,

536 2966 169 21 intendessero
712 2970 44 22 per
766 2964 126 22 ammenda
903 2964 102 22 fondere

536 2999 16 21 il
567 2998 132 22 simulacro
710 2998 24 21 dî
747 2996 92 27 Cristo,
850 3002 15 17 0
876 2997 129 28 dipingere

536 3033 21 20 la
565 3031 135 28 iniavagine
706 3031 27 21 di
741 3029 75 23 Bruto
824 3035 46 17 con
881 3030 125 21 ladimen-

535 3066 71 20 sione
619 3064 61 21 délia
701 3066 77 20 statua
788 3070 15 15 e
814 3064 39 21 del
871 3064 97 21 ritratto
979 3063 25 22 di

536 3098 105 25 Nerone,
652 3098 24 21 lo
691 3097 115 27 potrieno
818 3096 69 22 essi?
908 3096 56 22 Non
980 3097 25 21 lo

536 3130 158 28 potrebbero,
706 3130 75 27 perlo
793 3129 44 28 più
848 3130 75 21 scarsi
936 3135 69 16 corne

536 3170 62 15 sono
619 3162 92 22 facoltà.
722 3174 28 5 —
763 3162 73 22 Dove
857 3163 149 26 all’oppostû

536 3203 26 15 se
571 3202 32 16 un
615 3197 113 21 letterato
748 3195 132 28 inciampa,
902 3196 25 20 di
938 3196 67 21 lieve

536 3230 20 20 si
566 3229 131 25 raddrizza,
709 3235 14 15 e
736 3233 45 17 con
795 3234 31 15 un
838 3228 130 28 quinterno
979 3228 25 22 di

537 3265 71 21 caria,
630 3267 32 15 un
680 3262 38 26 po’
738 3261 160 22 d’inchiostro
910 3262 33 20 ed
959 3266 47 16 una

537 3300 88 22 penna,
635 3293 48 27 può
697 3293 112 22 edificare
818 3296 86 19 eterno
920 3299 87 15 monu-

537 3329 83 20 mento
628 3327 23 21 al
669 3332 43 16 suo
729 3331 82 17 nome.
819 3337 29 5 —
856 3325 75 23 Forse
953 3325 54 22 sarà

537 3361 45 21 che
593 3362 22 19 le
627 3360 45 21 arti
694 3359 133 27 splendano
838 3359 103 22 l’ultimo
952 3364 55 22 rag-

535 3394 44 27 gio
589 3393 24 21 ui
628 3398 32 15 un
679 3392 103 27 popolo,
794 3398 14 15 e
826 3398 27 15 se
873 3391 52 22 cosi
941 3392 21 25 è,
981 3397 25 16 10

538 3432 68 16 corne
618 3425 89 21 vedetc
717 3426 33 20 ho
762 3426 75 21 buoni
855 3424 90 22 molivi
963 3430 44 21 per

538 3459 139 21 desiuerare
689 3458 46 21 che
750 3462 81 23 venga
852 3457 73 25 tardi,
938 3463 14 15 e
963 3463 44 21 per

536 3491 135 22 ammonire
679 3489 56 26 che,
747 3492 102 24 venuto,
862 3491 32 26 gü
901 3490 20 20 si
933 3491 74 26 tenga

536 3524 104 22 Vocchio
651 3522 107 22 addosso
771 3523 89 27 perché
869 3528 49 17 non
931 3523 74 21 faccia

537 3559 95 26 guasto.
644 3556 143 22 D’altronde
810 3556 101 21 sarebbe
922 3558 84 20 strano

538 3591 45 22 che
594 3590 31 21 ad
642 3596 31 14 un
692 3591 92 24 popolo
805 3590 78 20 inetto
895 3594 13 16 a
925 3589 82 21 cucire

1028 2703 85 22 scarpe
1124 2704 14 16 e
1148 2698 121 28 giubboni
1281 2699 22 21 si
1314 2705 87 16 avesse
1412 2704 14 16 a
1435 2699 63 21 inse-

1029 2736 74 22 gnare
1111 2731 130 29 dipingere
1249 2732 85 28 quadri
1341 2738 6 15 :
1360 2734 137 26 perquanto

1028 2765 43 27 poi
1093 2765 146 27 appartiene
1257 2771 14 15 a
1293 2766 94 25 lettere,
1405 2765 8 21 i
1426 2765 70 22 Côrsi

1029 2797 171 29 abbisognano
1219 2797 122 28 piuttosto
1373 2798 25 21 di
1420 2798 77 27 freno,

1030 2831 45 21 che
1084 2831 25 20 di
1120 2836 96 22 sprone,
1231 2832 44 22 chè
1286 2833 36 26 gli
1339 2832 73 21 stessi
1428 2831 71 22 Fran-

1030 2863 60 26 cesi,
1098 2864 86 26 parchi
1193 2864 107 23 lodatori
1312 2865 81 25 altrui,
1404 2864 95 22 cunfes-

1030 2902 59 16 sano
1101 2898 83 25 questa
1197 2898 165 27 propensione
1372 2897 39 21 dei
1421 2898 76 21 nostri

1029 2930 31 21 ad
1068 2930 59 27 ogni
1138 2930 112 22 maniera
1261 2931 26 21 di
1298 2932 142 21 lettératura
1447 2937 6 15 :
1468 2930 30 22 nè

1031 2962 38 22 ciò
1079 2963 160 28 erasfuggito
1251 2963 48 28 agli
1314 2963 100 25 antichi,
1427 2968 72 17 aven-

1031 2995 38 26 do,
1079 2996 36 20 fra
1125 2995 34 28 gli
1173 2996 55 22 altri
1240 2997 18 21 il
1270 2995 104 27 Grevio,
1394 2998 42 20 nel
1453 3002 45 16 suo

1034 3028 91 23 Tesoro
1139 3028 68 23 delle
1217 3029 281 24 antichitàdichiarato

1031 3067 70 16 corne
1116 3072 28 5 —
1156 3063 45 21 sub
1217 3063 84 28 lingua
1323 3062 99 23 Côrsi...
1444 3068 54 16 cum

1031 3096 63 20 lacté
1117 3097 24 20 et
1168 3096 65 21 mele
1262 3096 95 22 habent
1380 3097 117 25 aculeum,

1032 3128 105 27 ideoque
1149 3127 55 24 foro
1219 3130 50 20 nati
1281 3131 56 20 sunt
1348 3127 39 29 (1).
1401 3127 45 23 Ciò
1463 3128 35 22 sia

1032 3161 68 21 detto
1109 3163 92 25 quanto
1217 3161 32 21 ad
1259 3163 132 27 eloquenza
1397 3167 7 20 ;
1414 3162 86 26 rispet-

1030 3195 26 20 to
1080 3194 47 21 alla
1149 3194 83 28 poesia
1254 3195 42 22 voi
1308 3200 50 17 non
1375 3196 124 21 troverete

1031 3229 101 24 pastore
1139 3226 46 22 che
1191 3233 51 16 non
1247 3229 72 26 legga
1331 3228 7 21 i
1348 3228 76 21 nostri
1435 3232 65 17 som-

1031 3260 34 20 mi
1078 3260 77 26 poeti,
1168 3260 234 26 massimeil.Tasso,
1411 3265 51 18 e.se
1473 3260 26 21 vi

1032 3291 135 22 affermassi
1177 3292 46 23 che
1234 3293 25 21 in
1271 3298 62 23 capo
1352 3293 103 22 all’anno
1478 3293 21 21 si

1031 3324 115 22 vendono
1164 3325 45 27 più
1227 3327 95 21 volumi
1334 3326 64 21 délia
1419 3326 80 22 Geru-

1031 3357 119 23 salemme
1163 3357 70 23 liber
1234 3361 43 20 ata
1289 3359 45 21 che
1351 3360 87 25 Iunari,
1455 3358 43 23 voi

1032 3395 51 16 non
1094 3392 111 25 potreste
1220 3392 155 27 appuntarmi
1394 3391 24 21 di
1434 3397 68 16 men-

1031 3428 86 23 zogna.
1130 3423 136 24 Pressochè
1276 3424 58 22 tutti
1341 3425 40 27 qui
1393 3420 108 32 împrov-

1031 3456 91 22 visanû
1140 3458 76 25 versi,
1240 3464 14 15 e
1273 3460 24 20 le
1309 3458 82 22 donne
1409 3457 90 25 altresì,
1508 3461 4 8 '

1031 3489 53 21 anzi
1095 3489 42 27 più
1148 3489 68 29 degli
1228 3491 55 22 altri
1293 3491 25 20 le
1340 3490 91 26 donne,
1449 3496 13 15 e
1473 3490 26 21 vi

1033 3527 28 16 so
1072 3522 55 21 dire
1138 3522 46 22 che
1195 3524 127 21 tremenda
1339 3529 59 17 cosa
1419 3529 62 16 sono
1492 3522 8 21 i

1032 3555 56 21 loro
1099 3557 87 20 voceri
1197 3562 71 21 sopra
1281 3557 8 20 i
1298 3557 69 25 corpi
1383 3557 40 20 dei
1443 3561 59 16 con-

1031 3588 79 27 giunti
1122 3590 144 20 ammazzati.
1276 3589 40 21 Ma
1325 3589 64 25 posti
1398 3589 29 21 da
1434 3591 67 25 parte

1531 2699 113 22 inaturali
1650 2700 87 21 talenti
1745 2700 40 22 del
1793 2702 100 25 popolo,
1900 2701 100 27 auspice

1525 2731 18 22 il
1553 2735 84 19 nostro
1643 2734 124 26 generale,
1781 2739 46 22 per
1838 2734 123 22 coltivarli
1973 2735 25 21 in

1524 2765 83 28 regola
1616 2766 113 22 abbiamo
1750 2766 102 23 fondato
1874 2773 49 16 una
1946 2768 53 21 uni-

1525 2798 101 23 versité-

1553 2843 26 5 —
1585 2831 156 23 Université?
1752 2832 21 22 11
1779 2833 221 29 signorBournaby

1524 2865 36 21 mi
1569 2865 125 27 consegnò
1712 2871 48 16 una
1774 2871 69 17 cassa
1854 2867 25 21 di
1894 2867 58 21 libri
1969 2867 29 21 da

1525 2897 96 22 offerire
1632 2898 100 22 indono
1742 2899 48 22 alla
1805 2901 84 20 scuola
1900 2899 25 22 di
1939 2899 60 22 Cor-

1524 2932 33 24 te,
1580 2930 61 27 perô
1665 2931 31 23 di.
1710 2930 146 23 Université
1877 2937 51 17 non
1962 2934 34 21 mi

1524 2965 75 20 tenne
1607 2965 93 26 parola.

1552 3008 28 5 —
1588 2995 32 23 La
1640 2998 84 21 scuola
1748 2997 13 21 è
1783 2998 126 22 diventata
1936 2998 62 22 Uni-

1524 3029 92 22 versité
1627 3035 7 20 ;
1655 3035 64 23 poca
1739 3036 58 19 co.sa
1824 3031 95 26 invero,
1936 3038 61 20 pure

1525 3063 127 22 bastevole
1665 3069 45 21 per
1721 3069 50 20 ora,
1793 3069 13 16 e
1828 3063 123 23 coll’aiuto
1971 3065 24 21 di

1526 3095 48 23 Dio
1603 3095 120 23 crescerà.
1748 3095 10 22 I
1778 3095 134 29 professori
1941 3098 55 21 tutti

1525 3128 57 22 frati
1593 3134 6 20 ;
1616 3129 25 21 io
1659 3130 191 27 indegnamente
1867 3131 24 21 la
1911 3135 84 23 reggo,

1525 3163 33 20 èd
1566 3162 104 26 insegno
1681 3162 98 22 istituto
1791 3162 76 22 civile
1872 3168 14 15 e
1898 3162 107 23 canoni-'

1526 3200 37 20 co,
1575 3196 71 24 etica,
1661 3201 13 15 e
1682 3195 87 22 diritto
1779 3195 25 21 di
1817 3199 105 19 naturae
1934 3196 63 22 delle

1525 3227 79 28 genti.
1617 3227 79 23 Padre
1709 3226 125 24 Leonardo
1846 3229 29 21 da
1895 3228 104 29 Campo-

1526 3262 63 23 loro,
1601 3262 45 20 che
1657 3261 33 21 mi
1704 3260 67 22 siede
1781 3264 104 22 accanto,
1900 3262 98 21 minore

1526 3294 144 21 osservante
1679 3298 69 16 corne
1757 3299 47 19 me,
1831 3298 92 23 espone
1945 3293 54 23 filo-

1526 3326 62 22 sofia
1608 3332 14 15 e
1633 3326 156 22 matematica
1797 3332 7 20 ;
1827 3326 7 21 i
1854 3327 142 27 cappuccini

1526 3359 98 27 Angelo
1633 3359 30 21 da
1677 3358 102 22 Venaco
1789 3365 13 15 e
1825 3357 172 24 Giambattista

1527 3392 31 21 da
1569 3391 97 22 Brando
1676 3392 138 27 leggono,il
1825 3393 80 27 primo
1918 3393 81 22 teolo-

1527 3425 40 27 gia
1576 3425 101 24 morale,
1690 3424 21 21 ü
1732 3425 108 21 seconda
1863 3426 117 21 rettorica
1990 3433 6 18 ;

1526 3457 179 21 l’instancabile
1727 3460 84 19 nostro
1832 3457 73 28 padre
1917 3457 81 23 Bonfi-

1527 3490 77 27 gliolo
1617 3489 128 22 Guelfucci
1757 3491 101 25 servita,
1868 3490 45 23 che
1923 3491 27 21 vi
1961 3494 36 19 sta

1527 3523 127 26 rimpetto,
1668 3524 135 26 segretario
1817 3524 40 21 del
1870 3525 126 25 generale,

1528 3558 143 19 ammaestra
1681 3555 36 27 gli
1729 3556 88 21 scolari
1837 3557 64 21 nella
1919 3557 79 22 teolo-

1527 3589 40 27 gia
1580 3588 147 22 dominatica
1737 3594 15 15 e
1762 3590 65 21 nella
1835 3590 75 21 storia
1919 3590 80 21 eccle-

2027 2702 98 22 siastica
2134 2708 6 19 ;
2153 2709 14 15 e
2178 2707 71 18 corne
2260 2703 68 22 fosse
2340 2710 76 22 pcco,
2429 2707 71 21 trova

2026 2737 84 26 tempo
2120 2735 25 22 di
2157 2737 94 21 dettare
2261 2737 103 25 storie,e
2375 2740 124 20 mantene-

2026 2773 27 17 re
2064 2769 204 27 corrispondenza
2283 2770 55 22 coll’
2350 2771 149 22 Accademia

2026 2802 62 22 délia
2098 2801 91 23 Crusca
2198 2802 25 22 di
2234 2803 58 21 cuiè
2302 2804 195 23 socio.Viviamo

2026 2834 113 26 insieme,
2154 2841 15 16 e
2181 2840 45 18 con
2242 2841 57 17 esso
2310 2837 43 22 noi
2366 2838 68 21 venti
2447 2843 53 17 sco-

2024 2867 47 22 lari
2081 2869 98 21 educati
2186 2874 15 14 e
2212 2868 93 23 nudriti
2313 2876 45 21 per
2365 2871 100 22 l'amore
2473 2871 26 22 di

2025 2900 56 25 Dio,
2095 2902 62 21 oltre
2174 2902 7 20 i
2192 2902 106 27 figliuoîi
2313 2903 41 21 dei
2367 2904 75 21 morti
2454 2910 44 21 per

2024 2935 22 20 la
2057 2934 87 26 patria.
2155 2934 31 22 La
2195 2935 137 22 istruzione
2344 2938 67 20 costa
2423 2938 74 25 nulla,

2024 2973 13 15 e
2055 2966 25 22 fu
2099 2969 157 25 proweduto
2276 2967 104 23 affmchè
2392 2971 34 26 gli
2443 2971 55 21 altri

2024 3000 87 22 scolari
2123 3002 140 21 trovassero
2274 3002 25 21 in
2309 3001 78 23 Corte
2394 3003 65 22 vitto
2467 3003 32 21 ed

2024 3034 107 28 alloggio
2144 3039 44 17 con
2200 3034 167 28 piccolissima
2379 3041 82 22 spesa;
2473 3037 26 22 di

2023 3066 43 28 più
2073 3067 111 27 sappiate
2191 3068 47 21 che
2247 3067 30 21 nè
2287 3068 78 22 anche
2372 3069 49 21 allô
2431 3068 66 23 Stato

2024 3098 161 23 l’Université
2193 3102 76 20 costa.
2278 3101 57 26 Noi,
2343 3102 105 21 memori
2459 3102 40 22 del

2024 3133 67 22 detto
2102 3132 247 29 delVangelogratis
2353 3136 143 25 accepistis,

2020 3166 88 28 gratis
2116 3164 239 26 date,distribuiamo
2363 3167 72 22 altrui
2444 3174 54 16 sen-

2022 3204 25 15 za
2058 3198 129 27 guadagno
2200 3199 19 21 il
2226 3204 87 22 sapere
2323 3199 46 22 che
2377 3200 120 23 ricevem-

2023 3236 42 16 mo
2076 3236 71 16 senza
2165 3236 83 21 spesa;
2269 3231 48 28 agli
2331 3232 55 23 altri
2400 3234 98 28 bisogni

2024 3263 57 21 vien
2098 3264 107 27 supplito
2224 3264 52 21 cosi
2287 3271 6 15 :
2316 3266 60 26 ogni
2391 3267 108 25 pievano

2025 3297 163 21 contribuisce
2209 3302 47 16 con
2275 3298 48 21 lire
2342 3296 27 23 18
2384 3299 114 27 all’anno,

2024 3330 59 25 ogni
2096 3331 84 20 curato
2191 3336 22 21 9,
2223 3330 8 20 i
2245 3331 111 21 canonici
2370 3331 13 21 6
2395 3337 14 15 a
2420 3333 62 21 testa
2491 3339 6 15 :

2024 3360 87 24 éneora
2132 3362 43 21 noi
2186 3362 115 22 abbiamo
2313 3365 78 20 moite
2404 3366 95 21 confra-

2023 3396 90 20 ternité
2125 3394 57 22 nell’
2192 3396 71 25 isola,
2282 3397 25 20 le
2319 3397 75 26 quaîi,
2409 3400 89 24 quante

2024 3428 69 20 volte
2104 3433 84 16 muore
2200 3433 32 16 un
2245 3427 106 27 fratello,
2363 3430 81 22 danno
2452 3431 46 22 lire

2025 3465 27 17 20
2059 3460 25 22 in
2093 3461 92 20 danaro
2194 3466 15 16 o
2217 3461 26 20 in
2251 3461 101 22 candelè
2358 3468 45 21 per
2410 3468 89 17 onora-

2024 3499 28 16 re
2063 3493 17 21 il
2091 3493 129 25 mortorio,
2227 3494 65 21 onde
2303 3495 124 22 dicemmo
2433 3497 63 21 loro:

2177 3534 149 25 {Cuntinua
2332 3536 9 27 )

2026 3573 35 25 ~Üj
2068 3580 42 15 Sotto
2118 3581 17 13 la
2142 3581 52 17 lingna
2201 3581 6 14 i
2216 3580 42 15 Cùrsi
2266 3582 23 14 col
2296 3582 44 15 miele
2345 3585 9 11 e
2361 3583 13 14 il
2380 3583 39 14 latte
2424 3584 14 13 ci
2446 3584 51 14 hanno

2023 3600 12 14 il
2041 3600 103 18 pangiglioBe,
2152 3603 54 14 eppei-û
2211 3600 56 17 paiouo
2271 3601 33 14 nali
2311 3605 30 14 per
2346 3605 51 12 c-ssere
2402 3603 61 14 lcr&nnt.
