2610 3936
232 137 160 48 Pour
421 152 126 33 une
573 139 296 61 politique

55 211 468 55 internationale
550 211 117 49 des
698 218 324 48 minorités

88 353 21 22 I.
121 363 29 5 —
161 350 64 22 Sous
236 349 24 23 le
269 349 91 27 joug...
371 354 33 16 ou
415 353 60 16 sous

213 384 24 22 le
243 383 119 23 boisseau

78 446 79 29 Après
165 446 24 22 la
199 445 54 28 plus
262 445 81 21 atroce
364 442 42 22 des
421 445 99 24 guerres

50 482 136 25 modernes,
214 478 69 29 après
305 478 24 21 la
340 475 121 23 mondiale
481 472 39 23 hé-

51 515 110 23 catombe
178 514 30 22 de
226 514 82 26 quatre
321 516 51 20 ans,
385 508 69 28 après
467 512 53 22 que,

50 551 87 21 durant
168 548 56 25 cinq
245 544 98 26 années,
364 544 35 20 les
427 540 93 22 nations

50 590 30 14 en
92 581 86 22 conflit
192 585 27 15 se
236 577 157 23 réclamèrent
407 575 31 21 du
451 572 69 22 Droit

49 616 24 20 et
95 614 61 20 delà
169 612 96 26 Justice,
291 611 24 19 et
337 614 46 21 que
403 608 36 20 les
457 606 63 21 Etats

49 645 137 23 victorieux
197 642 162 22 reconnurent
379 638 141 23 solennelle-

49 680 69 22 ment
144 682 48 15 aux
214 675 72 27 petits
309 674 101 28 peuples
422 673 23 21 le
456 671 64 23 droit

48 712 15 22 à
74 713 23 21 la
116 710 49 25 vie,
181 708 69 28 après
267 709 23 21 la
307 706 96 24 Société
422 707 43 21 des
474 705 46 23 Na-

34 747 79 21 ttions
135 745 24 19 et
170 743 24 21 la
214 740 163 24 Commission
389 741 42 22 des
443 740 77 22 mino-

49 777 66 27 rités,
128 777 18 21 il
159 777 65 21 reste
243 781 96 21 encore,
361 775 60 21 dans
432 774 88 22 l’Euro-

48 818 31 23 pe
97 812 25 20 et
138 810 59 21 dans
217 809 24 21 le
252 809 98 25 monde,
371 808 43 22 des
433 807 87 28 petites

48 851 66 18 races
136 842 128 26 asservies,
276 843 44 21 des
340 842 88 27 petites
443 840 77 22 natio-

49 877 86 26 nalités
153 875 161 28 comprimées
326 881 50 22 .par
391 873 129 28 l’impéria-

48 914 70 22 lisme
129 910 87 22 d’Etats
225 909 191 22 centralisateurs
425 913 32 17 ou
465 913 55 16 cen-

48 944 103 26 tralisés.

77 978 110 28 Français
209 977 32 22 du
264 976 105 26 Canada,
386 974 132 27 Flamands,

49 1014 110 24 Bretons,
195 1011 105 27 Basques
326 1012 25 20 et
379 1009 88 23 Corses
490 1008 30 22 de

48 1047 95 24 France,
153 1044 125 23 Flamands
296 1045 30 21 de
338 1044 122 28 Belgique,
475 1041 45 23 Ca-

46 1081 77 23 talans
146 1079 138 27 d’Espagne,
310 1078 84 24 .Celtes
409 1077 43 21 des
472 1075 48 23 Iles

48 1113 176 27 Britanniques,
237 1113 23 21 la
270 1112 56 22 liste
335 1118 31 16 en
375 1113 37 20 est
422 1112 96 26 longue,

49 1151 25 20 et
84 1148 89 25 longue
184 1147 64 21 aussi
265 1146 119 22 l’histoire
403 1146 31 21 de
455 1145 65 22 leurs

50 1181 147 23 souffrances
212 1182 24 20 et
246 1180 31 22 de
288 1181 54 21 leur
350 1178 84 24 réveil.

76 1215 65 22 Chez
163 1220 102 22 presque
293 1216 63 24 tous,
385 1213 58 22 chez
464 1214 55 20 tous

47 1255 61 17 ceux
134 1248 33 22 où
193 1247 114 23 l’oeuvre'
329 1246 188 25 d’assimilation,

46 1283 38 23 n’a
113 1288 44 22 pas
168 1289 30 15 eu
223 1283 24 21 le
266 1283 80 25 temps
369 1280 31 22 de
413 1279 105 22 détruire

45 1319 68 21 toute
134 1315 193 27 caractéristique
339 1320 32 15 ou
379 1315 54 19 tout
442 1312 76 27 esprit

46 1351 113 25 national,
176 1350 19 22 il
214 1348 57 22 s’est
292 1346 56 22 levé
364 1352 33 15 un
419 1350 99 17 mouve-

46 1387 74 25 ment,
141 1382 161 25 résurrection
324 1386 33 16 ou
376 1379 141 28 prodromes

46 1420 30 21 de
87 1418 169 23 résurrection.
275 1413 93 29 Malgré
386 1414 36 21 les
440 1412 76 28 préju-

49 1454 50 29 gés,
121 1451 91 29 malgré
228 1452 35 20 les
273 1450 127 27 journaux,
413 1448 36 21 les
460 1453 57 22 gen-

45 1488 101 24 darmes,
169 1491 32 17 ou
232 1481 166 27 l’Université,
422 1480 93 30 malgré

44 1522 23 21 la
87 1521 81 22 raison
198 1518 75 22 d’Etat
292 1523 32 16 ou
347 1515 111 27 l’intérêt,
485 1521 30 16 au

45 1556 52 21 sein
122 1554 31 22 de
181 1552 91 22 chacun
294 1552 30 21 de
353 1556 40 17 ces
417 1551 98 27 peuples

44 1589 100 22 vaincus
164 1589 25 19 et
219 1585 126 29 méprisés,
367 1591 32 16 un
417 1585 98 21 homme

45 1624 37 21 est
92 1627 66 16 venu
164 1621 59 27 quia
234 1620 36 22 dit
278 1619 14 22 à
304 1625 39 16 ses
349 1618 83 23 frères:
440 1624 75 16 «vous

46 1662 57 16 avez
110 1656 23 21 le
143 1655 63 21 droit
218 1654 30 22 de
268 1654 71 21 vivre
360 1653 67 22 selon
446 1655 69 19 votre

46 1696 62 17 race.
121 1695 15 16 »

74 1724 29 21 Et
130 1721 160 29 aujourd’hui,
315 1727 29 16 au
371 1720 96 22 Canada
491 1721 25 20 et

45 1767 31 15 en
98 1760 109 26 Flandre,
221 1764 94 16 comme
332 1763 30 16 au
379 1763 60 23 pays
457 1757 58 21 Bas-

45 1800 54 23 que,
123 1800 32 16 en
172 1793 75 23 Corse
262 1794 25 21 et
309 1798 32 16 en
358 1792 127 27 Bretagne,
497 1791 18 21 il

42 1835 19 23 y
67 1835 15 15 a
92 1834 34 16 un
144 1827 78 23 réveil
243 1827 122 25 national,,
377 1826 43 21 des
443 1830 72 22 orga-

43 1862 123 25 nisations,
192 1862 42 21 des
256 1866 97 16 revues,
376 1860 43 21 des
439 1859 76 22 mani-

45 1896 125 22 festations
176 1896 30 21 de
221 1896 49 21 vie.

84 1959 34 22 II.
130 1970 30 5 —
174 1958 174 26 Compagnons
365 1956 31 21 de
409 1955 64 22 lutte

71 2001 48 23 Ces
144 2000 174 25 .mouvements
349 2000 55 20 sont
424 1997 88 26 divers,

43 2036 30 21 ils
91 2036 23 21 le
123 2036 57 20 sont
189 2040 44 22 par
243 2034 53 21 leur
307 2032 103 23 étendue
427 2029 31 28 et,
472 2037 43 22 par

42 2070 24 21 le
104 2067 72 29 degré
202 2067 69 29 qu’ils
303 2067 133 27 atteignent
455 2065 58 22 dans

42 2102 148 27 l’évolution,
203 2107 102 23 presque
316 2100 109 28 toujours
447 2100 67 21 iden-

42 2137 74 27 tique,
135 2136 42 22 des
185 2135 88 22 réveils
285 2135 139 22 nationaux.
437 2133 76 29 Après

42 2171 23 21 la
93 2170 100 28 période
220 2169 116 23 littéraire
357 2171 24 19 et
400 2168 113 22 romanti-

43 2210 46 22 que
96 2216 29 4 —
138 2210 34 16 un
183 2204 31 22 de
224 2204 23 21 la
274 2202 166 28 Villemarqué
458 2202 56 22 chez

29 2238 5 3 '
41 2243 62 17 nous
111 2249 30 5 —
151 2238 19 21 il
181 2237 96 23 s’ouvre
288 2237 110 27 toujours
406 2242 47 16 une
473 2235 41 29 pé-

41 2272 68 22 riode
115 2274 3 9 1
129 2272 30 21 de
171 2270 339 28 revendications-politiques.

69 2306 32 22 La
120 2306 90 22 crainte
222 2307 25 21 et
257 2306 24 21 le
298 2310 104 22 manque
414 2304 31 22 de
456 2310 57 16 con-

41 2339 74 23 fiance
137 2340 37 22 les
202 2340 53 22 font
277 2339 100 22 d’abord
395 2358 4 3 .
408 2337 105 23 s’établir

41 2380 40 16 sur
102 2380 33 16 un
155 2379 152 23 programme
326 2372 49 23 très
395 2372 79 22 réduit
484 2383 29 5 —

39 2414 45 16 nos
109 2407 167 29 régionalistes
299 2408 25 21 et
339 2407 36 22 les
399 2406 112 22 minima-

39 2443 68 21 listes
121 2442 31 22 de
171 2440 98 24 Fla’udrè
280 2453 30 4 —
318 2443 25 21 et
363 2441 36 22 les
410 2441 103 22 rendent

40 2477 29 21 de
89 2482 35 17 ce.
136 2477 43 21 fait
197 2475 163 29 inopérantes.
380 2474 76 28 Enfin,
469 2481 43 22 par

27 2531 4 3 .
41 2517 44 15 une
100 2510 145 22 affirmation
253 2508 117 29 intégrale
380 2509 44 22 des
436 2509 75 22 droits

39 2545 29 21 de
84 2550 45 16 son
149 2545 95 27 peuple,
267 2545 26 20 et
314 2544 24 21 la
357 2542 154 23 réclamation

39 2584 61 22 pour
121 2579 35 21 lui
166 2577 71 22 d’une
246 2577 123 22 existence
381 2577 128 25 nationale,

38 2613 24 21 le
73 2613 157 21 mouvement
251 2612 69 20 entre
335 2610 59 22 dans
415 2616 26 16 sa
452 2610 59 28 pha-

39 2652 26 16 se
84 2645 133 23 définitive,
230 2646 23 21 la
260 2644 76 29 phase
348 2644 160 22 nationaliste.

40 2680 40 22 Du
90 2679 83 23 succès
181 2680 31 21 de
224 2678 101 27 celle-là,
335 2677 104 29 dépend,
448 2684 62 22 pour

37 2714 35 22 les
84 2714 73 28 petits
179 2714 101 28 peuples
301 2712 106 28 conquis,
420 2712 24 22 la
458 2712 49 26 vie,

37 2753 32 17 ou
79 2749 23 22 la
113 2750 71 20 mort.

65 2782 43 27 Or,
122 2782 57 22 chez
189 2782 24 22 la
223 2782 95 27 plupart
329 2781 43 21 des
382 2779 126 23 minorités

37 2821 45 22 que
97 2822 32 16 ne
153 2815 184 23 reconnaissent
356 2816 25 20 ni
393 2816 24 21 le
428 2813 79 24 Traité

37 2849 28 22 de
78 2850 131 22 Versailles
228 2850 59 21 ni-la
305 2847 97 24 Société
414 2849 42 21 des
463 2848 44 22 Na-

37 2883 69 28 tions,
137 2886 22 20 le
172 2884 168 22 nationalisme
363 2882 143 23 autochtone

37 2920 34 20 est
87 2918 37 23 né.
145 2918 20 22 Il
185 2921 57 25 peut
264 2916 97 23 différer
380 2916 55 22 d’un
448 2922 58 23 pays

37 2949 12 23 à
70 2952 90 27 l’autre,
195 2951 186 29 d’organisation
414 2956 32 16 ou
477 2951 29 21 de

37 2986 131 26 puissance.
192 2986 32 23 En
236 2984 91 27 réalité,
348 2985 17 21 il
376 2987 37 20 est
424 2985 82 21 lemê-

37 3024 43 22 me,
102 3020 191 29 profondément.
312 3019 19 22 Il
361 3024 25 17 se
404 3018 101 23 réclame

37 3051 26 23 de
83 3055 75 22 droits
176 3055 145 27 historiques
339 3059 31 16 ou
379 3052 126 28 ethniques

37 3088 146 27 semblables,
201 3088 123 23 d’intérêts
347 3087 158 22 intellectuels

37 3120 44 23 très
110 3123 109 27 proches.
249 3122 44 22 Les
311 3121 194 22 revendications

38 3157 49 20 sont
108 3156 31 22 de
146 3158 79 21 même
248 3156 71 23 ordre
335 3156 104 27 partout.

62 3188 97 25 Partout
187 3191 127 25 d’ailleurs,
338 3190 24 21 le
385 3190 52 21 sort
461 3188 43 22 des

36 3223 82 23 petites
135 3224 155 24 nationalités
307 3226 38 20 est
366 3224 24 22 le
408 3224 80 21 même
496 3228 6 21 ;

36 3258 54 20 avec
108 3259 54 27 plus
182 3265 33 17 ou
237 3259 80 23 moius
331 3258 32 22 de
382 3255 119 28 brutalité,

36 3292 29 17 ou
75 3296 58 18 avec
139 3294 55 27 plus
206 3300 33 16 ou
255 3293 81 23 moins
345 3292 30 22 de
386 3297 64 20 ruse,
462 3289 41 24 l’é-

25 3346 3 2 .
35 3321 31 23 kt
92 3328 89 21 central
196 3328 66 25 tend,
282 3332 48 16 aux
346 3325 93 28 dépens
458 3325 44 21 des

36 3352 109 30 éléments
155 3379 4 3 .
169 3361 130 29 allogènes,
312 3360 14 22 à
345 3358 156 23 l’unification

36 3392 112 27 complète
166 3395 43 22 des
217 3395 154 29 populations
385 3394 118 27 occupant

36 3425 39 19 son
90 3428 126 23 territoire.
233 3429 25 23 Si
274 3430 25 21 la
319 3428 109 28 Pologne
448 3433 13 15 a
474 3432 28 16 eu

61 3458 117 31 schlague,
189 3469 62 17 nous
262 3468 77 17 avons
351 3468 31 16 eu
389 3462 24 21 le
425 3466 78 23 «sym-

35 3485 70 29 bole».
129 3495 31 22 La
180 3497 108 23 réaction
304 3498 59 26 peut
382 3496 51 21 être
448 3494 54 28 plus

35 3525 28 18 0u
73 3528 77 22 moins
169 3532 100 26 tardive,
290 3531 30 22 de
338 3536 27 16 ce
373 3529 43 23 fait
427 3534 31 16 en
475 3533 26 17 ce

24 3578 5 3 -
34 3558 100 25 Moment
139 3564 53 26 plus
204 3571 33 16 ou
256 3565 81 22 moins
347 3564 152 27 importante,

34 3588 40 22 eIIe
93 3597 37 19 est
143 3600 96 24 partout
257 3600 27 21 la-
300 3599 88 25 même,
415 3599 32 24 et,
459 3602 41 16 au-

32 3624 120 37 jourd'hui,
179 3637 19 22 il
228 3639 109 28 apparaît
366 3637 133 23 nettement

35 3662 27 23 *lu
69 3664 43 22 elle
128 3671 38 20 est
184 3670 14 22 à
209 3679 47 21 peu
267 3673 56 28 près
334 3673 96 27 partout
441 3670 58 22 arri-

34 3695 41 21 Vee
97 3705 29 15 au
137 3704 78 23 même
240 3706 74 28 degré
321 3713 7 15 :
341 3713 31 15 au
387 3705 111 22 nationa-

51 3732 56 25 sme,

578 340 106 24 D’autres
701 344 55 22 faits
774 347 161 26 rapprochent
952 354 68 16 enco-

548 380 27 16 re
590 375 36 21 les
646 380 169 20 mouvements
824 380 139 21 nationaux.
976 380 44 22 L’i-

549 407 91 23 dentité
658 409 28 21 de
705 410 65 22 leurs
787 412 149 22 adversaires
945 412 75 23 déter-

548 442 67 21 mine
631 441 55 22 chez
717 449 48 16 eux
785 451 47 15 une
861 445 101 22 identité
992 446 28 22 de

548 475 125 28 politique.
692 477 43 21 Les
762 477 111 23 Catalans
890 484 31 16 ou
927 480 36 21 les
971 478 49 23 Fla-

548 514 94 26 mands,
655 516 43 20 ont
717 522 14 15 a
742 516 81 27 lutter,
845 523 94 17 comme
950 524 70 21 nous,

548 549 83 20 contre
639 548 23 21 la
675 549 127 26 puissance
815 550 106 29 étatique
933 553 41 27 qui
986 553 34 21 les

548 581 86 21 brime.
654 580 32 23 Ils
704 585 44 19 ont
764 589 95 17 comme
883 590 60 17 nous
956 585 14 21 à
981 585 39 22 dé-

547 615 76 21 truire
643 616 35 21 les
699 615 112 30 préjugés
820 619 25 20 et
863 617 157 23 l’indifféren-

547 654 29 16 ce
593 649 30 21 de
641 649 123 30 beaucoup
787 651 31 22 de
839 652 65 21 leurs
927 657 93 23 compa-

547 683 95 27 triotes;
662 684 30 22 ils
697 686 51 26 ont,
766 691 96 17 comme
871 685 56 23 chez
947 692 71 20 nous,

546 716 159 29 l’implacable
727 719 109 23 hostilité
857 720 42 22 des
914 721 106 27 puissan-

547 757 41 16 ces
609 752 113 28 d’argent,
751 754 143 22 accrochées
914 761 29 15 au
959 756 61 20 statu

547 790 58 22 quo,
621 785 14 22 à
645 786 107 22 vaincre.

575 819 33 21 La
619 820 69 21 tâche
702 822 38 20 est
751 821 63 22 donc
831 824 96 25 partout
938 822 23 21 la
972 822 48 22 mê-

547 858 41 16 me
594 859 7 15 :
622 852 106 29 éduquer
751 855 24 21 le
788 856 88 27 peuple
888 857 24 20 et
924 856 34 21 lui
967 861 53 16 ren-

548 886 44 22 dre
608 892 26 16 sa
651 888 143 22 conscience
805 890 131 24 nationale,
949 888 71 22 d’une

546 922 55 25 part
611 927 6 19 ;
638 922 124 27 organiser
769 928 40 16 ses
821 922 78 22 forces
916 924 25 21 et
954 922 66 23 créer

547 953 44 23 des
609 956 149 27 organismes
778 956 30 22 de
828 957 42 21 vie
890 958 129 24 nationale,

547 987 91 23 d’autre
659 992 54 25 part
725 996 6 20 ;
741 989 58 23 chez
817 992 64 27 tous,
900 992 23 21 le
938 991 45 22 but
994 991 26 22 fi-

547 1022 42 21 nal
605 1025 36 20 est
660 1024 206 23 essentiellement
887 1026 23 20 le
920 1026 80 21 même
1012 1031 7 16 :

547 1055 61 22 faire
630 1057 147 23 reconnaître
790 1064 44 22 par
837 1058 66 23 Fêtât
922 1059 96 26 officiel,

546 1090 75 26 d,une
637 1090 69 29 façon
734 1092 55 27 plus
805 1098 34 16 ou
861 1093 80 22 moins
953 1099 67 16 com-

546 1124 67 28 plète
632 1125 96 22 suivant
738 1126 36 21 les
783 1126 185 27 circonstances,
978 1132 42 16 ces

546 1158 151 23 institutions
711 1160 143 27 nationales,
868 1166 60 22 pour
943 1166 31 16 en
982 1166 38 16 as-

546 1197 71 17 surer
638 1193 23 21 le
670 1193 43 27 jeu
729 1194 63 22 libre
809 1196 25 20 et
844 1193 72 29 légal.

584 1225 67 23 Enfin
658 1227 23 21 la
714 1228 80 21 même
834 1227 184 28 préoccupation

545 1259 64 22 tient
622 1266 30 15 au
663 1265 67 17 coeur
748 1261 36 21 les
802 1261 166 22 nationalistes
988 1261 31 21 de

545 1294 57 20 tous
621 1293 35 21 les
667 1294 73 27 petits
755 1300 60 22 pays
835 1300 30 15 en
882 1293 86 23 réveil:
983 1300 35 16 ar-

545 1325 86 22 racher
652 1326 170 28 l’intelligence
843 1328 31 20 de
896 1328 53 21 leur
960 1333 59 22 peu-

544 1359 42 26 ple
604 1358 14 22 à
625 1360 23 20 la
656 1360 91 21 culture
763 1359 126 29 étrangère
900 1360 117 28 imposée,

544 1394 26 20 et
578 1394 159 21 reconstituer
754 1400 48 16 une
816 1395 148 22 civilisation
978 1401 39 15 na-

544 1433 91 22 tionale
658 1439 41 16 sur
724 1434 23 21 le
760 1435 75 22 vieux
856 1434 70 22 fonds
946 1435 72 21 racial

543 1469 25 20 et
588 1467 161 23 traditionnel.

650 1550 106 22 L’union
763 1550 46 22 fait
817 1551 25 22 la
850 1551 69 22 force

572 1594 135 23 Similitude
720 1597 31 21 du
761 1597 191 25 sort,similitude
958 1597 59 22 d’es-

542 1629 76 28 poirs,
651 1630 130 22 similitude
810 1630 115 22 d’efforts.
959 1630 59 23 Cela

542 1668 63 17 nous
616 1663 32 22 lie
656 1663 155 28 tous,Celtes,
821 1664 195 27 Bas-Germains,

542 1696 91 23 Corses
651 1703 32 16 ou
694 1697 161 29 Basques,par
874 1699 83 22 dessus
971 1704 47 16 nos

541 1736 69 16 races
617 1730 145 27 différentes,
775 1732 138 28 par-dessus
923 1733 36 21 les
971 1733 47 21 dis-

541 1766 84 20 tances
636 1765 41 27 qui
695 1771 63 16 nous
770 1765 120 29 séparent.
911 1766 40 22 Du
965 1767 53 23 seul

541 1798 45 22 fait
594 1799 31 21 de
636 1804 45 16 nos
693 1800 144 27 existences,
855 1806 32 16 un
904 1801 49 21 lien
964 1806 54 16 mo-

541 1833 36 21 ral
589 1838 61 16 nous
672 1833 113 27 rattache,
808 1836 25 20 et
853 1839 121 23 personne
985 1840 32 16 ne

541 1868 60 26 peut
609 1869 151 25 argumenter
769 1869 84 20 contre
864 1867 49 23 l’un
923 1868 31 22 de
971 1874 46 16 nos

541 1902 168 21 mouvements
722 1907 55 16 sans
796 1901 131 29 s’opposer,
937 1902 80 28 impli-

541 1934 116 22 citement
685 1935 117 27 toujours,
836 1935 182 28 explicitement

541 1968 81 20 même
642 1968 155 27 quelquefois,
821 1968 14 22 à
855 1971 62 19 tous.
942 1970 74 20 Aussi

540 2001 37 21 les
589 2007 109 22 marques
710 2001 31 22 dé
752 2002 137 32 sympathie
900 2009 26 16 se
937 2003 79 21 multi-

540 2035 148 27 plient-elles
699 2037 69 20 entre
790 2028 36 29 les
838 2037 177 27 organisations

540 2069 164 21 nationalistes
716 2069 30 22 de
764 2075 46 17 nos
819 2076 67 21 pays.
899 2070 31 22 La
949 2070 66 28 large

540 2104 55 26 part
616 2108 45 22 que
672 2108 61 17 nous
745 2109 76 16 avons
835 2104 109 27 toujours
958 2104 57 22 faite

540 2137 61 21 dans
619 2142 44 17 nos
689 2138 116 21 colonnes
830 2137 14 23 à
862 2137 87 23 l’étude
971 2138 44 22 des

540 2173 167 20 mouvements
724 2172 133 21 nationaux
876 2173 89 21 actuels
977 2172 38 22 n’a

539 2204 40 22 été
588 2205 86 28 qu’une
682 2206 66 27 juste
759 2204 143 30 réciproque
918 2206 43 22 des
978 2213 36 15 ar-

539 2239 78 26 ticles,
637 2239 78 22 tantôt
734 2240 118 26 amicaux,
876 2240 78 22 tantôt
973 2247 41 15 en-

539 2272 152 28 thousiastes,
701 2273 84 29 qu’ont
795 2274 94 28 publiés
901 2280 42 16 sur
950 2279 63 17 nous

539 2312 47 16 nos
600 2307 134 22 camarades
746 2308 29 21 de
793 2309 73 21 luttes
878 2308 88 23 Corses
981 2314 32 16 ou

540 2340 133 23 Flamands.
691 2341 69 22 Enfin
773 2343 81 21 même
873 2342 57 22 l’ère
941 2342 72 23 d’une

539 2375 67 27 prise
613 2375 30 22 de
649 2377 96 21 contact
754 2377 54 27 plus
823 2375 87 23 étroite
920 2373 93 25 semble

539 2411 114 24 ouverte;
676 2415 62 17 nous
760 2410 84 22 dirons
865 2410 57 22 dans
942 2412 71 20 notre

539 2443 115 27 prochain
668 2443 101 23 numéro
791 2446 123 21 comment
923 2445 36 21 les
971 2451 42 16 na-

539 2474 134 25 tionalistes
683 2477 117 23 flamands
812 2481 45 19 ont
867 2480 72 21 voulu
956 2484 57 17 con-

539 2512 85 26 naître,
638 2514 24 20 et
676 2514 44 20 ont
729 2513 109 21 accueilli
853 2514 36 21 les
907 2514 105 22 nationa-

539 2545 69 22 listes
615 2545 101 23 Bretons
730 2547 31 21 de
769 2546 83 22 «Breiz
863 2548 85 22 Atao».

567 2578 40 22 De
616 2581 61 20 cette
683 2580 144 28 sympathie,
840 2581 31 21 de
882 2583 62 21 cette
953 2582 60 22 ami-

539 2611 33 23 tié
584 2613 79 21 même
672 2619 30 16 en
715 2614 102 22 certains
832 2615 96 26 cas,née
939 2621 73 22 spon-

539 2645 122 24 tanément
679 2649 69 20 entre
773 2648 44 22 des
842 2651 169 21 mouvements

539 2680 130 27 parallèles,
679 2687 63 16 nous
754 2682 117 22 estimons
891 2682 57 29 qu’il
960 2684 52 21 doit

539 2715 69 22 sortir
624 2716 101 27 quelque
743 2715 81 24 chose.
849 2716 40 23 Un
905 2718 106 28 organis-

539 2754 36 16 me
599 2755 112 16 commun
733 2750 53 22 doit
804 2756 63 17 nous
881 2753 130 26 permettre

539 2789 46 15 une
594 2782 176 29 fréquentation
788 2785 55 27 plus
858 2785 87 27 serrée,
962 2792 48 15 une

539 2817 51 22 aide
600 2818 89 21 morale
700 2818 55 25 plus
763 2817 105 24 efficace.

563 2853 22 19 11
597 2853 37 20 est
647 2853 139 27 dangereux
800 2853 31 21 de
851 2854 76 21 rester
937 2853 71 23 isole.

534 2884 100 23 Chacun
643 2886 30 21 de
683 2891 46 16 nos
737 2886 72 27 petits
824 2887 107 27 peuples,
939 2887 71 22 intel-

533 2920 180 21 lectuellement
724 2919 85 27 brimé,
819 2920 39 22 n’a
867 2920 29 22 de
905 2921 103 22 fenêtres

533 2955 114 20 ouvertes
658 2959 41 15 sur
708 2954 24 21 le
741 2954 90 22 monde
846 2959 46 22 que
912 2960 44 22 par
965 2954 43 22 l’é-

532 2989 36 20 tat
576 2988 98 21 central.
687 2986 33 22 Le
733 2988 169 22 nationalisme
913 2994 31 16 ne
956 2989 52 22 doit

532 3026 44 22 pas
588 3021 51 21 être
656 3027 32 15 un
705 3020 73 22 étroit
799 3022 145 27 repliement
965 3028 43 16 sur

531 3055 134 26 lui-même,
681 3055 61 21 mais
766 3054 147 23 l’ouverture
935 3055 71 22 d’une

531 3089 42 21 vie
581 3089 54 27 plus
646 3089 65 27 large
720 3090 26 20 et
756 3088 71 22 d’une
846 3088 89 28 pensée
951 3090 55 27 plus

532 3122 103 23 féconde
646 3128 62 22 pour
719 3122 107 22 chacune
833 3123 31 21 de
872 3128 45 17 nos
927 3129 76 16 races.

532 3156 100 30 Voyant
641 3157 35 21 les
688 3156 86 23 choses
781 3156 14 22 à
803 3159 93 20 travers
909 3158 23 20 le
942 3157 64 28 pris-

530 3197 41 16 me
581 3191 71 22 d’une
664 3191 92 21 culture
775 3190 127 30 étrangère
916 3193 25 19 et
960 3191 45 22 im-

531 3225 83 29 posée,
624 3231 60 16 nous
689 3226 37 21 les
734 3230 96 24 voyons
842 3226 56 21 mal.
916 3225 32 22 La
959 3224 45 23 fré-

531 3260 140 28 quentation
685 3259 31 21 de
735 3260 109 27 peuples,
869 3259 20 22 si
904 3259 55 28 près
974 3259 30 22 de

530 3299 64 17 nous
612 3299 43 22 par
675 3294 54 20 leur
747 3293 77 26 effort,
837 3293 61 22 mais
918 3293 22 21 si
951 3293 53 21 loin

529 3328 31 21 de
573 3332 62 17 nous
646 3332 42 22 par
700 3327 25 21 la
730 3332 54 16 race
798 3328 26 20 et
842 3326 98 28 l’esprit,
950 3332 53 22 per-

528 3362 53 21 met
599 3360 195 22 l’établissement
816 3360 30 21 de
875 3365 129 22 nouveaux

530 3396 84 27 points
620 3395 30 21 de
661 3394 174 28 comparaison,
845 3400 46 23 que
900 3394 104 22 n’ensei-

529 3431 78 27 gnent
614 3435 42 22 pas
668 3429 35 21 lès
717 3428 147 22 universités
871 3428 65 22 crées
946 3428 58 22 chez

529 3469 62 16 nous
602 3469 43 21 par
657 3461 135 29 l’étranger,
802 3464 25 20 et
846 3462 73 28 qu’un
929 3463 74 27 parti-

528 3498 127 21 cularisme
677 3498 55 25 trop
747 3496 73 28 exigu
838 3502 63 16 nous
920 3498 83 26 empê-

528 3531 93 22 cherait
627 3531 30 21 de
680 3530 131 22 connaître.
833 3529 97 23 D’autre
939 3532 61 26 part,

527 3571 46 17 nos
590 3566 168 21 mouvements
776 3566 44 20 ont
841 3564 124 28 beaucoup
988 3564 15 23 à

527 3598 134 29 apprendre
671 3598 35 21 les
724 3604 45 16 uns
781 3598 43 22 des
843 3600 88 20 autres.
949 3598 53 22 Des

527 3633 175 21 circonstances
715 3633 131 27 analogues
855 3634 107 26 peuvent
970 3638 31 16 en

527 3667 28 21 de
579 3666 136 21 nombreux
733 3671 40 16 cas
792 3665 146 23 déterminer
957 3666 44 22 des

527 3699 131 23 initiatives
671 3700 135 26 analogues.
824 3699 177 28 Indépendem-

527 3735 68 21 ment
606 3733 30 22 de
648 3734 80 26 celles,
741 3732 53 28 déjà
805 3734 78 26 prises
907 3740 29 14 en
950 3732 49 22 l’un

1048 148 32 16 ou
1090 143 84 23 l’autre
1183 145 29 22 de
1224 152 46 16 nos
1275 152 67 22 pays,
1365 150 41 26 qui
1418 152 103 25 peuvent

1048 177 77 21 servir
1132 177 168 28 d’expérience
1306 182 25 19 et
1336 180 134 30 d’exemple
1476 189 45 16 aux

1047 210 87 24 autres,
1148 211 17 21 il
1175 212 73 21 serait
1263 213 106 25 possible
1390 215 53 21 d’en
1453 222 68 21 pren-

1048 240 41 22 dre
1107 248 31 15 en
1150 249 114 17 commun
1281 250 41 16 sur
1332 246 37 22 les
1389 248 80 26 points
1481 249 40 27 qui

1048 276 54 20 sont
1126 277 221 25 particulièrement
1378 281 142 22 semblables

1048 306 57 22 chez
1112 314 45 16 nos
1169 310 113 27 peuples:
1298 310 114 24 situation
1424 314 97 27 linguis-

1047 339 66 28 tique
1126 347 32 16 ou
1169 344 75 20 autre.

1078 373 21 21 11
1109 373 51 23 faut
1175 377 109 25 compter
1303 381 30 16 en
1345 378 53 26 plus
1408 379 113 27 l’appoint

1049 404 201 25 d’enthousiasme
1289 410 24 19 et
1340 410 30 21 de
1401 412 120 21 confiance

1049 437 76 27 qu'est
1135 440 85 27 appelé
1233 440 14 22 à
1259 439 146 26 déterminer
1424 445 35 21 les
1477 445 44 21 mi-

1048 470 81 23 litants
1141 474 165 21 nationalistes
1315 474 30 21 de
1368 482 46 16 nos
1424 483 97 16 mouve-

1048 506 80 20 ments
1147 506 24 21 la
1188 506 171 23 connaissance
1380 510 30 20 de
1421 516 100 22 groupe-

1048 539 80 20 ments
1138 541 24 19 et
1171 539 134 22 d’hommes
1320 544 98 24 portant
1429 549 30 15 en
1475 549 46 16 eux

1047 571 24 20 la
1077 572 80 21 même
1166 572 42 26 foi,
1221 573 24 21 la
1256 573 79 21 même
1344 575 100 22 volonté
1455 578 25 20 et
1486 578 35 20 les

1048 604 91 21 mêmes
1148 605 128 22 doctrines.

1076 636 75 27 Enfin,
1163 637 141 23 l’existence
1316 639 72 22 d’une
1402 641 119 28 organisa-

1047 669 52 23 tion
1112 676 127 18 commune
1244 674 148 26 permettrait
1403 680 51 16 non
1470 680 51 16 seu-

1047 704 92 23 lement
1158 705 42 23 des
1212 706 120 28 échanges
1348 707 30 22 de
1389 713 55 21 vue,
1461 709 60 22 mais

1046 739 26 21 le
1080 745 40 16 cas
1133 738 107 29 échéant,
1254 747 48 16 une
1314 740 118 24 véritable
1455 748 66 16 coor-

1047 773 110 23 dination
1172 774 29 22 de
1222 780 46 17 nos
1286 775 90 22 efforts.
1397 775 45 22 Les
1454 782 67 16 exac-

1046 807 65 22 tions
1133 814 46 21 que
1190 811 59 25 peut
1260 810 141 21 commettre
1416 816 32 15 un
1464 815 56 22 gou-

1046 844 144 19 vernement
1203 844 92 21 central
1311 844 83 21 contre
1416 842 48 23 l’un
1478 844 42 21 des

1047 875 180 23 nationalismes
1243 883 32 15 ne
1297 877 148 27 passeraient
1468 877 52 27 plus

1047 910 141 27 inaperçues
1206 916 48 16 aux
1275 916 66 23 yeux
1362 910 43 22 des
1428 911 91 27 publics

1046 944 123 26 militants,
1194 950 32 16 ou
1250 950 32 16 ne
1296 944 158 28 risqueraient
1478 950 41 22 pas

1046 977 74 23 d’être
1136 978 168 23 odieusement
1324 977 134 23 déformées
1477 984 44 22 par

1045 1012 24 21 la
1085 1018 83 22 presse
1185 1011 95 27 vénale,
1289 1018 55 16 sans
1362 1011 58 29 qu’il
1432 1012 87 22 s’élève

1046 1052 47 15 une
1104 1046 62 22 voix
1176 1052 63 21 pour
1251 1046 24 22 la
1286 1045 77 23 vérité
1373 1048 25 20 et
1411 1046 23 22 la
1451 1046 68 28 justi-

1046 1085 35 15 ce.
1091 1079 33 22 La
1134 1080 125 27 moquerie
1268 1079 53 29 qu’a
1335 1079 39 23 été
1388 1080 23 22 la
1428 1080 90 28 pseudo

1045 1112 193 23 flamandisation
1258 1114 30 21 de
1308 1113 159 23 l’Université
1489 1114 29 22 de

1046 1146 79 27 Gand,
1145 1151 32 17 ou
1198 1146 137 29 l’indignité
1354 1147 54 28 qu’a
1431 1146 39 23 été
1495 1148 23 21 la

1045 1179 196 23 transformation
1261 1181 30 22 de
1311 1180 158 24 l’Université
1480 1181 38 22 In-

1045 1214 123 22 dustrielle
1178 1214 106 22 catalane
1291 1215 31 21 de
1339 1214 138 27 Barcelone,
1487 1221 31 16 ne

1046 1248 105 21 seraient
1158 1247 62 27 plus,
1229 1253 32 16 ou
1270 1248 97 28 passées
1379 1254 56 17 sous
1447 1249 71 21 silen-

1045 1287 35 20 ce,
1096 1287 33 16 ou
1144 1279 140 29 présentées
1294 1281 173 29 impunément,
1475 1288 43 22 par

1044 1320 47 16 une
1117 1313 116 23 délirante
1262 1321 83 21 presse
1374 1315 143 28 patriotarde

1045 1353 94 17 comme
1152 1348 43 22 des
1205 1348 117 24 victoires
1328 1348 32 22 de
1377 1349 28 27 je
1416 1355 31 15 ne
1459 1349 55 26 sais,

1045 1382 56 27 quel
1118 1382 82 28 esprit.
1219 1382 54 22 Pris
1294 1382 223 22 individuellement

1043 1422 46 16 nos
1098 1416 129 28 journaux,
1251 1422 46 16 nos
1308 1422 87 16 revues
1409 1417 107 21 nationa-

1043 1450 67 22 listes
1119 1450 158 28 n’atteignent
1285 1450 71 28 qu’un
1367 1451 82 27 public
1457 1451 59 21 don-

1044 1483 38 27 né,
1101 1484 173 23 n’influencent
1300 1484 73 28 qu’un
1394 1485 121 22 territoire

1044 1517 140 23 déterminé.
1198 1518 41 22 Du
1247 1518 99 28 jour-.où
1357 1519 20 22 il
1392 1524 54 16 sera
1461 1524 54 22 pos-

1044 1552 61 22 sible
1116 1552 31 22 de
1155 1559 91 19 mener,
1259 1552 60 23 dans
1329 1554 80 21 toutes
1425 1554 36 20 les
1472 1558 44 22 pu-

1043 1586 129 22 blications
1183 1587 165 22 nationalistes
1366 1586 31 22 de
1408 1588 55 20 tous
1479 1587 35 21 les

1043 1625 60 23 pays
1111 1626 38 16 en-
1162 1619 84 28 réveil,
1264 1626 48 16 une
1326 1621 80 21 même
1422 1626 93 21 campa-

1043 1659 55 22 gne,
1111 1654 47 21 elle
1182 1654 120 22 atteindra
1320 1654 30 22 de
1366 1656 39 20 cet
1423 1654 43 22 fait
1481 1659 33 16 un

1043 1688 102 21 nombre
1153 1687 165 23 considérable
1327 1688 31 21 de
1365 1694 67 22 gens,
1445 1689 25 20 et
1477 1693 38 16 se-

1043 1727 26 15 ra
1080 1721 218 28 capable,frappant
1302 1728 47 15 aux
1357 1723 83 26 quatre
1447 1722 67 21 coins

1043 1755 31 21 de
1085 1754 110 29 l’Europe
1208 1758 32 19 én
1254 1756 79 22 même
1341 1758 88 26 temps,
1444 1755 71 22 d’une

1043 1788 119 23 influence
1171 1790 55 27 plus
1238 1789 61 24 sûre:
1305 1792 25 20 et
1336 1791 55 27 plus
1399 1789 114 23 décisive.

1071 1821 21 23 Il
1111 1822 91 23 s’avère
1226 1823 64 22 donc
1306 1829 46 22 que
1375 1824 23 22 la
1409 1823 105 23 création

1043 1855 55 22 d’un
1107 1857 138 27 organisme
1254 1857 31 24 de
1293 1857 87 21 liaison
1387 1861 68 18 entre
1460 1861 54 17 tous

1042 1890 35 21 les
1083 1892 169 20 mouvements
1257 1891 133 23 nationaux
1395 1890 30 22 de
1430 1890 85 22 l’ouest

1043 1923 101 28 Europe,
1163 1935 30 5 —
1199 1925 73 21 sinon
1280 1945 4 3 .
1294 1925 95 27 plus—
1407 1926 107 26 apporte-

1042 1957 45 21 rait
1098 1956 14 22 à
1126 1957 91 22 chacun
1240 1958 31 21 de
1283 1961 39 19 eês
1336 1960 177 23 mouvements,

1042 1992 68 20 outre
1122 1991 42 21 des
1174 1992 294 27 avantages.-intellectuels
1473 1998 42 21 par

1041 2025 23 21 la
1075 2024 152 28 fréquention
1249 2026 115 21 de--leurs
1381 2026 81 21 divers
1473 2025 42 29 gé-

1042 2055 60 26 nies,
1124 2062 32 15 un
1170 2056 108 28 prestige
1297 2057 53 27 plus
1364 2057 85 27 grand,
1467 2059 47 19 unè

1041 2089 66 22 force
1119 2092 26 19 et
1156 2090 43 21 des
1209 2095 104 23 moyens
1322 2090 29 22 de
1358 2090 98 23 défense
1462 2091 53 27 plus

1041 2122 187 23 considérables.
1283 2126 38 20 AU

1068 2157 68 22 Nous
1156 2158 141 22 souhaitons
1312 2160 40 20 cet
1369 2158 143 28 organisme.

1040 2191 68 23 Nous
1119 2191 110 23 désirons
1249 2192 130 27 travailler,
1397 2198 61 16 nous
1469 2194 45 20 tra-

1039 2226 130 21 vaillerons
1180 2225 14 22 à
1200 2230 28 17 sa
1238 2225 149 23 réalisation.

1177 2300 85 23 Coude
1273 2301 16 22 à
1297 2301 81 23 coude

1066 2345 24 21 A
1104 2346 56 21 tous
1177 2347 36 21 les
1232 2346 111 23 hommes
1363 2348 41 27 qui
1416 2348 98 25 veulent

1039 2384 87 17 sauver
1145 2380 53 22 leur
1217 2381 77 27 patrie
1312 2382 43 20 des
1371 2381 142 28 impérialis-

1039 2419 59 20 mes,
1111 2413 14 22 à
1140 2416 55 20 tous
1207 2420 61 16 ceux
1290 2416 39 27 qui
1344 2416 138 22 travaillent
1499 2416 13 22 à

1039 2447 109 23 airacher
1156 2448 24 22 le
1188 2449 72 27 génie
1266 2449 30 21 de
1303 2449 53 22 leur
1364 2455 55 16 race
1425 2449 14 22 à
1447 2449 65 23 l’em-

1039 2481 64 28 prise
1112 2481 133 29 étrangère,
1258 2488 62 16 nous
1331 2483 128 22 adressons
1475 2486 37 20 cet

1039 2516 78 27 appel.
1125 2515 68 23 Nous
1202 2517 106 21 voulons
1320 2523 46 22 que
1378 2523 46 17 nos
1433 2518 78 21 mains

1039 2554 25 16 se
1072 2550 105 22 tendent
1183 2551 36 22 les
1230 2551 128 22 unes'vers
1370 2552 37 21 les
1424 2554 85 24 autres,

1039 2585 23 20 et
1073 2583 98 28 qu’elles
1187 2590 26 16 se
1225 2585 145 28 rejoignent.

1066 2616 99 23 Chacun
1181 2618 30 22 de
1222 2624 46 16 nos
1279 2620 100 27 peuples
1390 2621 38 20 est
1438 2619 72 22 faible

1039 2650 215 30 numériquement.
1260 2666 3 2 -
1268 2652 34 27 Si.
1309 2654 109 27 puissant
1426 2654 81 25 soit-il,

1039 2684 89 22 chacun
1140 2686 30 21 de
1179 2691 45 17 nos
1232 2687 169 22 mouvements
1410 2687 39 21 n’a
1457 2686 52 29 qu’à

1039 2724 89 23 gagner
1142 2718 14 23 à
1174 2726 48 16 une
1234 2720 154 28 coopération
1403 2727 59 16 avec
1473 2721 35 21 les

1039 2755 84 20 autres.
1141 2753 65 23 C’est
1217 2753 135 24 Téternèlle
1363 2754 102 22 histoire
1476 2755 31 21 du

1039 2786 107 23 faisceau.
1162 2807 3 2 .
1294 2791 8 13 '■

1064 2820 58 22 Une
1137 2821 69 29 s’agit
1222 2822 70 28 point
1308 2822 31 22 de
1351 2821 96 23 fédérer
1465 2822 42 22 des

1035 2855 100 27 peuples
1152 2860 33 16 ou
1204 2855 43 22 des
1268 2855 178 29 organisations,
1467 2856 39 27 qui

1035 2887 111 23 diffèrent
1156 2895 44 21 par
1215 2891 53 21 tant
1284 2890 32 21 de
1333 2889 94 23 choses.
1444 2890 62 22 Mais

1034 2927 62 16 nous
1103 2922 116 22 estimons
1232 2923 99 27 qu’elles
1342 2925 44 20 ont
1401 2929 66 16 assez
1477 2924 29 21 de

1033 2956 81 26 points
1140 2961 125 17 communs
1283 2961 62 23 pour
1362 2956 142 23 s’entendre.

1034 2988 64 22 Pour
1105 2990 52 20 cela
1164 2990 20 20 il
1194 2989 51 23 faut
1256 2997 35 15 un
1306 2996 90 22 moyen
1413 2996 93 22 perma-

1032 3024 59 20 nent
1110 3023 30 21 de
1160 3024 204 22 communication
1376 3025 25 20 et
1419 3024 30 21 de
1461 3023 44 23 fré-

1035 3056 148 28 quentation.
1192 3057 69 22 Nous
1268 3057 99 22 n’avons
1375 3058 131 22 nullement

1031 3090 135 22 l’intention
1188 3089 131 30 d’imposer
1350 3097 49 18 une
1428 3093 77 23 forme

1031 3124 149 28 quelconque
1196 3123 14 23 à
1221 3124 154 30 l’organisme
1386 3131 47 22 que
1443 3133 61 17 nous

1030 3163 143 22 proposons.
1186 3158 68 23 Nous
1262 3165 62 17 nous
1336 3161 168 23 contenterons

1031 3191 30 22 de
1071 3192 82 21 lancer
1162 3197 48 16 une
1222 3193 68 27 idée;
1308 3194 45 21 elle
1371 3193 61 23 n’est
1451 3195 53 28 déjà

1030 3225 53 28 plus
1095 3225 71 22 nôtre
1176 3226 70 27 après
1257 3228 137 28 cesTignes,
1408 3231 25 19 et
1448 3229 57 22 c’est

1030 3259 23 22 le
1063 3259 87 22 travail
1155 3259 31 21 de
1194 3260 91 22 chacun
1295 3266 47 22 que
1349 3261 55 22 d’en
1416 3268 88 23 propo-

1030 3298 40 16 ser
1080 3298 48 16 une
1140 3292 146 24 réalisation:

1058 3325 149 29 Cependent,
1225 3328 18 21 il
1265 3333 61 16 nous
1341 3329 121 27 paraîtrait
1472 3336 31 16 au

1029 3360 105 27 premier
1145 3360 56 22 chef
1209 3362 109 26 possible
1340 3362 31 23 de
1383 3362 67 23 créer
1461 3370 42 16 en-

1029 3396 36 20 tre
1075 3395 36 21 les
1119 3396 170 21 mouvements
1295 3396 130 23 nationaux
1435 3397 68 23 d’Eu-

1028 3433 59 23 rope
1100 3429 154 25 occidentale,
1267 3434 33 16 un
1312 3428 96 25 Comité
1427 3431 76 23 Inter-

1028 3462 106 22 national
1151 3462 49 22 des-
1216 3462 128 23 Minorités
1359 3465 141 28 nationales,

1029 3495 114 29 composé
1154 3497 31 21 de
1195 3495 114 29 délégués
1326 3497 30 22 de
1380 3504 40 16 ces
1434 3505 68 17 mou-

1027 3532 119 25 vements,
1159 3535 26 17 et
1203 3536 28 16 se
1248 3528 137 26 réunissant
1396 3532 106 28 périodi-

1028 3566 120 26 quement.

1056 3597 66 23 C’est
1132 3598 148 22 maintenant
1287 3596 14 23 à
1312 3604 46 16 nos
1367 3599 75 23 frères
1457 3601 43 21 des

1027 3637 59 22 pays
1098 3632 121 27 celtiques,
1239 3630 15 22 à
1265 3636 45 16 nos
1322 3634 136 21 camarades
1470 3634 30 22 de

1027 3665 95 21 combat
1136 3666 29 20 de
1189 3665 108 26 Flandre,
1319 3666 30 21 de
1371 3666 84 27 Corse,
1468 3668 33 21 du

1025 3704 60 22 pays
1096 3699 89 27 basque
1196 3700 25 20 et
1233 3698 117 23 d’ailleurs
1363 3700 31 21 de
1414 3700 87 27 répon-

1025 3732 50 22 dre.
1092 3732 68 27 Déjà,
1170 3733 55 26 plus
1231 3737 46 22 que
1286 3732 42 22 des
1334 3734 93 26 espoirs
1438 3738 62 16 nous

1544 158 186 49 NUTIZIE
1759 159 52 48 DI
1841 158 178 50 C0RS1CA

1925 246 96 20 Arburi

1571 292 27 5 —
1606 281 71 21 Morte
1685 283 42 20 diu
1735 283 97 25 giovanu
1839 284 99 20 Juvanni
1951 284 69 20 Bene-

1547 311 61 21 detti.

1884 344 135 22 Barchetta

1571 395 26 4 —
1606 386 44 19 Dui
1666 387 67 21 Russi
1746 388 60 20 hanu
1821 389 137 21 assassinatu
1971 389 49 20 Fin-

1546 415 80 25 ginieri
1642 415 98 23 Cadessu
1755 425 14 13 e
1782 419 61 20 hanu
1857 419 61 21 fìritu
1934 426 15 14 u
1966 420 53 20 bab-

1547 445 36 20 bu.
1605 446 119 22 L’assassin
1727 448 7 20 i
1752 450 27 20 sò
1792 450 60 24 ^stati
1882 450 95 21 arristati
1994 450 24 21 in

1547 475 81 22 Bastia.

1929 525 88 22 Bastia

1570 568 26 5 —
1605 560 72 21 Morte
1689 562 23 20 di
1729 563 102 21 madama
1845 563 64 21 Anna
1923 564 96 21 Padova-

1546 589 30 22 ni,
1591 593 54 17 nata
1667 592 95 21 Paolini.

1605 620 124 23 Francescu
1735 623 64 24 Villa,
1804 624 26 21 3o
1839 624 62 25 anni,
1908 625 42 21 tira
1955 629 64 22 quat-

1545 651 36 17 tru
1604 650 58 25 colpi
1679 652 23 19 di
1719 652 110 22 rivultella
1855 661 13 13 a
1889 655 128 26 Ghiaseppu

1546 678 97 27 Martini,
1662 682 26 20 23
1696 683 61 25 anni,
1772 690 36 15 ma
1825 691 16 14 u
1858 692 86 15 manca.

1889 722 130 22 Bonifaziu

1569 767 28 5 —
1606 756 77 25 Morte,
1693 766 14 12 a
1721 759 74 24 Nizza,
1804 760 24 21 di
1837 767 15 14 u
1865 762 49 24 sgiò
1921 762 97 26 Pasqua-

1545 786 21 21 le
1578 787 143 23 Orecchioni.

1949 834 69 22 Corti

1569 880 27 4 —
1605 869 114 21 Prossimu
1748 872 144 21 matrimoniu
1910 873 23 20 di
1951 880 16 14 u
1991 873 27 21 ti-

1545 903 67 17 nente
1628 900 89 22 Antone
1734 902 83 21 Andrei
1831 909 29 15 eu
1878 904 140 20 madamicel-

1544 929 22 21 la
1581 930 90 22 Andrea
1694 932 88 21 Bonini.

1835 975 182 23 Coti-Chiavari

1568 1022 26 3 —
1602 1012 72 21 Morte
1692 1013 23 20 di
1729 1020 16 14 u
1755 1014 49 25 sgiò
1814 1015 80 21 Achile
1910 1016 107 20 Andarel-

1543 1041 16 21 li
1576 1042 24 21 di
1618 1043 108 26 Lopigna.

1951 1088 65 22 Ersa

1567 1135 27 5 —
1602 1124 115 22 Prossimu
1734 1126 143 21 matrimoniu
1890 1127 23 20 di
1934 1134 15 14 u
1966 1128 49 25 sgiô

1544 1154 143 22 Bartulumeu
1711 1156 61 21 Giuli
1800 1164 28 14 eu
1863 1158 152 21 madamicella

1543 1185 106 22 Carulina
1671 1187 141 22 Franceschi.

1871 1230 142 27 Guargualè

1566 1278 27 5 —
1603 1266 78 26 Morte,
1702 1275 13 13 a
1728 1269 96 26 Pariggi,
1842 1270 23 20 di
1882 1277 16 14 u
1920 1271 49 25 sgiô
1982 1271 34 21 Si-

1542 1304 67 14 mone
1628 1298 105 22 Barboni.

1937 1343 77 22 Muru

1565 1390 27 5 —
1599 1378 73 22 Morte
1688 1380 24 20 di
1726 1387 16 14 u
1757 1381 48 25 sgiô
1825 1381 63 23 Luici
1910 1382 105 22 Lanfran-

1541 1409 43 24 chi,
1597 1410 77 21 d’anni
1687 1412 33 25 84.

1943 1450 72 23 Renu

1565 1502 26 4 —
1597 1492 72 22 Morte
1677 1493 23 21 di
1709 1494 154 22 madamicella
1877 1496 69 21 Maria
1960 1496 55 21 Mat-

1539 1523 38 21 téi.

1910 1569 105 23 Venaca

1563 1622 28 4 —
1603 1611 72 21 Morte
1688 1613 24 20 di
1727 1614 102 20 madama
1842 1615 87 21 veduva
1939 1615 73 25 Bona,

1539 1641 74 21 d’anni
1633 1642 34 22 86.

1870 1688 144 22 Vescuvatu

1563 1741 27 5 —
1601 1730 79 25 Morte,
1700 1731 24 21 in
1740 1732 82 25 Bastia,
1834 1733 24 21 di
1873 1740 16 14 u
1897 1734 48 25 sgiô
1957 1734 57 20 Aus-

1539 1761 48 21 tinu
1602 1762 103 21 Mariani.

1834 1801 26 22 A
1876 1800 137 28 Vulpajola

1563 1849 28 4 —
1599 1838 72 20 Morte
1684 1838 24 21 di
1724 1840 102 22 madama
1850 1841 88 21 veduvà
1960 1841 54 21 Cac-

1540 1868 121 25 ciaguerra,
1684 1874 53 17 nata
1753 1871 63 25 Mari,
1834 1871 77 21 d’anni
1925 1877 36 21 'jg.

1536 1954 239 52 Nutizie
1785 1957 83 50 da
1876 1958 26 49 f
1902 1964 112 45 ôra

1540 2036 122 19 Germania

1561 2074 23 4 —
1591 2065 18 18 U
1616 2069 86 19 guvernu
1710 2067 77 18 tedeseu
1803 2068 25 18 ha
1837 2068 60 19 dicisu
1913 2069 20 18 di
1948 2070 65 19 ehiede

1539 2093 121 19 l’ammisione
1669 2094 20 18 di
1698 2099 11 13 a
1717 2094 98 20 Germania
1827 2101 26 13 ne
1866 2102 12 12 a
1891 2098 70 18 sucietà
1976 2098 19 18 di
2002 2103 11 13 e

1540 2122 75 18 nazione
1623 2126 55 14 senza
1686 2123 109 19 cundizione
1799 2129 25 13 ne
1832 2125 78 18 riserve.

1561 2159 22 3 —
1591 2149 22 19 Si
1629 2150 69 19 facenu
1713 2152 8 17 i
1738 2152 109 23 priparatrvi
1863 2158 34 18 per
1918 2154 95 19 Pelezione

1539 2178 124 21 pendenziale.
1672 2179 56 18 Vistu
1735 2185 15 13 u
1765 2185 46 18 gran
1824 2186 81 14 numaru
1922 2183 91 18 d’elettori

1540 2206 7 22 (
1551 2204 23 20 39
1579 2206 73 19 milioni
1659 2207 8 23 )
1675 2207 8 18 i
1690 2208 82 19 risultati
1778 2209 18 18 si
1803 2211 137 21 preannuzianu
1948 2211 64 19 incer-

1538 2234 22 18 ti.

1538 2273 96 20 Francia

1559 2312 24 3 —
1590 2302 18 18 U
1611 2305 101 17 vescuvatu
1720 2304 21 18 di
1756 2304 111 24 Strasbourg
1881 2306 41 19 face
1936 2308 75 22 appellu

1537 2330 21 18 in
1565 2331 119 23 cunsigliudi
1693 2333 50 18 statu
1751 2334 66 18 eontru
1824 2339 14 13 u
1847 2335 76 18 decretu
1934 2336 77 18 chimu-

1538 2358 55 19 difica
1599 2364 14 12 u
1621 2360 70 22 régime
1698 2361 105 19 scolasticu.

1559 2396 23 4 —
1590 2387 74 19 Risulta
1671 2389 25 18 da
1700 2389 103 19 l’inchiesta
1811 2392 64 21 aparta
1883 2392 24 17 da
1922 2396 13 13 u
1947 2391 63 23 judiee

1536 2415 97 19 istruttore
1638 2417 21 17 di
1666 2417 133 19 Valenciennes
1808 2419 37 22 chi,
1852 2424 24 13 eu
1884 2424 12 13 a
1904 2420 106 22 cumplicità

1537 2443 19 18 di
1566 2444 97 22 parecchie
1676 2446 79 23 banche,
1774 2447 101 19 Pevasione
1897 2448 26 18 d’i
1936 2449 73 22 eapitali

1536 2471 80 19 francesi
1623 2473 22 17 in
1652 2473 73 23 Belgica
1737 2475 134 19 s’ammontanu
1885 2481 11 13 a
1906 2477 29 17 tre
1948 2477 62 22 migli-

1535 2500 41 18 ardi
1586 2500 51 23 dipòi
1646 2506 13 13 u
1664 2502 60 22 prima
1730 2503 97 23 jnnaghiu.

1557 2537 24 4 —
1585 2530 16 19 E
1608 2531 78 22 vulgare
1691 2531 63 22 paròle
1762 2531 19 18 di
1788 2531 74 19 Herriot
1875 2532 62 23 sopr’u
1949 2533 60 18 eattu-

1535 2558 74 19 licismu
1620 2560 100 17 seatenanu
1727 2563 39 14 una
1773 2559 88 23 battaglia
1877 2560 92 19 a’Gamera
1982 2561 27 18 d’i

1535 2587 85 23 diputati.
1628 2587 18 18 U
1653 2587 85 22 diputatu
1746 2588 95 18 marchese
1849 2589 24 18 de
1881 2589 19 18 la
1905 2589 102 23 Ferronays

1534 2614 11 19 è
1552 2615 77 22 espulsu
1636 2619 59 14 mana
1701 2615 82 18 militari.

1533 2660 137 23 Inghilterra

1554 2703 24 4 —
1581 2689 16 23 È
1605 2694 62 18 mortu
1683 2694 49 18 Lord
1749 2693 77 24 Gurzon,
1841 2695 104 19 Prisidente
1959 2696 20 18 di
1992 2702 15 12 u

1533 2722 97 23 Gunsigliu
1640 2722 74 22 privatu
1719 2726 12 14 e
1743 2726 46 18 eapu
1806 2723 20 17 di
1842 2728 12 13 e
1871 2724 111 18 discussioni
1989 2725 18 18 a’

1533 2750 76 18 Caméra
1616 2750 25 18 d’i
1649 2750 61 18 Lordi.

1554 2778 35 18 Era
1603 2779 51 17 statu
1661 2777 62 19 vicerè
1740 2779 20 17 di
1767 2778 70 23 PIndie,
1852 2780 88 18 ministru
1956 2781 20 17 di
1994 2785 12 14 a

1532 2810 66 18 guerra
1609 2810 12 14 e
1626 2806 90 18 ministru
1724 2806 20 18 di
1751 2806 77 19 I’esteri.

1531 2850 68 19 Itaiia

1552 2888 24 5 —
1580 2879 23 18 In
1610 2879 95 18 occasione
1712 2879 20 17 di
1739 2884 15 13 u
1759 2880 24 18 VI
1787 2880 130 18 anniversariu
1925 2881 25 18 d’i
1961 2881 45 19 Fas-

1531 2907 23 22 ci,
1560 2912 14 12 u
1579 2907 52 18 Duce
1638 2907 25 18 ha
1669 2907 82 18 lanciatu
1758 2912 27 14 un
1798 2908 86 18 vibrante
1900 2910 105 22 messaggiu

1530 2940 12 14 a
1548 2935 9 18 i
1561 2935 78 18 fascisti.

1551 2966 24 10 —:
1579 2964 9 17 I
1596 2963 47 18 reali
1648 2963 128 23 d’Inghilterra
1788 2964 17 18 si
1810 2965 22 18 sò
1844 2965 90 19 inbarcati
1941 2970 12 14 a
1970 2965 35 19 Ge-

1530 2995 50 14 nuva
1586 2995 36 19 per
1625 2996 38 13 una
1668 2992 83 18 cruciera
1758 2992 21 18 in
1786 2993 144 19 mediterraneu.

1529 3035 83 20 Russia

1550 3074 24 4 —
1581 3064 31 19 S’è
1616 3065 81 23 iniziata,
1706 3070 14 13 u
1725 3065 24 18 22
1754 3070 69 18 marzu,
1831 3067 52 17 sottu
1893 3071 12 14 a
1913 3067 91 22 prisiden-

1529 3097 22 13 za
1558 3093 19 17 di
1584 3093 90 18 Zinoviev
1678 3098 13 13 a
1696 3093 82 19 sessione
1784 3094 86 22 plenaria
1875 3095 20 17 di
1907 3100 15 13 u
1933 3096 70 18 eumita

1529 3121 22 17 tu
1558 3121 98 18 esecutivu
1661 3122 20 17 di
1686 3126 12 13 a
1703 3122 51 18 terza
1758 3122 153 19 internazionale.

1529 3159 58 19 Stati
1594 3159 65 19 Uniti

1550 3197 24 4 —
1580 3188 19 18 À
1606 3188 87 18 viulenza
1700 3189 20 17 di
1725 3194 14 12 u
1744 3189 71 19 ciclone
1820 3190 32 18 chi
1860 3190 26 18 ha
1893 3190 49 18 fattu
1948 3196 55 18 pare-

1529 3216 41 18 chie
1577 3216 71 18 millaie
1655 3217 20 17 di
1682 3217 82 22 vittime,
1767 3217 11 19 è
1783 3218 51 18 statu
1842 3219 40 17 taie
1890 3219 113 18 chil'arburi

1528 3244 87 18 sradicati
1619 3245 22 17 sô
1646 3245 45 18 stati
1698 3246 109 22 traspurtati
1818 3251 12 13 a
1836 3247 34 21 più
1885 3247 20 18 di
1912 3246 24 19 30
1943 3248 60 18 chilo-

1527 3272 75 19 mitri.U
1606 3273 70 18 ciclone
1678 3273 26 18 ha
1710 3274 108 18 traversatu
1825 3274 55 19 1.200
1884 3275 100 19 chilomitri
1989 3276 13 18 d

1527 3300 102 18 territoriu.

1527 3387 55 21 sont
1598 3387 99 27 permis,
1715 3389 32 25 et,
1766 3388 21 22 si
1804 3388 96 22 -chacun
1919 3389 46 22 sait
1977 3390 24 21 le

1526 3421 109 26 vouloir,'
1643 3426 62 17 nous
1710 3427 88 17 aurons
1810 3422 96 23 demain
1917 3423 23 22 le
1945 3429 56 23 syn-

1527 3453 62 23 dicat
1597 3455 44 21 des
1652 3455 97 22 nations
1760 3461 111 23 pauvres,
1890 3456 42 22 des
1943 3462 58 22 peu-

1526 3488 51 28 ples
1585 3489 102 27 soumis,
1700 3489 127 27 annihilés,
1840 3490 62 22 mais
1917 3490 40 28 qui
1968 3496 32 17 ne

1525 3522 99 22 veulent
1633 3523 55 28 plus
1701 3522 75 23 l’être.

1553 3555 28 23 Et
1592 3562 29 16 ce
1631 3562 53 16 sera
1693 3557 65 22 aussi
1774 3557 93 22 l’union
1878 3557 43 22 des
1931 3557 69 22 hom-

1525 3595 51 16 mes
1594 3590 82 26 libres,
1701 3591 41 26 qui
1766 3593 42 19 ont
1829 3590 102 28 préféré,
1951 3597 49 16 aux

1526 3623 95 21 chaînes
1633 3622 53 22 d’or
1696 3622 143 29 étrangères,
1848 3625 24 21 le
1883 3624 44 22 dur
1935 3630 64 17 com-

1525 3657 40 21 bat
1574 3662 64 21 pour
1645 3656 53 21 leur
1705 3656 99 22 humble
1811 3658 96 26 peuple.

1726 3690 113 22 Maurice
1847 3690 122 23 Marchai,

1525 3726 83 29 (Breiç
1619 3728 62 21 Aîos
1692 3739 29 5 —
1732 3727 66 23 Mars
1812 3729 72 28 1925).

2137 156 110 38 Evviva
2264 169 18 24 a
2299 168 33 25 so
2343 156 97 46 faccia

2074 234 22 23 U
2105 235 105 29 diputatu
2220 235 117 22 alsazianu
2361 235 107 22 Hueber
2489 234 31 22 ha

2046 268 90 29 parlatu
2146 268 30 22 da
2187 275 14 15 a
2213 268 92 22 tribuna
2317 268 24 22 di
2353 275 14 15 a
2381 268 101 22 Camara
2492 269 28 21 in

2045 302 109 22 dialettu
2166 302 29 21 di
2200 308 18 15 u
2224 308 28 15 so
2259 301 121 28 pa.ese.Ha
2390 302 78 22 dettu:
2478 309 13 14 «
2500 297 20 26 È

2045 335 24 21 in
2088 335 23 22 la
2122 334 79 29 Iingua
2214 334 23 22 di
2261 341 15 15 u
2294 334 88 29 pòpulu
2402 334 118 23 d’Alsazia

2045 368 80 22 ch’e’vi
2136 367 80 29 vogliu
2236 367 96 29 prisintà
2349 374 14 15 e
2383 374 37 15 me
2441 374 79 15 osser-

2044 401 95 23 vazione
2150 408 20 19 e,
2179 403 69 27 postu
2260 400 206 23 ch’e’m’addirizzu
2490 400 29 23 ad

2044 435 47 22 òmi
2102 435 38 21 chi
2154 434 77 22 hannu
2243 434 119 30 prufìttatu
2377 434 70 23 d’una
2458 436 61 21 stru-

2044 468 65 22 zione
2118 468 129 30 superiore,
2269 468 151 29 iruvaraghiu
2440 470 79 21 certa-

2045 505 76 19 mente
2134 509 14 15 e
2166 502 137 22 cundizione
2324 502 133 22 necessarie
2477 509 42 23 per

2044 542 53 16 esse
2108 536 86 29 capitu.

2072 569 20 22 E
2103 569 66 29 parlé
2180 572 36 20 tre
2224 570 77 29 quarti
2312 570 72 27 d’òra,
2406 570 112 22 interrot-

2044 605 25 19 tu
2087 610 15 14 o
2111 603 152 29 quistiunatu,
2273 610 92 22 sempre
2383 603 25 22 in
2419 603 99 23 dialettu

2044 636 9 28 (
2065 636 25 21 in
2101 637 76 27 patois
2186 637 101 22 cum’elli
2308 637 84 22 dicenu
2402 636 116 23 l’imbicil-

2044 668 17 22 li
2072 669 9 28 )
2090 669 30 23 da
2132 669 70 23 l’altri
2211 670 158 30 raprisintanti
2389 670 24 22 di
2431 670 87 22 l’AIsa-

2044 702 44 23 zia.

2071 736 71 23 Porta
2153 737 82 29 paròla
2246 738 24 22 di
2281 745 16 15 u
2305 738 89 29 pòpulu
2402 738 24 22 di
2431 745 15 15 e
2462 745 54 23 pru-

2043 770 76 22 vincie
2141 771 174 29 ricunquistate,
2328 771 96 23 Hueber
2435 772 32 22 ha
2487 772 29 22 ri-

2044 803 36 23 da
2083 806 76 20 matu:

2072 838 22 21 1°
2107 838 177 22 Mantinimentu
2293 838 24 22 di
2333 846 15 14 u
2361 839 95 23 tedeseu
2473 846 44 15 cu-

2043 877 37 15 me
2091 871 79 29 Iingua
2182 871 103 23 ufficiale
2294 875 98 19 accantu
2403 880 15 15 a
2430 880 16 15 u
2454 873 62 22 fran-

2043 910 53 16 cese
2122 905 228 28 (amministrazione,
2357 906 110 23 tribunali
2478 907 11 28 )

2068 937 25 22 2°
2107 938 174 29 Insignamentu
2296 939 25 22 di
2332 947 16 15 u
2365 940 96 22 tedeseu
2476 947 41 15 eu-

2042 977 38 16 nie
2093 971 79 29 Iingua
2181 972 103 23 ufficiale
2304 980 14 15 a
2326 973 95 23 listessu
2446 974 70 23 titulu

2042 1005 43 22 che
2093 1012 15 15 u
2123 1005 114 23 francese.

2068 1038 25 22 3°
2101 1038 163 24 Rieutamentu.
2271 1040 32 22 d’i
2323 1041 133 23 funziunari
2480 1044 35 20 tra

2037 1071 136 23 TAIsaziani
2181 1079 14 16 e
2202 1074 8 21 i
2218 1073 107 29 Lorreni/
2332 1075 72 29 quelli
2412 1076 104 22 vinendu

2041 1105 30 23 da
2091 1106 98 23 Francia
2212 1108 71 22 messi
2300 1115 29 15 ne
2352 1108 163 30 l’obligazione

2041 1139 112 30 d’imparà
2162 1148 15 14 u
2185 1141 103 23 tedeseu.

2067 1173 25 22 4°
2108 1174 193 30 Incorporazione
2312 1176 30 22 d’i
2363 1177 107 22 cuscritti
2485 1184 30 15 ne

2041 1207 117 29 rigimenti
2165 1215 14 15 a
2191 1211 68 27 parte
2278 1209 25 22 in
2314 1210 99 23 serviziu
2430 1211 25 22 in
2475 1211 39 23 Al-

2041 1241 186 28 sazia-Lorrena,
2237 1245 54 20 éc...

2069 1268 99 28 Quandu
2177 1271 47 22 mai
2235 1271 9 21 i
2255 1271 121 23 carlattani
2384 1272 39 22 chi
2430 1272 9 22 i
2446 1272 68 23 Corsi

2040 1302 63 22 hanu
2111 1304 110 22 mandatu
2232 1305 24 21 in
2268 1304 93 30 Pariggi
2381 1313 105 16 avaranu
2499 1314 15 14 u

2040 1338 105 20 stomacu
2165 1337 24 22 di
2211 1338 59 22 salle
2286 1339 115 23 a’tribuna
2418 1347 44 21 per
2488 1340 25 22 fà

2040 1368 77 23 simile
2128 1370 163 24 riclamazione
2299 1373 25 21 in
2331 1372 98 23 dialettu
2441 1373 73 23 isula-

2040 1404 50 21 nu?

2068 1431 48 23 Mai
2127 1432 25 22 di
2160 1433 54 28 mai,
2228 1434 80 29 parchi
2328 1438 37 19 sle
2383 1435 105 23 eianlare
2499 1443 14 15 o

2040 1467 27 21 sò
2080 1466 94 23 frusteri
2183 1474 69 17 cume
2264 1469 119 23 Giordan
2391 1476 15 16 o
2413 1470 101 23 Dumer

2040 1506 14 16 o
2064 1502 27 20 sò
2103 1501 41 29 più
2153 1501 87 29 pinzuti
2249 1509 28 15 ca
2283 1503 48 29 pâli
2341 1504 102 29 scupini»
2459 1504 31 23 Di
2498 1512 16 15 u

2039 1540 69 16 corsu
2116 1534 87 24 sinesò
2214 1536 138 24 diminticati
2361 1545 16 15 o
2389 1545 32 15 un
2431 1538 82 23 l’hanu

2039 1568 47 22 mai
2100 1568 114 30 imparatu
2225 1576 15 16 e
2253 1570 25 22 di
2288 1577 14 16 a
2321 1570 96 25 Corsica
2432 1572 81 24 hannu

2040 1602 97 22 misione
2149 1602 23 23 di
2184 1603 71 23 fanne
2266 1611 46 16 una
2320 1605 94 23 culunia
2432 1606 26 23 di
2468 1606 44 24 45a

2040 1635 82 23 classe.

2067 1670 44 22 Fin
2131 1670 43 22 che
2191 1671 59 23 dura
2273 1673 24 22 fà
2318 1673 95 23 virdura
2423 1675 7 22 !
2437 1682 39 16 ma
2489 1675 21 23 ci

2039 1705 133 21 truvaremu
2180 1712 15 15 a
2206 1705 221 31 l’appullatoghiu...

2369 1742 31 22 P.
2412 1742 29 23 di
2451 1743 32 22 B.

2054 1804 135 40 ârchivio
2205 1807 113 38 Storico
2335 1808 31 38 di
2378 1809 120 39 Corsica

2067 1881 97 23 Avemu
2169 1883 105 23 ricivutu
2283 1892 18 14 u
2310 1886 78 28 prima
2400 1892 107 17 numaru.

2040 1913 140 31 Ghinaghiu
2192 1923 62 24 1925,
2265 1919 24 21 di
2298 1919 209 29 st’impurtantissi-

2038 1953 40 16 ma
2094 1949 91 28 rivista,
2206 1952 119 27 publicata
2339 1954 30 21 da
2386 1960 15 16 a
2415 1954 92 23 Société

2042 1981 139 27 Tyrrhenia
2190 1985 25 21 di
2225 1985 182 25 Milanusottuà
2415 1988 92 28 sapien-

2037 2016 26 21 te
2074 2016 120 24 direzione
2205 2019 25 22 di
2241 2026 18 15 u
2272 2020 137 28 prufessore
2420 2022 87 22 Gioac-

2039 2049 71 23 chino
2120 2050 87 29 Volpe,
2215 2053 108 28 diputatu
2329 2061 39 15 au
2377 2056 130 27 parlamen-

2037 2084 34 20 tu.
2082 2083 61 23 Eccu
2150 2091 18 15 u
2175 2085 131 24 sbmmariu
2314 2089 24 21 di
2351 2090 35 20 sta
2398 2090 109 28 magnifi-

2038 2122 27 16 ca
2081 2118 163 26 publicazione
2255 2121 25 21 di
2293 2128 39 23 125
2344 2124 97 28 pagine:
2455 2124 52 22 Vol-

2036 2151 32 27 pe
2074 2150 31 23 G.
2113 2151 121 25 Lettaradi
2240 2157 267 25 presentazione—Sol

2037 2186 38 20 mi
2080 2185 32 21 A.
2126 2185 31 23 La
2170 2186 106 30 Corsica,
2292 2190 80 23 studio
2389 2192 118 22 storico—

2036 2218 96 23 Michel
2140 2220 30 22 E.
2183 2222 65 22 Esuli
2257 2222 14 23 è
2283 2225 141 27 cospiratori
2436 2226 71 22 itaiia-

2037 2253 25 21 ni
2079 2253 26 22 in
2121 2254 99 24 Corsica
2229 2255 174 33 (1630-1840)—
2411 2259 96 23 Variété

2035 2298 30 5 —
2071 2287 154 24 Recensions

2064 2321 106 23 Daremu
2181 2329 34 15 un
2223 2330 57 16 resu
2289 2328 74 20 contu
2377 2328 130 28 cumplettu

2035 2360 31 16 ne
2074 2362 17 14 u
2096 2358 84 21 nostru
2184 2359 123 26 prossimu
2313 2366 108 17 numaru.

2064 2388 198 30 Ringraziamenti
2270 2394 86 22 sinceri
2362 2401 14 15 a
2384 2395 8 22 i
2399 2395 108 24 fundato-

2035 2422 19 21 ri
2060 2423 25 21 di
2093 2423 135 25 l’Archivio
2235 2427 88 23 storico
2330 2428 24 22 di
2362 2428 100 24 Corsica
2469 2430 38 22 chi

2034 2456 52 23 sarà
2098 2463 45 17 una
2156 2459 135 23 ricchisima
2300 2462 100 22 miniera
2408 2464 24 20 di
2443 2464 64 22 studi

2034 2496 14 16 e
2059 2491 25 21 di
2096 2491 136 24 documenti
2245 2500 29 22 pa
2284 2501 15 15 u
2310 2496 42 27 più
2362 2503 59 22 gran
2431 2497 45 28 prô
2483 2498 24 21 di

2033 2530 14 16 a
2053 2525 73 22 stòria
2138 2526 24 21 di
2174 2533 13 15 a
2198 2528 75 27 patria
2285 2528 83 24 Corsa.

2049 2600 57 37 Per
2130 2614 20 25 u
2181 2603 100 38 Teatu
2301 2605 32 36 di
2349 2605 22 36 A
2389 2605 98 38 Muvra

2032 2646 69 19 Teatru
2107 2651 55 15 corsu
2165 2649 108 19 ambulante
2276 2650 25 18 du
2304 2650 195 21 USampetracciu

2097 2689 66 25 Terza
2174 2690 46 28 lista
2228 2691 22 24 di
2261 2693 158 27 sottu$crizione
2426 2702 7 18 :

2054 2727 86 19 Ghiuvan
2144 2729 59 19 Petru
2210 2730 95 20 Lucciardî
2458 2733 25 19 20

2053 2750 88 19 Basüanu
2148 2751 75 20 DalzetO
2460 2756 46 18 8.30

2053 2772 83 23 Olivieri,
2143 2775 76 22 spiziale
2228 2776 21 18 in
2254 2776 64 18 Aicciu
2458 2778 26 18 20

2053 2796 64 18 Renzu
2124 2796 86 20 Lucciani
2459 2801 25 18 10

2052 2818 100 19 Polverelli
2459 2823 25 18 30

2052 2840 81 19 Donadei
2458 2846 26 18 20

2052 2863 110 19 Marchesini
2166 2864 60 19 Paulu
2460 2868 25 18 10

2439 2914 67 20 138.30

2122 2934 62 18 Prime
2192 2934 48 19 liste:
2438 2937 68 19 434.00

2120 2981 62 20 Tutale
2186 2989 9 11 :
2438 2986 68 18 372.30

2030 3043 170 40 Centenariu
2216 3046 31 37 di
2263 3047 143 47 Pasquale
2419 3048 86 38 Paoli

2084 3112 10 3 -
2108 3097 37 21 Pè
2153 3098 137 26 apalmadi
2300 3106 19 16 u
2325 3100 93 22 P.C.A.

2083 3147 93 25 Siconda
2186 3149 46 27 lista
2242 3150 21 23 di
2271 3150 161 26 sotiuscrizione
2441 3159 7 17 :

2049 3190 63 18 Marcu
2122 3191 103 20 Pullunelli
2466 3195 14 18 3

2049 3213 94 19 Maistrale
2455 3217 25 18 20

2050 3234 83 22 Olivieri.
2147 3237 75 22 spiziale
2235 3239 22 18 in
2272 3240 75 18 Aiaceiu
2455 3240 25 18 20

2050 3256 86 21 Ghiuvan
2152 3260 58 18 Petru
2221 3261 102 19 Lucciardu
2467 3262 13 17 3

2049 3279 84 23 Eugeniu
2147 3281 89 20 Grimaldi
2455 3284 25 18 10

2049 3302 90 22 Capitanu
2146 3304 60 19 Mèmè
2219 3305 75 19 Moulau
2305 3306 69 21 (Corte)
2466 3306 13 17 3

2048 3324 70 18 Beretti
2238 3342 14 4 _
2466 3327 13 19 3

2048 3346 68 19 Pinellï
2130 3347 103 21 Ghîacumu
2465 3350 14 17 2

2049 3369 119 20 Antomarchi
2465 3372 13 18 3

2049 3391 138 24 Caeciaguerra.
2465 3394 14 18 3

2047 3410 79 23 Marsillî
2464 3416 14 18 2

2048 3436 21 18 B.
2078 3437 22 17 V.
2465 3439 14 17 3

2047 3458 30 18 Un
2090 3461 124 18 antonomktu
2228 3462 60 19 dicisu
2465 3461 14 18 3

2047 3480 30 19 Un
2087 3483 52 21 prete
2465 3484 14 17 2

2047 3508 108 22 Vincensini
2164 3512 58 19 Petru
2465 3510 13 18 3

2113 3557 65 18 Prima
2191 3557 44 19 lista
2239 3564 8 11 :
2450 3559 24 19 97

2450 3582 24 18 96

2114 3634 63 19 Tutale
2183 3641 9 11 :
2441 3634 35 18 193

2036 3689 239 29 Aiaceiu-Stamparia
2292 3690 24 22 di
2337 3692 25 21 A
2386 3692 97 23 Muvra

2023 3727 22 21 U
2053 3727 216 29 direttore-gerente
2278 3737 7 14 :
2310 3729 71 23 Petru
2393 3730 106 23 ROCCA
