2574 3897
128 125 123 22 M.Ricklin
261 127 35 21 fut
304 129 81 25 appelé
393 129 14 19 à
415 126 110 21 défendre
532 131 41 14 son

102 155 46 20 ami
155 155 91 24 Brogly,
253 162 26 13 ce
288 157 56 23 qu’il
354 156 24 19 fit
386 161 56 14 avec
448 152 127 21 entousias-

101 188 45 14 me.
156 182 31 19 Le
195 182 99 20 tribunal
311 184 58 19 était
381 180 91 26 présidé
489 185 42 18 par
542 178 31 19 M.

101 209 89 23 Schott,
200 210 120 20 conseiller
329 211 29 19 de
366 214 90 20 guerre,
466 212 45 18 que
526 205 47 18 l’on

100 237 62 19 avait
176 240 130 17 surnommé
321 244 11 11 «
341 238 22 19 la
370 240 88 16 terreur
471 233 29 19 de
517 231 56 19 Mul-

101 264 74 19 house
184 268 11 11 »
204 264 39 22 Or,
253 271 26 13 ce
288 266 81 23 procès
378 267 82 16 tourna
469 266 30 14 au
509 259 65 19 désa-

98 294 99 21 vantage
206 292 26 18 de
240 292 132 22 M.Ricklin,
382 296 38 14 car
428 294 31 14 on
468 287 49 19 s'en
527 284 46 24 prit

101 319 13 19 à
122 324 26 14 sa
157 325 113 17 personne
282 326 29 13 en
322 319 75 19 raison
407 316 28 19 de
448 320 37 14 ses
493 316 80 16 témoi-

98 352 94 18 gnages.
207 346 34 19 On
254 346 31 19 lui
302 344 112 26 reprocha
432 340 140 22 notamment

100 373 87 19 d’avoir
195 373 62 24 parlé
264 372 188 21 habituellement
467 374 28 13 en
510 366 61 19 fran-

100 400 46 23 çais
152 404 24 16 et
184 400 84 20 d’avoir
276 401 41 22 dit,
327 401 58 18 dans
395 403 45 14 une
452 398 120 17 conversa-

99 428 48 19 tion
166 434 57 13 avec
230 428 30 19 M.
270 428 93 24 Brogly,
390 424 69 25 qu’on
478 422 94 24 pouvait

100 455 121 24 envisager
235 455 22 19 le
269 459 78 16 retour
363 454 28 19 de
406 451 96 21 l’Alsace
519 448 13 18 à
548 446 23 20 la

98 483 94 21 France,
202 483 62 21 mais,
271 482 70 25 qu'au
348 481 65 25 point
421 479 29 19 de
459 482 44 14 vue
519 473 52 21 reli-

99 510 75 24 gieux,
183 509 94 20 l’Alsace
285 509 87 20 n’avait
379 507 49 20 rien
441 506 13 19 à
461 508 89 20 gagner
556 502 13 18 à

99 544 25 13 ce
133 540 85 17 retour.
235 536 35 20 On
279 537 32 19 lui
321 534 111 26 reprocha
442 531 129 25 également

99 565 89 19 d’avoir
203 571 28 13 eu
239 564 39 20 des
288 564 109 19 relations
412 559 85 21 suivies
513 562 57 14 avec

99 592 53 20 MM.
162 592 115 22 Wetterlé,
288 591 78 20 Preiss
374 593 23 16 et
405 589 33 19 les
447 590 78 16 autres
533 584 38 19 dé-

99 621 67 24 putés
173 619 160 24 francophiles.

122 645 30 20 M.
160 645 23 19 le
192 645 32 19 Dr
231 644 92 21 Ricklîn
340 640 113 22 demande
469 639 22 19 le
505 642 65 19 juge-

99 675 62 17 ment
181 672 29 20 de
223 679 25 13 ce
262 670 87 21 conseil
363 669 28 20 de
404 672 90 20 guerre,
505 664 66 24 juge-

98 703 64 16 ment
170 700 40 24 qui
219 706 12 12 a
240 700 35 19 été
283 698 83 20 trouvé
374 696 56 20 dans
444 694 22 19 la
479 696 91 20 perqui-

97 727 70 19 sition
182 727 54 19 chez
244 726 29 20 M.
283 723 109 23 Sturmel.
407 722 61 20 C’est
481 720 22 19 le
519 718 48 20 seul

98 754 83 19 extrait
196 754 65 24 qu’on
279 752 106 26 possède.
401 750 30 19 Le
448 748 122 20 document

97 785 35 16 est
140 782 67 23 passé
215 782 12 19 à
236 780 146 24 l’interprète,
389 775 128 26 cependant
524 778 45 20 que

98 809 29 20 M.
138 809 90 20 Ricklin
237 809 109 19 continue
354 807 13 19 à
377 804 103 25 rappeler
489 808 29 14 en
531 801 39 19 dé-

98 837 40 19 tail
146 843 42 13 son
207 837 70 24 passé.
292 835 18 20 Il
328 839 71 15 avoue
415 831 55 25 qu’il
487 829 83 25 parlait

98 870 55 14 sans
162 870 64 14 cesse
233 862 97 24 français
339 867 57 13 avec
404 866 24 13 sa
437 858 85 20 femme
530 856 39 24 qui

98 892 55 19 était
161 892 29 19 de
199 891 70 20 Paris.
279 889 93 21 Certain
380 888 61 25 jour,
451 892 31 14 on
490 884 33 21 lui
536 889 34 15 re-

98 919 84 25 procha
187 920 76 21 jnême
270 917 87 21 d’avoir
365 915 80 21 exercé
451 920 25 14 sa
484 912 86 26 profes-

98 948 48 19 sion
156 948 14 18 à
180 946 89 21 Paris.il
279 949 35 17 est
322 944 49 21 vrai
380 943 53 25 qu’il
439 942 62 20 avait
509 940 61 20 alors

97 982 31 12 un
137 974 82 21 cousin
228 975 28 19 du
265 974 75 20 même
349 978 53 14 nom
412 970 38 25 qui
462 968 88 21 traitait
556 974 13 13 a

98 1003 66 20 Paris
173 1002 28 20 de
209 1002 21 20 la
238 1001 119 21 médecine
369 1006 28 13 au
407 999 66 24 point
481 997 28 19 de
525 1002 45 14 vue

97 1030 151 24 scientifique.
258 1028 43 25 (En
310 1028 92 24 parlant
407 1027 28 19 de
443 1031 38 15 ses
489 1029 82 15 souve-

97 1058 48 20 nirs
154 1058 29 19 de
191 1057 92 23 famille,
294 1056 33 20 les
340 1055 102 24 sanglots
458 1052 113 20 étouffent

97 1086 21 20 la
127 1086 54 19 voix
188 1085 30 19 du
228 1085 30 20 Dr
263 1082 142 25 Ricklin.)Le
413 1082 81 24 procès
501 1083 70 21 ayant

98 1121 27 13 eu
138 1120 47 13 une
197 1113 30 20 fin
236 1112 168 21 malheureuse,
413 1113 24 17 et
445 1109 30 20 M.
485 1108 85 24 Brogly

97 1144 68 22 ayant
173 1141 36 20 été
217 1139 125 22 condamné
353 1140 14 19 à
380 1138 39 20 dix
435 1143 42 14 ans
491 1136 29 20 de
536 1136 34 19 ré-

97 1169 88 20 clusion
208 1172 22 16 et
253 1169 12 19 à
282 1168 39 19 dix
337 1172 44 14 ans
405 1166 28 19 de
458 1168 65 22 perte
540 1164 29 19 de

97 1204 37 13 ses
142 1197 72 19 droits
230 1196 110 24 civiques,
350 1201 30 13 on
397 1193 97 25 suggéra
509 1193 14 19 à
538 1192 30 20 M.

98 1225 89 20 Ricklin
196 1225 28 19 de
232 1224 83 24 quitter
324 1224 23 19 le
354 1228 64 20 pays,
427 1227 69 19 parce
512 1218 57 28 qu’il

98 1253 77 20 s’était
182 1252 71 20 rendu
262 1251 142 25 impossible.
414 1249 17 21 11
446 1250 62 19 avait
516 1249 54 20 .mê-

97 1287 37 14 me
160 1280 118 25 provoqué
305 1280 24 20 le
351 1277 219 26 Kriegsgerichtsrat

97 1309 81 21 Schott
185 1315 29 13 en
222 1308 59 23 duel,
291 1309 13 18 à
313 1308 22 19 la
344 1307 60 20 suite
413 1306 41 20 des
469 1305 99 26 perfides

97 1338 144 19 accusations
249 1337 91 19 lancées
348 1339 79 16 contre
443 1341 24 14 sa
476 1341 93 19 person-

98 1371 37 15 ne.

121 1390 29 20 M.
172 1389 95 23 Ricklin,
283 1389 69 25 qu’on
370 1388 87 21 voulait
473 1388 94 20 d'abord

98 1424 102 19 envoyer
208 1424 27 13 en
250 1417 90 22 Russie,
349 1417 36 19 fut
398 1417 88 24 envoyé
494 1417 13 19 à
520 1417 49 19 l’in-

97 1447 86 20 térieur
197 1446 29 20 où
235 1446 16 19 il
264 1449 38 16 sut
309 1451 27 14 se
348 1445 82 20 rendre
440 1445 56 19 utile
504 1445 14 19 à
530 1451 38 14 ses

97 1474 166 26 compatriotes,
272 1473 63 20 aussi
344 1473 52 20 bien
406 1473 82 24 qu’aux
496 1473 73 20 Fran-

97 1503 55 24 çais,
160 1509 42 18 par
208 1502 27 19 de
243 1501 144 20 nombreuses
395 1501 172 20 interventions.

98 1531 35 20 On
140 1531 32 19 lui
181 1529 109 25 reproche
295 1525 87 27 d’av@r
388 1529 57 20 écrit
453 1535 45 14 une
502 1529 66 20 lettre

97 1560 13 19 à
117 1566 32 13 un
162 1558 74 20 soldat
249 1557 113 20 allemand
376 1557 56 20 dans
440 1557 99 25 laquelle
550 1557 18 21 il

96 1593 108 14 semonce
214 1588 124 18 vertement
351 1591 26 14 ce
385 1585 82 20 soldat.
477 1585 31 20 M.
517 1585 52 20 Ric-

96 1615 48 20 klin
153 1615 105 25 explique
265 1613 55 25 qu’il
329 1613 65 25 s’agit
401 1613 68 20 d’une
476 1613 93 20 deman-

97 1643 28 20 de
133 1642 143 25 imprudente
284 1641 40 25 qui
337 1640 62 20 avait
411 1641 36 20 été
459 1640 56 20 faite
527 1648 41 17 par

96 1671 21 19 le
125 1669 163 27 quémandeur,
297 1668 113 21 demande
418 1669 39 23 qui
465 1669 104 20 dénotait

97 1699 119 23 beaucoup
230 1698 27 19 de
270 1697 89 20 lâcheté
368 1697 29 19 de
411 1702 24 14 sa
444 1701 54 20 part
508 1697 60 20 ainsi

97 1733 44 18 que
153 1726 23 20 la
189 1726 51 25 plus
252 1725 87 24 grande
350 1724 145 25 impudence.
504 1725 19 20 Il
535 1725 32 20 lui

96 1755 98 24 suggéra
203 1759 62 14 assez
272 1753 191 24 énergiquement
471 1753 29 20 de
510 1753 58 20 faire

96 1789 41 14 son
153 1781 81 21 devoir
254 1787 89 13 comme
363 1782 51 18 tout
432 1781 23 19 le
475 1781 92 20 monde.

97 1817 10 10 «
114 1810 62 20 Pour
183 1815 46 14 une
236 1809 65 19 lettre
309 1808 104 24 pareille,
422 1808 67 22 dit-il,
498 1809 69 24 qu’on

97 1842 53 17 veut
157 1837 111 25 exploiter
275 1840 82 16 contre
365 1842 37 14 ma
410 1843 123 17 personne,
543 1837 26 24 je

96 1872 57 15 vous
166 1864 109 21 donnerai
284 1864 42 20 des
340 1864 119 25 poignées,
468 1864 40 21 des
521 1871 48 14 cor-

95 1895 79 20 beilles
189 1893 52 25 (sic)
256 1893 28 20 de
300 1893 82 20 lettres
398 1893 28 19 de
449 1894 120 19 remercie-

96 1926 75 17 ments
180 1928 45 19 que
230 1921 37 25 j’ai
276 1922 14 18 à
299 1927 53 14 mon
367 1921 107 20 domicile
481 1922 13 19 à
509 1922 60 19 Dan-

98 1950 111 21 nemarie.
219 1957 10 12 »

120 1976 58 20 Mais
186 1976 29 19 de
219 1980 111 17 nouveau,
343 1974 30 20 M.
382 1973 88 21 Ricklin
480 1977 52 17 sent
546 1975 22 19 le

96 2004 81 21 besoin
185 2004 124 24 d’appuyer
317 2008 40 14 sur
365 2002 22 19 la
401 2002 93 24 logique
502 2003 30 19 de
542 2008 26 14 sa

96 2031 110 21 conduite
210 2034 22 16 et
236 2031 21 19 la
266 2030 93 24 loyauté
364 2030 29 19 de
398 2033 52 16 tous
455 2036 37 14 ses
497 2033 70 17 actes.

97 2065 11 10 «
115 2060 29 20 Je
152 2059 126 22 considère,
285 2057 68 24 dit-il,
363 2064 31 13 un
403 2061 101 16 serment
513 2058 54 24 poli-

96 2088 63 24 tique
168 2092 88 15 comme
263 2092 46 13 une
318 2085 71 20 chose
397 2086 88 22 sacrée,
494 2089 23 16 et
528 2085 40 25 qui

96 2120 35 16 est
137 2116 63 22 aus$i
210 2115 57 19 saint
273 2120 58 18 pour
337 2113 45 20 moi
392 2119 46 19 que
446 2117 50 16 tout
503 2117 66 16 autre

96 2147 110 17 serment.
214 2142 57 21 Tant
280 2148 46 18 que
336 2142 24 24 je
369 2141 80 20 n’étais
458 2147 41 18 pas
508 2141 61 20 délié

96 2172 29 20 du
135 2174 100 18 serment
242 2176 45 19 que
292 2170 85 24 j’avais
384 2169 41 20 fait
433 2176 29 13 au
478 2169 91 20 Reichs-

95 2204 46 21 tag,
145 2200 25 24 je
179 2205 29 14 ne
217 2198 92 25 pouvais
319 2198 51 25 agir
374 2197 130 24 librement,
511 2197 58 20 mais

96 2228 40 20 dès
143 2228 23 20 le
172 2227 53 25 jour
232 2227 29 19 où
267 2226 26 25 je
306 2226 39 19 fus
353 2224 182 21 définitivement
541 2225 27 19 li-

96 2256 52 20 béré
165 2256 29 19 de
208 2261 25 14 ce
241 2257 110 20 serment,
358 2253 41 25 j’ai
416 2253 115 21 demandé
545 2253 23 20 la
578 2260 2 13 :

95 2284 139 25 séparation.
242 2281 41 22 J’ai
295 2281 106 25 toujours
408 2284 55 17 tenu
472 2281 14 20 à
494 2281 23 20 la
531 2287 38 18 pa-

95 2312 48 20 role
151 2318 15 18 q
170 2318 27 14 ue
205 2310 38 25 j’ai
252 2310 99 23 donnée,
361 2312 22 17 et
388 2309 34 24 j'y
430 2309 62 20 tiens
502 2315 67 14 enco-

95 2345 46 15 re.»

121 2365 31 23 M,
157 2364 93 26 JRicklin
259 2369 28 14 en
296 2363 78 20 arrive
382 2363 13 19 à
404 2362 24 20 la
434 2362 98 24 période
539 2362 31 20 de

98 2394 60 24 tgi6-
166 2393 29 20 où
202 2392 17 21 il
226 2395 65 17 entra
297 2397 30 14 en
334 2391 110 19 relations
449 2397 56 14 avec
510 2390 59 20 Vab-

96 2423 31 19 bé
133 2422 25 20 H
157 2427 66 19 aegy.
233 2427 11 12 «
253 2419 61 20 C’est
322 2419 107 20 l’homme
438 2425 46 18 que
489 2419 25 24 je
523 2425 46 13 res-

96 2454 65 20 pecte
167 2450 21 19 le
194 2449 50 25 plus
250 2454 27 13 en
286 2446 211 24 Alsace-Lorraine,
501 2446 67 21 dit-il.

96 2477 61 21 C’est
165 2484 31 13 un
206 2476 43 20 ami
257 2481 44 19 que
304 2475 40 25 j’ai
355 2474 104 25 toujours
466 2475 88 19 estimé.
558 2481 9 10 »

96 2506 94 20 Comme
199 2503 115 26 président
322 2503 31 19 du
366 2502 93 20 Conseil
467 2502 101 25 général,

96 2534 16 20 il
125 2538 117 20 prononça
251 2538 29 13 un
296 2532 105 19 discours
410 2536 28 14 en
447 2530 82 20 faveur
539 2530 30 20 de

97 2562 85 20 Preiss.
197 2561 18 19 Il
227 2559 74 21 s'était
313 2558 103 21 entendu
424 2564 57 14 avec
493 2558 76 20 l’abbé

96 2589 110 21 Wetterlé
215 2594 55 19 pour
284 2587 90 20 relever
382 2586 34 20 les
423 2586 87 24 grands
522 2593 47 13 ser-

96 2618 63 20 vices
168 2617 84 20 rendus
260 2621 44 14 aux
313 2615 117 20 Alsaciens
439 2620 42 18 par
489 2618 37 16 cet
533 2620 37 14 ex-

96 2646 84 20 cellent
187 2643 158 25 compatriote.
353 2641 135 25 (Lui-même
496 2642 73 20 s’était

95 2673 41 20 fait
144 2677 111 20 proposer
263 2677 40 18 par
310 2671 76 19 l’abbé
395 2669 77 25 Haegy
480 2676 89 14 comme

96 2701 118 25 président
222 2699 29 20 du
268 2698 93 20 Conseil
369 2698 103 24 général,
481 2697 46 21 afin
539 2698 29 20 de

96 2728 98 25 pouvoir
202 2727 49 25 agir
258 2726 51 24 plus
323 2725 157 21 efficacement
490 2729 79 17 contre

96 2757 21 20 le
126 2756 74 25 préfet
208 2761 43 14 von
260 2751 176 27 Puttkammer.)
449 2754 91 20 Durant
545 2754 22 20 le

96 2785 105 20 discours
210 2782 51 26 qu’il
276 2787 116 19 prononça
401 2785 23 16 et
436 2781 40 24 qui
485 2781 84 25 portait

97 2819 46 14 une
150 2816 56 16 note
214 2811 45 19 très
267 2810 76 24 loyale
351 2813 24 15 et
382 2809 46 19 très
437 2809 133 25 personnel-

95 2841 29 22 le,
130 2841 22 19 le
160 2839 72 26 préfet
240 2838 55 20 était
302 2838 48 20 très
358 2837 92 22 énervé,
458 2841 23 16 et
486 2837 84 20 M.Ric-

96 2869 48 20 klin
153 2866 135 22 n’attendait
294 2872 48 18 que
354 2865 124 20 l’occasion
487 2865 30 20 de
531 2865 38 20 l’a-

96 2895 135 27 postropher
242 2896 135 20 vertement,
385 2893 58 20 mais
451 2893 15 20 il
476 2899 25 14 se
515 2899 54 14 con-

95 2924 53 20 tînt.
157 2924 34 20 Un
201 2929 43 18 peu
250 2922 51 25 plus
306 2921 59 23 tard,
371 2920 15 21 il
393 2920 83 25 refuse,
480 2927 89 14 comme

97 2952 121 20 Président
225 2950 29 20 du
263 2949 92 20 Conseil
364 2949 102 24 général,
475 2949 28 19 de
511 2948 58 21 faire

97 2986 46 14 une
151 2977 137 22 déclaration
298 2977 29 20 de
341 2976 118 25 loyalisme
466 2978 14 19 à
493 2977 77 20 l'Alle-

97 3014 91 18 magne.
198 3007 29 20 M.
237 3005 89 21 Ricklin
335 3006 27 19 lit
378 3005 35 19 les
420 3005 104 20 discours
539 3012 29 13 en

97 3035 115 21 allemand
220 3035 13 19 à
241 3033 53 20 voix
305 3033 71 19 haute
385 3036 23 16 et
415 3033 46 19 très
476 3033 94 20 distinc-

97 3067 95 17 tement.
203 3062 29 20 Le
248 3061 104 20 discours
364 3060 43 20 fait
422 3060 146 25 impression.

97 3090 38 26 (M.
146 3091 84 22 Preiss,
248 3089 84 24 député
340 3095 30 14 au
387 3088 130 25 Reichstag,
534 3092 36 17 est

99 3123 59 16 mort
167 3125 28 14 en
206 3118 43 20 exil
257 3123 28 14 en
295 3115 69 26 1916.)

122 3144 63 20 Dans
194 3149 44 14 une
251 3146 65 16 autre
325 3141 98 22 session,
436 3141 31 20 M.
478 3141 91 21 Ricklin

97 3172 60 20 avait
163 3173 72 19 même
243 3169 41 21 fait
290 3169 110 21 entendre
406 3170 55 23 qu'il
467 3169 104 20 rendrait

95 3200 23 19 le
126 3200 187 19 Gouvernement
322 3197 148 25 responsable
479 3197 40 20 des
524 3203 47 14 me-

96 3233 66 14 sures
172 3227 70 25 prises
251 3232 41 18 par
299 3225 36 20 les
343 3225 68 19 hauts
418 3224 153 21 fonctionnai-

97 3261 36 13 res
142 3255 31 19 du
191 3253 69 21 Reich
274 3259 29 13 en
321 3253 91 22 Alsace,
429 3258 40 14 car
482 3253 87 20 ceux-ci

96 3283 138 20 montraient
242 3287 44 14 une
295 3280 102 21 veulerie
405 3285 54 15 sans
476 3280 95 25 pareille

96 3311 85 19 devant
189 3309 114 21 l’autorité
311 3307 118 24 militaire,
445 3308 96 20 laissant
548 3308 21 20 la

95 3338 133 25 population
237 3343 54 14 sans
297 3336 94 21 défense
400 3336 85 20 devant
493 3336 52 20 elle.

121 3363 146 25 L’interprète
283 3362 27 20 lit
324 3362 91 20 ensuite
427 3362 23 19 la
463 3362 108 19 condam-

97 3391 79 19 nation
184 3391 30 19 de
226 3390 30 20 M.
266 3390 94 25 Brogly,
369 3395 28 14 en
412 3389 123 23 allemand,
548 3393 24 15 et

96 3418 21 19 la
126 3418 87 20 traduit
220 3425 28 13 en
261 3417 109 24 français.
384 3416 61 20 Nous
453 3423 15 18 y
483 3422 88 19 voyons

96 3446 70 23 qu’on
183 3446 72 24 prend
271 3445 30 20 M.
318 3445 92 20 Ricklin
425 3445 15 19 à
454 3445 74 24 partie
541 3451 29 13 en

97 3473 77 20 raison
182 3473 29 19 de
216 3479 35 14 ses
257 3473 151 25 dépositions.
415 3472 36 20 On
459 3472 112 26 reproche

97 3501 13 19 à
117 3500 31 20 M.
159 3501 84 24 Brogly
256 3501 87 20 d’avoir
357 3500 65 26 parlé
435 3500 23 20 le
469 3500 102 24 français

97 3534 29 13 au
136 3532 102 16 moment
246 3528 28 19 où
283 3528 17 20 il
315 3529 65 20 avait
386 3528 23 20 la
417 3528 112 20 direction
542 3528 29 19 de

96 3555 105 25 l’hôpital
225 3555 109 21 militaire
363 3557 29 19 de
421 3556 150 20 Riedisheim.

96 3583 74 24 Après
179 3584 22 19 la
217 3583 86 19 lecture
317 3585 29 19 de
362 3591 26 13 ce
403 3584 131 23 document,
548 3584 23 19 la

97 3609 64 21 Cour
170 3610 98 25 suspend
281 3610 129 22 l’audience
417 3613 104 24 pendant
533 3611 39 20 dix

95 3637 110 22 minutes.

624 128 20 18 A
652 127 22 19 la
683 124 86 25 reprise
777 123 29 19 de
813 122 22 19 la
844 122 88 19 séance,
941 118 31 20 M.
982 116 89 21 Ricklin

600 157 95 21 apporte
702 158 32 13 un
743 155 105 14 nouveau
857 148 76 19 thème
941 152 29 13 en
981 144 91 24 parlant

600 182 28 18 de
642 187 38 13 ses
688 176 165 23 interventions
861 181 28 13 en
901 173 85 24 faveur
999 170 29 19 de
1035 170 35 19 J/.

601 208 91 23 Tempé,
706 204 46 20 ami
766 203 80 19 intime
858 201 28 19 de
900 199 53 20 MM.
963 196 108 20 Wetterlé

599 238 22 16 et
631 234 99 19 Helmer.
739 230 97 20 Comme
844 230 68 21 agent
926 223 107 21 électoral
1041 223 29 18 de

598 262 31 19 M.
639 258 115 21 Wetterlé,
768 256 30 20 M.
811 255 86 23 Tempé
912 252 56 20 était
981 250 44 20 mal
1039 256 30 12 vu

598 289 40 19 des
646 284 132 23 Allemands
786 287 23 15 et
822 281 77 20 devait
910 280 49 19 être
972 277 98 20 destitué

598 320 88 15 comme
694 310 121 22 conseiller
823 310 40 18 des
873 308 164 19 «Armenrates
1048 308 21 13 ».

598 343 55 19 Plus
660 340 58 20 tard,
725 339 16 19 il
750 338 35 19 fut
792 335 100 25 acquitté
900 334 14 18 d
924 332 89 20 emblée
1020 336 50 18 grâ-

597 377 26 13 ce
631 370 14 19 à
662 364 172 24 l'intervention
852 360 126 24 énergique
992 363 22 14 et
1026 362 44 14 aux

596 396 157 24 témoignages
767 390 86 21 rendus
862 395 27 13 en
903 394 25 13 sa
938 386 80 20 faveur
1029 390 41 18 par

597 425 29 20 M.
637 421 90 22 Ricklin
742 426 29 14 au
787 414 180 26 Reichsgericht.
983 413 17 19 Il
1012 413 57 18 rend

596 453 105 19 honneur
709 450 13 18 à
730 448 23 19 la
762 445 85 21 fidélité
855 444 29 19 de
899 445 37 17 cet
944 446 47 14 ami
1005 442 23 16 et
1039 444 30 13 au

596 483 98 19 courage
710 474 56 26 qu'il
780 475 89 17 montra
886 476 28 13 en
924 469 32 19 lui
973 466 97 20 rendant

596 506 67 21 visite
672 504 59 20 alors
740 500 54 26 qu’il
809 499 55 20 était
872 497 58 20 exile
938 502 13 13 a
966 495 65 21 Kehl,
1040 499 29 13 en

596 538 58 21 1919.
664 531 56 21 Mais
729 530 16 20 il
754 528 73 21 décrit
840 526 148 24 longuement
996 522 33 19 les
1042 524 28 16 ti-

595 562 140 21 raillements
744 557 39 25 qui
793 557 82 19 eurent
885 553 45 20 lieu
949 554 64 17 entre
1026 549 42 22 lui,

596 595 89 15 comme
692 585 117 27 président
817 583 31 19 du
861 579 94 22 Conseil
967 577 101 26 general,

595 622 23 16 et
626 618 23 19 le
657 614 83 22 Préfet,
751 619 29 13 au
789 611 59 24 sujet
857 609 28 19 de
893 608 31 20 M.
933 607 94 22 Tempe.
1038 607 29 16 M.

595 644 73 22 l’abbé
677 643 77 22 Haegy
762 639 61 20 avait
831 635 98 21 défendu
938 641 27 13 ce
978 633 92 19 dernier

595 679 28 13 au
633 669 93 22 Conseil
733 665 104 27 général,
846 665 61 19 alors
917 668 46 18 que
979 662 29 18 M.
1018 662 52 16 Ric-

595 700 48 20 klin
661 697 55 21 était
729 702 29 13 en
771 693 140 23 Allemagne.
922 690 103 23 Lorsque
1037 689 30 17 M.

596 726 90 22 Ricklin
701 723 83 22 revint,
792 721 16 20 il
825 720 22 20 le
859 717 104 22 défendit
976 720 94 20 person-

595 754 124 22 nellement
734 756 57 15 avec
807 749 22 20 la
842 748 73 20 même
931 744 107 21 méthode
1046 744 23 17 et

594 784 29 19 ils
640 781 117 21 obtinrent
772 777 57 26 qu’il
847 776 69 20 restât
936 773 133 22 vice-presi-

595 811 55 19 dent
657 809 31 20 du
697 806 92 22 Conseil
803 803 100 27 général.
914 802 36 20 On
964 800 105 20 s’abstint

595 838 81 20 d’éüre
684 843 30 13 un
724 840 106 15 nouveau
845 831 125 25 président.
979 828 29 20 M.
1018 827 52 19 Ric-

595 866 49 21 klin
653 863 103 26 rappelle
764 868 44 19 que
817 861 30 20 M.
856 866 45 14 von
910 856 159 22 Puttkammer

595 894 62 21 avait
671 892 42 21 fait
729 890 104 26 pression
851 892 82 16 envers
955 883 114 27 plusieurs

596 922 113 21 membres
718 920 30 19 du
758 916 92 23 Conseil
862 913 92 28 général
964 918 58 19 pour
1034 911 35 19 les

595 951 75 20 forcer
679 950 13 18 à
700 948 88 20 donner
796 946 50 19 leur
862 941 124 23 démission
996 946 28 14 en
1039 940 31 20 si-

595 985 45 19 gne
648 978 29 20 de
685 973 150 28 protestation
845 975 80 17 contre
933 970 35 19 les
985 974 85 19 agisse-

596 1010 75 17 ments
679 1005 28 19 de
715 1003 90 21 Ricklin
814 1005 23 16 et
844 1001 29 20 de
881 999 86 24 Haegy.

621 1037 32 20 Le
662 1037 39 19 Dr.
711 1034 91 21 Ricklin
817 1032 90 20 déclare
920 1028 90 21 ensuite
1023 1033 46 19 que

595 1066 58 20 dans
660 1068 53 16 tous
720 1068 38 15 ces
766 1061 105 21 discours
884 1057 55 27 qu’il
949 1063 14 13 a
971 1061 97 20 pronon-

596 1095 39 19 cés
643 1093 84 20 durant
734 1091 23 20 la
765 1095 92 20 guerre,
866 1088 16 20 il
899 1085 87 22 n’avait
998 1090 30 19 qu
1037 1090 31 13 un

595 1122 49 20 seul
658 1122 42 20 but
706 1128 6 13 :
721 1118 153 25 sauvegarder
887 1116 34 19 les
929 1113 97 21 intérêts
1039 1112 30 19 de

595 1151 22 20 la
625 1148 134 27 population
768 1146 131 21 alsacienne
916 1148 40 19 qui
965 1140 105 21 souffrait

595 1184 56 15 sous
659 1178 23 20 le
688 1177 56 25 joug
752 1175 28 20 de
790 1174 21 20 la
825 1181 12 11 «
843 1172 148 23 soldatesque
1004 1174 63 19 prus-

595 1206 111 23 sienne»;
725 1204 60 24 puis,
794 1202 86 24 alléger
892 1200 23 20 le
928 1201 49 18 sort
990 1197 28 19 de
1025 1202 43 14 nos

595 1239 98 20 pauvres
699 1232 85 21 soldats
792 1230 119 21 alsaciens,
917 1227 40 25 qui
963 1224 106 21 faisaient

594 1268 56 15 sous
658 1262 40 20 des
711 1261 169 19 circonstances
887 1259 50 17 tout
951 1255 14 19 à
973 1253 41 21 fait
1030 1252 39 25 pé-

595 1290 75 21 nibles
678 1293 22 16 et
713 1286 192 23 extraordinaires
916 1284 51 19 leur
980 1281 88 21 service

594 1319 58 19 dans
659 1317 92 21 l’armée
759 1313 136 23 allemande.
900 1310 89 22 Jamais
995 1309 73 20 même

595 1346 101 25 pendant
704 1345 33 20 les
752 1343 86 21 années
979 1337 89 20 déclare

593 1375 22 20 le
628 1375 29 19 D.
668 1373 97 22 Ricklin,
778 1371 97 20 l’Alsace
887 1366 99 22 n'aurait
997 1364 69 20 voulu

595 1409 29 14 un
633 1402 154 24 changement
791 1398 111 26 politique
907 1402 29 13 au
943 1393 70 25 prixd
1022 1398 45 14 une

593 1436 84 20 guerre
685 1429 20 21 si
714 1428 99 25 cruelle^

618 1461 29 20 Et
653 1461 24 20 le
684 1460 84 25 député
782 1455 126 24 d’Altkirch
917 1455 30 20 de
959 1452 91 21 s’écrier
1059 1457 7 13 :

594 1489 98 24 «Oui,du
698 1486 144 25 reste,aurait
847 1484 69 20 voulu
922 1481 97 27 prendre
1023 1482 45 17 cet-

593 1521 22 17 te
622 1517 81 21 lourde
711 1513 177 27 responsabilité
897 1518 40 14 sur
951 1516 37 14 ses
1001 1509 67 23 épau-

593 1546 33 20 les
634 1545 12 20 ?
661 1545 65 20 Cette
739 1543 86 26 pensée
838 1541 35 20 fut
887 1540 29 20 de
930 1541 52 18 tout
993 1540 75 19 temps

593 1577 22 16 et
620 1573 104 25 toujours
729 1572 68 20 l’idée
804 1566 170 24 fondamentale
980 1565 87 19 démon

593 1601 113 20 discours.
715 1599 84 21 C’était
806 1598 31 20 du
851 1600 61 17 reste
919 1600 54 15 mon
988 1591 80 21 devoir

594 1630 28 19 de
631 1629 159 25 représentant
798 1627 29 19 de
836 1626 20 19 la
866 1622 136 27 population
1010 1619 59 20 d’Al-

593 1656 173 21 sace-Lorraine
775 1655 28 19 de
809 1654 77 24 parler
891 1647 177 25 ainsi.«Ensuite

593 1685 22 20 le
624 1684 134 21 Dr.Ricklin
768 1682 112 24 souligne,
888 1679 53 26 qu’il
950 1676 61 21 avait
1018 1679 50 15 tou-

591 1713 66 25 jours
671 1712 47 25 pris
726 1712 22 20 la
762 1707 176 29 responsabilité
951 1706 29 19 de
992 1706 75 18 toutes

594 1747 36 14 ses
638 1740 102 25 paroles..
746 1740 80 19 Aucun
836 1737 28 19 de
873 1742 36 14 ses
918 1733 58 21 amis
990 1738 15 14 n
1012 1731 56 20 était

594 1769 88 25 engagé
690 1774 41 18 par
738 1767 41 20 lui.
789 1766 18 21 Il
815 1766 50 20 leur
874 1771 12 13 a
895 1763 74 21 même
977 1760 42 20 dit:
1029 1758 36 20 «Si

594 1798 22 19 la
632 1802 82 19 guerre
722 1795 72 25 prend
811 1799 46 14 une
871 1792 62 20 issue
942 1796 30 14 en
988 1788 79 20 faveur

594 1825 28 19 de
630 1824 150 24 l’Allemagne
786 1822 24 24 je
825 1821 46 20 sais
879 1825 45 19 que
938 1823 59 14 vous
1009 1819 58 16 vous

594 1852 151 21 souviendrez
759 1851 30 19 de
801 1849 54 21 moi.
871 1847 64 23 Mais,
946 1846 19 20 si
979 1851 13 13 c
998 1847 35 16 est
1044 1843 22 18 la

594 1881 88 20 France
689 1879 40 25 qui
738 1881 114 22 remporte
859 1876 23 20 la
897 1873 103 22 victoire,
1009 1876 57 14 vous

594 1908 80 21 n’avez
687 1908 53 24 qu’à
755 1913 36 13 me
805 1905 92 21 lâcher.'
909 1902 33 21 Eh
956 1901 52 21 bien
1014 1900 7 19 !
1035 1898 32 20 Ils

594 1937 70 20 m’ont
669 1939 52 17 tous
728 1935 70 22 trahi,
805 1933 30 21 ils
844 1934 70 18 m’ont
921 1935 52 16 tous
982 1927 75 21 lâché.

618 1964 29 20 Et
651 1962 175 27 pourtant,dans
834 1964 62 16 toute
902 1965 37 13 ma
947 1958 57 20 lutte
1010 1960 57 15 avec

594 1993 21 20 le
619 1993 182 24 gouvernement
806 1987 122 23 allemand,
930 1984 82 27 j’avais
1017 1987 49 15 tou-

591 2023 65 25 jours
665 2026 46 14 une
718 2019 63 20 seule
790 2017 115 21 intention
914 2022 6 13 :
929 2016 98 23 opposer
1035 2017 32 13 un

593 2050 106 23 rempart
715 2043 195 28 infranchissable
926 2047 49 15 aux
989 2039 79 25 efforts

594 2077 29 20 de
631 2076 26 20 la
664 2074 184 26 germanisation
856 2072 29 20 de
893 2070 109 21 l’Alsace.
1011 2067 56 20 Plus

594 2105 67 19 d’une
675 2103 45 20 fois
727 2109 31 14 on
772 2101 87 21 voulait
870 2100 134 24 départager
1014 2095 9 19 I
1030 2094 38 20 Al-

594 2138 60 17 sace,
664 2138 29 13 en
701 2131 131 20 l’annexant
840 2129 45 20 soit
891 2133 30 14 au
934 2124 78 22 Grand
1021 2123 46 19 Du-

595 2160 42 21 ché
645 2160 30 20 de
680 2159 60 20 Bade
749 2164 29 14 ou
785 2159 13 19 à
804 2158 21 19 la
832 2157 92 20 Prusse.
932 2154 44 20 Les
983 2150 84 22 Badois

594 2195 29 13 ne
633 2187 117 21 voulaient
757 2192 41 19 pas
806 2186 30 19 de
845 2189 65 17 nous,
920 2186 23 16 et
955 2186 58 15 nous
1021 2186 15 13 n
1044 2184 24 14 a-

594 2222 57 15 vons
654 2214 83 26 jamais
743 2214 70 25 pensé
818 2214 13 18 à
838 2211 93 21 devenir
938 2207 128 23 Prussiens.

594 2243 69 21 Aussi
680 2249 56 14 nous
754 2247 72 15 avons
843 2240 128 20 carrément
992 2235 76 21 refusé

594 2272 125 24 d’accepter
727 2276 30 14 en
762 2267 201 22 AlsaCe-Lorraine
968 2271 31 14 un
1007 2263 62 25 prin-

595 2306 26 14 ce
646 2299 30 20 de
694 2299 22 20 la
741 2297 86 21 famille
849 2294 118 26 impériale
979 2297 88 16 comme

594 2327 194 21 administrateur.
793 2324 96 21 Comme
895 2323 21 20 la
926 2320 107 27 question
1041 2324 26 15 se

595 2355 75 25 posait
682 2360 29 14 en
725 2360 27 14 ce
765 2356 110 18 moment,
889 2355 23 16 et
923 2356 59 19 pour
996 2348 72 20 éviter

594 2388 51 20 trop
658 2383 28 20 de
699 2381 130 22 difficultés,
844 2386 59 14 nous
918 2383 59 16 nous
991 2376 75 21 étions

594 2411 103 21 déclarés
705 2411 62 24 prêts
775 2410 14 19 à
797 2412 105 21 accepter
910 2413 31 14 un
951 2405 79 26 prince
1038 2403 29 19 de

594 2441 21 20 la
624 2439 89 21 maison
725 2437 131 25 catholique
864 2436 39 20 des
917 2431 150 24 Wittelsbach

594 2469 60 19 alors
663 2467 98 24 régnant
768 2472 28 14 en
806 2465 102 20 Bavière.
915 2464 64 20 Nous
987 2465 80 16 avions

594 2497 30 19 du
633 2498 68 18 reste,
711 2495 13 19 à
732 2500 27 14 ce
767 2494 68 24 sujet,
845 2493 40 20 des
899 2490 125 22 entretiens
1037 2494 28 13 en

594 2523 51 26 1915
651 2526 24 17 et
682 2521 47 26 1916
734 2528 57 14 avec
796 2520 53 21 MM.
857 2520 106 23 Hertling
971 2521 23 16 et
999 2516 66 20 Held;

594 2551 80 25 Quant
688 2556 45 14 aux
748 2549 114 21 Lorrains,
878 2548 28 19 ils
921 2553 30 14 ne
965 2545 102 21 tenaient

594 2586 41 19 pas
643 2580 13 19 à
666 2582 71 17 rester
746 2578 52 20 unis
806 2578 13 19 à
828 2576 96 21 l’Alsace
929 2576 7 20 !
941 2575 30 20 ils
976 2574 91 20 deman-

594 2608 84 21 daient,
685 2612 57 19 pour
751 2606 40 20 des
798 2605 90 20 raisons
895 2604 170 23 économiques,

594 2637 13 19 à
615 2637 49 19 être
678 2634 114 21 rattachés
800 2634 13 19 à
821 2634 22 19 la
857 2633 93 20 Prusse.
960 2631 34 20 De
1008 2633 58 16 cette

593 2663 66 25 façon
669 2663 34 20 les
717 2663 169 24 représentants
895 2661 28 19 de
935 2660 24 20 la
973 2657 93 26 popula-

594 2692 48 20 tion
650 2690 57 21 delà
716 2689 108 21 Lorraine
832 2689 131 25 espéraient
970 2686 97 25 pouvoir

594 2719 90 21 obtenir
697 2718 34 20 les
744 2717 105 21 subsides
864 2715 141 21 nécessaires
1018 2715 13 19 à
1043 2714 22 20 la

594 2745 155 22 construction
758 2745 31 20 du
800 2745 72 25 grand
885 2744 65 20 canal
960 2742 105 21 lorrain».

618 2774 103 24 Enfin,en
728 2774 92 19 octobre
830 2772 58 25 1918,
895 2773 33 19 les
934 2770 132 22 Allemands

595 2809 57 14 nous
661 2801 103 21 offrirent
772 2808 46 13 une
827 2800 104 21 nouvelle
940 2799 45 21 fois
989 2799 78 20 l’auto-

594 2831 86 19 nomie.
695 2829 57 20 Cela
759 2829 29 20 ils
802 2829 22 20 le
838 2828 67 20 firent
919 2828 89 24 chaque
1021 2826 45 20 fois

594 2865 46 18 que
648 2859 62 19 leurs
718 2856 90 21 affaires
817 2856 143 21 marchaient
973 2855 45 20 mal
1026 2860 41 15 sur

593 2886 33 20 les
636 2885 117 21 différents
766 2885 81 20 fronts.
857 2884 31 20 Le
900 2884 85 24 député
993 2882 73 21 Hauss

594 2917 39 17 eut
653 2919 46 14 une
715 2916 110 17 entrevue
842 2918 56 14 avec
915 2912 21 20 le
953 2911 114 21 socialiste

595 2941 81 21 Boehle
683 2942 14 19 à
707 2941 85 20 Berlin.

620 2969 31 20 Le
660 2969 39 20 Dr.
710 2968 91 21 Ricklin
815 2968 121 20 déclare:»
949 2968 30 20 Ce
985 2968 43 24 qui
1031 2971 36 17 est

595 2998 36 19 dit
638 2997 61 19 dans
706 2996 69 20 l'acte
788 2997 166 23 d’accusation,
968 3002 44 18 que
1022 2995 45 25 j’é-

595 3025 48 20 tais
650 3024 74 20 invité
730 3025 16 19 à
755 3026 58 18 cette
827 3026 115 19 entrevue,
953 3026 35 18 est
1000 3024 66 20 abso-

595 3053 89 20 lument
695 3051 67 25 faux.
777 3052 29 20 Je
813 3052 52 19 n’en
880 3052 82 20 savais
975 3051 93 20 absolu-

596 3083 63 17 ment
667 3080 57 22 rien,
733 3082 26 17 et
763 3080 81 24 j’étais
851 3079 83 20 absent
942 3079 29 20 de
979 3080 86 20 Berlin.

595 3108 84 25 Quand
684 3108 25 25 je
716 3108 50 20 suis
774 3108 77 20 arrivé
858 3108 15 19 à
882 3108 77 19 Berlin
966 3108 102 20 mi-octo-

596 3137 47 23 bre,
648 3142 32 14 un
689 3136 158 23 représentant
851 3135 31 20 du
887 3140 181 21 gouvernement

595 3171 37 13 me
649 3164 46 19 dit:
713 3163 142 20 Maintenant
869 3170 57 15 vous
940 3164 129 22 Alsaciens-

596 3191 116 23 Lorrains,
721 3197 57 14 vous
792 3197 89 19 pouvez
893 3192 48 20 être
954 3195 113 20 contents,

597 3225 57 14 vous
671 3225 54 14 avez
741 3219 147 20 l’autonomie
904 3220 111 24 complète
1036 3219 31 21 M.

596 3247 137 21 Schwander
741 3253 51 14 sera
806 3247 133 20 Statthalter
953 3248 29 19 de
996 3246 73 21 Stras-

596 3275 75 24 bourg
683 3277 23 17 et
718 3274 22 20 le
756 3275 84 24 député
853 3274 75 21 Hauss
946 3275 122 20 secrétaire

596 3303 76 20 d’Etat
681 3307 11 12 »

620 3330 46 21 Sur
678 3334 59 16 cette
752 3330 149 24 déclaration,
916 3335 23 16 et
953 3337 53 14 sans
1020 3332 49 20 être

596 3359 73 19 invité
674 3365 41 18 par
722 3358 22 20 le
753 3359 104 19 ministre
864 3359 126 23 Lehmann,
998 3359 21 19 le
1027 3360 40 20 Dr.

598 3386 88 20 Ricklin
696 3386 43 20 alla
749 3387 21 19 le
779 3390 94 16 trouver
879 3393 57 17 pour
945 3387 63 20 avoir
1015 3393 54 14 con-

597 3414 114 20 firmation
725 3414 29 19 de
763 3418 58 15 cette
836 3415 114 20 nouvelle.
961 3415 17 19 Il
991 3415 32 19 lui
1031 3415 39 20 de-

597 3442 97 20 manda:
704 3441 59 24 Quel
778 3445 34 16 est
819 3442 24 19 le
851 3442 42 19 but
907 3442 29 20 de
945 3449 26 13 ce
984 3443 85 20 revire-

597 3473 72 19 ment,
675 3472 49 17 tout
728 3469 14 19 à
748 3468 41 21 fait
794 3469 127 21 inattendu.
928 3470 33 20 Le
965 3470 104 21 ministre

597 3498 32 20 lui
643 3497 119 25 répondit:
777 3497 64 21 Nous
856 3498 99 20 voulons
969 3498 100 26 changer

597 3525 109 25 l’opinion
722 3524 30 20 de
767 3525 23 20 la
809 3525 134 25 population
967 3525 102 22 d’Alsace

598 3553 116 22 Lorraine,
719 3552 40 24 qui
768 3559 28 13 en
805 3559 27 13 ce
840 3557 101 16 moment
948 3557 35 17 est
991 3560 28 14 en
1029 3562 41 13 no-

597 3585 35 16 tre
641 3580 117 20 défaveur.

760 3638 138 27 (Cuntinua)

1271 119 135 69 Le
1441 111 387 75 Verdict
1865 105 119 73 de
2021 99 381 75 Colmar

1124 285 95 25 Quatre
1236 287 43 21 des
1294 284 98 24 accusés
1412 285 30 21 de
1463 284 107 24 Colmar,

1095 315 36 20 les
1143 318 86 24 quatre
1240 318 69 23 têtes,
1323 316 61 21 dont
1398 316 36 20 les
1447 315 66 20 deux
1530 313 42 21 dé-

1096 345 71 25 putés
1176 347 177 21 autonomistes
1363 345 100 21 Ricklin
1475 346 25 19 et
1509 344 62 21 Ros-

1095 373 35 26 sé,
1153 378 58 18 sont
1229 374 150 24 condamnés
1400 374 14 22 à
1433 381 32 15 un
1486 380 30 15 an
1541 374 30 20 de

1095 405 86 25 prison
1190 407 24 19 et
1226 406 54 28 cinq
1291 411 41 16 ans
1345 404 184 22 d’interdiction
1541 404 30 20 de

1096 433 93 28 séjour.

1121 464 29 26 Je
1158 468 143 20 renouvelle
1309 471 52 16 mes
1371 464 161 22 félicitations
1541 470 31 15 au

1094 499 198 23 gouvernement
1311 494 136 23 Poincaré-
1455 495 117 21 Hernot-

1095 524 243 26 Sarraut-Painlevé,
1346 532 63 21 pour
1418 525 72 22 avoir
1496 524 75 22 laissé

1095 556 128 27 s’engager
1234 562 28 15 ce
1273 556 87 28 procès
1376 555 123 23 imbécile.

1123 586 128 26 Qu’est-ce
1264 594 46 21 que
1324 588 53 21 cela
1387 593 103 21 prouve,
1512 587 59 21 dans

1095 616 44 22 des
1151 622 40 16 cas
1203 618 148 26 pareils,une
1364 617 208 22 condamnation?

1096 646 60 22 Cela
1168 653 95 21 prouve
1284 654 55 21 que,
1353 648 60 21 dans
1424 648 24 20 le
1463 647 60 27 jury
1542 646 30 20 de

1096 677 108 26 Colmar,
1225 679 23 21 le
1265 678 88 22 hasard
1372 684 13 15 a
1404 677 44 22 fait
1468 683 49 21 que
1536 677 36 21 les

1095 708 239 23 anti-autonomistes
1352 708 93 22 étaient
1456 709 24 20 la
1495 707 77 27 majo-

1094 738 55 26 rité,
1164 745 96 16 comme
1272 739 18 22 il
1309 740 78 21 aurait
1397 745 33 21 pu
1446 738 61 22 faire
1525 743 46 21 que

1094 770 22 20 la
1127 769 115 28 majorité
1253 776 18 22 y
1279 770 121 27 appartînt
1408 775 49 16 aux
1469 770 104 20 autono-

1094 800 96 23 mistes.
1213 800 89 26 Quand
1318 807 33 15 un
1369 806 61 23 pays
1450 802 38 19 est
1506 799 65 21 aussi

1095 831 82 21 divisé
1188 831 79 28 qu’est
1276 831 107 22 l’Alsace
1389 837 45 21 par
1444 836 50 16 une
1502 835 70 22 ques-

1094 861 55 22 tion
1161 863 65 21 aussi
1245 862 118 26 brûlante,
1383 862 65 21 aussi
1460 861 113 28 passion-

1094 895 84 24 nante,
1187 893 41 27 qui
1234 895 51 20 met
1289 893 24 21 la
1320 893 107 22 brouille
1435 894 25 20 et
1466 897 106 22 presque

1094 923 22 21 la
1127 929 90 22 guerre
1229 924 74 21 civile
1314 924 61 21 dans
1386 924 96 27 chaque
1493 922 80 22 famil-

1093 953 32 26 le,
1138 955 195 26 naturellement,
1345 955 37 21 les
1391 953 70 29 jurés
1472 960 33 15 ne
1516 954 57 21 sont

1093 984 87 27 jamais
1200 986 43 21 des
1258 987 105 20 neutres:
1383 985 34 22 Ils
1436 987 58 20 sont
1509 989 64 22 pour

1093 1021 31 15 ou
1145 1019 86 19 contre
1250 1017 36 21 les
1307 1016 98 22 accusés
1427 1017 74 27 qu’on
1518 1016 54 21 leur

1094 1047 95 22 amène.
1203 1047 54 22 S’ils
1276 1050 57 19 sont
1344 1053 73 22 pour,
1430 1049 31 21 ils
1481 1047 91 27 acquit-

1093 1080 61 24 tent,
1167 1079 57 26 quoi
1236 1078 74 28 qu’on
1321 1080 54 20 leur
1385 1081 113 19 raconte.
1516 1077 55 22 S’ils

1094 1112 57 18 sont
1162 1111 91 25 contre,
1263 1110 30 21 ils
1305 1110 167 22 condamnent
1482 1114 89 16 envers

1094 1142 25 19 et
1130 1142 87 20 contre
1228 1142 62 20 tout.
1305 1140 40 22 On
1357 1147 32 15 ne
1408 1143 60 25 peut
1479 1146 43 22 pas
1540 1145 32 16 en

1093 1171 101 21 vouloir
1220 1178 47 15 aux
1293 1171 76 28 jurés,
1400 1172 70 27 quels
1499 1170 72 28 qu’ils

1094 1202 89 25 soient,
1196 1203 41 27 qui
1249 1204 57 20 sont
1314 1202 100 28 appelés
1423 1202 13 22 à
1446 1202 73 28 juger
1528 1202 43 21 des

1093 1233 90 26 procès
1200 1233 132 28 politiques
1344 1234 90 27 pareils
1444 1239 6 20 ;
1464 1233 60 21 c’est
1541 1238 30 15 au

1093 1266 205 25 gouvernement,
1311 1265 41 27 qui
1370 1270 14 16 a
1396 1266 23 20 la
1434 1264 89 22 sottise
1540 1263 30 21 de

1093 1294 36 21 les
1140 1295 87 21 laisser
1238 1298 105 23 monter,
1353 1295 14 22 à
1380 1296 41 27 qui
1430 1296 20 20 il
1460 1295 52 21 faut
1519 1294 51 22 s’en

1094 1325 113 27 prendre.

1121 1355 32 22 Le
1172 1356 134 27 président,
1326 1357 73 27 après
1422 1357 23 20 le
1467 1356 103 21 tumulte

1093 1387 41 26 qui
1147 1392 13 15 a
1172 1388 111 21 accueilli
1297 1388 22 21 le
1330 1387 106 25 verdict,
1451 1392 13 15 a
1475 1392 42 15 cru
1529 1385 42 21 de-

1093 1418 58 21 voir
1171 1417 61 22 faire
1252 1425 33 14 un
1308 1419 63 26 petit
1391 1418 112 21 discours
1522 1421 49 16 aux

1093 1447 65 28 jurés
1175 1454 61 22 pour
1254 1450 36 20 les
1302 1448 116 26 féliciter,
1430 1453 50 17 non
1493 1448 78 21 seule-

1093 1482 67 19 ment
1181 1480 30 21 de
1228 1481 52 21 leur
1298 1481 156 27 patriotisme
1471 1480 41 26 qui
1533 1480 38 20 est

1093 1509 51 23 réel
1157 1522 29 4 —
1197 1510 61 22 c’est
1275 1517 45 21 par
1339 1511 165 27 patriotisme,
1518 1509 52 22 évi-

1093 1541 181 28 demment,que
1283 1542 24 21 lé
1312 1541 60 29 jury
1380 1548 12 15 a
1403 1540 167 23 condamné—

1093 1572 62 21 mais
1167 1572 95 22 d’avoir
1272 1573 79 21 rendu
1363 1578 31 16 un
1406 1572 98 22 verdict
1522 1571 49 22 d’a-

1093 1603 145 25 paisement.

1121 1633 40 22 Un
1175 1634 95 21 verdict
1282 1633 186 28 d’apaisement,
1486 1639 26 23 ça
1521 1633 6 21 !

1120 1664 22 21 Il
1153 1670 14 15 a
1180 1667 117 24 pourtant
1307 1670 34 15 vu
1360 1671 97 16 comme
1468 1665 25 22 la
1510 1664 59 22 salle

1092 1694 59 22 s’est
1158 1695 139 27 comportée
1306 1701 31 15 en
1345 1695 153 22 l’entendant
1507 1701 6 15 :
1522 1697 48 19 cet-

1091 1727 26 20 te
1127 1726 69 25 salle,
1209 1725 31 22 où
1251 1726 23 21 la
1285 1726 85 21 moitié
1382 1726 185 28 applaudissait,

1092 1757 81 21 tandis
1186 1762 45 21 que
1241 1756 85 22 l’autre
1338 1757 88 22 moitié
1435 1758 93 21 hurlait
1539 1757 30 21 de

1093 1787 82 22 colère
1188 1789 24 19 et
1223 1787 30 22 de
1264 1788 104 22 douleur
1379 1791 25 19 et
1415 1789 119 22 montrait
1546 1788 24 21 le

1092 1818 78 27 poing
1182 1823 31 16 au
1227 1818 65 29 jury,
1313 1818 59 22 c’est
1382 1819 99 28 l’image
1500 1819 31 22 de
1542 1824 28 16 ce

1092 1854 47 21 que
1159 1854 54 16 sera
1233 1849 96 22 demain
1349 1849 108 23 l’Alsace
1466 1850 102 25 entière,

1092 1879 140 22 d’Altkirch
1242 1879 14 22 à
1267 1879 144 29 Haguenau.

1119 1910 85 26 Alors,
1217 1911 22 21 le
1248 1915 199 23 gouvernement
1455 1913 31 21 de
1496 1912 74 22 Poin-

1092 1940 55 22 caré
1158 1947 33 15 ne
1203 1942 47 21 sait
1259 1943 63 21 donc
1333 1949 45 21 pas
1387 1949 48 22 que
1447 1944 82 27 quand
1538 1949 31 15 on

1092 1971 97 22 obtient
1211 1973 42 21 des
1280 1973 205 23 condamnations
1511 1975 60 20 dans

1092 2002 43 21 des
1148 2008 41 16 cas
1201 2003 98 27 pareils,
1314 2005 36 21 les
1362 2004 152 23 condamnés
1530 2006 42 20 de-

1093 2033 122 22 viennent
1234 2035 104 22 aussitôt
1349 2036 44 21 des
1405 2038 104 26 martyrs
1524 2042 47 15 aux

1092 2069 66 20 yeux
1173 2065 30 20 de
1221 2067 56 20 tous
1295 2066 66 21 leurs
1380 2067 131 26 partisans,
1528 2067 41 28 qui

1092 2094 150 23 deviennent
1249 2098 57 20 cent
1310 2096 47 23 fois
1363 2098 55 27 plus
1427 2097 142 29 enragés?...

1120 2125 24 21 Y
1156 2126 65 21 a-t-il
1232 2127 61 22 dans
1304 2128 22 21 la
1339 2127 92 23 France
1443 2129 30 21 de
1491 2129 80 22 l’inté-

1092 2156 75 26 rieur,
1184 2158 77 26 parmi
1278 2158 37 21 les
1334 2158 114 29 Français
1465 2160 41 27 qui
1527 2162 43 20 ont

1093 2187 122 22 conservé
1225 2189 53 21 leur
1290 2189 148 28 sang-froid,
1451 2193 25 19 et
1488 2191 41 27 qui
1539 2197 30 15 ne

1093 2219 58 20 sont
1168 2224 45 21 pas
1232 2220 116 27 aveugles
1365 2227 45 21 par
1426 2222 54 20 leur
1497 2221 72 22 haine

1093 2248 43 21 des
1149 2254 14 15 «
1173 2248 120 23 cléricaux
1302 2256 22 19 »,
1346 2257 33 15 un
1399 2252 53 21 seul
1468 2252 100 22 homme

1093 2279 40 27 qui
1147 2280 84 26 puisse
1242 2281 79 21 croire
1338 2287 48 22 que
1405 2288 41 16 ces
1462 2282 104 28 géns-là,

1092 2315 62 16 avec
1174 2312 81 21 toutes
1277 2312 68 22 leurs
1364 2313 162 22 maladresses
1544 2316 25 20 et

1092 2341 66 21 leurs
1169 2341 84 28 gaffes,
1265 2342 157 23 réclamaient
1432 2347 68 19 autre
1512 2346 56 21 cho-

1092 2377 27 16 se
1127 2377 50 22 que
1186 2373 23 21 le
1217 2372 174 29 régionalisme
1398 2375 60 22 dans
1464 2376 25 21 le
1496 2377 71 21 cadre

1093 2402 30 21 de
1133 2403 24 20 la
1169 2402 97 28 France,
1277 2407 97 20 surtout
1382 2411 62 21 pour
1452 2406 115 29 protéger

1091 2433 67 22 leurs
1178 2440 132 23 croyances
1320 2437 144 28 religieuses
1483 2441 84 20 contre

1092 2465 22 20 la
1125 2470 103 17 menace
1240 2467 30 21 de
1280 2472 47 17 nos
1336 2468 49 22 lois
1396 2468 170 23 déchristiani-

1092 2495 83 22 sation
1184 2497 12 20 ?

1120 2525 32 22 Le
1163 2528 50 21 mal
1225 2530 37 21 est
1273 2529 51 22 fait.
1339 2529 21 22 Il
1372 2529 71 29 s’agit
1462 2532 104 21 mainte-

1092 2560 60 19 nant
1164 2558 31 21 de
1207 2559 23 21 le
1240 2559 128 28 réparer...

1120 2588 72 23 Vous
1204 2590 62 22 dites
1278 2597 46 21 que
1338 2591 118 24 Poincaré
1470 2593 95 23 n’osera

1092 2626 53 21 pas,
1157 2621 32 20 de
1207 2627 60 21 peur
1284 2623 30 20 de
1326 2628 26 16 se
1370 2623 118 22 brouiller
1505 2631 60 16 avec

1093 2651 101 22 Herriot
1205 2655 24 19 et
1236 2653 36 21 les
1284 2655 144 21 cartellistes
1436 2655 30 22 de
1478 2661 27 16 sa
1516 2662 48 16 ma-

1089 2682 76 27 jorité
1174 2683 14 21 ?

1119 2714 86 26 Alors,
1219 2715 17 21 il
1247 2716 64 21 aime
1322 2717 84 21 mieux
1420 2717 72 22 avoir
1505 2717 60 22 dans

1092 2746 86 25 quatre
1189 2745 66 27 ans,à
1266 2746 24 21 la
1300 2745 179 28 Chambre,une
1491 2748 74 28 dépu-

1090 2776 78 20 tation
1182 2777 136 22 alsacienne
1330 2780 54 20 tout
1392 2779 112 22 entières
1510 2785 53 22 pro-

1090 2807 166 22 testataire»?

1119 2846 13 13 «
1141 2840 37 21 La
1194 2841 112 22 Victoire
1315 2849 13 14 »

1119 2903 43 23 S’il
1170 2911 19 22 y
1201 2907 66 21 avait
1278 2908 113 26 complot,
1405 2914 27 16 ce
1447 2909 61 22 n’est
1521 2916 43 21 pas

1092 2935 60 21 cher
1158 2936 70 28 payé.

1119 2965 43 23 S’il
1172 2967 42 28 n’y
1224 2968 66 21 avait
1301 2975 43 20 pas
1351 2971 116 27 complot,
1476 2977 27 15 ce
1515 2971 50 22 n’é-

1091 2997 45 21 tait
1148 3003 44 21 pas
1206 2999 23 21 la
1246 2999 73 27 peine
1336 3000 31 21 de
1385 3000 61 22 faire
1464 3003 52 20 tant
1534 3003 29 20 de

1092 3027 91 22 chichi.

1115 3058 27 23 .11
1151 3058 51 23 faut
1213 3060 126 23 s’incliner
1346 3062 91 22 devant
1447 3063 36 21 les
1499 3063 65 22 déci-

1092 3089 69 22 sions
1170 3090 31 21 de
1210 3091 23 22 la
1237 3091 90 27 justice
1339 3094 127 27 populaire
1475 3095 13 20 ?
1496 3094 68 22 Nous

1092 3124 64 17 nous
1171 3121 123 22 inclinons
1314 3128 56 17 sans
1393 3125 168 27 comprendre.

1092 3149 69 22 Nous
1175 3157 161 23 comprenons
1356 3154 107 23 d’autant
1482 3156 82 22 moins

1093 3182 79 25 que3si
1182 3183 24 20 le
1214 3183 96 22 verdict
1318 3184 30 22 de
1361 3185 99 22 Colmar
1471 3186 38 21 n’a
1521 3193 42 21 pas

1094 3210 38 22 été
1142 3211 73 28 dicté,
1225 3214 17 21 il
1258 3220 14 15 a
1289 3213 39 22 été
1350 3215 104 29 suggéré
1475 3223 44 20 par
1540 3218 23 21 le

1092 3247 135 21 procureur
1235 3243 98 29 général
1347 3246 134 22 lui-même.
1492 3246 72 23 Com-

1093 3275 69 19 ment
1170 3274 13 21 ?
1192 3274 34 22 M.
1236 3274 90 23 Fachot
1344 3277 70 22 vient
1436 3278 30 21 de
1481 3284 82 21 passer

1093 3303 62 21 trois
1165 3306 120 21 semaines
1302 3305 12 22 à
1334 3313 98 24 essayer
1451 3308 30 21 de
1502 3309 69 22 faire'

1094 3336 113 26 partager
1217 3341 48 16 aux
1271 3336 66 27 jurés
1345 3340 64 20 cette
1421 3340 142 22 conviction

1094 3369 47 21 que
1149 3365 37 21 les
1196 3365 109 28 inculpés
1317 3367 93 23 étaient
1418 3369 42 21 des
1468 3371 96 21 traîtres

1094 3393 14 21 à
1114 3395 24 20 la
1150 3394 98 27 France,
1261 3397 43 22 des
1322 3401 86 25 agents
1428 3399 30 21 de
1479 3400 85 22 l’Alle-

1094 3430 90 22 magne
1193 3437 29 5 —
1229 3428 53 21 tout
1294 3429 50 21 cela
1364 3434 62 22 pour
1448 3429 117 24 réclamer

1095 3460 31 15 un
1136 3460 30 16 an
1180 3456 30 21 de
1221 3457 84 27 prison
1316 3459 5 20 !

1123 3484 39 22 De
1175 3487 41 26 qui
1228 3493 27 15 se
1266 3492 156 24 moque-t-on
1430 3491 13 20 ?
1455 3490 41 23 Ou
1505 3493 57 21 bien

1095 3515 63 22 MM.
1168 3516 107 29 Ricklin,
1285 3519 87 27 Rossé,
1383 3520 79 22 Schall
1470 3524 26 19 et
1505 3522 58 22 Fas-

1094 3546 91 21 shauer
1193 3546 89 25 étaient
1293 3550 43 21 des
1347 3551 97 21 traîtres
1456 3555 24 18 et
1489 3553 16 21 il
1520 3554 44 21 fal-

1093 3577 44 21 lait
1147 3577 38 20 les
1197 3577 97 29 frapper
1305 3586 55 16 sans
1373 3580 69 28 pitié.
1457 3582 40 22 Ou
1506 3584 57 21 bien

1094 3608 30 20 ils
1137 3611 101 19 avaient
1249 3611 157 27 simplement
1410 3612 103 23 défendu
1520 3615 43 21 des

1093 3637 68 22 idées
1171 3640 41 25 qui
1222 3640 90 23 étaient
1319 3643 36 20 les
1362 3643 108 22 leurs.En
1478 3651 27 15 ce
1513 3651 48 21 cas,

1598 283 23 20 le
1631 282 88 27 procès
1732 282 30 20 de
1782 280 99 22 Colmar
1903 277 114 22 devenait
2037 281 33 16 un

1597 312 87 27 procès
1693 313 30 20 de
1734 311 128 23 tendance,
1876 314 32 15 un
1917 307 88 28 procès
2017 306 53 21 d’o-

1597 342 123 27 pinion,et
1728 339 165 24 l’accusation,
1901 339 23 20 le
1931 336 142 23 reconnais-

1598 374 62 23 sant,
1683 371 83 22 devait
1780 376 26 15 se
1816 369 97 27 joindre
1932 367 13 22 à
1957 369 22 20 la
1991 366 82 22 défen-

1598 408 35 14 se.

1625 431 68 22 Nous
1702 432 107 21 dirat-on
1827 429 61 27 qu’il
1899 435 31 15 ne
1953 427 122 28 s’agissait

1597 467 44 22 pas
1653 462 126 21 tellement
1793 461 31 20 de
1842 460 102 27 «punir»
1970 457 104 22 certains

1597 491 205 25 accusés,comme
1810 489 164 22 MM.Ricklin
1981 490 25 19 et
2012 487 61 22 Ros-

1598 522 85 27 sé,que
1692 522 30 20 de
1733 522 37 21 les
1781 522 86 26 priver
1877 522 30 20 de
1919 521 65 20 leurs
1996 518 77 21 droits

1598 553 72 22 civils
1683 554 24 20 et
1717 553 134 27 politiques
1863 557 63 22 pour
1940 552 36 20 les
1992 549 82 27 empê-

1599 584 59 20 cher
1668 584 30 20 de
1710 583 81 27 siéger
1802 582 13 21 à
1826 584 24 20 la
1864 582 123 21 Chambre
2008 579 65 21 fran-

1599 614 84 27 çaise?
1701 613 73 21 Ainsi
1791 618 28 16 ce
1837 612 75 22 serait
1925 611 83 21 moins
2025 615 48 15 eux

1599 643 73 28 qu’on
1692 643 80 21 aurait
1792 643 44 20 fait
1853 642 151 21 condamner
2025 645 47 21 que

1598 674 65 20 leurs
1678 672 129 22 électeurs.
1823 671 137 29 Singulière
1980 669 93 23 combi-

1598 704 89 21 naison
1700 704 6 20 !
1715 703 49 22 Car
1770 709 64 16 vous
1848 708 91 22 pensez
1947 702 60 21 bien
2026 706 46 22 que

1598 735 36 21 les
1643 734 48 21 dits
1703 733 129 27 électeurs,
1854 739 61 16 avec
1926 738 49 16 une
1995 731 75 23 obsti-

1599 765 85 22 nation
1692 767 54 20 tout
1757 765 146 25 alsacienne,
1917 764 155 27 reporteront

1598 795 191 29 régulièrement
1808 796 65 21 leurs
1893 794 117 28 suffrages
2030 798 42 17 sur

1598 827 36 21 les
1643 827 92 21 mêmes
1747 827 134 25 candidats,
1891 831 32 16 ou
1943 831 42 16 sur
2007 824 64 22 d’au-

1598 859 51 20 tres
1660 863 60 22 gens
1736 858 33 20 du
1781 856 191 27 jHeimatbund.
1986 855 29 22 Et
2028 854 42 29 j’ai

1599 888 57 22 bien
1665 895 60 21 peur
1736 888 72 28 qu’en
1816 888 34 22 fin
1862 889 31 20 de
1905 888 97 26 compte
2012 885 59 22 l’au-

1598 919 149 22 tonomisme
1758 919 43 29 n’y
1811 925 80 21 gagne
1899 919 55 27 plus
1963 917 58 28 qu’il
2029 916 41 28 n’y

1598 950 96 27 perdra.
1708 949 49 23 Car
1769 950 62 22 MM.
1845 950 100 22 Ricklin
1956 951 24 19 et
1990 946 80 23 Rossé

1598 987 18 22 y
1626 983 136 26 gagneront
1777 987 55 16 sans
1853 982 82 24 doute,
1957 985 56 20 eux,
2026 978 42 21 des

1599 1013 149 28 sympathies
1758 1013 58 21 chez
1827 1012 105 22 certains
1941 1010 128 22 Alsaciens

1599 1043 52 27 qui,
1663 1049 32 16 ne
1706 1045 160 26 comprenant
1872 1048 44 22 pas
1935 1042 24 22 le
1974 1040 95 22 verdict

1599 1073 174 27 d’hier,diront
1782 1081 7 14 :
1804 1081 10 14 «
1822 1073 67 27 Quoi
1899 1074 6 21 !
1917 1072 88 23 C’était
2015 1073 54 20 tout

1599 1111 33 22 ça,
1646 1106 24 21 le
1682 1106 147 27 complot?»

1626 1135 41 23 On
1683 1142 62 16 nous
1766 1136 146 28 expliquera-
1931 1134 59 29 qu'il
2009 1133 59 22 était

1598 1167 100 22 difficile
1707 1179 29 4 —
1748 1167 36 22 du
1793 1168 113 21 moment
1916 1172 47 22 que
1975 1165 23 22 le
2005 1167 61 26 pro-

1598 1198 40 21 cès
1649 1198 64 22 était
1724 1198 93 28 engagé
1827 1210 30 4 —
1867 1198 30 21 de
1917 1197 61 22 faire
2000 1198 67 19 autre

1598 1228 74 23 chose
1685 1235 46 22 que
1743 1235 28 16 ce
1782 1235 47 22 que
1843 1229 46 22 l’on
1902 1234 13 16 a
1932 1228 52 21 fait.
2003 1227 64 22 L’ac-

1598 1260 110 22 cusation
1720 1266 31 16 ne
1759 1260 101 28 pouvait
1868 1265 43 23 pas
1922 1264 90 17 avouer
2020 1263 46 22 que

1598 1297 27 16 sa
1635 1293 131 26 montagne
1777 1291 141 22 accouchait
1929 1290 73 21 d’une
2011 1294 56 17 sou-

1597 1322 43 21 ris.
1653 1322 82 26 Alors,
1749 1322 46 21 elle
1814 1328 13 15 a
1845 1322 82 26 requis
1940 1327 48 15 une
2009 1325 58 16 con-

1598 1353 147 25 damnation,
1755 1354 55 20 tout
1818 1358 29 15 en
1860 1352 146 21 demandant
2012 1351 55 21 l’in-

1597 1383 118 28 dulgence
1728 1384 31 20 du
1774 1383 58 28 jury
1854 1384 24 20 et
1898 1383 29 21 de
1944 1383 23 20 la
1990 1381 73 25 Cour,

1597 1413 74 22 «dans
1683 1419 48 16 une
1750 1413 92 28 pensée
1861 1413 202 27 d’apaisement».

1598 1444 80 22 Hum!
1686 1445 25 28 je
1732 1445 79 21 crains
1834 1450 47 22 que
1900 1443 166 29 l’apaisement

1596 1481 32 16 ne
1638 1478 90 19 trouve
1741 1475 76 29 guère
1829 1481 44 16 son
1884 1477 97 25 compte
1993 1474 14 22 à
2017 1476 49 20 cet-

1596 1508 25 20 tè
1628 1507 144 27 diplomatie
1783 1506 135 22 d’Assises.-
1929 1506 64 22 Pour
2001 1506 64 21 leurs

1596 1537 70 26 amis,
1678 1538 36 21 les
1727 1537 98 22 Ricklin
1835 1539 25 19 et
1867 1538 37 21 les
1913 1536 79 23 Rossé
2010 1536 54 22 n’en

1596 1570 57 20 sont
1660 1574 42 21 pas
1712 1568 282 26 moins,désormais,des
2003 1573 62 17 mar-

1595 1601 52 26 tyrs
1656 1600 30 21 de
1700 1600 23 21 la
1740 1605 71 16 cause
1831 1599 31 22 de
1881 1599 106 22 l’Alsace
1996 1611 29 4 —
2035 1600 30 21 de

1591 1632 69 19 •cette
1679 1631 88 21 Alsace
1787 1630 71 28 qu’ils
1881 1632 43 21 ont
1946 1629 119 23 acclamée

1596 1661 63 21 dans
1669 1662 23 21 le
1703 1660 116 28 prétoire,
1829 1667 56 16 sans
1897 1662 119 22 acclamer
2035 1667 29 16 en

1594 1693 80 20 même
1682 1694 87 26 temps,
1786 1695 64 19 cette
1854 1692 92 27 fois-ci,
1960 1694 22 21 la
1993 1692 72 22 Fran-

1596 1729 35 15 ce.

1624 1753 41 23 On
1673 1760 14 15 a
1693 1755 129 22 manifesté
1833 1755 231 26 violemment,hier,

1595 1784 15 23 à
1622 1785 106 23 Colmar.
1742 1786 40 22 O11
1796 1793 13 15 a
1820 1793 34 15 vu
1866 1787 44 22 des
1916 1786 76 25 .curés
2009 1792 57 22 por-

1596 1818 37 20 ter
1639 1823 31 15 en
1682 1817 123 28 triomphe
1817 1817 36 23 M.
1869 1818 116 26 Berthon,
2001 1823 65 17 com-

1595 1848 113 26 muniste,
1723 1850 23 20 et
1755 1849 86 21 sceller
1851 1849 62 21 ainsi
1933 1849 128 22 l’alliance.

1596 1878 44 22 Tel
1653 1881 37 20 est
1700 1880 23 21 le
1746 1880 67 21 bilan
1837 1880 30 21 de
1887 1886 27 16 ce
1928 1881 138 22 malencon-

1595 1911 72 21 treux
1678 1911 95 27 procès.
1787 1911 63 22 Mais
1862 1912 130 27 pouvait-il
2015 1913 50 21 être

1596 1943 68 20 autre
1675 1942 13 21 ?

1624 1984 13 13 «
1646 1977 129 23 L’OEuvre
1783 1986 22 14 ».

1624 2042 58 22 C’en
1695 2045 36 19 est
1737 2043 51 22 fait.
1798 2043 91 29 Malgré
1897 2044 167 23 l’inexistence

1597 2073 29 21 de
1636 2070 165 30 l’accusation,
1815 2075 23 21 le
1847 2075 57 28 jury
1923 2075 31 22 de
1967 2075 99 23 Colmar

1595 2109 14 16 a
1624 2104 114 28 rapporté
1747 2111 33 15 un
1793 2106 97 21 verdict
1908 2106 31 21 de
1951 2107 115 22 condam-

1595 2135 93 22 nation.

1623 2166 21 21 Il
1666 2166 57 22 s’est
1756 2167 90 22 trouvé
1876 2174 49 16 une
1952 2169 112 28 majorité

1595 2197 78 27 parmi
1693 2198 36 21 les
1752 2198 76 22 douze
1851 2200 129 22 Alsaciens
2004 2207 62 22 pour

1594 2227 109 23 déclarer
1714 2234 47 22 que
1772 2230 24 21 le
1809 2229 32 22 Dr
1852 2229 99 24 Ricklin
1965 2234 25 19 et
2000 2232 65 22 l’ins-

1594 2258 101 23 tituteur
1702 2259 87 28 Rossé,
1798 2260 52 23 élus
1861 2262 25 21 le
1896 2267 26 16 21
1935 2263 71 26 avril,
2018 2269 46 22 que

1594 2289 61 22 Paul
1667 2289 79 23 Schall
1770 2294 24 19 et
1816 2291 136 24 Fasshauer
1974 2293 92 23 étaient

1594 2321 130 27 coupables
1735 2322 31 21 de
1778 2324 116 26 complot.
1903 2323 88 27 Quelle
1997 2331 67 21 pres-

1593 2351 56 22 sion
1661 2358 13 15 a
1683 2352 99 23 arraché
1802 2359 27 16 ce
1849 2355 95 22 verdict
1964 2357 98 26 parado-

1592 2383 40 20 xal
1644 2384 25 20 et
1676 2383 159 24 incohérent?
1848 2384 88 28 Quelle
1943 2386 121 23 influence

1592 2412 124 23 officielle,
1727 2416 92 26 quelles
1830 2422 156 17 manoeuvres
2004 2418 60 22 d’in-

1591 2444 140 23 timidation
1742 2448 44 20 ont
1794 2447 65 22 dicté
1867 2447 14 22 à
1893 2454 47 16 une
1952 2449 112 28 majorité

1592 2481 32 15 un
1636 2476 96 22 verdict
1738 2477 32 21 de
1782 2478 140 27 culpabilité
1941 2485 47 22 que
2008 2480 55 23 l’ac-

1592 2507 110 22 cusation
1722 2507 89 23 n’osait
1827 2510 80 22 même
1924 2512 55 26 plus
1997 2511 66 28 espé-

1591 2538 54 21 rer?

1618 2568 39 22 Au
1670 2571 72 25 reste,
1755 2571 60 22 sitôt
1826 2573 87 27 acquis
1922 2578 27 17 ce
1966 2574 97 22 verdict

1591 2599 40 27 qui
1645 2605 73 17 sauve
1730 2602 22 21 la
1760 2601 52 23 face
1820 2609 31 15 au
1858 2608 203 24 gouvernement,

1591 2631 22 21 le
1632 2637 135 21 procureur
1792 2633 91 23 Fachot
1903 2641 13 15 a
1938 2637 123 22 lui-même

1591 2661 78 22 avoué
1681 2663 182 27 publiquement
1873 2666 23 20 la
1910 2665 112 24 faiblesse
2031 2668 30 21 de

1591 2697 44 17 son
1648 2694 147 21 accusation.
1806 2694 20 22 Il
1838 2696 66 21 avait
1913 2697 86 22 accusé
2021 2703 40 17 ces

1591 2722 110 24 hommes
1712 2724 30 22 de
1749 2727 108 26 complot
1868 2730 84 19 contre
1965 2729 21 21 la
1996 2729 65 22 sûre-

1591 2753 24 22 té
1627 2754 30 21 de
1668 2754 75 27 l’Etat,
1765 2756 29 21 de
1806 2757 120 23 trahison.
1948 2758 113 28 Qu’a-t-il

1591 2784 103 23 réclamé
1713 2789 85 20 contre
1819 2790 68 21 eux?
1905 2789 31 22 La
1947 2792 73 26 peine
2039 2793 21 20 la

1591 2817 55 25 plus
1654 2817 114 23 modérée
1777 2819 5 20 !

1619 2847 28 22 Et
1657 2848 23 21 la
1700 2854 59 17 cour
1771 2855 13 15 a
1807 2849 84 30 infligé
1908 2858 48 16 aux
1976 2856 84 25 quatre

1591 2879 126 22 nouvelles
1727 2880 113 23 victimes
1856 2882 31 21 de
1898 2882 163 29 l’impérialis-

1591 2915 38 15 me
1634 2909 104 29 français
1746 2911 24 22 le
1775 2912 128 23 minimum
1910 2914 30 22 de
1946 2915 24 21 la
1974 2916 84 26 peine:

1591 2945 31 16 un
1634 2946 30 16 an
1676 2941 30 21 de
1718 2942 84 26 prison
1813 2945 25 20 ët
1860 2945 57 27 cinq
1936 2951 43 16 ans
2000 2947 60 22 d’in-

1591 2971 129 22 terdiction
1729 2972 29 21 de
1767 2972 89 29 séjour.

1617 3002 64 21 Mais
1695 3004 23 20 le
1738 3005 96 22 verdict
1852 3006 30 21 de
1906 3005 100 26 Colmar
2027 3015 31 16 ne

1591 3032 67 28 règle
1668 3039 43 21 pas
1722 3034 23 21 le
1757 3035 126 26 problème
1892 3039 114 26 alsacien,
2026 3046 30 16 au

1591 3064 129 21 contraire.

1619 3093 44 22 Les
1684 3097 85 25 quatre
1789 3098 148 24 condamnés
1957 3107 26 16 se
2003 3105 56 20 sont

1591 3130 106 18 pourvus
1709 3131 29 16 en
1745 3129 128 22 cassation.
1882 3130 35 22 Ce
1923 3133 85 25 procès
2017 3135 40 26 qui

1591 3155 120 22 fourmille
1719 3157 192 30 d’irrégularités
1930 3163 30 21 de
1975 3165 83 26 procé-

1591 3186 59 21 dure
1662 3187 51 22 doit
1733 3189 51 21 être
1802 3191 75 21 cassé.
1902 3192 32 22 Le
1955 3194 56 23 déni
2028 3196 30 22 de

1591 3217 84 26 justice
1687 3220 37 19 est
1734 3218 110 30 flagrant,
1854 3226 151 22 monstreux.

1617 3247 98 23 Bataille
1727 3251 118 27 politique
1856 3253 131 29 renforcée,
2008 3263 50 17 ma-

1591 3278 59 22 laise
1658 3280 103 22 alsacien
1769 3283 115 27 aggravé,
1892 3286 67 22 voilà
1967 3289 91 26 quelles

1591 3312 81 20 seront
1682 3311 35 21 les
1728 3313 134 26 premières
1879 3317 179 29 conséquences

1591 3341 29 20 de
1631 3346 29 15 ce
1670 3342 96 22 verdict
1779 3344 111 29 indigne.

1617 3371 56 22 Une
1685 3373 112 27 majorité
1809 3376 30 21 dë
1848 3377 68 27 jurés
1939 3380 118 24 alsaciens

1591 3402 56 22 s’est
1658 3404 138 26 prononcée
1818 3410 84 20 contre
1924 3410 23 22 le
1970 3414 87 26 peuple

1591 3433 112 22 alsacien.
1717 3434 32 22 Ils
1759 3437 97 23 avaient
1867 3438 38 23 été
1916 3443 93 22 avertis
2027 3445 30 21 de

1591 3464 21 20 la
1622 3464 93 27 gravité
1724 3465 30 21 de
1761 3467 53 22 leur
1820 3468 117 25 décision.
1948 3472 32 23 Ils
1989 3474 68 24 n’ont

1591 3500 40 21 pas
1643 3496 55 21 tous
1709 3498 115 26 compris.

1616 3525 62 22 Mais
1690 3527 102 27 si,après
1800 3530 36 21 les
1856 3531 64 23 deux
1938 3534 118 25 élections

1591 3556 154 29 triomphales
1758 3559 31 21 de
1802 3560 83 23 Rossé
1905 3566 25 20 et
1946 3566 108 28 Ricklin,

1591 3586 29 22 ils
1631 3589 98 22 avaient
1742 3595 33 21 pu
1794 3591 88 23 douter
1901 3600 90 19 encore
2013 3599 42 21 des

1591 3619 140 22 sentiments
1742 3620 32 20 du
1786 3624 87 25 peuple
1883 3625 113 30 alsacien,
2019 3630 36 22 les

1591 3649 188 23 manifestations
1818 3656 136 26 populaires
1996 3660 60 22 dont

2080 276 4 33 j
2099 272 100 22 Colmar
2213 279 13 15 a
2240 272 39 23 été
2298 279 28 15 ce
2349 274 53 22 soir
2425 277 22 23 le
2469 282 71 25 théri-

2081 311 5 14 1
2096 305 42 19 ont
2145 304 32 21 dû
2185 304 54 21 leur
2250 304 84 21 ouvrir
2345 304 36 21 les
2393 303 78 30 }oeux.*
2549 318 7 9 J

2081 329 5 27 !
2124 333 39 22 Un
2172 334 97 22 verdict
2287 334 85 22 décidé
2391 342 43 21 par
2455 342 23 22 la

2083 373 4 23 j
2099 364 89 22 obtenu
2197 364 13 22 à
2223 366 23 20 la
2257 366 65 21 suite
2341 365 74 23 d’une
2437 377 78 22 campa
2525 358 28 29 ^

2100 394 69 22 d’une
2181 395 113 22 violence
2306 396 92 27 inouïe,
2408 388 144 43 dansl’infne

2100 426 24 19 et
2134 425 22 21 la
2165 426 131 26 calomnie,
2311 427 131 24 alimentée
2457 438 78 26 ouvep

2099 458 66 18 ment
2173 462 44 20 par
2228 457 37 21 les
2273 459 85 25 agents
2378 458 31 22 du
2430 467 100 26 pouvoir

2099 485 81 22 assuré
2192 485 14 22 à
2212 486 192 28 l’impérialisme
2422 484 114 39 français1’
2544 485 9 16 3

2098 516 69 21 triste
2179 518 25 19 et
2212 519 94 26 maigre
2318 519 92 22 succès.
2474 516 7 7 ’
2527 510 20 20 Ul
2546 514 7 16 1

2126 546 88 22 Succès
2234 547 130 28 éphémère
2373 550 6 20 !
2399 551 80 26 Avant
2495 561 37 25 i0l5

2099 579 85 25 temps,
2198 578 23 20 le
2233 580 87 25 peuple
2338 581 106 23 alsacien
2463 592 50 16 aura

2098 608 130 21 revanche.
2533 602 21 18 Sa

2125 657 13 13 «
2147 649 169 24 LHumanité
2323 658 13 13 »

2217 788 224 32 Chiarimemu

2123 863 21 21 A
2157 870 16 15 a
2190 866 92 22 seduta
2293 867 29 21 di
2339 868 32 22 V8
2384 873 100 27 maghiu
2501 883 23 22 &

2095 898 129 28 cunsigliu
2248 902 126 26 generale,
2402 911 18 15 u
2443 892 92 47 pruflu

2094 931 180 27 rispundendu
2286 941 15 14 a
2313 941 17 16 u
2342 936 61 29 Sgib
2425 939 75 27 Trani

2095 964 69 22 dettu
2170 972 9 15 :
2500 962 6 10 >
2536 961 12 14 a

2121 1007 47 23 Les
2186 1015 104 17 secours
2301 1011 105 26 inscrits
2424 1022 32 17 au
2467 1019 82 31 budget

2094 1041 210 26 supplémentaire
2323 1045 32 23 de
2373 1048 67 24 1927
2457 1057 44 19 ont
2517 1058 32 25 été

2093 1076 142 24 approuvés
2248 1084 59 16 vers
2323 1082 141 25 septembre
2474 1093 44 19 par
2530 1069 19 45 j!

2092 1108 158 25 Ministère...

2120 1143 36 22 La
2166 1144 147 24 Préfecture
2324 1147 95 25 délivre
2438 1152 32 23 de
2484 1155 45 25 105
2539 1161 12 23 à

2093 1175 110 25 106.000
2214 1180 117 22 mandats
2342 1188 48 20 par
2400 1192 40 15 an.

2120 1217 79 30 Sen^a
2211 1218 85 24 alcun’
2309 1227 152 21 cummentu.

2089 1361 185 53 mmm
2297 1367 55 47 m
2381 1369 167 59 coma

2112 1484 96 24 Ajacciu
2216 1496 24 4 —
2246 1488 60 19 Morte
2313 1489 19 19 di
2341 1490 85 20 Madama
2433 1493 75 22 Paulina
2513 1499 35 20 Bat-

2090 1514 72 15 XISI61I1.

2091 1563 13 12 r
2113 1540 95 35 CM°Ï
2221 1542 20 17 di
2252 1547 13 13 U
2279 1543 45 23 Sgiò
2337 1544 95 24 Bonfaatb
2446 1549 80 22 stitutore
2537 1560 9 12 a

2091 1565 74 22 Cuttoli,
2174 1565 24 19 23
2206 1572 51 13 anni.

2112 1603 22 3 —
2141 1594 61 19 Morte
2209 1595 20 18 di
2237 1601 14 13 u
2258 1596 44 24 Sgiò
2310 1598 57 19 Petru
2376 1599 74 25 Coggia,
2459 1603 21 18 41
2487 1609 49 17 annu.

2145 1633 99 21 Orribile
2251 1636 79 20 drama
2341 1641 67 18 -Au
2416 1642 41 18 locu
2468 1644 47 20 dettu
2519 1647 24 19 Pi-

2090 1660 71 22 sunale,
2169 1661 55 23 golfu
2232 1663 20 17 di
2264 1663 56 23 Lava,
2329 1666 99 19 territoriu
2440 1669 31 18 chi
2476 1670 50 21 limita
2534 1679 9 13 e

2091 1688 78 16 cumune
2177 1687 21 17 di
2211 1687 100 21 Villanova
2319 1695 10 14 e
2336 1691 98 23 Appiettu.
2443 1695 21 18 sò
2471 1696 38 19 stati
2518 1703 24 14 as-

2091 1711 87 18 sassinati
2184 1712 20 18 in
2208 1713 20 18 la
2233 1718 21 14 so
2259 1719 50 19 casa,
2313 1716 76 20 Antone
2393 1717 85 25 Mancini,
2483 1724 60 20 pa«tore

2090 1736 133 24 pruprietariu,
2240 1744 11 13 e
2258 1740 7 17 i
2280 1745 20 14 so
2314 1742 33 18 dui
2361 1742 71 24 figiioli
2443 1736 69 32 grandi'’-
2521 1754 23 13 un

2090 1761 58 22 terzu,
2155 1762 65 23 feritu,
2226 1765 27 18 s’è
2260 1766 74 19 salvatu
2342 1770 127 22 quautunque.
2473 1772 14 18 A
2491 1778 11 13 e
2507 1774 39 18 don-

2090 1790 25 14 ne
2127 1789 84 20 presenti
2225 1795 11 13 e
2249 1791 84 20 intimité
2349 1794 137 21 d’alluntanassi
2496 1800 50 18 mm’è

2091 1813 50 17 statu
2150 1813 50 19 fattu
2209 1815 56 19 alcun
2273 1818 56 18 male.
2338 1818 17 19 U
2361 1820 81 19 misteru
2450 1827 98 18 copresem-

2091 1840 33 19 pre
2128 1838 20 17 di
2153 1843 12 13 u
2171 1843 22 14 so
2198 1841 46 18 velu
2251 1846 47 14 neru
2308 1844 31 17 stu
2347 1847 133 20 spaventeA-ule
2486 1849 61 19 drama.

2113 1883 78 20 Bastia
2235 1887 59 20 Morte
2308 1890 20 17 di
2338 1890 86 20 Madama
2436 1893 53 19 Maria
2504 1895 43 15 Aura

2090 1909 156 21 Ferrandi-Viale.

2113 1947 21 4 —
2142 1939 61 20 Morte
2210 1941 22 18 di
2239 1946 13 14 u
2260 1942 80 20 Duttore
2348 1945 70 19 Andria
2426 1947 85 19 Morucci.

2116 1975 19 5 —
2142 1967 61 20 Morte
2211 1970 20 17 di
2240 1975 12 13 u
2260 1970 45 24 Sgiò
2319 1972 87 20 Ghiuvan
2418 1972 82 22 Battista*
2507 1976 43 22 Mag-

2092 1992 57 22 giani,
2158 1992 23 19 90
2189 1995 52 18 anni.

2141 2022 122 20 Matrimoniu
2277 2025 17 18 di
2310 2026 127 20 Madamieella
2447 2029 74 19 Aurélia
2529 2031 21 17 de

2092 2045 72 20 Gentile
2171 2052 24 14 eu
2204 2054 13 13 u
2226 2049 44 24 Sgiò
2279 2050 109 21 Ghiuvanni
2398 2054 81 19 Tortoni.

2141 2075 61 20 Morte
2215 2077 22 18 in
2248 2078 100 25 Marseglia
2361 2082 20 17 di
2396 2087 13 13 u
2426 2082 43 23 Sgiô
2483 2083 66 19 Simone

2090 2099 82 20 Luciani.

2112 2146 124 25 Belgodere
2244 2159 23 4 —
2277 2151 60 19 Morte
2345 2153 19 17 di
2378 2153 83 19 Madama
2474 2154 73 23 Mariaui,

2090 2173 43 18 nata
2139 2173 59 19 Maria
2205 2174 102 21 Francesca
2314 2178 95 23 Agostini.

2113 2218 127 21 Calenzana
2252 2231 25 4 —
2289 2223 61 19 Morte
2362 2224 21 18 di
2396 2230 14 13 u
2427 2225 43 24 Sgiò
2484 2226 62 18 Antoae

2090 2243 85 24 Massoni,
2186 2245 23 19 64
2216 2248 52 18 anni.

2113 2289 101 25 Campile
2221 2302 24 4 —
2251 2293 61 20 Morte
2319 2295 20 18 di
2351 2296 85 19 Madama
2442 2296 64 19 Orsula
2511 2297 34 18 Pas-

2090 2316 78 22 qualini,
2176 2319 46 17 nata
2231 2317 138 26 Cacciaguerra.

2137 2344 61 19 Morte
2202 2346 21 18 in
2230 2346 62 25 Parigi
2300 2349 21 18 di
2327 2348 126 21 Madamieella
2458 2351 88 18 Francesca

2090 2367 24 19 de
2121 2369 96 20 Bernardi.

2112 2413 140 27 Lavatoghiu
2267 2428 22 4 —
2304 2420 59 19 Morte
2377 2421 20 18 di
2410 2422 80 18 Madama
2503 2423 43 17 Anna

2089 2438 76 21 Santelli
2173 2443 25 18 de
2207 2444 121 21 Ristori.nata
2338 2447 96 18 Giordani.

2111 2485 133 22 Monticellu
2252 2500 22 4 —
2283 2491 58 20 Morte
2349 2493 19 18 di
2377 2493 82 18 Madama
2471 2492 75 19 Bastiana

2088 2511 68 23 Liberi,
2166 2516 43 17 nata
2218 2515 116 24 Graziani,80
2343 2519 52 17 anni.

2095 2584 6 5 _
2111 2558 112 21 Pietralba
2228 2571 21 4 —
2254 2563 60 18 Morte
2321 2563 20 18 di
2348 2564 83 18 Madama
2437 2564 64 19 Orsula
2507 2563 39 18 Sau-

2088 2584 20 21 ii,
2118 2587 42 17 nata
2167 2585 97 26 Giuseppi.

2107 2630 126 24 Prupriami
2238 2644 23 4 —
2269 2635 59 18 Morte
2335 2635 22 18 di
2363 2635 83 19 Madama
2453 2636 94 17 Francesca

2088 2655 72 22 Quilici,
2169 2659 45 16 nata
2223 2659 78 21 Tomasi,
2313 2659 21 19 40
2342 2661 53 18 anni.

2109 2700 43 19 San
2167 2701 111 21 Fiurenzu
2286 2714 23 4 —
2324 2705 59 20 Morte
2397 2707 19 18 di
2430 2704 116 21 Madamieella

2088 2726 100 23 Buttafoco,
2198 2729 101 23 stitutrice,
2310 2731 21 18 33
2340 2732 53 19 anni.

2109 2771 62 20 Sartè
2179 2783 22 4 —
2218 2775 60 19 Morte
2293 2776 21 19 in
2330 2777 101 25 Marseglia
2445 2777 19 18 di
2479 2781 12 13 u
2506 2774 38 23 Sgiô

2088 2796 103 25 Ghiaseppu
2200 2799 87 24 Spadoni.
2296 2802 23 19 30
2326 2803 53 18 anni.

2109 2843 64 19 Serra
2182 2845 24 18 di
2215 2845 139 24 Scopamene
2361 2858 23 4 —
2392 2850 58 17 Morte
2460 2848 17 18 di
2485 2852 12 13 u
2505 2844 37 24 Sgiô

2088 2868 163 23 Ghiuvan’Antone
2260 2873 118 23 Roccaserra,
2388 2874 23 19 80
2418 2873 50 20 anni.

2107 2914 90 21 Venacu
2207 2927 22 4 —
2244 2919 58 19 Morte
2316 2920 19 18 di
2349 2925 12 13 u
2369 2920 46 23 Sgiô
2431 2920 45 18 Orsu
2490 2915 50 20 Paula

2088 2939 75 21 EUnieri.
2279 2958 6 6 s
2414 2938 5 9 ;

2105 2978 23 4 —
2135 2969 61 20 Morte
2204 2972 20 18 di
2233 2977 13 13 u
2253 2974 82 22 giovanu
2344 2974 101 19 Ghiacintu
2452 2968 85 23 Genovesi-

2088 2996 141 22 unnduglianze.

2105 3039 96 21 Vivarîu
2208 3053 24 3 —
2245 3045 58 18 Morte
2311 3046 19 17 di
2338 3051 14 13 u
2366 3046 45 23 Sgiô
2420 3045 55 19 Orfeu
2485 3039 52 22 Fazin-

2088 3067 43 22 3ani,
2139 3066 23 18 90
2170 3069 52 18 anni.
2502 3076 6 8 ;

2111 3199 23 21 A
2141 3200 46 26 più
2195 3200 66 24 bella
2269 3203 172 25 publicazione
2448 3201 72 21 Corsa

2099 3279 213 30 VAlmanaceu
2326 3284 33 26 di
2371 3284 31 26 A
2419 3282 107 26 Muvra

2246 3337 55 31 per
2315 3335 69 31 1928

2104 3398 33 19 214
2142 3400 69 23 pagine
2215 3401 62 19 —160
2287 3403 75 23 disegni
2368 3407 12 13 e
2388 3397 102 25 fotografie,
2499 3390 40 22 arti-

2083 3427 43 22 culi,
2134 3429 72 22 puesie,
2212 3434 86 15 canzone.
2305 3431 44 22 lole,
2354 3428 78 21 raconti,
2437 3419 105 26 stabatogbj?

2083 3455 108 23 calindariu,
2200 3459 53 21 mesi,
2262 3459 86 22 stagione
2356 3463 45 14 ecc..
2406 3460 61 15 eec...-

2103 3500 68 19 Prezzu
2179 3507 6 13 :
2202 3503 22 18 la
2232 3503 102 24 Stamparia
2341 3503 13 18 7
2359 3503 26 18 fr.
2394 3502 23 23 pè
2430 3505 11 13 a
2448 3498 54 24 posta
2506 3493 11 18 S
2522 3491 14 18 L

2082 3530 65 17 contra
2154 3530 94 20 rimborsu
2254 3532 13 19 9
2273 3533 24 18 fr.

2082 3626 96 23 Aiaeciu
2188 3641 29 4 —
2229 3627 132 30 Stamparia
2373 3626 25 23 di
2410 3627 23 21 A
2443 3621 95 25 Muvra-

2082 3669 14 16 u
2107 3663 229 25 Diretlore-Gerente
2345 3671 7 15 :
2364 3664 71 22 Petru
2444 3651 95 31 ROCCA
