2578 3791
101 174 38 21 chi
153 172 38 22 I>o’
201 172 31 21 mi
245 170 104 21 difici*«lc
358 173 51 15 s;w;i
423 166 87 27 <}u:u:lc
519 168 57 15 cun-

100 205 81 23 lidallc
189 211 14 14 a
214 210 44 15 una
267 200 86 24 tomba.
362 198 52 26 Aiô,
421 195 141 30 perpiacere
568 194 6 20 !

100 239 19 21 E
139 236 86 23 Statevi
250 233 51 30 pur’
324 232 78 21 sicui-ii
427 229 38 21 clii
490 227 22 21 di
535 233 40 14 noi

100 270 151 22 min’averelc
263 274 13 14 a
289 263 132 31 pènlevine.

128 302 20 21 A
158 307 26 15 i*o
187 306 21 15 ni
211 299 14 22 b
228 307 13 14 u
252 296 125 25 d’instisle,
391 294 89 21 l’aculu
493 292 81 21 Marcu

102 337 92 19 ollense
213 331 53 23 luLli
279 330 7 21 i
299 324 178 32 rinsignamen'ti
493 331 12 14 c
518 324 56 20 nuLô

99 373 72 22 sopra
180 372 12 14 a
205 366 64 19 caria
280 363 7 20 î
296 360 155 29 so'quaranla
463 354 109 24 debitori.

104 399 35 21 Un
163 396 49 22 laie
221 404 5 12 :
245 393 102 30 pes&ima
361 397 59 23 paga
429 398 7 18 ;
460 396 29 14 un
510 388 47 21 taie
567 395 5 13 :

100 436 80 17 mezza
193 434 67 22 paga.
274 425 90 28 Cinque
376 430 13 14 o
402 422 35 22 soi
458 421 116 22 solamen-

102 466 23 18 te
137 462 7 21 i
157 461 81 21 marcò
247 467 5 13 :
266 459 63 20 bona
341 463 69 22 paga.

128 495 21 21 A
169 499 68 15 mane
248 491 74 27 dopu,
336 488 45 22 ellu
402 495 13 13 e
427 493 28 15 so
480 491 94 21 cumpa-

101 535 49 21 gnu
170 523 151 25 cumincionu
342 529 12 14 a
366 521 51 28 girà
430 527 42 21 per
484 526 13 14 a
514 518 60 21 cima

102 561 24 21 di
139 568 13 13 u
165 565 79 23 paese.
257 556 115 24 Lorenzu,
391 561 14 13 u
418 558 90 19 scemu,
527 552 48 19 «la-

101 601 30 14 va
146 593 24 21 in
180 591 80 28 piazza
269 597 6 17 ;
295 588 78 21 Marcu
392 587 68 20 entré
479 583 94 22 ind’nna

103 632 55 15 casa
167 631 6 13 :
187 629 29 14 un
228 622 63 21 c’era
304 619 42 21 che
358 624 44 15 una
415 617 79 20 donna
511 614 61 21 sola.

131 668 27 5 —
173 653 147 28 Bongiornu.
344 649 73 21 Cumu
442 645 79 23 State?
541 644 32 22 Sô

103 692 114 26 appressu
230 692 14 14 a
254 681 168 24 l'affarui-ellu..
437 677 95 30 sapele?
541 676 33 22 Pc

101 729 14 14 u
132 716 185 33 pucchiuculu...

171 750 45 22 Chi
237 749 14 21 b
255 755 12 14 u
270 748 23 21 le
296 750 22 18 le
328 746 6 22 !
364 745 100 21 Cascale
489 745 83 25 troppu

102 786 70 22 male.
189 783 25 21 In
226 789 11 14 s
241 785 23 18 Lu
279 781 115 20 momentu
416 782 32 16 un
460 776 22 21 ci
494 781 29 16 ne
538 774 34 28 jè;

102 826 14 14 u
128 818 47 21 miô
185 815 58 22 mari
247 817 22 18 lu
284 814 13 19 è
306 812 78 21 iora...

128 862 30 5 —
164 848 36 22 Un
209 847 20 22 ci
242 853 29 15 ne
277 844 43 29 jè?
328 843 109 29 Capiscu,
448 841 123 29 capiscu...

102 884 38 22 Ma
152 882 48 24 eiu,
218 885 77 22 vengu
308 876 28 21 da
348 876 98 22 lunlanu
465 875 107 27 apposla,

104 925 13 13 o
130 922 29 15 un
182 913 30 22 mi
225 919 29 14 ne
272 916 71 23 possu
366 908 74 22 micca
459 907 65 22 vultà
543 911 29 15 eu

104 950 73 21 bénin
199 945 23 22 in
234 949 80 17 manu.
335 939 19 25 È
368 941 91 28 l'epuca
474 939 23 22 di
507 946 14 14 u
533 944 39 22 pa-

102 981 111 30 gaincnlu
223 984 5 19 ;
245 981 95 24 ognunu
360 975 29 21 ha
410 973 101 28 bisognu
523 971 23 21 di
559 978 14 15 u

102 1016 61 20 fallu
173 1011 59 22 soiu,
251 1009 46 22 Aiô
308 1009 6 20 !
327 1008 116 22 chiamale
460 1012 14 15 a
492 1005 81 22 boslru

102 1045 59 24 mari
165 1048 33 22 Lu;
206 1045 141 21 senlerenin,
357 1039 178 29 raggiuneremu
544 1044 29 14 un

102 1085 70 23 pocu,
185 1083 13 14 e
210 1075 91 23 s’elTun
315 1075 28 27 pô
357 1073 28 22 dû
399 1079 13 14 u
427 1074 70 21 luüu,
510 1071 29 28 pè
558 1077 14 14 u

102 1119 38 15 res
143 1114 24 18 Lu
180 1109 21 22 si
212 1108 83 22 viderà
305 1107 38 28 più
354 1104 69 24 lardi.

129 1144 93 25 Allora,
235 1149 13 14 a
261 1141 78 21 donna
352 1138 92 23 chiamò
463 1144 13 14 u
489 1136 58 23 mari
550 1137 23 21 tu

102 1178 38 22 chi
149 1176 60 22 s'era
220 1175 77 28 piallu
306 1173 22 21 in
340 1177 102 17 carcera.

129 1222 29 5 —
167 1208 52 26 Aiô,
233 1206 119 31 pagalemi
361 1205 6 22 !
376 1204 66 22 disse
453 1203 81 22 Marcu
549 1202 24 22 in

102 1248 56 18 tonu
172 1242 22 22 al
198 1244 23 19 lu
233 1248 13 15 e
258 1246 78 16 seccu.

129 1288 31 5 —
173 1274 34 23 Un
219 1275 21 21 si
254 1275 39 27 pô,
305 1279 30 15 un
346 1272 20 22 si
377 1273 31 27 pò
418 1271 6 21 !

129 1321 31 5 —
171 1308 38 22 Ma
221 1308 24 21 in
258 1306 39 22 lin’
310 1305 23 22 di
342 1307 69 20 conlu
419 1304 42 23 ?...

130 1354 30 5 —
172 1340 36 22 Un
219 1340 22 21 si
253 1341 31 27 pò
293 1339 5 21 !
307 1345 30 15 un
346 1339 19 21 si
377 1339 30 27 pô
417 1338 17 21 !.
447 1336 126 23 Duvell'un

102 1376 23 22 ci
133 1375 45 25 n’è,
188 1380 61 15 ancu
260 1380 15 14 a
285 1371 78 23 chiesa
370 1371 72 29 perde
449 1371 6 22 i
463 1370 34 22 so’
508 1369 67 23 dirit-

101 1410 46 21 ii...

130 1441 21 23 Ü
163 1447 89 20 scemu,
266 1440 31 21 da
310 1438 57 27 fora,
377 1445 29 15 eu
419 1445 15 14 u
448 1436 124 24 fucilacciu

101 1476 23 21 in
138 1481 78 19 manu,
229 1478 101 24 passaya
341 1479 13 15 e
371 1472 63 21 binìa
446 1470 95 23 davanti
560 1477 13 15 e

101 1508 106 22 fineslre.
220 1505 123 23 Cuminciò
356 1512 12 14 a
377 1504 85 29 gridà:

128 1553 29 6 —
165 1540 44 22 Chi
221 1540 81 22 c’è?...
316 1538 38 23 C’è
364 1536 195 24 cunlcslazione?

130 1572 244 29 L’omu,inlrepidu,si
385 1578 30 15 vu
418 1571 32 22 lia
462 1570 100 24 affaccà.

128 1620 31 4 —
175 1606 139 23 AUenzione
323 1606 5 20 !
352 1612 13 15 o
388 1604 86 27 amicu,
509 1604 65 22 disse

100 1641 83 23 Marcu
192 1648 7 19 ;
211 1639 132 24 atlenzione
350 1640 7 10 '
369 1638 35 22 Un
417 1639 25 21 fa
444 1641 22 20 te
477 1638 96 22 chiassu

100 1675 41 22 chi
154 1682 15 14 u
181 1673 47 23 miò
240 1679 133 23 cumpagnu
382 1674 13 20 è
406 1678 82 16 scemu
498 1679 7 19 ;
518 1677 12 16 e
543 1678 29 15 eu

101 1709 8 21 i
120 1707 105 23 scemi...

129 1741 20 21 E
162 1748 14 14 u
185 1742 63 20 ténia
261 1740 62 22 forte
337 1747 41 22 per
389 1746 13 15 a
412 1739 132 29 jacchcüa.

127 1786 30 4 —
166 1773 142 27 Lenlalemi,
321 1773 127 26 lenlalemi,
462 1779 42 22 per
520 1771 53 22 diu-

100 1807 116 23 sanleîia!
230 1807 83 22 urlava
322 1806 87 30 quellu.
419 1805 87 30 Bogiiu
523 1811 49 15 sor-

103 1844 32 23 te,
157 1848 13 14 e
183 1847 14 14 u
214 1841 17 21 li
243 1840 82 28 vogliu
341 1841 69 20 melLe
423 1838 39 23 eiu
475 1845 14 15 u
510 1838 64 22 cala-

101 1874 48 22 teiu
159 1874 6 21 !

129 1907 37 22 Un
178 1906 25 22 bi
214 1907 66 22 Jenlu
293 1905 88 23 micca!
402 1904 38 22 Un
452 1906 22 21 ci
491 1906 80 21 vurria

100 1942 45 21 che
159 1947 45 14 una
216 1939 118 29 disgrazia
344 1940 24 20 !..

129 1986 27 4 —
168 1973 19 21 A
197 1973 22 21 vi
229 1972 80 22 facciu
322 1978 81 22 magna
418 1972 47 26 eiu,
478 1978 13 15 a
500 1977 72 16 carne

98 2008 25 21 di
135 2005 160 31 pucchiuculu
304 2005 33 22 !...
359 2012 12 15 a
389 2005 23 21 vi
431 2004 77 23 facciu
523 2010 48 16 ma-

98 2047 47 22 gna
158 2039 76 29 prima
246 2039 25 21 di
284 2039 55 21 Fora
349 2039 6 21 !
366 2038 108 28 gridava,
487 2044 13 15 a
511 2037 61 23 boce

98 2072 119 27 alteriala,
237 2071 116 22 Lorenzu.
370 2071 20 22 E
406 2071 123 28 spassiava
547 2071 23 23 in

98 2106 82 25 fretla,
194 2104 151 27 seucculava,
359 2104 61 22 fada
434 2111 29 15 un
476 2104 94 22 chiassu

99 2139 38 21 del
151 2138 104 22 diavule.

126 2172 21 21 A
157 2172 65 28 jente
236 2177 68 16 corre
322 2171 23 22 in
357 2170 104 29 piazzia;
482 2171 90 21 s’acco-

97 2205 50 28 glie
160 2210 46 16 una
217 2204 68 22 folia.

125 2250 31 4 —
167 2236 44 22 Chi
229 2239 44 24 c‘è,
289 2237 38 22 chi
341 2244 29 15 un
389 2236 54 22 c’è?
460 2237 59 22 Pare
540 2244 30 15 un

98 2270 150 22 scimacciu..

125 2303 82 22 Marcu
217 2304 60 21 linla
286 2309 91 23 sempre
390 2311 13 13 u
417 2303 112 29 padrone,
550 2303 20 22 si

97 2336 116 22 scunfinîa
225 2337 23 21 in
262 2336 122 29 suppliche
395 2343 13 15 c
416 2336 96 28 parlava
519 2342 51 23 per-

97 2371 56 21 sinu
164 2369 164 23 d’abbandunà
339 2377 13 14 a
366 2376 71 22 paga.

126 2415 30 4 —
167 2402 44 27 No,
225 2409 40 20 no,
279 2409 30 15 no
320 2403 5 20 !
346 2402 107 23 flnimula
461 2403 7 21 !
489 2409 30 15 un
531 2409 40 21 pa-

97 2439 65 25 gaie,
176 2442 30 15 un
218 2436 84 28 bogiiu
315 2436 38 27 più
365 2435 79 29 paghe
454 2437 31 20 nè
496 2436 73 26 conli;

97 2469 39 21 eiu
150 2475 30 15 un
193 2468 83 29 bogiiu
289 2468 92 29 impicci
388 2476 7 18 ;
411 2470 56 20 sarà
481 2468 88 28 megliu

100 2508 30 15 un
143 2501 61 21 allra
215 2501 66 22 voila
290 2501 35 22 !...

127 2534 143 22 Cummossii
291 2534 29 21 da
331 2537 35 19 sic
388 2534 62 22 bone
467 2540 102 21 manere,

99 2567 72 21 l’orau
184 2566 64 23 disse
262 2573 14 16 a
287 2574 13 14 a
313 2567 85 28 moglia
408 2574 6 14 :

127 2612 30 5 —
164 2601 127 28 Agguarda
306 2599 72 23 s’eli’u
391 2600 35 22 c’è
444 2599 126 23 abbaslan-

100 2640 27 15 za
138 2641 6 13 :
165 2634 12 20 è
197 2633 95 28 ghiusla
305 2633 23 21 di
348 2634 59 27 pagà
422 2633 87 21 sl’omu
531 2632 38 22 chi

99 2666 59 29 ghiè
170 2672 29 15 un
211 2672 65 15 omu.

125 2700 21 20 À
159 2699 77 21 donna
249 2705 31 15 un
294 2700 65 20 Iruvô
376 2699 44 21 che
433 2699 56 22 dece
507 2698 62 22 fran-

98 2732 49 26 chi,
161 2737 71 22 sopra
245 2732 6 20 i
265 2731 130 29 qualordici
405 2739 7 13 :
423 2738 85 22 prezzu
519 2731 24 21 di
555 2739 14 15 u

98 2772 31 21 pu
132 2764 58 22 relie
192 2766 42 20 ttu.
421 2767 14 24 j

126 2797 81 22 Marcu
217 2798 21 21 si
251 2804 30 15 ne
292 2799 110 20 cunlenlô
415 2804 14 14 e
440 2799 21 20 si
473 2797 82 22 n’esci.

126 2830 104 27 Inlanlu,
243 2830 69 21 iull’u
325 2837 70 22 paese
411 2836 72 23 seppe
500 2837 13 14 a
529 2836 42 16 no-

98 2870 38 15 va.
154 2862 100 29 Ognunu
271 2865 162 20 cummentava
445 2870 14 15 a
477 2863 94 22 so’ino-

99 2897 62 21 du...

125 2928 71 22 Circa
205 2929 82 22 un'ora
299 2929 68 28 dopu,
384 2929 68 22 lult’e
464 2928 107 29 famigl.ie

97 2962 40 21 chi
150 2963 85 20 avianu
244 2968 106 22 compru,
362 2964 86 21 avìanu
461 2964 88 26 pagalu
557 2969 13 16 e

98 2995 46 21 ben
154 2998 95 25 pagalu.

230 3028 114 22 Martinu
354 3028 189 26 Appinzapalu.

242 3134 191 26 Cunfratelli

123 3192 44 19 Le
180 3191 109 21 Monde
302 3192 90 20 Latin.
406 3201 12 12 «
425 3194 79 22 Revue
515 3193 56 20 d’U-

97 3219 56 19 nion
161 3218 84 21 Latine
252 3224 22 18 »,
288 3219 114 21 Direttore
411 3226 5 13 :
433 3220 72 21 Noble
513 3220 57 25 Gex,

95 3246 127 21 Redattore
230 3248 22 18 in
264 3253 56 18 capu
327 3255 7 13 :
343 3248 90 20 Alessiu
441 3248 130 24 Marchetti,

94 3280 63 13 nova
165 3274 79 21 rivista
250 3275 123 24 periodica,
379 3276 116 25 publicata
500 3276 23 20 in
531 3276 41 21 Pa-

92 3301 58 25 rigi,
159 3301 12 20 6
181 3308 41 13 rue
232 3302 107 24 Bobillot,
352 3303 28 20 ha
390 3307 115 22 stampatu
514 3310 14 13 u
538 3303 34 21 so’

95 3328 76 24 primu
182 3334 97 15 numaru
288 3336 16 13 u
312 3333 25 17 20
343 3330 75 25 jugnu
427 3336 89 15 scorsu.

120 3369 29 20 Tu
155 3369 120 21 A:venir
281 3370 37 20 de
325 3371 32 19 la
364 3372 99 23 Corse,
473 3371 101 22 Diretto-

97 3403 40 13 re:
157 3397 24 20 F.
194 3396 104 25 Lefèvre,
314 3399 106 25 giurnale
437 3399 106 23 mensile,
559 3405 14 15 2

97 3424 131 21 Boulevard
243 3425 162 26 Victor-Hugo,
422 3427 76 23 Nizza,
513 3427 62 26 riap-

94 3452 94 23 parisce
196 3452 70 24 dapoi
272 3460 15 12 u
293 3457 24 20 29
321 3454 82 24 jugnu.

123 3492 49 20 La
181 3492 124 21 <3-azette
313 3494 35 20 de
359 3495 139 24 G-Lisoni,
510 3496 64 24 giur-

94 3520 54 19 nale
156 3520 310 23 esclusivamentelucaleha
473 3523 102 25 publica-

95 3550 25 16 tii
129 3553 32 13 un
170 3547 34 19 so’
212 3549 76 23 prima
298 3555 103 18 numaru,
409 3550 93 25 ghiorni
512 3556 64 15 scor_

99 3574 31 19 si.

119 3610 21 18 A
161 3611 55 19 tutti
237 3612 31 19 sti
291 3612 128 21 cunfratelli
444 3619 130 19 augarenui

95 3637 134 23 prusperità
236 3645 15 14 e
259 3639 69 24 longa
337 3640 92 20 durata.

715 163 211 48 L’Âvucalu
948 154 181 52 Berthon,
1157 149 195 58 difensore
1374 145 37 46 di
1436 158 23 31 a

678 235 224 46 Minuranza
924 227 214 49 Âlsaziana,
1162 223 109 56 parte
1294 221 40 44 in
1357 225 139 49 guerra

798 303 134 47 contru
961 312 22 31 a
1005 295 226 46 Minuranza
1259 291 118 46 Corsa

629 421 76 23 Cume
717 419 64 23 tutt’i
793 415 118 31 giurnali,
931 413 99 22 aviamu
1041 411 32 21 ri-

602 456 89 21 cevutu
700 453 42 21 dui
752 451 61 22 mesi
824 449 22 22 fà
855 447 140 28 a-seguente
1007 443 67 22 chia-

601 493 46 19 ma,
662 486 95 22 firmata
769 489 5 15 :
797 483 38 21 Un
849 481 103 25 Groupe
967 478 30 20 de
1010 475 63 22 Coi-

601 526 48 16 scs.

721 559 75 20 APPEL
806 558 47 19 AUX
865 556 86 19 CORSES

621 596 58 17 Notre
687 594 74 21 origine
769 597 53 12 corse
831 592 30 16 est
869 593 74 16 encore,
949 592 39 13 aux
994 590 51 18 yeux
1050 586 24 16 de

603 620 44 17 bien
661 619 33 17 des
709 615 89 21 Français
810 616 25 16 du
848 613 109 18 Continent,
972 615 38 14 un»
1020 610 54 17 tache

601 642 106 22 originelle,
717 641 59 21 qu’un
789 639 57 17 siècle
860 638 21 17 et
892 637 51 17 demi
956 634 118 18 d’éducation

601 666 93 21 française
702 666 30 17 n’a
741 668 34 18 pas
784 663 78 20 effacée,
876 661 19 17 et
906 661 56 22 qu’on
970 662 49 14 nous
1026 658 27 21 jet
1056 658 18 16 Le

601 692 11 17 à
620 692 20 16 la
648 691 40 17 face
695 692 74 15 comme
777 692 27 12 un
813 685 92 24 reproche
913 686 20 16 et
941 688 37 13 une
987 683 88 17 condam-

601 715 73 19 nation.
995 731 5 6 .
1014 731 5 8 ,
1048 731 4 8 ,

621 740 25 18 La
656 738 55 19 triste
719 736 81 23 légende
808 736 23 17 de
841 734 56 18 l’âme
906 737 60 16 corse,
980 732 92 19 violente,

599 765 98 20 haineuse,
705 760 125 20 vindicative,
841 759 30 18 est
879 758 111 18 entretenue
998 760 35 18 par
1039 756 34 17 des

600 789 70 22 esprits
678 786 81 19 hostiles
767 785 11 18 à
786 786 55 17 notre
849 783 62 23 patrie
919 781 99 19 insulaire.

621 814 49 17 Tout
677 810 124 21 récemment,
807 810 25 18 M.
838 807 66 21 André
911 805 113 21 BERTHON,
1031 809 44 14 avo-

600 839 36 20 cat,
645 837 69 22 député
721 836 24 17 de
753 834 61 21 Paris,
830 832 86 25 plaidant
928 831 71 19 devant
1006 835 26 13 un
1040 829 34 18 tri-

600 863 57 18 bunal
671 862 23 17 de
708 860 98 23 province,
821 859 47 17 dans
885 861 26 13 un
926 856 68 22 simple
1008 854 65 23 procès

600 887 46 19 civil
659 887 65 17 contre
739 890 26 12 un
780 884 24 18 de
819 887 34 15 nos
868 881 139 24 compatriotes,
1025 885 11 12 a
1049 883 24 14 eu

600 912 84 19 l’audace
696 911 107 21 d’attaquer
817 909 55 17 notre
885 907 49 22 petit
948 905 69 24 peuple
1027 908 48 14 avec

600 942 37 14 une
645 936 98 18 virulence
752 935 19 18 et
780 939 38 13 une
825 932 80 19 infamie
912 935 44 15 sans
963 929 110 24 précédent,

600 963 95 18 déclarant
703 966 24 13 en
735 961 71 17 termes
814 958 57 18 clairs
878 962 25 13 ou
909 956 80 18 laissant
994 954 80 18 deviner

600 993 34 17 par
642 988 33 16 des
683 985 94 19 allusions
787 982 147 23 transparentes,
941 985 37 18 que
984 979 42 18 tout
1033 983 41 14 cor-

601 1017 20 14 se
630 1012 36 20 est,
682 1015 34 19 par
724 1009 99 21 atavisme,
838 1006 77 23 capable
925 1007 23 17 de
960 1004 114 23 poursuivre

601 1038 28 17 les
637 1039 117 19 vengeances
762 1034 29 19 les
799 1034 43 23 plus
850 1032 73 20 basses,
939 1032 22 17 de
970 1029 75 18 refuser
1055 1029 19 17 le

600 1063 43 22 plus
651 1060 53 22 léger
712 1059 79 23 pardon,
797 1059 24 17 de
827 1056 106 20 maltraiter
940 1056 18 17 la
966 1055 43 22 plus
1015 1054 59 18 faible

601 1087 75 19 femme,
685 1085 122 20 d’extorquer
815 1083 24 17 de
846 1082 90 22 l’argent,
945 1081 23 18 de
977 1079 62 20 servir
1049 1080 24 21 dp

602 1110 130 19 faux-témoin.

622 1136 17 20 A
646 1139 32 15 ces
692 1135 52 18 viles
758 1134 93 22 attaques,
868 1133 19 17 le
895 1132 68 22 peuple
971 1134 55 15 corse
1033 1130 40 18 doit

600 1160 92 23 répondre
705 1164 24 15 en
743 1159 99 22 attaquant
849 1158 12 17 à
869 1161 35 14 son
918 1158 49 20 tour,
981 1160 48 13 avec
1036 1160 38 14 une

600 1185 77 23 énergie
685 1185 59 22 digne
752 1184 24 17 de
784 1184 36 19 lui.

621 1212 17 18 A
646 1211 31 18 cet
684 1211 54 21 effet,
748 1213 49 15 nous
804 1212 122 18 convoquons
935 1208 43 19 tous
992 1207 29 19 les
1029 1206 44 19 Cor-

600 1242 31 14 ses
640 1237 23 17 de
670 1236 106 22 Paris,avec
782 1235 51 18 leurs
840 1233 82 20 familles
930 1234 20 19 et
957 1233 53 20 leurs
1018 1232 55 22 ajnis,

600 1263 12 17 à
618 1267 39 13 une

675 1291 102 22 RÉUNION
784 1293 29 19 DE
821 1291 172 21 PROTESTATION

600 1330 34 24 qui
641 1334 46 13 aura
695 1329 40 18 lieu
744 1327 62 19 Lundi
813 1326 24 18 20
844 1326 46 22 mai,
904 1326 10 18 à
923 1325 23 19 20
951 1326 19 17 h.
977 1325 30 22 30,
1023 1325 49 19 Salle

600 1359 33 17 des
641 1356 83 20 Sociétés
733 1355 158 21 Savantes,Place
900 1353 138 19 Saint-Michel.

627 1397 41 22 Sta
679 1397 111 27 prutesta
802 1395 25 22 di
839 1394 78 29 spirtu
931 1393 103 22 cursista
1051 1393 21 21 ci

600 1430 54 23 avìa
667 1432 156 26 quantunque
834 1427 95 23 lasciati
944 1427 128 28 penserosi

600 1465 26 21 in
638 1462 104 30 quant’a’
752 1460 166 24 so’sincérité.

629 1497 22 23 U
664 1497 97 23 célébré
774 1495 126 22 difensore
911 1495 23 21 di
948 1501 15 14 u
974 1499 100 22 pruces-

600 1538 28 16 su
639 1531 30 21 di.
678 1530 108 25 Colmar,
797 1528 50 24 cusì
856 1528 133 28 simpaticu
1000 1533 13 15 a
1025 1530 49 20 tut-

599 1566 18 21 ti
629 1563 186 25 l’autonomisti,
825 1562 119 23 l’avucatu
956 1562 117 23 insultatu

600 1599 31 22 da
642 1596 121 23 Poincaré
776 1602 13 15 e
801 1596 30 22 da
842 1594 71 23 tutt’a
932 1595 34 22 so’
978 1597 95 25 stampa

600 1638 32 16 un
653 1631 73 27 pudja
745 1629 48 22 avè
813 1630 137 26 vituparatu
973 1629 6 21 i
1001 1627 71 23 Corsi

600 1664 126 28 calpestati
744 1663 67 27 dipoi
828 1668 33 18 un
874 1663 83 23 secylu
968 1668 14 15 e
993 1667 80 16 mezzu

599 1699 31 21 da
641 1704 33 15 un
686 1697 69 22 Statu
772 1696 162 28 imperialista
950 1701 14 16 e
982 1697 92 20 centrar

599 1733 119 21 lizzatore.

629 1765 21 24 U
668 1767 87 20 nostru
777 1763 58 27 paré
859 1768 40 16 era
922 1763 39 22 chi
976 1768 16 15 u
1013 1760 59 30 Sgiô

599 1799 110 22 Berthon
720 1797 64 28 avia,
796 1797 26 25 jn
834 1797 23 21 la
870 1802 28 16 so
910 1796 95 27 aringa,
1022 1801 52 16 sus-

599 1834 87 20 tenutu
698 1838 14 15 a
721 1831 50 21 tesi
789 1828 230 30 d’incump.atibilità
1037 1831 37 19 tra

600 1873 14 15 u
626 1865 78 28 spirtu
715 1864 113 22 frâneese
838 1869 15 15 e
865 1869 16 15 u
893 1863 78 27 spjrtu
991 1867 81 20 corsu,

625 1898 91 24 Niente
727 1898 26 21 di
765 1897 43 28 più
820 1897 119 22 naturale.

627 1932 23 22 U
662 1937 27 17 20
703 1931 111 29 Magbiu,
825 1930 20 21 a’
855 1930 119 22 reunione
984 1929 25 22 di
1018 1935 57 22 pru-

598 1967 72 23 testa,
682 1965 93 22 l’amici
788 1965 25 21 di
830 1970 15 16 u
857 1964 93 27 grande
967 1965 108 22 avueatu

598 1999 116 28 parigìnu
725 1997 141 28 prupuninu
879 1996 24 22 di
916 1998 133 26 sottupone
1058 2002 15 15 u

598 2032 83 27 litigiu
693 2037 14 16 a
719 2037 33 15 un
766 2029 73 23 Giurt
852 2030 100 22 d'onore
964 2035 82 17 corsu.

626 2064 42 24 Stu
678 2063 72 24 Giurì
761 2063 21 22 si
791 2063 138 29 prununciò
939 2063 24 22 in
974 2065 40 18 stu
1021 2069 52 15 mo-

598 2099 40 25 du,
652 2104 15 15 u
678 2104 28 17 ao
713 2097 96 29 Jugnu:

621 2148 9 11 «
637 2142 26 18 Le
670 2142 47 23 Jury
726 2142 106 18 d’honneur

620 2167 55 23 après
682 2167 56 18 avoir
746 2167 88 21 délibéré,

632 2192 74 19 déclare
712 2197 5 13 :

619 2218 19 21 a)
646 2218 48 21 qu’il
703 2218 30 17 est
741 2217 93 22 persuadé
848 2221 38 18 que
894 2216 26 19 M*
927 2216 84 18 Berthon
1019 2221 11 13 a
1038 2220 32 18 pu.

597 2247 25 14 au
630 2246 55 15 cours
694 2243 23 17 de
726 2247 22 13 sa
756 2242 108 22 plaidoirie,
880 2241 49 19 faire
941 2241 91 18 ressortir
1043 2241 29 18 les

597 2267 115 19 différences
720 2267 82 18 existant
810 2268 50 17 entre
867 2266 54 19 l'âme
929 2271 49 14 corse
990 2267 18 17 et
1019 2266 53 20 l'ùrne

597 2292 120 18 continentale
723 2298 8 15 ;

620 2318 19 22 b)
648 2318 48 21 qu’il
710 2318 31 17 est
753 2317 94 22 persuadé
861 2316 46 23 qu’il
921 2317 33 22 n’y
965 2316 53 19 avait
1025 2317 47 17 dans

596 2344 31 17 cet
634 2343 66 22 exposé
705 2341 140 24 psychologique
854 2342 43 17 rien
905 2342 33 22 qui
952 2342 36 22 pût
1000 2341 71 19 consti-

596 2369 44 17 tuer
648 2372 39 13 une
695 2368 73 17 insulte
776 2371 47 17 pour
835 2367 19 17 la
862 2366 65 22 Corse,
941 2371 67 13 comme
1020 2365 53 19 d’ail-

597 2393 48 18 leurs
656 2392 87 23 l'affirme
750 2396 33 13 sur
791 2391 94 19 l'honneur
892 2391 28 18 Mc
928 2390 93 21 Berthon;

619 2418 17 22 c)
644 2417 49 22 qu’il
700 2417 70 18 estime
775 2417 106 22 cependant
887 2420 43 18 que,
936 2417 48 17 dans
989 2416 84 18 l’atmos-

598 2442 60 23 phère
666 2443 25 17 du
699 2441 73 23 procès,
780 2441 25 18 M.
814 2442 110 17 Alessandri
932 2441 26 22 (le
965 2441 90 23 Docteur)
1061 2446 12 13 a

599 2472 26 17 pu
633 2472 19 13 se
660 2466 110 24 méprendre,
779 2466 22 18 de
809 2468 35 16 très
853 2465 56 19 bonne
916 2465 36 24 foi,
958 2470 35 14 sur
1001 2466 18 17 le
1027 2471 44 13 sens

596 2493 57 17 d’une
661 2491 80 22 pareille
749 2491 114 22 opposition,
870 2491 48 18 dont
925 2492 19 17 le
950 2491 50 22 Jury
1007 2491 65 19 d’hon-

596 2521 49 14 neur
653 2517 88 18 souhaite
748 2520 26 13 au
782 2516 85 22 surplus,
883 2516 77 22 qu'é'anl
974 2515 68 19 donnée
1054 2516 18 18 la

597 2540 78 24 légitime
689 2540 101 19 sensibilité
800 2540 30 18 des
843 2540 68 22 Corses,
924 2545 22 13 on
957 2545 24 14 ne
990 2545 21 14 se
1023 2546 49 15 serve

596 2571 42 13 avec
646 2566 45 18 abus
699 2566 20 18 ni
728 2566 49 17 dans
784 2565 18 19 la
810 2570 73 18 presse,
890 2566 21 18 ni
916 2566 48 18 dans
972 2566 20 17 la
999 2566 73 18 littéra-

597 2592 48 20 ture,
656 2591 21 18 ni
684 2592 13 17 à
704 2592 19 17 la
732 2591 55 18 barre
795 2596 5 16 ;

618 2616 19 22 d)
646 2617 47 21 qu’il
702 2616 64 18 désire
774 2619 37 18 que
818 2615 84 19 l’affaire
909 2616 50 19 ainsi
968 2616 57 22 jugée
1038 2621 34 18 par

596 2641 36 21 lui,
640 2645 43 14 sans
689 2640 75 23 passion
772 2645 69 13 aucune
849 2642 18 17 et
875 2646 22 12 en
905 2642 48 17 toute
961 2641 108 23 objectivité,

597 2665 36 19 soit
640 2665 102 18 considérée
750 2669 68 14 comme
826 2665 47 19 close
881 2667 18 16 et
908 2671 25 13 ne
939 2665 69 22 reçoive
1016 2672 55 13 aumô-

595 2695 24 13 ne
626 2689 53 19 suite.
686 2696 10 11 »

625 2729 207 22 Annuncienduci
853 2731 37 20 sta
908 2731 135 25 decisione,
1055 2737 16 15 u

597 2762 59 28 Sgiò
674 2763 73 21 Petru
759 2763 154 27 Alessandri,
932 2763 139 28 prufessore

596 2798 134 26 aggregadi
742 2802 12 15 â
768 2802 14 14 u
793 2797 65 21 liceu
871 2796 25 21 di
909 2796 70 22 Nizza
1000 2797 21 22 ci
1040 2798 30 22 ha

596 2829 61 21 fattu
669 2835 13 15 e
695 2831 120 26 segmente
824 2829 181 24 dichiarazione
1013 2836 7 15 :

621 2874 67 19 «C’est
702 2875 125 22 uniquement
839 2880 50 17 pour
901 2881 25 14 ne
939 2881 34 18 pas
987 2877 48 19 aller
1047 2883 24 13 au

596 2901 72 17 devant
675 2901 57 18 d’une
740 2900 147 18 condamnation
900 2906 35 18 par
947 2901 73 22 défaut,
1035 2907 36 18 gue

595 2925 34 23 j’ai
643 2925 88 18 consenti
745 2925 11 18 à
771 2926 144 23 communiquer
929 2931 23 13 au
967 2927 49 22 Jury
1030 2932 40 14 mes

597 2956 9 11 «
613 2954 81 18 preuves
701 2956 16 15 »,
724 2951 49 17 c’est
779 2950 11 18 à
798 2950 48 22 dire,
853 2951 33 19 dix
894 2952 122 19 attestations
1024 2953 47 20 écri-

596 2976 36 20 tes,
640 2975 86 18 d’autant
739 2975 44 22 plus
796 2975 118 19 accablantes
928 2981 48 18 pour
984 2977 26 17 Ms
1018 2978 53 18 BER-

596 2999 68 21 THON,
678 3004 38 18 que
723 3000 32 17 six
763 3000 117 18 d’entr’elles
893 3003 44 16 sont
948 3002 34 17 des
995 3003 76 18 attesta-

596 3025 52 17 tions
656 3024 23 19 de
687 3029 48 18 gens
743 3024 25 18 de
775 3024 18 18 la
802 3024 77 23 Creuse,
888 3025 90 23 indignés
992 3027 24 18 de
1029 3028 41 18 l’at-

596 3050 58 21 taque
670 3049 67 18 menée
752 3053 35 18 par
803 3050 25 17 Mc
836 3050 106 19 BERTHON
959 3053 67 17 contre
1041 3053 29 17 les

596 3074 76 21 Corses,
681 3075 72 17 devant
760 3074 19 18 le
786 3075 92 18 Tribunal
886 3076 23 18 de
918 3076 77 19 Guéret.

618 3104 11 12 «
636 3098 54 19 Cette
698 3100 120 22 indignation
826 3101 34 17 des
869 3100 89 19 Creusois
965 3102 32 17 n’a
1002 3106 34 18 pas
1042 3102 30 18 été

596 3124 88 22 partagée
693 3129 34 18 par
734 3125 20 17 le
761 3124 49 24 Jury
818 3125 65 22 Corse,
896 3126 63 23 lequel
973 3131 11 13 a
998 3127 74 19 déclaré

596 3148 47 23 qu’il
649 3150 30 17 est
686 3149 94 22 persuadé
788 3154 38 18 que
833 3150 26 18 Mc
867 3150 106 19 BERTHON
981 3156 12 13 a
1001 3157 26 17 pu
1035 3152 37 18 fai-

596 3178 23 13 re
626 3174 91 18 ressortir
724 3175 30 17 les
763 3174 116 21 différences
887 3177 83 17 existant
978 3178 55 17 entre
1040 3177 32 18 l’â-

597 3202 31 14 me
636 3197 59 20 Corse
703 3200 20 17 et
736 3199 56 18 l’âme
800 3199 101 22 française,
916 3201 48 19 mais
978 3202 48 21 qu’il
1039 3203 33 23 n’y

596 3223 54 18 avait
657 3223 48 19 dans
712 3225 32 16 cet
752 3224 69 21 exposé
828 3225 150 23 psychologique
985 3227 44 18 rien
1040 3227 32 23 qui

596 3248 37 22 pût
638 3249 107 18 constituer
753 3253 38 14 une
800 3249 72 19 insulte
880 3254 50 18 pour
936 3251 19 18 la
963 3251 65 19 Corse.

621 3273 76 21 «Après
710 3274 74 17 lecture
795 3274 24 18 de
831 3279 23 14 ce
865 3275 99 23 jugement
976 3277 97 22 approuvé

597 3302 34 17 par
639 3296 23 18 16
670 3299 45 17 voix
724 3299 65 18 contre
798 3299 10 18 1
818 3301 20 17 et
844 3300 117 23 abstention,
976 3302 52 19 deux
1042 3306 30 14 re-

598 3326 89 17 marques
696 3323 117 22 s’imposent.

621 3352 8 10 «
636 3346 54 19 Seize
698 3347 57 18 Jurés
764 3347 67 19 Corses
839 3350 35 16 ont
882 3350 48 17 donc
938 3350 59 18 établi
1011 3352 60 18 solen-

597 3371 105 18 nellement
708 3372 48 22 qu’il
764 3373 67 21 existe,
845 3374 55 18 entre
912 3375 57 17 l’âme
982 3375 59 19 Corse
1052 3377 21 17 et

597 3395 57 18 l’âme
662 3395 106 22 Française,
777 3396 35 19 des
819 3398 115 19 différences
944 3403 35 15 sur
992 3400 82 22 lesquel-

598 3421 30 17 les
636 3420 42 18 tout
686 3422 70 17 avocat
763 3425 69 17 pourra
840 3426 22 14 se
870 3422 68 19 fonder
945 3428 50 18 pour
1003 3425 28 18 les
1043 3426 32 17 be-

599 3444 53 18 soins
659 3444 24 19 de
691 3450 21 13 sa
720 3447 98 21 cause,qui
826 3451 25 13 ne
858 3451 43 14 sera
908 3447 68 23 jamais
984 3449 49 19 celle
1041 3450 33 18 des

600 3468 75 23 Corses,
684 3470 47 18 bien
739 3471 90 17 entendu.

622 3503 8 9 «
633 3496 28 17 En
664 3498 58 17 vertu
731 3498 24 17 de
764 3501 20 14 ce
792 3498 87 23 principe
887 3499 34 19 des
928 3501 143 21 «différences»,

599 3521 29 17 les
636 3522 111 22 magistrats
756 3524 45 16 sont
808 3523 79 22 invités,
896 3529 25 14 en
929 3525 54 22 dépit
990 3527 24 17 de
1022 3528 19 17 la
1047 3527 26 18 loi

600 3545 106 22 proclamée
713 3547 55 22 égale
775 3551 48 17 pour
830 3549 52 20 tous,
888 3548 11 18 à
906 3549 56 23 juger
969 3550 30 19 les
1007 3550 67 20 Corses

601 3571 20 17 et
628 3570 29 17 les
665 3570 90 22 Français
764 3571 25 18 du
798 3572 102 19 Continent
908 3579 34 13 sur
955 3576 52 17 deux
1020 3579 54 20 plans

599 3594 110 24 différents,
724 3597 47 17 dont
782 3597 21 18 le
815 3598 46 22 plus
873 3598 102 24 favorable,
991 3605 23 14 en
1027 3606 47 18 pays

600 3619 127 24 Continental,
734 3625 43 16 sera
784 3622 112 19 fatalement
900 3624 78 19 réservé
984 3630 38 14 aux
1027 3626 48 18 Con-

600 3644 110 23 tinentaux,

1121 414 9 10 «
1136 408 32 18 Tel
1178 407 30 18 est
1217 406 93 22 l’étrange
1318 402 85 25 principe
1411 402 67 19 admis,
1487 404 46 14 avec
1540 403 31 13 ses

1099 434 127 20 dangereuses
1234 431 147 21 conséquences,
1395 431 35 18 par
1438 425 22 17 16
1468 424 52 23 jurés
1529 424 42 17 Cor-

1100 462 38 13 ses.

1121 486 9 12 «
1137 481 76 18 D'autre
1222 482 50 20 part,
1279 477 95 21 comment
1379 481 22 14 ce
1405 476 49 21 Jury
1459 475 58 17 Corse
1522 475 50 17 a-t-il

1099 511 24 17 pu
1132 511 24 13 ne
1164 505 42 18 voir
1214 510 75 13 aucune
1297 503 74 19 offense
1379 506 47 18 pour
1434 501 19 17 la
1461 499 56 18 Corse
1525 499 47 17 dans

1099 531 83 21 l’exposé
1190 530 24 17 de
1222 530 25 17 M*
1256 526 113 21 BERTHON,
1375 527 50 17 alors
1434 530 36 17 que
1478 525 29 18 les
1515 524 23 18 10
1545 524 28 17 at-

1100 555 100 19 testations
1213 552 155 22 communiquées
1377 556 32 17 par
1426 549 38 19 moi
1479 549 95 22 prouvent

1099 581 106 17 nettement
1214 583 37 17 que
1259 579 25 16 Mn
1294 576 105 19 BERTHON
1408 580 11 13 a
1432 575 37 17 fait
1482 573 91 19 ressortir

1099 605 28 17 les
1134 604 95 17 fameuses
1243 602 122 19 différences,
1377 600 125 21 uniquement
1515 603 24 13 en
1546 598 28 17 fa-

1100 632 47 16 yeur
1154 629 24 16 de
1186 626 55 18 l’âme
1249 625 102 21 française,
1366 624 64 17 mieux
1438 626 74 17 encore,
1526 622 46 21 qu’il

1099 655 10 13 a
1118 649 37 18 mis
1163 654 24 13 c-n
1196 647 56 19 relief
1261 648 29 17 les
1299 647 75 17 défauts
1382 647 16 17 et
1408 646 29 17 les
1451 645 54 17 vices
1519 644 55 17 attri-

1099 674 49 18 bués
1156 677 35 18 par
1199 676 39 13 une
1247 672 57 17 triste
1312 671 79 21 légende
1399 671 11 16 à
1418 669 57 18 l'âme
1483 668 64 18 Corse.

1123 702 8 10 «
1138 696 35 17 Des
1182 694 91 19 Creusois
1281 698 25 13 en
1314 693 66 17 furent
1394 691 100 22 indignés;
1510 692 27 17 les
1551 689 23 19 16

1098 720 57 19 Jurés
1163 720 69 17 Corses
1240 722 25 14 ne
1274 719 19 17 le
1301 718 44 17 sont
1354 722 39 17 pas.

1119 748 10 11 «
1136 741 52 21 C’est
1195 742 44 17 leur
1247 740 56 21 droit,
1313 739 47 18 mais
1367 738 40 23 j’ai,
1414 739 24 17 de
1447 742 43 13 mon
1499 738 47 20 côté,
1554 737 19 17 le

1099 764 51 19 droit
1157 763 98 22 d’espérer
1263 768 38 17 que
1309 762 30 18 les
1347 761 74 22 Corses,
1428 765 24 14 en
1458 761 71 22 grande
1537 765 38 13 ma-

1098 789 63 22 jorité,
1169 789 64 17 feront
1241 787 72 19 éclater
1321 787 43 17 leur
1371 785 119 23 indignation
1498 786 77 21 lorsque

1099 811 70 23 j’aurai
1179 811 35 18 mis
1224 814 45 14 sous
1283 811 54 17 leurs
1351 813 49 19 yeux
1414 809 29 18 les
1457 812 81 19 preuves
1551 808 23 18 (le

1098 841 44 14 mon
1151 835 110 19 accusation
1269 835 67 19 contre
1344 834 25 18 M#
1378 833 112 20 BERTHON.

1120 859 92 20 L’Affaire
1221 859 50 17 n’est
1279 863 34 17 pas
1322 857 57 18 close.
1388 858 59 17 Entre
1455 857 19 18 le
1480 856 23 19 20
1510 856 38 18 Mai
1555 856 19 17 et

1099 882 18 19 Je
1124 881 24 18 20
1155 882 45 17 Juin
1209 886 22 13 se
1239 882 44 17 sont
1291 880 88 19 déroulés
1386 881 29 18 les
1423 881 50 17 deux
1481 879 93 22 premiers

1099 908 58 17 actes.
1166 907 25 20 Le
1199 906 130 20 dénouement
1337 909 41 14 sera
1387 905 84 22 marqué,
1481 904 38 22 j’en
1528 904 18 18 ai
1555 904 18 17 le

1099 930 60 20 ferme
1167 931 70 24 espoir,
1245 935 35 18 par
1288 931 18 18 le
1313 930 52 24 juste
1375 930 93 23 triomphe
1477 930 24 18 de
1507 930 18 18 la
1531 934 43 14 cou-

1104 961 21 13 se
1133 955 63 20 Corse.

1126 983 122 24 Cum’ellu
1261 985 19 21 si
1292 984 32 28 pô
1335 984 90 27 vede;e
1437 981 135 30 ragionedi

1100 1025 15 15 u
1126 1018 141 27 prufessore
1279 1018 149 22 Alessandri
1449 1017 27 22 sô
1488 1017 44 29 più
1548 1023 27 15 ca

1099 1052 70 22 sodé.

1125 1083 24 23 U
1161 1085 87 20 nostru
1261 1084 92 22 duvere
1366 1084 21 21 ci
1401 1083 116 27 obligava
1530 1088 12 15 a
1550 1080 23 23 fà

1099 1116 39 22 un’
1145 1117 130 22 inchiesta.
1289 1116 24 23 U
1326 1116 58 28 Sgip
1398 1115 143 25 Alessandri
1552 1115 21 21 ci

1099 1151 31 21 ha
1148 1157 83 16 messu
1250 1150 72 23 sott’a
1341 1149 86 28 l’occhj
1446 1149 128 28 parecchie

1099 1185 159 22 attestazione
1272 1184 39 22 chi
1326 1184 85 22 facenu
1423 1189 13 16 a
1448 1189 74 22 prova
1534 1182 38 22 chi

1098 1217 124 23 l’avucatu
1235 1217 110 23 Berthon
1357 1217 38 27 ha,
1406 1223 70 16 cume
1489 1215 85 29 amajô

1099 1255 68 24 parte
1180 1252 24 21 di
1219 1251 7 22 i
1239 1257 28 17 so
1279 1251 178 28 çumpatriotti,
1469 1250 106 22 l’avver-

1099 1282 71 24 sione
1183 1281 38 29 pe’
1232 1282 8 21 i
1259 1282 73 22 Corsi
1343 1288 6 20 ;
1370 1282 171 22 visibilmente
1559 1287 14 15 u

1099 1316 117 29 deputatu
1228 1316 25 21 di
1266 1316 83 27 Parigi
1362 1312 29 25 Ha
1404 1315 94 28 parlatu
1515 1321 28 16 eu
1559 1321 15 15 u

1100 1349 35 22 so’
1146 1355 56 17 core
1215 1349 116 25 france.se
1343 1355 13 15 e
1369 1349 123 31 pariginu,
1509 1354 66 16 scur-

1100 1383 105 22 dendusi
1218 1382 41 22 chi
1270 1389 13 15 e
1293 1382 36 22 so’
1340 1383 144 21 cunvizione
1495 1383 81 27 palese

1099 1414 18 22 li
1125 1413 96 24 facianu
1231 1413 148 23 cummandu
1392 1412 106 30 (sempre
1507 1414 68 20 inte-

1099 1453 39 19 rna
1150 1448 24 23 di
1186 1446 181 29 punvenzione)
1379 1447 25 22 di
1414 1453 33 15 un
1457 1446 30 22 dà
1498 1447 77 21 libaru

1100 1487 72 16 corsu
1181 1487 12 16 a
1203 1482 144 21 sentiment»
1358 1480 85 23 dettati
1454 1480 29 25 dp
1492 1487 12 14 u
1515 1480 62 21 sciur

1099 1514 109 23 vinismu
1220 1514 90 28 gallicu
1323 1520 13 15 u
1346 1514 41 27 più
1400 1513 142 22 chiavillatu
1551 1525 26 5 —

1100 1548 100 28 chasse^
1213 1548 22 21 le
1247 1547 180 22 naturel...—.

1131 1578 70 27 Perp,
1228 1584 71 16 semu
1317 1579 82 26 promi
1420 1577 31 22 ad
1468 1578 108 28 accoglie

1099 1611 156 29 l'argumenti
1271 1611 89 25 ch’ellp
1375 1612 21 21 ci
1410 1610 84 23 vulerà
1507 1617 70 21 espor

1099 1652 31 15 ne
1147 1652 15 15 u
1179 1644 122 23 difensore
1316 1644 25 22 di
1351 1644 148 26 l’Alsaziani,
1512 1645 65 27 quel-

1099 1681 25 20 lu
1134 1679 39 22 chi
1183 1679 7 21 i
1203 1679 108 27 giurnali
1322 1678 106 22 uffîciosi
1439 1678 136 22 chiamava-

1101 1719 31 16 nu
1141 1713 120 24 traditore
1270 1712 66 27 dopu
1347 1710 124 27 Colmar,e
1479 1712 97 28 géniale

1100 1749 102 19 avueatu
1227 1745 68 29 dopu
1320 1745 125 22 Besancon
1457 1751 7 20 ;
1494 1746 80 26 quellu

1101 1779 38 22 chi
1157 1779 122 26 rinunziô,
1299 1779 66 27 dopu
1383 1778 117 24 richiesta
1519 1779 24 24 di
1562 1785 13 16 u

1102 1812 99 28 publicu
1218 1812 141 25 ministeru,
1380 1812 21 21 a’
1418 1812 159 27 depusizione

1101 1846 25 21 di
1140 1847 6 21 i
1158 1845 130 23 testimoni
1301 1845 109 23 brettoni
1423 1852 14 14 e
1452 1846 64 21 corsi
1534 1851 44 16 ve-

1101 1880 53 23 nuti
1167 1885 47 22 per
1224 1878 24 23 fà
1260 1884 107 17 cunosce
1378 1885 13 16 a
1405 1885 14 16 u
1431 1879 101 26 mondu,
1546 1879 29 22 da

1101 1920 12 15 a
1126 1914 57 21 bara
1196 1913 25 21 di
1234 1918 14 15 a
1261 1912 77 23 Corte
1349 1912 115 26 d’Assisi,
1481 1919 14 15 e
1505 1913 71 21 triste

1101 1947 145 22 cundizione
1257 1947 95 21 morale
1364 1952 13 15 e
1388 1946 129 22 materiale
1527 1946 24 22 di
1564 1952 13 16 e

1101 1980 141 22 minuranze
1254 1979 131 22 naziunale
1397 1980 24 21 di
1436 1978 108 23 Francia.

1130 2010 48 24 per
1188 2010 159 28 oghie,senau
1360 2010 65 22 felici
1439 2011 23 21 di
1474 2011 65 26 pudè
1548 2009 28 23 dà

1099 2044 107 28 alloghiu
1216 2043 25 21 in
1251 2044 23 24 le
1284 2046 85 20 nostre
1378 2045 108 25 çolpnnq
1497 2050 14 15 a
1523 2043 54 23 l’ar-

1099 2078 76 21 ticulu
1186 2076 90 24 ch’eilu
1290 2078 24 21 ci
1330 2077 30 23 ha
1373 2077 98 22 inviatu
1488 2084 15 15 u
1522 2083 55 22 prur

1099 2107 94 23 fessore
1206 2108 156 25 Alessandri,
1381 2108 81 23 amicu
1478 2108 24 23 di
1515 2114 61 16 sem-

1100 2142 150 27 pre,inseme
1261 2147 14 15 a
1289 2148 14 14 u
1317 2142 97 21 duttore
1426 2141 148 22 so'frateliu.

1127 2172 155 26 Tramindui,
1300 2173 50 21 omi
1363 2173 102 21 d’onore
1479 2178 12 16 e
1502 2173 74 21 d’altu

1100 2211 87 20 sennu,
1202 2206 162 27 capis.ceranu
1376 2212 14 15 e
1403 2206 59 21 dure
1474 2207 103 21 alterna-

1098 2236 53 22 tive
1172 2236 24 21 di
1215 2242 15 15 u
1252 2238 88 20 nostru
1360 2237 111 21 mistiere
1483 2237 40 21 chi
1542 2243 33 15 un

1098 2271 123 26 permette
1242 2269 23 22 di
1291 2269 31 22 dà
1341 2271 94 21 ascoltu
1454 2269 20 22 a’
1493 2271 83 27 parola

1099 2302 56 23 d’un
1167 2303 189 28 frateliu,prima
1365 2303 131 23 d’unn’avè
1508 2310 69 16 cume

1098 2342 43 17 san
1152 2337 136 28 Tumasgiu
1301 2337 75 26 vistu,
1385 2339 73 21 toccu
1470 2343 15 18 e
1495 2339 81 27 palpa-

1097 2372 36 20 tu.

1099 2415 87 22 Lettre
1205 2417 111 21 ouverte
1325 2415 16 22 â
1360 2415 91 24 Maître
1464 2415 112 25 Berthon

1354 2458 127 23 Monsieur,

1123 2493 18 21 Il
1158 2494 136 21 semblerait
1317 2495 71 24 qu’un
1411 2494 73 25 esprit
1505 2494 70 21 malin

1099 2527 56 15 vous
1173 2528 84 18 pousse
1277 2523 13 19 à
1312 2521 135 21 rechercher
1469 2522 34 21 les
1523 2522 52 25 plus

1099 2550 92 20 sévères
1205 2550 89 23 leçons.
1312 2550 30 20 Le
1351 2554 24 16 20
1384 2550 54 22 Mai,
1453 2550 25 24 je
1489 2556 58 15 vous
1555 2550 21 20 ai

1097 2576 85 27 fustigé
1190 2578 88 20 devant
1285 2578 36 20 les
1329 2577 85 21 Corses
1422 2578 29 20 de
1460 2578 74 24 Paris,
1548 2585 27 14 en

1097 2605 97 24 réponse
1204 2606 13 19 à
1227 2609 66 16 votre
1302 2606 67 20 triste
1381 2606 123 24 plaidoirie
1518 2607 30 20 du
1564 2607 12 20 6

1097 2632 70 25 Mars,
1176 2634 13 19 à
1204 2632 99 25 Guéret;
1319 2633 155 24 aujourd’hui,
1487 2634 25 25 je
1521 2640 55 15 vous

1097 2659 120 27 fustigerai
1225 2660 88 21 devant
1322 2661 32 20 les
1363 2661 84 21 Corses
1453 2662 29 19 de
1489 2662 85 24 i’Ile,en

1096 2689 119 23 réponses
1224 2692 67 18 votre
1299 2689 67 22 lettre
1374 2689 94 25 publiée
1477 2696 41 18 par
1526 2690 48 20 “La

1096 2715 75 21 Jeune
1277 2716 30 22 du
1316 2721 13 20 4
1334 2716 87 26 juillet,

1122 2743 60 21 Tout
1198 2744 106 24 d’abord,
1323 2750 93 17 recevez
1431 2748 60 18 cette
1505 2746 70 25 petite

1098 2770 65 24 leçon
1180 2772 30 19 de
1223 2771 111 27 français,
1349 2778 45 19 que
1407 2779 57 15 vous
1479 2780 97 20 pourrez

1097 2803 82 16 mettre
1187 2800 14 19 à
1207 2800 69 24 profit
1285 2806 58 19 pour
1351 2800 21 20 la
1380 2801 78 21 bonne
1466 2804 70 18 tenue
1545 2802 27 20 de

1098 2832 41 15 vos
1146 2827 79 20 futurs
1234 2827 106 21 discours
1349 2828 103 21 d’avocat
1461 2832 23 17 et
1493 2830 29 20 de
1537 2830 38 21 dé-

1098 2856 53 22 puté
1159 2862 6 13 :

1127 2880 61 21 Vous
1204 2880 93 21 écrivez
1306 2887 30 14 un
1351 2880 100 25 français
1468 2882 105 24 barbare,

1096 2909 103 25 lorsque,
1209 2914 47 14 aux
1265 2909 156 25 paragraphes
1436 2915 8 14 î
1455 2914 23 16 et
1485 2915 22 19 2,
1517 2916 57 14 vous

1097 2937 76 24 parlez
1178 2937 15 19 d
1194 2937 70 18 '“une
1270 2937 123 20 mauvaise
1398 2938 101 24 querelle
1504 2939 69 24 qu’on

1096 2970 57 15 vous
1161 2963 109 25 suscite”,
1278 2969 23 15 et
1310 2965 29 19 de
1348 2965 101 25 “propos
1456 2965 118 26 rigoureu-

1095 2994 89 21 sement
1285 2998 57 14 vous
1351 2992 108 24 offrez,au
1469 3000 106 19 paragra-

1096 3019 45 25 phe
1149 3020 22 24 3,
1188 3025 32 15 un
1237 3019 37 22 bel
1284 3021 103 27 exemple
1400 3021 29 19 de
1436 3021 136 25 galimatias,

1096 3053 46 19 car,
1158 3046 246 25 m’expliquerez-vous
1416 3055 27 14 ce
1451 3055 47 19 que
1506 3050 68 25 signi-

1097 3074 30 20 fie
1143 3075 50 20 “ce
1212 3074 73 21 Corse
1309 3082 45 17 que
1374 3082 61 15 vous
1455 3083 57 16 avez
1531 3078 42 21 fait

1098 3103 143 20 condamner
1249 3106 23 16 et
1281 3103 40 24 qui
1329 3103 30 21 de
1367 3110 25 15 ce
1399 3104 49 25 fait
1454 3106 120 21 considère

1098 3136 44 18 que
1151 3131 22 20 la
1180 3130 74 21 Corse
1263 3133 52 18 tout
1323 3131 87 20 entière
1419 3136 35 16 est
1462 3134 112 21 solidaire

1098 3158 30 20 de
1135 3164 37 14 ses
1374 3159 65 24 Puis,
1445 3166 57 16 avec
1512 3162 61 24 quel-

1098 3185 22 19 le
1136 3186 127 24 ignorance
1279 3186 41 20 des
1328 3186 76 25 règles
1412 3188 29 19 de
1455 3193 118 17 construc-

1098 3212 58 25 tion,
1167 3219 59 14 vous
1235 3219 57 14 avez
1301 3214 64 23 écrit,
1375 3221 90 14 comme
1474 3216 21 20 le
1507 3216 65 21 ferait

1099 3246 32 14 un
1146 3240 106 21 mauvais
1258 3241 66 20 élève
1338 3241 28 20 de
1373 3243 126 25 troisième,
1515 3248 58 17 cetfe

1098 3268 82 24 phrase
1189 3267 151 24 défectueuse
1347 3276 6 14 :
1368 3270 40 25 «je
1417 3277 30 16 ne
1463 3272 109 22 voudrais

1098 3302 42 18 pas
1157 3297 68 24 qu’on
1244 3296 72 21 doute
1332 3297 28 20 de
1368 3304 49 14 mes
1435 3300 136 21 sentiments

1098 3326 25 20 et
1135 3324 31 20 de
1179 3324 56 22 moi,
1252 3325 97 24 n’ayant
1359 3326 90 23 jamais
1472 3329 100 24 manqué

1099 3357 45 14 une
1153 3351 109 23 occasion
1270 3352 30 21 de
1309 3352 119 22 défendre.
1435 3361 10 12 »

1125 3378 193 25 Heureusement,
1337 3386 26 13 ce
1379 3385 35 22 4^
1430 3383 142 25 paragraphe

1099 3408 36 17 est
1144 3406 24 19 le
1175 3406 103 23 dernier,
1293 3413 55 14 sans
1356 3408 64 25 quoi,
1430 3415 29 15 ou
1469 3415 25 14 se
1503 3411 69 19 serait

1099 3433 91 20 arrêtée
1204 3433 23 21 la
1235 3434 54 21 liste
1297 3434 29 20 de
1341 3440 41 15 vos
1390 3435 76 21 fautes
1477 3437 28 20 de
1513 3437 60 21 fran-

1099 3459 65 24 çais?
1180 3460 62 25 Quel
1258 3462 105 21 mauvais
1380 3463 115 21 bachelier
1514 3471 58 14 vous

1099 3493 57 14 avez
1163 3487 31 21 dû
1203 3487 66 25 faire;
1280 3489 92 21 Illustre
1381 3490 80 23 Maître
1468 3492 6 20 !

1126 3515 66 20 Voilà
1201 3521 60 19 pour
1269 3517 22 20 la
1300 3516 81 22 forme.
1398 3518 140 23 Examinons
1550 3521 22 20 le

1100 3541 65 21 fond.

1126 3566 209 26 Maladroitement,
1354 3576 57 15 vous
1430 3577 92 20 essayez
1544 3573 27 20 de

1085 3604 6 16 ;
1100 3594 59 21 faire
1166 3595 80 21 dévier
1261 3598 24 19 la
1293 3598 108 23 question
1413 3605 29 14 en
1450 3600 123 21 l’amenant

1085 3621 5 34 J
1100 3628 40 15 sur
1147 3623 23 20 le
1177 3624 89 20 terrain
1275 3625 121 25 politique,
1402 3630 25 17 et
1434 3627 41 20 dès
1479 3628 36 20 les
1522 3634 50 19 pre-

1086 3656 4 13 i
1100 3650 70 20 miers
1178 3654 70 21 mots,
1258 3658 60 14 vous
1325 3657 107 17 montrez
1444 3655 23 20 le
1476 3655 55 20 bout
1543 3656 29 20 de

1597 129 97 22 l’oreille
1702 135 29 13 en
1741 132 82 15 accusa
1827 129 23 16 nl
1856 122 104 23 certains
1965 121 108 26 fascistes

1596 163 77 15 corses
1680 156 28 20 de
1718 161 58 14 vous
1785 152 110 22 chercher
1904 150 112 25 querelle.

1623 186 33 19 Ce
1670 183 85 21 terrain
1765 182 20 19 là
1800 180 58 20 n’est
1867 184 39 20 pas
1921 177 21 20 le
1952 178 72 21 nôtre,
2040 178 30 19 et,

1598 219 28 13 en
1644 211 62 25 dépit
1721 210 28 19 de
1764 211 74 17 toutes
1857 212 39 14 vos
1917 209 154 16 manoeuvres,

1597 241 56 18 c’est
1662 244 58 14 nous
1730 236 38 26 qui
1778 241 57 14 vous
1844 232 180 23 maintiendrons
2033 236 39 14 sur

1596 269 66 18 notre
1676 265 82 23 champ
1776 263 28 20 de
1823 260 93 22 bataille
1924 267 6 13 :
1953 260 21 20 le
1990 259 81 22 champ

1599 300 74 14 corse.

1625 321 62 20 Vous
1696 325 57 14 avez
1762 316 115 22 calomnié
1886 316 21 20 la
1917 315 71 20 Corse
1995 322 6 17 ;
2017 313 55 20 c’est

1599 351 51 18 tout
1659 354 25 13 ce
1693 352 46 19 que
1749 351 58 14 nous
1817 348 117 19 retenons,
1944 347 22 16 et
1975 349 12 13 c
1995 345 34 17 est
2044 340 28 20 de

1597 376 49 19 cela
1661 381 45 19 que
1725 378 50 15 tous
1790 373 34 19 les
1843 371 60 21 vrais
1917 377 87 15 corses,
2017 374 55 15 sans

1597 401 134 22 distinction
1740 399 129 26 d’opinions
1875 398 132 26 politiques,
2014 402 57 14 vous

1598 428 141 22 demandent
1747 429 86 19 raison.

1624 457 24 20 Si
1674 459 64 17 votre
1763 455 160 26 personnalité
1952 452 121 23 soi-disant

1598 484 153 21 communiste
1758 491 28 13 ne
1793 490 60 14 nous
1861 483 112 20 intéressé
1979 483 12 19 à
1997 485 74 16 aucun

1598 513 77 25 degré,
1690 519 27 13 en
1734 516 86 19 retour,
1835 518 57 14 nous
1907 517 30 13 ne
1950 516 56 14 vous
2020 514 53 19 per-

1599 545 113 17 mettrons
1729 547 41 19 pas
1778 540 29 20 de
1815 543 74 17 tenter
1900 545 46 13 une
1954 536 118 22 diversion

1599 569 112 24 politique
1721 575 29 13 en
1758 574 57 13 nous
1823 567 136 22 attribuant,
1966 571 52 14 sans
2028 564 46 20 mê-

1599 603 37 13 me
1651 602 57 13 nous
1723 595 129 23 connaître,
1867 595 39 19 des
1922 592 150 25 conceptions

1599 622 114 21 fascistes.

1625 649 109 24 Fasciste,
1747 649 25 24 je
1782 655 28 13 ne
1826 649 21 20 le
1856 648 47 20 suis
1919 653 50 19 pas,
1978 646 59 21 mais
2052 646 19 19 si

1597 676 25 25 je
1630 677 82 22 l'étais,
1724 677 24 25 je
1757 677 21 19 le
1786 676 73 20 serais
1868 677 27 19 de
1905 678 50 17 tout
1963 681 72 14 coeur.

1626 705 27 20 Je
1665 711 32 13 «e
1711 705 50 20 suis
1778 711 42 18 pas
1835 703 161 24 communiste,
2012 701 61 21 mais

1600 733 20 20 si
1633 733 25 24 je
1666 732 82 24 l’étais,
1764 732 23 25 je
1796 733 22 19 le
1832 731 71 21 serais
1921 732 149 20 ardemment,

1600 765 23 16 et
1642 760 24 25 je
1684 767 28 13 ne
1730 767 36 14 me
1782 760 124 21 donnerais
1924 766 41 19 pas
1981 760 21 19 le
2018 759 54 19 titre

1601 789 21 20 d’
1632 788 106 21 “homme
1755 788 29 20 de
1799 788 91 25 gauche
1901 788 6 7 ’
1923 787 63 25 (titre
2004 787 69 24 plate-

1600 820 65 17 ment
1682 817 121 25 bourgeois
1826 817 92 20 n’est-ce
1935 816 57 25 pas?
2014 821 59 19 pour

1600 848 54 17 tous
1662 845 34 20 les
1704 845 103 20 sincères
1815 845 29 20 du
1855 845 25 20 P.
1886 843 45 26 C.),
1944 843 24 25 je
1976 850 29 14 ne
2013 842 59 20 dirai

1601 880 50 18 pas,
1668 879 29 14 en
1715 873 61 25 plein
1786 873 109 25 prétoire,
1914 878 46 18 que
1973 871 54 25 “j’ai
2044 877 28 13 eu

1602 901 102 25 pendant
1712 902 22 20 la
1742 907 92 19 guerre,
1851 900 121 21 l’honneur
1985 900 28 20 de
2027 905 47 14 ser-

1603 929 35 20 vir
1645 935 28 14 en
1682 930 92 24 qualité
1780 928 109 26 d’officier
1895 929 6 8 ’
1918 932 22 16 et
1947 927 23 26 je
1980 934 29 14 ne
2024 927 50 24 prê-

1601 957 90 21 cherais
1708 964 41 19 pas
1766 958 20 20 la
1796 957 57 22 lutte
1870 957 40 21 des
1925 956 86 20 classes
2028 960 45 14 aux

1601 985 128 21 déshérités
1737 986 29 20 de
1775 985 65 21 Paris
1851 991 58 20 pour
1917 984 57 21 aller
1982 983 92 21 ensuite

1601 1013 58 21 faire
1666 1013 22 20 le
1704 1019 54 19 gros
1766 1013 153 26 propriétaire
1932 1018 54 14 sous
1995 1012 20 19 le
2030 1010 43 21 ciel

1601 1042 29 20 de
1647 1042 21 19 la
1686 1041 101 24 Riviera,
1800 1048 29 13 en
1839 1040 159 22 m’instituant,
2016 1039 58 20 dans

1600 1069 145 23 l’intervalle,
1763 1073 81 17 avocat
1857 1068 121 21 défenseur
1994 1068 28 20 de
2034 1066 40 21 cli-

1600 1103 66 16 entes
1672 1097 179 21 millionnaires.

1625 1126 69 20 Votre
1702 1125 113 21 tentative
1830 1126 28 20 de
1866 1124 116 21 diversion
1999 1123 76 26 politi-

1601 1160 46 19 que
1656 1157 34 17 est
1696 1154 100 23 vaine,et
1803 1153 77 21 vaines
1885 1157 53 17 sont
1947 1153 128 25 également

1601 1188 41 15 vos
1648 1181 97 26 perfides
1751 1181 250 21 insinuations—seule
2009 1185 64 15 arme

1600 1211 57 20 dont
1665 1216 58 14 vous
1731 1210 91 21 sachiez
1833 1217 55 14 vous
1896 1210 83 23 servir,
1985 1215 89 15 comme

1602 1240 21 20 le
1631 1242 113 21 prouvent
1753 1243 22 16 et
1781 1242 66 17 votre
1855 1238 121 26 plaidoirie
1981 1238 28 19 de
2015 1237 59 21 Gué-

1602 1272 36 16 ret
1649 1271 23 16 et
1680 1270 65 18 votre
1761 1267 190 21 documentation
1967 1266 107 21 adressée

1601 1302 29 14 au
1636 1295 54 26 jury
1698 1295 163 24 d'honneur,et
1869 1295 61 20 enfin
1939 1299 60 17 cette
2005 1295 69 19 lettre

1602 1324 29 20 du
1641 1328 13 20 4
1659 1323 111 25 juillet-r-.

1627 1352 66 20 Cette
1702 1351 109 21 méthode
1819 1351 21 21 là
1849 1352 59 20 n’est
1917 1357 42 19 pas
1966 1351 22 21 la
1998 1351 75 19 nôtre:

1603 1386 56 14 vous
1667 1383 110 22 attaquez
1785 1386 30 13 en
1824 1383 114 22 rampant,
1947 1378 129 22 sournoise-

1602 1412 75 20 ment;
1694 1414 62 15 nous
1771 1414 75 15 avons
1862 1409 94 25 attaqué
1972 1411 24 16 et
2014 1412 60 14 nous

1603 1437 138 20 continuons
1758 1436 126 25 d’attaquer
1900 1436 30 19 de
1946 1434 69 24 front,
2033 1441 41 18 par

1603 1470 72 19 coups
1683 1464 95 20 directs.

1629 1492 202 21 Insidieusement,
1856 1498 58 14 vous
1936 1491 79 21 lancez
2028 1507 4 3 .
2040 1491 35 20 les

1603 1524 73 17 mots:
1699 1520 89 26 ‘‘grave
1810 1519 78 22 affaire
1910 1520 29 20 de

1604 1549 57 20 Mais
1670 1548 49 21 cela
1733 1556 30 13 ne
1771 1552 56 22 peut
1835 1553 101 20 tromper
1951 1553 123 20 personne.

1604 1577 95 20 Comme
1716 1577 27 21 l’a
1758 1577 44 20 fort
1816 1576 53 21 bien
1886 1576 35 21 dit
1933 1575 32 22 M*
1978 1575 97 21 Charles

1605 1605 105 23 Omessa,
1734 1606 58 19 dans
1815 1605 48 20 “La
1885 1604 112 23 Liberté”,
2021 1604 54 20 c’est

1605 1640 58 21 pour
1673 1636 6 5 ‘
1682 1633 105 25 ‘unpetit
1791 1634 83 23 procès
1879 1633 31 19 de
1914 1632 51 21 rien
1971 1633 33 20 du
2009 1632 67 20 tout”

1604 1662 23 19 ët
1641 1667 58 18 pour
1714 1659 111 23 défendre
1839 1668 45 16 pne
1898 1661 83 21 cliente
1998 1661 77 25 conju-

1603 1689 118 25 galement
1734 1689 91 25 dépitée
1839 1696 45 18 que
1893 1695 58 14 vous
1965 1696 55 14 avez
2035 1691 39 18 osé

1604 1721 116 21 attaquer,
1727 1718 12 20 à
1748 1722 90 17 trayers
1845 1718 22 20 le
1875 1717 58 21 mari
1943 1724 71 16 corse,
2024 1720 51 18 tous

1604 1746 35 19 les
1647 1745 90 21 Corses.

1630 1773 45 22 Vos
1689 1773 157 22 insinuations
1859 1774 116 26 appellent
1991 1780 45 14 une
2044 1774 30 19 le-

1603 1807 44 19 çon
1664 1802 140 25 magistrale,
1814 1806 23 17 et
1850 1803 25 24 je
1892 1808 30 17 ne
1929 1803 53 24 puis
1999 1802 75 20 mieux

1604 1829 58 20 faire
1671 1836 46 18 que
1725 1830 28 20 de
1763 1830 90 25 répéter
1866 1831 29 20 ici
1907 1836 27 14 ce
1943 1836 45 19 que
1997 1830 36 25 j’ai
2042 1830 33 20 dit

1605 1857 84 21 devant
1696 1858 55 24 plus
1759 1859 29 19 de
1797 1858 64 21 mille
1869 1865 88 18 corses,
1963 1860 21 19 le
1991 1863 25 16 20
2021 1858 53 21 Mai:

1605 1886 76 20 «Vous
1697 1892 59 15 avez
1772 1887 96 20 commis
1884 1893 31 14 un
1925 1891 51 17 acte
1985 1887 27 20 de
2025 1893 50 19 gre-

1604 1914 39 20 din
1657 1920 28 14 en
1698 1918 130 21 attaquant,
1845 1916 13 19 à
1866 1919 92 17 travers
1971 1922 30 13 un
2011 1915 64 20 hom-

1604 1949 44 17 me,
1657 1946 55 16 tous
1720 1944 21 19 le
1750 1943 82 24 peuple
1840 1950 73 15 corse,
1923 1947 23 16 et
1954 1948 64 15 votre
2026 1947 50 16 acte

1604 1970 36 21 fut
1645 1977 30 13 un
1683 1974 51 17 acte
1742 1971 28 20 de
1778 1971 96 23 lâcheté,
1882 1977 68 19 parce
1958 1978 51 18 que,
2013 1971 63 20 revê-

1603 2002 25 17 tu
1637 1999 28 19 de
1674 2002 66 17 votre
1757 1998 55 21 robe
1826 2000 109 21 d’avocat,
1946 2005 56 15 vous
2018 2005 57 14 vous

1604 2027 75 21 saviez
1687 2032 43 15 cou
1734 2031 48 16 vert
1795 2031 79 16 contre
1890 2027 22 20 la
1919 2027 61 25 juste
1996 2026 79 22 fureur

1604 2055 41 21 des
1651 2060 77 17 eprses
1733 2056 105 24 présents
1844 2056 12 19 à
1863 2059 65 16 votre
1934 2055 141 24 plaidoirie».

1630 2083 60 22 Vous
1696 2089 67 15 savez
1768 2089 46 19 que
1818 2083 39 24 j'ai
1865 2090 28 13 en
1900 2089 36 14 ma
1944 2083 131 24 possession

1604 2111 40 22 des
1648 2112 146 21 attestations
1799 2112 145 20 accablantes
1948 2118 57 18 pour
2009 2117 65 18 vous,

1603 2143 23 17 et
1635 2139 53 22 c’est
1701 2139 23 22 là
1733 2144 65 16 votre
1807 2143 97 21 terreur,
1914 2143 22 16 et
1946 2140 54 20 c’est
2008 2146 68 20 pour-

1603 2167 55 25 quoi
1677 2173 57 14 vous
1751 2168 126 20 demandez
1895 2174 29 13 en
1942 2168 132 23 tremblant,

1604 2201 54 14 sous
1669 2201 31 13 un
1716 2195 53 21 faux
1778 2195 35 20 air
1828 2196 155 25 d’arrogance,
1996 2196 20 20 si
2031 2195 45 20 l’af-

1603 2222 57 21 faire
1678 2224 74 23 prend
1768 2224 29 19 de
1814 2224 118 24 l’ampleur
1949 2231 27 13 en
1995 2224 79 24 Corse,

1603 2257 89 16 comme
1701 2252 20 19 si
1731 2257 58 15 vous
1798 2257 29 14 ne
1836 2252 76 20 saviez
1920 2258 42 18 pas
1969 2258 54 19 que,
2037 2251 38 20 de-

1604 2279 51 25 puis
1663 2279 21 20 le
1692 2283 27 15 20
1732 2279 53 24 Mai,
1795 2280 29 19 de
1841 2280 64 20 Paris
1911 2280 91 25 jusqu’à
2020 2279 55 22 Nice

1604 2311 23 17 et
1634 2307 56 20 dans
1700 2307 57 24 File,
1766 2307 42 21 des
1817 2308 96 21 milliers
1921 2308 28 19 de
1958 2314 78 14 corses
2052 2312 23 17 et

1604 2335 78 20 d’amis
1694 2335 30 20 de
1739 2336 21 19 la
1776 2335 80 21 Corse,
1874 2338 44 17 mis
1932 2342 28 14 au
1978 2340 96 16 courant

1604 2363 29 20 de
1643 2369 39 14 vos
1691 2364 193 23 calomnies,vous
1894 2367 40 17 ont
1943 2364 50 25 déjà
1999 2364 65 25 jugé.

1629 2391 60 21 Vous
1698 2398 91 17 pouvez
1797 2392 148 23 trembler,en
1956 2392 118 20 effet.L’af-

1603 2418 56 21 faire
1668 2420 99 23 prendra
1777 2420 52 25 plus
1842 2420 128 25 d’ampleur
1984 2426 91 19 encore,

1603 2453 69 19 parce
1679 2453 85 20 que,ap
1774 2448 46 20 lieu
1828 2449 29 19 de
1867 2454 56 14 vous
1931 2454 97 14 excuser
2034 2448 41 21 dès

1603 2476 22 19 le
1634 2479 24 16 20
1673 2474 54 25 àiai,
1737 2479 23 17 et
1773 2482 88 16 avouer
1875 2482 45 18 que
1929 2482 41 14 vos
1985 2476 89 25 paroles

1603 2503 92 20 avaient
1705 2503 98 26 dépassé
1813 2508 63 17 votre
1885 2505 84 25 pensée
1978 2504 34 25 (ce
2022 2511 52 19 que,

1603 2531 203 25 généreusement,
1832 2539 58 14 nous
1916 2533 93 20 aurions
2034 2532 41 22 fait

1603 2559 115 20 semblant
1726 2561 29 19 de
1767 2559 90 27 croire),
1867 2567 57 14 vous
1932 2567 57 14 avez
2002 2561 73 21 choisi

1602 2587 167 21 délibérément
1786 2588 21 20 la
1826 2589 50 20 voie
1891 2589 30 20 du
1939 2595 134 19 mensonge,

1602 2621 54 14 sans
1666 2616 69 20 doute
1745 2622 68 19 parce
1822 2623 45 19 que
1874 2617 22 20 le
1905 2623 126 19 mensonge
2040 2622 34 16 est

1604 2647 65 21 yqtre
1678 2644 109 23 élément.

1631 2672 60 22 Vous
1700 2678 56 15 avez
1765 2673 73 20 même
1850 2674 22 19 la
1886 2673 100 26 cynique
2002 2674 73 24 impu-

1602 2702 57 24 4eur
1667 2701 28 19 de
1704 2700 89 21 donner
1802 2701 14 19 à
1823 2701 22 20 la
1854 2701 71 20 Corse
1933 2701 22 21 le
1963 2702 75 22 baiser
2045 2702 28 21 de

1601 2730 74 20 Judas
1688 2734 29 14 en
1725 2729 124 25 l’appelant
1861 2729 15 10 “
1883 2733 66 16 notre
1957 2730 87 25 grande
2051 2734 23 17 et

1603 2758 59 20 belle
1670 2757 31 20 île
1710 2763 45 19 que
1761 2757 101 26 j’aime”.

1627 2785 65 23 Cette
1710 2785 52 24 fois,
1780 2785 22 20 la
1817 2791 90 16 mesure
1924 2789 35 19 est
1974 2786 98 21 comble.

1602 2813 107 24 Dussé-je
1717 2819 121 15 consacrer
1844 2814 28 20 de
1880 2814 133 24 lpngsmois
2022 2814 52 21 d’ef-

1601 2841 57 21 forts
1667 2842 12 21 à
1688 2841 21 19 la
1719 2841 66 23 tâche
1793 2847 46 21 que
1852 2841 24 27 je
1889 2847 36 14 me
1940 2842 48 21 suis
2002 2842 69 27 impo-

1601 2871 39 19 sée
1649 2875 40 19 par
1699 2875 82 15 amour
1789 2876 84 14 envers
1882 2876 55 14 mon
1946 2871 29 19 île
1989 2871 82 24 natale,

1600 2898 129 25 j’arriverai
1751 2899 13 18 à
1784 2896 57 22 faire
1857 2898 85 20 éclater
1961 2899 22 19 la
2000 2900 73 20 vérité

1601 2932 44 14 aux
1653 2931 61 19 yeux
1721 2926 28 19 de
1761 2929 53 16 tous
1823 2925 34 21 les
1865 2926 63 20 vrais
1937 2932 87 15 corses.

1625 2954 27 20 Je
1661 2959 58 14 vous
1738 2954 67 23 tiens,
1816 2959 21 15 et
1843 2954 24 25 je
1885 2961 29 14 ne
1927 2961 56 14 vous
1999 2955 73 21 lâche-

1601 2982 34 20 rai
1643 2981 67 25 qu’au
1720 2985 103 22 moment
1836 2983 28 19 de
1880 2988 59 15 vous
1948 2984 89 19 donner
2051 2984 21 20 le

1601 3016 58 18 coup
1671 3009 28 20 de
1709 3010 51 25 pied
1775 3009 55 21 final
1839 3009 69 26 (coup
1921 3011 30 19 de
1959 3011 52 24 pied
2021 3017 52 17 moy

1600 3037 42 24 ral,
1652 3036 182 26 rassurez-vous)
1851 3039 39 23 qui
1900 3044 57 15 vous
1973 3045 96 15 enverra

1600 3066 91 22 mordre
1700 3065 22 21 la
1732 3065 128 26 poussière,

1766 3102 89 22 Pierre
1866 3102 161 22 Alessandri.

1706 3134 108 26 Professeur
1821 3136 64 24 agrégé
1893 3140 24 13 au
1924 3136 57 24 Lycée
1988 3136 23 18 de
2018 3136 52 22 Nice,

1627 3217 99 21 Avemu
1743 3216 113 28 sappiutu
1871 3223 47 16 cun
1935 3217 134 29 dispiacere

1599 3255 14 15 a
1624 3249 71 22 trista
1707 3250 90 21 nutizia
1810 3249 23 22 di
1847 3256 13 16 a
1871 3252 88 20 morte,
1968 3257 13 16 a
1990 3258 31 21 32
2029 3258 39 15 an-

1598 3283 36 26 ni,
1647 3283 24 21 di

1667 3321 118 23 Madama
1796 3323 81 22 Maria
1888 3324 110 24 Franchi

1628 3361 125 21 Accaduta
1765 3362 25 20 in
1803 3360 105 24 Glivese
1919 3369 16 15 u
1954 3370 24 21 13
1989 3364 78 28 lugliu

1598 3398 95 16 scorsu.

1627 3426 22 20 A
1669 3425 100 23 defunta
1789 3426 13 21 è
1823 3429 84 26 nipote
1919 3429 25 21 di
1955 3435 15 15 u
1982 3432 85 20 nostru

1599 3458 79 22 amicu
1690 3464 15 15 e
1716 3460 178 23 cullaburatore
1906 3461 26 22 F.
1945 3463 32 21 A.
1994 3462 74 22 Fran-

1598 3491 49 26 chi,
1655 3491 16 21 d
1680 3490 113 28 Olivese,
1803 3498 14 16 e
1825 3494 73 22 lascia
1909 3501 44 16 una
1962 3496 105 23 criatura

1599 3525 26 21 di
1635 3530 13 16 2
1660 3526 67 21 anni.

1596 3579 2 2 .
1627 3558 22 21 A
1661 3558 47 21 ’ssa
1719 3559 109 27 famiglia
1840 3563 70 20 tantu
1928 3562 139 24 addulurata

1599 3591 155 23 indirizzemu
1760 3598 14 16 e
1781 3596 226 21 nostrecummosse
2013 3602 55 18 cun-

1598 3624 136 27 duglianze.

2215 119 78 36 Beüa
2312 119 134 40 Vatmina

2121 184 57 22 Sopru
2188 188 10 13 e
2207 183 69 23 Bpomlc
2285 182 19 18 di
2313 189 12 12 u
2335 189 51 14 inare
2396 185 89 22 Lurehinu

2121 209 33 18 Slù
2163 213 37 13 unu
2208 213 42 13 cusu
2258 207 19 18 di
2287 207 101 24 piscador’,

2121 234 77 22 Apcrl’u
2207 233 135 18 udolcevonlu
2352 235 73 18 inurinu

2119 260 40 16 Guu
2168 263 38 13 una
2214 257 76 23 pcrgula
2299 263 11 12 e
2318 264 37 12 cun
2365 259 45 18 lunli
2421 262 48 19 lior’.

2121 285 24 18 Lu
2155 288 40 13 scia
2204 284 74 22 quurnlu
2288 283 59 18 ilumi
2357 284 20 17 sô
2386 287 69 21 spcnli,

2120 309 35 18 Chi
2165 314 10 12 u
2185 308 91 23 piscador'
2285 308 22 17 ha
2317 314 56 16 presu
2386 310 19 17 lu
2415 313 52 21 mur',

2121 336 51 16 Colla
2180 335 48 17 sin'u
2237 333 12 18 li
2258 334 51 17 slelli
2320 334 71 18 luccnli

2121 361 24 16 La
2156 364 44 14 voce
2208 359 43 18 d’un
2258 358 77 23 giovan’
2344 359 89 19 imirinar’
2440 367 5 12 ;

2143 404 15 17 O
2168 404 38 18 miô
2214 403 49 19 hclla
2272 403 93 19 Vonnina.

2144 429 52 21 Vudi,
2205 430 16 17 lu
2230 429 44 17 luna
2286 430 94 17 Irumonla
2388 433 5 17 ;

2143 454 24 18 Lu
2175 455 34 17 me’
2218 453 111 19 burchettuè
2338 455 73 21 prouta,

2142 479 15 17 T
2157 479 6 18 i
2171 479 72 19 cliiamu
2252 484 11 12 u
2270 484 6 12 1
2276 479 30 17 ne’
2315 484 50 15 corc,

2142 505 42 17 Nu»
2195 505 40 17 falti
2241 505 74 22 aspellù
2321 504 4 18 I

2143 538 15 18 0
2166 537 64 19 divina
2238 537 104 23 piscudora,

2143 562 88 23 Spicciuti
2240 562 41 18 ch’è
2289 563 54 21 l’ora,

2145 584 13 21 È
2165 588 45 18 l’ora
2215 589 59 17 d’umù
2280 588 5 18 i

2121 633 28 16 Ma
2158 634 65 19 queslu
2232 637 45 13 voce
2287 633 46 18 tant’
2339 633 115 22 armuniosa,

2121 657 65 17 Muncu
2195 660 71 20 slampa
2274 663 40 13 nun
2323 658 53 23 piace
2385 663 11 12 u
2405 659 85 23 Vauuin’,

2122 682 13 17 E
2145 682 18 17 la
2171 684 28 16 so’
2208 683 106 19 fineslrella
2324 684 29 18 slû
2362 683 64 19 chiosa

2121 707 36 18 l’er
2164 707 37 19 SÛT
2209 708 35 18 che
2251 713 66 18 luovgu
2326 710 19 17 lu
2354 710 89 18 watulliu
2450 710 5 19 !

2121 733 13 18 E
2143 733 19 17 lu
2171 733 113 23 disgrazialu
2294 735 96 18 morinaru

2121 758 27 18 Cu
2157 759 17 17 la
2182 760 26 17 so’
2217 759 107 19 mandujina
2330 759 20 18 in
2356 760 56 20 mou’,

2121 784 58 17 Canla
2188 789 79 18 sempre,
2277 789 37 18 ma,
2323 790 11 13 0
2344 786 44 17 dclu
2397 786 71 21 amoruj

2122 810 19 17 Li
2151 810 26 18 so’
2185 811 49 18 canli
2244 811 98 19 rimanenu
2353 812 48 17 van’.

2120 856 16 17 A
2145 855 18 18 la
2171 855 45 22 fine,
2227 861 10 12 u
2248 856 27 18 lin
2278 857 18 17 tu
2307 856 105 23 piscadorc,

2122 880 84 19 Videudu
2215 882 55 17 ch’un
2279 882 49 17 o'era
2337 881 61 19 null’a
2407 881 24 19 là.

2121 906 20 17 Si
2151 906 52 18 disse
2209 912 4 12 :
2220 907 144 18 «Rinunciendu
2373 912 11 13 a
2393 908 96 23 sl’umore,

2122 931 33 18 Eiu
2166 936 24 13 un
2200 932 117 22 puderaghiu
2326 933 86 22 carcpà,»

2121 956 20 22 E,
2151 956 48 19 forte
2208 958 31 18 ’uu
2247 957 18 19 la
2273 958 26 18 so’
2309 958 103 20 decisione,

2122 981 39 18 Unu
2169 986 41 14 sera
2219 982 16 18 si
2245 983 91 18 n'andede
2345 988 11 13 a
2364 984 54 20 mor’,

2122 1007 85 22 Dop’uvè,
2215 1009 56 17 sotl’u
2281 1013 44 13 cnru
2335 1008 85 21 halcone,

2122 1032 56 18 Detlu
2187 1035 28 15 sla
2222 1033 76 18 cauzon’
2306 1034 19 17 di
2334 1034 67 17 dulor':

2144 1077 36 18 Per
2189 1083 34 16 mc,
2232 1083 11 12 0
2251 1079 49 17 hclla
2310 1079 91 21 Vannino,

2144 1103 86 19 Lultima
2236 1105 44 16 luna
2286 1105 29 18 tra
2317 1109 43 14 mon
2362 1106 17 16 tu
2387 1109 4 16 ;

2145 1128 23 18 La
2177 1129 153 19 miéharchcllaè
2338 1131 74 22 prouta,

2145 1153 25 18 Ed
2180 1153 18 19 in
2204 1155 18 17 al
2225 1156 18 17 tu
2250 1159 51 14 mare

2143 1179 26 18 Mi
2176 1180 63 24 vogliu
2247 1180 70 23 annigà
2327 1180 5 19 !

2144 1213 14 18 0
2166 1215 75 18 crudele
2248 1215 104 23 piscadora,

2144 1239 36 18 Per
2188 1245 29 13 me
2224 1245 46 13 sona
2277 1240 47 19 l’ora

2145 1265 131 19 DirEleruilà!

2220 1293 29 19 M.
2256 1294 134 19 Alessandri
2396 1294 23 19 di
2426 1294 118 22 Cliidazzu.

2145 1361 28 25 U
2186 1362 23 24 F
2211 1369 18 17 o
2232 1361 202 28 cuaLAMU
2435 1362 60 26 VR
2496 1363 28 26 A

2127 1415 18 20 U
2153 1419 24 16 12
2186 1415 71 26 lugliu
2266 1422 88 18 scorsu,
2360 1422 13 14 a
2384 1421 21 15 11
2417 1423 41 14 ore
2466 1417 23 21 di
2498 1423 65 21 noue,

2100 1449 45 14 una
2154 1449 67 15 manu
2231 1450 46 17 rea,
2287 1444 84 23 çliretta
2381 1444 27 20 da
2423 1452 11 13 a
2449 1446 83 26 peghiu
2544 1449 20 20 di

2100 1477 13 13 e
2121 1471 180 26 vigliaccaghjne
2314 1473 29 20 ha
2358 1476 90 19 tentatu
2463 1474 23 20 di
2502 1480 63 18 mette

2100 1499 53 20 focu
2162 1505 13 14 a
2184 1507 12 13 a
2206 1504 77 16 nostra
2293 1501 135 26 stamperia,

2124 1528 106 24 Sapendu
2238 1528 155 23 sicuramente
2402 1530 36 21 chi
2448 1531 28 20 da
2486 1531 76 23 drentu

2100 1562 13 14 a
2122 1563 13 13 u
2144 1557 99 20 secondu
2253 1557 72 28 usciu,
2335 1564 12 13 a
2356 1557 78 21 dirilta
2442 1559 23 21 di
2476 1565 16 14 u
2501 1561 65 23 curr|-

2100 1584 56 20 dore
2162 1584 118 24 d!entrata,
2287 1586 61 20 c’era
2356 1592 45 14 une
2409 1587 88 25 grande
2502 1593 64 19 quan»

2101 1613 42 20 tilà
2156 1612 22 20 di
2195 1617 61 19 carta
2270 1613 186 26 d’impressione,
2474 1617 92 21 materia

2099 1644 59 18 tutta
2166 1641 96 21 indicata
2271 1642 149 26 perdichiarà
2427 1650 14 13 u
2449 1643 115 23 subitaneu

2099 1669 118 24 incendiu,
2226 1677 13 12 u
2249 1670 189 22 ricumandevule
2447 1671 117 27 sughiettu,

2100 1697 54 25 quai
2163 1698 73 25 vogiia
2245 1698 48 20 ellu
2302 1700 78 23 sia;ne
2387 1700 51 21 avia
2448 1699 60 22 fattu
2516 1702 48 20 sçel-

2101 1729 22 16 ta
2140 1732 39 18 per
2192 1730 70 17 mette
2271 1726 90 25 miccia,
2377 1728 142 25 aduprendu,
2530 1736 35 20 per

2100 1754 60 24 pudè
2167 1755 82 26 scappà
2259 1755 85 24 subitu,
2353 1762 44 14 una
2408 1763 34 14 ma
2445 1762 42 15 nsa
2493 1756 22 21 di
2522 1763 43 15 vec-

2100 1782 37 24 chj
2154 1782 97 25 giurnali
2272 1783 156 27 inguluppatti
2450 1785 84 21 induve
2546 1786 17 21 ci

2101 1811 51 19 avia
2167 1812 114 22 suminatu
2297 1813 54 21 duie
2366 1819 14 16 Q
2394 1816 35 19 tre
2443 1813 88 22 sçatule
2544 1814 20 21 di

2101 1838 130 22 fulminanti
2238 1840 151 26 abbuleghiu.

2128 1866 18 21 U
2156 1867 66 21 bassu
2231 1868 23 19 di
2262 1874 13 14 a
2284 1873 68 19 porta
2361 1869 76 25 diggià
2451 1869 113 22 abbrustu-

2101 1895 47 20 latu
2157 1901 38 15 era
2203 1900 81 20 prontu
2295 1903 13 14 a
2316 1897 71 25 piglià
2399 1897 53 21 focu
2467 1904 13 14 e
2495 1904 68 15 cumu-

2102 1923 52 20 nicà
2162 1930 15 12 u
2185 1924 108 24 disastru,
2304 1925 91 25 quande
2410 1926 53 20 tutti
2472 1926 7 19 i
2490 1926 73 21 lucata-

2102 1951 19 24 rj
2130 1951 24 19 di
2163 1957 14 13 u
2186 1956 141 20 casamentu,
2338 1953 146 21 incumunati
2499 1954 28 20 da
2538 1961 23 13 un

2101 1978 164 22 fumeinsolitu
2274 1986 13 14 e
2296 1981 27 20 da
2334 1981 110 21 un’odore
2451 1982 22 19 di
2481 1982 83 25 brusge-

2101 2007 63 24 ghiu,
2172 2013 123 15 accorsenu
2304 2009 85 22 subitu,
2404 2015 13 14 e
2431 2016 46 14 cun
2494 2009 69 22 bidoni

2101 2035 94 25 d’açqua
2202 2040 116 17 smattonu
2328 2037 77 21 subitu
2415 2044 12 14 e
2435 2043 66 15 nare.

2126 2063 166 26 Doppiamente
2300 2064 126 25 criminaîe,
2440 2066 135 22 l’incendia-'

2103 2091 35 20 riu
2146 2091 49 21 avia
2204 2095 87 19 tentatu
2300 2099 13 13 a
2321 2094 36 19 so’
2365 2093 124 25 bell’opera
2503 2094 23 20 in
2539 2101 25 14 un

2101 2124 116 17 mumentu
2226 2120 102 23 duv’ellu
2336 2121 64 26 sapia
2409 2121 7 21 i
2424 2122 84 22 fratelli
2516 2122 48 23 Roc-

2102 2155 25 13 ca
2137 2149 93 22 assenti,

2127 2176 117 25 Lagnanza
2253 2178 13 19 è
2274 2180 59 18 stata
2342 2177 55 21 fatta
2407 2184 13 15 a
2436 2186 14 13 u
2461 2179 104 21 Procura-

2102 2208 50 17 tore
2160 2209 80 16 contru
2250 2213 11 11 «
2268 2205 165 22 incunusciutu
2441 2211 19 20 »,
2471 2214 13 13 e
2494 2214 29 13 un
2530 2214 35 19 pu-

2101 2233 67 20 demu
2178 2234 33 24 pe’
2219 2240 13 13 u
2241 2239 118 15 mumentu
2366 2234 41 21 che
2416 2236 147 20 raccumandà

2102 2261 90 21 l’anima
2199 2262 52 20 d’un
2260 2262 33 20 tal
2302 2263 45 20 bon
2355 2263 116 25 sughiettu
2478 2264 38 20 a’a
2525 2264 39 25 pie-

2102 2290 22 20 tà
2133 2290 23 19 di
2165 2289 42 21 Diu
2215 2298 6 16 ;
2230 2297 40 18 per
2278 2290 106 22 l’abbene
2391 2291 21 20 si
2422 2292 79 20 viderà
2507 2293 7 19 !

2154 2358 161 26 Prucessu
2334 2360 33 24 di
2380 2359 136 32 Stampa

2129 2411 27 21 A’
2176 2418 24 16 se
2202 2412 30 21 du
2235 2414 22 20 la
2277 2412 25 22 di
2314 2420 14 14 u
2343 2412 117 23 Iribunale
2479 2419 84 16 currez-

2101 2442 92 22 ziunale
2201 2443 118 29 d’Ajacciu
2342 2444 23 21 di
2383 2451 14 15 u
2414 2444 27 22 19
2460 2444 74 29 lugliu
2552 2445 10 20 è

2102 2475 61 19 slatu
2177 2474 116 22 chiamalu
2310 2477 31 26 pè
2358 2482 14 14 a
2391 2477 63 21 terza
2471 2475 63 22 voila
2548 2481 12 15 u

2102 2510 112 22 pruccssa
2232 2505 23 21 in
2272 2504 165 24 diffamazione
2454 2507 106 22 inlenlalu

2102 2535 30 22 da
2155 2542 14 15 u
2190 2539 79 19 nostru
2291 2536 121 23 Direttore
2434 2541 84 19 contru
2535 2543 23 16 un

2102 2565 119 24 redaltore
2232 2574 13 14 e
2258 2574 13 14 u
2283 2570 98 26 gerente
2393 2567 24 23 di
2434 2576 14 14 u
2459 2568 98 29 giurnale

2101 2596 52 23 «La
2162 2596 92 24 Corse»
2265 2598 24 21 di
2302 2598 138 30 Marseglia.

2129 2627 32 22 Pè
2179 2635 12 16 a
2212 2631 59 20 terza
2289 2629 72 28 voila,
2384 2637 13 15 u
2415 2631 52 29 sgiô
2489 2630 67 25 Porte,

2100 2662 99 20 avucalu
2212 2660 22 21 di
2255 2666 12 16 a
2280 2660 84 27 difesa,
2388 2661 30 22 ha
2438 2662 91 22 chieslu
2545 2666 13 15 u

2100 2690 77 21 rinviu
2188 2691 37 25 çhi
2237 2691 70 22 unn'è
2319 2692 75 22 micca
2406 2696 63 23 slptu
2486 2697 72 19 accup

2100 2720 55 22 da!u
2169 2720 28 23 da
2211 2729 13 14 u
2236 2722 127 28 Iribunale,
2382 2730 14 15 u
2409 2723 77 30 (piale,
2501 2722 56 28 dopu

2100 2751 147 29 espusizicnc
2259 2752 24 22 di
2295 2753 109 24 Favucali
2417 2755 24 23 di
2453 2762 14 14 u
2485 2755 73 20 nostru

2101 2782 126 28 Direttore,
2238 2784 53 28 sgiô
2312 2785 132 31 Campigîia
2457 2792 13 15 e
2485 2783 72 23 Lucia-

2100 2814 32 26 ni,
2147 2820 13 15 c
2172 2814 14 22 cl
2189 2822 12 14 u
2205 2815 82 22 manda
2306 2816 188 31 d*applicazione
2509 2815 22 21 di
2543 2819 11 15 a

2100 2844 68 29 legge
2191 2846 56 22 fatta
2264 2846 31 22 da
2309 2854 14 15 u
2341 2847 158 23 Procuratore
2516 2845 19 21 di
2543 2851 10 14 a

2099 2875 125 29 Ripublica
2233 2876 37 22 chi
2290 2876 29 24 ha
2332 2878 101 22 ritenulu
2450 2885 41 22 per
2500 2875 54 23 diffa-

2100 2907 83 29 nfatorj
2195 2907 108 22 l’arliculi
2316 2909 123 28 publicati,
2463 2909 31 21 lia
2513 2911 39 17 cun-

2099 2936 110 29 dannatu,
2222 2945 41 22 per
2277 2938 95 29 difeltu,
2385 2947 14 14 u
2412 2941 96 28 gerente
2519 2944 10 14 e
2539 2941 12 15 u

2099 2968 116 23 redaltore
2223 2969 23 22 di
2258 2977 13 13 «
2280 2969 33 23 La
2324 2970 73 23 Corse
2406 2978 10 15 »
2430 2978 13 15 a
2454 2970 40 22 100
2502 2968 50 23 fran-

2099 2999 39 22 chi
2148 2999 128 28 d'amenda,
2289 3001 44 23 200
2342 3002 92 23 franchi
2452 3002 24 21 di
2495 2995 57 27 darini

2098 3036 12 15 e
2119 3029 112 28 intepesse
2243 3037 13 16 e
2268 3038 14 16 a
2293 3039 13 15 e
2318 3039 77 24 spese.

2125 3100 22 23 U
2158 3101 74 23 babbu
2243 3102 23 22 di
2276 3105 69 25 prêté
2352 3103 135 27 Alfonsi,di
2495 3100 58 24 Mon-

2098 3135 22 17 te
2123 3133 132 28 maggiore,
2277 3139 14 14 e
2303 3134 96 22 frateliu
2417 3135 26 22 di
2456 3141 14 15 u
2482 3132 72 23 nostru

2096 3163 68 21 tantu
2176 3169 54 18 çaru
2236 3163 131 29 Babbuziu,

2165 3201 58 27 Sgiô
2238 3202 148 28 Ghiaseppu
2401 3203 100 24 Alfonsi

2277 3235 104 24 üscie7'e

2095 3273 13 22 è
2127 3275 62 21 statu
2210 3274 123 24 chiamatu
2344 3283 13 15 a
2371 3277 48 23 Diu
2432 3285 16 15 u
2458 3284 15 22 3
2484 3273 68 29 lugliu

2095 3310 91 22 scorsu,
2193 3306 25 21 in
2226 3307 23 20 la
2257 3306 37 21 so’
2303 3309 155 22 ottantesima
2465 3305 86 25 annata,

2096 3335 63 28 dopu
2172 3342 46 16 una
2232 3337 74 27 longa
2321 3339 52 21 vita
2386 3332 166 36 esemplareçju

2095 3366 124 27 epistianu,
2231 3368 30 22 da
2272 3368 49 23 bon
2331 3370 78 22 babbu
2417 3371 26 22 di
2454 3362 99 36 fami|H^

2095 3402 13 15 e
2117 3396 82 23 d’omu
2211 3398 161 27 pacifîcatqre.

2123 3426 37 22 Ha
2173 3430 72 20 avutu
2258 3434 12 16 a
2283 3431 79 22 allevà
2375 3437 23 16 11
2413 3429 97 32 fìglioli,

2096 3457 7 21 i
2115 3458 74 26 quali,
2203 3458 12 22 6
2223 3458 27 23 sô
2262 3462 74 21 morti
2346 3462 30 22 da
2385 3461 101 30 chiughi
2494 3464 14 16 0

2095 3488 20 21 si
2125 3487 27 23 sò
2161 3488 68 23 fermi
2239 3491 79 26 quallà
2327 3493 20 21 a’
2355 3494 93 27 grande
2456 3489 95 29 stra$ge:

2122 3518 157 25 Indirizzemu
2301 3523 7 21 i
2332 3524 79 22 nostri
2433 3517 118 29 curniùQgsl

2096 3551 95 25 penseri
2204 3551 23 22 di
2240 3553 112 25 cunfortu
2365 3554 19 22 a’
2397 3552 108 29 famiglia

2096 3580 48 29 pita
2153 3587 13 15 e
2175 3582 25 22 in
2207 3583 145 27 particulare
2360 3591 13 16 a
2381 3585 98 22 l’amatu
2485 3577 66 26 Padre

2095 3617 13 15 e
2122 3614 83 21 nostru
2222 3614 102 24 distintu
2340 3615 182 23 cullaburatore,
2536 3609 14 15 u

2095 3641 128 26 Babbuziu.
