2544 3911
149 124 232 41 PIETROSU

64 214 12 13 A
92 204 110 25 sittimana
219 200 96 24 passala,
332 202 14 14 a
364 202 14 13 u
396 196 103 23 Petrosu,

51 234 86 20 •'statu
153 226 101 21 l'intarru
264 221 22 21 di
304 228 13 13 e
330 227 97 14 cennare
443 220 24 20 di
484 227 15 13 u

39 246 43 37 C1ò
94 257 23 21 F.
130 249 93 25 Fratani,
241 247 126 25 ingigneru,
384 249 74 17 mortu
475 246 25 20 in

40 279 134 28 îndo-Cbina.
418 295 6 6 .

40 295 8 17 1
62 302 102 29 Davant'a
188 301 57 18 tuttu
262 304 15 13 u
294 299 96 17 cantone
405 299 94 21 riunitu,

75 334 54 19 statu
138 323 92 25 discorsi
239 321 92 21 distinti.

40 347 11 14 C
62 360 54 22 Eccu
124 350 73 28 quellu
206 348 22 21 di
246 345 112 22 Maistrale
365 352 6 13 :

59 393 105 23 Daluntanu
179 392 20 14 so
207 386 82 24 ghiuntu
296 389 12 14 a
323 384 68 23 piegae
406 384 92 23 anch’eju,

59 424 20 17 In
85 420 57 18 Corsu
148 419 12 13 a
167 412 38 19 fabi
213 411 54 18 sente
275 410 20 18 lu
303 414 31 13 me
341 410 64 22 lagnu,

58 449 32 17 Par
96 438 72 23 Fratani
176 437 30 19 chi
212 436 46 18 fube
266 440 12 13 a
289 435 21 17 lu
318 434 56 19 liceiu

58 468 75 24 Dorante
141 462 99 20 sct'annate
252 465 14 13 u
274 464 31 14 me
313 464 111 18 cumpagnu.

57 506 75 24 Distintu
140 507 31 14 era
179 500 19 19 di
206 504 43 14 core
257 504 11 13 e
276 498 20 19 di
303 503 81 18 manera,

56 531 67 23 Xenntu
130 527 35 19 dai
173 524 94 20 maestr’in
275 524 38 18 alla
320 524 62 21 stima,

55 554 132 25 D’intelUgenza
194 550 63 19 ell’era
264 549 19 18 la
297 549 81 18 bandera

55 584 21 19 Di
82 579 53 21 tutt’e
142 577 62 18 nostre
211 575 63 22 piazze
283 574 42 18 avia
338 574 19 18 la
364 574 66 22 prima.

55 620 67 22 Zitellu,
128 614 69 24 l’aghiu
205 614 53 17 vistu
266 613 64 18 arrutâ
335 613 48 22 l’ale,

45 646 3 3 •
55 644 73 23 gceglie,
137 644 53 15 cume
201 638 127 24 ghiuehendu.
336 643 15 13 u
360 643 21 14 so
390 639 87 18 mistieru

54 673 19 20 E,
80 669 60 23 primu
148 665 19 18 di
174 664 85 22 Pimperu
268 663 99 23 euluniale,

54 696 53 20 Vince
114 693 19 17 la
140 690 58 23 prime
205 688 63 23 piazza
282 688 123 24 d’ingigneru.

54 734 40 20 Gusi
101 728 161 26 spampigliulante
275 728 19 18 la
310 733 20 13 so
338 729 62 21 Stella,

54 761 15 18 U
76 756 72 21 destinu
156 753 50 24 paria
213 757 57 14 senza
278 757 82 18 marosu,

53 786 16 18 A
75 788 20 14 so
102 780 63 20 mente
172 782 53 14 cume
233 778 19 18 la
258 778 105 18 rundinella

54 810 64 19 jfirava
125 806 21 17 lu
154 808 21 14 so
182 803 52 21 nidu,
243 808 12 12 a
262 804 21 17 lu
292 803 91 19 Pietrosu.

53 849 69 19 Disorse
129 848 25 15 ne
165 843 75 22 spendia
247 847 12 13 a
267 847 54 13 mane
328 843 61 22 piene,

52 870 97 24 D’ingegnü
164 868 112 18 suminendu
290 868 114 23 maraviglie,

52 900 33 18 Par
91 901 23 14 su
121 894 75 21 mondu,
204 898 12 13 o
224 893 120 23 quant’ell’ha
351 893 50 19 fattu
408 894 54 22 bene,

52 922 66 24 Quante
125 919 129 19 cunsulazione
261 923 12 13 a
280 918 19 18 le
306 918 88 24 famiglie!

51 960 65 22 Avii'la
124 959 76 18 furtuna
207 962 11 13 e
223 958 21 17 lu
252 958 67 22 putere

51 988 25 18 Gu
83 986 47 18 bona
134 983 72 19 vulintà
214 987 75 18 sempre
296 987 99 19 prupensa,

51 1012 37 20 Avà
94 1011 49 21 dopu
151 1008 83 22 cumpjtu
242 1012 14 14 u
261 1008 21 18 to
290 1008 71 18 duvere

50 1038 25 18 Ne
81 1034 47 25 parti
135 1038 54 14 senza
199 1038 69 13 mancu
276 1033 129 23 ricumpensa?

49 1078 16 18 A
71 1075 42 21 toia,
122 1078 12 14 a
141 1073 122 22 ricumpensa,
273 1073 17 18 si
298 1073 51 23 sapia

50 1101 31 19 Chi
88 1099 49 23 quici
142 1098 9 18 i
157 1099 20 17 to
185 1098 69 22 segreti
260 1103 63 18 ognun
331 1099 15 18 li
353 1099 28 22 sà;

49 1127 21 18 Di
77 1131 13 13 u
96 1125 78 17 Petrosu
181 1123 55 22 vulii,
245 1123 21 18 in
274 1124 90 22 armonia,

49 1152 24 18 Fà
79 1150 57 19 riluce
144 1149 21 18 lu
172 1153 54 13 nome
235 1153 11 13 e
253 1149 19 17 la
280 1148 63 19 fierté.

48 1189 54 20 Finiti
108 1188 100 23 liprugetti
216 1192 12 14 e
235 1188 20 18 la
261 1189 81 17 raccolta

47 1216 16 18 A
70 1214 53 19 Stella
129 1214 20 17 di
159 1218 13 13 u
180 1213 99 18 distin’avà
290 1214 18 18 si
315 1218 75 19 spegne,

47 1241 26 18 Gu
79 1240 18 18 la
104 1240 20 17 to
128 1238 101 23 famigliola
237 1239 58 18 ormai
306 1239 71 21 sciolta,

47 1266 75 22 Ognunu
129 1264 16 18 ti
153 1264 79 18 stimavà
240 1264 23 18 ed
276 1269 76 18 ognunu
362 1264 73 24 piegne.

49 1309 18 19 A
74 1308 20 20 la
102 1306 99 26 famiglia
209 1307 97 24 Fratani,
321 1314 13 14 a
343 1315 16 13 u
367 1308 126 21 nostr’ami-

28 1341 23 14 cu
60 1332 64 22 Pieri.
135 1334 73 19 nierru
216 1332 24 20 di
255 1339 15 14 u
285 1333 109 23 Pietrosu,
409 1337 58 17 tutte
479 1341 13 13 e

27 1362 70 18 nostre
105 1358 124 25 duglianze.

42 1400 67 5 ——
163 1400 30 4 —
244 1395 54 15 o—

38 1424 173 27 Souscription,
220 1431 67 20 pour
302 1425 128 23 l’érection
444 1426 36 23 du

72 1453 77 22 Buste
160 1452 32 23 de
202 1453 129 22 PASCAL
342 1454 101 22 PAOLI

165 1481 16 22 à
191 1482 154 26 Morosaglia

126 1529 168 23 NEUVIEME
300 1529 87 23 LISTE

23 1568 92 18 Sebastien
122 1568 68 18 Gavini
424 1569 35 17 100

24 1594 71 18 Charles
103 1593 147 22 Pitti-Ferrandi,
260 1598 51 13 cons.
326 1594 31 22 gé-

74 1618 52 19 néral
423 1618 35 19 100

23 1644 22 18 Le
51 1643 79 18 Docteur
137 1642 112 22 Colombani,
255 1647 51 14 cons.
313 1643 42 23 gén.
434 1644 24 18 SO

24 1669 19 18 F.
49 1667 66 21 Tiberi,
122 1671 51 14 cons.
179 1668 101 22 municipal
287 1668 24 18 de
318 1668 38 18 Mo-

74 1692 80 22 rosaglia
432 1694 24 18 20

27 1719 60 18 Fabien
93 1717 79 21 Bertola,
178 1717 12 17 à
194 1717 56 18 Lama
423 1720 34 18 100

27 1744 68 18 Simonu
103 1742 96 18 d’Aullène
434 1745 23 19 30

26 1769 22 18 Mc
52 1765 94 25 Gaporossi
153 1767 12 18 à
172 1766 192 22 Castello-di-Rostino
433 1771 24 18 20

26 1793 74 19 Amicale
112 1793 34 17 des
159 1793 109 22 originaires
279 1794 23 18 de
315 1794 43 19 Cae-

76 1818 28 18 ciâ
111 1818 67 23 (Paris)
433 1821 24 19 20

27 1845 22 17 La
54 1843 49 19 Corse
106 1843 23 18 de
136 1843 92 19 Marseille
433 1847 24 17 10

27 1869 56 18 Pascal
89 1868 74 22 Marsily
433 1872 24 18 20

27 1897 22 18 M.
56 1896 72 19 Charles
135 1896 76 23 Marsily
432 1900 24 18 20

66 1927 71 18 Somme
145 1927 64 18 versée
216 1932 35 17 par
257 1928 30 19 les
294 1928 67 19 Corses

106 1950 24 17 de
138 1949 158 25 Sousse(Tunisie)
305 1956 6 13 :

26 1978 37 17 MM.
70 1978 22 17 A.
98 1977 21 18 F.
126 1977 80 19 Polidori
214 1977 24 19 20
243 1978 24 18 fr.
274 1979 81 19 Polidori

45 2002 20 18 25
70 2003 22 17 fr.
101 2002 118 23 Campocasso
225 2003 24 18 20
253 2004 24 17 fr.
284 2004 71 19 Mibelli

45 2028 10 17 5
65 2028 23 17 fr.
95 2027 69 19 Orsetti
177 2028 12 18 5
199 2028 24 18 fr.
239 2029 54 19 Alata
304 2029 12 18 5
327 2030 24 18 fr.

37 2064 3 4 .
44 2053 86 18 Tirroloni
135 2053 13 18 3
164 2053 25 18 fr.
205 2054 83 19 Renucci
297 2054 24 19 10
328 2056 25 18 fr.

47 2078 77 18 Ceccaldi
137 2078 12 18 5
161 2079 24 18 fr.
192 2079 112 19 Lanfranehi
308 2080 13 18 5
328 2081 25 18 fr.

45 2103 85 19 Landucci
135 2103 12 19 3
152 2104 23 18 fr.
182 2104 15 18 F
204 2105 119 18 AndreanilO
328 2106 24 18 fr.

47 2128 66 19 Casalta
117 2129 12 17 3
141 2129 24 18 fr.
171 2129 75 19 Saliceti
254 2136 11 12 o
272 2131 23 17 fr.
303 2131 50 19 Flori

44 2153 21 18 10
69 2154 22 18 fr.
99 2154 76 19 Mariani
179 2154 23 19 10
204 2154 24 19 fr.
233 2156 53 22 Dque
288 2156 64 19 Mattéi

44 2178 11 18 3
69 2179 22 18 fr.
99 2179 79 24 Caruggi
185 2180 11 18 3
204 2180 25 19 fr.
235 2181 69 19 Peretti
309 2182 12 18 3
326 2182 24 18 fr.

44 2203 46 23 Dque
94 2204 73 19 Santini
173 2205 12 18 3
192 2205 158 24 fr.Giuseppî3fr.

44 2229 37 18 LM.
93 2230 51 18 Paoli
156 2230 12 18 3
181 2231 24 18 fr.
216 2231 77 19 Desanti
300 2232 12 18 3
324 2233 25 18 fr.

45 2253 73 20 Saïinesi
137 2255 13 18 3
168 2256 25 18 fr.
214 2256 60 19 Sorba
291 2257 12 18 3
326 2259 25 18 fr.

43 2279 105 19 Moracchini
161 2281 23 18 10
194 2282 24 18 fr.
235 2282 56 19 Istria
306 2283 12 18 3
323 2284 24 18 fr.

43 2304 57 23 Lepidi
107 2305 17 20 .5
140 2306 24 19 fr.
185 2306 95 20 Casanova
294 2309 12 17 3
325 2309 24 18 fr.

16 2332 4 4 '
43 2328 70 20 Santonï
128 2331 13 18 3
152 2332 24 18 fr.
193 2332 94 22 Quastana
298 2334 13 18 3
324 2334 25 19 fr.

44 2354 49 19 Croce
96 2356 11 18 3
113 2356 23 18 fr.
143 2357 53 19 Costa
203 2364 12 12 o
220 2358 25 18 fr.
253 2359 97 19 Petreschi

42 2379 36 19 3fr.
83 2381 91 19 Andreani
181 2383 38 18 3fr.
225 2384 75 18 Martini
306 2385 11 18 3
322 2385 25 18 fr.

42 2404 69 20 Loviehi
126 2407 12 18 3
154 2408 24 18 fr.
197 2409 62 18 Massa
281 2409 23 19 10
323 2410 24 18 fr.

42 2430 47 18 Bozzi
104 2432 12 17 3
134 2433 124 20 fr.Castellani
287 2435 12 18 3
322 2436 24 18 fr.

42 2454 71 20 Romani
132 2458 12 17 3
160 2459 24 18 fr.
204 2460 76 18 Versini
294 2460 12 19 3
323 2461 25 18 fr.

41 2479 77 25 Poggioli
125 2482 11 19 3
144 2483 24 19 fr.
184 2484 112 20 Lanfranehi
303 2486 12 18 2
323 2487 24 18 fr.

40 2504 78 21 Prunetti
137 2508 12 18 2
173 2509 25 18 fr.
214 2510 69 19 Pierri-
294 2511 12 18 3
323 2512 24 19 fr.

41 2529 66 21 Breccia
122 2533 12 18 3
148 2534 23 18 fr.
192 2535 87 20 Brimatti
293 2537 12 17 3
320 2537 24 19 fr.

41 2554 51 20 Pietri
105 2557 11 18 3
131 2558 25 19 fr.
180 2560 74 19 Total...
413 2563 35 19 319

23 2586 44 20 Total
74 2590 22 18 de
110 2592 19 18 la
133 2592 23 19 9e
160 2593 43 19 liste
412 2597 35 19 809

23 2611 43 21 Total
80 2616 32 18 des
127 2619 99 21 premières
234 2620 55 19 listes
385 2622 95 20 12.638.03

100 2656 51 19 Total
156 2659 73 22 général
359 2679 5 4 .
386 2661 95 24 13.467,03

40 2685 31 19 Les
77 2688 133 26 Souscriptions
223 2694 77 18 doivent
306 2694 40 19 être
361 2696 96 19 adressées

22 2712 20 18 M.
47 2713 71 22 ROGER
123 2717 108 22 PALM1ERI
238 2721 10 18 7
257 2721 58 20 Cours
323 2722 99 24 Grandval,
427 2724 54 23 Ajac-

22 2743 29 16 cio.

524 130 185 53 NUTIZIE
740 139 52 47 DI
820 141 178 52 CORSICA

551 225 126 23 Alaceiu
685 240 26 4 —
719 231 72 22 Morte
798 233 23 21 di
831 240 15 14 u
855 236 49 24 sgiò
912 236 87 26 Filippu

527 256 98 23 Orenga.
639 256 178 28 Cunduglianze.

543 311 6 5 .
585 285 143 24 Matrimoniu
736 291 22 19 di
764 292 154 22 madamicella
924 295 76 21 Valea-

526 317 23 13 ni
558 318 27 14 eu
596 319 13 13 u
618 315 49 24 sgiò
677 316 110 26 Pasquale
800 319 98 26 Frigara.

586 343 69 22 Morte
668 346 24 20 in
706 348 65 21 Nizza
785 350 22 20 di
820 357 15 13 u
848 352 49 24 sgiò
910 353 88 25 Agnulu

526 371 86 24 Campi.

584 401 70 22 Morte
663 404 23 20 in
697 406 148 23 Constantina
855 410 22 19 di
884 417 14 13 u
906 410 93 21 Duttore

525 428 77 25 Clada,
612 430 76 22 d'anni
696 433 34 21 82.

550 464 79 22 Arro
635 479 27 4 —
666 468 72 22 Morte
744 470 23 21 in
776 471 119 27 Marseglia
900 474 23 20 di
930 481 14 13 u
950 474 48 25 sgiô

526 492 93 22 Lorenzi
627 495 103 23 Saveriu.

549 528 177 27 Boeognano
738 544 25 4 —
776 535 72 21 Morte
861 537 22 19 di
896 537 103 21 madama

525 556 153 23 Biancamaria
692 560 75 21 d’anni
776 563 31 20 63.

550 593 127 25 Cargese
689 608 27 4 —
729 597 70 21 Morte
812 598 23 20 di
849 606 15 13 u
876 600 49 25 sgiò
937 601 62 20 Ales-

524 621 77 21 sandri
609 622 111 23 Giacintu.

549 658 91 22 Levie
648 672 27 5 —
682 661 73 22 Morte
763 662 23 21 di
798 664 155 22 madamicella
961 665 38 21 Mi-

525 689 60 18 nette
594 687 28 21 de
631 688 84 22 Peretti
723 690 75 22 d’anni
806 697 33 16 20.

548 723 169 23 Montieello
722 736 27 5 —
754 728 71 21 Morte
830 729 23 20 di
858 736 14 13 u
877 730 49 24 sgiô
933 730 65 25 Luig-

523 750 23 24 gi
555 751 98 22 Fratacci
663 754 77 21 d’anni
750 760 34 21 77.

549 787 192 27 Miorsiglia—
747 791 72 21 Morte
825 793 23 19 di
853 793 102 21 madama
962 800 36 14 ve-

523 814 59 21 duva
590 815 94 22 Michèle
692 818 109 25 Agostini,
811 820 76 21 d’anni
896 821 33 21 85.

548 852 99 20 Oletta
653 864 28 6 —-
688 854 143 22 Matrimoniu
840 856 23 20 di
871 864 14 12 a
894 861 103 17 euntessa

523 878 69 22 Elena
600 880 23 20 di
631 881 105 21 Rivarola
748 889 28 14 eu
786 890 14 13 u
814 887 66 17 conte
892 884 106 21 Dumeni-

522 913 29 14 cu
560 907 23 20 di
593 908 111 22 Rivarola.

548 943 135 21 Pietroso
690 957 29 5 —
725 946 72 21 Morte
805 947 24 20 di
838 954 14 14 u
862 948 48 25 sgiô
923 949 74 20 Frata-

522 971 32 23 ni,
565 971 76 22 Filice.

548 1008 257 23 Pietraeorbara—
810 1011 71 21 Morte
890 1012 23 21 di
922 1013 74 20 mada-

522 1042 37 14 ma
566 1036 76 21 Mattéi
651 1037 83 21 Felicia
742 1039 75 21 d’anni
826 1044 34 17 22.

548 1072 267 28 Sorbo-Oeagnano
826 1087 27 4 —
865 1077 71 21 Morte
949 1078 22 20 di
980 1085 15 13 u

521 1101 49 25 sgiô
579 1101 112 22 Tommasi
701 1103 91 26 Ignaciu
800 1104 77 21 d'anni
886 1110 41 21 72..

545 1143 27 5 —
584 1133 143 22 Matrimoniu
741 1135 22 20 di
778 1135 152 22 madamicella
943 1137 59 27 Bar-„

520 1160 78 21 berine
610 1161 99 21 Semidei
722 1169 28 14 eu
759 1170 15 13 u
786 1164 49 24 sgiô
848 1164 101 21 Rafaellu
962 1165 34 20 Fi-

519 1191 84 18 nestra.

544 1224 127 22 Soveria
675 1236 27 4 —
707 1226 144 22 Matrimoniu
857 1228 22 20 di
889 1229 106 20 madami-

519 1252 56 20 cella
589 1253 85 25 Leschi,
688 1254 98 21 Barbera
797 1255 72 21 Maria
881 1263 28 14 eu
918 1264 15 13 u
946 1257 48 25 sgiô

518 1279 84 22 Taddei
611 1281 118 26 Pasquale.

544 1317 175 25 Speloneato
727 1329 27 4 —
760 1320 145 21 Matrimoniu
916 1320 23 21 di
948 1328 46 14 ma-

518 1345 116 22 damicella
648 1347 147 26 Ghiasippina
812 1348 55 26 Papi
881 1355 27 14 eu
917 1356 15 14 u
945 1350 48 25 sgiô

518 1373 75 21 Nobili
601 1375 143 26 Ambrosgiu.

543 1411 120 21 Venaeo
670 1422 24 4 —
703 1412 142 22 Matrimoniu
853 1414 23 20 di
888 1414 105 22 madami-

519 1439 55 20 cella
579 1440 109 21 Sinibaldi
694 1441 70 21 Maria
770 1448 27 14 eu
804 1449 15 13 u
825 1443 48 25 sgiô
879 1442 114 22 Ghiuvan-

518 1467 25 20 ni
552 1468 94 21 Battista
655 1469 123 22 Ottaviani.

543 1507 126 21 Vivario
677 1519 27 4 —
712 1509 71 21 Morte
790 1510 24 20 di
820 1517 15 14 u
844 1511 49 25 sgiô
902 1511 88 25 Perelli,

518 1534 96 23 Tomasu
624 1537 76 21 d’anni
709 1538 34 21 81.

566 1627 39 36 La
621 1628 163 47 Compagnie
793 1631 148 38 Fraissinet

552 1678 122 24 Continue
683 1687 96 17 comme
789 1688 48 20 par
850 1683 25 23 le
881 1684 75 26 passé

619 1713 16 22 à
645 1714 128 26 exploiter-
778 1715 26 23 la
813 1717 76 22 Corse

607 1752 61 17 sous
673 1748 63 22 l’oeil
745 1748 161 25 bienveillant

573 1780 45 22 des
628 1781 205 26 parlementaires
840 1784 32 22 de
877 1785 67 23 THe.

542 1850 33 21 En
584 1853 116 20 attendant
708 1853 33 21 les
757 1854 109 22 réformes
879 1857 109 25 promises

516 1884 41 20 par
564 1879 22 20 la
598 1880 152 22 Commission
758 1886 62 17 extra
835 1884 154 24 parlementai-

517 1913 32 18 re,
576 1908 39 24 qui
639 1909 74 20 s’était
740 1911 85 20 rendue
859 1919 28 14 en
916 1913 72 22 Corse

516 1941 57 18 pour
589 1942 15 19 y
621 1937 106 24 produire
741 1938 66 21 l’effet
832 1940 29 20 de
884 1941 103 25 baguette

515 1963 113 25 magique,
633 1970 54 15 sans
695 1966 88 21 oublier
789 1967 20 20 la
819 1968 102 26 bringue,
934 1970 52 21 bien

515 1992 106 24 entendu,
627 1992 20 21 la
657 1993 139 26 Compagnie
804 1995 124 23 Fraissinet
935 2005 52 14 con-

514 2019 63 20 tinue
585 2021 13 19 à
616 2021 110 25 exploiter
737 2022 28 20 de
779 2023 21 19 la
818 2023 65 25 façon
898 2025 21 20 la
936 2027 51 24 plus

514 2047 145 22 scandaleuse
680 2050 35 20 les
727 2051 98 21 services
842 2056 95 20 postaux
958 2055 29 19 de

514 2074 55 22 nie.

539 2102 93 23 Comme
639 2111 59 19 pour
706 2106 21 20 lè
735 2106 78 26 départ
821 2108 41 21 des
869 2115 116 20 vacances,

513 2131 34 21 les
556 2138 124 20 voyageurs
695 2134 114 22 subissent
825 2142 30 15 au
872 2141 77 17 retour
964 2139 22 20 le

512 2159 74 21 même
594 2161 226 25 régime,c’est-à-dire
825 2165 93 25 empilés
927 2172 59 15 com-

512 2194 37 14 me
570 2188 40 21 des
638 2190 103 21 sardines
764 2198 29 14 ou
819 2192 41 21 des
880 2198 105 18 moutons

513 2216 110 25 d’Algérie
631 2218 57 21 dans
697 2218 33 21 les
739 2220 66 24 cales,
811 2227 29 14 au
850 2221 73 25 choix,
932 2229 52 15 sans

511 2244 75 25 parler
594 2245 28 20 de
629 2246 21 20 la
664 2247 128 21 nourriture
805 2252 24 17 et
836 2249 31 21 du
876 2250 88 22 confort
971 2252 13 20 à

512 2272 63 25 bord,
582 2277 36 16 etc
625 2277 44 18 etc.

537 2300 61 22 Vous
606 2302 78 21 n’avez
692 2304 54 24 qu'à
753 2311 57 14 vous
819 2306 81 21 rendre
907 2313 40 15 sur
962 2308 22 21 le

511 2329 53 24 quai
572 2330 29 20 de
608 2330 23 20 la
636 2330 93 22 Joliette
737 2339 58 19 pour
800 2338 113 17 constater
924 2342 60 15 com-

511 2360 62 17 ment
578 2364 26 14 ce
612 2358 68 21 bétail
685 2359 94 22 humain
785 2365 35 17 est
825 2361 47 26 jeté
879 2369 29 14 en
918 2364 65 21 vites-

510 2391 24 14 se
543 2391 40 15 sur
590 2386 21 21 le
628 2388 52 24 quai
692 2388 29 20 de
733 2389 176 26 débarquement
928 2398 55 15 avec

510 2419 36 14 ses
555 2414 102 26 bagages,
667 2417 67 23 après
743 2422 24 20 17
775 2418 82 21 heures
863 2419 29 21 de
899 2423 84 18 traver-

509 2442 39 20 sée
559 2443 46 20 très
613 2444 98 24 pénible.

536 2470 120 27 Beaucoup
663 2476 41 16 ont
711 2474 105 24 paraît-il,
825 2475 98 21 réclamé
933 2478 14 19 à
959 2477 22 20 la

509 2497 146 27 Compagnie,
662 2501 57 20 mais
728 2505 50 17 tout
785 2508 26 19 ça
827 2504 77 20 tombe
925 2504 56 22 dans

508 2526 22 20 le
551 2527 78 25 panier
653 2528 101 22 habituel
772 2530 88 22 destiné
883 2533 14 20 à
918 2540 64 16 enre-

507 2554 82 24 gistrer
596 2555 33 21 les
636 2557 157 22 réclamations
800 2559 41 20 des
849 2566 131 20 voyageurs.

533 2582 43 21 Les
584 2583 139 26 inspecteurs
731 2586 28 21 de
767 2586 22 21 la
805 2588 130 25 navigation
952 2596 29 14 ne

507 2611 102 21 donnent
616 2619 42 18 pas
666 2613 64 25 signe
739 2614 28 20 de
776 2615 44 24 vie,
832 2616 25 20 ni
865 2616 34 21 les
910 2618 71 24 parle-

507 2640 121 21 mentaires
639 2647 47 14 non
698 2642 59 25 plus,
767 2650 26 13 ce
810 2644 39 25 qui
864 2645 116 21 démontre

507 2673 45 19 que
568 2668 122 21 Fraissinet
704 2676 13 14 a
731 2670 33 21 les
778 2671 61 21 reins
853 2672 83 22 solides
957 2677 23 17 et

506 2695 56 26 qu'il
568 2697 65 20 mène
641 2700 49 18 tout
705 2704 25 15 ce
747 2700 114 21 monde-là
877 2702 14 19 à
903 2701 22 20 la
943 2701 37 21 ba-

505 2727 84 21 guette.

530 2752 31 20 La
570 2753 103 25 question
679 2754 32 20 du
716 2756 194 21 renouvellement
917 2758 29 20 de
957 2758 21 20 la

1027 143 135 20 convention
1188 147 34 17 est
1235 142 125 26 également
1382 152 27 14 en
1425 147 73 20 bonne

1027 168 98 24 voie,car
1148 171 122 20 Fraissinet
1287 177 13 13 a
1323 179 30 18 pu
1371 173 127 21 démontrer

1027 202 40 17 par
1074 196 21 20 le
1101 197 41 25 jeu
1151 198 28 20 de
1188 205 24 14 sa
1227 199 153 23 comptabilité
1397 201 27 20 de
1438 208 60 14 com-

1027 224 112 24 plaisance
1165 226 92 20 relative
1275 226 14 19 à
1316 227 21 20 la
1357 229 59 24 régie
1445 236 52 13 con-

1026 252 114 20 tractuelle
1149 260 44 17 que
1199 254 20 19 la
1229 253 61 25 ligne
1296 259 33 15 est
1342 255 118 21 déficitaire
1470 264 27 13 ce

1026 279 38 24 qui
1081 280 75 25 oblige
1164 281 67 20 l'Etat
1247 281 14 19 à
1275 286 95 21 casquèr
1390 284 28 20 de
1435 291 62 13 nom-

1026 306 69 21 breux
1104 308 98 21 millions
1212 314 57 19 pour
1278 308 22 20 la
1309 311 129 24 proportion
1455 312 41 20 des

1025 337 74 20 pertes
1107 336 13 18 à
1133 340 126 21 supporter,
1269 337 176 22 conformément
1452 346 44 13 aux

1028 365 99 17 contrats
1132 363 29 20 de
1169 364 21 19 la
1198 364 46 19 dite
1254 363 66 24 régie.

1051 388 41 21 Les
1106 391 87 20 actions
1206 392 29 19 de
1252 391 19 18 la
1290 391 137 27 Compagnie
1444 398 52 16 sont

1025 420 105 19 pourtant
1140 419 14 19 à
1163 418 20 20 la
1192 419 81 19 hausse
1285 421 23 18 et
1322 421 74 19 cotées
1410 428 85 14 comme

1025 443 67 21 celles
1104 445 40 20 des
1154 450 75 16 autres
1237 446 96 24 grandes
1346 448 149 26 Compagnies

1024 470 29 20 de
1062 471 142 27 Navigation.

1051 498 113 26 Pourquoi
1173 508 29 13 ne
1210 503 165 23 procure-t-elle
1386 510 39 18 pas
1435 510 60 14 com-

1024 531 37 14 me
1068 532 36 14 ses
1109 528 113 25 collègues
1231 528 21 20 le
1262 528 73 22 même
1348 531 87 20 confort
1450 538 45 13 aux

1025 558 131 20 voyageurs.
1174 556 46 21 Nos
1239 556 182 24 parlementaires
1441 565 54 19 peu-

1025 580 88 24 vent-ils
1119 586 110 23 répondre
1241 587 14 19 à
1263 590 58 17 cette
1337 589 102 24 question
1447 589 48 20 ain-

1024 610 19 20 si
1052 617 44 19 que
1101 612 22 19 la
1129 618 76 19 presse
1213 614 57 20 libre
1277 617 23 17 et
1310 615 33 20 les
1360 616 133 21 assemblées

1024 639 28 20 de
1058 639 63 20 I’Ile?

1398 673 30 22 A.
1436 674 27 21 T.

1048 704 83 21 L'Ami
1136 706 34 20 du
1177 705 94 26 Peuple.

1057 781 44 25 So
1110 785 127 23 surtite:

1024 833 37 50 E
1085 850 224 37 canzone

1157 900 49 51 di
1225 902 247 51 Maistralé.

1022 979 41 17 un
1075 972 98 25 album
1189 972 35 26 de
1239 979 165 29 0,33X0,19,
1417 977 74 23 carta

1022 1009 30 26 di
1063 1010 92 32 lussu,
1171 1015 149 31 cupartura
1332 1021 15 17 e
1361 1012 86 26 titulu
1458 1013 33 25 in

1022 1058 15 15 2
1050 1049 101 26 culori.

1049 1087 139 27 'Cuntene
1200 1097 15 17 e
1227 1089 101 35 migliô
1340 1098 121 18 canzone
1481 1099 6 17 :

1110 1133 24 25 Ü
1154 1132 97 27 Cuccu

1106 1172 144 26 Muvrella

1107 1210 121 26 Contr’a
1237 1211 117 34 partiiu

1107 1248 96 29 Ninni
1218 1250 110 26 Nanna

1106 1288 152 27 Cuscrittu

1103 1327 136 27 Sirinatu
1251 1336 18 17 a
1280 1328 13 25 i
1304 1328 85 34 Sposi

1019 1383 37 18 eu
1077 1375 110 26 musica
1213 1384 19 17 e
1253 1382 236 26 accumpagna-

1019 1418 113 23 menfu.
1143 1423 60 23 per
1213 1417 100 30 pianu
1325 1416 91 26 forte.

1053 1466 144 30 Frezzu
1215 1474 9 22 t
1242 1464 39 32 10
1299 1466 149 31 franchi

1098 1516 131 29 Stampa'ria
1242 1517 24 22 di
1279 1518 21 21 A
1314 1517 94 23 Muvra

1062 1596 60 30 Un
1146 1596 123 30 Ordre
1288 1596 51 30 du
1355 1596 85 36 jour

1038 1670 34 18 Les
1077 1669 94 19 habitants
1178 1670 23 18 de
1209 1669 83 22 Sartène,
1302 1669 101 19 assemblés
1408 1670 44 19 salle
1460 1671 27 18 du

1015 1695 78 22 Marché,
1105 1695 20 18 le
1138 1695 96 18 dimanche
1247 1694 23 19 26
1282 1696 104 22 septembre
1399 1694 49 23 1926,
1461 1700 26 14 au

1015 1720 76 19 nombre
1098 1720 24 18 de
1128 1720 52 18 1.000
1189 1725 23 13 en
1220 1720 87 23 présence
1319 1721 24 18 de
1347 1721 43 18 MM.
1399 1719 88 20 Caitucoli

1015 1746 20 17 et
1039 1745 63 22 Pietri,
1108 1745 88 23 Députés,
1205 1745 86 22 Giordan,
1296 1745 96 23 Sénateur,
1401 1746 86 23 délégués

1014 1775 35 18 par
1052 1771 19 17 la
1075 1771 152 22 Représentation
1234 1771 96 22 insulaire,
1339 1771 33 19 des
1378 1771 108 19 Conseillers

1014 1796 98 22 généraux,
1126 1796 48 19 ainsi
1181 1801 37 18 que
1223 1797 25 17 de
1252 1797 103 18 nombreux
1364 1797 80 23 citoyens
1453 1798 33 17 des

1014 1823 76 17 cantons
1098 1823 19 17 et
1122 1822 34 18 des
1164 1826 106 14 communes
1278 1823 24 17 de
1309 1823 167 18 l’arrondissement
1480 1828 5 13 :

1036 1846 121 19 Considérant
1170 1852 37 18 que
1217 1848 20 18 le
1245 1847 63 19 décret
1313 1848 26 18 du
1353 1847 12 18 6
1381 1847 105 24 Septembre

1014 1871 51 23 1926,
1073 1873 75 22 portant
1158 1873 119 23 suppression
1286 1874 33 17 des
1328 1873 105 18 Tribunaux
1440 1874 47 18 d’ar-

1013 1897 142 23 rondissement,
1169 1903 25 14 ne
1206 1898 71 19 saurait
1288 1903 44 14 sans
1338 1899 34 18 des
1384 1899 102 18 difficultés

1012 1923 112 18 matérielles
1140 1924 163 21 insurmontables,
1316 1924 40 19 être
1364 1924 84 23 appliqué
1460 1929 26 14 au

1012 1948 127 22 département
1146 1950 24 17 de
1177 1949 19 18 la
1203 1948 62 23 Corse;

1035 1973 39 22 Que
1078 1974 18 18 le
1102 1978 80 18 manque
1186 1975 24 17 de
1217 1979 77 18 moyens
1302 1975 25 18 de
1334 1975 151 18 communication

1013 2000 19 16 et
1036 2000 20 17 la
1059 1999 93 23 longueur
1156 2000 33 18 des
1195 2000 100 22 distances,
1301 2001 75 22 placent
1378 2005 22 13 ce
1405 2001 81 22 départe-

1012 2025 57 20 ment,
1075 2029 25 13 au
1105 2025 68 22 regard
1177 2025 24 18 de
1204 2025 126 22 l’application
1335 2026 26 17 du
1366 2025 67 22 décret,
1440 2026 46 18 dans

1012 2054 38 13 une
1053 2049 88 19 situation
1147 2050 34 22 qui
1187 2054 25 14 ne
1216 2050 19 18 le
1241 2050 46 18 rend
1292 2051 114 22 comparable
1411 2051 10 18 à
1425 2055 61 15 aucun

1012 2075 59 21 autre;

1034 2099 48 21 Qu’il
1088 2104 24 13 en
1123 2100 106 19 résulterait
1234 2105 48 18 pour
1286 2101 29 18 les
1325 2101 115 22 justiciables
1451 2102 33 18 des

1012 2125 46 20 frais
1068 2125 120 22 exorbitants;

1033 2152 39 22 Que
1076 2153 29 18 les
1110 2154 104 22 transports
1220 2154 34 18 des
1259 2153 54 24 juges
1319 2155 19 17 et
1344 2154 86 23 témoins,
1436 2155 50 19 ainsi

1011 2182 37 19 que
1057 2178 173 19 l’irréeouvrabilité
1239 2179 56 18 d’une
1300 2179 60 23 partie
1365 2180 33 18 des
1406 2180 45 18 frais
1460 2181 25 18 de

1010 2203 74 23 justice,
1096 2203 146 19 entraîneraient
1257 2209 38 14 une
1309 2205 67 18 lourde
1386 2206 99 23 surcharge

1010 2234 48 18 pour
1061 2230 19 17 le
1084 2229 73 22 Trésor;

1032 2254 71 22 Qu’une
1115 2255 97 22 exception
1222 2256 57 22 ayant
1288 2255 42 23 déjà
1340 2255 30 19 été
1380 2256 45 18 faite
1437 2261 48 17 pour

1009 2280 87 23 l’Algérie
1100 2281 19 17 et
1124 2280 179 23 l’Alsace-Lorraine,
1309 2281 42 18 rien
1363 2286 24 13 ne
1395 2282 88 23 s’oppose,

1010 2305 46 18 dans
1064 2305 109 19 l’économie
1177 2306 27 18 du
1214 2306 69 21 décret,
1289 2306 12 18 à
1307 2310 22 15 ce
1334 2311 37 18 que
1378 2307 20 18 le
1403 2307 81 22 départe-

1009 2332 52 16 ment
1065 2331 24 17 de
1095 2331 20 18 la
1120 2330 62 22 Corse,
1193 2331 12 17 à
1210 2331 33 22 qui
1250 2331 20 18 la
1273 2331 26 18 loi
1304 2336 12 13 a
1321 2331 42 23 déjà
1368 2332 25 18 dû
1399 2333 85 18 accorder

1008 2361 27 12 un
1039 2355 70 19 certain
1114 2356 78 18 nombre
1197 2356 127 19 d’immunités
1327 2357 94 23 spéciales,
1428 2357 56 19 béné-

1008 2381 51 22 ficie,
1064 2381 12 18 à
1081 2385 34 14 son
1126 2382 50 21 tour,
1183 2381 46 18 d’un
1233 2382 108 18 traitement
1349 2383 132 22 exceptionnel;

1030 2406 57 22 Qu’en
1094 2411 22 14 ce
1121 2407 34 22 qui
1167 2411 89 14 concerne
1267 2407 43 22 plus
1317 2408 167 22 particulièrement

1007 2432 169 18 l’arrondissement
1185 2432 24 18 de
1217 2431 82 22 Sartène,
1309 2433 29 17 les
1348 2433 72 18 raisons
1430 2433 53 18 invo-

1007 2457 57 23 quées
1070 2462 47 18 pour
1121 2457 107 18 l’ensemble
1236 2457 47 18 delà
1288 2457 61 23 Corse,
1358 2459 42 17 sont
1403 2459 79 18 rendues

1007 2483 43 22 plus
1060 2483 106 22 frappantes
1181 2487 67 14 encore
1261 2487 34 18 par
1305 2483 93 18 l’absence
1408 2484 22 17 de
1443 2484 40 20 tout

1007 2508 74 18 chemia
1087 2508 23 17 de
1115 2508 31 18 fer
1151 2508 20 18 et
1177 2513 34 17 par
1215 2507 97 19 l’extrême
1320 2508 121 19 insuffisance
1448 2509 34 18 des

1007 2533 81 18 services
1098 2533 75 22 publics
1182 2534 24 17 de
1216 2534 110 21 transports,
1338 2534 90 22 précaires
1438 2534 12 18 à
1459 2538 23 14 ce

1007 2558 56 22 point,
1071 2562 36 18 que
1112 2558 33 18 dix
1150 2563 108 14 communes
1262 2558 105 19 seulement
1370 2563 33 14 sur
1406 2564 77 18 quaran-

1006 2584 20 17 te
1033 2584 42 22 sept
1086 2584 43 18 sont
1139 2583 68 19 reliées
1217 2588 26 14 au
1256 2583 88 20 chef-lieu
1352 2585 131 18 d’arrondisse-

1006 2610 58 20 ment;

1019 2642 4 3 -
1028 2633 45 22 Que,
1080 2638 33 18 par
1120 2634 91 22 exemple,
1217 2634 15 18 il
1237 2639 25 13 ne
1267 2633 81 19 faudrait
1352 2639 34 18 pas
1393 2635 58 17 moins
1455 2635 26 17 de

1005 2659 43 22 cinq
1056 2659 52 22 jours
1113 2659 98 19 d’absence
1217 2664 38 13 aux
1260 2660 93 18 habitants
1359 2660 32 17 des
1397 2660 85 17 extrémi-

1007 2684 27 18 tés
1040 2685 24 17 de
1073 2684 172 19 l’arrondissement
1255 2690 47 17 pour
1306 2689 22 14 se
1333 2685 68 18 rendre
1405 2689 24 14 au
1435 2689 46 14 nou-

1004 2713 49 15 veau
1064 2710 63 18 centre
1132 2710 24 18 de
1167 2714 21 14 sa
1191 2709 113 23 juridiction,
1310 2711 13 17 à
1327 2710 79 23 Ajaccio.

1024 2735 49 18 Pour
1076 2739 31 14 ces
1112 2735 98 18 différents
1216 2735 71 22 motifs,
1293 2736 103 22 protestent
1402 2736 22 17 de
1429 2736 51 17 tonte

1004 2756 42 22 leur
1054 2760 75 23 énergie
1134 2762 63 16 contre
1202 2761 19 17 la
1229 2761 91 18 situation
1330 2760 108 19 intolérable
1447 2761 34 22 qui

1523 147 41 18 leur
1569 148 58 17 serait
1632 148 45 18 faite
1681 149 18 18 si
1704 149 18 18 le
1728 149 63 19 décret
1799 149 45 19 était
1852 150 94 19 maintenu
1953 151 46 18 dans

1523 176 31 13 ses
1561 173 67 18 termes
1640 174 77 18 actuels:

1545 197 113 19 Demandent
1672 199 24 17 de
1704 199 18 18 la
1733 199 52 22 façon
1799 200 18 17 la
1829 200 41 22 plus
1883 200 80 19 instante
1974 206 24 13 au

1522 221 149 20 Gouvernement
1677 224 24 17 de
1707 224 85 18 modifier
1798 225 45 18 ledit
1850 226 64 17 décret
1917 230 23 13 eu
1946 231 52 13 exce-

1523 247 51 21 ptant
1579 247 19 17 le
1604 247 126 22 département
1736 250 23 17 de
1766 250 19 17 la
1791 249 56 19 Corse
1852 251 24 17 de
1881 255 34 13 son
1919 251 79 22 applica-

1523 271 44 18 tion:

1544 296 85 18 Donnent
1641 298 74 17 mandat
1724 299 11 16 à
1746 299 50 18 leurs
1814 300 145 21 Représentants
1972 306 24 13 au

1522 320 140 19 Parlemeiit.de
1673 323 85 18 soutenir
1763 325 20 16 et
1793 325 24 17 de
1822 325 47 18 faire
1875 326 74 17 aboutir
1956 326 41 17 leur

1522 346 84 21 pouvoir;

1543 370 23 18 Et
1576 371 92 22 décident,
1679 377 24 13 en
1711 377 31 13 cas
1753 374 80 21 d’échec,
1845 375 83 23 d’exiger
1938 376 18 17 la
1966 376 31 17 dé-

1522 395 77 19 mission
1607 397 23 17 de
1635 396 51 19 leurs
1692 402 54 18 corps
1757 398 47 18 élus.

1577 468 42 21 Un
1630 468 178 26 Département
1819 471 126 23 déshérité

1520 522 37 22 La
1567 523 42 21 vie
1617 523 74 22 chère
1703 526 25 20 et
1738 525 25 21 la
1771 526 91 22 misère
1871 526 124 23 sévissent

1700 563 33 15 en
1743 558 77 22 Corse
1830 567 11 4 -

1556 596 36 22 Le
1602 597 61 25 pain
1671 598 74 22 coûte
1756 599 16 21 3
1784 599 32 22 fr.
1826 600 33 21 75
1870 601 24 21 le
1904 601 53 22 kilo

1545 658 85 24 Depuis
1635 659 126 26 longtemps
1765 668 29 13 on
1798 668 13 13 a
1818 662 47 24 pris
1869 662 121 22 l’habitude

1518 692 40 14 sur
1563 686 22 20 le
1601 686 124 22 Continent
1741 689 28 19 de
1789 696 25 13 se
1831 690 162 22 désintéresser

1519 713 40 21 des
1567 714 79 20 choses
1660 719 23 16 et
1696 716 30 19 du
1735 720 47 16 sort
1791 717 28 20 de
1828 717 22 20 la
1859 718 76 21 Corse.
1955 719 37 20 On

1519 741 49 23 sait,
1590 748 41 18 par
1653 743 103 24 oui-dire,
1776 751 45 18 que
1838 752 26 13 ce
1886 753 55 18 pays
1958 751 35 15 est

1518 769 144 25 magnifique,
1679 771 55 23 qu’il
1750 778 13 13 a
1781 778 46 14 une
1843 772 93 22 histoire
1952 774 40 20 des

1518 796 50 25 plus
1585 796 128 26 héroïques,
1738 805 44 18 que
1803 806 36 14 ses
1859 804 133 22 montagnes

1518 828 118 21 regorgent
1644 825 29 19 de
1678 825 88 21 bandits
1776 831 11 11 «
1794 834 58 17 pour
1857 828 133 21 l’honneur»

1518 851 36 20 On
1563 852 43 20 sait
1613 853 69 23 aussi,
1693 854 56 20 mais
1757 860 54 15 sans
1829 862 28 13 en
1870 857 47 19 être
1934 857 53 20 bien

1517 880 46 23 sûr,
1573 886 45 18 que
1623 880 21 20 la
1653 880 70 21 Corse
1736 885 35 17 est
1788 889 30 13 un
1836 883 155 25 département

1517 906 103 25 français.

1541 935 156 25 Aujourd’hui,
1704 936 47 20 l’Ile
1758 937 29 20 de
1801 938 84 21 Beauté
1901 940 88 24 appelle

1517 962 13 20 à
1534 968 41 14 son
1585 969 91 14 secours
1685 967 23 17 et
1716 964 95 25 implore
1819 972 31 13 un
1860 968 87 23 regard.
1957 967 32 21 Ce

1517 996 54 19 pays
1579 991 30 19 où
1618 991 21 19 la
1657 991 36 20 vie
1708 992 53 20 était
1774 992 61 25 jadis
1855 995 104 24 agréable
1967 999 22 16 et

1516 1018 46 19 très
1578 1018 44 20 bon
1640 1019 97 24 marché,
1755 1023 34 17 est
1808 1021 140 21 maintenant
1966 1024 22 19 la

1516 1045 63 24 proie
1588 1045 39 21 des
1636 1047 153 24 spéculateurs
1797 1048 29 20 de
1833 1052 52 17 tous
1902 1050 85 21 ordres.

1517 1072 30 20 La
1552 1079 81 19 guerre
1641 1074 31 20 lui
1683 1081 13 13 a
1706 1076 63 23 porté
1777 1082 31 14 un
1821 1083 57 18 coup
1887 1077 53 21 fatal
1957 1082 30 20 et,

1516 1100 18 20 si
1549 1101 45 20 l’on
1609 1102 36 24 n’y
1653 1102 67 20 veille
1737 1109 47 18 pas,
1802 1104 45 20 l’ïle
1861 1111 56 17 sera,
1932 1106 56 20 dans

1515 1128 109 25 quelques
1632 1130 92 23 années,
1733 1131 52 24 plus
1793 1132 95 24 peuplée
1896 1132 29 21 de
1933 1137 56 17 tom-

1516 1156 39 20 bes
1563 1162 45 18 que
1616 1156 129 22 devivants.

1540 1183 129 26 Dédaignée
1685 1192 43 17 par,
1746 1186 32 20 les
1801 1192 188 19 gouvernements

1515 1211 38 24 qui
1570 1218 26 13 se
1612 1216 53 16 sont
1681 1213 97 20 succédé
1794 1220 30 14 au
1846 1216 103 24 pouvoir,
1966 1217 22 20 la

1515 1238 70 21 Corse
1598 1246 25 13 se
1639 1244 76 16 meurt
1731 1240 124 22 lentement
1874 1243 56 21 dans
1947 1250 41 14 son

1514 1266 245 25 isolementsplendide.
1766 1268 70 22 Faute
1842 1271 29 19 de
1876 1271 111 25 capitaux,

1516 1294 32 20 les
1557 1295 136 24 entreprises
1697 1302 15 18 y
1720 1300 52 16 sont
1780 1297 170 25 insignifiantes.
1958 1300 30 20 La

1515 1322 169 21 main-d’oeuvre
1701 1329 106 19 manque.
1830 1325 30 20 La
1886 1325 71 22 Corse
1971 1334 15 14 a

2011 164 2 26 |
2024 158 70 24 perdu
2099 164 29 14 au
2137 159 86 20 service
2232 159 56 21 delà
2304 161 87 21 France
2408 163 21 20 le
2445 163 51 25 plus

2024 185 54 21 clair
2090 186 29 20 de
2127 193 37 14 ses
2169 186 42 21 fils.
2223 188 30 20 La
2262 191 59 18 terre
2327 190 52 25 déjà
2387 198 43 18 peu
2446 197 51 19 pro-

2023 214 90 20 ductive
2121 218 35 17 est
2168 215 116 22 délaissée.
2302 217 42 21 Les
2361 225 136 19 campagnes

2024 242 74 20 voient
2107 243 84 20 l’exode
2199 244 40 20 des
2248 251 83 14 ruraux
2347 253 50 14 vers
2410 247 32 20 les
2456 247 41 20 vil-

2022 269 40 24 les,
2072 271 39 24 qui
2120 277 143 19 progressent
2272 274 60 20 alors
2345 281 45 18 que
2407 275 32 20 les
2457 275 40 20 vil-

2021 297 61 25 lages
2091 299 139 21 s’anémient.

2049 326 108 21 Pourtant
2179 327 39 21 des
2245 329 160 21 commissions
2425 330 72 25 parle-

2022 353 121 21 mentaires
2151 361 15 18 y
2173 355 75 21 furent
2257 359 112 23 envoyées
2383 358 113 20 officielle-

2021 385 69 18 ment.
2101 382 81 21 maints
2189 384 115 21 ministres
2313 389 41 16 ont
2366 387 86 23 promis
2465 386 30 20 de

2021 407 56 21 faire
2084 410 145 24 l'impossible
2238 418 58 18 pour
2312 412 51 20 elle.
2376 414 120 24 Aujourd’¬

2021 435 38 21 hui
2080 437 21 20 la
2119 437 70 21 Corse
2206 443 34 16 est
2257 440 12 19 à
2283 443 63 17 toute
2369 442 124 25 extrémité,

2021 463 53 21 c’est
2081 471 31 13 un
2118 465 49 21 fait.

2175 510 40 22 Un
2223 512 114 25 exemple

2045 554 85 24 Depuis
2147 555 112 24 plusieurs
2277 558 113 21 semaines
2404 560 21 20 le
2439 560 54 25 pain

2019 584 41 19 est,
2070 588 29 13 en
2112 582 77 24 Corse,
2198 584 14 19 à
2221 585 55 19 trois
2290 585 76 21 francs
2382 587 111 21 soixante-

2019 608 81 25 quinze
2108 609 22 20 le
2142 610 147 25 kilogramme
2295 612 6 20 !

2044 636 32 20 Ce
2084 637 50 20 seul
2142 637 234 29 faitdémontreàquel
2385 645 108 19 tournant

2018 664 52 25 aigu
2078 664 29 20 de
2115 665 99 21 détresse
2224 671 22 16 et
2255 667 138 27 d'abandon,
2408 674 34 18 est
2457 678 36 13 ar-

2018 691 61 21 rivée
2085 693 55 20 l'Ile.
2150 693 43 21 3fr.
2203 694 33 25 75,
2245 695 60 21 alors
2313 703 45 19 que
2371 698 22 20 la
2403 699 89 25 majoré

2017 721 23 18 té
2045 720 28 20 de
2081 720 21 21 la
2111 722 130 24 population
2256 730 64 14 corse
2335 726 96 24 possède
2445 728 46 19 très

2017 753 44 19 peu
2070 748 101 26 d’argent
2178 750 93 25 liquide,
2283 752 62 21 alors
2353 760 46 18 que
2408 754 20 20 la
2445 755 47 20 cul-

2018 778 49 17 ture
2075 776 30 20 du
2111 776 36 20 blé
2160 781 34 17 est
2199 778 165 26 insignifiante!
2371 781 121 22 Comment

2018 803 90 20 vivront
2115 804 33 20 les
2154 804 112 23 habitants
2275 808 39 24 qui
2323 815 30 13 ne
2358 810 134 24 produisent

2017 837 45 18 que
2070 837 57 19 pour
2136 835 137 20 eux-mêmes
2282 839 23 17 et
2313 835 33 21 les
2355 838 68 24 petits
2436 845 55 18 pen-

2016 859 98 23 sionnés,
2121 860 56 20 dont
2184 862 21 19 la
2215 864 90 20 retraite
2313 864 79 22 suffira
2405 867 13 19 à
2423 867 68 24 peine

2015 886 14 20 à
2037 892 68 19 payer
2112 887 22 20 le
2147 889 59 24 pain,
2216 890 89 22 devenu
2318 892 125 22 désormais
2457 901 32 14 un

2015 914 93 21 aliment
2115 915 29 20 de
2151 916 70 22 luxe?

2040 942 27 20 Et
2075 943 122 26 quel.pain!
2205 945 95 22 Produit
2307 954 57 14 avec
2372 952 74 18 toutes
2456 950 34 21 les

2014 969 85 21 farines
2108 978 44 18 que
2163 972 34 21 les
2211 973 136 27 boulangers
2361 977 31 20 du
2407 978 83 20 littoral

2014 998 177 22 méditerranéen
2200 1005 41 17 ont
2257 1003 123 25 négligées,
2398 1005 17 20 il
2425 1009 35 17 est
2475 1007 15 19 à

2014 1031 144 19 proprement
2163 1029 249 27 parlerimmangeable.

2024 1085 6 7 ^
2070 1060 104 21 Poccala
2197 1065 45 22 per
2269 1064 93 21 Corsica
2367 1066 12 20 !
2402 1073 87 14 comme

2015 1086 44 20 l’on
2077 1088 33 20 dit
2125 1089 78 21 là-bas.

2035 1130 58 19 L’Ere
2099 1131 87 20 Nouvelle
2193 1134 25 18 du
2227 1134 23 18 24
2262 1134 109 24 Septembre
2379 1137 51 19 1926.

2027 1253 240 32 Aiacciu-Stamparia
2285 1259 25 21 di
2333 1260 22 21 A
2382 1261 94 22 Muvra

2025 1286 219 33 direltore-gerente
2254 1298 7 15 :
2282 1292 71 23 Petru
2366 1294 118 23 ROCCA.-

1580 1394 21 28 È
1613 1401 93 21 surtitu
1716 1408 18 15 u
1745 1408 107 17 numaru
1863 1403 41 28 15,
1917 1404 251 26 Sittembre-Uttobre
2180 1409 27 21 di

1941 1483 3 3 ■
1980 1464 47 42 A

1633 1519 363 95 Baretta
2047 1525 333 117 Misgia

1779 1647 133 23 RIVISTA
1929 1649 176 23 POPULARE
2122 1651 105 23 CORSA

1897 1735 205 29 SOMMARIU

1578 1813 137 22 Maistralé.
1731 1825 27 5 —
1777 1814 46 23 Per
1832 1814 101 23 Uttobre
1946 1822 13 16 e
1971 1816 138 23 Nuvembre
2121 1819 38 21 chi
2172 1825 95 17 venenu
2286 1837 5 4 .
2414 1829 7 14 1

1580 1846 17 22 E
1608 1849 76 20 trenta
1697 1848 135 27 perfezione
1844 1849 24 22 di
1881 1855 13 16 a
1906 1850 79 22 donna
2411 1861 12 16 2

1579 1881 141 26 Borghetti.
1733 1894 27 4 —
1773 1883 65 22 Certi
1855 1884 115 28 impieghi
1991 1901 299 8 ........
2410 1896 12 21 3

1577 1915 121 23 Marcellu
1714 1916 148 23 Alessandri
1874 1917 26 22 di
1913 1918 129 23 Chidazzo.
2054 1931 27 4 —
2099 1919 111 23 Partenza
2242 1938 6 5 .
2285 1938 6 5 .
2411 1929 11 23 3

1577 1948 126 27 Ghjseppe
1716 1950 165 23 Giovannelli.
1894 1963 27 4 —
1934 1953 20 20 A
1968 1952 50 23 miò
2033 1952 116 29 figliulina
2163 1954 98 23 Rosetta
2285 1972 6 5 .
2410 1957 12 22 6

1578 1982 117 23 Tristani.
1710 1995 25 5 —
1751 1983 149 24 Induvinella
2410 1991 13 21 6

1578 2016 23 21 U
1612 2017 112 22 Vecchiu
1743 2017 117 23 Sindacu.
1873 2030 28 5 —
1917 2019 61 22 Poca
1997 2019 108 28 Pulitica,
2125 2022 62 21 assai
2207 2021 19 22 T
2228 2028 67 15 rava-

1733 2051 50 28 gea
2410 2057 12 22 0

1576 2083 95 22 L’Orsu
1682 2084 165 23 d’Orezza.—
1859 2087 21 21 A
1897 2085 141 24 Pulverinu.
2075 2104 215 7 ......
2410 2098 11 21 7

1578 2116 25 22 S.
1616 2117 106 22 d’AuîIè.
1736 2130 27 4 —
1776 2118 128 23 Cuntrastu
2233 2127 14 17 *.
2409 2125 14 22 g

1577 2150 94 23 L’Orsu
1685 2152 124 23 d’Orezza.
1821 2165 28 4 —
1862 2155 21 20 A
1901 2153 112 23 Minicale
2398 2165 25 15 I0

1577 2184 30 22 P.
1617 2185 138 26 Borghetti.
1771 2198 28 4 —
1812 2188 22 21 A
1847 2190 77 19 morte
1936 2188 24 21 di
1974 2188 107 22 Rusetta.
2115 2205 90 6 ...
2284 2207 5 5 .
2398 2199 21 15 n

1577 2219 23 20 A
1619 2220 150 26 prucissione
2397 2232 24 15 I2

1577 2252 23 22 U
1609 2253 111 22 Vecchiu
1729 2254 118 22 Sindacu.
1857 2267 27 4 —
1895 2255 83 28 Aprüe
1987 2256 127 22 minaciatu
2124 2257 30 21 da
2167 2264 13 14 u
2191 2260 101 25 pastore.
2397 2265 24 16 12

1576 2285 77 27 L’apa
1662 2287 42 21 chi
1715 2288 86 22 succia
1812 2295 35 15 un
1858 2288 60 22 fiore
1930 2292 93 19 amatu.
2035 2301 29 4 —
2073 2290 70 22 Fiore
2159 2307 130 6 ....
2397 2300 24 21 13

1576 2320 24 21 U
1614 2320 110 23 Vecchiu
1740 2321 117 23 Sindacu.
1871 2334 27 4 —
1911 2324 21 20 A
1945 2322 114 23 flacchina
2071 2324 24 21 di
2107 2325 37 21 ziu
2154 2324 137 23 Becchiettu
2397 2333 23 21 13

1575 2353 139 23 Maistralé.
1727 2367 28 4 —
1767 2354 105 23 Sirinatu
2396 2366 25 21 14

1575 2387 29 21 F.
1617 2387 31 22 A.
1662 2388 117 23 Franchi.
1796 2401 24 4 —
1837 2390 31 21 Lu
1882 2389 72 23 Gattu
2396 2400 23 22 13

1578 2420 21 23 U
1611 2424 65 25 gattu
1692 2426 79 18 mortu
2396 2433 23 23 ^

1575 2454 98 26 Taglio.
1685 2467 29 4 —
1725 2455 67 23 Cosà
1804 2457 108 28 significa
2395 2461 25 21 16

1575 2487 111 24 Simonu.
1700 2501 28 4 —
1742 2489 9 22 I
1765 2489 147 23 Nuttambuîi
2395 2501 24 22 i7

1574 2522 24 21 U
1612 2522 124 22 Piracciu.
1749 2535 27 4 —
1789 2525 22 20 A
1825 2530 13 15 u
1848 2524 54 27 sgiô
1918 2524 70 22 Petru
2004 2524 79 23 Rocca
2096 2525 150 27 giurnalista.
2283 2543 5 4 .
2395 2534 25 22 19

1573 2555 80 23 Paulu
1665 2556 111 22 Battisti.
1787 2569 27 3 —
1823 2558 20 20 A
1856 2563 118 23 cuccagna
1989 2558 23 21 di
2026 2559 100 26 spazzini
2140 2558 122 23 d’Aiacciu
2281 2577 5 4 .
2395 2568 25 22 19

1574 2589 86 22 Teseo.
1674 2601 28 5 —
1715 2589 113 24 Piccione
1840 2592 75 21 scalzu
2196 2589 91 26 !..
2392 2601 28 16 20

1573 2622 127 23 Minicale.
1713 2635 28 4 —
1753 2624 21 21 A
1787 2624 92 21 Baretta
1894 2624 86 29 Misgia
2392 2635 28 16 22

1573 2655 86 22 Anton
1671 2657 138 22 Dumenicu
1821 2657 108 22 Pernici.
1951 2669 27 4 —
1994 2657 75 22 Stòria
2082 2658 23 21 di
2121 2664 14 15 a
2148 2658 81 23 Verità
2251 2660 39 22 del

1700 2690 88 22 mondu
2391 2701 26 22 23

1573 2742 152 29 Quindicl
1738 2742 85 24 soldi

22 2827 90 25 Rqglittinu
118 2836 20 18 di
142 2838 22 18 A
168 2838 81 20 Muvra
253 2840 67 19 —n-48
325 2851 24 4 —
354 2842 36 18 diu
395 2841 84 19 12-10-26

45 2863 233 75 PÂSÔOALE
311 2887 145 53 PAOLI

209 2960 67 21 0SSIA

108 2992 80 40 Rotta
204 2997 33 35 di
250 2998 177 38 Poatemovo

22 3037 144 33 ^ACONTO
171 3049 110 25 CORSO
286 3053 60 23 DEL
354 3053 124 24 SECOLO

197 3088 86 23 XVIII

230 3122 24 18 DI

148 3148 35 26 D.
201 3150 175 27 Guerrazzi

175 3198 122 32 (Seguito)

40 3238 28 24 Di
75 3244 87 26 talento
174 3250 105 23 immane
285 3251 108 28 fe’prova
404 3259 74 22 quan-

30 3276 13 15 0
52 3277 58 22 nella
121 3287 70 20 presa
210 3284 41 22 del
275 3285 61 22 forte
357 3286 117 22 dell’isola

17 3336 11 15 c
37 3310 56 35 0ssa-!
117 3314 95 24 frovato
236 3324 33 15 un
289 3320 98 21 tenente
405 3325 72 17 corso

173 3349 67 20 certu
252 3349 115 27 congiura
390 3352 87 20 contro

14 3371 16 45 j.
30 3371 7 15 1
51 3372 30 26 ui’
93 3376 138 26 °rdinòche
242 3382 36 27 gli
292 3388 149 17 mozzassero
449 3384 26 21 la

14 3407 79 44 arrfUa’
105 3414 42 21 P°*
158 3412 63 28 ie£at
221 3420 16 16 0
256 3415 31 22 ad
297 3422 33 15 un
346 3416 82 22 aibèro
450 3414 27 24 ïo

49 3441 76 21 essero
132 3444 68 24 vivo.
211 3446 10 22 I
231 3448 135 27 Genovesi,
379 3450 97 21 avendo

38 3472 38 19 eso
85 3478 48 18 uno
150 3477 38 23 del
199 3485 43 17 suo
261 3483 104 27 seguito,
383 3484 24 20 lo
431 3484 47 20 im-

35 3504 104 30 ccarono,
149 3512 31 20 ed
190 3514 48 27 egli
248 3521 70 16 senza
328 3522 73 21 porre
415 3518 62 20 tem-

12 3565 28 19 ÜÏI
54 3537 42 48 ftra
115 3547 85 25 mezzo’
227 3547 54 23 *ece
303 3549 130 27 inipiccare
450 3550 26 21 di

12 3597 32 20 Sot
64 3573 58 21 ratto
148 3583 28 19 4o
196 3581 142 28 prigionieri
357 3583 118 27 genovesi

12 3626 17 21 si
121 3613 65 19 mura
205 3613 24 21 di
243 3613 93 28 Bastia;
351 3618 65 19 certo
434 3616 41 27 qui

12 3637 46 46 JJ^
59 3639 29 17 110
103 3644 101 26 Sci*sare,
226 3647 90 27 perché
330 3649 78 21 intese
425 3655 52 15 am-

78 3674 50 32 ^re
146 3678 54 24 ^Ueî
223 3682 93 21 cosacci
338 3682 38 21 dei
398 3684 78 24 nostrj

11 3728 26 18 Co
61 3705 28 17 1Cl
97 3707 62 22 ne^e
165 3709 81 24 buone
254 3720 106 21 creanze;
370 3721 60 21 pure
436 3721 40 15 ec-

46 3737 108 25 Hùestala
165 3744 77 23 trovai
254 3748 96 21 anch’io
360 3754 31 15 un
399 3749 76 21 tanti-

506 2850 32 16 no
558 2845 132 28 abbrivata;
703 2848 89 28 peggio
803 2849 32 24 fu.
844 2850 113 22 mandare
966 2856 13 16 a

505 2878 85 22 morte’
607 2879 71 22 brevi
695 2887 86 20 manu,
793 2882 48 21 due
854 2882 71 23 Côrsi
936 2889 43 16 ve-

506 2912 51 21 nuti
563 2914 14 19 à
584 2912 60 23 zuffa
652 2915 37 20 tra
697 2915 60 26 loro;
767 2921 14 16 e
789 2918 86 25 questo
887 2923 92 21 nacque

506 2945 30 21 da
548 2946 168 28 considerarsi,
735 2954 69 17 corne
824 2955 35 21 re,
872 2955 72 23 sopra
954 2952 24 20 le

505 2979 65 28 leggi
578 2986 14 15 e
606 2980 7 21 i
624 2982 130 26 maestrati;
767 2982 38 22 ciò
817 2983 50 27 poi,
880 2984 45 22 che
936 2984 43 28 più

505 3013 24 21 di
548 3015 37 20 tut
586 3015 23 21 to
628 3015 34 28 gli
678 3021 103 22 nocque,
793 3016 26 22 fu
830 3017 25 21 la
865 3019 78 20 morte
952 3017 25 22 di

506 3043 107 32 Angioïo
625 3048 112 23 Luccioni
749 3050 112 27 capitano
876 3051 25 22 di
913 3051 65 22 valo-

505 3086 35 20 rem
552 3080 45 22 che
607 3082 94 22 avendo
711 3083 112 23 favellalo
831 3089 45 17 con
889 3090 86 16 manco

504 3114 25 21 di
541 3120 128 17 reverenza
684 3116 25 22 di
719 3116 120 29 Teodoro,
852 3119 48 27 egli
912 3124 27 16 se
952 3119 25 21 lo

504 3147 53 22 fece
574 3154 142 17 ammazzare
732 3152 64 20 sotto
812 3152 33 27 gli
866 3152 68 21 occhi
951 3152 25 21 in

504 3183 57 19 onta
569 3182 46 21 aile
623 3184 171 27 supplicazioni
801 3185 40 21 dei
848 3185 129 22 circostan-

504 3214 26 21 ti:
547 3215 198 24 deli’abbiettezza
756 3218 160 22 rammenterò
931 3225 46 17 una

504 3253 54 16 cosa
572 3249 58 26 sola,
639 3250 32 21 ed
678 3250 14 21 è
704 3251 22 21 la
737 3252 99 21 vendita
843 3252 62 21 délia
917 3251 60 23 Côr-

504 3282 77 21 sicaai
591 3283 52 21 suoi
653 3284 123 27 creditori;
786 3292 13 14 e
807 3288 86 24 questo
904 3288 72 19 stette

503 3316 91 27 megüo
601 3317 23 20 ai
631 3316 72 22 Gôrsi
711 3317 44 22 che
763 3318 95 22 ilvezzo
868 3320 44 20 alla
921 3325 12 14 s
935 3324 40 22 po-

503 3354 34 20 sa;
550 3349 88 21 dacchè
649 3350 22 20 si
687 3350 94 22 dettero
792 3357 71 15 corne
874 3352 100 25 schiavi,

503 3381 26 22 fu
535 3382 81 27 giusto
628 3383 45 21 che
680 3384 21 20 si
714 3386 138 20 trovassero
876 3386 99 21 venduti

503 3420 69 16 corne
582 3416 85 21 bestie.
678 3416 46 22 Chi
735 3417 64 22 fosse
808 3420 86 25 questo
901 3418 74 22 uômo

504 3448 38 22 chi
557 3450 26 20 lo
591 3450 134 27 mandasse,
746 3451 30 21 da
792 3451 38 22 cui
843 3452 112 21 ritraesse
967 3453 8 20 i

503 3483 122 27 quattrini,
638 3489 15 15 o
662 3489 49 16 non
723 3484 14 21 è
746 3488 67 23 noto,
827 3491 15 16 o
851 3491 62 21 poco
926 3491 50 15 ma-

503 3515 97 22 nifeste.
607 3516 140 23 Affermano
757 3524 72 15 avéré
841 3520 88 26 vagato
936 3519 40 26 pel

502 3549 91 22 mondo
604 3555 13 15 a
627 3549 47 22 mo'
687 3551 26 20 di
723 3551 102 27 zingano
833 3553 65 20 sotto
907 3551 67 22 nomi

503 3582 90 21 diversi
605 3588 42 16 ora
659 3584 124 26 pigliando
794 3585 81 26 quello
887 3585 23 20 di
929 3584 46 21 Na-

502 3621 65 21 paer,
586 3621 42 16 ora
642 3616 26 21 di
680 3616 104 27 Limber,
797 3623 42 16 ora
851 3618 24 21 di
889 3617 84 26 Nisun,

502 3654 42 16 ora
560 3649 25 21 di
604 3648 156 29 Seimbough;
778 3653 89 25 quanto
878 3656 15 15 a
910 3650 65 22 titoli

502 3684 82 24 potete
595 3682 97 22 credere
701 3683 60 21 ch’ei
771 3689 50 15 non
830 3684 21 20 si
862 3684 113 20 lasciasse

502 3715 85 27 patire;
599 3715 126 22 inLondra
734 3716 70 27 passò
817 3716 155 27 pertedesco,

503 3748 144 26 inLivorno,
661 3747 150 29 peringlèse;
821 3750 24 20 di
854 3755 121 16 commen-

1005 2850 85 22 datizie
1098 2855 49 17 non
1162 2855 136 18 conosceva
1306 2851 107 27 penuria,
1421 2856 55 21 per-

1005 2883 52 26 ché,
1070 2884 96 25 dicono,
1180 2889 26 16 se
1217 2884 24 21 le
1252 2884 137 22 fabbricava
1401 2884 28 21 da
1440 2883 33 25 sè;

1003 2917 139 22 assicurano
1149 2918 116 26 eziandio,
1274 2917 61 22 ch’ei
1344 2917 131 22 dimorasse

1004 2951 98 21 schiavo
1113 2950 102 28 qualche
1225 2953 83 26 tempo
1320 2957 14 15 a
1344 2950 92 22 Tunisi.
1445 2951 30 21 La

1003 2983 67 22 fonte
1081 2983 39 22 dei
1139 2984 115 27 quattrini
1268 2985 83 21 taluno
1373 2985 23 21 la
1406 2986 69 20 trova

1003 3018 41 21 nel
1051 3017 65 22 Gran
1124 3016 87 27 Turco,
1221 3018 53 21 altri
1282 3018 41 21 nel
1329 3018 52 28 Bey
1392 3018 24 20 di
1428 3017 48 22 Tu-

1003 3051 56 26 nisi,
1072 3051 37 21 cui
1121 3052 107 26 promise
1240 3052 104 21 arrolare
1355 3058 32 14 un
1398 3052 77 27 reggi-

1002 3086 83 20 mento
1096 3084 25 21 di
1132 3083 80 27 Côrsi;
1220 3085 52 22 altri
1283 3091 44 21 per
1336 3084 139 22 ultimol’at-

1002 3118 116 21 tribuisce
1136 3118 31 20 ad
1186 3123 48 16 una
1246 3119 96 27 sequela
1364 3119 23 20 di
1404 3118 71 22 truffe

1002 3151 85 22 dentro
1094 3152 22 20 le
1129 3151 63 27 quali
1201 3151 138 28 accalappiô
1348 3157 33 16 un
1393 3151 81 22 Buraz-

1002 3190 28 16 zo
1041 3184 24 21 di
1082 3184 106 25 Sartene,
1197 3184 89 22 l’ebreo
1300 3184 95 28 Sebagh
1406 3185 23 21 di
1437 3185 38 21 Li-

1003 3220 178 23 vorno,ecerte
1189 3218 116 27 rel'igiose
1315 3218 24 22 di
1349 3224 54 16 casa
1413 3218 62 22 Fon-

1002 3257 56 16 seca
1065 3252 113 21 stanziate
1187 3257 13 15 a
1210 3250 78 22 Roma
1301 3252 40 21 nel
1352 3254 121 20 convento

1002 3285 40 21 dei
1054 3285 60 21 santi
1128 3284 64 22 Sisto
1199 3290 13 15 e
1224 3283 137 24 Domenico
1368 3291 6 15 :
1382 3286 41 21 voi
1431 3292 43 20 per

1002 3320 132 19 avventura
1143 3324 31 14 ne
1188 3320 94 24 saprete
1298 3319 100 26 qualche
1417 3324 56 16 cosa

1002 3351 24 21 di
1038 3351 43 27 più
1088 3352 88 24 sicuro,
1185 3351 88 27 perché
1285 3352 72 22 credo
1367 3352 44 21 che
1421 3357 52 17 mo-

995 3383 68 23 'risse
1074 3391 13 14 a
1100 3384 101 26 Londra,
1222 3390 13 15 e
1248 3383 64 23 forse
1324 3384 98 23 l’avrete
1433 3391 41 16 co-

1001 3418 119 21 nosciuto.

1028 3463 30 4 —
1065 3451 84 22 Difatti
1160 3452 24 20 io
1194 3451 48 21 l’ho
1254 3450 74 27 visto,
1336 3457 38 16 ma
1382 3458 49 15 non
1443 3458 27 16 so

1001 3485 24 20 di
1036 3486 54 26 quai
1098 3485 82 21 colore
1188 3485 35 20 sia
1229 3484 23 21 la
1258 3489 42 16 sua
1306 3490 70 21 voce,
1385 3485 88 27 imper-

1001 3518 98 21 ciocchè
1107 3518 31 21 ad
1149 3518 58 27 ogni
1220 3517 48 21 mia
1282 3517 190 29 interrogazione

1001 3551 94 27 rispose
1102 3552 39 20 col
1147 3550 108 22 silenzio:
1263 3549 38 22 ciò
1310 3551 49 26 puô
1375 3557 46 16 non
1433 3558 40 21 pa-

1000 3590 54 15 rère
1071 3585 99 26 gentile,
1183 3589 39 16 ma
1234 3583 47 27 egli
1298 3589 78 16 aveva
1386 3585 86 27 perfet-

1000 3619 105 19 tamente
1117 3618 82 20 diritto
1211 3616 25 21 di
1248 3615 116 23 farecosi.
1377 3618 27 21 lo
1416 3623 56 21 pos-

1000 3656 29 15 so
1047 3650 66 21 darvi
1133 3652 107 20 contezza
1251 3650 94 25 précisa
1357 3651 62 21 délia
1429 3656 42 16 sua

999 3684 52 21 vita
1062 3690 14 14 e
1087 3684 62 21 délia
1162 3689 42 15 sua
1211 3683 107 21 morte...

1027 3728 30 5 —
1063 3716 48 22 Oh!
1129 3716 20 22 si
1163 3716 80 24 fatelo,
1262 3714 44 22 che
1321 3717 60 21 siate
1400 3717 70 21 bene-

1000 3750 75 22 detto.

1529 2862 29 3 —
1566 2850 49 22 Suo
1634 2850 74 27 padre
1728 2850 21 21 si
1761 2849 94 23 chiamô
1868 2851 109 21 Antonio

1501 2881 91 24 barô-ne
1607 2884 25 20 di
1649 2883 147 22 Newhoffen
1812 2884 62 21 délia
1892 2887 86 18 contea

1501 2917 61 21 délia
1570 2916 70 22 Mark
1655 2917 26 21 in
1693 2916 132 28 Vesfaglia,
1838 2923 14 15 e
1861 2917 116 22 condusse

1501 2956 14 15 a
1525 2950 91 28 moglie
1625 2951 22 20 la
1656 2950 110 28 figliuola
1775 2950 25 21 di
1812 2956 34 15 un
1856 2952 121 20 mercante

1501 2983 25 22 di
1536 2983 77 21 Visen
1621 2985 40 20 nel
1669 2989 72 22 paese
1753 2983 24 21 di
1790 2983 76 28 Liegi:
1878 2984 99 22 tribola-

1500 3018 26 21 to
1538 3017 37 22 dai
1588 3016 98 23 rinfacci
1705 3017 62 21 délia
1778 3017 108 27 famiglia
1894 3023 44 22 per
1953 3018 23 21 le

1501 3051 64 27 turpi
1572 3056 78 20 nozze,
1659 3056 30 15 va
1696 3051 25 21 in
1728 3049 99 23 Francia
1832 3056 42 16 con
1880 3052 23 20 la
1911 3052 64 26 prin-

1501 3084 93 27 cipessa
1604 3084 106 27 palatina
1721 3084 91 28 moglie
1823 3084 39 21 del
1875 3084 60 21 duca
1950 3085 24 21 di

1502 3116 111 26 Orléans;
1629 3117 106 22 favorite
1748 3118 29 20 da
1788 3118 31 20 lei
1833 3119 98 20 ottenne
1942 3123 33 15 un

1501 3151 161 27 impieguccio
1672 3152 41 20 nel
1721 3150 108 26 Messin,,
1836 3151 65 22 dove
1911 3150 64 23 mori

1500 3184 104 27 giovane
1625 3190 13 14 e
1649 3190 103 21 povero;
1768 3184 75 22 lasciô
1855 3184 118 26 Teodoro,

1500 3219 57 20 nato
1576 3219 39 20 sul
1627 3217 34 22 fin
1663 3218 36 21 ire
1711 3218 40 21 del
1761 3218 107 21 seicento
1883 3224 14 15 e
1906 3218 18 21 il
1935 3223 39 16 co-

1499 3251 117 21 minciare
1628 3251 39 22 del
1674 3253 141 24 settecento;
1826 3252 22 20 la
1858 3251 116 22 duchessa

1500 3285 24 20 di
1537 3284 105 22 Orléans
1657 3290 27 16 se
1693 3285 25 21 lo
1728 3290 70 22 prese
1815 3291 44 21 per
1875 3285 97 27 paggio,

1499 3317 42 27 più
1552 3318 62 21 tardi
1622 3319 24 20 lo
1652 3317 90 22 mandò
1750 3319 172 26 luogotenente
1933 3319 40 20 nel

1499 3352 151 27 reggimento
1663 3351 63 21 délia
1739 3351 95 23 Marck..
1844 3351 85 21 Indole
1941 3351 33 21 ir-

1498 3384 116 27 requieta,
1632 3384 104 21 concetti
1754 3384 164 25 avventurosi,
1931 3389 42 16 an-

1497 3417 68 22 zichè
1575 3417 157 28 magnanimi,
1742 3423 59 22 pure
1813 3422 50 16 non
1874 3417 99 27 ingene-

1498 3452 50 20 rosi
1561 3451 39 22 del
1608 3453 63 20 tutte
1679 3467 5 10 ,
1697 3451 94 21 uomini
1803 3451 25 21 di
1848 3450 64 22 ferro
1924 3450 47 21 fusi

1498 3485 64 21 nelle
1571 3485 135 21 medesime
1718 3484 77 22 forme
1807 3484 64 21 dove
1879 3484 34 28 gli
1930 3489 42 15 uo-

1498 3518 61 21 mini
1576 3519 26 20 di
1619 3518 112 21 Plutarco
1743 3517 114 22 uscirono
1876 3517 24 21 di
1913 3522 44 16 oro
1964 3522 6 15 :

1498 3556 71 22 preso
1581 3551 26 21 in
1619 3551 73 27 uggia
1702 3551 55 26 quel
1773 3551 67 21 lento
1857 3550 115 26 arrampi-

1498 3584 61 21 carsi
1571 3584 39 21 dei
1623 3584 86 21 soldati
1721 3584 86 26 poveri
1819 3589 28 15 su
1859 3584 40 26 pei
1916 3588 55 22 gra-

1498 3617 25 21 di
1535 3617 62 20 délia
1607 3616 98 25 milizia,
1715 3616 80 27 pianta
1806 3617 24 20 la
1840 3616 106 25 Francia,
1956 3621 14 15 e

1497 3650 78 26 ripara
1587 3650 62 20 nella
1660 3648 84 23 Svezia
1752 3655 5 15 :
1770 3649 77 21 milita
1857 3654 46 16 con
1913 3648 58 22 Car-

1496 3683 25 20 lo
1532 3682 56 25 XII,
1607 3684 67 19 entra
1685 3688 14 15 a
1706 3684 67 25 parte
1780 3682 63 21 nella
1855 3682 115 26 congiura

1494 3715 42 21 del
1548 3716 91 20 barone
1651 3714 90 22 Goertz
1749 3721 43 21 per
1802 3714 136 27 deprimere
1947 3715 22 20 la

1497 3748 145 27 Inghilterra
1650 3754 6 19 ;
1670 3754 13 14 a
1695 3750 84 25 questo
1792 3747 48 22 fine
1851 3747 15 21 è
1873 3748 95 26 spedito

2004 2851 24 21 in
2037 2851 101 28 Ispagna
2147 2852 20 21 al
2177 2853 110 22 minis'tro
2295 2855 127 22 Alberoni.
2431 2855 43 22 Nel

2003 2883 127 29 frattempo
2143 2885 71 23 Carlo
2225 2886 47 22 XII
2284 2893 85 16 muore
2377 2894 100 16 ammaz-

2001 2919 52 20 zato
2062 2923 13 16 a
2087 2918 172 28 Fredereishal,
2277 2920 91 25 Goqrtz
2378 2927 61 22 paga
2454 2924 22 20 la

2002 2952 122 26 congiura,
2138 2952 97 22 riuscita
2246 2959 15 15 a
2271 2954 71 25 male,
2356 2955 40 21 col
2408 2961 64 22 capo.

2002 2984 84 22 Allora
2094 2984 134 23 l’Alberoni
2237 2987 25 20 lo
2271 2987 75 27 piglia
2358 2994 15 15 a
2379 2991 96 26 proteg-

2001 3023 66 21 gere,
2080 3024 14 14 e
2104 3019 25 23 lo
2142 3018 23 22 fa
2173 3019 136 23 colonnello
2318 3021 26 21 di
2353 3027 34 15 un
2396 3023 78 27 reggi-

2001 3053 82 19 mento
2092 3057 7 20 ;
2111 3052 106 27 giovane
2228 3053 25 21 di
2263 3053 64 27 anni,
2341 3055 24 20 di
2383 3058 99 24 aspetto'

2000 3084 120 27 giocondo
2129 3091 14 15 e
2151 3085 128 29 d’ingegno
2287 3087 113 27 bizzarro,
2412 3089 62 27 piac-

2001 3122 45 22 que
2059 3124 13 15 a
2082 3118 57 29 lady
2152 3118 115 23 Forsfield
2277 3119 92 29 figliula
2381 3121 25 22 di
2421 3123 53 21 lord

2001 3149 145 24 Kilmanoch
2153 3159 6 19 ;
2171 3153 22 21 la
2205 3153 74 27 sposò
2289 3160 13 15 e
2313 3155 24 21 la
2345 3154 76 22 lasciô
2429 3163 7 19 ;
2447 3162 26 15 se

1999 3190 44 20 per
2052 3186 68 26 colpa
2132 3191 42 16 sua
2184 3192 14 16 0
2206 3187 62 21 délia
2276 3188 91 28 moglie
2379 3194 50 16 non
2438 3195 34 20 so,

1999 3216 66 23 forse
2073 3218 24 22 di
2110 3219 124 22 ambedue.
2244 3220 115 23 Recatosi
2370 3228 13 15 a
2393 3221 78 29 Parigi

2000 3251 20 21 si
2029 3251 76 22 arnica
2113 3252 66 27 Law,
2189 3254 30 21 ed
2228 3255 119 21 entrambi
2356 3258 70 24 porta
2432 3256 41 21 via

1999 3284 18 22 il
2027 3286 96 20 turbine
2131 3287 204 23 amministrativo
2344 3289 25 21 di
2379 3291 92 20 cotesto

2000 3317 110 23 Vesuvio
2127 3319 63 22 delle
2207 3323 109 20 sostanze
2333 3322 115 27 publiche
2460 3329 13 15 e

1999 3352 93 25 private
2099 3359 6 13 :
2118 3353 74 21 allora
2200 3353 99 28 viaggiô
2307 3355 27 21 in
2343 3354 129 28 Inghilter-

1998 3389 33 20 ra,
2051 3384 152 23 nell’Olanda
2222 3392 14 16 e
2257 3387 168 28 nell’Oriente,
2447 3390 24 21 in

1998 3422 68 16 cerca
2078 3418 24 21 di
2114 3418 80 23 buona
2211 3420 96 22 fortuna
2314 3421 35 22 :in
2361 3422 110 23 Amster-

1998 3450 63 26 dam,
2069 3451 89 22 strinse
2166 3453 54 27 lega
2227 3458 46 16 con
2281 3455 113 26 parecchi
2406 3456 64 22 ebrei

1997 3489 44 21 per
2052 3485 58 20 certi
2122 3484 104 28 traffici,,
2239 3486 46 22 che
2297 3487 20 22 si
2336 3488 74 22 fanno
2427 3490 44 27 più

1997 3517 126 22 volontieri
2136 3518 24 21 di
2172 3520 81 25 quello
2265 3520 44 22 che
2321 3521 21 21 si
2353 3522 117 23 confessi-

1998 3556 39 15 no.

2152 3605 12 27 (
2167 3604 143 31 Cuntinua)
