2584 3956
40 173 35 16 Fra
81 161 36 22 noi
125 152 97 37 sçrittori
233 150 23 17 di
268 149 20 18 A
294 148 109 19 MDVRA.

82 205 79 42 S’ellu
173 201 26 35 ci
210 198 74 45 fussi
296 207 98 25 mezzu
411 196 30 36 di

186 249 143 36 scnicsi*«*«

59 346 37 23 Frà
107 342 6 20 i
126 333 111 27 numerosi
250 331 61 25 pueti
320 338 13 13 e
345 331 111 25 prusatori
466 331 30 20 d'i

77 376 14 22 \\
102 368 122 25 suminemu
237 363 23 20 in
274 361 121 21 l’universu
409 361 7 20 i
426 361 71 21 scritti

39 388 97 40 ^mpati»
155 397 20 20 ci
190 393 129 25 accurgimu
334 392 35 20 chi
383 398 44 14 una
440 398 57 19 gran

39 416 17 19 St
56 418 11 13 3
73 442 18 15 te
102 430 86 23 volenu,
202 423 102 22 cum’ellu
317 422 50 21 dice
375 429 14 13 u
404 423 93 20 vecchiu

39 446 108 41 ^verbiü
156 462 64 16 corsu
225 462 7 13 :
242 454 41 20 tira
292 460 91 18 ognunu
390 453 88 26 l'acqua
484 460 13 13 a

39 479 22 21 Pr
84 491 89 25 jnulinu.
180 486 95 22 Vulemu
284 484 61 25 parla
351 483 22 21 di
383 484 68 25 quelli
461 484 36 20 chi

39 510 12 31 •U
79 526 69 21 ndenu
161 518 51 22 vulè
224 516 35 23 dà,
274 515 20 21 ci
295 521 25 14 as
321 521 26 14 eu
349 521 39 17 nu,
402 515 97 21 un’orto-

39 540 59 40 jDafja
105 551 113 24 difFarente
230 553 13 14 a
252 549 62 17 certe
322 545 75 26 parole
403 552 13 14 o
422 546 75 20 termi-

38 571 21 42 Sj
72 581 84 28 climuni
171 586 13 14 a
195 578 63 21 tutt’e
272 576 86 26 parlate
372 576 23 20 di
410 575 86 22 l’Isula.

38 621 66 20 mimu
113 611 100 29 parlate,
226 606 90 27 perche,
330 607 20 19 ci
356 607 102 20 mettimu
470 607 29 20 bè

39 655 5 6 •
64 642 126 28 chiocchinu
200 639 35 21 chi
244 644 15 14 u
268 644 65 14 corsu
343 638 13 20 è
364 644 31 14 un
404 638 93 21 dialettu

38 680 82 24 *talianU
128 673 37 27 più
175 678 13 13 °
200 675 67 15 menu
281 668 89 21 listessu
379 669 23 20 in
411 669 16 20 li
436 669 63 20 diffa-

38 710 49 26 renti
95 703 60 30 paesi
163 709 14 13 o
186 699 104 26 rughioni
300 699 23 20 di
331 706 13 13 a
354 699 108 26 Corsica).

57 741 27 21 XJ
90 730 252 29 &sitibvuziXL,interide
350 730 36 20 chi
399 730 99 21 vulendu

64 770 46 22 ificà
117 772 36 15 sse
161 763 87 21 diverse
262 760 85 25 parlate
355 768 13 13 e
376 761 68 20 fanne
452 768 46 13 una

37 806 74 21 lin^ua,
126 802 30 15 un
165 793 77 21 rivene
251 792 30 20 nè
289 791 39 26 più
338 792 29 19 nè
375 798 68 14 menu
456 791 43 21 che

55 832 46 22 bulè
108 828 32 21 di:
154 824 108 22 Parlemu
271 829 13 13 e
297 822 108 21 scrivimu
417 822 25 21 in
449 822 50 20 Ita-

37 867 63 21 lianu.
116 858 24 21 Li
148 856 66 20 demu
222 860 14 14 a
245 853 77 25 raggiò
331 860 7 14 :
345 860 35 13 ma
390 854 61 23 però,
461 860 38 18 ag-

37 894 114 22 ^hiustemu
161 886 35 21 chi
205 883 176 22 st'unificazione
389 884 110 24 pruduce-

37 925 96 23 reb.be-un
141 917 92 21 italianu
242 915 40 26 più
290 915 60 20 riccu
358 914 42 21 che
412 915 88 20 l’Italia-

37 946 224 34 QU,perché,crisciutu
268 946 22 20 di
297 946 75 25 parole
378 952 13 14 e
396 945 101 21 termini:

36 991 48 19 Vera
90 981 72 23 robba
170 980 86 19 nostra.

57 1012 29 21 pè
93 1015 14 14 u
115 1006 123 21 mumentu,
252 1002 21 21 ci
280 1005 103 18 -sentimu
396 1008 102 18 xncapaci

36 1043 18 22 di
62 1039 55 27 pudè
124 1034 92 27 appacià
224 1033 7 21 i
241 1033 71 20 nostri
321 1032 97 21 scrittori
425 1032 73 26 sopr’a

36 1070 101 30 quistione
144 1066 81 25 lingua
231 1071 14 14 o
250 1063 106 21 dialettu.
363 1064 35 20 ün
405 1063 19 21 ci
431 1069 67 19 passa

35 1107 72 19 mancu
119 1105 40 19 per
167 1096 63 21 l’idea
242 1095 23 20 di
274 1095 53 20 vulè
334 1094 23 21 fà
365 1094 23 21 di
396 1101 6 13 :
416 1094 61 20 colla
485 1100 14 14 e

33 1134 65 28 fala,a
104 1137 30 14 un
140 1126 201 25 ba.stia.edu.piglia
346 1132 13 14 e
364 1125 134 26 tqglia,a.un

34 1164 107 24 sartinese,
154 1165 57 19 sogu
222 1159 87 22 statut
317 1164 31 13 un
361 1156 114 20 curtinese
484 1162 14 14 o

34 1193 80 25 datemi
119 1198 16 14 a
140 1190 51 22 beie
196 1190 24 20 in
225 1195 28 14 su
258 1187 115 21 bicchieru
379 1187 79 22 cust'1,2.
466 1192 31 14 un

34 1224 100 24 aiaccinu,
141 1220 82 27 perché
232 1220 21 20 ci
262 1220 59 20 séria
332 1218 107 25 rispostu:
446 1223 53 14 ave-

34 1254 99 25 teTasgiu
142 1251 93 22 lAndate
243 1257 14 14 a
265 1249 61 22 fabbi
335 1248 84 26 leghie!
432 1248 65 20 Ancu

33 1288 33 27 più
77 1282 144 27 impussibile,
235 1282 29 25 pè
277 1288 15 13 u
306 1282 124 20 mumentu,
443 1279 21 20 ci
477 1278 19 20 si

33 1324 54 21 pare,
93 1315 22 21 di
124 1311 53 24 vuìè
184 1312 123 26 impedisce
315 1311 42 21 che
364 1318 13 13 a
385 1309 113 22 bunnella

33 1343 16 27 si
56 1353 63 21 possa
127 1345 87 21 chiamà
220 1342 155 27 ghiacchetia,
379 1340 117 24 marzina,

32 1373 333 29 curetta,jabana,camisgiola
371 1380 14 13 o
391 1378 107 15 carama-

31 1409 70 27 gnola,
116 1415 13 13 o
138 1407 36 21 chi
184 1414 14 13 u
208 1406 18 21 d
237 1405 114 26 rimpiazzi
363 1404 27 21 17
400 1410 23 14 m
436 1406 62 17 certe

32 1441 84 27 parlate.

52 1466 157 24 L’impurtante
217 1469 40 19 per
266 1462 46 23 noi,
319 1462 23 20 in
351 1464 36 18 stu
396 1466 102 14 mumen-

30 1502 27 20 tu,
63 1497 57 20 séria
128 1495 98 21 d’aduttà
234 1500 46 14 una
287 1493 47 20 sola
342 1490 120 27 ortografià
469 1491 29 25 pè

29 1529 7 20 i
40 1527 84 22 termini
130 1533 14 13 e
149 1525 76 26 parole
233 1524 24 21 di
265 1523 126 27 pruhunzia
399 1527 98 16 cumuna

29 1567 11 13 a
47 1566 12 13 e
66 1558 118 20 difFarente
192 1556 96 26 parlate;
297 1553 90 27 perché,
396 1552 76 21 corciu
481 1558 16 14 u

29 1588 136 26 stampadore
173 1587 37 21 chi
215 1587 29 20 ha
250 1586 29 20 da
285 1586 34 20 stà
324 1592 14 13 a
342 1587 64 17 sente
411 1590 13 13 a
433 1582 60 21 tutti!

29 1621 31 20 Un
66 1620 15 20 li
89 1623 60 17 sorte
157 1625 15 13 u
180 1617 79 21 freddu
266 1616 28 20 da
300 1622 15 13 u
321 1615 74 24 spinu,
402 1619 95 19 pensen-

29 1652 25 20 du
63 1650 35 20 chi
107 1650 45 19 taie
160 1655 52 13 cosa
220 1648 30 25 pô
258 1646 118 20 scuntentà
389 1652 13 12 a
410 1645 37 19 mè
455 1650 41 20 per

30 1680 99 22 cuntentà
137 1679 76 25 queîlu
221 1684 14 14 e
243 1677 37 20 chi
288 1676 44 20 taie
340 1676 56 20 altra
405 1681 52 18 cpsa
466 1676 30 24 pô

30 1711 110 22 scuntentà
150 1708 76 26 quellu
236 1714 41 19 per
285 1707 105 20 cuntentà
402 1706 94 25 quill’al-

30 1747 39 18 tru.
293 1763 6 6 .
410 1762 6 5 .

52 1766 106 26 Pigliemu
167 1771 39 19 per
213 1770 102 18 esempiu
328 1770 15 13 u
351 1766 96 17 termine
454 1765 42 17 ita-

31 1800 54 20 lianu
90 1803 45 15 non
140 1797 14 19 è
159 1795 36 21 chi
202 1795 38 20 noi
246 1794 89 20 videmu
342 1794 86 20 scrittu:
433 1793 60 22 un’è,

31 1837 27 14 un
68 1830 18 22 è,
101 1834 30 15 un
144 1827 44 22 n’è,
203 1832 48 14 unn
263 1826 21 22 è,
299 1825 74 23 unrìé,
387 1831 31 14 un
429 1824 65 25 ghiè.

32 1857 161 24 Ghiudichendu
202 1857 55 20 chia
267 1856 122 25 negazione
398 1855 96 25 ripetuta

32 1892 23 20 và
60 1890 54 21 male
119 1896 13 14 o
138 1888 37 21 chi
179 1888 19 20 si
204 1888 29 24 pò
238 1886 156 22 benississimu
400 1885 94 21 cunfon-

32 1920 122 26 de(italianu
160 1925 46 15 uno
211 1918 30 26 è),
246 1918 20 20 ci
273 1917 112 21 decidimu
391 1917 22 19 di
419 1916 74 20 scrive

32 1954 22 19 da
62 1952 36 25 qui
105 1951 23 20 in
136 1951 29 20 da
169 1957 7 14 :
189 1950 75 20 unn’è.
280 1949 44 20 Per
336 1948 89 20 listessu
439 1954 53 14 casu

32 1983 124 21 scriveremu
163 1980 97 23 unn’ha,
267 1979 137 25 unn’aghia,
410 1984 56 14 ecc..

52 2014 17 20 ü
77 2012 92 22 termine
177 2018 13 14 e
195 2011 39 26 pò,
241 2010 66 25 eppò,
314 2010 49 25 epò,
370 2012 65 22 eppo,
442 2008 51 23 (ita-

32 2045 52 20 lianu
88 2044 67 25 eppoi
159 2043 27 20 da
192 2041 133 21 cunfundesi
330 2040 128 21 facilmente
463 2046 28 14 eu

32 2076 62 20 l’altru
111 2073 94 23 termine
222 2072 94 21 italianu
333 2078 14 14 e
361 2071 65 26 può),
441 2071 50 21 serà

32 2106 67 20 scrittu
111 2105 28 21 da
151 2105 40 25 qui
202 2104 23 20 in
233 2104 29 20 da
271 2103 65 25 eppò,
348 2109 14 14 o
370 2102 74 25 eppoi,
457 2108 35 15 se-

31 2140 72 22 guente
111 2135 101 22 cum’ellu
221 2134 19 21 si
248 2138 73 17 trova.

52 2167 16 21 E
75 2167 72 26 parole
155 2167 90 20 italiane
253 2165 24 21 in
284 2172 34 18 gn
328 2168 162 17 inanteneranu

32 2205 12 13 u
50 2202 66 17 stessu
119 2205 40 18 gn.
165 2197 24 21 Si
194 2197 98 21 scriverà
300 2196 92 25 dunque
400 2198 91 18 munta-

30 2236 47 17 gna,
82 2229 164 25 legnu,pagnu,
251 2228 86 24 bugnu,
343 2233 47 14 ecc.
394 2226 96 25 -.Quelle

31 2260 50 20 ch’in
97 2260 90 20 italianu
205 2259 100 25 piglianu
321 2264 39 19 ng,
374 2257 115 26 esempiu:

29 2291 78 25 piangi,
113 2291 88 25 stringi,
206 2296 64 15 ecc...
275 2289 125 25 pigliaranu
408 2288 24 20 in
441 2295 52 14 cor-

31 2327 22 14 su
58 2322 51 25 ngh.
114 2321 24 21 Si
146 2322 98 20 scriverà
256 2321 93 24 dunque
355 2325 6 14 :
367 2319 120 25 stringhie.

31 2352 103 25 munghie,
140 2352 182 26 tinghie.unghie
326 2349 160 27 (verbu)ecc...

51 2383 50 21 Altri
109 2383 89 21 termini
207 2390 13 14 o
233 2383 86 25 parole,
325 2382 22 20 di
361 2381 126 26 prununzia

31 2420 85 15 cumuna
123 2421 13 14 a
143 2418 57 17 tutte
208 2421 12 14 e
228 2414 95 26 parlate,
331 2413 35 20 chi
377 2413 21 20 ci
406 2412 82 25 capite-

31 2450 46 15 ranu
85 2452 12 14 a
105 2447 64 24 passà
174 2446 22 20 in
203 2446 36 24 da,
247 2451 100 15 averanu
353 2442 134 26 l’ortografia

31 2474 93 23 indettata
133 2477 23 20 in
162 2477 22 20 lu
194 2480 77 17 nostru
278 2475 97 26 jurnale,
385 2475 24 20 in
420 2474 16 21 li
445 2480 42 14 nu-

31 2507 46 19 mari
82 2513 11 14 a
103 2508 131 21 vene.Sott’a
240 2508 89 20 listessu
338 2505 149 21 indettur.Or-

30 2536 121 27 tografìa,
169 2539 125 25 parleremu
323 2538 22 20 di
370 2536 116 25 l’impiegu

30 2567 90 26 adassi.a
128 2570 106 20 I’accentu
240 2575 91 20 grave.e
342 2571 145 21 acutu,sopra

31 2600 85 20 evocali.

45 2624 52 25 Avà,
103 2626 119 26 preghemu
227 2625 8 20 i
241 2627 72 20 nostri
318 2626 166 23 cullaburatori,

30 2647 12 20 d
46 2648 88 28 impiegà
142 2658 14 14 u
162 2658 66 14 menu
235 2652 108 25 pussibile
348 2652 69 20 robba
424 2652 62 20 d’im-

30 2676 116 21 purtazione
160 2677 117 24 straniera,
295 2683 156 20 eperquessa,
468 2677 17 20 li

30 2701 133 25 cunsigliemu
181 2703 22 19 di
212 2702 29 22 dà
258 2710 32 14 un
298 2704 66 24 colpu
380 2703 105 20 d’occhiu

30 2726 131 23 aulibbrettu
168 2728 22 20 di
202 2728 18 21 U
235 2728 252 22 Babbuziu:XJns.fî.1-

31 2752 29 18 za
70 2751 221 24 difraneesismi.

268 2797 24 21 A
303 2795 153 23 redazzione.

520 158 185 53 MÎTIZIE
736 167 51 47 DI
815 169 177 52 CORSICA

545 251 94 21 Aiacciu
648 265 24 4 —
676 256 93 25 Ambrosi,
786 261 53 17 dettu
856 262 64 22 Lulus,
941 264 54 18 firilu

523 279 19 15 di
550 279 37 17 due
597 280 121 21 rivulvarate.
728 288 53 14 corsu
790 285 114 20 Grandval.è
915 290 60 17 mortu
983 294 12 13 a

523 306 12 12 u
553 303 184 22 »pidale.L’assassiui
745 309 50 18 hanu
803 311 77 22 piglialu
889 317 11 13 a
908 314 86 18 macchia.

545 337 91 21 Azzana
644 351 22 4 —
675 343 58 19 Morie
741 345 17 17 di
771 347 83 18 inadama
864 349 74 18 veduva
949 350 46 17 Iulia

524 362 76 20 Battesti
608 366 63 18 d’auni
678 367 30 18 82.

546 395 64 20 Calvi
618 408 23 4 —
648 399 118 22 Matrimoniu
775 404 20 17 di
805 406 127 18 madamicella
940 407 55 18 Lucia

525 422 51 17 Valle
584 427 22 13 eu
615 428 13 13 u
636 425 41 22 sgiô
685 426 107 20 Gbiuvanni
799 429 80 23 Spinosi.

578 450 59 19 Morte
647 453 21 17 di
679 458 13 13 u
704 455 40 22 sgiô
757 456 78 19 Luciani
849 459 24 17 da
883 463 28 13 un
924 460 72 17 attaccu

524 474 100 20 subitaniu.

546 507 101 24 Campile
654 520 24 4 —
685 512 18 18 U
711 514 40 22 sgiô
761 514 108 23 Pasqualini
880 521 11 13 e
899 521 11 14 a
921 518 73 22 moglia,

524 533 99 19 maniendu
630 540 26 13 un
665 536 68 20 bidone
741 539 95 19 d’essenza
843 541 32 17 ebi
883 541 58 23 pigliô
946 542 48 22 îoeu,

524 557 49 18 hanu
582 560 58 17 avutu
648 566 59 17 grave
714 562 170 22 ferite,tramindui.

547 590 66 20 Corte
622 603 22 4 —
651 594 118 20 Matrimoniu
778 598 21 17 di
812 599 127 18 madamicella
952 599 45 18 San-

524 615 58 24 haggi
590 622 22 13 eu
623 623 12 13 u
642 619 41 23 sgiô
691 620 91 20 Vineente
790 622 86 19 Yincenti
886 624 87 18 d’Aleria.

545 650 58 31 -^sa;
611 661 20 5 —
637 653 118 20 Matrimoniu
761 656 19 18 di
785 657 127 19 madamicella
917 658 80 18 Madale-

523 680 25 13 na
555 676 69 19 Pizzini
630 683 22 14 eu
661 684 14 13 u
683 680 41 23 sgiô
732 682 74 18 Antone
813 682 83 24 Arrighi.

547 712 151 22 Ghisonaccia
704 726 22 4 —
731 718 119 19 Matrimoniu
856 720 19 17 di
880 720 117 18 madamicel-

524 737 19 18 la
550 738 93 23 Anghiula
654 741 103 20 Mannerini
769 748 22 13 eu
801 749 12 12 u
823 745 40 22 sgiô
874 744 56 19 Garlu
939 745 56 21 Pieri,

524 762 57 19 feritu
589 764 20 18 di
619 769 73 18 guerra.

547 795 93 25 Guagno
646 809 22 7 -,
674 800 59 19 Morte
741 801 19 18 dì
768 802 85 18 madama
860 803 68 18 Pinelli
935 803 62 18 d’anni

524 820 29 19 8b.

546 855 69 20 Levie
622 867 23 4 —
655 858 126 24 Matrimoniu,
786 861 21 18 in
817 861 57 18 Portu
883 861 88 21 Vecchiu,
978 861 20 17 di

524 885 13 13 u
546 882 41 22 sgiô
594 882 87 19 Ghiuvan
689 884 77 19 Baltista
774 886 24 18 de
806 886 111 18 Lanfranchi
928 891 24 13 eu
958 891 40 13 ma-

524 906 97 19 damicella
628 908 67 19 Lillina
704 909 125 19 Succhinacci.

546 939 50 19 Pila
607 940 83 20 Canale
702 952 22 4 —
737 944 62 18 Morte'
810 944 20 17 di
843 949 15 13 u
871 944 41 23 sgiô
924 944 73 18 Antone

525 964 71 19 Cotoni.

546 1002 23 4 —
573 993 59 19 Morte
638 995 19 17 di
662 1000 14 13 u
681 996 41 22 sgiô
728 995 82 19 Giuliani
816 996 78 23 laseppu
900 996 62 18 d’anni
967 996 29 18 60.

546 1026 57 20 Pero
615 1027 151 21 Casevecchie
773 1040 24 3 —
807 1030 17 18 U
834 1030 22 18 19
867 1030 110 21 Novembre,
984 1035 13 13 u

524 1052 85 23 fulmine,
617 1054 21 17 in
644 1054 33 22 più
684 1055 21 17 di
712 1055 83 23 disguati
801 1055 124 21 materiali,ha
933 1055 65 18 tombu

524 1082 14 12 u
546 1079 73 21 pastore
626 1079 72 19 Tittinu
706 1080 59 18 Nunzi
770 1081 21 18 in
796 1081 19 18 la
819 1081 54 22 piana
878 1080 21 18 di
906 1081 68 22 Borgu.

545 1111 80 19 Rennu
630 1123 23 3 —
658 1114 119 18 Matrimoniu
783 1115 20 17 di
809 1115 127 18 madamicella
941 1114 57 18 Maria

524 1136 81 20 Garlotta
621 1138 81 19 Battesti
717 1143 24 14 eu
754 1145 13 13 u
782 1140 42 23 sgiô
840 1140 68 18 Anton’
916 1140 80 17 Martinu

524 1161 70 19 Susini.

546 1195 65 19 Sartè
616 1206 23 4 —
645 1198 60 18 Morte
709 1198 20 18 di
735 1203 12 13 u
755 1199 41 22 sgiô
804 1199 59 18 Paulu
869 1198 58 18 Pietri
935 1198 60 18 d’anni

523 1220 30 19 71.

546 1254 116 20 Soliacarô
673 1266 24 3 —
707 1256 58 19 Morte
775 1257 21 18 di
805 1262 13 13 a
832 1257 75 22 giovine
919 1255 77 20 Pàulina

523 1279 101 20 Casanova.

546 1313 92 20 Sarrola
645 1314 127 24 Carcopino
781 1325 22 5 —
811 1316 60 18 Morte
882 1316 20 18 di
912 1317 84 17 madama

522 1339 102 20 Francesca
631 1340 77 19 Luciani
715 1342 12 17 d
733 1341 45 18 anni
786 1341 29 18 4b.

544 1374 60 18 Vicu
608 1384 23 4 —
636 1375 59 18 Morte
703 1375 20 18 in
729 1375 75 23 Algeria
810 1375 21 19 di
835 1381 13 13 u
854 1376 41 23 sgiô
902 1375 93 19 Ghiuvan-

522 1400 22 18 ni
551 1400 108 19 Giannesini
667 1401 64 18 d'anni
737 1401 30 18 46.

583 1490 134 35 SUUM
745 1492 194 44 QUIQUE

549 1588 30 21 Le
587 1589 91 21 Conseil
687 1590 97 21 Général
788 1592 29 20 de
825 1592 21 20 la
853 1592 70 20 Corse
932 1593 58 22 s’est,

522 1619 56 21 dans
586 1626 25 14 sa
616 1620 103 22 dernière
724 1622 182 27 session,occupé
911 1630 29 13 un
947 1630 43 19 peu

522 1650 40 20 des
570 1650 93 22 intérêts
672 1652 28 20 de
706 1656 64 17 notre
778 1653 161 26 département.

547 1681 53 21 Cela
607 1686 47 16 sort
663 1683 28 20 de
700 1683 127 21 l’ordinaire
835 1689 22 16 et
871 1692 58 14 nous
938 1692 53 19 pou-

522 1718 57 14 vons
587 1712 51 21 bien
646 1720 107 19 marquer
760 1715 53 20 d’un
828 1716 80 20 caillou
926 1716 65 22 blanc

521 1749 26 14 ce
552 1743 53 26 jour
612 1744 62 21 mille
680 1744 44 21 fois
732 1745 101 22 heureux
844 1747 30 20 où
882 1754 42 14 nos
942 1748 48 21 élus

521 1778 125 17 cantonaux
654 1779 41 17 ont
704 1782 79 19 rompu
792 1780 55 18 avéc
854 1778 62 21 leurs
930 1779 60 20 vieil-

521 1804 33 21 les
562 1805 116 21 méthodes
686 1807 29 20 de
722 1807 89 22 travail.
822 1808 69 21 Notre
908 1816 82 15 assem-

521 1835 49 21 blée
578 1836 190 26 départementale
785 1839 43 24 n’a,
838 1839 92 26 jusqu'à
941 1842 49 24 pré-

520 1870 57 20 sent,
587 1868 100 20 travaillé
696 1870 65 23 qu’en
777 1876 44 14 vue
836 1870 30 20 de
881 1871 23 20 la
918 1872 72 24 politi-

520 1903 51 19 que.
581 1898 24 20 Si
611 1898 43 20 elle
669 1900 126 20 consentait
808 1901 85 25 parfois
907 1903 12 19 à
933 1902 56 21 faire

519 1929 98 25 quelque
631 1929 76 24 chose,
719 1931 74 20 c’était
804 1938 58 18 pour
878 1934 111 23 répondre

519 1965 44 15 aux
567 1960 71 21 désirs
645 1960 29 20 de
678 1962 96 20 certains
782 1963 84 24 grands
871 1964 117 25 électeurs,

519 1997 29 13 ou
563 1991 51 20 bien
640 1998 58 18 pour
721 1993 92 25 soigner
837 1994 33 21 les
896 1995 93 21 intérêts

518 2022 127 20 électoraux
665 2023 28 19 de
716 2024 98 24 quelque
834 2031 53 19 gros
904 2026 85 21 bonnet

518 2052 115 26 politique.

543 2083 61 21 C’est
612 2084 55 20 delà
678 2088 62 17 sorte
753 2092 45 18 que
815 2087 110 20 certaines
940 2094 49 18 par-

517 2114 42 21 ties
570 2114 29 21 de
613 2119 65 17 notre
694 2116 40 23 Ile,
751 2122 25 14 se
793 2118 128 20 trouvaient
930 2116 57 23 ainsi

517 2146 147 24 grandement
669 2146 264 27 favorisées,jouissaient
940 2153 48 17 tou-

514 2176 64 25 jours
587 2176 28 21 de
620 2177 150 25 copieuses,et
775 2178 147 25 importantes
936 2180 52 21 sub-

517 2208 110 22 ventions,
637 2208 61 21 alors
711 2215 44 19 que
776 2210 96 21 d’autres
888 2211 99 25 croupis-

516 2238 73 21 saient
601 2243 164 17 constamment
781 2241 57 20 dans
856 2248 31 14 un
902 2243 84 20 éternel

516 2270 69 20 oubli.
594 2270 37 20 On
637 2271 74 20 aurait
717 2271 33 20 dit
757 2278 46 18 que
812 2272 23 20 le
847 2272 91 21 Conseil
945 2273 42 21 Gé-

516 2301 62 20 néral
593 2301 126 25 rougissant
733 2302 28 21 de
775 2309 38 14 ces
821 2303 122 24 dernières,
952 2304 34 21 les

514 2332 84 20 traitait
605 2339 28 14 en
642 2336 91 22 parents
742 2340 103 18 pauvres.

540 2363 127 21 Désormais
675 2364 22 20 la
707 2364 104 21 méthode
820 2366 86 20 semble
919 2366 67 20 chan-

514 2395 41 24 gée
563 2398 23 16 et
593 2395 15 20 il
615 2394 48 21 faut
671 2395 49 20 s’en
729 2395 105 21 féliciter.
848 2396 65 21 Cette
920 2397 66 21 inno-

515 2425 75 21 vation
603 2429 41 20 est,
653 2432 59 14 nous
722 2426 86 21 affirme
825 2433 46 15 une
886 2428 100 21 certaine

514 2456 80 21 Presse
601 2456 115 24 insulaire,
726 2457 44 20 due
778 2458 15 20 à
801 2458 135 25 l’impulsion
953 2460 31 20 du

514 2487 117 21 Président
637 2488 29 20 de
674 2491 65 17 notre
746 2489 125 20 assemblée
884 2489 101 26 départe-

514 2519 104 20 mentale.
632 2518 30 21 M.
675 2518 89 26 Landry
770 2523 35 17 est
813 2523 54 22 peut
888 2521 49 20 être
952 2527 31 15 un

513 2548 91 22 homme
617 2549 44 20 fort
678 2549 132 26 intelligent,
830 2550 58 21 doué
900 2551 41 21 des
951 2555 33 17 ta-

513 2580 58 21 lents
577 2581 32 20 les
615 2581 51 25 plus
672 2587 61 14 rares
742 2585 22 16 et
769 2588 29 14 en
807 2582 129 24 possession
943 2583 41 20 des

512 2612 172 20 connaissances
705 2612 33 20 les
762 2612 52 24 plus
831 2613 115 21 étendues;
964 2613 19 21 Il

512 2643 49 20 n’en
571 2646 59 17 reste
637 2649 41 19 pas
686 2642 73 21 moins
769 2649 31 14 un
808 2643 92 21 homme
911 2644 72 24 politi-

512 2679 45 19 que
575 2673 173 25 profondément
762 2675 126 24 préoccupé
902 2674 30 21 de
945 2681 37 14 ses

512 2704 93 21 intérêts
613 2704 134 21 électoraux.
754 2704 18 20 Il
782 2705 83 20 n’avait
873 2705 59 21 donc
944 2711 39 15 au-

512 2742 58 14 cune
591 2735 75 21 raison
692 2742 58 19 pour
775 2742 91 19 rompre
877 2742 56 15 avec
948 2736 34 20 les

513 2766 86 21 vieilles
611 2766 120 21 habitudes
740 2767 27 20 de
779 2767 80 20 travail
875 2767 31 20 du
924 2766 57 22 Con-

513 2797 41 21 seil
562 2797 95 21 Général
664 2797 28 20 de
702 2797 20 20 la
732 2797 77 21 Corse.

1046 169 41 20 Les
1096 176 66 15 voeux
1173 172 57 20 émis
1240 177 40 19 par
1288 175 65 17 notre
1369 174 121 21 assemblée

1021 198 187 26 départementale
1216 208 29 14 au
1254 201 59 25 sujet
1321 202 27 20 de
1356 204 22 19 la
1387 205 103 20 transfor-

1021 229 83 21 mation
1113 237 29 14 en
1150 238 55 18 gare
1216 232 28 20 de
1260 231 21 20 la
1293 233 81 20 station
1383 234 28 20 de
1428 234 62 21 Saint

1022 258 112 22 Pancrace
1139 265 22 16 et
1170 262 28 20 de
1204 262 162 21 l’achèvement
1373 264 28 20 de
1410 264 20 21 la
1439 272 51 13 rou-

1021 291 28 20 te,
1059 290 47 24 qui,
1125 298 28 13 en
1171 295 125 17 traversant
1305 293 32 20 les
1353 298 94 17 cantons
1462 295 28 20 de

1021 318 210 29 Casinca.Tavagna
1237 325 23 17 et
1267 321 151 26 Moriani,doit
1425 325 65 20 relier

1021 348 123 23 Vescovato
1153 358 13 13 a
1175 352 171 22 Cervione,sont
1362 355 42 20 dûs
1420 356 71 24 plutôt

1021 379 13 19 à
1050 379 21 20 la
1093 382 101 22 pression
1212 383 29 19 de
1258 382 109 24 l'opinion
1384 386 106 24 publique

1022 410 48 23 qu’à
1078 410 167 22 l’intervention
1254 415 22 16 et
1284 419 29 13 au
1318 415 138 21 savoir-faire
1462 416 28 20 de

1022 438 28 21 M.
1061 440 96 26 Landry.
1165 442 94 20 Celui-ci
1270 442 36 20 n’a
1312 443 82 24 jamais
1403 453 29 17 pu
1442 447 47 19 réu-

1023 469 36 20 nir
1086 477 40 14 sur
1157 478 25 14 sa
1209 473 45 20 tête
1277 479 29 13 ou
1329 480 39 14 sur
1390 482 25 13 sa
1440 476 50 20 liste

1022 498 22 21 la
1066 501 104 24 majorité
1192 503 40 20 des
1256 502 108 26 suffrages
1386 506 55 20 dans
1458 506 33 20 les

1022 533 94 18 cantons
1139 533 28 20 de
1191 534 124 20 Vescovato
1339 539 22 16 et
1382 536 28 20 de
1434 536 56 20 Pero

1023 559 158 24 Casevecchie.
1198 564 125 20 Intervenir
1341 572 58 18 pour
1406 566 33 20 les
1451 566 40 20 fai-

1022 595 25 14 re
1069 590 120 23 bénéficier
1212 594 29 20 de
1263 594 21 20 la
1301 596 108 20 .moindre
1436 597 54 24 peti-

1022 621 23 18 te
1051 619 160 26 faveur,c’était
1218 624 142 22 absolument
1367 626 28 20 de
1411 626 21 20 la
1446 626 45 25 pei-

1022 656 30 14 ne
1059 652 84 24 perdue
1151 653 30 21 M.
1192 654 88 27 Landry
1289 657 37 19 n’a
1335 663 40 18 pas
1388 656 103 29 l'habitu-

1023 680 28 21 de
1058 681 28 21 de
1094 684 115 21 travailler
1217 692 56 18 pour
1286 687 20 20 le
1315 687 34 20 roi
1360 686 28 21 de
1401 687 87 21 Prusse.

1023 710 18 22 Il
1050 714 34 19 n’a
1092 714 60 20 donc
1159 715 50 20 rien
1217 716 41 20 fait
1265 724 57 17 pour
1333 724 128 18 provoquer
1468 718 21 20 la

1022 744 97 20 solution
1146 745 29 20 de
1196 752 38 14 ces
1257 747 58 21 deux
1345 747 145 25 importantes

1023 774 123 24 questions.

1048 804 116 24 L’opinion
1187 807 108 25 publique
1311 809 65 19 émue
1392 808 28 20 de
1442 809 48 20 voir

1024 835 84 23 qu’une
1116 836 69 23 petite
1193 838 82 20 station
1282 839 29 19 de
1319 838 88 20 chemin
1414 838 27 20 de
1456 838 35 21 fer

1023 864 53 21 était
1095 865 95 25 chargée
1216 868 28 20 de
1261 869 112 21 desservir
1388 869 57 20 deux
1460 876 30 14 ou

1023 895 54 20 trois
1094 899 102 21 cantons,
1207 899 82 23 qu’une
1306 903 64 17 route
1381 905 110 15 commen-

1024 926 38 19 cée
1082 925 80 25 depuis
1168 946 4 3 .
1176 927 60 26 1874,
1251 934 57 16 l'este
1328 929 101 25 toujours
1445 929 46 21 ina-

1023 955 105 25 chevée^
1141 958 210 26 pu,seule,imposer
1364 960 21 20 la
1394 959 96 21 solution

1024 986 38 24 qui
1070 990 35 17 est
1110 987 142 23 intervenue.

1049 1016 42 21 Les
1112 1018 106 20 corsistes
1240 1026 28 14 ne
1289 1024 95 20 cessent,
1408 1020 83 21 d'autre

1024 1051 55 20 part,
1085 1048 28 20 de
1122 1049 87 24 répéter
1214 1056 45 18 que
1266 1055 66 17 notre
1337 1058 55 18 pays
1400 1058 24 13 se
1431 1055 60 17 trou-

1024 1084 28 14 ve
1059 1078 143 25 abandonné,
1212 1081 53 23 qu’il
1270 1085 35 17 est
1312 1082 22 19 la
1343 1082 63 24 proie
1413 1082 39 20 des
1460 1082 30 20 ai-

1023 1108 83 25 grefins
1114 1109 29 21 de
1150 1110 22 20 la
1185 1111 110 25 politique
1303 1112 39 25 qui
1356 1112 135 25 l’exploitent

1023 1145 29 14 au
1059 1140 41 24 gré
1107 1140 29 20 de
1144 1140 60 21 leurs
1213 1141 91 22 intérêts
1313 1146 23 16 et
1341 1143 29 19 de
1382 1143 60 20 leurs
1456 1150 34 13 ca-

1023 1170 80 24 prices.
1116 1170 44 20 Ces
1166 1171 83 21 vérités
1257 1173 71 20 criées
1336 1179 39 14 sur
1382 1173 34 21 les
1429 1174 59 24 toits,

1023 1201 92 20 cornées
1123 1201 57 20 dans
1191 1202 34 20 les
1238 1203 90 20 oreilles
1341 1204 29 20 de
1382 1207 50 17 tous
1448 1211 42 14 nos

1022 1231 165 24 compatriotes,
1195 1237 156 17 commencent
1361 1235 14 19 à
1388 1235 102 25 pénétrer

1022 1260 32 21 les
1066 1261 89 25 esprits.
1164 1262 61 21 C’est
1237 1269 46 14 une
1299 1263 76 22 bonne
1388 1271 102 16 semence

1019 1290 59 26 jetée
1091 1298 28 14 en
1134 1296 59 18 terre
1210 1294 39 24 qui
1267 1300 58 15 nous
1339 1296 89 21 réserve
1445 1303 44 14 une

1022 1322 122 22 excellente
1159 1324 108 25 moisson,
1284 1325 58 21 dans
1360 1333 30 14 un
1413 1327 77 21 avenir

1021 1353 44 21 très
1073 1354 115 25 prochain.

1046 1384 31 21 Le
1090 1389 73 22 temps
1177 1386 40 21 des
1231 1386 132 27 charlatans,
1378 1389 38 21 des
1430 1396 59 15 arra-

1021 1415 79 22 cheurs
1109 1416 29 21 de
1147 1417 72 23 dents,
1229 1418 39 20 des
1285 1418 111 22 débitants
1412 1420 28 21 de
1452 1421 37 20 ba-

1020 1446 97 22 livernes
1126 1451 34 18 est
1168 1448 49 21 fini.
1226 1449 62 20 Dans
1296 1455 43 15 nos
1347 1457 139 20 campagnes,

1020 1484 29 14 on
1058 1485 29 13 ne
1095 1485 98 19 manque
1202 1486 40 18 pas
1254 1480 28 20 de
1295 1483 139 20 reconnaître
1449 1490 39 18 pu-

1020 1509 138 25 bliquement
1165 1511 61 20 l’état
1240 1511 135 22 lamentable
1383 1513 29 21 de
1425 1517 63 17 notre

1019 1540 159 26 département,
1187 1545 24 17 et
1223 1542 29 20 de
1259 1546 113 18 constater
1378 1544 108 24 l’incurie,

1019 1571 95 21 l’inertie
1122 1576 24 17 et
1152 1573 22 20 la
1183 1573 110 25 complète
1309 1574 122 26 incapacité
1447 1576 40 20 des

1019 1602 101 22 hommes
1128 1610 45 19 que
1178 1604 52 20 loue
1243 1611 45 13 une
1295 1605 72 25 partie
1383 1606 29 20 de
1423 1610 64 17 notre

1018 1633 80 21 Presse
1107 1634 117 25 Insulaire,
1233 1642 29 14 on
1268 1635 44 21 sait
1317 1643 45 19 que
1370 1637 21 20 le
1397 1638 58 20 salut
1459 1638 28 20 de

1018 1664 21 21 la
1047 1664 70 22 Corse
1122 1669 55 22 peut
1190 1666 147 26 uniquement
1346 1669 65 20 venir
1425 1669 28 20 de
1464 1669 22 20 la

1017 1702 123 20 campagne
1158 1697 122 26 énergique
1297 1699 122 25 entreprise
1447 1706 40 20 par

1017 1726 32 21 les
1065 1727 113 22 corsistes.
1189 1727 62 22 C’est
1263 1729 22 20 là
1301 1736 45 14 une
1367 1737 77 14 oeuvre
1458 1731 29 21 de

1016 1758 107 20 salubrité
1130 1759 108 26 publique
1241 1760 118 26 àjaquelle
1365 1768 57 14 nous
1430 1768 56 15 nous

1016 1789 113 21 associons
1137 1790 28 20 de
1172 1791 72 25 grand
1253 1798 61 14 coeur
1328 1795 23 17 et
1362 1793 15 20 à
1392 1793 94 25 laquelle

1016 1826 56 15 nous
1078 1820 132 22 souhaitons
1216 1829 29 14 uu
1255 1827 89 21 prompt
1355 1825 84 20 succès.

1248 1869 87 23 Pierre
1345 1871 111 26 Ignotus.

1108 1966 286 41 VAGHIMU?

1036 2050 113 23 Vaghimu...
1157 2051 12 18 è
1181 2051 110 18 rinfrescata
1300 2052 20 17 la
1328 2052 107 22 muutagnà,

1035 2077 17 19 U
1059 2078 66 18 nivulu
1135 2079 17 18 ci
1159 2079 60 22 piatta
1225 2079 20 18 la
1251 2080 71 22 sulana,

1035 2106 9 17 I
1051 2106 72 22 pulloni
1131 2106 17 19 si
1155 2107 49 18 sculi
1212 2111 12 14 a
1231 2107 129 22 Tramuntana,

1035 2134 71 18 Matura
1114 2135 19 18 si
1140 2134 28 18 né
1172 2135 38 18 fala
1217 2135 19 18 la
1244 2136 92 22 eastagna.

1035 2176 16 18 U
1058 2181 64 18 porcu,
1132 2177 19 18 di
1158 2177 77 18 musinu
1243 2178 33 22 più
1285 2178 16 18 si
1310 2179 56 22 lagna

1034 2204 15 18 E
1056 2205 66 23 fughie
1129 2205 65 23 alegru
1202 2206 24 18 da
1233 2206 22 18 lu
1262 2211 22 13 so
1291 2207 78 22 purcile,

1034 2233 87 23 Aprendu
1129 2233 89 23 grieciule
1234 2234 20 18 di
1261 2235 115 19 .muccichile
1394 2239 9 3 '

1034 2260 21 19 Si
1062 2261 73 19 tecchia
1142 2262 42 22 puri
1192 2266 11 14 e
1211 2262 37 18 faci
1255 2267 12 13 a
1274 2267 67 19 magna
1348 2268 66 18 magna
1422 2264 5 18 !

1033 2304 17 18 A
1057 2304 91 18 fumaceia
1155 2309 70 13 curona
1231 2305 46 18 l’alti
1286 2306 64 21 monti,

1033 2331 15 18 E
1056 2329 92 26 seappânu
1155 2332 16 18 li
1181 2332 37 19 feri
1225 2333 24 18 da
1257 2332 98 24 Cuscionu,

1033 2359 17 19 Ü
1057 2361 64 21 tempu
1128 2365 61 18 scura,
1198 2365 12 14 e
1217 2361 83 19 ribomba
1307 2362 21 18 lu
1338 2363 50 21 tonu,

1033 2388 15 18 E
1055 2389 77 22 mughiâ
1140 2389 99 18 Rizzanese
1246 2390 51 18 sott’i
1303 2391 61 22 ponti;

1033 2430 17 18 A
1057 2431 97 18 biciartula
1162 2432 61 17 dormi
1230 2432 21 17 in
1256 2431 19 19 la
1283 2436 21 14 so
1312 2433 43 18 tana

1032 2458 15 18 E
1054 2459 33 21 più
1096 2460 53 17 canta
1156 2460 21 17 lu
1186 2459 58 23 grillu
1252 2460 124 23 settimbrinu,

1031 2486 18 18 A
1056 2488 60 17 serata
1124 2487 18 18 si
1148 2487 70 23 veghia
1225 2492 12 14 a
1244 2488 20 17 lu
1273 2489 74 17 eaminu

1031 2514 15 18 E
1054 2515 18 18 di
1080 2515 73 18 ballotti
1163 2520 80 18 ugnunu
1251 2516 87 19 s’inzana.

1031 2556 21 18 In
1059 2561 43 14 casa
1108 2557 28 18 s’è
1143 2557 68 19 chiusu
1219 2558 17 18 zl
1244 2558 100 23 Taltarinu,

1031 2584 14 18 E
1053 2584 40 19 face
1101 2589 11 14 a
1120 2585 20 18 la
1146 2585 56 23 ziglia
1209 2586 44 18 focu
1260 2591 11 13 e
1279 2586 54 23 fiara,

1031 2612 20 18 Si
1058 2613 62 18 scalda
1126 2613 52 18 l’ossi
1185 2614 46 18 tosti
1239 2614 19 18 di
1266 2615 102 22 vecchiara,

1030 2640 104 19 S’acconcia
1140 2642 21 17 lu
1169 2642 65 22 pilonu
1242 2643 63 17 nant’u
1313 2643 55 22 spinu
1377 2643 5 18 !

1029 2681 17 19 U
1053 2683 98 18 sumirellu
1159 2680 66 21 staneù
1233 2684 24 18 da
1264 2681 101 26 Pimbastu,

1030 2709 76 20 SLlecca
1114 2711 57 21 piami
1181 2712 15 17 li
1205 2712 64 18 muchi
1276 2717 13 13 a
1294 2713 82 19 l’ascusu
1382 2713 5 17 !

1028 2738 18 18 A
1053 2742 54 18 capra
1113 2738 42 19 bêla
1163 2744 11 13 e
1181 2739 78 23 appinza
1265 2741 22 17 lu
1295 2745 62 18 musu,

1029 2765 35 19 Chi
1070 2767 40 17 vôli
1117 2767 31 18 c’u
1155 2767 41 23 sgiô
1204 2768 60 18 Beccu
1270 2769 21 18 fa
1298 2770 97 17 euntrastu
1404 2769 5 18 !

1325 2805 128 19 Rizzanese.

1576 179 169 38 PARLATE
1770 180 116 37 CORSU
1907 182 11 35 1

1585 263 120 28 Can^ona
1717 264 57 29 (aria
1784 266 141 28 cunisciuta)

1542 344 25 20 In
1576 344 75 25 piazza
1664 345 23 19 di
1699 352 13 13 u
1723 346 126 23 Diamante,

1543 374 34 20 Un
1586 375 184 21 vicchiarel’dicia
1780 377 56 20 cusi:

1543 404 107 26 «Signorî
1660 406 36 20 chi
1710 406 68 21 affare
1787 410 113 21 stunante,

1540 435 99 20 Nissunu
1649 442 46 14 nun
1702 437 63 24 parla
1775 437 38 24 più
1823 444 66 14 corsu
1899 439 38 24 qui
1944 439 5 19 !

1542 464 26 20 In
1576 465 92 25 Ajacciu
1683 467 28 19 ed
1723 467 24 20 in
1762 468 49 20 tutti
1825 469 16 19 li
1856 470 68 24 paesi,

1542 490 18 24 È
1568 501 44 14 una
1622 496 59 20 ver’e
1689 498 177 25 gran’vergogna
1874 500 50 23 avà;

1541 525 62 20 Altre
1611 533 53 13 cose
1673 527 42 20 che
1727 527 23 20 lu
1765 528 110 25 francese,

1543 555 18 19 U
1571 562 65 14 corsu
1646 563 31 13 un
1686 558 51 19 vole
1745 558 37 25 più
1798 560 62 24 parla
1866 560 19 19 !»

1687 604 131 22 Riturnella.

1542 637 88 21 Parlate
1638 645 13 14 a
1660 643 76 18 nostra
1745 641 77 26 lingua
1831 646 80 21 amata,

1541 668 71 21 Cume
1626 671 44 19 mè.
1683 670 53 26 (bis)

1541 698 50 23 Chi,
1600 699 77 26 lingua
1687 702 39 24 più
1742 702 64 21 dolce
1822 710 14 13 e
1852 704 71 24 beata,

1540 729 44 20 Nel
1593 730 84 20 mondu
1686 738 57 14 sanu
1756 733 45 20 l’un
1811 734 20 20 ci
1838 734 35 20 n’è
1879 735 6 20 !

1542 767 12 11 «
1558 759 140 22 L’allandon
1703 766 13 11 »
1732 762 15 20 li
1757 767 12 11 «
1774 764 84 20 rìes-ce
1864 768 46 21 pas
1915 772 20 16 »,

1542 789 26 20 Li
1582 790 128 25 «Bonjour,
1725 796 113 18 comment
1850 802 29 17 ça
1891 800 56 20 va",

1541 819 26 20 In
1575 826 62 18 pace,
1652 821 108 23 lasciateli
1769 825 42 20 stà.

1540 849 100 25 Ajaccini
1653 858 13 13 e
1679 852 118 26 Curtines’,

1542 880 108 21 Bastiacci
1658 888 14 14 e
1678 882 115 26 Sartines’,

1542 910 172 26 Pruprianinchi
1732 920 13 14 e
1758 915 95 21 Calvies’

1542 940 88 22 Parlate
1639 948 13 14 a
1666 946 76 18 nostra
1753 945 76 26 lingua
1843 951 80 20 amata,

1542 970 71 22 Cume
1621 974 36 18 mè
1664 973 6 20 !
1680 980 66 15 cume
1760 977 37 19 mè
1803 976 6 20 !

1541 1018 42 21 Voi
1592 1018 36 21 chi
1636 1019 102 23 francese
1747 1023 92 25 parlate,

1540 1048 25 20 Si
1571 1055 25 14 sa
1602 1050 76 24 lingua
1688 1058 47 14 nun
1742 1053 22 19 vi
1774 1054 29 24 pô
1813 1054 70 24 bastà,

1541 1078 80 25 Quella
1630 1080 22 20 di
1659 1081 75 21 I’arabi
1742 1083 116 25 imparate.

1543 1108 43 21 Per
1595 1110 36 20 voi
1640 1110 92 22 difficile
1740 1120 47 14 nun
1797 1116 50 19 sarà
1854 1117 6 19 !

1541 1138 63 22 Tand
1612 1145 87 17 annant
1705 1149 14 13 a
1733 1147 57 17 tutte
1798 1145 22 20 le
1828 1150 76 17 nostre
1912 1148 73 24 piazze

1542 1169 50 21 Una
1607 1171 69 20 risata
1686 1173 122 24 pudaremu
1818 1175 30 24 fà,

1540 1199 111 22 Sintendu
1659 1202 92 24 giovani
1768 1211 14 13 e
1799 1212 92 19 ragazze

1541 1230 65 21 Parlà
1619 1231 23 20 in
1659 1233 64 20 «Ben
1732 1234 43 20 sidi
1786 1235 85 22 barkà»
1879 1238 6 20 !

1542 1283 30 20 La
1581 1285 58 19 ser’a
1651 1286 178 23 spass’annant’a
1838 1296 14 13 u
1862 1297 73 18 corsu,

1539 1312 67 26 (Què,
1616 1321 31 14 un
1655 1316 98 24 ghiornu
1761 1319 13 19 è
1789 1320 108 21 accadutu
1914 1329 13 13 a
1933 1323 52 25 mè,)

1539 1344 31 21 Se
1578 1345 22 20 vi
1606 1349 95 18 sentènu
1711 1348 61 24 parlà
1785 1356 74 17 corsu,

1540 1376 86 20 Dicenu
1631 1381 21 14 :((
1659 1377 79 22 Tiens!
1741 1383 125 22 unpaysan
1874 1383 95 22 bombé!
1972 1389 11 12 »

1540 1406 24 21 Si
1573 1413 29 14 no
1611 1414 64 14 semu
1684 1409 23 19 di
1716 1411 111 20 cent’anni
1836 1412 110 26 inritardi,

1539 1438 41 20 Voi
1588 1438 36 20 chi
1631 1445 66 15 corsu
1706 1447 31 13 un
1747 1445 79 21 sapete
1839 1444 61 24 parlà

1539 1468 46 20 Seti
1595 1475 45 14 una
1649 1476 79 15 manza
1737 1472 23 20 di
1770 1472 107 26 bastardi,

1540 1499 18 19 E
1566 1499 41 20 seti
1615 1499 92 27 indegni
1721 1502 23 20 di
1754 1506 79 23 campà
1839 1505 6 20 !

1538 1547 22 20 O
1569 1547 119 22 cittadinie
1696 1553 148 24 muntagnoli,

1538 1578 28 20 Vi
1571 1585 70 20 pregu
1645 1580 52 20 tutti
1705 1581 107 22 d’ascultà
1819 1591 7 13 :

1537 1609 21 20 A
1565 1609 16 20 li
1590 1610 70 21 vostri
1669 1612 46 20 cari
1721 1612 85 26 figlioli,

1538 1640 32 20 La
1574 1640 78 26 lingua
1657 1648 65 15 corsa
1730 1643 110 26 imparate
1845 1647 27 19 ad
1879 1648 49 20 amà
1934 1655 7 17 ;

1537 1671 55 21 Cusl
1599 1672 22 20 la
1630 1672 93 22 Corsica
1729 1681 30 14 ne
1764 1677 49 19 sarà
1819 1676 63 26 fiera,

1538 1702 18 20 E
1564 1707 76 20 prestu
1649 1708 76 21 prestu
1731 1706 64 21 I’alba
1801 1710 115 23 spuntarà,

1537 1734 71 21 Duv’a
1620 1739 76 17 nostra
1710 1736 82 23 Bianca
1802 1739 117 26 Bandiera,

1538 1764 26 21 In
1575 1765 91 22 Corsica
1678 1767 54 21 dinò
1747 1769 134 22 svintularà!

1590 1811 34 22 M,
1633 1812 150 24 Alessandri
1792 1815 27 22 di
1824 1816 130 25 Chidazzii.

1579 1907 167 33 L’affare
1765 1911 150 33 d’Afata

1540 1982 147 30 Giovannai,
1700 1987 100 22 sindacu
1812 1989 102 28 d’Alata,
1932 1992 24 22 di
1967 1999 10 15 u

1510 2018 70 25 quale
1602 2024 87 16 avemu
1704 2020 91 28 dighià.
1807 2023 148 24 intratenutu
1974 2033 3 14 :

1509 2050 76 21 nostri
1597 2051 89 27 lettori,
1696 2052 14 22 è
1721 2056 61 20 statu
1794 2056 150 24 cundannatu
1955 2059 22 22 ir

1509 2085 67 19 corte
1587 2084 16 21 d
1610 2086 76 21 assisa
1698 2092 13 16 a
1726 2093 14 21 4
1752 2089 55 21 anni
1825 2090 23 22 di
1862 2092 104 28 prighiô.

1613 2172 266 36 Publication©

1528 2251 28 18 La
1562 2251 52 20 Corse
1617 2253 90 24 Agricole.
1710 2256 130 21 —Protection
1844 2260 33 18 des
1880 2261 100 20 cédratiers

1506 2278 65 17 contre
1578 2278 20 18 la
1605 2283 95 18 gommose
1707 2281 21 18 L.
1737 2282 21 18 B.
1766 2292 24 4 —
1797 2284 15 17 Il
1820 2284 42 19 faut
1871 2286 74 19 utiliser
1948 2285 32 21 Tes

1506 2304 138 20 sous-produits
1651 2305 24 18 de
1682 2306 19 18 la
1709 2307 122 20 vinification.

1527 2327 130 24 Informations
1664 2332 19 16 et
1689 2332 95 19 actualités
1791 2335 100 22 agricoles:

1528 2352 165 22 L’intensificaiion
1704 2357 24 18 de
1735 2358 20 18 la
1764 2359 111 22 production
1885 2362 26 18 du
1919 2363 31 18 blé
1957 2367 25 14 en

1505 2377 57 19 Corse
1567 2380 19 17 et
1589 2379 28 19 les
1624 2384 165 20 encouragements
1795 2385 23 18 de
1823 2385 72 20 TOffice
1901 2388 80 23 agricole

1504 2403 152 25 départemental;
1663 2406 86 20 Création
1754 2409 55 19 d’une
1814 2415 46 14 cave
1866 2413 115 22 coopérative

1504 2434 12 11 a
1524 2428 99 24 Cervione;
1635 2431 17 17 A
1659 2436 69 18 propos
1735 2434 26 17 du
1769 2434 85 25 Kikuyu;
1864 2437 118 24 Châtaignier

1503 2453 94 24 japonais;
1609 2455 26 18 La
1643 2458 82 18 semaine
1735 2459 26 17 de
1766 2460 124 20 Motoculture
1901 2464 24 17 de
1933 2464 47 18 Bue-

1503 2478 107 20 Livraisons
1615 2481 34 18 des
1654 2483 72 18 scories
1731 2483 85 25 Thomas;
1822 2486 66 20 Mérite
1892 2478 88 33 agricole!

1502 2513 25 4 —
1534 2504 80 20 Défense
1628 2508 64 18 contre
1697 2508 35 19 des
1746 2510 82 23 criquets
1843 2516 25 14 en
1878 2512 44 19 1926
1933 2514 47 18 dans

1502 2529 161 21 Tarondissement
1668 2533 24 18 de
1696 2532 62 20 Calvi:
1764 2535 17 17 J.
1788 2535 192 28 Corteggiani.—Hy-

1502 2555 56 22 giène
1566 2556 25 17 du
1599 2556 62 19 bétail.
1670 2567 24 4 —
1701 2557 59 21 Cours
1770 2560 34 19 des
1814 2563 85 21 produits
1910 2564 70 20 agrico-

1501 2580 36 18 les.

1524 2638 27 18 La
1561 2638 51 20 Corse
1621 2640 118 25 Touristique.
1748 2652 23 5 —
1778 2644 110 20 Editorial...
1896 2646 20 19 C.
1925 2647 21 18 T.

1501 2666 26 17 La
1532 2667 75 18 taxe.du
1611 2668 64 23 séjour
1683 2670 12 17 à
1702 2670 95 22 Ajaccio...
1803 2672 21 18 C.
1830 2673 20 18 T.
1857 2683 24 4 —
1885 2674 27 19 La
1916 2674 63 20 Casta-

1501 2694 93 22 gniccia...
1604 2695 21 18 C.
1631 2696 20 18 T.
1659 2706 25 4 —
1689 2698 46 18 Miot
1742 2700 21 17 et
1768 2700 20 17 la
1796 2700 56 19 Corse
1864 2702 40 19 (Les
1911 2703 67 18 arrêtés

1500 2721 75 24 Miot)...
1579 2723 82 19 M.Henri
1667 2725 161 24 Pierangeli.—La
1832 2728 55 20 Corse
1891 2730 87 22 pittores-

1500 2754 60 18 que...
1566 2750 73 20 Clichés
1647 2753 79 19 Tomasi.
1736 2764 23 4 —
1765 2755 81 23 Ajaccio:
1852 2757 26 18 La
1886 2758 90 23 Barrière,

1500 2778 30 17 les
1535 2777 57 22 Quais
1598 2779 187 24 (Sonnets)...M.Max
1789 2783 189 24 Roger.—Monsieur

1500 2804 100 20 Lauriston
1607 2807 108 24 (Roman)...
1723 2810 18 17 J.
1749 2809 26 20 De
1781 2811 26 18 La
1814 2811 72 20 Parata.

2133 181 238 32 GIURNALÏ

2014 243 127 18 Abaudonu

2035 271 25 17 La
2077 271 69 18 France
2154 271 57 18 laisse
2216 271 41 18 dire
2265 276 38 18 que
2309 273 17 17 la
2338 272 56 19 Corse
2402 273 29 18 lui
2445 273 43 18 coû-

2014 299 19 17 te
2041 299 18 17 et
2065 303 24 13 ne
2100 298 28 18 lui
2135 300 86 21 rapporte
2237 304 40 17 pas.
2286 300 45 22 quoi
2348 301 69 22 qu’elle
2432 306 56 13 verse

2014 326 42 22 plus
2070 326 86 22 d'impôts
2171 327 67 22 qu’elle
2254 332 25 13 11e
2286 328 59 18 retire
2358 329 25 17 de
2400 329 88 18 bienfaits

2015 353 112 22 nationaux;
2142 354 83 18 services
2245 356 80 21 publics,
2343 357 105 18 confection
2464 357 24 17 de

2014 382 69 20 roules,
2094 382 88 22 drainage
2192 382 33 18 des
2234 383 82 17 endroits
2328 384 124 23 marécageux
2468 386 20 17 et

2014 408 92 22 fiévreux,
2115 410 141 22 aménagement
2263 411 33 17 des
2309 415 55 13 cours
2373 412 60 21 d’eau,
2449 412 38 18 très

2013 435 120 20 insuffisants
2139 438 60 21 quand
2209 438 23 17 ils
2240 438 83 18 existent

2036 464 15 17 11
2059 469 12 17 y
2079 469 12 12 a
2100 466 61 16 trente
2166 470 33 13 ans
2205 470 36 18 que
2246 466 94 22 j’entends
2346 468 62 21 parler
2416 468 23 18 de
2445 469 42 17 l’as-

2014 491 132 20 sainissement
2157 493 24 18 de
2188 493 19 18 la
2221 493 62 22 plaine
2300 494 98 19 orientale.
2415 495 28 19 En
2456 497 32 17 de-

2013 518 45 18 hors
2070 520 24 17 de
2102 520 89 22 quelques
2200 521 92 19 fontaines
2298 522 53 18 d’eau
2357 524 75 21 potable
2439 525 47 17 dues

2013 546 11 17 à
2032 546 116 20 l’insistance
2153 548 33 18 des
2191 549 153 22 parlementaires
2350 551 24 18 de
2378 552 42 18 Elle
2426 553 20 17 et
2462 553 27 20 de.

2013 574 89 22 quelques
2115 575 69 23 rigoles
2197 577 140 22 d’écoulement,
2352 584 80 17 presque
2445 580 42 17 rien

2013 602 30 16 n’a
2051 601 32 18 été
2089 602 41 17 fait.
2139 603 25 17 La
2180 604 76 18 malaria
2270 605 89 22 disparaît
2376 607 33 17 des
2418 606 68 18 marais

2011 628 78 23 pontins,
2099 630 23 17 de
2130 629 98 24 l'albufera
2236 632 24 17 de
2273 632 96 23 majorque
2382 638 55 18 parce
2449 639 36 18 que

2012 656 29 18 les
2046 659 157 20 gouvernements
2211 659 65 18 italien
2283 661 20 17 et
2308 662 89 22 espagnol
2404 663 33 17 ont
2445 667 42 17 pro-

2012 684 45 21 posé
2062 685 20 17 et
2091 685 36 18 fait
2132 687 54 17 voter
2193 687 29 18 les
2236 688 69 18 crédits
2321 689 122 19 nécessaires.
2460 690 26 18 Le

2012 712 54 18 nôtre
2072 717 11 13 a
2090 714 86 22 toujours
2180 715 76 22 promis,
2266 717 48 17 mais
2320 717 31 18 n’a
2355 718 67 22 jamais
2432 719 53 17 tenu.

2034 739 130 20 Evidemment
2170 742 39 18 l’île
2217 748 37 13 une
2263 744 95 19 demi-fois
2364 746 44 22 plus
2417 747 69 21 grande

2012 768 59 20 qu’un
2078 768 129 22 département
2219 770 79 22 français
2307 777 68 18 moyen
2389 774 45 21 (loO
2438 774 48 18 kilo-

2012 794 68 19 mètres
2088 800 34 13 sur
2128 796 37 23 7Ü,)
2172 802 25 13 au
2204 798 39 18 lieu
2249 800 24 17 de
2280 801 77 17 nourrir
2362 801 124 23 maigrement

2012 821 74 19 300.000
2094 823 156 24 habitants,ferait
2254 827 124 23 laprospérité
2382 830 23 17 de
2411 829 74 19 600.000

2013 850 16 17 si
2034 854 25 13 on
2067 851 93 19 asséchait
2167 852 29 19 les
2201 855 74 21 marais,
2281 855 18 18 si
2304 860 25 14 on
2337 857 67 21 traçait
2411 858 75 22 partout

2012 878 34 17 des
2053 879 71 21 routes,
2133 880 18 17 si
2158 881 33 17 des
2199 882 84 19 chemins
2291 884 24 18 de
2322 884 30 18 fer
2357 886 129 21 parcouraient

2012 905 19 17 la
2036 904 56 20 Corse
2102 907 77 21 debout,
2184 913 24 13 en
2216 910 46 18 bout
2269 915 25 13 au
2302 911 39 18 lieu
2349 912 24 18 de
2385 913 19 17 la
2415 914 70 17 traver-

2012 936 32 14 ser
2051 934 104 19 seulement
2170 940 25 14 ou
2209 937 23 17 de
2246 938 88 19 s’arrêter
2350 940 12 17 à
2380 941 19 17 la
2414 941 70 22 moitié,

2013 964 70 15 comme
2091 962 15 17 il
2114 963 62 18 arrive
2184 968 33 14 sur
2225 965 19 17 la
2251 966 62 21 plaine
2326 967 97 23 orientale,
2430 969 17 18 si
2456 969 28 18 les

2013 988 103 19 tenanciers
2138 990 24 18 de
2177 992 19 17 la
2210 994 109 22 compagnie
2334 995 111 19 ferroviaire
2461 1001 24 13 ne

2012 1015 104 23 frappaient
2123 1022 33 17 pas
2164 1019 28 18 les
2204 1021 140 20 marchandises
2360 1027 63 15 corses
2439 1024 45 18 d’un

2013 1043 44 18 tarif
2064 1044 107 23 draconien,
2180 1047 18 17 si
2205 1047 19 18 la
2232 1048 32 18 Cie
2272 1050 24 17 de
2308 1050 111 23 navigation
2431 1052 54 18 n’im-

2012 1071 60 21 posait
2083 1076 34 18 pas
2129 1078 27 13 un
2170 1075 46 17 taux
2232 1076 24 18 de
2268 1076 38 19 fret
2319 1079 166 21 proportionnelle-

2012 1099 52 17 ment
2072 1099 115 24 formidable,
2197 1102 16 18 si
2219 1107 31 14 ses
2256 1105 66 21 agents
2327 1110 25 13 ne
2363 1106 121 19 favorisaient

2011 1125 165 24 l'embàrquemenl
2181 1130 33 18 des
2221 1132 85 21 produits
2314 1133 34 18 des
2355 1138 45 18 gros
2407 1134 78 18 cultiva-

2012 1154 52 18 teurs
2068 1159 25 13 ou
2103 1160 132 19 commerçants
2244 1160 48 18 etme
2300 1162 116 18 retardaient
2425 1167 34 17 pas
2465 1163 19 17 le

2012 1181 94 23 transport
2120 1184 33 18 des
2174 1185 63 23 fruits,
2252 1187 34 18 des
2303 1188 50 22 vins,
2371 1190 34 18 des
2419 1190 64 23 lièges,

2012 1209 33 21 qui
2060 1214 10 13 s
2076 1211 96 19 entassent
2185 1214 19 17 et
2211 1220 6 3 -
2223 1214 98 20 s’abîment
2337 1221 35 14 sur
2393 1218 30 17 les
2430 1218 54 22 quais

2012 1236 33 18 des
2052 1239 52 19 ports
2112 1240 122 19 secondaires.

2033 1264 35 18 Les
2076 1265 67 20 Corses
2151 1268 70 19 aiment
2224 1270 43 18 leur
2274 1275 47 19 pays
2329 1273 23 17 ef
2354 1273 41 17 s’ils
2400 1273 21 18 le
2435 1274 49 22 quit-

2011 1292 40 18 tent
2055 1294 47 17 c’est
2109 1299 55 17 parce
2171 1301 37 17 que
2215 1297 20 18 la
2242 1299 52 18 mère
2301 1300 63 18 Patrie
2372 1305 25 13 ne
2408 1301 35 18 fait
2450 1306 33 18 pas

2011 1323 34 14 son
2050 1320 65 19 devoir
2121 1323 31 17 vis
2159 1324 44 18 avis
2210 1325 61 22 d’eux,
2278 1327 29 18 les
2314 1328 58 18 laisse
2377 1333 25 13 en
2407 1329 74 21 arrière,

2010 1346 41 19 leur
2059 1349 63 19 refuse
2127 1355 22 14 ce
2157 1352 67 22 qu’elle
2232 1355 77 18 accorde
2316 1356 12 17 à
2336 1356 83 22 d/autres
2422 1357 61 18 moins

2010 1375 97 20 méritants
2112 1382 34 18 par
2153 1379 29 19 les
2188 1381 82 19 services
2278 1384 71 18 rendus
2356 1384 13 18 à
2385 1385 19 18 la
2416 1385 67 18 métro-

2010 1403 48 21 pole.

2031 1431 26 18 La
2065 1432 56 20 Corse
2129 1436 83 22 agonise,
2222 1442 24 14 on
2252 1438 44 19 s’én.
2300 1439 128 20 désintéresse
2434 1445 50 15 com-

2010 1464 30 14 me
2051 1462 13 16 d
2070 1466 37 14 une
2120 1464 72 18 colonie
2202 1466 90 20 lointaine
2304 1469 78 22 perdue,
2387 1470 11 18 à
2407 1470 10 17 7
2431 1475 26 13 ou
2471 1470 12 18 8

2009 1488 69 19 heures
2085 1491 82 23 de.Nice,
2174 1493 12 18 à
2194 1498 38 15 une
2240 1495 91 20 douzaine
2343 1497 25 18 de
2382 1498 99 19 Marseille.

2009 1516 87 20 Hommes
2104 1519 100 24 généreux,
2215 1522 24 19 de
2246 1523 62 19 bonne
2316 1525 83 23 volonté,
2412 1526 70 18 faisons

2009 1545 94 19 connaître
2111 1551 21 14 sa
2139 1548 89 23 détresse,
2238 1551 114 20 demandons
2366 1554 57 22 qu’on
2430 1554 56 18 vien-

2008 1576 25 13 ne
2041 1572 11 18 à
2061 1577 35 14 son
2104 1578 76 16 secours
2188 1579 61 20 quand
2257 1579 15 17 il
2280 1584 25 14 en
2313 1582 31 17 est
2350 1582 62 22 temps
2429 1588 54 14 enco-

2009 1604 26 13 re'
2321 1608 39 19 Dr.
2372 1609 88 20 Probst.

2053 1635 73 21 {L’Ame
2131 1636 90 25 Gauloise)

2008 1678 62 17 Rreti
2081 1678 66 19 Corsî

2031 1704 49 19 C’est
2089 1706 19 18 le
2118 1707 62 24 clergé
2194 1714 37 17 que
2245 1715 49 14 nous
2310 1714 113 18 retrouvons
2434 1715 47 18 dans

2008 1730 62 19 toutes
2077 1731 29 18 les
2114 1732 100 20 tentatives
2222 1735 24 18 de
2254 1736 72 20 révolte
2339 1738 102 20 fomentées
2458 1741 23 17 de

2008 1755 108 19 l’extérieur
2131 1762 25 13 ou
2172 1761 116 21 provoquées
2304 1763 12 18 à
2332 1759 117 29 l’intérieur;'
2460 1770 21 14 ce

2008 1782 43 16 sont
2065 1786 31 13 ces
2112 1782 70 20 bandes
2195 1785 101 20 d’hommes
2306 1789 68 22 armés,
2393 1795 37 18 que
2443 1792 38 18 l’on

2008 1806 93 22 qualifiait
2105 1808 101 20 volontiers
2217 1811 24 18 de
2254 1812 83 24 bandits,
2348 1816 34 21 qui
2395 1816 87 20 faisaient

2008 1836 37 14 aux
2058 1833 77 22 troupes
2156 1834 107 24 françaises,
2281 1839 59 22 après-
2348 1840 19 18 la
2384 1842 95 22 conquête,

2008 1858 49 17 cette
2063 1862 68 18 guerre
2139 1860 138 21 d’embuscades
2283 1865 49 18 eide
2339 1866 93 21 partisans
2449 1868 33 22 qui

2008 1883 65 18 n’était
2079 1888 34 18 pas
2120 1885 84 22 toujours
2212 1891 44 15 sans
2260 1888 72 24 danger
2339 1892 19 16 et
2362 1891 39 18 l’on
2409 1893 73 21 conçoit

2008 1912 37 18 que
2052 1909 28 17 les
2085 1909 53 18 chefs
2146 1910 97 20 militaires
2251 1914 20 17 et
2280 1914 29 18 les
2319 1916 162 20 administrateurs

2008 1934 50 18 aient
2066 1934 35 18 fait
2113 1936 42 17 tous
2167 1936 52 19 leurs
2235 1938 66 20 efforts
2312 1945 49 18 pour
2372 1942 75 20 réduire
2462 1944 19 18 le

2008 1959 67 23 clergé,
2084 1964 47 18 pour
2138 1961 94 23 disperser
2239 1965 20 16 et
2266 1965 56 22 punir
2327 1966 119 21 sévèrement
2452 1970 28 18 les

2007 1985 108 23 audacieux,
2124 1986 74 19 bandits
2209 1992 25 14 ou
2246 1994 44 18 non,
2308 1992 33 22 qui
2354 1997 25 13 en
2392 1994 52 23 dépit
2458 1995 23 18 de

2008 2010 60 18 toutes
2076 2011 29 17 les
2112 2016 84 14 mesures
2203 2014 61 21 prises
2275 2017 66 17 contre
2354 2022 44 18 eux,
2416 2024 66 17 provo-

2007 2035 76 22 quaient
2091 2036 34 18 des
2139 2037 81 19 révoltes
2233 2039 116 21 incessantes
2357 2045 65 17 contre
2435 2045 47 18 l’au-

2008 2060 61 19 torité.

2029 2086 70 22 Certes,
2109 2091 48 14 nous
2161 2092 25 14 ne
2194 2090 85 18 saurions
2286 2092 83 19 retracer
2374 2094 32 22 ici,
2415 2095 29 19 les
2450 2096 31 22 pé-

2006 2111 76 23 ripéties
2090 2112 24 18 de
2121 2114 49 17 cette
2175 2114 49 18 lutte
2231 2116 92 19 soutenue
2332 2120 64 17 contre
2404 2120 29 18 les
2440 2121 41 22 prê-
2485 2135 10 4 >.

2007 2138 38 17 très
2053 2138 20 17 et
2079 2138 30 17 les
2116 2138 85 23 rebelles,
2210 2140 42 22 trop
2264 2144 82 17 souvent
2357 2145 87 21 qualifiés
2458 2148 22 17 de

2006 2162 88 22 brigands
2106 2164 20 17 et
2137 2165 23 17 de
2173 2165 82 23 bandits,
2272 2167 68 23 depuis
2354 2170 87 20 l’arrivée
2456 2172 24 18 du

2006 2187 75 23 Compte
2087 2188 25 18 de
2118 2189 53 18 Vaux
2178 2190 74 23 jusqu’à
2267 2192 94 24 l’Empire.
2377 2195 103 24 Rappelons

2005 2213 104 19 seulement
2123 2215 30 17 les
2171 2215 205 27 jugements'sévères,
2390 2223 64 21 portés
2469 2224 11 16 à

2004 2237 90 24 l’époque,
2106 2243 34 14 sur
2147 2241 28 18 les
2183 2246 36 14 uns
2228 2244 19 17 et
2254 2243 29 18 les
2290 2245 71 18 autres.
2375 2246 53 19 Voici
2444 2248 37 18 d’a-

2005 2263 45 18 bord
2064 2264 47 19 dans
2124 2270 27 13 un
2161 2267 96 22 mémoire,
2272 2271 56 20 ayant
2345 2276 26 13 un
2388 2273 92 19 caractère

2007 2288 75 23 officiel,
2096 2295 38 13 une
2147 2292 123 22 appréciation
2283 2295 136 20 extrêmement
2434 2299 46 18 dure

2008 2318 32 14 sur
2047 2315 28 18 les
2083 2317 94 18 membres
2189 2318 25 18 (lu
2226 2319 61 23 clergé
2302 2320 100 21 insulaire:
2418 2323 61 19 «Geus

2007 2344 46 18 pour
2061 2341 17 17 la
2087 2342 74 22 plupart
2177 2343 102 23 ignorants,
2297 2346 82 19 adonnés
2390 2348 11 17 à
2419 2350 60 17 toutes

2007 2367 59 17 sortes
2074 2366 24 18 de
2106 2367 57 21 vices,
2172 2370 106 21 crapuleux,
2285 2371 107 23 intrigants,
2402 2377 22 15 ce
2437 2377 42 16 sont

2007 2394 36 14 eux
2051 2392 32 22 qui
2087 2392 25 18 de
2120 2394 43 17 tous
2171 2395 66 21 temps,
2247 2397 33 16 ont
2287 2396 31 18 été
2326 2397 29 18 les
2367 2403 79 18 organes
2454 2401 24 17 de

2007 2416 17 18 la
2032 2416 71 19 révolte
2112 2419 19 16 et
2135 2421 79 16 souvent
2225 2421 42 17 leur
2275 2421 117 20 boule-feu.»

2030 2447 10 12 «
2049 2442 23 18 Ce
2079 2445 40 16 sont
2127 2449 37 12 eux
2171 2444 33 23 qui
2210 2447 31 16 ont
2252 2446 27 18 été
2290 2446 26 19 les
2329 2452 75 19 organes
2421 2450 22 18 de
2460 2451 17 17 la

2006 2466 83 19 révolte».
2108 2467 49 20 C’est
2174 2470 42 18 bien
2233 2475 21 14 ce
2271 2472 32 21 qui
2326 2474 88 22 explique
2430 2478 48 16 cette

2005 2493 85 18 aversion
2100 2499 47 17 pour
2155 2495 17 18 le
2181 2495 65 22 clergé,
2258 2497 23 17 ôu
2297 2498 37 17 l’on
2343 2502 73 20 compte
2424 2505 54 17 pour-

2007 2519 38 16 tant
2050 2519 34 17 des
2092 2519 84 19 hommes
2184 2521 97 22 éminents,
2291 2523 56 19 d’une
2355 2524 58 19 haute
2419 2527 58 18 cultu-

2005 2547 26 17 re,
2041 2544 61 22 pleins
2110 2545 23 18 de
2141 2545 25 18 foi
2175 2546 118 24 patriotique,
2302 2548 104 20 n’hésitant
2414 2556 39 18 pas,
2464 2552 12 18 i!

2005 2570 29 17 est
2040 2569 46 21 vrai,
2096 2570 12 17 à
2115 2571 80 18 allumer
2202 2571 18 18 la
2228 2576 74 18 guerre,
2312 2574 47 18 mais
2368 2580 23 13 en
2400 2579 76 16 courant

2004 2598 165 19 courageusement
2178 2598 41 16 tous
2225 2597 28 18 les
2262 2598 73 22 risques
2344 2602 18 16 et
2377 2605 20 14 se
2409 2602 68 19 faisant

2005 2620 42 17 tuer
2052 2624 24 13 au
2085 2621 81 21 premier
2174 2626 45 18 rang
2228 2623 33 17 des
2278 2624 79 22 milices,
2374 2627 55 21 qu’ils
2446 2632 31 14 en-

2005 2645 79 18 traînent
2089 2649 24 14 au
2119 2646 79 22 combat,
2202 2652 37 13 aux
2246 2651 74 16 accents
2326 2651 26 17 du
2359 2651 58 19 vieux
2422 2653 55 19 chant

2003 2670 24 17 de
2031 2674 67 18 guerre
2106 2674 53 15 corse
2165 2672 41 18 :Dio
2211 2673 67 18 lisalvi
2285 2675 77 23 Regina.

2281 2702 27 18 H.
2318 2703 135 25 Pierangeli.

2025 2723 33 21 (La
2067 2723 52 19 Corse
2132 2724 117 25 Touristique)

2015 2781 240 32 Aiaceiu-Slamparia
2274 2785 23 22 di
2320 2788 22 20 A
2370 2788 93 22 Muvra

2015 2814 14 22 d
2031 2815 34 22 ire
2067 2818 99 27 ttore-ge
2169 2820 64 19 rente
2243 2825 6 15 :
2272 2818 41 23 Pet
2315 2827 27 15 ru
2355 2820 103 24 ROCCA

31 2888 88 26 pQglitlinu
124 2896 19 18 di
147 2897 22 18 A
174 2897 124 19 Muvra—n-
305 2897 22 19 63
332 2897 43 18 —di
381 2902 13 12 u
400 2895 84 19 30-11-26

51 2947 231 59 PASMÂLE
313 2949 145 53 PA0L1

201 3042 3 2 .
215 3027 66 19 OSSIA

66 3062 33 38 h
115 3066 78 38 Rôtfa
210 3069 32 36 di
255 3068 176 38 Pôntenüovo

30 3119 142 33 ^CONTO
177 3131 109 24 CORSO
292 3132 58 22 DHL
359 3130 124 23 SEC.OLO

204 3177 83 23 XVIÏT

237 3221 21 17 DI

109 3252 31 26 F.
154 3256 35 24 D.
207 3256 175 26 Guerrazzi

181 3317 123 30 (Seguito)

52 3360 120 26 fnviarono
189 3365 17 21 il
226 3365 70 27 Mari,
312 3366 44 21 che
376 3364 107 27 promise

44 3392 47 21 °ma
102 3400 14 14 e
124 3395 82 29 Toma,
215 3405 37 16 ma
260 3402 90 19 stremo
358 3398 23 22 di
393 3398 90 21 denaro

27 3422 38 20 n°n
76 3426 100 26 riusciva
187 3433 116 23 a^motivo
314 3433 44 21 che
374 3432 93 21 valesse
476 3437 6 15 :

26 3454 82 27 avendo
119 3466 94 21 menato
220 3472 45 21 per
270 3467 98 26 teologo
381 3466 19 21 il
410 3465 74 27 padre

25 3487 79 26 §esuita
114 3494 95 26 Porrata
217 3500 20 20 si
253 3500 109 21 ristrinse
373 3504 56 17 seco
448 3498 35 22 lui

49 3525 131 31 rconsigli;
193 3533 78 25 questi
285 3538 105 22 propose
401 3532 83 21 levare

25 3580 9 20 ^
45 3557 7 14 1
59 3558 90 40 argen|i
155 3563 61 23 dalle
224 3565 82 23 chiese
314 3572 13 15 e
334 3571 46 17 con
389 3567 95 25 protes-

25 3611 29 25 ler
68 3587 8 21 *
85 3591 81 25 tenerÜ
176 3599 111 22 custoditi
303 3600 24 21 in
337 3599 86 25 Bastia,
440 3604 43 15 va-

26 3650 11 14 e
125 3628 22 21 al
158 3628 60 24 Mari
229 3633 102 27 piacque
339 3634 23 21 la
373 3633 107 27 pensata.

45 3654 13 22 ^
66 3658 7 14 1
84 3661 83 22 mandò
183 3669 13 16 a
218 3665 109 28 pigliare;
351 3666 61 21 dalla
430 3665 52 21 sola

28 3687 138 46 Canvn^Iata,
180 3696 79 24 chiesa
272 3699 39 22 dei
332 3699 98 25 Serviti,
448 3704 33 15 ne

25 3743 17 18 r;
63 3722 14 16 0
85 3721 39 23 600
139 3726 77 25 Übbre
224 3737 15 15 e
253 3732 35 28 gli
308 3738 74 22 parve
404 3731 76 22 averli

25 3755 82 41 ar»eSSi
240 3766 75 21 mani.
324 3765 109 22 Raccolti
445 3764 35 28 gli

59 3787 52 26 enb,
123 3795 88 21 perché
217 3797 24 21 la
252 3798 113 22 faccenda
373 3799 22 21 si
411 3804 70 15 man-

510 2897 95 20 tenesse
617 2897 101 26 segreta,
734 2895 68 27 spedi
822 2895 17 21 il
858 2896 93 27 gesuita
970 2902 14 15 a

509 2929 110 22 venderli
629 2929 24 21 in
663 2929 115 26 Livorno;
787 2934 14 16 e
810 2931 85 25 questo
908 2929 17 22 il
943 2935 41 22 ge-

511 2963 61 21 suita
583 2963 59 25 fece;
655 2963 54 21 solo
717 2967 50 17 non
783 2959 101 30 ritorhò,
904 2963 79 21 simile

510 2996 23 21 al
545 3001 74 17 corvo
631 2995 119 22 dell’Arca
761 2996 23 21 ei
799 2996 66 22 battè
883 2996 55 22 Taie
957 2997 26 21 in

511 3030 111 24 contrad.e
633 3030 108 21 lontane.
759 3029 94 22 benchè
873 3030 54 21 altri
950 3029 34 22 af-

510 3063 70 22 fermi
592 3063 60 22 ch’ei
662 3069 69 22 se/ne
740 3064 101 21 andasse
849 3070 14 15 a
880 3063 77 22 Roma
970 3070 13 15 a

511 3098 100 20 mettere
621 3097 23 21 in
651 3097 69 21 salvo
732 3097 18 21 il
761 3097 93 22 bottino
874 3097 41 21 nel
935 3097 49 22 col-

509 3130 65 27 legio
587 3130 23 21 di
621 3129 75 26 Gesù,
706 3130 63 22 dove
778 3130 9 21 i
798 3130 53 22 suoi
865 3131 118 26 supefiori

510 3163 64 27 dopo
579 3163 91 27 lunghe
676 3163 120 21 disamine
801 3164 182 22 sentenziarono

511 3196 44 22 che
565 3196 18 21 il
591 3196 66 22 ladro
670 3196 17 21 il
706 3197 69 27 quale
793 3196 59 22 ruba
868 3197 23 21 al
908 3196 74 23 ’ladro

510 3234 49 17 non
568 3229 23 22 fa
599 3233 98 23 pe.ccato
707 3235 13 15 e
731 3230 24 21 lo
765 3235 153 17 venerarono
936 3230 46 22 due

511 3263 88 21 cotanti
608 3263 91 27 meglio
712 3263 25 21 di
756 3264 87 26 prima.
863 3263 104 26 Quando
974 3265 8 21 i

511 3295 136 23 Côrsiselo
660 3298 157 25 aspettavano
832 3302 81 21 meno,
925 3303 57 16 ecco

510 3330 162 21 commoversi
681 3330 25 21 le
718 3332 108 19 materne
845 3331 95 21 viscere
957 3331 25 21 di

511 3362 77 22 Maria
597 3362 90 22 Teresa
702 3361 15 29 (i
732 3363 57 27 Papi
801 3363 24 21 le
840 3363 81 22 hanno
941 3370 43 21 pa-

510 3395 78 29 terne)
600 3402 14 14 e
625 3402 13 15 a
656 3395 72 23 Carlo
749 3396 129 22 Emanuele
892 3396 88 27 altresi,

510 3435 15 15 e
540 3429 77 27 prima
632 3429 40 21 coi
694 3429 81 25 bandi,
797 3430 41 27 poi
855 3435 46 16 con
917 3430 65 21 buon

510 3463 69 27 polzo
589 3462 23 21 di
622 3464 73 26 gente
708 3463 139 21 comandata
859 3463 30 22 da
900 3469 33 15 un
943 3469 40 15 co-

509 3496 107 21 lonnello
634 3495 117 23 Cumiana
763 3497 94 22 aizzano
869 3497 8 21 i
891 3496 68 22 Côrsi
967 3503 15 15 a

510 3530 56 21 dare
578 3529 102 22 addosso
694 3530 22 21 ai
729 3530 133 25 Genovesi;
872 3531 24 20 la
907 3530 74 27 impé-

509 3562 94 25 ratrice.,
613 3562 125 22 d’accordo
749 3564 39 20 col
799 3569 35 19 re,
854 3563 76 27 aperti
947 3569 33 15 un

509 3596 39 21 bel
556 3596 87 27 giorno
650 3596 34 26 gli
707 3596 77 26 occhi,
807 3597 100 21 vedono
918 3596 62 21 «che

511 3636 10 14 «
527 3630 24 21 la
560 3628 138 28 repubblica
704 3628 30 22 ha
741 3629 91 21 violata
842 3630 24 20 la
873 3628 107 22 umanità

510 3669 11 14 «
529 3668 14 15 e
562 3662 23 21 la
611 3662 110 27 giustizia
745 3662 162 21 continuando
939 3662 40 21 nei

510 3702 13 14 «
530 3695 66 22 modi
616 3694 42 27 più
677 3695 65 26 aspri
764 3696 46 20 alla
833 3695 145 21 distruzione

508 3728 138 25 dell’onore,
670 3727 63 21 delle
752 3730 110 19 sostanze
881 3734 15 15 e
916 3727 61 21 délia

506 3762 51 21 vita
568 3760 154 28 degl’infelici
743 3760 80 21 Côrsi.
831 3767 14 14 »
868 3760 109 27 Cagione

507 3795 60 21 délia
589 3798 80 17 nuova
684 3795 122 19 tenerezza
827 3793 21 20 la
879 3794 52 26 Iega
950 3792 24 21 di

1012 2894 102 24 Genova
1126 2901 47 17 con
1183 2897 24 21 la
1216 2896 98 24 Francia
1324 2904 13 15 e
1348 2899 24 21 la
1387 2898 93 29 Spagna

1010 2935 44 21 per
1061 2929 119 21 istabilire
1191 2929 109 24 l’infante
1317 2932 49 21 don
1385 2932 94 28 Filippo

1010 2962 40 21 nel
1068 2962 86 22 ducato
1177 2963 23 21 di
1222 2963 84 23 Parma
1327 2971 14 15 e
1360 2965 118 27 Piacenza,

1010 2996 62 21 nella
1080 2996 70 27 quale
1156 2997 23 21 la
1185 2998 123 26 republica
1321 3004 40 16 era
1368 3000 111 21 condotta

1009 3035 15 15 a
1033 3029 101 27 cagione
1145 3030 39 22 del
1194 3031 151 23 mardiesato
1354 3032 24 22 di
1390 3032 87 25 Finale,

1010 3062 44 22 che
1069 3062 86 22 donato
1174 3063 78 27 prima
1269 3065 30 22 da
1318 3065 71 22 Carlo
1402 3065 40 22 VI
1456 3067 22 21 ai

1011 3095 131 27 Genovesi.,
1155 3096 19 22 il
1181 3098 134 22 medesimo
1336 3100 143 26 imperatore

1010 3135 46 16 con
1064 3130 24 21 la
1099 3132 115 20 consueta
1224 3133 146 21 verecondia
1381 3133 24 21 di
1425 3139 53 16 casa

1010 3163 24 21 di
1043 3163 106 26 Austria,
1162 3169 68 16 cesse
1242 3166 21 20 al
1275 3167 28 20 fe
1311 3165 26 22 di
1348 3165 128 29 Sardegna.

1010 3195 57 23 Cosi
1076 3197 79 27 questi
1167 3197 100 27 signori,
1280 3205 13 15 a
1313 3200 104 21 seconda
1439 3200 37 22 dei

1008 3230 53 22 loro
1076 3230 120 26 interessi,
1220 3231 21 21 si
1259 3232 88 22 dicono
1364 3237 79 22 corna,
1463 3240 14 15 e

1010 3263 94 27 quando
1115 3270 14 15 a
1135 3263 102 22 vicenda
1247 3264 65 23 l’uno
1324 3266 31 21 ha
1366 3269 110 25 scoperto

1008 3297 34 27 gli
1054 3297 93 22 altarini
1161 3296 124 27 dell’altro,
1305 3300 171 28 maravigliano

1009 3336 26 15 se
1049 3330 17 21 il
1080 3331 91 26 popolo
1183 3331 20 21 si
1213 3331 58 25 ride,
1289 3332 156 23 dell’autorità
1452 3334 23 21 di

1008 3363 82 22 tutti...
1096 3362 41 22 oh!
1141 3369 113 17 nonsono
1261 3365 88 22 curiosi
1354 3366 120 22 costoro!..

1009 3396 86 22 Dietro
1107 3397 23 21 ai
1154 3396 68 23 Sardi
1243 3403 14 15 e
1267 3396 32 22 "ai
1320 3398 119 24 Tedeschi
1455 3401 20 21 si

1008 3430 160 22 accordarano
1207 3430 131 28 gl’Inglesi,
1367 3433 108 23 ch’erano

1008 3463 73 21 allora
1094 3464 24 21 di
1127 3463 69 26 balla;
1211 3464 7 21 i
1231 3463 111 23 Francesi
1352 3472 44 20 per
1414 3468 60 21 astio

1008 3496 131 26 ritornano,
1160 3496 79 22 l’isoîà
1260 3496 25 21 in
1307 3503 71 17 mano
1393 3506 14 15 a
1422 3501 52 21 loro

1007 3529 51 26 pari
1070 3530 44 21 alla
1134 3532 66 19 veste
1218 3530 24 21 di
1257 3528 80 24 Cristo
1354 3531 93 28 gio'cata
1461 3540 14 15 a

1007 3561 54 22 dadi
1072 3564 37 19 tra
1120 3563 70 21 sbirri
1204 3562 99 22 briachi.
1312 3563 53 22 Che
1376 3566 97 27 parlo,'o

1007 3594 44 21 che
1068 3596 90 21 taccio?
1179 3596 30 21 La
1231 3596 81 26 lingua
1333 3603 44 21 per
1392 3601 82 25 queste

1006 3627 98 22 infamie
1112 3634 49 16 non
1171 3629 21 21 si
1201 3628 159 29 avvolgeimp
1362 3637 30 15 un
1394 3638 80 17 enten-

1004 3662 32 24 te,
1045 3666 74 16 corne-
1125 3661 38 22 chi
1174 3662 118 21 cammina
1302 3668 45 21 per
1353 3664 23 21 la
1386 3666 87 21 melma

1004 3699 68 16 senza
1084 3694 108 22 macchia
1215 3700 49 16 non
1281 3694 49 27 può
1348 3698 103 21 uscirne.
1460 3698 11 22 I

1003 3726 104 28 principi
1119 3727 107 22 discordi
1245 3727 119 26 stipulano
1386 3736 32 15 un
1437 3737 35 15 ar-

1002 3759 104 21 mistizio
1114 3761 41 20 nel
1162 3761 70 26 quale
1238 3760 131 24 includono
1377 3763 8 20 i
1393 3762 77 27 Côrsi;

1003 3792 62 21 nella
1077 3798 61 20 pace
1152 3792 71 21 finale
1235 3793 24 21 di
1280 3793 151 29 Aquisgrana
1453 3797 16 20 li

1506 2900 173 25 dimenticano.
1715 2904 88 23 Doiide
1827 2907 52 22 ciò?
1903 2908 40 22 Gli
1964 2909 14 22 è

1505 2934 91 23 chiaro:
1605 2936 164 28 gl’includono
1781 2940 195 29 nell’armistizio,

1504 2967 103 23 affinchè
1627 2971 163 23 continuando
1807 2979 14 16 a
1833 2975 144 23 combattere

1504 3006 51 16 non
1564 3002 170 28 iscompiglino
1743 3006 23 20 le
1774 3012 65 16 uova
1847 3009 39 21 nel
1895 3009 83 26 panie-

1504 3040 34 20 re;
1552 3035 33 27 gli
1598 3036 118 23 scordano
1734 3039 63 21 nella
1807 3046 60 21 pace
1888 3042 89 27 perché

1504 3067 9 21 i
1537 3067 134 29 Genovesi,
1698 3071 82 23 aiutati
1802 3073 30 22 da
1854 3080 60 22 capo
1936 3076 39 22 dai

1504 3100 120 29 Francesi,
1638 3103 102 23 abbiano
1757 3106 88 23 facoltà
1859 3108 24 21 di
1894 3109 82 22 rimet-

1503 3135 53 21 tere
1566 3135 52 22 loro
1630 3137 24 20 le
1664 3138 67 21 mani
1754 3139 85 23 dentro
1851 3141 9 21 i
1880 3143 94 27 capelli.

1503 3167 33 22 Di
1548 3168 52 22 fatti
1609 3169 8 22 i
1627 3169 111 24 Francesi
1751 3174 74 25 perla
1840 3176 92 21 smania
1950 3176 24 22 di

1502 3203 105 20 mestare
1617 3205 102 21 entrano
1731 3205 25 22 di
1775 3212 86 22 mezzo,
1879 3214 13 16 e
1901 3209 75 22 arruf-

1503 3234 57 22 fano
1571 3236 24 21 la
1602 3239 103 21 matassa
1720 3240 89 27 peggio
1818 3241 24 21 di
1863 3242 85 27 prima;
1960 3249 15 16 a

1502 3273 49 16 una
1560 3271 65 25 parte
1643 3276 50 17 non
1719 3272 134 29 piacciono,
1877 3275 98 23 all’altra

1502 3301 124 27 sgarbano,
1640 3310 14 14 e
1665 3305 138 23 inimicatisi
1823 3307 125 24 Genovesi
1960 3315 15 16 e

1502 3333 72 23 Côrsi
1586 3336 105 23 lascjano
1700 3338 30 21 da
1742 3344 59 22 capo
1809 3342 59 26 ogni
1880 3347 56 16 cosa
1947 3343 27 21 in

1502 3373 55 16 asso
1566 3368 111 23 dicendo:
1691 3370 38 22 chi
1741 3371 46 22 l’ha
1802 3373 30 21 da
1851 3375 123 27 mangiare

1500 3400 25 22 la
1534 3401 58 22 làvi.
1602 3401 49 22 Ora
1663 3402 21 22 si
1697 3404 44 21 che
1753 3405 7 21 i
1774 3405 126 23 Genovesi
1923 3414 50 16 non

1501 3440 121 21 sapevano
1643 3442 12 15 a
1674 3438 54 26 quai
1754 3441 69 19 santo
1843 3442 102 26 votarsi;
1963 3442 9 21 i

1498 3467 100 23 -Gesuiti
1614 3469 26 21 in
1661 3472 127 21 ammenda
1810 3473 41 22 del
1871 3474 63 22 furto
1950 3475 24 21 si-

1500 3501 146 26 proffersero
1656 3504 120 22 seminare
1794 3506 99 22 zizzania
1912 3507 35 22 fra
1963 3508 8 21 i

1501 3533 98 22 Côrsi-e
1609 3535 33 21 fin
1645 3541 14 16 o
1676 3542 13 15 a
1697 3543 32 15 un
1742 3540 65 20 certo
1824 3542 74 24 punto
1911 3541 61 21 rius-

1500 3572 93 21 cirono,
1605 3568 44 21 chè
1658 3575 32 15 un
1696 3572 67 19 certo
1769 3572 76 25 padre
1857 3572 113 23 Ricchini

1499 3599 163 29 imbroglione
1676 3602 24 20 di
1718 3604 38 20 tre
1771 3606 66 20 cotte
1855 3606 83 22 arrivô
1956 3613 15 14 a

1499 3633 102 21 scalzare
1612 3634 19 21 il
1639 3635 113 26 generale
1764 3636 116 27 Giuliani,
1896 3644 74 16 uomo

1498 3665 117 27 dabbene,
1633 3673 39 15 ma
1683 3667 71 22 facile
1765 3669 30 21 ad
1814 3676 81 16 essere
1905 3672 66 27 aggi-

1497 3700 62 23 rato;
1577 3699 19 21 il
1610 3698 93 23 Gaffori
1723 3703 74 20 tenne
1817 3703 69 26 sodo,
1911 3710 14 15 e
1944 3705 26 21 fu

1497 3732 108 20 mestieri
1616 3733 86 21 vendre
1718 3740 13 15 a
1738 3735 59 26 patti
1810 3741 47 15 con
1872 3737 43 21 lui:
1938 3738 32 21 ri-

1497 3764 94 21 chiesto
1600 3764 61 22 dalla
1673 3767 123 26 republica
1802 3768 25 21 di
1836 3771 132 21 mettérein

1496 3799 66 19 carta
1586 3798 24 20 le
1633 3804 43 15 sue
1697 3801 148 25 pretensioni
1867 3803 100 28 rispose,

2004 2910 100 22 dandosi
2129 2918 31 15 un
2182 2913 55 27 paio
2265 2914 23 21 di
2316 2914 91 29 fregaîe
2430 2918 44 21 alla

2004 2943 87 23 fronte:
2113 2944 14 22 è
2150 2949 80 23 presto
2247 2946 65 27 fatto,
2323 2954 15 15 e
2360 2949 113 24 incomir-

2003 2982 51 22 ciô:
2076 2988 50 17 non
2147 2984 19 21 si
2187 2986 58 25 parli
2267 2986 24 21 di
2316 2990 158 22 concessioni

2003 3016 87 26 perché
2102 3019 84 24 questa
2197 3019 81 26 parola
2286 3020 98 27 implica
2401 3021 73 24 facol-

2002 3048 23 22 tà
2037 3049 23 21 di
2084 3049 111 27 riritarle,
2213 3053 97 26 quando
2329 3060 61 17 anco
2414 3056 20 21 ci
2453 3058 19 21 si

2002 3082 119 29 aggiunga
2152 3083 73 22 l’altra
2260 3085 178 26 d’irrevocabiii
2459 3096 13 16 e

2003 3118 121 24 perpetue;
2142 3117 73 22 dicasi
2237 3122 175 27 convention!:
2432 3129 41 16 an-

2002 3153 55 17 cora
2077 3150 97 22 tacciasi
2187 3151 23 22 di
2234 3154 126 26 perdono,
2386 3157 87 26 perche

2001 3182 22 21 la
2033 3186 82 18 natura
2125 3185 157 22 somministri
2293 3188 30 20 ad
2333 3189 57 27 ogni
2399 3195 72 17 uomo

2002 3215 16 21 il
2027 3215 83 23 diritto
2122 3217 24 21 di
2159 3218 101 27 pigliare
2272 3220 22 21 le
2306 3222 60 21 armi
2389 3228 42 22 per
2450 3224 21 21 la

2001 3248 93 27 liberté;
2102 3250 19 21 si
2144 3251 106 28 adoperi
2274 3253 16 22 il
2310 3256 104 22 termine
2434 3257 38 22 di-

2000 3283 157 28 meniicanta
2169 3290 14 15 e
2201 3286 52 21 sarà
2276 3289 100 26 meglio,
2398 3291 74 21 molto

2000 3314 41 27 più
2052 3315 45 21 che
2109 3318 115 25 potrebbe
2236 3321 131 22 convenire
2377 3322 29 22 ad
2426 3329 44 16 una

1999 3350 67 24 parte
2073 3349 30 20 ed
2115 3350 31 20 ail
2154 3351 67 25 altra;
2236 3357 13 16 e
2262 3353 50 21 cosi
2322 3354 25 21 di
2366 3357 103 26 seguito.

2001 3379 9 22 I
2028 3380 124 24 Genovesi
2173 3384 133 23 crederono
2327 3387 143 25 diventarne

1999 3413 76 26 malti,
2089 3416 85 21 cotesti
2190 3418 147 26 republicani
2363 3422 106 29 bottegai

1998 3452 13 15 a
2020 3447 95 22 sentirsi
2128 3450 95 21 toccare
2241 3452 22 20 la
2281 3454 67 27 regia
2366 3457 102 22 autorità

1998 3480 122 22 andarono
2137 3487 28 16 su
2190 3483 6 21 i
2221 3486 78 26 mazzi;
2318 3488 23 21 le
2362 3494 45 17 con
2410 3492 57 21 sorti

1998 3513 155 26 republicane
2185 3515 118 26 offersero
2333 3522 86 22 cedere
2447 3525 22 20 le

1997 3550 65 22 giOïC-
2073 3552 42 21 per
2137 3551 125 22 sostenere
2280 3559 82 17 nuove
2382 3562 86 23 guerre

1998 3579 96 21 anzichè
2104 3581 100 26 perdere
2215 3583 16 22 il
2247 3585 71 24 titolo
2340 3589 23 21 di
2385 3591 83 28 regine

1998 3611 23 21 di
2062 3612 99 24 Corsica
2171 3622 6 19 ;
2209 3619 80 22 vanilà
2319 3622 25 21 di
2370 3624 80 23 vanità
2461 3625 5 20 !

2123 3718 4 16 i

2151 3738 11 26 (
2165 3738 145 31 Cuntinua)
