2541 3906
81 144 362 68 [texte
503 144 543 68 manquant]

116 288 28 19 La
150 287 91 20 Corsica
249 290 64 16 conta
319 285 48 25 oggi
376 286 113 18 nunierosi
497 284 62 19 scrit-

89 318 49 22 tori,
148 317 67 26 poeti,
224 316 127 21 romanzieri
361 322 12 13 e
382 314 84 22 storici,
478 314 6 19 i
498 313 60 25 quali

90 356 40 12 con
137 349 20 19 le
163 348 49 20 loro
222 354 67 18 opéré
295 347 71 19 hanno
376 349 75 16 creato
461 344 22 19 in
494 343 65 20 Fran-

89 380 41 22 cia,
140 385 42 13 una
192 378 106 25 opinione
313 376 99 25 pubblica
427 374 59 20 assai
500 373 59 20 favo-

79 410 2 2 '
90 409 72 20 revoie
170 408 100 20 all’isola.
281 407 39 19 Fra
330 406 78 25 questi-
418 410 85 18 occupa
513 410 45 12 uno

89 439 35 20 dei
138 438 129 25 primissimi
277 436 55 25 posti
342 436 26 19 G.
379 436 24 19 B.
411 432 120 26 Marcaggi,
542 433 15 19 il

89 469 35 19 cui
133 471 74 20 nòme,
218 469 13 18 è
240 473 55 19 pure
307 466 189 24 simpaticamenîe
505 467 52 16 note

88 499 69 19 anche
171 499 23 19 in
211 498 61 20 Italia
282 503 39 18 per
330 496 6 19 i
349 496 49 20 suoi
413 494 72 21 lavori
501 494 56 19 sulla

88 529 127 25 giovinezza
232 528 22 19 di
270 527 133 24 Napoleone.
422 524 49 25 Egli
486 525 12 19 è
512 530 45 13 uno

89 559 56 24 degli
152 558 86 20 uomini
246 558 36 24 più
290 557 76 19 eruditi
373 556 41 20 che
420 555 139 24 onorinoog-

88 589 22 25 gi
119 590 20 19 la
149 588 99 21 Corsica,
254 588 57 19 dalla
320 587 64 24 quale
393 592 46 14 non
450 585 58 20 voile
514 584 43 20 mai

88 619 135 20 distaccarsi:
231 618 43 24 egli
283 624 48 13 ama
340 623 40 13 con
389 616 91 20 fervore
488 615 20 20 la
518 621 39 14 sua

88 650 68 24 patria
170 650 29 18 ed
207 649 16 19 il
238 648 125 20 continente
375 653 46 14 non
431 647 23 19 lo
467 646 89 20 seduce.

89 680 23 20 E’
124 680 91 19 rimasto
229 685 71 16 corso,
310 678 21 19 in
345 681 54 16 tutta
415 676 143 20 l’estensione

88 710 55 19 délia
156 709 87 24 paroIa>
253 708 26 20 ed
293 708 41 19 alla
342 713 39 14 sua
395 707 99 24 gloriosa
502 706 55 19 isola

87 740 28 19 ha
124 739 101 19 dedicato
238 745 13 13 e
263 738 74 19 dedica
350 740 82 16 tuttora
445 742 45 14 una
507 735 51 20 bril-

87 770 59 19 lante
154 776 13 12 e
175 769 95 19 féconda
279 768 84 19 attività
379 767 120 19 letteraria.
509 766 47 24 Egli

87 800 13 19 è
115 800 79 19 inoltre
210 800 105 18 direttore
328 797 56 20 délia
399 797 123 20 Biblioteca
534 796 23 19 di

87 830 96 24 Ajaccio:
193 829 52 20 iutti
254 829 29 24 gli
293 828 89 20 studiosi
396 827 43 20 che
448 827 19 19 si
477 832 80 14 recano

87 860 57 20 nella
159 860 127 20 sorridente
295 865 12 13 e
321 858 118 24 pittoresca
453 857 52 20 città
520 864 38 12 na-

87 890 121 25 poleonica,
225 890 75 19 hanno
315 891 84 17 trovato
414 888 24 20 in
454 888 39 22 lui,
513 893 43 13 una

86 921 143 20 inesauribile
238 923 82 22 quanto
329 919 98 25 preziosa
436 918 68 24 guida
513 917 45 19 nel-

86 952 22 19 le
116 952 46 18 loro
178 950 106 20 ricerche.
302 949 68 20 Corne
380 948 51 20 tutti
442 948 7 19 i
463 947 94 20 letterati

86 982 64 21 corsi,
160 981 108 24 anch’egli
278 980 103 24 proviene
389 979 37 19 dal
442 978 115 25 giornalis-

87 1018 43 13 mo:
139 1012 114 19 collaboré
262 1010 70 20 infatti
341 1016 13 13 a
360 1009 107 24 periodici
474 1015 13 13 e
495 1007 63 21 rivis-

87 1046 29 19 te,
125 1041 112 20 trattando
247 1041 22 19 di
285 1040 128 25 prevalenza
432 1038 124 25 argomenti

87 1072 80 22 storici,
178 1079 39 17 per
227 1072 6 18 i
243 1071 59 25 quali
318 1070 56 20 nutrì
388 1076 90 18 sempre
492 1069 65 19 vivis-

86 1103 54 19 sima
149 1103 129 19 attrazione.

113 1133 45 24 Egli
168 1134 13 18 è
190 1139 31 13 un
239 1131 147 25 napoleonista
403 1129 130 22 entusiasta,
543 1136 13 13 e

86 1169 62 14 corne
165 1163 45 19 taie
223 1163 56 19 ebbe
289 1168 41 13 una
348 1161 108 24 polernica
471 1164 85 16 cortese

86 1200 41 13 con
138 1193 104 20 Federico
254 1192 92 20 Masson:
352 1191 13 19 il
376 1191 92 20 martire
477 1197 79 18 augus-

86 1229 22 15 to
117 1224 21 19 di
148 1223 61 21 Sant’
219 1224 67 19 Elena
295 1224 13 18 è
317 1222 63 20 il.suo
389 1221 69 21 idolo,
470 1228 34 12 ma
518 1221 36 24 più

85 1254 40 20 che
140 1254 174 24 all’lmperatore
323 1259 10 9 «
341 1252 136 24 sfolgorante
490 1252 21 19 in
521 1258 35 12 so-

85 1285 67 25 glio»,
162 1285 42 24 egli
222 1284 70 20 limité
301 1284 6 19 i
317 1284 46 20 suoi
377 1283 59 21 studi
451 1283 42 19 alla
504 1289 50 18 pue-

86 1316 51 19 rizia
146 1316 27 19 ed
182 1316 45 19 alla
237 1316 124 24 giovinezza
370 1315 36 20 de!
414 1314 83 25 pallido
506 1319 12 13 e
525 1316 29 16 ta-

85 1346 85 20 citurno
186 1345 65 26 figlio
259 1346 22 19 di
293 1346 76 20 Letizia
383 1346 36 19 «la
429 1350 65 14 corsa
504 1343 50 19 i\'io-

86 1377 49 19 be».
145 1377 86 23 Campo
250 1382 55 19 poco
322 1376 116 24 esplorato,
456 1375 58 19 ricco
531 1373 21 19 di

85 1407 64 19 messi
158 1407 114 19 doviziose
280 1413 12 13 e
301 1407 21 18 di
332 1404 170 27 insegnamenti.

111 1437 61 24 Dopo
191 1437 77 25 lunghi
284 1438 51 18 anni
350 1437 22 19 di
386 1435 166 25 preparazione,

84 1468 43 25 egli
142 1468 65 19 diede
225 1468 44 19 aile
283 1471 86 21 stampe:
380 1466 52 25 quel
453 1464 101 21 mirabile

85 1499 96 19 volume:
195 1499 37 19 La
249 1498 82 20 Genèse
338 1498 29 19 de
379 1496 129 25 Napoléon,
525 1502 29 13 sa

84 1529 125 24 formation
227 1529 86 19 morale
323 1530 23 18 et
358 1526 167 22 intellectuelle,
532 1526 21 19 la

84 1560 35 18 cui
131 1560 70 24 prima
213 1560 101 19 edizione
327 1558 57 20 ando
396 1564 13 14 a
418 1558 71 21 ruba,.
492 1560 61 18 tanto

84 1590 41 19 che
130 1596 24 13 se
160 1596 29 13 ne
197 1590 90 20 dovetfe
293 1589 47 21 frire
349 1595 42 14 una
401 1588 98 20 seconda
508 1594 46 13 am-

84 1620 66 25 pliata
156 1627 13 13 e
179 1621 109 19 riveduta.
294 1619 88 26 (Parigi,
390 1619 89 23 Perrin,
487 1617 65 25 1902).

111 1652 24 20 In
145 1652 71 25 quesi’
223 1657 74 19 opéra,
305 1651 20 19 la
331 1650 64 25 quale
401 1650 19 20 si
429 1652 85 17 arresta
523 1649 31 19 al-

83 1683 100 20 l’assedio
200 1682 28 20 ed
238 1682 41 19 alla
295 1687 61 18 presa
366 1681 21 19 di
403 1680 95 23 Tolone,
509 1679 43 25 egli

83 1714 97 20 analizza
189 1719 44 14 con
246 1712 72 20 sottile
330 1711 105 25 indagine
444 1710 110 20 l’influen-

83 1752 26 12 za
117 1744 40 20 che
166 1744 129 19 i’ambiente
304 1740 73 22 nativo
384 1742 59 20 ebbe
452 1741 35 20 sul
495 1740 58 20 futu-

82 1782 26 13 ro
130 1775 140 24 imperatore,
284 1780 13 12 e
310 1779 28 13 ne
349 1778 68 19 segue
431 1774 68 22 pâsso
513 1778 40 18 per

82 1808 72 22 pasSo,
167 1805 22 19 la
199 1805 53 21 vita,
263 1804 20 20 le
297 1803 113 22 abitùdini,
420 1803 23 19 le
456 1802 97 20 attitudi-

80 1836 32 22 iii,
121 1836 21 19 lé
149 1841 110 18 speranze
267 1841 13 13 e
289 1834 21 20 le
322 1833 120 21 ambizioni
452 1836 67 16 sènza
527 1832 26 20 li-

81 1866 55 20 miti.
147 1866 153 21 Fânciulfetto,
307 1864 41 25 egli
355 1864 116 22 ècurioso,
479 1863 73 20 irasci-

83 1897 50 22 bile,
143 1903 36 13 ma
192 1896 68 20 avido
269 1896 23 19 di
304 1895 93 20 istruirsi
403 1901 6 13 :
423 1894 128 25 giovanetto

81 1928 29 19 ha
119 1927 88 19 l’anima
220 1927 98 21 ardente,
332 1929 73 16 satura
414 1925 24 19 di
452 1925 99 24 orgoglio

82 1964 13 14 e
101 1958 21 19 di
135 1958 90 24 energia
237 1956 139 21 indomabile.
383 1956 85 25 Spirito
478 1955 74 20 realis-

81 1992 30 18 ta,
121 1988 47 20 cioè
184 1987 105 25 positivo,
298 1986 71 20 Iucido
378 1993 13 13 e
399 1987 77 19 dotato
485 1986 65 19 d’una

82 2019 104 19 memoria
196 2017 163 21 straordinaria,
367 2017 13 19 il
387 2017 99 20 listretto
492 2015 58 21 sfon-

81 2050 29 19 do
122 2055 72 16 corso,
205 2047 82 21 fattodi
300 2047 98 22 conilitti,
414 2048 22 19 di
452 2047 97 25 passioni

80 2087 13 13 e
103 2080 20 19 di
134 2080 102 19 interessi
246 2079 22 19 fu
278 2078 19 20 la
307 2085 37 13 sua
355 2079 69 24 prima
435 2078 84 20 scuola.

107 2110 108 22 L’autore,
232 2115 67 20 segue
314 2110 14 18 il
345 2115 39 14 suo
399 2116 62 15 eroe,
480 2108 69 20 anche

83 2141 33 20 sul
131 2141 129 20 continente
273 2140 104 22 francese,
387 2146 13 13 e
409 2146 28 13 ne
447 2139 71 20 studia
529 2139 19 19 la

82 2172 42 19 vita
134 2171 20 20 di
161 2171 116 25 collegiale
283 2177 12 13 a
304 2172 78 20 Autun,
392 2177 12 12 a
416 2170 97 20 Brienne
521 2170 27 19 ed

80 2209 13 13 a
105 2202 78 25 Parigi,
190 2202 46 19 indi
247 2201 70 25 quella
326 2201 21 19 di
357 2202 102 19 modesto
468 2200 82 20 ufficia-

81 2233 21 19 le
114 2233 141 24 d’artiglieria
265 2232 44 20 indi
318 2232 76 19 alcune
408 2231 140 25 guarnigioni

80 2264 22 19 di
113 2263 122 25 provincia.
246 2263 62 19 Nulla
317 2262 101 25 sfuggeal
430 2262 119 24 Marcaggi,

80 2294 36 19 del
129 2298 108 15 carattere
250 2294 21 19 di
286 2293 132 25 Napoleone,
435 2300 40 18 per
484 2293 35 19 cui
529 2293 19 19 la

80 2324 72 25 figura
164 2330 49 17 sua,
226 2324 63 20 balza
303 2324 55 19 fuori
367 2324 28 19 da
404 2324 73 24 quest’
483 2330 66 18 opéra

80 2356 50 19 viva
139 2361 13 13 e
165 2355 124 24 palpitante
305 2354 64 24 quale
385 2354 117 20 realmenti
517 2353 31 20 fu:

80 2392 70 16 corso,
157 2391 91 18 sempre
256 2391 70 17 corso,
336 2385 108 19 null’altra
454 2385 41 19 che
503 2391 45 13 cor-

80 2422 33 17 so,
118 2416 71 19 anche
194 2416 34 19 fra
235 2416 30 24 gli
274 2416 109 24 splendori
389 2416 60 19 délia
459 2415 88 25 Reggia.

79 2447 61 19 Molti
150 2446 49 20 suoi
209 2447 40 19 atti
261 2446 80 25 politici
350 2446 22 19 di
385 2446 111 23 Sovrano,
506 2449 42 16 tro-

80 2483 57 13 vano
146 2477 111 19 riscontro
265 2478 22 18 in
297 2477 149 19 avvenimenti
456 2476 93 20 accadu-

79 2508 18 19 ti
114 2508 116 23 nell’isola,
243 2514 84 18 oppure
346 2508 23 19 in
384 2508 163 24 insegnamenti

79 2538 36 20 dei
131 2538 59 24 quali
199 2544 71 14 aveva
284 2538 52 20 fatto
344 2542 73 16 tesoro
426 2538 96 20 durante
533 2538 15 19 il

80 2569 66 19 breve
152 2569 93 24 pèriodo
254 2569 22 19 di
285 2569 43 19 vita
337 2569 102 24 pubblica
450 2568 27 20 ad
487 2568 62 24 Ajac-

79 2599 43 20 cio.

106 2630 84 19 Lavoro
198 2631 72 19 denso
278 2630 22 19 di
314 2629 46 20 fatti
375 2630 151 20 décumentati
535 2635 14 14 e

80 2660 23 19 di
111 2661 150 19 osservazioni
269 2660 104 25 preziose.
383 2661 79 19 scrittó
471 2660 22 19 in
504 2666 44 13 uno

78 2690 49 20 stile
135 2691 92 23 garbato
236 2697 14 13 e
258 2691 104 23 simplice,
370 2691 18 19 si
395 2691 60 25 leggi
464 2696 42 14 con
516 2690 33 19 in-

570 288 3 20 ;
584 287 84 16 teresse
674 282 58 20 dalla
741 282 71 25 prima
821 282 113 19 all’ultima
943 281 88 25 pagina.

570 311 4 24 |
610 313 172 19 Nell’occasionc
799 312 35 19 del
855 312 127 19 centenario
1001 311 58 19 délia

570 336 3 30 |
584 347 72 16 morte
664 342 188 24 dell’Imperatore
860 341 68 24 (1921)
936 341 15 19 il
961 341 98 25 Marcag-

583 373 23 25 gi
615 373 80 19 dedicé
704 372 41 20 alla
756 372 107 19 memoria
873 372 34 19 del
917 378 41 13 suo
967 372 92 19 immor-

584 403 43 19 taie
645 402 149 20 concittadino
807 402 45 19 due
866 402 114 20 volumetti
996 408 62 13 com-

584 433 147 22 memorativi,
740 432 32 20 Le
780 432 115 20 Souvenir
901 432 30 20 de
937 432 120 24 Napoléon

584 464 16 19 à
606 464 18 19 A
625 463 77 24 jaccio
708 466 23 16 et
738 463 32 19 Le
779 462 103 20 Berceau
890 462 30 20 de
927 462 128 24 Napoléon.

583 492 136 26 (Rombaldi,
729 493 41 21 ed.,
786 491 104 26 Ajaccio).

609 524 41 19 Nel
659 523 72 25 primo
741 523 18 19 ci
769 523 101 20 descrive
879 529 41 13 con
930 529 126 13 commosso
1067 520 3 10 1

584 558 96 16 accento
690 554 20 19 la
724 554 89 19 vecchia
824 560 52 14 casa
903 554 34 19 Cil
949 554 121 23 Fcrrj:it<

583 585 7 19 i
597 584 76 25 luoghi
683 584 44 20 cari
737 584 175 22 all’adolescente
920 584 135 26 prodigioso,

583 619 110 21 sognante
701 615 21 20 la
731 615 77 24 gloria:
819 616 20 19 la
850 616 83 20 famosa
945 618 80 22 grotta,
1035 615 21 19 la

583 649 83 16 casetta
676 645 23 20 di
708 645 84 24 Milelli,
801 646 22 19 la
836 650 60 16 torre
904 646 22 20 ci
939 645 116 25 Capitello,

584 682 54 16 ecc,,
648 676 38 24 poi
696 676 20 19 la
726 676 96 24 farniglia
833 682 118 14 numerosa
960 676 42 19 che
1010 682 45 12 non

584 709 68 16 nuota
668 705 52 20 nelF
725 706 116 24 agiatezza,
853 712 39 19 per
910 706 106 20 condurci
1028 705 28 19 da

584 736 78 19 ultimo
672 742 13 13 a
695 736 88 20 visitare
791 737 21 19 la
822 737 99 24 cappella
933 736 122 24 impériale,

584 772 42 14 ove
641 766 74 24 riposa
729 767 19 19 la
761 767 90 24 signora
868 767 87 23 Letizia,
970 766 87 20 «Mater

585 797 110 24 Regum»,
702 797 27 19 ed
738 797 14 19 il
762 797 77 20 Museo
849 797 140 24 Municipale,
1000 797 57 19 dove

583 827 20 19 ci
613 826 21 20 fa
644 833 91 18 passare
743 827 22 20 in
781 834 105 18 rassegna
900 831 55 16 tutta
960 827 98 20 Ticono-

583 857 70 25 grafia
662 857 36 20 dei
710 858 131 24 Bonaparte,
852 858 59 20 forse
919 858 19 19 la
949 858 38 24 più
998 864 59 14 com-

584 883 59 27 pléta
653 882 42 20 che
707 883 73 19 esista.

609 907 41 20 Nel
659 908 98 20 secondo
771 908 130 20 volumetto.
911 908 43 25 egli
965 908 91 20 rievoca

583 938 21 19 la
614 938 87 20 curiosa
711 938 67 20 storia
787 939 58 19 délia
855 938 56 20 culla
926 938 40 20 che
975 945 59 13 servi
1043 944 13 13 a

584 967 134 26 Napoleone,
729 969 20 19 la
764 970 67 24 quaie
846 970 95 24 regalata
955 969 58 19 dalla
1023 969 34 19 'si-

581 1004 72 19 gnora
663 999 81 20 Letizia
753 1000 27 19 ad
794 1006 45 13 una
851 1003 98 21 parente,
962 999 41 20 fini
1017 1006 40 18 per

584 1029 77 20 vènire
668 1030 23 19 in
698 1033 102 21 pòssesso
809 1030 36 20 dei
855 1030 59 20 conîi
923 1030 132 22 SebàstianL

582 1060 42 19 Che
633 1060 21 19 la
668 1060 145 20 Conservano
828 1061 179 25 religiòsamènte
1020 1061 35 19 nel

582 1090 49 20 loro
637 1091 90 24 palazzo
734 1091 21 19 di
762 1091 99 24 Ajaccio.
869 1091 84 24 Questo
959 1091 95 22 cimelio,

582 1121 57 19 sulla
652 1121 37 19 cui
702 1121 129 20 autenticiià
850 1128 45 14 non
905 1122 44 24 pué
964 1122 92 19 esistere

582 1151 92 22 dübbio,
682 1152 28 19 ha
716 1152 19 19 la
742 1151 71 21 forma
824 1152 110 20 orcîînaria
944 1152 58 20 délie
1010 1152 47 20 cul-

582 1181 21 20 le
611 1182 42 19 che
666 1182 20 20 si
700 1189 39 13 usa
741 1189 25 13 va
770 1189 28 13 no
815 1189 65 14 verso
893 1183 20 19 la
922 1182 47 21 fine
977 1183 35 19 del
1022 1189 34 14 se-

581 1212 50 20 colo
637 1212 72 20 XVIII
716 1213 22 19 in
748 1213 98 22 Corsica,
853 1213 22 20 in
883 1213 100 20 Toscâna
990 1215 14 18 é
1010 1214 46 19 nel-

581 1243 20 19 la
613 1243 97 25 Liguria.
728 1243 110 26 Semplice
847 1244 22 20 di
887 1244 70 20 forma
966 1251 14 13 e
988 1244 22 20 di
1020 1251 36 13 co-

581 1274 122 21 struzione,
712 1275 13 19 è
730 1274 22 20 di
761 1274 67 25 legnò
837 1275 22 19 di
869 1282 63 15 noce,
942 1282 42 13 con
994 1275 61 25 pomi

580 1305 23 19 di
613 1305 68 25 legno
687 1305 22 19 di
717 1305 66 22 uiivo,
791 1312 13 13 e
810 1306 41 19 do\
856 1309 44 16 ette
908 1312 55 19 pure
971 1306 85 20 servire

581 1336 21 19 ai
612 1332 82 23 fratelîi
704 1336 26 19 ed
740 1336 41 19 aile
793 1336 83 20 sorelle
884 1336 172 25 dell’Imperato-

581 1372 32 14 re.
627 1366 17 19 Il
664 1366 111 24 Marcaggi
789 1373 46 13 non
846 1367 45 24 pué
904 1367 105 19 ésimersi.
1019 1367 35 19 dal

579 1396 48 20 fare
640 1403 31 13 un
688 1402 118 19 paragone,
816 1396 33 20 fra
863 1401 77 20 questa
950 1404 13 12 e
971 1397 21 19 la
1005 1400 52 17 sùn-

578 1428 67 19 tuosa
654 1427 28 19 ed
691 1427 97 20 artistica
795 1428 59 19 culla
863 1427 35 20 del
906 1425 60 22 Redi
976 1427 79 21 Roma.

582 1458 49 19 Due
640 1458 81 19 destin!
734 1458 93 20 diversi!

789 1483 46 25 ***

609 1511 25 17 in
652 1511 86 17 Lleuve
750 1511 30 17 de
790 1515 63 18 sang
865 1511 91 22 (Parig4
969 1511 86 18 Perrin,

579 1538 46 26 ed.)
634 1539 15 20 il
674 1539 110 25 Marcaggi
798 1540 20 19 ci
831 1543 84 21 espohe
936 1546 42 13 con
1006 1540 51 19 stile

579 1570 118 24 imagnoso
713 1576 12 13 e
734 1569 80 24 fiorito,
826 1571 21 19 le
856 1574 66 16 scehe
930 1570 127 20 drammati-

579 1600 41 20 che
628 1601 23 19 di
661 1600 83 20 banditi
751 1600 64 20 Corsi
824 1601 65 20 datisî
898 1607 13 13 a
920 1601 21 19 la
948 1601 105 20 maCchia.

580 1631 56 20 Esse
650 1631 19 20 si
685 1630 128 21 riferiscono
825 1631 21 20 ai
862 1631 91 20 terribili
969 1632 86 24 episodi

579 1662 22 19 di
612 1662 104 19 vendetta
726 1662 40 20 che
775 1662 35 20 dal
821 1662 51 24 1842
881 1662 20 19 al
911 1662 56 24 1852,
981 1663 74 19 insan-

578 1693 127 24 guinaréno
720 1693 21 19 le
755 1693 85 24 région!
855 1693 22 19 di
892 1693 66 20 Evisa
966 1696 14 16 è
996 1693 57 20 délia

580 1724 109 23 Balagna.
699 1722 44 20 E’i!
752 1729 107 14 romanzo
870 1724 35 19 del
920 1724 133 20 bànditismo

579 1754 95 22 isolano,
686 1754 65 24 quale
764 1754 100 20 esistetté
878 1761 29 13 un
921 1756 83 24 térhpo;
1016 1761 36 13 ma

578 1785 51 25 oggi
655 1784 75 20 fortun
732 1788 33 16 ata
767 1788 75 16 mente
861 1791 135 19 scomparso;
1021 1786 31 19 Lo

578 1822 69 18 scopo
661 1816 23 19 di
702 1818 79 22 questo
797 1816 86 22 lavoro,
893 1816 82 20 trovasi
993 1816 58 20 nèlla

570 1846 154 20 'conclusione
732 1846 183 25 profondamente
923 1847 94 20 morale:
1024 1853 27 14 su

577 1877 32 25 gli
618 1877 37 19 òdi
665 1883 14 13 e
692 1877 56 19 Sulle
761 1877 79 19 fôvine
854 1883 45 14 non
914 1877 18 19 si
942 1878 45 24 pué
1004 1882 48 16 Cus-

577 1908 77 22 truire,
666 1908 29 19 nè
707 1908 44 24 pué
764 1910 121 22 properarè
893 1914 13 13 e
917 1908 133 25 svilüpparsi

578 1938 20 20 la
609 1938 84 20 civiltà.
700 1938 29 20 La
739 1938 91 20 Corsica
839 1944 30 14 ne
877 1938 27 20 ha
914 1938 54 20 fatto
977 1939 16 20 il
1002 1939 49 20 tris-

578 1973 21 16 te
608 1969 156 24 esperimento.
773 1969 87 20 Fleuve
867 1970 34 19 dé
904 1975 66 19 sang,
976 1976 75 14 essen-

576 2000 30 19 do
620 1999 185 25 completamente
814 2000 105 21 esaurito,
926 2006 24 14 se
958 2006 28 13 ne
992 2001 14 18 è
1011 2000 40 20 fat-

576 2033 21 17 ta
607 2034 38 16 orà
654 2036 46 13 una
713 2030 103 24 ristampa
826 2034 77 16 ornata
912 2030 22 20 di
942 2031 108 24 suggesti-

575 2061 23 20 vi
612 2061 87 24 disegni
708 2061 35 19 del
756 2061 83 24 pittore
856 2061 122 20 Francesco
996 2061 54 20 Cor-

576 2091 84 22 bellini,
668 2095 156 17 conservatore
830 2092 36 20 del
876 2092 76 19 Museo
958 2092 22 20 di
986 2092 62 25 Ajac-'

575 2117 43 20 cio.

601 2142 26 20 Al
640 2142 111 24 Marcaggi
760 2142 18 19 si
788 2142 57 20 deve
854 2148 55 19 pure
921 2142 15 19 il
947 2142 100 20 volume:

575 2173 45 20 Les
635 2172 93 21 Chants
735 2173 29 19 de
770 2173 26 19 la
806 2173 64 20 Mort
884 2175 24 17 et
915 2173 29 19 de
952 2173 25 20 la
995 2174 54 19 Ven-

575 2204 73 23 detta,
659 2202 118 26 magnifica
792 2204 97 19 raccolta
903 2204 23 19 di
935 2204 91 20 Iamenti
1035 2211 13 13 e

575 2235 23 19 di
608 2234 114 23 «voceri»;
732 2240 43 13 una
784 2234 74 20 buona
868 2238 62 21 parte
943 2235 22 19 di
975 2235 72 25 questi

575 2266 59 19 canti
650 2265 8 20 l
665 2268 78 16 autore
751 2265 15 19 li
780 2265 28 19 ha
820 2265 104 20 trascrittî
933 2265 28 20 da
970 2266 77 20 vecchi

576 2295 139 21 manoscritti
727 2302 13 12 e
751 2296 28 19 da
792 2296 96 20 edizioni
898 2302 56 17 rare,
967 2297 27 19 ed
1003 2303 45 13 una

575 2330 63 22 parte
647 2326 15 20 li
673 2326 29 20 ha
712 2326 54 20 uditi
779 2326 59 20 dalla
850 2333 55 13 voce
913 2327 35 19 del
958 2327 88 25 popolo.

575 2357 144 20 Conservarli
729 2363 39 18 per
775 2357 22 20 le
809 2358 148 24 generazione
970 2361 78 17 ventu-

575 2395 25 13 re
619 2387 133 25 preservarli
772 2388 112 20 dall’oblio
900 2394 13 13 e
930 2388 117 20 difendèrli

575 2418 174 20 dall’incalzante
758 2418 81 23 civiltà,
849 2418 51 20 fulo
908 2425 68 19 scopo
986 2420 62 19 nobi-

574 2450 87 19 lissimo
680 2454 13 14 e
710 2449 125 23 patriottico
849 2449 42 19 che
905 2449 21 20 lo
941 2450 76 24 spinse
1034 2456 13 14 a

574 2485 81 19 questo
670 2479 83 19 lavoro.
764 2479 23 19 In
797 2479 53 23 essi,
861 2480 61 19 vibra
936 2485 89 19 potente
1035 2488 12 12 e

574 2510 114 25 gagliarda
703 2509 20 19 la
738 2509 52 20 fiera
806 2510 74 20 anima
890 2516 62 14 corsa
962 2510 52 21 fatta
1024 2511 22 20 di

574 2540 70 21 affetti
660 2540 99 19 duraturi
768 2547 12 13 e
792 2541 22 19 di
835 2541 85 20 rancori
933 2542 79 20 tenaci.
1029 2543 17 19 A

574 2576 101 15 traverso
692 2571 71 23 questi
782 2578 9 9 «
798 2572 74 20 voceri
877 2578 32 13 »e
926 2572 90 20 Iamenti
1021 2584 26 4 —

575 2603 137 25 produzione
726 2603 106 24 originale
843 2603 87 25 propria
939 2603 23 20 di
972 2603 74 26 quegli

575 2634 78 20 isolani
661 2646 26 3 —
694 2634 17 19 si
722 2634 106 24 potrebbc
838 2634 126 20 ricostruire
973 2634 20 20 la
1003 2639 45 15 sto-

575 2665 32 20 ria
616 2665 58 19 délia
689 2664 97 20 Corsica.
802 2665 83 24 Pagine
898 2665 21 18 di
934 2664 79 23 dolori,
1024 2665 22 19 di

574 2690 111 19 deiusioni
695 2695 12 14 e
717 2690 22 19 di
749 2690 52 19 lotte
810 2689 77 21 feroci.

1072 151 5 30 j
1114 150 35 19 Ma
1155 150 111 24 parliamo
1273 156 38 14 ora
1317 148 21 20 di
1345 148 51 20 Mer
1399 147 61 20 belle
1464 152 49 14 aux
1521 145 42 19 îles

1072 197 3 5 ,
1087 180 171 24 sanguinaires,
1269 179 76 21 ultimo
1354 184 42 13 suo
1406 182 105 15 romanzo
1521 175 40 20 che

1072 206 4 30 |
1087 209 20 19 la
1122 209 74 20 critica
1205 210 104 20 francese
1317 209 27 20 ha
1357 207 112 25 giudicato
1478 212 43 13 con
1531 205 29 19 fa-

1072 233 4 20 i
1088 238 52 15 voré
1153 241 45 13 non
1212 234 117 21 lesinando
1342 233 21 19 le
1379 232 51 20 Iodi.

1113 258 49 20 E’ia
1177 261 70 19 storia
1264 259 56 24 degli
1329 257 70 20 amori
1409 257 22 19 di
1441 262 30 14 un
1485 255 75 25 giova-

1072 290 2 22 !
1087 295 28 13 ne
1123 289 107 24 ajaccino.
1239 290 106 20 Giacomo
1353 286 106 20 Tramoni
1466 292 13 13 e
1485 285 22 19 di
1512 290 47 14 una

1086 319 88 25 signora
1183 320 22 19 di
1216 320 112 20 Tolosa—
1338 318 19 20 la
1371 318 90 24 signoia
1474 315 85 20 Seillet-

1085 353 51 16 te—
1145 354 82 16 venuta
1234 358 14 12 a
1262 349 86 26 godersi
1359 348 14 20 il
1384 347 47 20 sole
1444 346 114 20 invernale

1085 380 55 19 délia
1148 380 67 20 «città
1225 380 137 26 impériale».
1369 379 30 19 La
1405 378 48 19 loro
1463 376 96 25 recipro-

1084 416 26 13 ca
1119 410 90 20 ardente
1220 411 104 24 passione
1332 409 15 20 li
1360 408 101 20 conduce
1469 407 44 19 alla
1522 406 36 20 de-

1084 440 86 20 dizione
1183 442 70 19 totale
1266 441 35 20 dei
1314 441 46 19 loro
1374 439 69 24 corpi,
1460 444 36 14 ma
1512 443 44 14 non

1083 470 57 20 delle
1148 471 83 23 anime,
1242 476 79 20 troppo
1333 470 88 20 diverse
1429 475 40 19 per
1482 474 75 14 essen-

1082 507 25 13 za
1114 501 83 19 atavica
1204 508 13 13 e
1224 509 42 17 per
1275 499 159 23 educazione.E
1439 498 91 26 quando
1536 498 21 19 le

1082 525 136 21 circostanze
1228 527 136 24 riçhiamano
1371 526 21 18 la
1401 525 92 24 signora
1502 523 54 20 Seil-

1072 552 57 24 Jette
1143 556 20 20 al
1172 560 56 16 tetto
1238 557 123 24 coniugale,
1376 558 58 17 tutto
1452 555 14 19 è
1482 553 72 22 finito,

1083 586 33 20 fra
1126 586 6 20 i
1141 587 44 19 due
1193 588 159 23 amanti,senza
1362 586 52 20 crisi
1423 585 22 19 di
1452 584 105 24 rimpian-

1083 612 16 19 ti
1109 618 13 13 e
1130 612 22 19 di
1166 612 103 24 lagrime.

1109 636 80 24 Quello
1203 637 43 19 che
1266 636 93 24 peraltro
1381 635 176 24 maggiormente

1083 661 62 24 piace
1154 662 35 19 nel
1204 664 107 17 racconto
1323 660 22 19 di
1354 660 73 24 questi
1442 665 30 13 un
1483 665 29 17 po
1523 664 34 13 ro-

1083 692 89 19 mantici
1186 691 73 20 amori
1269 692 13 18 è
1291 690 19 19 la
1326 690 137 20 descrizione
1471 688 86 19 dell’jn-

1083 722 124 25 cantevole,
1212 721 120 26 paesaggio
1340 721 35 19 dei
1390 718 98 21 dintorni
1497 718 23 19 di
1529 718 28 19 A-

1081 752 79 25 jaccio..
1173 752 57 20 colla
1246 751 161 25 meravigliosa,
1418 748 138 26 passeggiàta

1083 783 58 20 delle
1148 783 56 20 isole
1213 782 146 25 Sanguinare,
1369 781 42 20 che
1420 779 112 25 costeggià
1541 778 15 20 il

1084 814 67 14 mare.
1164 807 43 20 Per
1221 807 36 20 chi
1267 813 93 13 conosce
1374 806 20 20 la
1408 806 60 22 città,
1481 810 77 19 super-

1084 838 27 20 ba
1118 839 56 19 délia
1184 845 41 13 sua
1234 837 79 25 gloria,
1323 837 108 20 ritroverà
1440 836 21 19 le
1467 835 90 25 proprie

1084 869 132 24 impression
1219 869 7 19 l
1242 868 60 20 belle
1314 868 80 24 pagine
1411 867 101 19 dedicate
1521 866 36 19 dal

1084 899 119 25 Marcaggi,
1213 899 22 19 ai
1249 898 137 20 monumenti
1395 898 36 19 del
1446 900 90 21 passato
1544 902 13 13 e

1083 925 44 24 agii
1136 925 33 19 usi
1179 923 153 21 caratteristioi
1342 929 13 14 e
1362 922 139 21 tradizionali
1512 921 46 19 del-

1084 955 154 20 l’isola.-Tutto
1248 954 35 20 cié
1297 954 27 19 ha
1332 960 46 13 uno
1390 952 95 25 squisîto
1498 949 59 22 valo-

1083 992 25 13 re
1122 982 77 25 locale,
1210 984 115 25 régionale
1334 990 12 14 e
1359 990 66 14 corso
1439 983 22 19 di
1470 982 46 20 alto
1525 982 33 19 in-

1083 1014 90 16 téressé.

1109 1035 17 20 Il
1138 1035 113 25 Marcaggi
1261 1034 28 20 ha
1299 1034 75 20 voluto
1388 1037 86 16 tentare
1485 1032 72 20 anche

1083 1065 15 20 il
1107 1066 99 19 dramma
1212 1065 102 20 storicoe
1320 1065 20 19 vi
1347 1065 13 19 è
1366 1065 142 24 pienamente
1514 1063 44 20 riu-

1083 1096 103 25 scîto_çon
1195 1096 79 21 Milia,
1281 1095 76 21 azione
1362 1096 25 19 in
1393 1095 78 20 treatti
1478 1095 23 19 in
1508 1100 50 18 pro-

1083 1133 33 14 sa.
1132 1126 156 25 L’argomento
1297 1127 13 19 è
1318 1129 66 17 tratto
1393 1126 27 19 da
1430 1132 30 13 un
1474 1125 83 25 doppio

1082 1157 55 20 fatto
1154 1157 86 25 tragico
1256 1160 110 16 avvenutu
1383 1157 23 19 in
1423 1156 134 24 Bocognano

1083 1188 36 20 nel
1133 1188 57 20 1820.
1200 1187 71 24 Milia,
1281 1187 59 25 figlia
1350 1187 67 20 unica
1427 1186 131 20 dell'aristo-

1083 1218 80 20 cratico
1170 1225 13 13 e
1190 1218 140 20 ricchissimo
1338 1217 126 21 colonnello
1472 1216 84 23 Pisani,

1082 1255 57 16 ama,
1150 1249 101 20 riamàta.
1262 1255 30 13 un
1307 1249 135 24 giévariétto,
1449 1248 45 19 taie
1503 1247 55 20 Pao-

1082 1275 30 23 lo,
1119 1280 82 19 povero
1210 1280 14 14 e
1233 1274 27 19 di-
1266 1274 61 20 umili
1337 1274 75 21 natàlii
1419 1277 86 16 rnentre
1514 1278 44 14 res-

1082 1305 67 24 pinge
1165 1311 43 13 con
1229 1304 109 20 fèrmezca
1347 1304 15 22 ü
1372 1304 90 25 proprio
1476 1303 81 25 cugino

1083 1335 146 23 Vincentello,
1241 1335 59 20 ricco
1308 1341 13 13 e
1329 1335 82 19 nobile.
1423 1333 65 21 Paolo
1496 1340 14 13 e
1519 1333 39 20 Mi-

1083 1366 37 21 lia,
1138 1366 112 19 decidono
1259 1366 22 19 di
1291 1365 85 25 fuggire
1384 1371 37 14 ma
1430 1370 56 14 sono
1499 1364 58 19 inse-

1082 1396 56 24 guiti
1143 1396 27 19 da
1180 1396 132 20 Guelfuccio
1323 1395 81 20 Pisano
1410 1401 13 13 e
1429 1395 28 19 da
1464 1394 94 20 Vincen-

1083 1426 60 23 tello,
1153 1427 106 19 anelante
1265 1426 72 25 questi
1343 1426 43 19 alla
1396 1426 103 19 vendetta
1506 1431 52 13 con-

1083 1461 35 16 tro
1127 1457 14 20 il
1151 1457 70 19 rivale
1231 1457 118 21 fortunato,
1357 1462 13 14 e
1379 1456 74 25 quello
1462 1456 22 20 al
1493 1455 64 20 casti-

1082 1494 37 18 go,
1130 1494 40 18 per
1176 1494 46 13 una
1229 1488 65 24 colpa
1302 1486 121 21 infamante
1431 1487 15 19 il
1455 1489 99 17 casaté...

1083 1518 74 20 Pisani
1167 1518 137 26 ràggiungei
1310 1517 122 25 fuggïaschi
1441 1517 28 20 ed
1478 1517 78 20 uccide

1083 1549 68 20 Paolò
1159 1552 60 16 sétto
1228 1549 32 25 gli
1270 1548 61 20 occhi
1340 1548 149 20 dell’amante:
1499 1554 56 18 poco

1082 1580 58 25 dopo
1147 1580 53 24 peré
1207 1580 45 24 egli
1263 1579 53 21 cade
1324 1583 58 16 sotto
1391 1579 7 19 i
1408 1579 58 24 colpi
1475 1579 36 19 dei
1519 1585 37 19 pa-

1082 1610 57 20 renti
1146 1610 21 20 di
1178 1610 79 21 Pâélo.
1268 1610 32 20 Ed
1308 1616 51 14 ecco
1370 1611 35 19 nel
1416 1616 66 18 paese
1491 1610 64 19 lez>d-

1081 1642 112 22 ceratrici,
1206 1641 45 20 che
1262 1642 110 24 piangono
1383 1648 13 13 e
1408 1645 103 20 cantano,
1521 1648 33 14 se-

1081 1672 71 20 condo
1160 1672 59 20 l’uso
1228 1672 160 23 antichissimo,
1402 1673 35 19 sul
1446 1672 109 21 cadaverè

1080 1702 23 20 di
1117 1702 74 23 Paolo,
1204 1706 90 17 mentre
1302 1709 63 18 passa
1375 1703 15 19 il
1401 1707 76 17 corteo
1490 1703 62 21 funè-

1081 1734 46 23 bre,
1136 1733 41 20 che
1191 1739 52 14 reca
1257 1733 74 25 quello
1342 1733 36 20 del
1394 1734 83 20 Pisani.
1491 1735 61 19 Milia

1080 1763 41 21 che
1129 1770 68 18 segue
1206 1764 16 20 il
1232 1768 76 16 corteo
1313 1770 25 14 se
1343 1770 29 14 ne
1380 1764 97 21 distacca
1485 1772 14 13 e
1505 1772 47 14 cor-

1079 1796 25 18 ré
1113 1795 27 19 ad
1153 1794 147 21 abbfacciàré
1305 1795 27 19 éd
1340 1802 13 13 a
1362 1795 88 20 baciare
1458 1796 16 19 il
1483 1803 68 18 corpo

1078 1826 99 19 esanime
1185 1826 37 19 del
1231 1832 44 14 suo
1283 1826 82 20 diletto.
1375 1823 74 23 Alïora
1462 1826 89 21 Madda-

1078 1857 57 22 lena,
1142 1856 20 20 la
1171 1857 94 19 vecchia
1280 1858 140 23 voceratrice,
1433 1858 42 20 alla
1484 1859 67 24 quale

1078 1882 21 20 la
1108 1882 103 20 vendetta
1220 1882 31 20 ha
1258 1882 70 25 rapito
1334 1882 15 20 il
1355 1883 81 20 marito
1444 1884 29 19 ed
1479 1884 6 19 i
1493 1884 55 24 figli,

1078 1912 70 25 coglie
1165 1912 134 21 l’oCcasione
1311 1919 39 19 per
1367 1914 105 25 spingere
1488 1915 61 20 Milia

1078 1943 58 20 nelle
1142 1944 87 19 braccia
1239 1944 59 20 délia
1306 1944 76 20 madré
1386 1945 23 19 di
1416 1944 74 25 Paolo,
1500 1952 50 18 pro-

1077 1974 127 19 nunciando
1213 1975 79 23 parole
1297 1974 21 20 di
1328 1975 105 20 cristiano
1440 1976 108 25 perdono.

1102 1998 63 24 Dopo
1171 1999 66 22 tanti,
1243 2005 13 13 e
1261 1999 59 19 forse
1325 2000 72 24 troppi
1403 2000 95 20 drammi
1504 2001 45 20 dél-

1076 2029 21 19 ia
1106 2028 103 20 vendetta
1217 2035 74 17 corsa,
1300 2029 84 25 dipinta
1393 2033 42 17 coh
1445 2031 103 24 simpatia

1076 2066 13 13 e
1105 2059 63 25 quasi
1178 2060 95 20 esaltata
1287 2060 27 20 da
1329 2061 70 23 molti,
1413 2067 54 14 ecco
1483 2062 16 19 il
1513 2062 35 20 bel

1075 2085 107 23 dramma,
1191 2084 60 20 forte
1257 2092 14 13 e
1279 2091 114 19 generoso,
1403 2087 36 20 del
1448 2087 100 25 perdono

1075 2121 13 13 e
1096 2115 58 20 délia
1159 2116 127 20 sensibilité
1294 2121 88 18 umana;
1389 2117 24 20 in
1419 2118 89 20 antitesi
1513 2125 36 13 co-

1074 2140 30 25 gli
1111 2140 77 20 atavici
1198 2141 103 20 richiami
1310 2141 35 20 del
1353 2148 92 19 sangue.

1100 2170 112 21 Chiuderé
1226 2175 80 21 questo
1321 2173 100 24 articolo,
1437 2174 112 21 ricordan-

1074 2196 29 20 do
1112 2196 41 20 ché
1160 2197 22 19 al
1197 2197 122 25 Marcaggi,
1328 2198 76 21 devèsi
1414 2202 55 22 püre
1477 2200 21 19 la
1509 2201 40 19 mi-

1074 2227 70 25 gliore
1150 2226 72 21 Guida
1230 2228 100 20 türistiCà
1338 2228 58 20 délia
1406 2229 98 25 Corsica,
1511 2237 37 18 og-

1074 2258 22 24 gi
1106 2258 102 24 esàurita,
1218 2265 15 13 e
1242 2259 57 20 délia
1309 2260 66 24 quale
1388 2261 94 20 sarebbe
1491 2261 57 20 bene

1075 2288 25 14 se
1108 2289 29 13 ne
1147 2282 87 22 facesse
1249 2290 45 14 una
1310 2291 72 14 nuova
1396 2286 101 20 edizione
1510 2293 38 19 ag-

1074 2308 108 24 giornata.

1100 2333 30 19 La
1144 2333 92 21 Corsica
1249 2335 56 20 deve
1313 2336 69 20 molto
1391 2342 13 14 a
1413 2338 79 23 questo
1506 2343 41 14 suo

1074 2363 85 21 illiistre
1167 2371 13 13 e
1188 2365 106 20 vàloroso
1303 2366 156 25 concittadino,
1476 2368 42 19 che
1527 2368 20 20 la

1074 2394 72 20 inalzé
1151 2395 39 19 ela
1196 2396 105 24 glorificé
1307 2397 36 19 nèi
1351 2398 50 19 suoi
1410 2398 78 20 lavori.
1495 2399 53 20 Tut-

1073 2428 23 16 te
1104 2425 21 19 le
1131 2425 56 20 belle
1193 2432 14 14 e
1215 2430 88 17 vétusté
1307 2428 117 20 trâdizioni
1433 2429 113 24 dell’isola,

1074 2459 118 17 trovarono
1201 2457 25 20 in
1236 2458 32 20 lui
1278 2465 30 13 un
1317 2458 112 22 difensore
1440 2460 107 20 convinto

1074 2481 27 19 ed
1112 2487 44 14 uno
1165 2483 85 19 storico
1263 2484 155 21 coscienzioso.

1100 2506 68 20 Corne
1182 2508 66 23 quasi
1268 2509 48 19 tutti
1327 2509 6 20 i
1348 2510 66 22 corsi,
1426 2509 54 21 G.B.
1491 2510 54 20 Mar-

1074 2531 62 25 caggi
1145 2537 97 16 conosce
1249 2534 27 19 etl
1287 2540 104 19 apprezza
1400 2536 146 19 altamentela

1075 2566 73 15 nostra
1158 2562 130 23 letteralura
1298 2565 69 20 antica
1378 2566 134 23 emoderna,
1520 2567 26 20 ed

1074 2593 12 19 è
1096 2599 29 13 un
1135 2592 88 21 sincero
1235 2601 13 13 e
1257 2595 77 21 devota
1343 2597 73 20 amico
1425 2597 120 21 dell’Italia.

1304 2626 27 21 0.
1341 2627 27 21 F.
1381 2627 136 27 Tencajoli.

1099 2657 82 21 L'idea
1195 2659 163 20 Nazionale—
1372 2660 94 21 Giovedi
1482 2665 12 16 2
1508 2661 38 19 Lu-

1074 2682 45 24 glio
1133 2686 55 20 1920.

1834 139 225 30 Discursate
2077 134 248 30 arabo=corse

1687 188 20 17 a
1724 181 9 23 I
1743 187 64 17 usu
1817 179 21 24 d
1847 180 11 22 i
1870 177 221 30 cumpatriotti
2100 172 162 26 residente
2279 172 34 23 in
2324 171 117 27 Africa

1953 239 236 24 VOCABULARIU

1584 292 60 25 sidi,
1659 290 54 28 sgiô

1583 324 81 25 nilih,
1676 323 44 25 bè,-
1727 324 63 20 bonu

1584 363 95 20 annan,
1688 356 109 22 indirizzu

1581 390 99 29 çinral,
1691 390 104 28 ginarale

1582 431 30 22 \a.
1618 424 88 27 Tuoqt,
1719 423 43 21 avà

1582 457 49 22 m'11
1634 459 36 23 in,
1685 457 93 27 quandu

1582 497 70 21 agar,
1667 491 102 20 stazione

1582 523 111 25 sciaush,
1707 522 128 27 sigritariu,
1845 521 132 28 guardianu

1582 557 78 25 briia,
1674 557 82 21 lettara

2086 284 78 24 ralaf,
2180 283 130 26 inviloppa.

2085 316 147 25 k/lab,libru,
2240 315 111 26 sçrittura

2086 356 34 15 ■ua
2132 349 77 25 lakin,
2218 354 45 19 ma,
2274 354 38 15 ma
2323 348 55 27 parô

2085 383 111 24 khamsa,
2209 382 95 26 cinque,

2085 415 103 28 sonduq,
2197 414 89 22 scàtula

2085 449 115 24 iihadam,
2211 448 131 27 impiegatu

2084 482 33 22 El
2130 482 96 28 Ge^air,
2240 482 85 26 Algeri

2084 515 93 25 hakim,
2184 515 155 27 guvirnatore

2083 549 81 25 snrdi,
2178 548 66 22 soldu

1583 634 109 22 fil’biru
1705 634 58 21 mt’a
1773 634 23 20 el
1807 633 96 22 Bîishta

1583 667 71 21 S’lam
1669 667 94 27 alik.ya
1774 667 44 20 sidi
1833 663 131 24 l’mukallef
1973 664 4 19 !

1582 699 72 22 S’lam
1668 700 55 24 alik,
1734 705 29 15 va
1776 699 39 21 Ali
1828 699 5 20 !

1584 733 38 22 Ma
1634 739 26 15 za
1674 733 46 21 bisa
1733 734 77 20 nerse!
1824 731 76 22 had’el
1922 731 59 21 briia
1993 730 12 20 ?

1583 766 145 27 Thabbaqha
1742 773 12 14 u
1764 766 86 28 gia’lha
1864 766 13 21 fi
1889 764 59 23 ralaf
1957 764 5 21 î

1584 800 67 21 Kizza
1666 800 60 21 fa’alt

1584 833 48 22 M'li
1637 834 14 21 h
1656 834 5 20 !
1673 834 79 21 Akleb
1765 833 14 21 fi
1789 833 31 22 sa’
1829 834 21 20 el
1860 832 85 21 anuan!

1584 867 39 22 Ma
1642 867 112 22 n’arefsci
1765 867 104 21 b'Ikitab.

1584 900 21 22 U
1628 901 66 21 lakin
1723 900 87 22 n’hebb
1831 900 110 22 nerselha
1951 900 31 21 ila
2004 899 23 21 el

1582 935 79 26 ginral
1674 935 23 20 el
1710 934 81 21 hakim
1803 933 55 22 mt’a
1866 934 22 21 el
1897 934 72 21 blasa.

1582 967 85 21 Teieb!
1679 967 93 22 khaless
1782 968 26 27 ly
1815 967 99 21 khamsa
1933 967 73 21 surdi.

1581 995 200 33 Zai’uoqt,lassaq
1789 1001 91 21 ettinbr
1890 1000 56 22 mt’a
1955 999 101 22 l'bushta

1609 1034 106 22 ala’ralaf
1724 1034 6 21 !

1584 1067 59 22 Kiss
1657 1069 23 20 el
1693 1068 58 21 briia
1758 1067 75 22 mt’ak
1858 1068 137 27 fi’ssonduq.

1583 1101 36 21 Ya
1639 1102 46 20 sidi
1700 1099 135 28 l’inukallef,
1856 1101 75 22 safass
1942 1102 26 28 ly
1980 1101 79 22 kifash

1610 1136 22 20 el
1642 1136 62 20 briia
1714 1136 82 21 temsci
1809 1135 131 28 li’l’ginral?

1583 1198 151 27 M-niniqreb
1747 1199 22 20 el
1779 1199 98 27 uoqtigi
1887 1199 101 21 khadam
1997 1198 61 22 irfed

1586 1238 3 8 :
1610 1231 82 22 haduk
1700 1232 22 21 el
1734 1227 80 26 brâuat
1838 1233 39 26 ely
1885 1232 137 28 fi’ssonduq,
2043 1240 14 14 u

1611 1265 111 22 iddihum
1736 1266 16 21 li
1761 1266 82 28 l’agar.

1584 1298 50 22 Izza
1644 1300 58 21 irsel
1713 1301 22 20 el
1751 1300 61 21 briia
1826 1299 73 23 mt’ak
1919 1300 31 22 fil’
1964 1300 93 25 Gezair,

1610 1332 104 22 khadam
1742 1333 75 21 akhor
1834 1334 92 21 irfadha
1942 1341 14 14 u
1979 1334 80 21 iathha

1610 1366 16 21 li
1638 1365 110 22 l’sciaush
1755 1367 55 20 mt'a
1823 1368 23 20 el
1857 1367 86 27 ginral.

1582 1399 104 22 N’shker
1712 1401 41 25 lik,
1760 1406 31 22 ya
1814 1401 45 21 sidi
1881 1402 22 20 el
1930 1402 115 21 mukallef
2053 1401 5 21 !

1609 1439 24 15 za
1646 1433 84 28 l’uoqt,
1738 1435 50 20 rani
1801 1434 89 22 fahemt
1898 1435 82 22 uashta
1991 1436 34 28 hy
2037 1439 23 20 el

1610 1466 99 23 Bushta.

2089 629 22 20 A
2126 626 104 30 Vuffiyu
2247 627 26 20 di
2287 633 14 14 a
2312 629 73 25 posta

2084 660 159 26 Bonghiornu,
2253 665 15 15 o
2277 660 54 26 sgiô
2344 661 136 28 impiegatu!

2084 693 161 27 Bonghiornu,
2254 693 39 21 Ali
2304 693 5 20 !

2083 726 76 23 Cumu
2166 727 60 21 devu
2237 726 20 21 fâ
2268 733 43 21 per
2321 728 83 21 manda
2412 732 34 19 sta
2457 732 80 29 lettara;

2084 761 100 27 Piegala,
2197 766 13 15 e
2223 760 80 21 metila
2326 760 209 38 ind’un’invilopp^

2084 794 57 21 Eccu
2152 794 5 20 !

2084 827 35 21 Va
2134 827 107 25 bè,scrivi
2252 827 80 21 subitu
2343 827 133 26 1‘indirizzu.

2084 861 37 22 U11
2132 868 27 14 so
2169 861 71 21 micca
2252 861 87 21 scrive.

2084 895 39 22 Ma
2135 895 78 27 bogliu
2224 894 116 22 mandalla
2352 900 13 15 a
2390 902 13 14 u
2428 897 104 32 ghinarale

2112 929 179 21 cummandante
2304 934 13 15 a
2327 929 82 26 piazza.

2085 962 141 22 Benissimu!
2241 962 69 21 Dami
2320 962 85 28 cinque
2414 966 67 22 soldi.

2084 995 61 26 Avà,
2165 996 118 27 appicicca
2301 1002 13 14 u
2335 996 88 22 timbru
2445 1005 91 25 annant’a

2112 1030 143 27 l’inviloppa.

2085 1064 123 21 Frumbula
2217 1070 12 14 a
2239 1066 26 19 to
2281 1064 82 21 lettara
2373 1065 63 22 ind’a
2453 1068 76 27 scàtula

2086 1098 23 22 O
2120 1098 5 20 !
2136 1097 52 28 sgiô
2196 1098 139 27 impiegatu,
2343 1098 99 23 ditemia
2450 1107 63 19 cume
2528 1116 9 14 H

2114 1138 37 15 me
2164 1132 85 21 dettara
2272 1132 160 27 ghiunghiarà
2450 1135 52 24 fin’a
2526 1148 11 15 u

2111 1166 89 27 jnarale
2208 1166 12 21 ?

2086 1199 138 27 Quand-’éllu
2237 1199 131 23 s’avvicina
2388 1207 16 15 u
2421 1208 110 21 mumentu

2112 1233 129 28 ghiunghie
2249 1240 32 14 un
2291 1234 138 28 impiegatu,
2443 1237 19 20 si
2478 1239 61 28 pigija

2113 1267 66 21 tutt'e
2187 1268 83 21 lettare
2288 1268 38 21 chi
2340 1274 27 16 so
2376 1268 65 23 ind’a
2456 1270 76 26 scàtula

2114 1307 14 15 e
2140 1307 31 21 po
2179 1308 13 14 e
2207 1303 67 25 porta
2281 1301 133 23 a’stazione.

2086 1334 106 26 Quand’a
2198 1336 24 20 to
2228 1336 85 21 lettara
2319 1336 158 27 ghiunghiarà
2484 1339 55 25 inAl-

2113 1368 160 27 geri,un’altru
2287 1370 129 27 impiegatu
2430 1376 13 15 a
2452 1372 85 28 pigliarà

2114 1408 14 14 e
2136 1408 13 15 a
2159 1401 53 22 darà
2221 1408 13 15 a
2243 1408 13 14 u
2267 1403 120 27 sigritariu
2396 1404 24 21 di
2431 1411 15 14 u
2451 1405 85 27 jnarale.

2086 1436 27 21 Bi
2126 1436 122 28 ringraziu,
2258 1442 15 16 o
2287 1437 53 27 sgiô
2349 1438 138 28 impiegatu!
2495 1443 43 23 Avà

2115 1470 69 28 aghiu
2196 1471 77 27 capitu
2284 1470 136 23 ciòch’ell’è
2432 1479 13 15 a
2455 1477 67 24 posta.

2305 1506 163 26 OTTAVÏANI,

2217 1530 145 22 Ricevitore
2374 1532 28 20 di
2416 1538 13 14 e
2438 1535 67 25 poste

2257 1565 16 15 a
2288 1559 60 21 A....
2361 1558 24 22 el
2399 1559 22 22 Z

1680 1617 66 25 Des
1757 1619 200 25 précédents

1606 1686 162 45 Languedoc
1784 1690 30 33 et
1821 1688 75 45 Pays
1907 1688 115 37 Vaudois

1607 1742 32 22 Le
1651 1742 28 22 12
1686 1743 134 29 Septembre
1827 1744 55 22 1213
1888 1747 13 19 à
1909 1745 78 22 'Muret
1994 1748 54 27 près

1578 1776 28 21 de
1615 1776 126 27 Toulouse,
1752 1777 34 22 les
1798 1777 137 23 défenseurs
1943 1779 30 22 du
1991 1779 60 23 Lan-

1577 1810 92 28 guedoc
1683 1813 24 19 et
1723 1810 40 22 des
1773 1811 94 22 libertés
1877 1812 172 28 méridionales,

1577 1843 149 23 commandés
1734 1851 44 22 par
1791 1844 23 22 le
1819 1848 76 19 comte
1907 1846 29 21 de
1947 1846 105 23 Toulou-

1576 1885 25 15 se
1611 1878 121 29 Raymond
1745 1878 84 30 VI,par
1840 1879 22 22 le
1874 1883 76 19 comte
1962 1879 90 24 deFoîx

1576 1912 122 29 Raymond
1710 1912 77 29 Roger
1799 1915 24 19 et
1833 1912 87 23 Gaston
1932 1914 28 21 de
1967 1914 83 27 Béarn,

1575 1945 64 22 aidés
1653 1952 43 22 par
1706 1945 34 22 les
1752 1948 94 27 troupes
1866 1946 30 22 du
1915 1948 34 20 roi
1972 1947 80 23 Pierre

1575 1978 20 21 Il
1604 1978 123 29 d’Aragon,
1742 1978 76 23 furent
1838 1982 68 26 après
1931 1987 43 15 une
1991 1981 60 22 lutte

1574 2012 123 28 sanglante
1717 2015 23 18 et
1753 2012 122 27 acharnée,
1905 2013 84 22 défaits
2007 2021 43 21 par

1576 2044 33 22 les
1633 2047 91 19 armées
1743 2045 30 22 du
1791 2045 65 22 Nord
1879 2050 71 25 ayant
1961 2049 13 20 à
1998 2048 51 22 leur

1575 2081 45 19 tête
1628 2078 81 22 Simon
1715 2079 29 21 de
1750 2079 119 22 Montf'ort.
1877 2080 66 22 Cette
1955 2081 94 22 bataille

1574 2112 57 21 dans
1645 2112 101 29 laquelle
1763 2114 61 28 périt
1834 2114 22 21 le
1869 2115 34 21 roi
1919 2114 126 30 d’Aragon,

1574 2146 65 21 «bon
1665 2146 43 22 Rei
1727 2153 28 15 en
1771 2147 65 22 Peire
1849 2155 11 14 »
1877 2150 97 27 prépara
1990 2150 54 21 l’an-

1575 2180 82 21 nexion
1671 2180 30 21 du
1716 2179 140 30 Languedoc
1868 2184 13 19 à
1894 2182 21 21 la
1929 2188 116 16 couronne

1574 2213 28 22 de
1619 2213 91 22 France
1718 2230 5 5 .
1748 2214 31 22 Or
1791 2215 15 21 il
1818 2219 17 24 ÿ
1845 2222 15 15 a
1874 2216 111 29 quelques
2005 2224 40 15 an-

1575 2252 53 19 nées
1636 2250 36 21 les
1681 2250 104 22 Félibres
1796 2258 155 22 provençaux,
1959 2260 86 22 gascon

1574 2286 22 19 et
1612 2284 191 28 Languedociens
1823 2285 109 23 faisaient
1943 2286 77 23 élever
2031 2290 14 20 à

1574 2317 76 22 Muret
1674 2324 30 15 un
1724 2322 134 19 monument
1877 2322 166 21 commémora-

1575 2351 27 21 tif
1606 2351 30 22 de
1645 2351 23 22 la
1678 2352 93 28 journée
1780 2352 29 22 de
1814 2352 75 23 Muret
1898 2354 39 28 qui
1946 2355 33 21 vit
1985 2356 63 28 périr

1575 2385 186 29 l’indépendance
1779 2386 41 22 dès
1829 2394 58 24 pays
1905 2387 86 23 d’entre
2001 2388 46 23 Ga-

1574 2425 72 15 ronne
1670 2421 23 20 et
1711 2419 166 23 Méditérranée
1886 2429 7 12 :
1910 2428 27 15 ce
1956 2422 88 28 jour-là

1575 2452 20 22 la
1618 2452 130 22 Fèlibfesse
1777 2453 114 23 Fiiadelfo
1912 2455 30 22 de
1969 2455 76 23 Gerdo

1574 2486 46 28 prit
1631 2483 22 24 le
1666 2486 60 22 deuil
1739 2487 84 28 qu’elle
1846 2491 66 26 porte
1932 2490 113 29 toujours.

1574 2519 157 27 Récemment,
1754 2521 21 21 le
1795 2521 27 22 12
1840 2521 83 23 Juillet
1945 2523 98 28 dernier,

1573 2560 29 15 un
1619 2554 86 22 comité
1726 2558 110 26 composé
1856 2556 29 22 de
1909 2556 135 30 Languedo-

1573 2590 62 22 ciens
1644 2594 15 18 à
1666 2591 90 22 célébré
1770 2592 86 22 devant
1867 2599 26 16 ce
1909 2598 135 19 monument

1573 2624 20 21 le
1612 2625 59 21 712e
1693 2626 155 22 anniversaire
1862 2627 29 21 de
1904 2627 22 22 la
1939 2628 102 22 bataille.

1573 2658 33 21 De
1616 2658 150 22 nombreuses
1773 2660 144 29 délégations
1930 2665 113 26 envoyées

1573 2691 130 29 d’Espagne
1717 2695 24 19 et
1751 2699 27 15 en
1798 2694 134 28 particulier
1951 2695 29 22 de
2000 2696 43 22 Ca-

2080 1626 91 29 talogne
2191 1626 133 22 assistaient
2334 1629 14 20 à
2360 1627 21 22 la
2409 1630 123 25 cérémonie,

2079 1660 22 21 le
2113 1659 98 22 Recteur
2221 1660 29 22 de
2259 1660 147 23 l’Université
2419 1662 29 22 de
2465 1663 68 25 Barce-

2079 1693 53 22 lone
2143 1694 55 22 était
2209 1696 101 27 présent.
2330 1694 32 23 Le
2379 1695 85 30 député
2483 1699 57 23 lVan-v

2078 1728 49 25 çais
2138 1728 78 21 Aurioi
2237 1735 118 22 prononça
2368 1732 76 20 même
2453 1738 28 14 un
2497 1732 36 23 dis-

2078 1767 78 17 cours.

2106 1788 65 23 Cette
2199 1791 130 22 cérémonie
2356 1792 155 24 oceitanienne
2524 1798 10 19 à

2077 1822 100 29 laquelle
2192 1823 87 29 prirent
2303 1828 50 25 part
2369 1825 61 23 deux
2449 1826 86 25 Nations

2077 1857 35 21 n’a
2138 1856 104 31 offusqué
2268 1865 121 21 personne.
2414 1860 45 22 Nul
2477 1862 36 28 n’y
2526 1869 10 15 a

2077 1897 30 14 vu
2120 1890 88 23 l’indice
2215 1892 67 22 d’une
2290 1893 125 28 prochaine
2423 1895 68 21 union
2503 1902 33 22 po-

2077 1924 81 29 litique
2169 1928 62 19 entre
2243 1926 22 21 le
2278 1926 140 30 Languedoc
2433 1931 23 19 et
2468 1928 21 22 la
2499 1928 35 23 Ca-

2078 1957 100 30 talogne.

2105 1985 59 22 Mais
2184 1987 15 20 ii
2213 1994 16 21 y
2245 1994 14 14 a
2281 1988 84 22 mieux.
2385 1989 34 22 La
2440 1991 94 22 semaine

2076 2012 110 28 dernière,
2207 2014 20 21 le
2247 2015 114 22 Sénateur
2373 2017 101 26 français
2493 2018 41 23 Vic-

2077 2048 36 19 tor
2127 2046 83 23 Bérard
2231 2050 123 26 remettait,
2375 2050 60 23 dans
2450 2051 22 22 le
2487 2059 48 22 pays

2075 2080 29 22 de
2117 2080 64 23 Vaud
2199 2081 97 30 (Suisse)
2310 2083 21 22 la
2342 2083 71 23 Croix
2434 2085 101 24 d’officier

2075 2107 30 23 3e
2113 2108 21 22 la
2143 2109 84 29 Légion
2236 2111 129 23 d'honneur
2371 2119 12 15 a
2393 2120 31 15 un
2431 2113 102 24 Vaudois.

2074 2142 19 22 Il
2114 2144 133 27 prononçait
2280 2152 30 15 un
2336 2146 107 23 discours
2481 2148 49 22 dans

2075 2176 72 28 lequel
2161 2177 15 21 il
2196 2178 113 23 déclarait
2335 2180 54 29 qu’il
2402 2182 131 23 considérait

2073 2210 34 21 les
2117 2209 100 24 Vaudois
2229 2219 91 16 comme
2338 2214 40 22 des
2391 2215 109 27 Français
2508 2219 24 21 el,

2071 2238 130 23 s’excusant
2230 2240 124 24 d’annexer
2365 2243 58 22 ainsi
2443 2244 90 29 pendant

2073 2272 110 29 quelques
2195 2274 108 28 minutes,
2326 2283 28 15 un
2379 2284 106 16 morceau
2507 2278 25 22 de

2075 2309 112 23 térritoire
2203 2311 82 27 suisse,
2300 2312 15 22 il
2325 2314 106 28 ajoutait,
2447 2315 87 22 s’adres-

2073 2346 53 18 sant
2142 2345 13 20 à
2165 2344 30 22 -M•
2208 2345 21 21 le
2253 2346 134 29 professeur
2402 2348 104 27 Bouvier,
2516 2348 18 22 le

2073 2378 103 16 nouveau
2196 2373 83 23 décoré
2293 2382 6 14 :
2312 2383 14 13 «
2337 2375 34 22 En
2394 2379 22 19 te
2440 2377 93 22 donnant

2074 2405 122 23 l’accolade
2238 2408 138 29 j’emhrasse
2417 2414 51 19 tous
2505 2411 28 21 les

2073 2439 141 27 confédérés,
2226 2448 47 22 que
2294 2442 23 23 le
2327 2444 68 28 Jura
2408 2445 43 22 des
2473 2444 61 23 ancê-

2074 2469 52 21 tres
2131 2468 55 28 fait
2196 2476 50 16 mes
2257 2475 188 25 compatriotes.
2458 2481 14 14 »

2103 2501 31 22 Le
2153 2509 180 22 gouvernement
2348 2506 130 30 helvétique
2488 2514 11 14 a
2509 2513 22 15 eu

2072 2535 21 21 le
2105 2535 44 23 bon
2159 2540 56 26 goût
2225 2538 29 22 «le
2267 2546 29 15 ne
2309 2547 41 21 pas
2363 2544 121 26 proLesler.

2097 2563 65 24 Deux
2172 2566 72 29 poids,
2249 2567 72 22 _deux
2333 2576 111 15 mesures.

2383 2605 28 21 P.
2424 2603 83 23 Solari.

2082 2664 236 31 Aiacciu-Stamparia
2337 2668 23 22 di
2382 2670 23 21 A
2432 2669 87 21 Muvra

2070 2696 20 22 U
2100 2697 108 24 direttore
2217 2704 96 25 gerente
2320 2710 6 13 :
2351 2702 69 23 Petru
2432 2700 93 24 ROCCA

80 2839 69 19 nesto
169 2838 96 27 inglesi,
291 2838 90 21 fîlosofo
400 2839 23 20 in
444 2839 60 20 tutte
523 2838 23 20 le

78 2871 84 25 cinque
174 2874 68 23 parte
254 2872 37 20 del
304 2872 121 24 mondo,in
440 2876 53 16 casa
505 2876 41 15 sua

78 2904 123 26 anglicano
210 2904 122 21 riformato
345 2910 13 15 a
370 2906 36 19 tre
418 2904 58 27 peli.
503 2902 44 22 Per

77 2937 23 19 la
116 2937 68 25 quale
202 2942 65 19 cosa,
294 2936 97 22 facendo
408 2938 81 26 girare
511 2939 35 18 tra

76 2968 94 21 l’indice
180 2975 13 14 e
206 2970 17 20 il
234 2970 84 26 pollice
328 2970 20 20 la
361 2976 42 15 sua
412 2969 135 22 tabacchië-

77 3001 73 26 iapiù
164 3002 87 21 veloce
271 3002 60 21 delle
342 3004 52 19 vele
412 3004 25 20 di
453 3008 93 16 unmo-

77 3034 51 20 lino
140 3040 12 14 a
163 3037 85 24 vento,
261 3036 156 21 scorrucciato
445 3036 100 21 inierro.

78 3072 60 21 gava
145 3073 6 14 :

105 3110 28 8 —r-
142 3099 17 21 E
177 3101 88 21 adesso
277 3106 66 16 corne
358 3102 20 20 ci
391 3104 101 19 entrano
504 3107 42 15 co-

77 3132 54 21 testi
143 3132 53 21 frati
204 3133 13 21 ?
227 3154 3 3 .
238 3133 23 21 O
273 3134 43 20 che
333 3140 54 16 cosa
408 3140 115 22 vengono
532 3140 13 15 a

76 3164 50 21 fare
138 3167 96 20 costoro
246 3168 13 19 ?

105 3209 26 3 —
141 3197 122 28 Vengono
273 3205 13 14 a
295 3205 95 21 pregare
412 3201 56 21 Dio.

106 3244 26 4 —
147 3233 16 20 E
171 3240 27 14 se
219 3240 31 15 ne
269 3240 105 16 avevano
396 3237 83 26 voglia
497 3241 48 16 non

76 3267 25 20 lo
113 3268 119 24 potevano
246 3273 94 21 pregare
354 3268 58 25 così,
423 3269 43 27 giù
478 3274 67 16 corne

77 3304 28 14 su
113 3299 12 19 ?
132 3298 39 21 Oh
184 3300 118 20 sentiamo
319 3306 57 15 anco
388 3304 92 24 questa,
498 3302 46 20 via!

78 3330 48 21 Dio
145 3333 68 18 sente
231 3332 86 25 meglio
334 3332 22 21 di
370 3339 72 21 sopra
454 3334 44 20 che
521 3334 23 20 di

77 3364 64 19 sotto
152 3364 116 20 coverta?

144 3394 54 21 Non
212 3396 14 20 è
239 3396 57 24 cosi,
306 3402 36 15 ma
358 3401 63 18 sotto
442 3399 22 20 la
481 3398 65 21 vôlta

77 3427 38 20 del
127 3427 68 25 cielo,
207 3429 22 20 al
237 3429 105 20 chiarore
351 3430 61 21 delle
420 3432 70 20 stelle
502 3432 44 20 che

77 3465 46 15 una
135 3459 63 27 dopo
211 3460 74 21 l’altra
292 3461 113 22 balenano
415 3465 40 24 pel
466 3463 80 21 firma-

77 3495 88 22 mento,
197 3498 69 16 corne
286 3498 26 15 se
333 3494 182 26 rispondessero
532 3503 14 14 a

78 3525 47 21 Dio
138 3526 43 20 che
193 3527 23 20 le
226 3526 91 21 chiama
329 3532 41 20 per
385 3533 107 19 nomme,
506 3535 40 20 pa-

77 3564 26 15 re
114 3564 13 14 a
137 3559 39 20 noi
189 3559 24 20 di
230 3559 101 21 trovarci
353 3559 40 26 più
405 3561 76 20 vicini
502 3562 45 20 aile

77 3591 109 21 orecchie
196 3592 40 21 del
245 3591 119 22 Creatore.

104 3635 28 4 —
142 3623 63 22 Bene
219 3631 6 14 :
240 3631 37 15 ma
287 3625 71 20 allora
370 3632 13 14 e
395 3626 89 26 perché
496 3632 52 20 pre-

76 3659 91 19 sumete
181 3657 292 28 împrigionarelospirito
485 3661 62 19 eter-

76 3696 32 15 no
129 3689 86 22 dentro
238 3691 24 20 le
282 3690 78 21 chiese
368 3691 12 20 ?
398 3691 27 21 lo
452 3697 49 15 non
522 3692 25 20 vi

573 2833 96 26 capisco
683 2838 6 15 :
699 2835 68 18 avete
792 2832 63 22 forse
886 2838 44 15 una
958 2833 87 21 manie-

574 2871 23 14 ra
618 2866 23 20 di
656 2864 97 21 a«Iorare
775 2865 46 22 Dio
846 2871 69 21 sopra
940 2866 16 20 il
981 2872 64 15 mare

576 2898 30 21 ed
620 2898 103 22 un’altra.
731 2903 68 22 sopra
813 2900 21 20 la
847 2902 61 18 terra
920 2899 13 21 ?

602 2948 27 4 —
645 2937 110 27 Signore,
780 2938 115 26 piacciavi
925 2938 120 22 ricordare

572 2970 44 21 che
629 2970 121 27 gl'Inglesi
761 2970 165 22 fabbricarono
934 2972 23 20 in
968 2972 77 22 Roma

573 3001 22 22 S.
612 3003 123 26 Pietro,gli
745 3003 5 21 i
771 3004 81 21 taliani
866 3004 78 21 hanno
957 3008 87 18 costru-

572 3038 24 19 to
605 3043 12 14 a
639 3036 92 21 Londra
746 3036 23 21 S.
785 3037 74 21 Paolo
870 3043 5 19 ;
889 3043 42 21 per
942 3039 54 20 tutti
1005 3039 6 20 i
1020 3039 24 20 fi-

571 3070 84 27 gliuoli
678 3070 22 20 di
727 3070 93 22 Adamo
833 3071 18 20 si
874 3071 52 21 leva
939 3071 16 20 ü
967 3073 51 20 sole
1031 3079 13 14 e

573 3103 39 26 poi
635 3108 67 16 casca
716 3104 20 19 la
747 3107 71 18 notle.

601 3147 27 4 —
641 3136 65 21 Bene
717 3142 5 14 :
736 3136 57 27 però
812 3138 38 20 voi
883 3137 85 22 dovete
989 3144 55 16 con-

572 3169 84 21 venue
665 3174 70 16 meco
746 3169 44 22 che
802 3171 22 20 la
832 3171 125 27 preghiera
970 3173 75 25 parla-

571 3206 24 16 ta
605 3202 13 20 è
625 3208 58 15 cosa
692 3203 102 21 assurda:
802 3204 50 20 anzi
862 3210 58 21 pure
926 3205 118 27 oltraggio

572 3240 112 21 espresso
697 3236 44 20 alla
761 3236 103 22 divinità
874 3244 6 13 :
893 3238 152 26 imperocchè

573 3268 48 21 Dio
646 3269 62 20 veda
720 3269 7 20 i
744 3270 75 21 riostri
838 3270 102 27 pensieri
969 3271 75 27 prima

572 3301 46 21 che
646 3302 24 21 di
696 3302 123 22 enibrione
852 3304 20 20 si
895 3304 107 22 facciano
1025 3305 19 22 i-

572 3334 51 25 dea,
639 3335 30 20 ed
678 3335 47 21 oda
734 3335 14 20 il
762 3341 73 18 se.nso
859 3337 38 20 del
912 3342 72 16 cuore
996 3338 49 26 pri-

572 3372 39 15 ma
619 3367 44 21 che
672 3367 92 21 diventi
783 3369 99 26 palpito.
906 3368 85 22 Levate
1010 3371 33 26 gli

572 3400 70 21 occhi
656 3402 23 19 al
692 3401 60 20 cielo
762 3407 13 14 e
788 3402 75 21 basta.
880 3402 47 21 Dio
935 3404 24 19 vi
971 3410 74 20 péné-

572 3435 37 18 tra
624 3434 40 19 nel
686 3433 96 21 midolio
791 3435 63 20 delle
864 3440 54 15 ossa
928 3441 13 14 e
951 3437 23 20 vi
993 3437 51 26 giu-

572 3465 60 21 dica.
657 3465 47 21 Dio
723 3470 102 17 conosce
838 3467 7 20 i
854 3468 71 20 vostri
940 3468 103 28 bisogni,

572 3503 22 19 e,
606 3503 26 15 se
652 3497 71 21 crede
741 3498 44 20 che
796 3500 21 19 si
835 3500 102 20 abbiano
958 3506 12 15 a
991 3502 53 20 sod-

572 3530 97 24 disfare,
681 3530 15 20 li
707 3530 142 22 soddisferà.
867 3531 52 22 Che
931 3538 30 15 ne
978 3539 67 21 sape-

573 3565 24 17 te
609 3563 41 20 voi
662 3563 14 20 ?
689 3561 75 22 Corne
776 3566 82 24 potete
873 3567 172 24 comprendere

573 3595 33 26 gli
619 3595 79 20 arcani
712 3595 60 21 délia
788 3600 83 18 natura
882 3598 12 20 ?
907 3596 72 23 Forse
1002 3599 43 21 do-

575 3628 147 24 manderete,
744 3627 103 24 Mattoni
857 3637 14 14 e
885 3631 25 20 vi
928 3630 49 22 farà
996 3638 50 14 me-

573 3661 67 19 stieri
651 3660 97 21 calcina.
765 3661 91 23 Perché
872 3664 112 21 tribolare
1000 3671 45 15 con

578 3692 23 20 la
612 3691 95 27 favèlla,
716 3699 82 16 arnese
819 3701 93 19 manco,
925 3696 6 20 i
942 3698 103 21 concetti

1073 2832 44 21 che
1149 2833 131 22 riboccano
1307 2833 85 23 infiniti
1415 2836 63 21 dallo
1498 2836 47 27 spi-

1073 2866 46 21 rito
1148 2866 131 22 dell’uomo
1291 2867 12 21 ?
1319 2867 104 23 Lasciate
1454 2870 91 26 spande

1073 2900 99 21 relibere
1183 2901 21 20 le
1214 2905 76 22 acque
1300 2901 245 27 dell’anima,costrin-

1072 2935 54 25 gete
1142 2934 22 20 in
1181 2934 77 21 canali
1269 2935 76 25 quelle
1353 2936 51 21 sole
1427 2936 43 22 che
1492 2937 53 21 irri-

1071 2971 62 21 gano
1146 2968 31 25 gli
1186 2968 47 20 orti
1249 2968 83 21 vostri.

1099 3011 28 4 —
1135 2999 91 23 Sentite
1235 3001 41 20 !—
1288 3000 72 23 l’altro
1371 3003 101 27 rispose.

1111 3035 51 19 Ave
1202 3034 89 21 Maria
1302 3050 5 10 ,
1340 3036 204 23 incominciarono

1071 3072 13 15 a
1096 3070 94 18 cantare
1212 3068 6 21 i
1240 3068 52 21 frati
1313 3066 22 23 ih
1360 3075 78 17 suono
1460 3077 82 22 grave,

1073 3100 15 20 il
1109 3100 68 27 qualè
1204 3100 68 28 perd’
1288 3104 132 25 temperato
1440 3104 104 22 dall’am-

1073 3133 75 25 piezza
1159 3134 65 21 dello
1237 3140 81 21 spazio
1330 3141 13 15 e
1359 3136 64 23 dallo
1435 3138 109 26 strepido

1072 3164 61 23 delle
1145 3173 83 21 acque,
1240 3170 129 24 pefeoteva
1391 3171 151 22 dolcissimô:

1072 3200 94 26 quando
1181 3201 18 21 il
1217 3201 109 21 Boswéll
1342 3208 24 15 se
1376 3204 24 20 lo
1422 3206 122 24 aspettava

1071 3233 80 25 rneho,
1172 3235 59 20 écco
1250 3236 14 18 à
1273 3236 88 20 cotesto
1383 3239 69 19 canto
1465 3242 79 16 accor-

1072 3265 61 21 darsi
1144 3266 231 28 l’accómpagnatura
1385 3269 23 21 di
1416 3275 49 15 uno
1482 3272 62 18 stru-

1071 3301 89 23 mento,
1171 3300 45 21 che
1237 3300 34 27 gli
1290 3306 71 20 parve
1385 3308 62 21 arpa,
1462 3303 31 21 ed
1504 3309 40 15 era

1072 3332 113 20 cetrarfra
1195 3333 63 21 tanti
1277 3334 62 26 guai,
1349 3334 83 22 donno
1443 3335 39 21 dei
1492 3335 52 21 Mo-

1071 3364 19 20 ri
1098 3364 21 20 ai
1136 3363 78 27 Côrsi,
1229 3372 15 14 e
1253 3371 49 16 non
1324 3371 69 16 senza
1416 3368 126 26 consiglio,

1071 3396 178 26 impercioccnè
1273 3398 47 21 Dio
1348 3400 145 21 concedesse
1511 3406 13 15 a
1537 3401 6 21 i

1072 3429 92 20 mortali
1181 3430 74 21 arche
1270 3436 109 21 suprême
1392 3432 24 21 di
1432 3433 76 20 salute
1520 3433 24 21 in

1072 3461 56 26 ogni
1138 3461 94 23 diluvio
1245 3464 25 20 di
1285 3469 73 20 acque
1371 3470 15 15 o
1395 3465 23 20 di
1425 3466 120 21 tirannide

1072 3498 69 21 sopra
1164 3494 23 21 la
1206 3497 67 20 terra
1283 3503 6 14 :
1299 3496 91 21 müsica
1416 3504 14 14 e
1451 3499 92 25 poesia.

1100 3524 30 21 Se
1142 3526 23 21 lo
1175 3528 90 26 squillo
1282 3529 60 21 délia
1363 3535 123 21 campana,
1500 3531 51 23 che,

1072 3558 87 27 piange
1167 3559 18 20 il
1195 3561 90 25 giorno
1292 3561 44 21 che
1343 3562 18 20 si
1370 3566 93 22 müore,
1474 3564 72 21 strin-

1072 3596 30 21 ge
1110 3590 94 23 l’anima
1217 3594 24 20 àl
1253 3599 81 16 nuovo
1346 3595 143 28 pellegrino,
1504 3602 41 15 ora

1073 3623 44 21 che
1129 3629 54 16 cosa
1198 3631 52 16 non
1270 3628 117 25 potranno
1408 3629 46 20 mai
1474 3630 72 20 corde

1073 3656 23 20 di
1105 3658 77 20 cetera
1201 3664 14 14 e
1229 3664 63 16 voce
1303 3659 24 21 di
1340 3665 72 17 uomo
1425 3661 12 21 ?
1453 3661 32 21 Le
1493 3668 53 20 pre-

1073 3689 30 25 ci,
1119 3691 143 26 trasportate
1285 3692 37 21 dai
1351 3694 67 21 venti
1443 3695 100 21 lontano

1573 2843 25 15 su
1611 2838 22 21 le
1655 2844 78 21 acque.
1754 2841 115 26 empiono
1885 2841 22 21 lo
1924 2842 78 27 spazio
2019 2844 28 21 di.

1572 2871 51 22 echi
1649 2871 95 24 infiniti,
1767 2873 5 21 i
1786 2874 62 27 qüali
1871 2874 28 21 da
1914 2876 52 21 tutti
1978 2876 5 21 i
2003 2878 39 21 lati

1572 2905 126 27 ripercossi
1727 2907 15 20 li
1775 2913 115 22 pungono
1920 2914 44 17 con
1997 2912 46 20 taie

1573 2938 93 23 un'acre
1681 2940 89 22 volutta
1780 2941 44 22 che
1857 2943 16 20 ti
1885 2942 133 28 rimescola,
2029 2951 14 15 e

1573 2978 55 21 pure
1665 2978 47 16 non
1734 2976 101 20 vorresti
1856 2979 90 19 cessata
1958 2983 5 19 ;
1986 2983 54 16 con-

1571 3006 133 22 ciossiachè
1719 3009 31 26 gli
1769 3009 52 21 echi
1834 3009 106 23 daH’alto
1954 3011 86 27 pàianti

1572 3041 117 27 messaggi
1709 3042 78 21 celesti
1808 3043 44 21 che
1873 3044 17 20 ti
1908 3045 134 23 ànnunzino

1570 3074 21 20 le
1602 3075 42 20 tue
1654 3074 118 27 préghieri
1796 3082 72 15 avéré
1885 3079 95 21 trovato
1988 3085 54 21 gra-

1570 3107 33 20 zia
1610 3108 21 20 al
1644 3110 108 24 cospetto
1765 3109 24 21 di
1801 3110 47 21 Dio
1856 3115 7 22 ;
1873 3110 6 21 i
1893 3112 94 25 sottani,
1997 3112 44 22 che

1571 3140 6 20 i
1588 3140 51 21 tuoi
1654 3141 70 21 morti
1745 3142 22 20 le
1777 3142 81 22 hanno
1875 3144 78 21 intese
1970 3152 13 14 e
1992 3147 48 20 rin-

1570 3174 113 26 grazianti
1695 3179 6 15 :
1714 3174 7 20 i
1737 3175 162 27 circonstanti,
1916 3178 43 21 che
1971 3180 7 20 i
1987 3180 51 21 tuoi

1571 3206 50 21 vivi
1635 3206 26 20 in
1673 3207 219 25 quella-medisima
1904 3216 41 16 ora
1956 3218 84 20 pensa-

1572 3244 28 15 no
1608 3244 14 15 a
1628 3242 25 18 te
1659 3245 13 15 e
1678 3245 70 21 prece
1754 3246 46 16 con
1807 3248 70 21 prece
1885 3243 154 25 ricambiano.

1596 3271 79 22 Tanto
1695 3272 21 26 è,
1730 3285 29 4 —
1778 3276 105 22 esclamd
1907 3283 68 16 corne
1996 3285 44 16 suo

1570 3306 145 26 malgradoil
1723 3306 107 24 Boswell
1839 3310 78 22 dando
1930 3318 29 15 un
1970 3314 70 27 colpo

1571 3339 131 21 maiuscolo
1724 3345 70 22 sopra
1811 3343 22 20 la
1858 3344 148 23 tabaccheria
2012 3359 30 3 —

1570 3372 66 19 tanto
1655 3371 14 20 è
1678 3377 6 15 :
1692 3373 59 19 tutte
1762 3374 23 20 le
1806 3376 78 20 strade
1905 3382 101 18 menano
2027 3386 14 14 a

1572 3401 111 24 Corinto.
1691 3415 29 4 —
1737 3404 17 22 E
1765 3408 115 26 aggiunse
1894 3410 40 26 poi
1960 3412 82 22 levan-

1571 3436 29 20 do
1614 3437 66 21 lento
1699 3439 32 26 gli
1747 3440 68 22 occhi
1829 3442 38 20 dal
1885 3444 95 22 confine
2002 3446 40 22 del

1572 3474 64 16 mare
1646 3471 23 20 al
1681 3474 73 23 punto
1764 3474 144 22 culminante
1921 3477 38 21 del
1971 3479 69 22 cielo:

1572 3513 27 4 —
1616 3502 36 21 Da
1660 3504 54 20 tutti
1729 3505 8 19 i
1750 3506 49 25 lati,
1811 3509 95 25 quando
1920 3509 39 22 liai
1978 3513 22 20 la
2010 3513 32 21 fe-

1572 3535 27 20 de
1612 3542 44 19 per
1671 3536 96 27 viatïco,
1778 3544 14 15 e
1811 3540 95 22 l’amorè
1915 3543 18 20 ti
1951 3550 91 17 accom-

1572 3576 85 21 pagna,
1675 3572 20 20 si
1705 3573 45 20 arri
1754 3580 27 15 va
1796 3576 72 21 lassù.

1598 3603 116 27 Compile
1728 3606 23 20 le
1778 3609 135 27 preghiere,
1931 3618 30 15 un
1982 3614 60 23 frate

1573 3636 69 26 passé
1650 3637 83 22 vicino
1741 3640 22 20 al
1773 3640 106 24 Boswell
1891 3649 13 15 e
1916 3646 33 25 gli
1957 3647 64 23 disse
2034 3657 6 14 :

1598 3681 29 3 —
1639 3669 22 21 Il
1673 3670 100 27 Signore
1785 3674 25 21 vi
1823 3675 124 24 benedica.

1599 3702 22 21 Il
1630 3703 107 23 Boswell
1753 3712 50 16 non
1826 3708 102 28 rispose,
1945 3714 51 20 anzi
2016 3715 25 22 in

2070 2846 50 21 atto
2137 2852 75 17 mezzo
2232 2850 88 22 acerbo
2334 2851 33 27 gli
2383 2851 20 21 si
2428 2848 63 23 voltò
2510 2846 20 22 di

2071 2881 64 19 Costa
2150 2882 64 26 quasi
2229 2883 168 24 invintandolo
2416 2891 14 15 a
2442 2887 89 25 passare

2070 2913 68 21 oltre.
2160 2914 20 22 Il
2195 2915 57 23 frate
2271 2918 67 22 sostô
2362 2926 31 14 un
2414 2917 116 23 momento

2070 2947 30 20 ed
2111 2949 107 27 aggrottô
2227 2951 22 20 le
2258 2952 80 28 ciglia,
2349 2959 38 15 ma
2395 2952 80 22 subito
2485 2950 40 20 do-

2069 2985 32 22 po
2110 2982 91 26 placido
2211 2984 92 27 riprese
2311 2997 7 13 :

2098 3032 26 4 —
2133 3020 103 30 Signore,
2255 3025 24 21 la
2289 3025 156 23 benedizione
2464 3024 22 21 di
2501 3026 29 16 un

2069 3059 91 21 povero
2171 3058 99 22 vecchio
2290 3065 48 16 non
2358 3060 28 22 ha
2410 3059 47 23 mai
2479 3056 52 22 fatto

2067 3088 62 20 male
2137 3090 31 20 ad
2179 3092 92 22 alcuno:
2282 3093 120 28 pigliatela
2416 3101 7 13 :
2436 3093 16 22 il
2464 3092 65 20 servo

2067 3121 25 21 dî
2102 3121 46 23 Dio
2161 3129 47 17 non
2215 3125 30 22 ha
2255 3127 64 22 àltro
2331 3129 29 20 da
2370 3128 77 22 darvi.
2454 3136 28 5 —•

2096 3160 55 23 Uno
2159 3165 106 22 scrittore
2278 3168 107 27 elegante
2396 3168 40 21 del
2447 3159 83 27 nostrol

2068 3194 89 23 idioma
2172 3203 93 18 accozzo
2279 3206 44 21 per
2333 3202 69 27 gioco
2422 3202 23 20 le
2457 3194 72 32 parole

2067 3228 114 28 amabile,
2188 3232 114 30 fiere^a,
2314 3233 121 26 terribïle,
2446 3230 84 25 dolce£-

2066 3267 31 22 %a
2107 3269 6 14 :
2123 3268 82 22 questo
2218 3269 192 26 accappiamento
2432 3267 19 22 si
2473 3260 55 25 veri-

2067 3294 74 24 ficava
2165 3300 38 20 nel
2221 3300 60 22 frate
2295 3302 24 21 di
2331 3303 108 27 cappello
2450 3298 77 22 bianco

2067 3329 42 26 più
2133 3331 43 21 che
2195 3339 69 21 neve,
2282 3341 14 15 e
2317 3336 36 21 dai
2377 3326 149 37 soppraccigK

2068 3362 52 22 folti
2129 3367 65 20 eneri
2202 3371 87 23 quanto
2295 3376 78 20 penna
2379 3370 23 21 di
2414 3360 112 31 corvo(i)-

2091 3433 17 21 (I
2114 3434 8 22 )
2130 3434 14 18 E
2153 3437 66 18 sebben
2227 3438 62 19 Ciccio
2297 3441 20 17 di
2322 3441 71 17 Andrea

2092 3460 37 19 Con
2135 3465 76 19 amabile
2217 3467 83 18 fierezza.

2091 3488 37 19 Con
2134 3492 73 20 terrible
2212 3495 83 18 dolcezza

2240 3530 54 21 Redi,
2304 3530 58 17 Bacco
2370 3529 19 18 in
2398 3528 79 19 Toscane.

2224 3619 154 29 (Cuntinua)
