2554 3898
115 168 29 4 —
148 156 75 22 Postu
236 155 36 22 chi
282 156 59 20 tutta
350 160 14 15 a
372 158 28 16 so
409 152 51 21 vita
470 150 90 22 èaffuV

90 192 47 19 lata
152 195 14 15 a
177 195 27 15 se
215 188 78 21 frondi
305 187 25 20 di
339 191 82 21 porru,
430 186 61 19 tutta
498 188 14 15 a
531 188 29 15 so

89 221 82 22 filîcità
183 222 81 19 eterna
271 218 83 22 tenerà
362 216 116 22 anch’ella
490 221 14 14 a
513 219 48 16 una

88 254 50 22 cusi
151 253 87 21 misera
247 258 61 15 cosa.
318 251 30 21 Di
359 249 40 28 più
412 249 19 20 si
446 248 44 21 ella
506 247 20 20 si
533 245 28 27 _è

88 286 111 22 mendata
220 285 23 20 in
265 283 103 24 infernu,
381 282 19 21 si
422 280 33 27 pô
479 278 80 24 crede,

87 319 38 21 chi
134 319 20 20 si
164 315 156 29 stringàgliuli
330 320 83 16 seranu
421 313 139 21 abbastanza

89 351 55 22 forti
158 355 42 22 per
213 349 51 21 falla
276 348 60 21 cullà
349 346 123 27 appiccata
486 349 13 14 a
519 342 40 21 elli

88 385 29 20 da
130 382 112 22 l’Infernu
256 382 22 20 in
298 379 119 22 Paradisu.

119 416 39 21 Ma
181 413 135 23 ascultendu
332 418 27 15 se
377 409 99 28 parolle,
497 407 63 21 nulla

89 450 44 20 che
145 454 36 15 au
194 450 64 22 tonu,
271 445 64 22 molti
350 441 131 28 capinuchi
494 446 14 14 u
525 438 35 22 Si-

89 487 76 21 gnore
185 480 64 27 sapia
270 476 80 29 diggià
364 475 77 21 l’esitu
462 473 24 21 di
502 473 7 20 1
518 477 43 16 av-

89 517 107 18 ventura.
485 517 11 6 '

118 545 148 28 Malgradu,a
278 543 82 21 divina
373 542 109 19 sentenza
495 536 64 29 pieci

91 587 13 15 a
118 579 61 22 tutti.

119 613 39 22 Un
168 610 113 29 angbiulu
289 607 118 23 fù-subitu
415 604 111 23 mandatu
536 603 24 21 in

92 645 97 22 Infernu
202 644 13 20 à
227 643 69 21 chere
308 647 13 14 a
329 639 141 28 peccatrice,

119 678 47 21 Eila
177 677 20 21 si
208 675 108 22 scallava,
326 680 13 14 a
348 678 14 15 a
372 670 103 28 rustagia
488 668 73 22 infer-

90 712 60 21 nale.
170 709 45 22 Chi
230 709 34 20 cal
267 709 22 20 lu
300 705 84 28 figlioli
396 705 5 20 !
422 702 139 29 L’anghiulu

90 744 90 22 sudava
198 741 123 22 anch’ellu.

119 777 92 26 Tempu
233 771 152 25 chiamatulâ,'
404 775 46 17 cun
469 768 92 29 gattiva

91 815 96 18 manera
195 814 14 15 e
221 813 66 15 senza
297 805 150 28 gherbatezza

119 854 27 4 —
154 842 46 21 Chi
214 841 53 21 boie
284 845 26 15 su
328 838 132 27 piscaïanu,
474 841 41 21 per
539 834 22 21 la

93 875 96 24 miseria
201 875 6 19 1
218 874 6 21 !

121 907 85 23 Mancò
231 911 59 23 pocu
305 904 85 22 ch’ella
403 909 31 15 un
462 900 100 29 ghiesti-

91 942 72 23 massi
184 941 41 27 più
245 939 166 22 bruttamente.
424 935 25 22 Si
471 933 90 23 radulci

92 976 145 23 fmalmente,
256 971 104 28 sapendu
373 969 83 22 ch’ella
469 968 53 21 avia
532 967 30 21 da

92 1009 61 22 cullà
174 1008 23 20 in
217 1005 119 23 Paradisu.
358 1004 22 20 A
403 1007 27 17 so
446 1001 73 22 faccia
536 1000 25 21 di

91 1046 78 24 strega
180 1040 65 22 lentò
260 1046 12 15 e
292 1037 122 29 rivigliule
426 1035 38 22 chi
477 1041 13 15 a
504 1034 59 21 tira-

91 1081 72 19 vanu,
177 1079 69 16 cume
257 1078 44 16 una
315 1070 98 27 busciga
427 1067 135 23 affumicata

90 1111 63 20 sottu
161 1114 13 15 a
182 1114 14 15 u
207 1107 107 24 fucone,a
321 1110 28 16 so
354 1109 60 16 voce
421 1107 78 23 aspra,
505 1106 57 22 agra

93 1148 69 22 perse
173 1148 30 15 un
212 1145 60 23 pocu
286 1139 23 22 di
325 1144 12 15 a
344 1143 27 16 so
390 1137 98 21 acitezza
502 1140 14 15 e
534 1140 28 15 so

91 1177 83 20 labbre
191 1173 162 28 s’appinzonu,
367 1176 13 16 e
392 1171 87 21 laconu
498 1173 64 16 esce:

121 1221 27 4 —
158 1208 42 22 Era
210 1206 122 23 orach’elli
347 1203 142 29 pensessinu
502 1206 61 17 ancu

92 1249 13 16 a
116 1242 46 23 mè.
176 1241 29 22 Ci
211 1241 63 22 hanu
282 1244 81 18 messu
371 1244 14 15 u
392 1240 81 23 tempu
484 1235 5 21 !
501 1234 62 23 Chia

93 1283 32 15 un
135 1276 21 21 ci
169 1280 74 22 possu
254 1276 34 18 sta
294 1271 147 23 anch’eiu....

127 1308 137 29 L’anghiulu
278 1312 28 15 un
320 1306 21 21 la
349 1304 52 22 lacô
410 1303 91 22 fimsee.

122 1354 27 5 —
155 1342 57 25 Aio,
222 1339 133 29 appicatevi
365 1338 48 27 qui.

122 1388 28 4 —
157 1375 63 27 Sega
244 1379 41 22 per
306 1372 70 27 quale
396 1370 33 22 mi
451 1369 98 28 pigliate
558 1369 6 20 !

94 1409 99 23 Cridete
210 1406 93 29 propriu
326 1404 64 22 ch’io
413 1402 104 23 m/abbia
534 1402 31 21 da

94 1441 114 24 imbruttà
225 1446 14 16 e
252 1439 64 22 mani
340 1439 73 20 nantu
426 1437 20 21 si
468 1436 96 27 puracci

92 1475 138 23 mullizzosi.
249 1473 37 22 Un
304 1472 33 21 mi
359 1471 89 27 pudete
465 1469 62 22 mica
542 1468 23 22 tà

95 1509 60 22 cullà
167 1507 97 29 megliù,
272 1506 23 22 in
308 1506 90 26 quanta,
406 1509 40 16 me
454 1504 13 20 ?

119 1538 243 29 —Bulete.appicabbi
369 1543 15 16 o
389 1536 71 22 nò.Bi
468 1537 96 24 restate,

96 1576 74 22 mina.
181 1574 30 22 Ci
227 1574 67 21 volse
318 1570 128 28 appicassi.
465 1569 101 28 Rugnu-

93 1609 75 22 lendu
180 1606 77 29 pigliò
270 1606 6 21 i
288 1606 66 27 porri
367 1605 24 21 in
403 1604 31 21 de
446 1603 64 22 mani

124 1654 29 4 —
157 1642 40 21 Ma
205 1641 62 22 hanu
276 1640 28 20 da
314 1637 95 28 strappà
418 1638 69 20 santu
496 1635 68 22 DiuÜ

96 1675 42 23 Un
149 1676 22 20 ci
189 1675 74 27 iungu
278 1678 43 16 cun
342 1671 79 28 qu'esti
433 1670 27 21 in
468 1668 98 23 Paradi-

98 1716 37 15 su.
142 1720 3 8 .•

122 1753 29 5 —
157 1741 25 22 Si
197 1741 42 22 boi
261 1738 124 29 parlassite
405 1742 75 17 menu
491 1736 22 21 ci
527 1741 39 16 sa-

95 1776 21 22 ri
118 1778 36 19 ste
166 1774 89 28 diggià,
265 1773 64 21 disse
337 1772 74 21 allora
423 1769 141 29 l’anghiulu,

95 1809 38 22 chi
155 1807 173 23 cumminciava
355 1811 13 15 a
388 1804 73 27 perde
486 1808 79 16 macu-

96 1843 62 21 lelle.

125 1876 20 20 A
167 1876 21 20 la
211 1874 47 22 fine
270 1872 131 28 l'anghiulu
418 1869 93 28 attippò
526 1868 38 26 sù,

96 1908 118 28 purtendu
227 1907 110 21 azziccata
346 1911 14 15 a
370 1905 6 21 i
387 1904 73 28 porri,
469 1910 13 14 a
491 1908 37 16 ma
531 1908 35 16 tri-

96 1949 37 15 ma
152 1943 126 20 insurreita
296 1939 24 22 di
333 1938 127 28 l’apostulu
476 1937 88 27 primu.

97 1976 56 18 Pian
171 1974 96 25 pianinu
281 1972 112 26 u.coppiu
407 1970 97 23 s’alzava
527 1974 38 17 so-

96 2005 49 28 pr’a
160 2011 13 15 a
190 2003 132 29 fughera.in
331 2003 66 20 duve
414 2000 151 29 brugiàvâriü

96 2040 7 20 i
129 2038 113 22 derelitti.
251 2037 11 21 I
280 2036 64 27 porri
357 2035 65 27 paria
434 2032 79 24 ch?elli
529 2035 38 19 te-

95 2070 103 24 nissimu
207 2071 42 22 chi
258 2076 13 15 a
290 2070 81 20 donna
382 2069 84 27 pisava
491 2072 72 22 pocu,

95 2100 153 27 bicchiiarella
258 2108 81 21 magra
349 2101 58 26 fitfa,
419 2102 61 20 tutta
491 2101 43 21 ira.

125 2139 36 21 Da
173 2136 120 30 quaghiò,i
301 2133 265 31 brugienti,agguarda-

95 2178 66 16 vanu
172 2174 36 19 sta
216 2176 70 17 scena
297 2170 105 27 quandu,
420 2167 81 25 ayanti
524 2166 41 22 chi

95 2213 15 15 u
124 2206 88 27 coppiu
222 2203 114 26 smarissi,
347 2208 47 16 una
405 2202 81 21 donna
503 2200 63 22 anti-

95 2240 64 21 vista
171 2238 14 21 ë
191 2238 76 25 birba,
274 2236 120 28 s’appiccô
402 2234 115 22 anch’ella
525 2239 14 15 a
551 2239 14 16 e

96 2274 58 22 rote,
168 2272 24 21 di
207 2277 13 16 a
237 2276 101 16 mamma
350 2270 24 21 di
387 2268 47 22 San
451 2268 81 21 Petru,
541 2266 24 22 U

95 2311 74 23 porru
191 2306 108 26 purtantu
315 2303 74 25 ténia,
399 2308 40 16 ma
461 2302 71 21 allora
552 2306 14 15 a

95 2345 104 16 mamma
211 2338 25 22 di
244 2337 134 27 l’Apostulu
391 2334 94 26 nadicò,
494 2340 14 15 e
514 2333 52 22 fece

81 2372 5 3 ‘
94 2374 60 20 tanti
174 2371 78 26 sforzi,
265 2376 43 22 per
318 2369 23 22 fà
349 2368 67 26 çascà
426 2368 48 22 issa
485 2367 81 22 donna

95 2406 94 22 chicusì
199 2404 78 23 scutiti
287 2404 6 21 i
303 2402 125 29 penceguli
438 2401 23 22 di
472 2408 15 15 u
492 2406 74 22 porru

95 2442 155 25 strapponu,e
265 2443 13 16 e
289 2437 56 21 duie
356 2435 102 29 peccatri
469 2435 20 21 ci
500 2437 66 19 turn-

95 2479 65 16 nonu
168 2478 12 16 a
194 2471 44 22 falà
251 2476 43 17 una
312 2473 73 18 nantu
396 2469 73 22 l’altra
481 2468 23 21 in
514 2467 51 22 l’in-

96 2505 89 23 fernale
204 2505 111 22 chiostra.

310 2548 95 22 Matteo
414 2545 123 23 Cir-nensi.

124 2593 112 30 {parlaia
248 2594 27 21 di
288 2592 117 28 Custera)

127 2678 20 23 U
166 2681 83 19 nostru
268 2677 74 27 grand
364 2678 69 26 pueta
456 2675 64 22 Paoli
542 2674 24 22 di

95 2711 86 29 Taglio
199 2712 29 20 ha
242 2715 67 23 persu
323 2716 14 15 u
355 2715 27 16 so
395 2709 78 28 primu
491 2708 76 29 figliu-

96 2746 59 21 linu.

124 2777 72 23 Tutt’i
209 2776 81 23 fratelli
303 2776 63 22 corsi
379 2775 17 22 li
411 2775 126 22 mandemu
554 2779 13 16 e

99 2815 82 19 nostre
193 2811 131 28 dugîianze.

121 2902 87 37 Â’miô
212 2900 135 47 figliulm
357 2900 108 36 Rosetla

119 2984 30 21 Oh,
159 2985 70 21 quanlu
235 2983 47 18 bella
289 2982 16 19 si
314 2987 11 13 a
333 2982 38 18 miò
377 2981 82 18 Rosetta.

120 3012 14 18 E
140 3013 70 21 quantu
218 3012 17 18 si
241 3011 66 23 gentile
313 3015 11 13 e
331 3009 87 24 graziosa;

120 3041 17 16 A
145 3041 19 16 to
172 3039 60 23 figura
239 3039 10 18 è
254 3036 186 25 l’immagin’pe'rfetta

119 3067 47 18 D’un
174 3067 91 22 paradisu,
275 3066 18 18 in
299 3065 100 23 ghiurnata
405 3064 76 17 festosa.

121 3105 14 18 E
140 3107 19 17 to
166 3106 62 18 labbre
238 3105 44 18 tinte
289 3105 18 17 di
312 3105 53 17 culor
369 3104 20 18 di
398 3106 41 15 rose

120 3133 20 18 Si
145 3134 118 18 cunfondenu
272 3137 10 13 a
289 3137 11 13 u
310 3132 16 18 si
342 3131 77 22 limpidu
434 3133 67 15 azzuru

120 3161 21 18 Di
149 3160 66 19 l’ocehi
223 3161 34 21 toi,
262 3159 41 23 quai
310 3159 52 22 perle
367 3158 81 23 preziose

120 3186 228 22 Mischiateaucandorpiù
355 3186 67 18 intattu
429 3189 11 13 e
446 3189 54 17 puru.

122 3227 62 21 Sopr’a
193 3231 14 13 u
215 3225 66 23 spunlâ
294 3225 19 17 di
321 3229 12 13 a
347 3224 69 18 Serena
429 3223 72 18 Aurora

122 3254 26 17 Tu
155 3254 17 17 si
179 3254 69 18 benuta
256 3257 10 14 a
275 3257 12 13 u
293 3252 75 21 mondu,
375 3252 49 17 tutta
431 3250 49 18 bella

121 3281 146 21 AmiôRosetta;
278 3285 11 13 u
297 3280 40 18 eelu
348 3279 69 19 tisalvi
432 3282 70 18 ognora

120 3309 15 18 E
143 3309 14 18 li
166 3309 86 23 pruteggi
258 3312 35 14 una
298 3307 65 18 divina
370 3306 59 19 Stella.

121 3348 14 17 E
141 3347 49 18 virtù
200 3352 21 14 eo
229 3347 91 22 t’auguriu
329 3351 10 13 e
345 3351 14 14 u
367 3345 62 19 valore

122 3374 21 18 Di
148 3375 91 21 Giuditta,
245 3374 89 21 Cornelia,
342 3378 14 14 e
363 3373 73 20 d’Enea;

121 3403 16 16 A
145 3402 85 22 furtezza,
237 3407 10 13 a
252 3407 44 18 gran
305 3402 59 18 buntà
369 3401 19 18 di
396 3404 42 14 core

121 3429 15 17 E
141 3434 10 12 a
159 3430 83 18 saviézza
249 3430 19 17 di
277 3430 106 22 Penelopea.

121 3468 26 17 Tu
156 3468 28 18 sia
192 3469 81 17 mudellu
282 3472 10 14 e
300 3468 44 18 bera
353 3466 100 20 imitatrice

122 3496 31 17 D'a
158 3496 53 17 beata
220 3496 77 22 Vergine
305 3496 63 21 Maria;

122 3522 43 17 Cusi
172 3523 47 17 sarai
227 3527 57 18 ognor
291 3523 44 17 lieta
343 3528 12 13 e
363 3523 59 18 felice.

121 3549 68 18 Finchè
196 3550 60 17 bivrai
263 3549 19 18 in
291 3551 54 20 terra,
353 3555 11 13 e
371 3550 39 18 cusi
415 3550 35 17 sia.

235 3587 110 22 Ghjseppe
355 3587 150 19 Giovanneili.

129 3659 80 23 Quelli
224 3658 42 22 chi
283 3664 119 16 ncevenu
414 3658 157 22 A.MUVRA

100 3698 14 15 e
130 3691 75 21 ch’un
225 3691 25 22 si
261 3690 93 22 vòlenu
367 3691 81 21 micca
460 3690 111 26 abbunà,

99 3730 37 15 un
145 3724 71 21 hanu
222 3730 31 15 ca
263 3729 16 15 a
290 3723 119 22 ricusalla
418 3729 17 15 a
442 3723 129 25 upidone.

609 153 32 47 A
665 152 195 46 Ghilormu

732 216 39 45 di
792 230 24 31 a
839 214 198 46 Casanova

706 305 234 32 RISPOSTA

612 382 33 20 Da
654 381 123 21 l’orientale
784 380 86 24 sponde

612 410 66 20 Duve
686 416 15 12 u
709 408 48 20 sole
766 406 142 22 sittembrinu

612 436 144 25 Impatinisce
764 435 22 20 le
793 434 81 20 fronde

611 463 190 21 Dirruchiulendu
809 462 23 20 lu
840 461 66 25 spinu

611 492 63 23 Cusi,
683 491 84 22 subitu,
777 489 105 25 risponde

611 520 19 19 A
638 519 37 20 ziu
684 519 91 22 Ilormu,
785 517 108 21 Mertinu:

611 566 64 21 Gridi
680 573 7 13 :
697 565 36 21 chi
742 564 56 21 fattu
806 564 122 25 averaghiu

611 595 20 19 A
639 594 22 20 la
670 593 76 21 Diccia
755 599 13 13 e
776 592 24 21 lu
809 592 111 20 Destinii?

611 621 118 25 Spiantatu
738 621 14 19 è
760 620 24 20 lu
793 620 45 20 mio
847 618 122 26 pumaghiu

611 649 27 19 In
646 647 119 21 brumbule
773 647 23 20 lu
805 647 103 24 giardinu

612 676 29 20 Di
649 675 77 25 fagioli
735 681 14 13 e
756 674 30 20 di’
792 674 79 20 ranoni

612 703 31 21 Mi
651 703 21 20 si
680 702 103 21 fermanu
791 702 7 20 i
807 702 87 21 bastoni
902 701 6 21 !

612 751 33 20 Lu
654 754 24 16 to
686 751 76 24 lagnu,
771 756 15 14 u
795 750 45 20 mio
848 750 84 20 Ilormu

612 774 18 24 È
639 778 136 21 ericchennu
784 777 23 21 di
815 781 80 17 natura

611 805 62 26 Ogni
682 809 62 19 natu,
752 805 24 20 in
784 805 24 20 lu
816 812 26 13 so
850 812 83 14 scornu

612 834 98 20 Ghimba
718 837 61 17 sottu
787 840 14 13 a
809 833 64 25 Iegge
881 834 56 19 dura

612 861 69 21 S’ellu
689 861 59 21 vode
755 861 82 25 quachi
844 860 97 26 ghiornu

613 890 84 20 Pronta
706 896 57 14 vene
771 889 22 20 la
801 889 96 21 frittura.

612 937 56 20 Cusi
676 936 48 21 fece
732 944 15 13 e
754 938 49 19 eus!
811 937 64 20 volse

613 965 20 20 U
642 965 83 20 Patron
734 964 24 21 di
767 971 15 14 u
791 964 129 21 rè-murtale
926 964 7 20 !

613 993 127 20 Perché?...
751 992 142 26 Diceraghiu,
903 992 68 24 forse,

612 1021 44 20 Per
664 1020 82 21 ch’ellu
754 1020 43 21 cali
806 1027 14 13 u
829 1020 97 21 fruntale

613 1049 44 20 Per
665 1048 37 21 chi
709 1048 77 24 l’omu,
795 1055 66 14 saccu
870 1049 80 23 d’osse,

612 1076 114 21 Ghiunchi
735 1080 60 17 sottu
804 1083 14 13 u
827 1076 119 26 timpurale
953 1077 6 20 !

613 1124 70 21 Femu
692 1131 57 19 puru
758 1124 8 20 i
775 1124 50 20 forti
835 1131 13 13 e
856 1124 48 20 fieri

614 1152 130 26 D’orgogliu
752 1159 13 13 a
774 1153 67 24 crepà
849 1152 24 20 lu
881 1159 58 13 zanu

613 1181 95 20 Sarerhu
716 1186 90 18 sempre
814 1180 83 21 sumeri

614 1208 122 21 Scurdancï
745 1208 22 20 di
775 1208 24 21 lu
807 1208 104 26 Supranu

615 1237 36 19 Ma
661 1236 85 26 quellu,
755 1236 23 20 di
787 1237 92 24 quandu
889 1237 23 19 in
921 1236 100 26 quandu,

599 1282 4 3 .
614 1264 26 20 Ci
650 1264 97 21 arrende
754 1270 14 14 a
777 1264 23 21 lu
809 1270 26 14 so
843 1265 122 20 cumandu.

615 1312 41 21 Stu
665 1313 85 19 mondu
759 1313 62 20 dettu
830 1312 110 20 mudernu

616 1340 41 20 Chi
668 1340 76 25 rinega
753 1340 63 21 Santi
824 1347 13 14 e
845 1340 75 20 Cristu

615 1368 56 21 Vole
679 1368 58 20 andà
745 1372 59 17 tuttu
812 1375 14 13 a
835 1368 106 20 l’Infernu

616 1396 18 20 E
642 1397 83 24 quassù
734 1403 32 13 un
775 1396 67 20 ci’oie
850 1396 121 25 acquistu,-

615 1424 115 20 PerTotre
737 1423 126 26 ingunfiatu
871 1430 14 14 e
892 1424 97 23 tecchiu,

615 1452 39 20 C’è
664 1452 20 20 la
693 1452 48 25 riga
749 1458 13 14 e
771 1452 23 21 lu
803 1452 142 26 spavecchiu.

617 1500 116 25 Agguarda
742 1500 21 20 le
771 1503 76 17 nostre
855 1500 82 23 chiese,

616 1528 27 20 Di
653 1528 61 20 iente
721 1528 27 20 sò
757 1528 60 20 nude
825 1534 13 14 e
846 1528 73 24 biote;

615 1555 11 20 I
635 1556 67 24 corsi,
711 1562 12 13 a
733 1556 68 20 modu
809 1556 110 23 francese,

615 1584 64 20 Vanu
689 1590 14 14 a
710 1590 13 14 a
733 1590 73 14 messa
814 1584 59 20 ind’e
880 1586 102 22 gargotte

614 1611 124 21 Adurendu
747 1612 23 20 lu
780 1611 119 21 bucchiere

614 1639 70 21 Tintu
692 1640 101 24 d’acque’
801 1640 49 24 rigù
859 1646 14 14 e
881 1645 61 14 nere.

616 1687 116 25 Inquant’a
741 1694 14 13 e
763 1691 76 17 nostre
846 1687 104 21 dunzelle

616 1715 56 23 Elle,
681 1719 95 17 sentenu
785 1716 21 20 la
815 1721 74 15 messa

616 1743 98 25 Quandu
722 1743 26 20 li’
756 1747 88 17 rattanu
853 1750 14 13 a
875 1742 58 26 pelle

616 1771 33 20 Lu
658 1771 105 25 rasoghiu
772 1778 14 14 e
793 1772 23 20 la
823 1771 107 21 tundessa

616 1799 18 20 E
642 1805 100 19 preganu
750 1799 24 20 lu
782 1799 97 25 Signore
1003 1817 13 6 _

615 1827 125 21 Susciendu
748 1827 86 25 l’acqua
841 1827 99 20 d’odore.

615 1874 19 21 E
642 1876 57 21 cusi,
708 1875 23 20 lu
740 1881 72 19 pensu
820 1881 14 14 e
841 1874 60 23 dieu,

615 1902 73 21 Stuvu
697 1903 23 20 di
728 1906 100 17 tamantu
837 1902 86 25 sdegnu

616 1931 20 20 U
645 1931 50 20 celu
704 1931 75 24 lampa
787 1931 86 24 castigu

615 1958 19 21 E
641 1958 96 21 fulmina
746 1958 89 26 qualchi
844 1964 72 19 segnu

587 1986 178 18 —L’iniaucente
774 1993 56 16 paga
837 1986 216 18 anchjîüu—J

615 2011 98 25 Quandu
722 2017 66 20 passa
797 2012 23 20 lu
828 2011 101 21 fracellu.

616 2063 35 20 Un
659 2062 77 26 piegni
744 2062 17 21 li
769 2065 24 17 to
800 2062 77 26 fagioli

617 2090 24 20 Li
650 2090 119 25 pomudori
779 2097 12 14 e
800 2094 92 20 carotte,

615 2117 54 26 Qui,
679 2118 135 26 pienghienu
824 2119 6 20 i
840 2118 139 26 vignaghioii

616 2146 85 25 Piegne
708 2146 22 21 lu
739 2146 88 21 torchiu
836 2153 13 14 e
858 2146 21 21 la
888 2146 60 21 botte

616 2174 33 20 Da
659 2174 74 21 Bastia
742 2181 13 13 a
764 2174 140 21 Casabianda

616 2198 17 25 È
642 2203 95 20 diccetta
746 2202 36 20 chi
792 2202 42 21 Diu
844 2202 89 21 manda.

615 2250 72 24 Senti,
698 2256 40 19 per
746 2250 75 20 l’annu
831 2250 37 20 chi
878 2257 64 14 vene.

616 2278 89 21 Inseme
713 2278 61 21 femu
783 2279 6 19 i
799 2279 93 24 travagli

617 2307 150 23 Pianteremu,
777 2313 13 13 a
799 2312 55 15 cuve
863 2307 73 24 piene,

617 2334 25 20 Li
651 2333 103 27 piveroni
763 2334 28 21 cù
801 2334 48 25 l’agi
852 2334 7 20 i

616 2362 34 20 Cù
659 2362 74 25 l’agliu
744 2367 12 15 e
765 2361 22 21 lu
797 2362 108 25 piverone

616 2389 39 22 C’è
664 2390 28 20 da
702 2389 52 21 fassi
764 2396 30 14 un
804 2390 99 20 milione.

618 2437 131 27 L’agliacciu
759 2444 30 14 un
799 2442 58 17 terne
865 2438 103 26 timpesta

617 2465 61 22 Sfida
687 2472 74 18 seccu,
769 2473 14 13 e
790 2466 139 25 grandinale,

616 2494 84 21 Trenia
709 2494 82 25 cinque
799 2494 50 21 solli
858 2501 13 13 a
881 2498 55 17 testa

618 2522 59 21 Eccu
686 2522 66 25 oghie
760 2522 124 25 quant’ellu
894 2523 60 21 valeî

617 2550 124 21 Mustremu
750 2550 29 20 ad
788 2549 135 21 Ahianinchi

618 2577 43 22 Chi
671 2578 73 25 l’agiiu
754 2578 83 21 allarda
846 2578 16 20 H
871 2578 110 22 schinchi.

618 2624 44 20 Per
670 2623 47 24 fini,
726 2629 54 14 caru
789 2623 83 21 Ilormu

619 2652 137 20 Pruveremu
764 2657 58 15 ancu
831 2658 14 13 u
856 2651 82 25 fagiolu

617 2679 43 20 Chi
670 2679 22 20 lu
703 2678 51 25 palu
762 2679 33 20 sia
804 2679 84 20 d’armu

617 2706 102 26 Tagliatu
728 2706 55 21 indu
794 2707 140 25 Petraghiolu

618 2734 25 21 In
652 2734 92 26 quant’a
753 2734 160 26 l’appinzatura

618 2762 75 21 Credu
703 2762 22 20 di
734 2761 53 22 falla
796 2763 73 20 sicura
876 2762 6 20 !

618 2810 72 26 Eppò,
699 2810 28 20 da
735 2810 22 20 la
766 2814 76 17 nostra
851 2814 70 22 parte.

618 2838 69 21 Mette
695 2838 76 25 vogliu
780 2839 24 20 lii
812 2838 97 26 Signore

617 2867 21 19 A
645 2866 61 21 Fede
713 2872 82 19 supera
803 2867 64 20 Parte
911 2882 7 3 -

619 2894 58 20 D’un
685 2894 95 25 iscogliu
789 2894 73 21 caccia
872 2901 30 14 un
911 2894 66 25 fiore;

619 2922 19 20 U
647 2922 56 21 vivu
710 2923 75 24 spazzi
793 2923 24 19 lu
825 2926 83 21 mortu,

619 2950 126 20 Benediscu
753 2950 24 20 lu
785 2954 24 17 to
817 2954 51 17 ortu
873 2951 7 20 !

740 2992 112 22 Martinu
863 2992 175 27 Appinzapalu

615 3035 24 19 10
644 3036 101 19 sittembre
754 3035 53 20 1926.

747 3107 168 20 COMPAGNIE

628 3138 37 26 'de
677 3137 87 27 Chemins
775 3138 24 26 de
807 3138 30 26 fer
844 3138 173 31 Départementaux

704 3186 90 24 RÉSEAU
804 3192 30 18 DE
843 3192 32 18 LA
884 3192 73 18 CORSE

779 3232 2 2 .
783 3222 23 11 /T

791 3240 32 20 A.
822 3239 50 21 vis

614 3284 128 20 Ouverture
749 3284 30 20 de
787 3284 26 21 la
819 3291 60 19 gare
885 3284 31 21 de
922 3285 126 21 Padulella

764 3321 33 15 au
808 3316 87 20 service

713 3345 31 19 de
751 3345 25 20 la
781 3347 74 23 petite
862 3346 83 20 vitesse

616 3400 27 17 La
649 3398 113 22 Compagnie
772 3400 25 17 de
807 3399 87 18 Chemins
908 3400 23 18 de
944 3400 31 18 1er
982 3400 86 22 Départe-

595 3425 89 17 mentaux
702 3428 12 13 a
728 3423 99 19 rhonnenr
840 3424 109 18 d’informer
967 3425 20 17 le
1002 3424 67 18 Publie

595 3449 68 22 qu’elle
676 3448 53 18 vient
737 3448 23 17 de
772 3449 103 17 soumettre
882 3448 12 18 à
901 3448 133 23 l’approbation
1043 3450 26 17 de

595 3474 24 17 M.
628 3474 19 17 le
653 3473 87 18 Ministre
747 3473 34 18 des
788 3473 86 18 Travaux
881 3473 76 18 Publics
961 3478 39 14 mie
1004 3478 66 18 propo-

596 3498 56 18 sition
656 3498 58 22 ayant
720 3502 48 17 pour
776 3498 51 22 objet
834 3498 23 17 de
864 3497 49 18 fixer
917 3502 26 14 au
947 3498 84 18 Premier
1036 3498 34 18 Oc-

596 3523 52 18 tobre
651 3522 47 18 1926
703 3523 114 18 l’ouverture
822 3523 23 17 de
850 3523 20 18 la
874 3527 45 17 gare
926 3523 24 18 de
957 3523 113 18 PADULEL-

595 3548 31 18 LA
633 3552 24 13 au
666 3547 73 18 service
746 3548 25 17 de
778 3548 20 18 la
805 3547 61 19 Petite
876 3547 81 22 Vitesse,
966 3549 21 17 et
993 3548 12 17 à
1011 3548 60 22 appli-

596 3577 46 17 quer
649 3577 39 13 aux
690 3572 139 19 marchandises
834 3570 98 24 expédiées
939 3573 47 17 dans
991 3577 31 13 ces
1027 3577 44 13 con-

596 3598 75 21 ditions,
677 3598 25 17 de
708 3601 26 13 ou
742 3601 47 17 pour
793 3597 20 19 la
818 3602 44 18 gare
868 3596 89 23 précitée,
966 3598 29 17 les
999 3597 42 22 prix
1045 3597 26 17 fi-

596 3622 33 19 xés
634 3627 36 18 par
681 3622 29 18 les
717 3621 55 19 tarifs
780 3627 24 13 en
810 3622 81 22 vigueur
899 3626 34 13 sur
944 3623 19 17 le
971 3622 65 18 réseau
1045 3622 25 18 de

596 3648 18 17 la
622 3647 57 18 Corse
693 3647 20 18 et
726 3646 81 19 calculés
820 3645 72 23 d’après
899 3646 29 18 les
936 3646 94 19 distances
1036 3646 35 23 qui

596 3676 78 17 servent
681 3674 132 18 actuellement
824 3675 25 17 de
856 3674 45 17 base
914 3678 38 13 aux
959 3674 70 18 calculs
1035 3674 35 17 des

597 3701 104 20 transports
710 3704 22 13 en
740 3699 73 18 Grande
821 3699 79 17 Vitesse.

758 3729 71 21 Bastia,
839 3728 16 18 le
863 3728 26 18 25
898 3728 103 23 Septembre
1011 3728 58 18 1926.

1086 134 105 20 Giurnali
1198 133 67 19 Corsi

1158 180 127 47 Les
1318 171 313 53 Incidents
1668 166 80 47 de
1780 165 210 46 Bastia

1110 275 43 20 Les
1166 273 113 21 incidents
1287 273 27 20 de
1322 269 76 23 Bastia
1407 274 28 13 ne
1447 267 114 37 sauraient

1084 308 78 19 passer
1176 301 120 25 inaperçus
1309 296 84 25 malgré
1407 300 44 19 que
1458 293 8 20 l
1475 299 29 13 on
1514 292 47 19 doi-

1084 336 29 13 ve
1120 329 57 20 faire
1183 328 21 20 la
1211 332 50 21 part
1268 322 184 26 d’inexactitudes
1459 324 23 16 et
1487 320 15 20 d
1510 325 51 14 exa-

1083 356 116 25 gérations
1204 362 46 18 que
1254 358 49 18 tout
1310 352 134 22 évènement
1451 347 82 26 auquel
1539 347 21 19 la

1084 384 61 20 foule
1154 386 36 17 est
1197 383 80 24 mêlée,
1286 381 122 24 comporte.

1110 411 63 20 Dans
1182 413 65 17 notre
1255 409 71 27 partie
1334 403 137 24 occidentale
1479 402 28 21 de
1516 402 8 20 1
1531 402 30 20 île

1084 439 30 20 où
1123 444 59 15 nous
1196 439 93 19 n’avons
1297 437 23 20 ni
1328 436 33 19 les
1375 433 89 31 mêmes,
1472 430 89 20 raisons

1084 466 133 20 d'attirance
1231 466 24 20 ni
1268 466 32 20 les
1312 463 85 21 mêmes
1411 458 76 22 motifs
1499 458 15 19 d
1523 463 38 19 ap-

1084 493 145 26 préhension,
1243 494 30 19 où
1282 497 56 16 nous
1345 494 107 17 sommes,
1460 493 30 13 en
1498 485 64 25 quel-

1084 528 45 19 que
1137 524 62 18 sorte
1212 520 116 21 soustraits
1340 518 13 19 à
1362 519 63 17 toute
1438 513 121 23 nervosité,

1084 550 30 20 du
1120 549 66 25 point
1191 548 29 20 de
1226 555 43 14 vue
1274 548 28 20 de
1306 547 22 20 la
1333 545 101 21 fameuse
1439 549 12 12 «
1456 540 104 27 question

1084 577 133 23 italienne»,
1230 581 58 15 nous
1296 579 57 15 nous
1366 576 108 17 trouvons
1484 569 77 21 mieux

1085 605 75 24 placés
1174 610 59 19 pour
1238 604 67 25 juger
1312 602 30 20 de
1349 601 22 20 la
1379 598 116 26 légitimité
1503 597 29 20 de
1539 596 22 20 la

1084 632 74 21 colère
1167 632 70 20 d'une
1244 630 61 21 foule
1312 628 113 22 bastiaîse.

1109 660 42 20 J’ai
1160 660 24 20 lu
1193 658 170 22 attentivément
1368 666 27 5 —
1399 658 22 17 et
1430 653 49 21 celà
1486 658 29 14 en
1524 657 38 14 va-

1084 688 39 20 lait
1128 688 21 20 la
1154 688 69 25 peine
1229 696 26 4 —
1260 685 33 21 les
1301 681 193 27 comptes-rendus
1500 683 24 17 et
1528 679 33 20 les

1084 715 173 22 commentaires
1263 713 28 20 de
1296 713 22 20 la
1323 718 79 19 presse
1407 710 28 21 de
1441 713 64 17 notre
1510 710 52 23 port

1084 743 140 25 tyrrhénien.
1227 742 29 20 Je
1261 741 43 21 n’ai
1309 739 81 21 trouvé
1394 744 45 20 que
1445 738 56 20 dans
1507 735 55 21 Vob-

1084 774 121 18 sérvateur
1208 769 114 22 l’incident
1328 766 96 22 Bonelli.
1429 765 93 25 D’après
1527 766 35 17 cet

1085 806 84 19 organe
1177 802 67 17 notre
1250 796 114 25 distingué
1377 793 146 26 compatriote
1530 791 31 21 M.

1085 827 93 21 Bonelli-
1186 827 127 20 Procureur
1325 824 29 20 de
1364 824 23 20 la
1400 821 140 27 République
1548 820 14 19 à

1086 856 71 21 Rabat
1169 862 26 14 se
1203 853 69 21 serait
1284 859 28 13 vu
1322 851 106 21 arracher
1439 856 42 14 son
1489 848 73 21 ruban

1084 884 29 20 de
1120 884 23 20 la
1157 882 84 26 Légion
1250 880 127 21 d'honneur
1388 885 41 19 par
1437 884 31 14 un
1476 881 87 21 groupe

1085 912 28 20 de
1121 912 112 20 fascistes.
1247 908 56 21 Mais
1311 907 47 21 où?
1370 907 19 20 A
1398 905 90 22 Bastia?
1499 904 20 20 A
1528 903 35 21 Li-

1086 939 101 21 vourne?
1190 939 21 20 A
1217 935 85 23 Rabat?
1305 936 38 20 On
1349 942 30 14 ne
1385 940 58 15 nous
1448 933 21 21 le
1475 932 33 21 dit
1513 938 48 19 pas.

1085 968 28 20 Je
1120 966 96 22 connais
1225 972 30 14 un
1266 971 43 18 peu
1317 963 31 21 M.
1358 962 95 22 Bonelli.
1462 961 62 21 C’est
1531 966 31 14 un

1085 996 71 24 grand
1165 998 23 17 et
1195 993 72 22 solide
1274 991 95 26 gaillard
1381 990 39 26 qui
1429 989 80 21 n’aime
1518 993 46 19 que

1087 1024 32 19 les
1127 1022 156 26 plaisanteries
1291 1020 29 20 île
1328 1026 43 14 son
1379 1019 62 27 goût,
1447 1016 74 25 effort
1528 1022 36 14 or-

1085 1052 80 24 ganisé
1173 1057 59 18 pour
1237 1049 56 20 faire
1301 1054 78 19 passer
1386 1048 14 19 à
1406 1053 31 13 un
1445 1050 119 20 agresseur

1087 1080 21 19 le
1115 1080 56 24 goût
1179 1078 31 20 du
1219 1077 105 21 fascisme
1331 1073 147 27 intempestif.

1112 1107 57 20 Mais
1178 1106 23 20 ni
1216 1102 199 24 Bastia-Journal
1424 1101 25 21 ni
1456 1101 23 20 le
1491 1098 73 23 Petit-

1087 1134 105 22 Bastiais
1199 1140 30 14 ne
1237 1133 49 22 font
1294 1131 96 21 allusion
1399 1131 14 20 à
1421 1132 36 18 cet
1463 1127 101 22 incident

1087 1163 48 25 qui,
1141 1162 140 24 celui-là,me
1287 1158 193 27 paraîtrait,alors,
1486 1155 78 21 devoir

1087 1192 22 19 le
1115 1191 76 20 mieux
1196 1195 94 16 excuser
1294 1188 21 21 la
1321 1188 74 21 colère
1404 1185 110 22 bastiaise.
1520 1184 45 20 No-

1087 1223 34 17 tre
1129 1218 105 21 confrère
1241 1217 173 21 XObservateur
1424 1213 73 22 aurait
1504 1212 61 20 donc

1088 1248 35 19 été
1131 1246 46 21 mal
1186 1245 105 21 informé.

1113 1275 78 25 Quant
1196 1280 45 14 aux
1246 1272 110 22 incidents
1362 1271 29 21 dé
1400 1270 112 21 Livourne
1518 1267 47 21 voi-

1089 1303 27 22 ci,
1127 1309 59 14 nous
1195 1304 143 18 assure-t-on,
1347 1300 91 20 l’exacte
1447 1296 79 22 vérité.

1114 1331 31 20 Le
1155 1330 55 25 jour
1222 1330 31 20 du
1266 1328 78 26 départ
1356 1328 31 19 du
1400 1326 107 21 Liamohe
1519 1323 46 26 (Li-

1089 1357 181 26 vourne-Bastia)
1283 1357 111 21 Livourne
1406 1353 112 27 pavoîsée,
1533 1352 32 20 fê-

1088 1387 47 22 tait,
1150 1393 30 13 en
1194 1386 114 22 chômant,
1322 1384 126 20 l’heureuse
1460 1381 63 20 issue
1536 1380 29 20 de

1088 1415 109 20 l’attentat
1205 1417 79 17 contre
1292 1410 125 23 Mussolini.
1423 1409 69 21 Selon
1498 1408 67 21 l’usa-

1088 1446 34 22 gé,
1141 1443 35 20 les
1194 1442 91 20 navires
1302 1440 79 21 ancrés
1399 1438 57 21 dans
1473 1437 23 21 le
1512 1439 53 23 port

1088 1470 98 24 avaient,
1199 1473 59 21 tous,
1272 1474 52 17 sans
1332 1466 54 27 qu’il
1398 1466 22 21 le
1427 1466 50 20 léur
1484 1464 36 21 fut
1526 1470 39 14 en-

1086 1499 67 25 joint,
1159 1502 23 17 et
1190 1498 64 20 selon
1262 1498 34 21 les
1303 1496 73 25 règles
1381 1494 29 21 de
1414 1494 22 20 la
1445 1492 120 22 courtoisie

1088 1525 182 23 internationale,
1283 1524 61 22 hissé
1351 1523 22 21 le
1380 1522 99 26 drapeau
1486 1520 77 21 italien

1088 1555 39 25 qui
1136 1554 64 20 flotta
1206 1560 30 14 en
1242 1554 72 20 même
1319 1556 74 21 temps
1398 1557 46 19 que
1449 1548 116 26 s’éployait

1088 1583 13 19 à
1107 1582 107 23 l’arrière,
1220 1587 88 15 comme
1312 1580 30 20 de
1348 1578 112 24 coùtume,
1466 1578 23 20 le
1494 1576 71 26 pavil-

1088 1610 38 20 lon
1136 1610 109 21 national.
1375 1626 3 3 .
1389 1628 4 3 .
1417 1614 9 13 >

1113 1638 80 20 Aucun
1202 1641 64 17 autre
1273 1636 101 23 incident
1381 1635 61 20 n’eut
1446 1633 52 23 lieu,
1505 1638 59 16 nous

1087 1669 145 18 assure-t-on.
1253 1670 4 8 ;

1112 1694 19 20 A
1138 1694 77 20 Bastia
1221 1694 34 20 les
1260 1693 80 21 choses
1344 1691 88 21 fussent
1436 1690 69 20 allées
1510 1694 54 15 sans

1087 1722 96 23 trouble,
1197 1725 24 17 et
1233 1721 22 21 la
1267 1719 165 23 manifestation
1445 1719 120 25 purement

1087 1750 134 25 platonique
1224 1749 116 25 organisée
1344 1754 41 19 par
1392 1746 110 26 quelques
1514 1749 50 21 trop

1087 1778 60 20 zélés
1160 1777 124 25 gallicîstes
1299 1777 55 20 dont
1370 1774 127 22 l’intention
1510 1772 55 22 était

1087 1806 29 20 de
1124 1806 114 25 répondre
1245 1812 41 20 par
1293 1806 41 20 des
1344 1804 127 20 murmurés
1484 1802 80 20 locaux

1087 1840 45 14 aux
1139 1834 68 21 excès
1220 1833 147 26 sporadiques
1378 1835 24 17 et
1414 1829 151 27 négligeables

1087 1862 29 20 de
1120 1862 113 25 quelques
1238 1861 100 21 fascistes
1343 1858 160 25 anti-français,
1509 1857 56 21 chez

1087 1896 51 18 eux,
1143 1890 62 21 n’eût
1213 1890 37 21 été
1255 1890 84 25 qu'une
1346 1888 81 25 simple
1434 1885 130 28 procession

1087 1918 106 21 tricolore
1198 1918 21 20 si
1224 1918 31 21 M.
1261 1917 88 22 Màrlier
1354 1915 82 23 n’avait
1440 1921 41 15 cru
1485 1914 80 23 devoir

1088 1946 117 21 mobiliser
1213 1946 158 25 exagérément
1381 1945 40 20 des
1428 1943 73 22 forces
1509 1942 56 26 poli-

1088 1974 78 24 cières,
1174 1978 22 16 et
1204 1975 48 20 cela
1260 1980 40 15 sur
1303 1974 35 20 les
1342 1972 138 23 indications
1487 1971 29 21 de
1521 1977 43 14 son

1088 1999 136 27 sous-préfet
1231 2000 30 21 de
1269 2000 82 21 Bastia.

1111 2028 18 20 Il
1139 2028 51 21 n’en
1199 2028 50 21 faut
1256 2035 42 19 pas
1304 2028 52 26 plus
1364 2034 59 19 pour
1429 2026 58 21 faire
1497 2026 67 25 dégé-

1089 2057 67 20 nérer
1164 2056 22 21 le
1194 2057 53 25 plus
1265 2055 112 27 pacifique
1392 2055 40 21 des
1446 2060 119 16 monomes

1088 2090 29 14 en
1125 2084 175 21 manifestation.

1112 2113 20 19 A
1140 2112 72 25 partir
1216 2112 30 21 de
1253 2119 28 14 ce
1288 2115 101 18 moment
1396 2111 124 26 l’agitation
1527 2111 37 20 de-

1089 2140 62 22 vient
1157 2141 119 21 maîtresse
1284 2141 28 20 de
1322 2144 61 20 tous,
1387 2141 38 21 Jes
1433 2140 52 26 plus
1497 2145 67 19 sages

1085 2169 100 25 perdent
1192 2169 52 20 leur
1252 2169 63 25 grain
1328 2168 29 21 de
1374 2169 34 20 sél
1423 2171 24 17 et
1462 2168 34 20 les
1513 2167 51 25 plus

1088 2196 53 21 fous
1148 2203 27 14 se
1183 2197 163 21 transforment
1352 2203 31 14 en
1395 2197 104 20 démons.

1114 2224 32 22 M.
1154 2225 24 20 le
1184 2224 85 22 Consul
1283 2225 84 20 d’Italie
1373 2224 80 21 arbora
1466 2229 37 15 ses
1511 2230 54 14 cou-

1089 2253 69 20 leurs.
1166 2252 80 22 C’était
1253 2260 41 13 son
1306 2253 61 20 droit
1374 2253 86 20 absolu.
1469 2251 63 21 C’est
1538 2258 26 14 sa

1089 2280 66 25 façon
1164 2281 15 20 à
1187 2281 32 20 lui
1228 2281 28 21 de
1263 2288 26 14 se
1302 2281 91 21 couvrir
1401 2284 23 17 et
1430 2280 30 21 de
1476 2286 25 14 se
1511 2280 54 25 pla-

1090 2315 38 14 cer
1135 2310 55 19 sòus
1194 2309 24 21 la
1226 2308 123 26 protection
1355 2309 30 20 de
1391 2315 42 14 son
1443 2314 62 20 pays.
1516 2308 49 21 L'o-

1091 2337 70 25 bliger
1169 2338 14 19 à
1191 2344 15 18 y
1215 2337 90 25 joindre
1312 2337 23 20 lé
1350 2337 100 24 drapeau
1465 2335 100 25 français

1090 2368 35 17 est
1133 2371 46 14 une
1187 2365 108 25 exigence
1307 2366 14 20 à
1339 2364 96 26 laquelle
1451 2364 22 20 le
1490 2365 75 25 repré-

1091 2396 91 17 sentant
1189 2393 70 21 d’une
1267 2393 77 21 nation
1352 2393 118 25 étrangère
1479 2399 29 13 ne
1514 2398 51 15 sau-

1091 2420 43 20 rait
1141 2427 27 14 se
1173 2425 123 17 soumettre
1304 2427 55 15 sans
1377 2427 26 14 se
1415 2420 121 22 diminuer.
1546 2420 19 20 Il

1090 2455 29 14 en
1128 2455 67 19 passa
1204 2450 83 24 parla;
1301 2452 49 18 tant
1362 2449 37 25 pis
1416 2455 57 19 pour
1489 2448 41 21 lui.
1545 2448 20 21 Il

1091 2477 83 20 n’avait
1185 2484 41 18 pas
1236 2478 23 20 le
1274 2478 99 25 drapeàu
1388 2476 99 25 français
1494 2483 7 18 ;
1511 2476 55 21 c’est

1090 2511 43 14 son
1141 2505 61 21 droit
1210 2505 68 22 aussi.
1289 2505 36 21 Un
1333 2504 103 22 consulat
1444 2507 35 18 est
1487 2511 32 14 un
1525 2504 41 21 ilôt

1091 2539 53 14 sous
1152 2533 23 20 la
1188 2535 124 23 protection
1321 2534 31 19 du
1361 2539 57 20 pays
1430 2532 55 26 qu’il
1490 2533 76 25 repré-

1091 2565 71 16 sente.
1173 2561 61 21 C'est
1247 2569 29 13 un
1286 2561 111 21 territoire
1412 2562 112 24 étranger,
1532 2560 34 21 in-

1092 2589 102 20 violable.
1216 2590 29 20 Le
1262 2589 83 22 Consul
1367 2589 86 21 d'ïtaüe
1482 2588 83 21 n’avait

1091 2617 58 20 donc
1158 2623 41 19 pas
1209 2618 28 20 de
1245 2618 97 25 drapeau
1348 2617 106 24 français.
1459 2617 17 20 I!
1485 2623 28 14 en
1520 2623 45 14 em-

1091 2649 83 20 prunta
1200 2652 31 14 un
1249 2652 43 15 aux
1313 2645 180 21 manifestants...
1511 2645 54 21 Cela

1091 2674 97 24 suggère
1193 2674 21 20 la
1226 2673 99 21 fameuse
1334 2673 135 25 apostrophe
1477 2673 28 20 de
1525 2673 41 20 Bo-

1092 2705 93 20 naparte
1211 2708 54 14 sous
1279 2702 33 20 les
1329 2701 97 21 fenêtres
1444 2701 29 21 du
1491 2701 76 21 Palais

1092 2728 69 26 Royal
1171 2736 28 14 en
1210 2734 82 21 voyant
1301 2729 68 21 Louis
1383 2730 48 20 XVI
1447 2729 78 21 coiffer
1536 2729 30 21 de

1092 2757 43 20 mal
1152 2758 72 26 gré,le
1238 2758 83 21 bonnet
1334 2757 117 26 phrygien.
1464 2757 37 21 On
1512 2763 55 15 con-

1091 2789 48 20 naît
1150 2788 24 20 le
1186 2790 48 17 mot
1251 2792 39 14 cru
1306 2791 45 19 que
1369 2786 126 22 Bonaparte
1512 2785 55 21 bou-

1091 2822 76 20 gonna
1176 2816 13 19 à
1197 2813 113 27 plusieurs
1322 2814 98 25 reprises
1432 2815 15 19 à
1458 2813 109 21 l’adresse

1091 2845 30 20 du
1130 2843 147 21 malheureux
1290 2842 79 25 Capet.
1407 2851 7 4 -

1116 2872 43 21 Les
1183 2870 91 21 voiliers
1292 2870 89 20 italiens
1397 2869 40 27 qui
1451 2876 26 14 se
1490 2869 78 21 balan-

1092 2900 74 25 çaient
1174 2899 58 21 dans
1245 2898 21 21 le
1274 2901 59 22 port,
1341 2898 82 21 durent
1427 2904 56 14 sous
1490 2897 22 21 la
1522 2903 45 15 me-

1092 2934 56 15 nace
1169 2927 29 20 de
1220 2927 21 21 la
1259 2926 68 24 foule,
1341 2926 75 21 hisser
1430 2926 24 20 le
1466 2925 100 25 drapeau

1091 2955 107 25 français.
1208 2954 31 21 Ils
1246 2954 23 21 le
1281 2953 74 25 firent,
1365 2954 81 23 dit-on,
1459 2953 29 21 de
1503 2960 65 14 mau-

1092 2984 62 21 vaise
1161 2983 75 25 grâce.
1246 2982 28 20 Et
1288 2982 110 26 pourquoi
1413 2982 33 20 les
1458 2988 16 18 y
1488 2985 78 17 eut-on

1091 3011 126 21 contraints
1226 3010 12 21 ?

1116 3040 53 24 Que
1188 3038 47 20 l’on
1249 3037 74 25 oblige
1337 3044 32 14 un
1385 3037 126 24 industriel,
1535 3043 32 15 un

1092 3069 161 22 commerçant,
1269 3072 45 14 une
1321 3066 91 21 Société
1423 3065 145 25 quelconque

1091 3096 14 19 à
1118 3095 104 23 arborer,
1233 3100 30 14 en
1278 3093 71 25 pareil
1363 3099 47 16 cas,
1425 3093 24 20 le
1467 3092 100 25 drapeau

1091 3122 99 25 français
1194 3128 59 19 pour
1258 3121 34 21 les
1300 3121 86 25 obliger
1393 3122 16 19 à
1416 3120 55 21 faire
1480 3124 51 17 acte
1538 3120 30 21 de

1092 3150 120 26 loyalisme
1218 3149 34 21 vis
1260 3150 14 19 à
1287 3149 33 21 vis
1329 3149 53 21 d’un
1385 3155 59 19 pays
1459 3149 31 20 où
1497 3148 30 20 ils
1534 3148 35 21 vi-

1092 3181 61 20 vent,
1159 3177 59 21 dont
1228 3177 29 20 ils
1265 3176 84 25 vivent,
1356 3176 25 25 je
1386 3176 104 21 l’admets
1495 3183 8 17 ;
1509 3176 59 21 mais

1092 3212 31 14 un
1132 3205 90 23 bateau,
1232 3204 74 21 même
1312 3203 91 26 lorqu’il
1412 3205 35 19 est
1458 3203 24 21 là
1490 3210 29 14 en
1535 3203 34 21 af-

1092 3232 76 23 faires,
1175 3235 36 17 est
1217 3239 32 13 un
1256 3232 99 23 visiteur,
1365 3232 17 19 il
1390 3238 16 14 a
1411 3231 23 20 le
1441 3230 59 21 droit
1507 3231 30 20 de
1541 3238 27 14 se

1093 3260 110 21 réclamer
1211 3260 41 20 des
1259 3260 43 20 lois
1306 3260 34 20 les
1347 3259 52 25 plus
1412 3258 156 21 élémentaires

1092 3288 29 21 de
1128 3287 152 25 l’hospitalité.
1293 3288 37 20 On
1342 3294 32 14 ne
1380 3286 47 21 doit
1441 3292 41 19 pas
1496 3286 73 21 l’obli-

1092 3323 41 19 ger
1140 3316 14 20 à
1162 3315 58 21 faire
1228 3322 26 14 ce
1262 3314 53 26 qu’il
1325 3321 30 14 ne
1363 3317 55 18 veut
1428 3320 42 20 pas
1482 3314 87 21 hormis

1092 3344 130 21 d’observer
1231 3343 33 21 les
1277 3343 44 20 lois
1333 3341 129 23 maritimes,
1481 3342 33 20 les
1535 3343 35 20 rè-

1093 3371 112 25 glements
1213 3370 28 20 de
1249 3370 22 21 là
1283 3369 74 27 police
1366 3368 41 21 des
1415 3372 71 22 ports.

1118 3398 79 24 Quant
1205 3404 30 14 au
1243 3398 81 20 bateau
1333 3396 87 25 anglais
1427 3396 40 25 qui
1474 3400 95 21 sponta-

1093 3426 94 20 nément
1201 3425 82 21 arbora
1304 3430 43 15 nos
1371 3424 112 23 couleurs,
1510 3428 59 17 cette

1094 3452 143 25 spontanéité
1252 3451 123 23 ressemble
1381 3451 85 20 d’assez
1482 3452 53 24 près
1555 3453 14 20 à

1094 3479 97 21 certains
1213 3479 149 27 impromptus
1371 3485 7 17 ;
1384 3479 14 20 à
1420 3478 74 21 moins
1524 3486 45 18 que

1094 3507 108 25 l’Anglais
1211 3507 53 21 n’ait
1269 3507 60 22 hissé
1341 3509 68 17 notre
1415 3506 108 25 pavillon,
1539 3514 30 13 en

1095 3534 125 21 entendant
1232 3535 22 20 le
1265 3532 117 24 brouhaha
1388 3538 83 16 venant
1485 3534 29 20 de
1527 3538 44 17 ter-

1095 3569 32 16 re,
1136 3568 54 14 sans
1204 3563 76 20 savoir
1293 3560 121 27 pourquoi,
1429 3567 91 15 comme
1534 3565 36 17 cet

1095 3593 64 17 autre
1176 3589 76 21 faisait
1271 3590 55 21 tirer
1340 3588 22 20 le
1376 3594 73 14 canon
1465 3588 62 20 dans-
1547 3590 23 20 le

1096 3616 68 21 vieux
1178 3617 92 24 portée
1282 3615 112 22 Marseille
1409 3622 27 14 en
1448 3620 122 20 percevant

1096 3650 45 14 une
1152 3650 95 15 rumeur
1261 3643 89 22 insolite
1367 3643 40 25 qui
1423 3643 104 21 s’élevait
1540 3644 30 20 de

1096 3672 21 20 la
1125 3671 142 21 Cannebière
1270 3671 86 24 d’après
1360 3676 31 14 un
1400 3670 57 20 récit
1462 3670 40 25 qui
1512 3677 58 15 nous

1096 3702 34 17 est
1136 3698 68 20 laissé
1213 3705 41 18 par
1260 3698 131 21 Emmanuel
1403 3698 82 20 Arène.

1121 3726 195 20 Résumons-nous
1330 3728 22 16 et
1365 3725 72 21 tirons
1451 3724 119 22 réflexions

1585 263 29 20 de
1619 268 38 14 ces
1667 264 81 23 gestes,
1761 266 29 14 au
1800 264 53 14 sens
1866 262 64 15 corse
1943 257 29 18 de
1988 257 8 17 1
2003 259 55 14 inci-

1585 290 62 23 dent,
1654 292 24 17 et
1691 288 56 21 dans
1755 287 21 20 la
1796 291 89 15 mesure
1897 284 30 20 où
1936 283 46 20 l'on
1992 287 65 20 pour-

1586 317 43 21 rait
1636 324 15 18 y
1659 316 77 25 puiser
1744 320 45 15 une
1797 311 118 23 évocation
1923 311 29 20 de
1961 312 56 19 cette
2026 308 32 21 fa-

1586 351 78 14 meuse
1680 343 103 26 question
1809 340 107 21 italienne
1932 345 29 14 en
1978 337 77 22 Corse,

1586 372 104 26 question
1699 371 39 25 qui
1746 369 50 21 finit
1804 375 41 19 par
1853 366 96 22 devenir
1956 365 102 21 irritante

1586 407 45 14 non
1649 399 63 26 point
1729 397 124 21 seulement
1870 402 40 18 par
1923 394 132 21 elle-meme,

1586 427 56 21 mais
1656 426 61 21 aussi
1731 429 23 17 et
1764 427 89 19 surtout
1864 429 40 20 par
1920 422 84 24 l’usage
2012 426 45 19 que

1586 456 44 20 l’on
1644 461 29 14 en
1688 454 46 22 fait,
1749 453 92 25 parfois,
1857 451 82 25 auprès
1955 450 40 20 des
2003 455 55 19 pou-

1587 483 61 21 voirs
1655 482 96 26 publics.
1765 480 134 21 N’insistons
1908 485 47 20 pas.

1611 510 44 22 Nul
1664 516 29 15 ne
1702 513 53 22 peut
1762 509 49 20 dire
1818 508 99 24 :Ilya
1929 513 31 14 ou
1976 504 25 21 il
2007 504 52 24 n’y

1586 543 21 16 a
1618 542 58 21 pas
1685 544 45 15 une
1737 537 105 26 question
1850 535 108 21 italienne
1965 539 30 15 en
2003 532 55 20 Cor-

1586 573 32 15 se.
1629 567 31 20 Le
1667 569 74 22 temps
1748 565 49 21 seul
1806 570 58 15 nous
1877 563 22 20 le
1912 562 56 21 dira.
1979 560 79 21 L’Ave-

1587 595 36 20 nir
1631 595 43 20 !....

1611 622 33 20 Ce
1652 628 45 18 que
1706 627 57 14 nous
1771 624 103 21 pouvons
1885 618 47 20 être
1940 614 118 23 unanimes

1586 650 13 20 à
1607 649 109 23 déclarer,
1733 654 25 14 se
1773 648 72 20 borne
1851 649 49 17 tout
1915 643 144 26 simplement

1586 678 14 20 à
1608 677 48 21 ceci
1663 684 6 13 :
1679 676 86 20 Nous
1772 678 39 17 ne
1819 672 137 22 désirons
1962 670 96 21 nulle-

1586 704 83 22 ment
1677 707 57 22 que
1741 703 33 20 la
1785 701 139 27 question
1940 703 34 17 se
1987 701 71 22 pose

1583 732 124 26 jamais.
1728 731 54 21 Celà
1798 730 109 26 équivaut
1923 735 14 14 a
1953 727 105 25 indiquer

1587 763 123 19 nettement
1719 763 63 17 notre
1790 759 47 20 état
1844 756 91 26 d’esprit
1947 759 23 17 et
1978 756 13 20 à
2000 760 58 16 nous

1586 789 126 26 proclamer
1731 786 206 22 irréductiblement
1953 782 104 26 français.

1612 816 83 26 Quand
1706 816 25 26 je
1737 816 36 20 dis
1781 821 46 19 que
1843 814 40 20 nul
1897 820 30 14 ne
1934 816 55 22 peut
2000 810 59 21 affir-

1587 852 49 14 mer
1652 844 62 26 qu’il
1728 848 22 21 y
1766 848 21 16 a
1800 849 30 15 ou
1846 842 50 24 n’y
1912 845 21 16 a
1948 843 58 22 pas
2013 837 45 22 une
2062 837 4 5 1

1587 873 106 26 question
1709 872 106 21 italienne
1829 877 28 14 en
1874 870 78 22 Corse,
1969 867 47 21 celà
2029 872 30 14 ne

1588 905 54 17 veut
1654 907 41 20 pas
1703 900 89 21 exclure
1808 898 54 27 qu’il
1870 905 15 18 y
1901 897 32 21 ait
1940 902 45 15 une
1993 900 66 20 ques-

1587 930 49 20 tion
1645 935 66 15 corse
1722 935 29 14 en
1760 928 71 21 Italie.
1846 926 84 21 Contre
1938 924 48 21 celà
2000 928 58 16 nous

1588 964 29 14 ne
1624 963 104 20 pouvons
1735 956 125 24 rien,-nous
1872 960 29 14 ne
1908 957 112 22 pourrons
2025 950 35 26 ja-

1588 985 58 21 mais
1654 985 57 21 rien.
1727 984 45 21 Car
1779 982 101 26 lorsqu’il
1887 981 78 26 plaira,
1983 986 29 14 ou
2021 985 38 20 pa-

1588 1014 68 20 raîtra
1663 1016 141 22 avantageux
1811 1012 15 20 à
1842 1011 21 20 la
1873 1010 84 20 France
1964 1008 30 20 de
2001 1012 58 16 nous

1588 1041 67 21 céder
1662 1042 15 20 à
1684 1040 81 22 l'Italie
1772 1040 22 20 la
1803 1039 85 21 France
1903 1044 30 14 ne
1941 1042 59 15 nous
2007 1041 53 15 con-

1588 1070 85 20 sultera
1681 1075 48 19 pas,
1747 1074 46 14 non
1801 1067 52 25 plus
1860 1072 45 20 que
1913 1064 79 22 l’Italie
1999 1062 61 21 d’ail-

1588 1097 133 21 leurs.Nous
1729 1101 120 21 passerons
1856 1094 29 21 de
1892 1094 62 20 l’une
1961 1093 14 20 à
1983 1092 77 20 l’autre

1588 1131 89 16 comme
1681 1131 46 14 une
1730 1123 162 22 muscade.Nos
1896 1121 45 21 cris
1946 1121 37 25 n’y
1986 1119 75 21 feront

1589 1154 48 20 rien
1646 1160 8 18 ;
1670 1159 42 15 nos
1720 1158 104 15 menaces
1832 1158 31 14 on
1871 1150 33 21 les
1912 1148 116 24 étouffera,
2038 1150 23 18 et

1588 1185 51 17 tout
1646 1184 99 18 rentrera
1753 1180 56 21 dans
1816 1178 107 22 l’ordre...
1932 1176 129 22 méditerra-

1588 1211 67 20 néen.

1614 1238 19 21 II
1642 1240 35 19 est
1684 1237 53 21 d'un
1745 1236 97 22 sublime
1850 1234 94 23 ridicule
1951 1233 30 21 de
1988 1232 59 22 crier
2052 1238 8 15 :

1589 1266 63 21 Nous
1659 1272 31 14 ne
1696 1265 95 21 voulons
1796 1270 41 20 pas
1844 1263 48 21 être
1899 1262 90 21 italiens
1995 1261 6 21 !
2004 1259 56 22 Vive

1589 1295 21 20 la
1619 1294 93 24 France,
1720 1292 103 26 toujours
1831 1295 23 18 et
1861 1290 76 26 quand
1946 1289 73 21 même
2028 1288 7 22 !

1614 1322 18 20 II
1649 1322 51 21 n’en
1717 1325 34 17 est
1766 1320 45 21 fort
1827 1319 173 21 heureusement
2019 1322 42 21 pas

1588 1350 105 25 question
1700 1356 7 18 ;
1716 1348 56 22 mais
1780 1348 34 21 les
1822 1347 62 21 seuls
1890 1348 14 20 à
1913 1346 39 26 qui
1960 1346 23 20 le
1993 1345 68 21 silen-

1589 1385 27 14 ce
1631 1377 153 26 s’imposerait,
1802 1383 30 14 en
1840 1374 70 27 pareil
1918 1374 74 23 débat,
2007 1374 54 20 c’est

1589 1413 66 14 nous.

1614 1434 19 21 II
1642 1440 30 15 ne
1679 1433 140 26 manquerait
1833 1432 51 26 plus
1900 1437 46 20 que
1953 1430 49 21 celà
2015 1436 45 19 que

1589 1469 59 14 nous
1655 1462 105 21 dussions
1776 1460 129 22 manifester
1912 1466 59 19 pour
1980 1458 81 26 garder

1590 1494 65 17 notre
1662 1490 131 21 nationalité
1799 1490 6 21 !
1823 1489 60 21 C’est
1889 1488 23 21 la
1920 1488 85 21 France
2015 1493 46 19 que

1589 1519 48 20 celà
1645 1518 93 25 regarde
1746 1522 23 16 et
1776 1524 46 14 non
1831 1523 41 20 pas
1880 1522 66 15 nous.

1614 1547 32 20 La
1654 1546 166 21 manifestation
1829 1545 105 21 bastiaise
1951 1546 29 18 én
1993 1542 31 22 fin
2032 1543 29 21 de

1588 1578 90 22 compte
1685 1575 82 20 suscite
1776 1574 22 20 le
1805 1573 106 21 dilemme
1919 1572 90 22 suivant
2014 1578 8 14 :

1614 1603 43 21 Les
1673 1602 112 21 incidents
1798 1602 29 21 de
1844 1601 113 21 Livourne
1971 1599 90 22 sont-ils

1588 1631 102 21 inexacts
1696 1631 14 21 ?
1725 1631 62 20 Dans
1794 1637 27 14 ce
1829 1636 39 15 cas
1875 1630 34 21 les
1917 1628 95 23 Bastiàis
2020 1631 41 18 ont

1589 1666 28 14 eu
1628 1662 53 18 tort.
1701 1680 4 2 .
1827 1678 9 4 ,
2055 1670 8 7 '

1614 1687 43 21 Les
1674 1687 111 21 incidents
1801 1687 30 21 de
1847 1687 113 21 Livourne
1972 1684 89 22 sont-ils

1588 1719 76 17 exacts
1670 1715 7 21 !
1686 1716 66 20 Alors
1757 1716 55 21 c’est
1819 1715 56 26 qu’il
1881 1715 35 21 est
1923 1714 88 22 inexact
2015 1720 46 19 que

1588 1743 79 21 I’Italie
1672 1744 103 21 convoite
1779 1744 22 21 la
1810 1744 81 24 Corse;
1899 1750 39 14 car
1943 1741 117 23 Mussolini

1589 1776 35 17 est
1630 1779 64 14 assez
1702 1772 62 21 avisé
1771 1779 59 18 pour
1837 1771 111 26 prescrire
1956 1772 13 20 à
1977 1777 37 14 ses
2022 1777 39 14 na-

1588 1800 94 21 tionaux
1689 1800 34 21 les
1735 1800 107 21 attitudes
1849 1800 34 21 les
1890 1799 51 26 plus
1955 1798 105 23 amicales

1588 1830 14 19 à
1611 1829 83 25 l’égard
1702 1829 52 21 d’un
1763 1835 55 19 pays
1832 1828 56 21 dont
1898 1828 16 21 il
1922 1834 13 15 a
1945 1827 78 22 besoin
2032 1827 28 21 de

1589 1864 26 14 se
1622 1857 109 21 concilier
1737 1857 22 21 la
1767 1856 131 26 population
1907 1863 58 19 pour
1971 1862 38 15 ses
2014 1855 47 22 fins

1589 1885 164 26 impérialistes.
1762 1885 28 21 Et
1797 1886 35 20 s’il
1836 1889 36 17 est
1879 1885 88 21 inexact
1974 1891 46 19 que
2026 1884 35 21 l’I-

1589 1914 54 20 talie
1650 1914 104 21 convoite
1761 1914 22 21 la
1792 1920 72 17 corse,
1872 1914 60 21 alors
1947 1912 113 27 pourquoi

1588 1945 51 17 tout
1646 1948 27 14 ce
1680 1941 90 22 foin?.-.

1614 1970 58 21 Mais
1683 1977 31 14 on
1722 1971 43 20 sait
1781 1977 45 19 que
1835 1970 28 20 de
1878 1973 52 18 tous
1937 1973 73 22 temps
2021 1969 16 21 il
2046 1976 14 19 y

1589 1999 39 19 eût
1635 1999 29 19 de
1669 1999 51 24 plus
1728 1999 90 20 ardents
1824 1998 117 26 royalistes
1949 2004 46 19 que
1999 1998 22 20 le
2026 1997 34 21 roi

1589 2025 123 22 lui-même.

1831 2063 77 21 Jean
1919 2062 116 22 3AEAKX

1613 2104 46 25 (La
1667 2104 109 23 Nouvelle
1786 2105 79 26 Corse)

1645 2204 35 31 A
1705 2204 232 32 MINICALE

1614 2286 22 21 O
1645 2286 81 22 Minicà
1734 2288 26 20 sò
1771 2287 23 21 in
1804 2291 113 17 turmentu

1614 2316 28 22 Ci
1651 2318 53 20 vuol
1713 2318 127 25 chespanni
1849 2319 23 20 lu
1882 2318 111 24 miôcore,

1614 2347 63 22 Saltu
1687 2355 65 19 sopra
1761 2356 12 13 a
1783 2349 22 21 lu
1815 2354 125 16 struraentu

1615 2379 28 20 Di
1652 2386 64 14 muse
1728 2385 209 20 accumpagnatore,

1616 2410 102 26 Rivengu
1728 2418 11 13 a
1749 2411 62 25 parlà
1819 2411 24 20 di
1851 2411 74 25 quelta

1615 2441 116 21 Prelebata
1742 2442 145 21 merendella.

1614 2494 30 21 Sè
1653 2494 54 22 fieru
1717 2501 64 15 cume
1790 2502 30 14 un
1832 2496 72 24 leone,

1616 2525 41 21 Hai
1666 2532 55 15 voce
1729 2526 51 21 d’un
1791 2526 134 26 russignolu,

1615 2557 20 20 A
1644 2556 83 21 furesta
1735 2557 102 21 d’Aitone

1615 2586 31 21 Se
1654 2587 45 21 t’un
1709 2588 20 20 ci
1738 2588 19 21 si
1766 2589 13 20 è
1787 2594 90 20 sempre
1885 2589 23 20 in
1917 2589 61 21 dolu.

1615 2618 170 22 Terribilmente
1797 2619 68 21 îelosa

1616 2648 28 21 Di
1647 2653 89 17 ventera
1745 2650 20 20 la
1774 2654 23 17 to
1806 2656 74 20 sposa.

1616 2702 31 20 Fà
1655 2702 42 21 des
1705 2703 124 24 infidélités

1616 2733 19 20 A
1644 2733 52 20 s’età
1706 2740 30 14 un
1747 2734 13 19 è
1768 2740 120 18 permessa,

1616 2763 114 21 Serebenu
1738 2764 102 21 lâchetés

1617 2794 28 20 Di
1654 2793 22 22 fà
1685 2793 61 22 finita
1755 2795 82 21 d'andà
1845 2802 13 14 a
1867 2801 72 16 messa

1617 2824 44 21 Per
1669 2825 68 21 adurà
1747 2826 21 20 le
1776 2826 91 25 signore

1617 2854 18 22 E
1643 2856 126 21 scruchiatu
1778 2856 22 21 fà
1809 2857 98 21 l’amore.

1618 2908 142 22 L’amicaccia
1769 2910 102 24 Pauiina,

1617 2940 76 21 T’avia
1700 2940 95 21 sichiatu
1805 2941 23 21 in
1838 2942 82 21 l'ochiu
1928 2942 13 21 ?

1618 2970 33 21 Ha
1659 2971 62 20 dettu
1731 2971 36 21 chi
1775 2972 99 21 trescino

1618 3001 39 20 Poi
1668 3008 7 14 :
1685 3008 10 10 «
1705 3002 102 20 Minicale
1815 3009 14 14 e
1841 3010 30 13 un
1881 3003 115 22 incrochiu

1618 3032 18 20 E
1645 3038 31 14 un
1685 3032 15 20 !i
1710 3032 69 21 riesce
1788 3033 39 25 più

1618 3062 28 21 Di
1654 3062 128 26 lampammi
1792 3070 12 13 a
1813 3070 70 19 corpu
1891 3065 35 20 sù.
1936 3070 11 11 »

1617 3116 19 20 A
1646 3122 65 15 mene
1720 3116 30 21 mi
1759 3118 97 20 scuserai

1617 3146 45 21 S’iò
1671 3147 104 21 cumbatu
1784 3154 27 14 su
1820 3152 75 20 cantu,

1617 3176 69 22 Certu
1695 3184 31 14 un
1734 3178 31 20 mi
1778 3184 29 14 ne
1815 3179 85 20 vulerai

1617 3207 81 25 Speru,
1708 3214 13 14 e
1729 3208 67 21 credu
1805 3215 81 15 mancu
1895 3213 70 17 tantu.

1619 3238 42 21 Per
1670 3239 37 20 mè
1716 3243 61 21 porta
1789 3240 53 24 ogni
1850 3240 102 25 stagîone

1618 3268 37 21 Un
1663 3275 86 19 genaru
1757 3268 23 22 3i
1788 3276 108 16 canzone.

1617 3322 129 25 S’aghin-da
1752 3324 68 20 cantà
1830 3324 98 23 l’amore,

1617 3352 107 21 Ganteria
1732 3354 29 24 pè
1768 3354 23 19 le
1798 3354 75 20 zitelle

1618 3382 112 25 S’apreria
1736 3384 25 19 lu
1769 3384 46 20 mio
1823 3391 54 14 core

1618 3412 68 21 S'elle
1694 3414 27 19 sò
1728 3413 102 25 grazîose
1838 3421 14 13 e
1859 3415 59 20 belle
1935 3430 6 3 -

1618 3443 37 19 Ma
1663 3449 32 14 un
1704 3444 68 24 possù
1781 3444 88 24 picchià
1876 3445 100 23 l’entrata

1619 3473 74 20 D’una
1700 3473 75 21 donna
1787 3475 103 22 maritata
1899 3477 6 20 !

1620 3526 98 20 Un’altra
1727 3526 60 21 volta
1796 3527 20 21 si
1825 3535 14 13 a
1847 3535 56 15 voce

1617 3555 34 21 Mi
1658 3555 80 22 rivene
1745 3563 14 14 a
1766 3556 58 22 l’usu
1833 3559 84 24 anticu,

1619 3586 137 22 Canteremu
1764 3594 70 15 zenza
1842 3596 65 18 noce,

1619 3616 23 20 O
1649 3616 83 22 Minicà
1739 3617 24 21 lu
1771 3619 46 20 miò
1825 3620 82 21 amicu.

1619 3646 27 20 In
1654 3647 54 25 pien
1716 3648 47 20 erîa
1770 3655 14 14 a
1792 3656 77 14 mezzu
1878 3651 85 20 mondu

1619 3677 137 25 A’prossîma
1763 3679 18 20 ti
1791 3681 106 20 secondu.

1758 3727 83 20 L’Orsu
1852 3729 114 20 d’Orezza.

2132 107 307 53 PARTENZA

2105 187 91 19 Ohimela!
2204 188 20 18 la
2229 192 32 14 me
2269 189 56 20 sorte,

2104 216 36 18 Per
2147 220 30 13 me
2185 219 46 14 sona
2237 215 20 18 la
2264 217 92 21 partanza,

2104 244 81 17 Dumane
2194 242 25 18 mi
2228 243 51 18 tocca
2286 248 11 12 a
2305 245 51 20 parte

2104 271 26 18 Lu
2138 271 42 18 côre
2188 275 55 13 senza
2251 271 90 22 spiranza,

2105 298 27 19 Oh
2135 298 5 18 !
2149 298 30 18 chi
2187 298 65 18 vulete
2260 298 35 18 che
2303 299 46 18 fecci

2104 326 35 18 Mai
2146 331 26 13 un
2180 326 56 22 aghiu
2245 327 59 17 avutu
2312 328 84 20 scianza?

2104 366 36 17 Per
2146 365 53 18 cantà
2206 365 21 17 lu
2235 368 32 14 me
2274 365 71 22 dulore,

2104 392 34 19 Chi
2145 393 18 17 la
2169 396 30 14 me
2206 396 47 14 voce
2261 397 26 13 un
2295 393 16 17 si
2318 394 76 24 stancia,

2104 420 68 19 Ch’ella
2179 420 29 18 sia
2216 424 74 18 sempre
2297 422 71 18 croscia

2104 448 22 18 Di
2133 448 76 23 lagrime
2217 448 19 17 la
2244 452 31 13 me
2282 450 77 20 guancia

2105 476 34 19 Chi
2145 476 79 18 dumane
2232 476 65 22 s’ogna
2304 478 58 21 parte,

2079 512 7 4 -
2105 504 36 18 Oh!
2151 504 25 18 mi
2184 504 51 17 tocca
2243 508 12 13 a
2263 505 52 20 parte
2322 504 20 18 in
2350 505 82 23 Francia!

2104 544 29 18 Mà
2141 548 11 13 a
2157 544 30 17 vo’
2191 543 45 18 tutti
2244 544 30 16 sta
2279 548 47 17 sera,

2105 571 45 19 Diue
2157 571 20 18 vi
2185 571 65 22 vogliu
2258 571 92 22 qualcosa,

2105 598 37 19 Oh!
2151 599 20 18 lu
2179 598 33 23 più
2220 598 32 18 chi
2261 599 26 17 mi
2294 599 81 22 dispiaee

2105 622 14 22 È
2125 626 20 18 di
2152 626 56 18 lascià
2215 626 20 18 la
2242 630 31 14 me
2281 631 61 17 sposa,

2105 654 22 18 Di
2132 654 20 18 la
2159 654 114 18 Cursichella
2281 655 51 21 sa'na,

2105 682 44 18 EU’è
2156 682 18 18 la
2181 682 33 22 più
2222 682 50 17 bella
2280 686 48 15 rosa.

2104 721 60 19 Addiu
2171 721 11 18 ò
2190 721 19 18 la
2217 725 31 14 me
2256 721 77 23 Angela,

2105 750 60 18 Addiu
2173 750 11 18 ò
2192 750 31 17 bel
2230 749 38 18 fior
2273 751 69 21 amatu,

2105 778 68 22 Veng’a
2179 777 77 18 canlatti
2261 778 30 17 sta
2295 782 48 18 sera,

2106 806 27 19 Lu
2140 805 93 19 m’ultimu
2242 805 86 23 sirinalu,

2105 833 72 19 Ohimè!
2190 834 77 22 quandu
2274 833 18 18 ci
2299 838 66 18 pensu,

2104 861 25 19 Mi
2137 862 37 22 par’
2178 862 20 18 di
2205 861 74 19 divintà
2285 863 59 18 mattu
2348 863 5 18 !

2105 901 66 19 Prestu
2178 901 57 18 finira
2240 901 21 18 lu
2270 902 61 21 cantu,

2105 930 45 18 Près
2151 930 20 18 tu
2178 929 57 18 finirù
2241 929 22 18 lu
2270 930 47 21 risu,

2105 957 26 19 Ne
2140 957 96 23 spariranu
2243 958 87 21 dumane,

2105 986 21 18 In
2133 990 25 14 eu
2166 986 22 18 lu
2195 986 21 18 tò
2223 986 54 18 dolce
2285 986 49 21 visu,

2105 1014 18 18 A
2129 1018 31 14 me
2167 1013 27 19 mi
2201 1018 44 18 pare
2252 1014 21 17 di
2279 1015 65 21 perde,

2106 1042 25 19 La
2135 1046 31 14 me
2170 1042 62 22 piazza
2238 1042 21 18 in
2267 1042 88 19 Paradisu
2359 1042 5 19 !

2106 1082 69 18 Perché
2182 1081 16 19 ti
2203 1082 20 18 la
2230 1081 44 18 dieu
2281 1081 69 23 franea,

2107 1110 15 19 0
2129 1110 135 23 Bel’Anghielu
2271 1110 86 22 d’amore,

2107 1138 26 23 Ej’
2139 1139 55 17 t’amu
2202 1138 34 23 piu
2242 1138 36 18 che
2285 1138 72 22 l’Iddiu,

2107 1167 14 18 E
2129 1166 14 19 ti
2150 1166 56 24 jurgu
2211 1167 13 17 ò
2228 1166 51 18 bellu
2285 1166 54 22 fiore,

2106 1195 49 18 Pocu
2162 1194 36 19 m’è
2203 1195 23 17 lu
2233 1194 95 23 Paradisu,

2107 1223 23 18 Se
2137 1228 40 13 nun
2183 1223 58 23 aghiu
2244 1223 23 18 lu
2273 1223 20 18 tò
2301 1223 51 18 côre!

2107 1262 76 22 Quandu
2191 1262 43 19 sarò
2242 1263 31 18 sul
2281 1262 85 24 baltellu,

2107 1291 54 19 Ch’in
2167 1291 77 19 Francia
2247 1291 82 20 m’hù.da
2336 1293 85 23 purtane,

2107 1320 61 19 Tristu
2176 1320 49 18 tutta
2231 1319 20 19 la
2258 1320 80 21 nuttata,

2107 1349 15 18 0
2128 1348 70 24 Angela
2204 1347 67 23 vogliu
2278 1348 60 22 stane,

2106 1376 50 24 Eppô
2163 1380 73 19 sempre
2243 1380 13 14 a
2263 1376 42 21 te’.ò
2312 1381 48 17 cara,

2106 1405 70 23 Angela
2182 1404 66 23 vogliu
2255 1404 85 23 pinsanel

2106 1445 61 18 Addiu
2173 1445 13 18 ò
2190 1445 18 18 18
2215 1449 31 14 me
2254 1445 76 22 Angela,

2106 1473 61 18 Addiu
2173 1473 13 18 Ò
2194 1473 22 18 tu
2223 1472 53 19 bellu
2282 1472 54 23 fiore,

2107 1501 35 19 Mai
2150 1506 26 14 un
2183 1501 27 18 mi
2217 1501 66 23 vogliu
2290 1502 97 22 scurdane,

2107 1529 23 19 Di
2135 1530 21 18 lu
2161 1531 66 17 nostru
2233 1534 45 14 caru
2286 1534 68 18 amore,

2108 1558 14 18 E
2129 1560 21 17 tu
2156 1558 38 19 mai
2201 1563 27 14 un
2234 1558 16 19 ti
2257 1558 96 23 scurdane,

2108 1585 73 20 Ch’ell’è
2188 1591 45 14 meu
2239 1586 23 19 lu
2268 1587 20 18 tò
2295 1587 50 18 côrë.

2107 1626 60 18 Addiu
2174 1627 12 17 ò
2194 1626 87 19 brunetta
2287 1631 49 18 cara,

2107 1654 81 20 Dumane
2194 1655 28 18 mi
2229 1655 45 18 n’hò
2280 1655 96 22 d’andane,

2106 1683 30 18 Mà
2140 1683 21 18 di
2167 1684 53 18 stane
2228 1687 75 19 sempre
2309 1683 75 23 aliegra,
2422 1693 6 3 -

2107 1711 34 23 Eju
2146 1711 17 19 ti
2169 1711 65 24 vogliu
2241 1712 84 22 prigane,

2107 1739 53 19 Ch’in
2164 1740 63 23 Parigi
2232 1740 34 23 piu
2271 1740 45 18 d’un
2323 1745 57 17 annu,

2107 1767 15 19 0
2129 1768 56 23 Bella,
2193 1773 27 14 un
2228 1768 19 19 ci
2253 1768 58 23 aghiu
2316 1769 26 17 da
2346 1769 52 18 stane
2403 1768 5 19 i

2107 1808 15 19 E
2127 1809 74 22 quandu
2208 1808 22 19 in
2235 1809 22 17 lu
2263 1813 31 14 me
2301 1808 97 23 Chidazzu,

2107 1836 34 24 Eju
2148 1841 25 14 ne
2180 1837 146 23 riturnaraghiu,

2107 1865 55 18 Tutta
2168 1865 72 19 vistuta
2246 1865 22 18 di
2275 1866 73 21 bianeu,

2107 1894 21 18 In
2136 1894 62 18 chiesa
2203 1894 15 18 ti
2226 1894 129 23 purtaraghiu,-

2107 1922 15 18 E
2128 1923 58 18 tandu
2192 1922 21 19 lu
2218 1922 33 23 più
2260 1922 60 22 felice,

2106 1950 23 18 Di
2136 1951 22 17 lu
2164 1951 70 18 mondu
2238 1955 26 14 ne
2269 1950 95 23 saraghiu!

2107 1990 15 18 E
2128 1991 75 21 quandu
2210 1991 20 18 la
2237 1991 58 17 nostr’
2301 1990 74 21 unione,
2509 2004 2 2 .

2107 2018 94 19 Celebrata
2207 2019 113 21 n’avaremu,
2325 2019 6 5 '

2091 2062 4 4 .
2107 2046 35 19 Yai
2148 2051 49 18 puru
2203 2047 52 19 chin
2263 2047 67 23 Parigi,

2106 2075 35 19 Noi
2145 2080 39 14 nun
2189 2076 18 18 ci
2211 2076 128 18 n’andaremu.

2108 2104 19 18 în
2134 2104 20 18 lu
2162 2105 65 17 nostru
2236 2104 20 18 lu
2266 2108 60 18 paese.

2107 2132 20 19 In
2135 2136 43 19 pace
2185 2132 17 19 ci
2209 2137 24 13 ne
2241 2134 81 17 staremu
2326 2132 5 18 !

2085 2174 108 20 Marcelin
2199 2175 131 19 Aîessaudri
2338 2175 23 19 di
2369 2174 115 20 Chidazzo.

2108 2211 92 24 Chidazzo,
2209 2212 28 19 29
2245 2213 67 23 Agostu
2321 2212 53 19 1926

2083 2299 185 51 mm
2297 2301 53 49 m
2377 2297 153 53 CÔKSIU

2109 2390 133 24 Bocognano
2252 2401 22 4 —
2282 2391 60 19 Morte
2348 2391 21 18 di
2377 2396 13 13 u
2398 2390 41 24 sgiò
2447 2389 50 20 Baud.

2108 2427 76 19 Bastia
2192 2437 22 4 —
2222 2428 103 19 Abbracciu
2333 2428 20 18 di
2363 2426 121 20 madamicella
2491 2424 38 19 Lima-

2086 2453 38 18 rola
2132 2454 71 20 Amata,
2212 2457 23 15 eu
2244 2459 14 12 u
2267 2454 41 23 sgiò
2315 2453 68 19 Lanata
2390 2451 103 21 Dumenicu.

2108 2493 22 4 —
2139 2484 14 19 U
2169 2484 41 23 sgiô
2217 2485 86 23 Agostini
2311 2484 61 19 d’anni
2382 2483 22 19 70
2420 2483 10 19 è
2433 2492 3 3 -
2442 2483 46 18 statn
2494 2479 36 19 firito

2086 2510 43 17 d’un
2138 2510 52 22 colpu
2198 2510 20 17 di
2227 2510 102 18 rivolvaru.

2109 2545 91 20 Cambia
2217 2546 26 19 St
2258 2546 97 19 Laurent
2372 2556 22 4 —
2410 2543 93 21 Abbraccin
2517 2539 14 18 <ü

2087 2571 43 19 MHa
2142 2572 93 23 Santiaggi
2249 2571 48 24 Li!y,
2311 2576 23 15 eu
2348 2577 12 14 u
2369 2571 42 24 sgiò
2419 2568 77 21 Vincenti
2503 2566 28 18 Vin-

2086 2599 47 16 cent.

2110 2633 62 20 Calvi
2181 2643 22 5 —
2210 2633 103 20 Abbracciu
2331 2634 19 18 di
2363 2634 45 19 Mlla
2422 2631 51 20 Flacb
2487 2627 44 21 Maria,

2087 2663 23 14 eu
2119 2664 11 14 u
2139 2660 41 23 sgiô
2188 2659 99 19 Rosentha!
2296 2660 85 18 Albertu.

2110 2696 92 18 Ghisoni
2211 2705 23 4 —
2241 2696 60 18 Morte
2308 2696 20 18 di
2345 2701 12 14 u
2366 2695 41 24 sgiô
2415 2693 58 20 Ottavi
2480 2687 52 23 Sav&fi'

2088 2725 32 14 nu.

2111 2757 124 19 Calenzana
2243 2767 24 4 —
2275 2758 116 18 Matrimoniu
2405 2757 21 18 di
2435 2755 40 19 Mlla
2482 2751 49 19 Coiom-

2088 2782 42 19 bani
2138 2783 78 23 Agnula,
2226 2788 23 13 eu
2261 2788 11 13 u
2280 2783 42 24 sgiô
2330 2782 84 20 Pandolfi
2422 2780 88 22 Ghîseppu-

2111 2819 140 19 Îsola-Rossa
2260 2829 22 5 —
2290 2820 58 19 Morte
2363 2820 21 18 di
2399 2824 14 14 u
2421 2817 41 25 9giô
2470 2810 61 27 Agoatini

2089 2845 55 18 Pelru
2152 2844 114 20 Ghiuvanni.

2110 2881 67 19 Lama
2185 2891 22 4 —
2215 2881 59 20 Morte
2281 2882 21 18 di
2310 2887 12 14 u
2331 2882 83 23 giovanu
2422 2877 62 22 Astolfi
2495 2874 29 18 Da»
2523 2874 8 13 0

2087 2907 62 19 d’auni
2159 2907 27 19 13.

2111 2942 89 20 Olivese
2208 2953 23 4 —
2239 2944 59 18 Morte
2304 2944 19 18 di
2332 2948 13 14 u
2353 2944 42 22 sgiô
2412 2938 77 22 Leonetti
2546 2941 5 19 ;

2088 2973 30 13 ne.

2111 3008 21 4 —
2140 2998 101 19 Abbracciu
2256 2999 19 18 di
2292 2999 42 19 Mlia
2349 2996 114 22 Fornacciari
2473 2986 57 29 Ag»*

2089 3023 55 19 Maria
2152 3029 22 13 eu
2183 3028 13 14 u
2204 3023 42 24 sgiô
2254 3024 39 19 Poli
2303 3024 111 19 Ghiacumu.

2112 3059 63 19 Olmo
2184 3069 22 4 —
2214 3060 59 19 Morte
2281 3061 19 18 di
2309 3066 12 14 u
2338 3061 42 24 sgiô
2391 3056 77 22 Mariotti
2475 3049 49 25 Ma^
2523 3050 9 14 8

2088 3085 63 18 d’anni
2158 3084 28 19 97.

2111 3120 211 21 Orto-—Matrimoniu
2335 3122 20 18 di
2366 3119 45 21 Mlla
2418 3117 81 21 Boni&ey
2502 3109 28 21 SU®

2089 3151 24 14 ne
2120 3151 24 14 eu
2152 3152 13 13 u
2172 3147 41 23 sgiô
2221 3147 70 18 Bartoli
2303 3143 184 23 Antone-Dumenicu.

2111 3186 22 5 —
2148 3177 42 18 Mlla
2211 3177 96 19 Geronimi
2328 3178 106 23 Georgetta,
2451 3178 21 14 en
2486 3175 11 13 n
2507 3168 22 19 «P

2089 3202 84 19 Bianconi
2181 3202 75 19 Bartoli.

2111 3241 21 5 —
2141 3233 43 18 Mlla
2191 3233 77 19 Santoni
2276 3239 24 13 eu
2308 3239 12 13 u
2329 3234 42 23 sgiô
2381 3231 74 20 Bartoli,
2461 3225 52 22 Deziu-
2527 3249 5 12 ^

2111 3272 22 4 —
2140 3263 43 19 Mlla
2191 3264 68 19 Bartoli
2265 3264 56 19 Maria
2329 3269 23 14 eu
2359 3269 13 13 u
2381 3263 41 24 sgiô
2432 3255 74 25 Santoni,
2510 3251 22 19 Sa-

2090 3288 69 19 batore.

2112 3328 21 5 —
2141 3319 42 18 Mlla
2196 3320 78 19 Santoni
2289 3320 99 19 Rosalinda
2394 3323 25 15 eu
2427 3322 12 14 u
2448 3313 36 25 sgiô

2090 3344 20 18 ni
2117 3344 50 19 Tittu
2176 3345 60 23 Luigi.
2533 3357 5 4 .

2112 3384 22 4 —
2148 3375 42 18 Mlla
2197 3374 77 20 Santoni
2290 3375 71 19 Natalia
2377 3379 22 14 eu
2415 3378 12 14 n
2434 3370 40 24 sgiô
2480 3363 36 23 Sant
2516 3363 18 16 00

2090 3398 77 19 Marinu.

2113 3434 97 19 Piazzoli
2218 3445 23 4 —
2249 3436 102 19 Abbraeeiu
2359 3436 21 18 di
2390 3435 43 19 Mlla

2090 3459 15 18 li
2113 3460 65 18 Orsula
2185 3464 24 14 eu
2217 3465 14 13 u
2239 3461 41 23 sgiô
2287 3462 52 18 Paoli
2347 3458 106 21 Ghiuvanni
2460 3453 41 20 Tu®
2500 3453 16 14 05
2526 3456 5 5 '

2112 3495 125 20 Piedicorte
2245 3497 26 18 di
2278 3497 88 23 Gaggîo
2375 3506 23 4 —
2405 3494 58 20 Morte
2470 3489 20 19 di

2091 3525 30 14 ma
2128 3520 62 19 Ottavi
2197 3521 65 22 Maria,
2271 3522 62 19 d’anni
2341 3521 29 20 30.

2507 3540 28 16 pcpl

2114 3556 136 23 Spehmcata
2257 3567 24 4 —
2287 3557 119 19 Matrimoniu
2420 3555 21 18 di

2091 3581 90 19 Nucenzia
2188 3586 23 14 eu
2220 3588 14 13 u
2241 3583 42 23 sgiô
2289 3583 46 23 Papi
2342 3581 102 20 Dumenicu
2451 3575 48 21 Andr

2113 3617 141 20 Venzolasca
2261 3628 23 4 —
2291 3619 59 18 Morte
2356 3618 23 18 di
2390 3622 15 14 u
2413 3601 112 33 Canonien^

2091 3642 129 23 rardi-curatu,
2229 3644 64 18 d’anni
2301 3643 29 19 78.
2459 3649 6 4 -
2508 3658 5 5 .

2113 3681 23 4 —
2143 3672 58 19 Morte
2209 3674 21 17 di
2237 3679 14 12 u
2259 3674 42 23 sgiô
2306 3673 86 20 Raifaelli
2399 3669 58 21 Felici
2532 3684 5 4 .

2115 3706 95 21 Verdese
2225 3718 22 4 —
2263 3710 101 18 Abbracciu
2381 3709 19 18 di
2417 3706 42 19 Mlia
2472 3700 27 19 G®

2092 3730 57 20 Maria
2156 3737 22 13 eu
2187 3737 12 14 u
2208 3734 41 22 sgiô
2259 3734 57 19 Ponte
2324 3734 74 18 Eoeiiin.
