2616 3926
184 592 61 31 Un
263 592 128 37 Sogmì

10 681 27 16 Per
43 671 45 21 vede
93 669 18 18 la
119 666 37 18 miò
163 666 74 21 dileüa,

8 687 100 31 Liosu,un
119 691 80 24 ghiornu
215 690 61 22 andai,

10 727 64 19 K’n’ana
79 717 167 22 campagn’amena,

10 747 85 26 Suletta,Ia
100 741 103 21 rineuntrai
211 746 5 17 ;

9 772 67 27 riporsi
83 771 19 17 la
110 768 61 17 destra
180 771 57 13 manu

10 805 11 19 E
28 798 33 22 cnsl
69 797 19 17 la
95 792 68 21 salutal
168 797 7 12 :

24 848 28 21 Chi
60 847 21 16 tu
89 843 28 19 sia
124 841 18 18 la
148 840 37 18 ben
193 840 82 20 truvata,

10 877 53 20 pegnu
70 875 11 13 e
87 866 86 25 preziosu
181 865 58 18 fiore.

9 896 110 26 'Tidian’pace
127 895 10 14 e
143 891 62 18 salute

10 930 18 15 T,a
33 922 86 20 Madonna
134 921 11 13 e
160 916 22 17 lu
190 915 86 24 Signore,

12 949 61 22 Ouantu
78 942 62 21 brami
147 941 22 18 da
176 945 40 18 per.
221 942 18 16 te

11 979 10 19 E
26 972 64 26 quantu
101 968 17 18 ti
124 967 56 22 portu
193 970 85 14 amore.»

12 1019 97 26 geavenulu
115 1015 5 19 !
127 1015 36 19 ella
171 1015 84 22 rispose;

11 1050 28 22 Poi,
45 1047 41 19 c’un
93 1043 40 18 attu
141 1040 82 18 risolutu

11 1067 139 30 pisse:«Avérai
157 1066 50 17 fallu
216 1066 49 17 male

11 1102 18 19 pi
34 1099 60 19 essene
101 1092 33 23 Qui
141 1095 50 14 venu
193 1091 28 20 tu,

12 1126 31 20 Chi,
50 1115 207 26 venendu.qualchissia

11 1153 16 19 1\
33 1145 86 28 purrebbe
131 1141 34 19 avè
178 1142 79 17 vedutu,
267 1146 9 11 »

13 1205 7 11 s
26 1197 22 17 Ta
55 1197 38 15 nun
97 1189 30 24 poi
134 1188 55 18 crede
196 1187 80 23 appienu

12 1220 61 25 Quantu
80 1222 11 13 a
98 1219 30 15 me
135 1213 102 23 dipïaceria

10 1248 19 20 pi
33 1242 75 22 eausatti
114 1239 39 19 cria
160 1238 19 18 di
187 1238 56 21 male,

12 1273 44 19 Polce
64 1274 10 13 e
81 1270 42 16 cara
128 1264 63 18 anima
199 1263 38 18 mia
244 1263 5 18 !

11 1298 22 19 jfa
40 1298 62 19 troppu
109 1289 89 20 m’alletta
206 1293 11 14 e
225 1289 53 22 piace

13 1324 19 19 La
40 1323 16 16 to
64 1323 40 15 cara
111 1314 116 23 cumpagnia.
238 1320 8 11 »

11 1367 35 21 Casi
53 1364 53 21 dissi,
115 1360 41 20 emi
163 1360 55 22 pusai

11 1395 27 18 fca
43 1390 57 24 quelli
107 1385 70 21 odorosi
186 1385 51 22 fiori,

12 1418 25 20 Poi
43 1411 128 24 allor’mipresi
179 1410 99 19 inbracciu

11 1446 12 18 A
27 1443 34 18 miô
67 1443 29 16 tan
98 1441 19 16 tu
124 1438 60 18 amata
192 1437 55 22 glori,

12 1464 113 25 Travendumi
132 1467 36 14 cun
176 1462 70 18 dilettu

11 1496 16 18 In
32 1491 68 26 paradis
101 1495 11 13 u
121 1489 25 17 d'i
151 1487 46 19 cori.

12 1535 55 24 Quanti
75 1531 52 24 basgi
134 1531 57 18 amati
199 1535 11 14 e
219 1531 38 18 cari

13 1564 12 18 E
30 1559 74 21 amurosi
116 1555 162 21 abbracciamenti,

14 1584 93 25 Snspiretti,
116 1582 100 19 laerimetli

14 1611 95 21 Suavissimx
117 1613 10 14 e
134 1607 79 19 lamenti

13 1641 16 17 ln
33 1636 76 20 l’istante
116 1633 84 23 replicati

15 1665 18 18 Gu
40 1659 103 22 discursetti
148 1659 84 18 ’nucenti
241 1658 5 18 !

3 1710 3 3 '
15 1710 16 18 3iî
37 1707 62 20 sfarzai
107 1705 56 18 for’di
170 1705 79 21 duvere,

3 1734 42 23 D’ogui
50 1732 52 19 modu
106 1730 158 19 ad’abbraccialla.

17 1760 21 19 En
42 1759 51 22 pudìa
100 1756 31 19 dal
138 1757 55 17 tantu
201 1759 64 15 amore

15 1786 83 21 Saziammi
105 1785 19 17 di
132 1784 97 23 basgialla,

13 1814 24 18 Sta
42 1812 31 18 miò
81 1811 34 19 dea
119 1814 77 14 vezzosa
204 1814 11 14 e
220 1810 60 23 degna

13 1839 45 18 Tantu
62 1840 81 20 grazxosa
151 1840 11 14 e
166 1836 57 17 bella.

3 1888 48 18 Ventre
53 1886 53 19 l’avia
112 1885 67 18 stretta
181 1883 99 20 inbracciu

14 1914 16 17 In
34 1913 34 18 cusi
76 1912 52 18 dolce
135 1911 67 22 gioire,

14 1941 16 19 Ci
35 1941 74 18 levaimu
117 1939 90 22 surpresi]

3 1967 20 18 Ghi
28 1971 20 14 un
54 1965 82 19 rumor’ci
148 1969 55 18 parse
215 1964 62 20 udire,

13 1992 23 18 lia
41 1997 36 13 nun
82 1991 75 19 vidimu
163 1994 81 19 persona

14 2020 20 18 Nè
39 2024 68 18 passare
113 2019 24 18 nè
147 2019 74 18 venire.

13 2069 77 18 Temendu
97 2068 62 19 d’esse
165 2067 69 18 veduti

14 2094 115 23 Cidisposimu
137 2093 102 18 cambiacci

14 2120 15 17 in
36 2125 22 13 un
64 2120 49 18 altru
120 2123 67 14 ascosu
197 2119 50 20 locu,

13 2145 41 23 Eper
60 2145 70 23 megliu
137 2144 121 22 assicuracei,

14 2172 12 16 A
30 2175 20 13 un
56 2171 29 17 riu
93 2170 21 18 di
119 2170 132 23 limpid’acque

14 2195 15 19 Si
33 2196 76 23 dissignò
118 2195 137 18 d’imbarcacci.

14 2238 50 19 Preslu
72 2239 52 19 allor’
129 2243 25 13 eu
161 2239 19 17 la
188 2238 39 18 miò
235 2241 42 15 cara

14 2264 85 19 Anfiume
107 2263 120 20 m’avvieinai
235 2268 6 17 ;

13 2289 44 19 Passa
63 2290 80 21 Fonda,e
148 2294 12 13 a
167 2289 64 18 l’altra
236 2289 42 18 riva

15 2313 100 25 fihiuntu,mi
120 2315 49 18 volsi
176 2320 11 13 e
193 2314 84 24 guardai:

15 2340 20 17 Ma
38 2341 26 22 più
73 2346 39 14 nun
117 2342 27 17 mi
152 2341 126 22 vidiappresu

15 2364 11 18 U
32 2366 30 18 miô
66 2367 39 18 sole
112 2367 54 18 cinlu
172 2371 11 13 a
192 2366 36 18 rai.

14 2406 56 21 Fermai
78 2410 30 18 tut
109 2410 20 17 tu
137 2414 10 13 s
149 2410 39 22 tupi
190 2411 21 17 tu

13 2432 11 18 E
28 2434 16 17 di
49 2435 106 23 meraviglia
160 2436 57 22 pienu
221 2442 9 15 ;

14 2457 35 20 Fora
57 2461 53 19 d’usu
119 2461 25 18 mi
149 2461 62 18 battia

14 2483 101 22 Fortemente
122 2491 14 13 u
141 2491 43 14 core
192 2487 21 18 in
218 2490 48 15 senu
272 2490 6 17 ;

4 2507 46 26 E'occhj
58 2513 42 22 mei,
106 2513 86 23 languidi
201 2517 10 14 e
219 2511 59 22 tristi,

13 2534 88 25 Aupientu
114 2539 95 18 sciolsenu
216 2538 63 19 frenu.

14 2577 55 21 Centre
76 2582 35 18 che
119 2582 29 17 fra
155 2582 15 17 li
175 2581 77 24 penseri

13 2601 43 21 Pissu
63 2607 60 21 quella
128 2608 53 21 parte
186 2611 12 14 e
204 2608 75 22 questa,

14 2627 40 25 Tega
59 2632 22 18 da
87 2633 62 19 Fonda
157 2633 96 22 apparisce

13 2653 12 17 A
32 2655 73 24 bagnata
113 2663 11 13 e
132 2658 74 19 sconcia
214 2659 50 17 lesta

13 2677 42 22 Tinta
59 2683 18 16 di
86 2684 84 22 pallor’di
178 2685 62 17 morte

14 2703 17 19 Ei
35 2706 42 20 Fille
83 2708 88 22 languida
179 2713 11 14 e
203 2710 67 17 mesta.

324 666 59 20 Senza
391 673 81 16 eunosce
480 672 86 23 perigliu,

302 691 92 20 Anch’eiu
401 695 28 17 mi
434 696 64 22 lampu
506 698 98 22 nelFonda,

323 716 30 18 Ma
360 718 77 19 l’amatu
446 725 11 13 e
464 725 44 14 caru
517 724 39 17 sole

323 741 55 20 Volta
386 745 79 18 darretu
474 751 11 13 e
493 747 97 23 s'affonda,

324 766 15 18 E
346 773 39 13 nun
391 774 58 18 possu
458 772 46 17 dalli
511 773 54 22 ajutu

302 791 36 18 Ghi
345 793 78 23 Facqu’è
425 796 69 23 troppu
499 798 99 22 pruîonda.

324 837 26 18 Mi
358 844 25 13 ne
391 839 76 20 ritornu
475 847 11 13 a
494 842 18 18 la
520 843 42 19 riva

324 863 117 23 Aspettendu
450 867 81 19 unàltra
538 869 53 18 volta

325 887 37 20 Che
371 890 18 18 la
394 890 115 21 rimandassi
516 898 56 18 sopra

324 913 67 20 L’onda
397 917 56 17 tantu
458 917 59 19 infida
524 923 12 14 e
541 920 64 20 storta,

324 937 33 19 Poi
365 940 18 18 la
391 940 77 20 chiamu
473 947 12 14 e
490 944 19 17 la
514 944 93 18 riehiamu

325 966 29 18 Ma
362 967 48 20 Fille
418 969 33 22 più
460 975 40 14 nun
505 973 101 18 m’ascolta.

303 1017 54 19 Fissu
364 1020 121 25 allor’Focchj
492 1023 98 22 nelFonda,

325 1043 71 20 Pien’di
401 1046 91 19 dulurosa
502 1053 53 18 pena,

324 1068 15 18 E
344 1069 28 18 frà
381 1067 15 21 ïi
404 1071 131 24 rivolgimenti

324 1093 24 18 Di
354 1095 74 23 l’aequa
433 1097 164 26 ûistingu’appena

325 1119 14 17 E
347 1122 87 21 scuperte
445 1126 11 14 e
466 1123 80 20 bianche
552 1129 56 14 carne

325 1143 62 24 Sopr’a
394 1147 23 17 lu
424 1147 49 18 lettu
481 1149 21 17 di
510 1154 52 14 rena.

324 1190 51 19 Dissi
381 1197 5 12 :
392 1191 27 19 «O
427 1192 159 21 furtunat’inselti

324 1215 54 20 Gh’in
385 1219 122 22 quest’acqua
512 1220 94 22 risiedete,

323 1241 37 19 Yoi
367 1243 32 18 chi
406 1245 63 21 sopr’a
477 1250 11 13 e
493 1247 52 17 nude
552 1250 57 14 carne

324 1267 23 18 Di
354 1268 48 19 Fille
410 1271 147 23 passeghierete,

324 1293 15 17 E
346 1294 41 18 cusi
396 1294 54 19 riccu
458 1297 64 18 tesoru

323 1318 98 19 NelFonda
426 1321 131 21 pussiederete
566 1326 5 12 :

324 1362 101 21 Gusterete
432 1365 20 18 le
458 1366 86 19 dulcezze

324 1389 23 18 Di
354 1390 19 18 le
379 1391 93 18 so’iabbre
479 1393 75 21 melate,

325 1414 116 20 Tuccherete
448 1417 145 23 indegnamente

325 1439 66 22 Quelle
398 1442 51 22 parti
455 1443 55 18 tantu
517 1444 69 21 amate,

325 1464 45 20 Cusi
381 1467 86 22 preziose
478 1473 11 14 e
495 1473 48 18 care,

324 1491 34 18 Dal
366 1492 38 18 miô
412 1493 93 19 cor’tantu
512 1494 84 19 bramate
601 1494 6 18 !

325 1536 36 22 Qui
369 1539 17 17 si
394 1538 25 23 pô
424 1539 101 19 cunsiderà

325 1563 18 17 A
350 1568 47 18 pena
400 1564 28 18 d’i
436 1565 107 23 to’genitori

323 1587 79 23 Quandu
410 1590 20 17 la
439 1590 141 22 trista.nuvella

326 1613 88 23 Saperan’
419 1615 20 18 di
444 1616 20 17 la
471 1616 39 18 miô
518 1616 57 23 glori;

326 1638 68 23 Quella
401 1640 56 19 d’avè
464 1645 56 18 persu
528 1647 12 13 a
547 1643 26 19 te,

327 1665 125 19 Guntentezza
460 1667 40 18 dili
506 1667 40 18 cori
552 1668 5 17 !

327 1710 74 23 Quantu
409 1716 105 15 verseranu
521 1713 61 23 pienti

327 1736 16 18 E
350 1737 77 18 lacrime
435 1737 21 18 di
464 1738 65 19 dulore
535 1738 5 19 !

327 1761 74 22 Quantu
408 1767 109 18 pruveranu
525 1763 72 19 affanni

326 1787 15 18 E
349 1788 88 23 angoseie
445 1793 12 13 a
464 1789 21 17 lu
494 1790 71 17 so’core
572 1789 6 17 !

327 1813 58 18 Comu
392 1815 20 17 la
421 1815 146 21 suppurteranu,

326 1838 34 18 Chi
367 1839 84 19 t’avianu
456 1840 109 19 tant’amore
569 1839 12 18 ?

325 1890 18 18 A
351 1890 98 19 dumenica
461 1891 23 18 da
493 1895 60 18 mane,

314 1915 68 19 L’altre
389 1916 98 18 anderanu
495 1921 11 14 a
513 1917 19 18 la
540 1920 68 18 messa;

325 1941 30 18 Ma
362 1942 22 17 di
391 1941 66 19 vedeci
466 1946 11 13 a
486 1943 25 21 te,
519 1947 49 16 cara,

324 1966 43 18 Nun
372 1967 19 18 ci
395 1971 43 14 sera
445 1967 33 22 più
486 1971 101 19 permessa,

325 1991 16 19 E
347 1992 24 18 da
378 1993 19 17 la
409 1992 113 19 cunfusione

325 2017 112 23 Piengbierà
444 2018 21 17 la
471 2018 64 19 chiesa
542 2019 67 17 stessa.

325 2062 45 18 Cusi
377 2062 63 23 piansi
447 2063 50 18 circa
504 2064 72 20 un’ora,

324 2087 59 19 Privu
388 2093 11 14 e
404 2087 36 19 for’
445 2088 64 23 d’ogni
514 2092 94 19 speranza;

314 2113 56 19 Stava
375 2114 22 18 in
403 2113 74 19 dubbiu
482 2114 128 23 d’affugammi

323 2138 98 19 NelFonda
429 2143 11 14 o
448 2139 22 18 di
475 2139 20 18 fà
502 2140 88 21 çartanza

325 2164 36 18 Per
368 2165 25 17 dà
401 2168 63 19 segnu
474 2169 11 13 a
493 2165 21 17 lu
521 2168 58 19 paese

324 2190 23 18 Di
354 2190 19 18 la
381 2190 57 18 trista
445 2190 123 18 circustanza.

323 2236 31 18 Ma
361 2241 39 13 una
407 2235 66 19 simile
480 2234 91 20 nuvella?

324 2262 35 18 Eiu
367 2267 40 13 nun
414 2261 58 23 pobbl
479 2261 119 19 aecunsenle.

324 2286 72 23 Quante
404 2287 66 19 avaria
477 2287 50 18 fatlu
535 2286 59 19 soffre

324 2313 67 21 Quella
399 2312 109 19 sfurtunata
515 2312 51 23 jente
571 2311 6 18 !

324 2338 27 18 Mi
358 2337 59 19 deeisi
425 2338 53 17 allor’
486 2338 21 17 di
513 2341 53 14 more

325 2362 29 20 Cu
361 2364 21 18 lu
391 2363 39 18 miô
438 2363 150 18 amor’nucente.

325 2412 36 18 Per
367 2412 20 18 fà
394 2411 53 19 nudu
453 2416 14 13 u
472 2411 55 22 faltu,
534 2416 11 13 e
552 2411 57 18 rende

325 2437 26 19 La
358 2438 40 18 cusi
406 2437 81 19 barbara
498 2438 58 21 sorte,

326 2462 53 23 Sopr’
384 2468 27 13 un
417 2462 61 23 fogliu
484 2462 66 19 scrissi
557 2461 58 18 allora

326 2488 34 19 Nel
368 2489 39 18 miô
416 2487 70 18 deliriu
494 2487 33 23 più
536 2488 50 18 forte
591 2492 6 12 :

306 2519 9 11 «
322 2513 36 22 Qui
364 2514 107 22 neil’acque
479 2513 72 18 estinse
558 2511 54 22 Fille,

303 2539 28 18 Ed
339 2544 24 14 eu
370 2539 65 19 facciu
442 2543 12 13 a
463 2539 59 18 stessa
530 2538 67 18 morte.
603 2543 10 11 »

328 2588 72 18 Lasciai
406 2588 23 18 ln
434 2587 63 23 fogliu
505 2591 11 14 a
523 2587 20 18 la
550 2586 42 18 riva

327 2613 34 19 Poi
368 2612 96 20 neli’onde
474 2612 27 18 mi
508 2612 61 23 jettai.

328 2639 36 18 Per
370 2638 74 19 unirmi
452 2642 12 13 a
470 2638 18 17 la
496 2637 38 18 miô
543 2641 49 17 cara,

327 2664 43 18 Feci
378 2663 46 24 ogni
433 2663 63 18 sforzu
505 2667 11 14 e
523 2662 81 19 tentai...

328 2690 87 20 Ma,neu
423 2688 50 19 forte
481 2688 113 18 scotimentu

306 2715 73 19 Truncô
385 2720 14 14 u
407 2718 62 19 sognu
476 2718 11 14 e
494 2713 28 18 mi
529 2712 85 23 svegliai.

630 602 26 17 Mi
663 602 81 23 svegliai
751 603 51 22 pien’
810 604 19 17 di
837 605 99 22 spaventu,

652 627 23 17 Di
684 628 62 18 sudor’
755 629 51 17 tuttu
815 629 88 22 bagnatu.

652 652 31 18 En
691 653 63 22 pudia,
761 654 23 17 da
789 658 14 13 u
808 659 47 18 gran
862 653 75 23 timoré,

653 677 36 18 Più
696 678 84 18 rendemi
787 679 107 18 assieuratu

653 702 40 19 Che
698 707 40 14 nun
743 703 50 18 fussi
800 709 48 14 veru
856 709 13 13 u
878 704 49 18 fattn

653 728 96 18 Tant’avìa
757 734 14 12 u
779 733 72 19 sangue
858 729 79 23 agitatu.

654 767 44 19 Feci
704 767 22 18 lu
734 772 60 19 segnu
805 769 19 17 di
832 774 11 13 a
851 773 54 13 croce

653 792 16 18 E
675 793 51 23 dopu
733 793 172 23 m’inghjnucehiai.

655 817 62 19 Versu
724 818 52 18 l’alta
783 819 117 18 Pruvidenza

655 842 33 18 Sta
695 843 91 22 preghera
796 848 25 14 ne
831 843 74 19 mandai
910 848 5 13 :

656 873 8 11 «
671 868 72 18 Fatemi
750 868 19 18 la
776 869 70 22 grazia,
851 873 12 13 o
869 868 46 22 Celi,

654 892 34 19 Chi
697 894 170 22 quest’unn’accadi
874 893 37 18 mai
916 893 5 17 !
928 899 9 10 »

688 923 113 19 Natalellu
807 924 24 19 di
837 924 78 19 Rusiu.

721 982 122 29 VüRRIfL.

654 1037 70 19 Yurrla
731 1038 31 17 chi
769 1038 15 17 li
792 1039 36 17 me’
836 1037 52 19 versi

656 1062 81 19 Fussinu
744 1067 53 14 corne
804 1063 16 18 li
824 1062 62 22 campi

655 1088 14 18 0
681 1088 54 23 raggi
743 1088 21 18 di
772 1089 41 17 sole
818 1087 52 24 persi

655 1113 21 18 In
684 1113 88 19 lucalore
780 1112 111 24 di’vampi...

656 1152 55 19 Corne
717 1153 61 22 campi
786 1157 55 14 senza
849 1152 36 18 fini

655 1178 14 18 E
677 1178 74 23 cuparti
758 1179 20 17 di
786 1178 89 21 sumenti,

656 1203 56 19 Corne
719 1203 68 18 furesti
796 1203 20 18 di
823 1203 40 23 pini

656 1228 116 19 Suttrinnati
779 1229 24 18 da
810 1229 15 18 li
832 1228 75 19 venti...

656 1268 56 18 Corne
720 1269 76 17 un’alba
805 1267 78 23 d’aprile

655 1293 98 23 Purpurea
759 1298 11 13 e
775 1294 75 17 tardiva

656 1318 14 18 O
681 1322 52 14 corne
737 1318 21 17 lu
764 1318 103 22 campanile

656 1343 79 22 Quandu
742 1343 55 18 l’aria
800 1343 30 18 n’è
836 1342 79 23 gattiva.

655 1382 69 19 Vurria
732 1382 31 19 chi
770 1383 16 17 li
794 1383 35 17 me’
837 1382 52 19 canti

656 1408 101 18 Fussin’un
770 1408 60 18 fiume
843 1407 96 19 sciumosu

655 1433 73 19 Pien’di
735 1433 52 23 pesci
794 1432 106 22 luccicanti,

656 1458 83 24 Cupartu
744 1459 21 18 di
772 1459 52 22 piopi
830 1458 108 19 umbrosi...

656 1498 67 20 Ch’elli
731 1499 78 18 fussinu
816 1499 22 18 lu
846 1499 40 18 cele

655 1525 100 22 Duvagira
763 1530 11 12 a
782 1524 114 21 rundinella,

657 1549 13 19 0
679 1549 44 23 puri
731 1550 97 23 unhugnu
836 1550 21 18 di
865 1549 49 18 mele

655 1575 113 19 Accaat’una
776 1575 116 23 capannella.

656 1615 70 18 Vurria
736 1615 31 18 chi
775 1615 21 18 lu
804 1616 36 17 me’
848 1618 58 16 versu

656 1640 80 23 Pienghj
742 1645 52 14 corne
802 1646 12 13 a
820 1641 120 18 tramûntana

656 1665 145 22 Quand’aleccia
808 1666 37 18 èrn
852 1667 88 17 traversu

656 1690 15 19 E
677 1692 33 18 chi
714 1691 38 18 faci
758 1692 21 17 la
785 1692 90 18 sulana...

633 1731 31 18 Ma
671 1731 36 18 che
711 1735 27 14 un
743 1730 59 19 îaccia
810 1736 11 13 a
826 1731 52 18 nimu
884 1731 55 21 male,

656 1756 14 18 E
678 1757 35 18 che
725 1757 82 18 ramenti
814 1756 68 19 Facelli

656 1782 23 18 Di
686 1782 16 18 li
712 1782 63 18 nostri
783 1781 123 24 campagnelli

656 1808 21 17 lu
685 1812 27 14 un
719 1807 100 18 hattulime
826 1807 54 19 d’ale.

751 1840 28 19 A.
788 1841 30 18 de
824 1841 93 18 Peretti.

748 1908 84 25 Detti

657 1962 10 23 (
674 1961 93 19 Parlendu
774 1961 21 18 di
807 1967 10 13 e
829 1960 82 25 eapacità
919 1961 21 18 di

658 1986 98 24 qualchisìa
761 1987 9 22 )

658 2020 59 20 Unn’è
726 2025 72 14 scarsu.

658 2056 14 23 È
679 2062 57 18 l’arca
744 2061 30 18 del
782 2061 82 18 dïavule.

658 2102 21 18 Ci
686 2102 24 22 pô
718 2101 37 18 stà.

657 2142 29 18 Ne
693 2142 21 18 sà
721 2142 70 21 quante
798 2141 9 18 i
813 2140 66 19 libhr'u

658 2176 14 23 È
679 2181 120 23 qualchissia.

658 2222 21 18 Ci
689 2221 57 19 calza.

657 2262 29 18 Un
694 2262 15 18 li
717 2261 18 18 si
741 2261 63 18 franca
813 2262 59 17 nulla.

657 2297 15 23 È
679 2306 39 14 una
726 2302 56 17 testa.

657 2342 29 18 Un
695 2343 18 17 la
718 2341 15 18 li
739 2341 48 18 calfa
794 2342 60 18 nimu.

657 2382 27 18 Ha
693 2381 40 19 sale
740 2382 21 17 in
768 2381 64 19 zueda.

660 2422 30 18 Un
698 2422 61 18 hurla.

1090 161 71 58 Le
1204 160 194 56 Procès
1437 160 73 56 du
1552 155 247 72 Complot

981 242 378 58 Autonomiste
1398 239 509 60 AlsaciemLorratn

1397 325 92 28 [Suite)

987 415 27 20 Et
1022 415 100 21 l'avocat
1129 417 83 20 breton
1224 415 100 22 termine
1340 422 43 18 par
1393 422 38 14 ces

962 445 58 17 mots
1028 443 71 21 :Nous
1104 444 110 25 espérons
1222 444 71 25 qu'on
1302 442 47 21 fera
1357 444 75 20 obser-

961 476 41 14 ver
1009 470 14 20 à
1032 470 100 25 Colmar,
1144 475 78 17 centre
1238 472 29 20 de
1279 471 86 21 Justice
1373 471 59 20 fran-

962 498 69 24 çaise,
1039 499 23 20 la
1070 500 74 20 même
1152 499 98 20 formule
1259 499 40 26 qui
1305 505 13 13 a
1330 499 102 25 toujours

962 526 37 19 été
1007 526 112 21 observée
1127 534 29 13 en
1165 527 95 21 France.

989 553 30 20 Le
1028 554 121 21 Président
1162 555 79 24 rejette
1248 558 75 18 toutes
1331 561 38 14 ces
1382 561 51 18 sug-

962 581 110 24 gestions.

988 610 143 23 MeBerthon
1139 613 83 20 insiste
1231 621 58 18 pour
1297 613 68 25 qu’on
1378 613 55 20 don-

963 644 29 14 ne
1000 644 45 15 aux
1052 641 104 22 accusés,
1162 641 183 21 conformément
1351 641 14 20 à
1371 641 23 19 la
1400 640 32 20 loi

964 667 39 24 qui
1011 666 50 21 leur
1073 674 28 14 en
1110 669 78 20 donne
1201 669 21 20 le
1231 669 69 23 droit,
1317 669 23 19 la
1351 668 82 20 faculté

963 694 30 20 de
1001 700 25 14 se
1032 701 130 19 prononcer
1170 703 30 13 en
1208 697 112 24 quelques
1328 700 65 16 mots.

989 722 31 20 Le
1029 722 120 22 Président
1157 724 35 20 les
1205 731 15 18 y
1228 725 102 20 autorise
1344 727 23 17 et
1378 724 55 19 don-

964 756 29 13 ne
1001 749 22 21 la
1032 752 79 23 parole
1119 753 12 19 à
1140 752 31 20 M.
1178 752 84 20 Hauss.

991 779 30 20 M.
1029 779 74 20 Hauss
1108 787 7 13 :
1121 780 88 25 Depuis
1216 783 81 22 quatre
1313 779 59 20 mois
1388 785 45 19 que

962 808 24 24 je
994 807 48 21 suis
1050 809 75 19 arrêté
1130 808 25 25 je
1163 814 31 14 ne
1202 809 50 19 vois
1261 814 41 19 pas
1310 813 84 14 encore
1403 813 29 14 en

964 835 54 25 quoi
1027 841 54 14 mon
1089 836 138 20 arrestation
1234 841 36 15 est
1275 834 99 27 justifiée
1378 841 56 18 pour

964 863 99 25 complot
1070 867 79 16 contre
1158 863 21 20 la
1188 864 77 19 sûreté
1273 864 29 19 de
1310 862 122 21 l'Etat-J’ai

963 891 114 20 demandé
1085 892 41 19 des
1135 891 151 24 explications
1294 892 14 19 à
1316 890 116 21 M.Mitton

964 925 58 18 pour
1036 919 78 20 savoir
1126 925 28 14 en
1169 918 55 25 quoi
1238 925 53 14 mon
1300 918 132 21 arrestation

964 946 56 21 était
1025 953 28 13 en
1062 947 100 20 relation
1169 953 57 14 avec
1234 947 22 20 le
1264 946 101 25 complot
1372 949 63 17 auto-

964 974 108 21 nomiste.

989 1001 30 21 M.
1029 1002 79 21 Wurtz
1118 1010 6 13 :
1133 1003 37 20 On
1178 1008 36 14 me
1222 1002 111 25 reproche
1349 1002 85 20 d’avoir

964 1031 53 19 créé
1030 1030 127 26 l’agitation
1170 1037 40 18 par
1223 1031 23 20 la
1260 1030 106 21 diffusion
1383 1030 51 19 d’al-

963 1058 108 21 manachs
1080 1063 24 16 et
1111 1060 29 19 de
1148 1059 78 20 livres.
1239 1058 29 21 Je
1276 1058 44 21 n’ai
1329 1064 41 18 pas
1382 1064 53 14 vou-

963 1086 34 24 lu,
1006 1087 74 20 même
1087 1087 59 21 dans
1154 1090 60 17 cette
1224 1085 149 26 propagande
1389 1091 45 19 que

961 1114 40 24 j’ai
1009 1113 63 25 faite,
1087 1116 76 24 parler
1179 1115 29 19 de
1215 1113 156 26 séparatisme,
1381 1117 23 16 et
1410 1113 25 25 je

963 1142 45 20 n’ai
1016 1143 75 20 même
1100 1149 41 19 pas
1149 1142 65 26 parlé
1227 1143 28 19 de
1264 1141 120 26 questions
1397 1147 39 18 po-

963 1170 100 25 litiques.
1073 1171 29 20 Je
1110 1170 75 21 tenais
1194 1171 13 20 à
1215 1170 110 20 défendre
1333 1175 42 14 nos
1391 1172 45 17 tra-

963 1198 86 21 ditions
1057 1203 23 16 et
1086 1205 43 14 nos
1137 1198 170 25 particularités
1315 1197 120 23 locales,ce

963 1227 39 24 qui
1008 1227 88 20 revient
1100 1228 14 19 à
1119 1226 110 22 défendre
1234 1230 65 17 notre
1304 1224 132 21 doublecul-

963 1258 60 16 ture.
1028 1254 58 20 Mais
1094 1255 29 20 de
1130 1256 23 19 là
1166 1255 14 19 à
1188 1260 37 15 me
1233 1254 72 20 mêler
1312 1254 14 19 à
1336 1259 32 14 un
1377 1259 59 14 com-

964 1283 57 24 plot,
1024 1282 24 24 je
1055 1289 30 13 ne
1090 1283 50 20 vois
1145 1288 44 20 pas
1198 1282 28 20 de
1234 1282 120 20 relations.

988 1312 34 20 M.
1030 1312 98 21 Solveen
1134 1320 9 14 :
1151 1312 54 21 MM.
1222 1313 34 19 les
1273 1311 64 25 jurés
1354 1314 82 17 savent

965 1346 45 19 que
1014 1339 25 26 je
1044 1341 49 20 suis
1098 1341 99 25 peintre.
1199 1340 43 20 J’ai
1247 1340 84 20 obtenu
1338 1339 29 19 de
1373 1344 63 15 nom-

964 1369 100 20 breuses*
1073 1368 122 21 médailles
1209 1368 50 20 d'or
1273 1368 14 20 à
1295 1366 39 21 des
1349 1366 87 25 exposi-

965 1396 60 21 tions
1034 1397 28 20 de
1071 1397 74 20 Paris.

991 1429 33 20 De
1032 1429 150 20 nombreuses
1208 1433 83 15 revues
1312 1425 123 26 françaises

965 1456 90 25 parlent
1063 1463 58 14 avec
1130 1457 67 24 éloge
1205 1456 29 20 de
1242 1461 49 15 mes
1302 1460 97 15 oeuvres.
1407 1454 29 20 Je

964 1485 49 20 suis
1019 1484 113 25 impliqué
1140 1485 59 19 dans
1206 1490 46 14 une
1265 1483 133 21 accusation
1406 1482 29 20 de

965 1513 99 25 complot
1076 1513 57 20 dont
1138 1513 25 25 je
1172 1518 30 14 ne
1209 1512 46 20 sais
1264 1517 40 20 pas
1312 1517 31 13 un
1356 1511 79 20 traître

964 1544 57 18 mot.
1026 1540 105 21 J’estime
1135 1540 107 26 qu’après
1249 1539 66 21 avoir
1322 1539 37 20 été
1374 1539 61 20 déte-

965 1576 31 14 nu
1003 1569 102 26 pendant
1113 1569 53 24 cinq
1176 1568 68 23 mois,
1249 1568 40 25 j’ai
1301 1567 22 21 le
1331 1567 61 20 droit
1407 1567 28 20 de

965 1597 76 21 savoir
1050 1597 113 25 pourquoi
1170 1597 25 24 je
1204 1597 48 21 suis
1257 1596 81 26 séparé
1355 1595 80 25 depuis

965 1626 20 20 si
993 1626 132 25 longtemps
1133 1626 41 20 des
1183 1625 83 21 miens.

990 1656 33 22 M.
1030 1656 70 21 Heil:
1105 1656 88 26 Depuis
1201 1656 53 25 cinq
1264 1655 59 21 mois
1334 1661 59 14 nous
1403 1658 33 17 at-

965 1685 97 21 tendons
1077 1685 133 21 vainement
1222 1685 22 20 le
1254 1684 63 25 jour,
1332 1684 30 19 où
1376 1689 59 15 nous

966 1719 115 19 pourrons
1099 1713 101 25 prendre
1219 1713 167 20 connaissance
1405 1712 29 20 du

965 1741 55 21 fond
1032 1741 29 20 de
1069 1741 147 21 l’accusation
1225 1741 68 25 qu’on
1302 1744 65 22 porte
1382 1746 54 15 con-

965 1773 35 17 tre
1008 1775 66 15 nous.
1082 1769 18 20 Il
1106 1773 35 18 est
1147 1769 148 21 malheureux
1302 1768 67 25 qu’on
1376 1775 29 14 ne
1411 1774 24 15 se

964 1798 45 21 soit
1017 1798 54 20 basé
1076 1798 58 21 dans
1142 1798 147 20 l'accusation
1295 1803 46 20 que
1349 1803 39 14 sur
1395 1797 40 20 des

965 1827 67 20 excès
1040 1826 28 21 de
1077 1833 89 18 presse.

990 1858 34 21 M•
1033 1858 122 21 Fashauer
1160 1865 9 13 :
1174 1857 54 21 MM.
1237 1858 35 20 les
1278 1857 93 26 jurés,je
1379 1863 56 15 vous

965 1892 74 15 avoue
1047 1887 73 24 queje
1128 1886 49 21 suis
1190 1886 86 20 étonné
1284 1887 29 20 de
1321 1889 116 17 constater

966 1915 105 25 qu’après
1078 1915 52 20 huit
1136 1915 68 25 jours
1212 1915 30 20 de
1249 1914 112 23 débats,le
1367 1914 70 21 tribu-

965 1943 39 20 nal
1009 1943 54 20 n’ait
1069 1949 75 14 aucun
1152 1942 62 21 désir
1220 1943 29 20 de
1254 1943 117 20 connaître
1377 1942 60 21 l'ori-

964 1971 54 25 gine
1025 1971 29 20 de
1061 1971 100 26 l'argent
1171 1971 123 21 allemand.
1301 1971 61 21 Pour
1377 1977 58 14 vous

966 2000 56 19 citer
1034 2005 32 14 un
1074 1999 152 25 témoignage,
1240 1999 24 25 je
1279 2005 56 14 vous
1350 1999 87 25 rappel-

966 2026 57 21 lerai
1032 2033 45 18 que
1089 2027 22 20 la
1121 2032 11 11 «
1138 2027 148 25 République
1292 2034 11 11 »
1312 2026 22 21 le
1344 2026 92 25 journal

965 2055 41 24 qui
1015 2054 78 21 n’était
1101 2061 40 19 pas
1150 2061 31 14 un
1192 2055 40 20 des
1241 2055 104 21 derniers
1358 2055 13 20 à
1379 2055 59 20 exci-

965 2086 36 18 ter
1009 2089 54 14 sans
1070 2089 66 15 cesse
1144 2084 23 20 le
1181 2082 187 22 Gouvernement
1385 2089 52 15 con-

965 2115 36 17 tre
1008 2110 35 21 les
1055 2111 177 25 autonomistes,
1242 2118 13 14 a
1268 2111 141 21 écrithier:«
1418 2111 18 21 Il

965 2146 31 14 ne
1008 2142 60 17 reste
1087 2139 52 25 plus
1154 2140 30 20 de
1200 2140 146 21 l’accusation
1368 2140 68 25 qu’un

966 2168 52 20 brin
1024 2167 30 20 de
1061 2168 77 25 paille,
1143 2174 47 15 une
1198 2168 107 25 question
1314 2168 124 20 nullement

963 2196 125 25 juridique,
1108 2197 60 20 mais
1184 2196 147 26 simplement
1343 2197 95 24 platoni-

965 2230 53 19 que,
1027 2224 57 21 c’est
1091 2224 22 20 la
1122 2224 106 26 question
1238 2225 29 20 de
1275 2226 103 23 l'argent.
1388 2230 11 11 »

989 2253 74 24 Ayant
1070 2253 38 20 été
1115 2253 76 20 arrêté
1200 2254 68 23 après
1278 2253 58 21 trois
1348 2254 89 25 perqui-

965 2280 83 21 sitions
1059 2284 22 16 et
1093 2287 53 14 sans
1160 2281 66 20 avoir
1238 2282 38 20 été
1284 2282 108 22 entendu,
1399 2282 37 25 j’ai

964 2309 93 20 adressé
1070 2308 61 21 deux
1140 2309 123 20 demandes
1282 2310 28 20 de
1319 2309 117 21 libération

964 2337 14 20 à
986 2336 31 21 M.
1023 2336 90 25 Mitton,
1128 2343 55 15 sans
1195 2337 93 21 obtenir
1295 2338 28 20 de
1332 2338 103 25 réponse-

966 2368 62 23 Puis,
1043 2367 96 26 j’appris
1156 2374 46 18 que
1219 2368 76 25 j’étais
1308 2370 81 19 accusé
1408 2369 29 20 de

964 2395 100 24 complot
1085 2400 80 17 contre
1182 2396 22 20 la
1221 2397 78 20 sûreté
1316 2396 28 20 de
1361 2397 74 20 l’Etat.

965 2424 90 20 Durant
1062 2430 53 14 mon
1120 2424 176 25 interrogatoire
1301 2424 30 21 du
1337 2429 25 20 27
1368 2431 68 18 mars,

963 2452 25 24 je
993 2452 133 21 demandais
1133 2453 13 20 à
1152 2451 55 21 M.Ie
1214 2452 60 25 Juge
1280 2452 156 21 d’instruction

965 2480 30 19 de
1004 2480 53 20 bien
1066 2481 92 20 vouloir
1170 2486 38 14 me
1216 2481 103 24 préciser
1330 2487 40 18 par
1383 2482 54 24 quoi

965 2508 57 20 était
1034 2509 115 20 constitué
1165 2508 23 20 le
1211 2509 108 25 complot.
1335 2508 53 21 Mon
1400 2509 38 20 dé-

965 2535 96 21 fenseur
1066 2540 38 17 est
1110 2536 87 21 témoin
1213 2543 45 18 que
1263 2537 26 25 je
1294 2537 44 20 n’ai
1348 2543 40 19 pas
1404 2544 34 14 re-

965 2570 27 18 çu
1002 2564 28 20 de
1038 2566 107 23 réponse,
1154 2568 25 17 et
1194 2564 108 25 qu’après
1314 2565 48 20 cela
1373 2565 25 26 je
1409 2572 29 14 ne

965 2592 91 21 voulais
1060 2593 53 24 plus
1121 2593 114 25 répondre
1244 2594 12 19 à
1264 2593 175 26 l’inierrogatoi-

967 2626 25 14 re
1005 2620 30 20 du
1042 2620 56 25 juge
1106 2620 172 21 d’instruction.
1288 2620 95 22 Cen’est
1394 2628 44 19 que

967 2654 40 14 sur
1015 2654 42 14 son
1066 2648 157 21 intervention
1235 2655 46 18 que
1295 2649 70 25 je.me
1378 2649 61 21 déci-

967 2678 37 20 dai
1019 2678 13 19 à
1041 2677 121 26 répondre.
1179 2676 28 21 Et
1216 2683 41 14 sur
1273 2684 37 14 ma
1326 2677 112 21 demande

967 2707 47 20 très
1021 2706 89 25 précise
1117 2707 14 19 à
1145 2706 22 20 la
1175 2704 32 21 fin
1220 2705 29 21 de
1264 2705 174 26 l’interrogatoi-

1459 421 25 13 re
1493 421 6 13 :
1510 414 115 25 Pourquoi
1637 414 76 24 j’étais
1722 414 75 20 arrêté
1813 412 81 25 depuis
1909 411 21 20 si

1457 442 142 25 longtemps,
1617 448 30 14 on
1656 448 38 14 me
1710 441 108 26 répondit
1832 447 44 18 que
1889 439 43 26 j’é-

1458 470 45 20 tais
1510 470 23 19 là
1546 476 59 19 pour
1614 470 116 24 répondre
1746 469 30 20 de
1792 469 98 24 l’argent
1901 467 30 19 de

1457 497 198 21 F«Erwinia»etde
1662 497 22 20 la
1692 496 241 21 «Volksstimme».Sur

1458 525 23 19 la
1490 531 121 20 remarque
1620 532 46 18 que
1672 525 25 25 je
1705 525 28 20 fis
1740 526 13 19 à
1759 524 32 20 M.
1797 524 81 20 Mitton
1887 529 45 20 que

1456 552 25 24 je
1489 553 83 20 n’étais
1586 553 74 20 même
1677 559 42 18 pas
1735 552 82 26 gérant
1829 552 29 20 de
1871 552 63 20 l’éta-

1459 580 135 20 blissement
1605 584 23 16 et
1636 586 46 18 que
1688 580 25 25 je
1721 580 90 20 n’avais
1823 586 40 18 pas
1875 579 58 25 juri-

1458 607 136 24 diquement
1601 608 14 19 à
1624 614 29 13 en
1667 607 122 25 répondre,
1798 614 30 13 on
1845 614 38 13 me
1899 607 35 20 ré-

1459 635 83 24 pondit
1550 642 7 14 :
1570 636 65 20 Nous
1643 642 31 14 ne
1688 636 100 20 voulons
1795 641 42 19 pas
1855 635 21 20 le
1896 635 38 25 gé-

1459 667 58 18 rant,
1528 664 59 20 mais
1593 663 58 21 celui
1666 664 40 24 qui
1723 666 35 18 est
1771 663 102 21 derrière
1883 663 52 21 l’or-

1459 691 138 24 ganisation.
1606 691 28 20 Je
1643 698 30 13 ne
1681 692 48 19 suis
1737 692 61 19 donc
1809 697 41 19 pas
1863 690 71 26 quali-

1458 717 30 21 fié
1491 725 58 18 pour
1553 719 115 24 répondre
1671 719 29 19 de
1704 719 95 25 l’argent
1805 718 128 24 deJ’«Erwi-

1459 746 39 20 nia
1508 753 18 13 ».
1535 746 60 21 Mais
1600 746 25 26 je
1633 747 51 20 suis
1692 749 112 21 pourtant
1815 748 51 23 prêt
1877 748 14 19 à
1899 752 35 15 as-

1459 779 78 15 sumer
1550 778 77 17 toutes
1641 774 34 20 les
1693 774 189 25 responsabilités
1906 774 29 20 de

1460 805 67 17 notre
1535 803 82 24 gérant
1624 806 23 16 et
1656 803 13 19 à
1678 802 115 24 répondre
1801 809 60 18 pour
1868 803 42 20 lui.

1484 829 20 20 À
1511 829 22 20 la
1541 830 97 25 reprise,
1647 836 31 14 on
1686 830 95 23 entend,
1790 836 88 15 comme
1886 836 50 20 pre-

1460 857 58 20 mier
1525 858 87 20 témoin
1620 858 13 19 à
1646 857 92 25 charge,
1754 857 31 21 M.
1795 858 75 20 Bauer
1884 857 53 22 chef

1460 884 29 20 de
1496 884 22 20 la
1526 885 76 24 police
1610 885 89 20 secrète
1706 885 13 20 à
1728 885 148 26 Strasbourg.

1484 911 98 22 Celui-ci
1599 912 43 21 fait
1659 919 32 13 un
1708 913 85 24 exposé
1807 913 128 21 fantaisiste

1460 945 41 14 sur
1508 940 23 19 le
1538 943 151 17 mouvement
1695 941 158 20 autonomiste
1862 948 28 14 en
1899 942 35 20 Al-

1461 973 60 14 sace.
1530 967 19 21 Il
1563 971 53 22 part
1623 968 31 19 du
1667 967 92 22 fameux
1773 968 104 21 discours
1891 976 45 19 que

1461 995 22 20 le
1492 995 39 20 Dr.
1542 995 92 21 Ricklin
1644 1002 13 13 a
1666 996 118 22 prononcé
1792 1002 29 14 au
1835 997 59 20 mois
1907 997 29 20 de

1459 1022 83 21 Juillet
1550 1028 59 20 1917,
1616 1024 54 24 puis
1677 1023 105 25 esquisse
1790 1030 29 14 en
1825 1025 111 25 quelques

1460 1051 91 23 paroles
1559 1051 22 19 la
1589 1051 110 20 situation
1705 1051 113 25 politique
1826 1052 111 21 del’AIsa-

1460 1084 27 14 ce
1494 1078 58 20 trois
1559 1078 117 21 semaines
1684 1083 69 17 avant
1759 1079 139 22 l’armistice.

1487 1105 31 21 Le
1525 1105 13 21 8
1547 1107 55 20 août
1612 1111 58 20 1919,
1682 1107 115 25 quelques
1805 1109 130 23 messieurs,

1462 1137 65 16 entre
1542 1138 79 16 autres
1637 1134 35 20 les
1688 1134 71 21 abbés
1781 1135 86 26 Haegy,
1885 1137 52 20 Fas-

1461 1161 80 24 hauer,
1556 1161 75 25 Keppi
1646 1165 23 17 et
1682 1162 83 24 Hauss,
1780 1169 25 14 se
1820 1164 117 20 réunirent

1461 1195 30 13 au
1500 1190 77 20 cercle
1585 1189 120 21 St-Martin
1714 1191 13 18 à
1736 1190 102 21 Colmar.
1847 1191 31 20 La
1888 1192 50 20 réu-

1461 1216 56 20 nion
1525 1217 60 20 était
1592 1217 107 24 présidée
1707 1224 42 19 par
1757 1218 31 20 M.
1798 1219 73 20 l’abbé
1880 1220 58 20 Hae-

1461 1250 38 18 gy.
1508 1244 38 20 On
1555 1245 93 21 élabora
1657 1252 31 12 un
1698 1251 146 20 programme
1852 1246 87 22 fédéra-

1461 1271 61 24 liste,
1536 1272 58 20 dont
1606 1272 76 21 l’abbé
1691 1273 116 21 Fashauer
1820 1275 75 20 aurait
1901 1275 36 20 été

1461 1299 23 20 le
1492 1299 129 21 rédacteur.
1629 1300 35 20 Au
1673 1301 71 20 début
1751 1301 30 20 de
1790 1303 80 23 1920,1e
1877 1302 60 21 «trio

1461 1327 113 24 agitateur
1584 1334 10 11 »
1612 1327 35 21 fut
1661 1329 129 20 condamné
1804 1336 42 18 par
1859 1334 78 17 contu-

1461 1361 73 15 mace.

1486 1383 38 20 Me
1537 1383 98 26 Jaeglé:
1648 1384 118 21 N’oubliez
1780 1391 50 18 pas,
1845 1392 46 19 que
1904 1387 33 20 les

1461 1415 76 16 autres
1546 1412 94 20 accusés
1646 1413 107 23 présents
1762 1416 41 16 ont
1811 1414 128 25 étéacquit-

1461 1439 43 20 tés.
1513 1440 19 19 A
1540 1446 26 14 ce
1579 1443 111 20 moment,
1700 1440 22 20 le
1736 1440 120 25 président
1868 1442 70 21 inter-

1461 1471 76 20 rompt
1544 1468 22 20 la
1575 1467 130 25 déposition
1715 1469 30 20 du
1754 1469 86 20 témoin
1855 1470 82 25 Bauer,

1461 1501 59 18 pour
1527 1495 112 21 entendre
1646 1496 23 20 le
1677 1500 74 17 comte
1759 1496 30 20 de
1797 1497 85 26 Pange,
1897 1496 40 28 qui

1460 1526 36 17 est
1503 1524 88 20 témoin
1600 1525 14 19 à
1623 1524 122 26 décharge.

1487 1550 31 22 Le
1526 1556 75 16 comte
1609 1551 29 21 de
1647 1552 87 25 Pange,
1743 1559 32 14 un
1790 1554 150 25 régionaliste

1460 1578 54 22 bien
1522 1586 85 18 connu,
1615 1580 56 21 était
1679 1587 29 14 en
1715 1585 47 21 1911
1772 1587 28 15 en
1806 1582 132 27 Allemagne

1460 1614 30 14 au
1500 1612 103 17 moment
1611 1608 30 21 où
1651 1608 99 22 l’Alsace
1763 1609 28 21 fit
1803 1610 23 20 le
1839 1611 100 24 premier

1461 1642 42 19 pas
1511 1642 52 15 vers
1577 1636 158 22 l’autonomie.
1745 1638 32 20 La
1790 1639 107 25 question
1909 1640 29 21 de

1460 1664 97 21 l’Alsace
1564 1665 128 21 l’intéressa
1701 1669 51 18 tout
1765 1666 173 26 spécialement.

1487 1692 33 21 En
1537 1693 60 25 1918,
1611 1693 18 20 il
1645 1698 66 16 entra
1727 1700 57 15 avec
1792 1694 35 22 les
1842 1699 96 22 troupes

1461 1720 125 25 françaises
1602 1722 13 20 à
1632 1722 141 26 Strasbourg
1792 1728 24 16 et
1835 1725 103 21 entendit

1461 1749 77 25 parler
1545 1750 31 19 du
1587 1749 111 22 «Conseil
1708 1751 125 21 National»
1849 1754 39 24 qui
1897 1753 42 21 s’é-

1461 1777 43 21 tait
1513 1778 74 21 réuni.
1601 1777 18 22 II
1632 1779 63 20 avait
1708 1780 54 21 rêvé
1776 1786 46 19 que
1829 1781 22 21 le
1864 1782 74 21 Prési-

1461 1805 56 21 dent
1524 1806 29 21 de
1560 1807 22 20 la
1592 1807 144 25 République
1751 1814 31 15 ou
1796 1815 31 14 un
1840 1810 98 26 rempla-

1461 1838 54 20 çant
1529 1834 83 22 officiel
1633 1835 117 22 viendrait
1769 1836 15 20 à
1799 1836 139 28 Strasbourg

1462 1868 59 18 pour
1531 1863 105 21 recevoir
1649 1863 22 21 le
1684 1868 105 17 serment
1800 1865 31 20 du
1843 1866 93 22 Conseil

1461 1890 107 22 National
1574 1892 57 20 dont
1635 1892 36 21 les
1676 1894 114 20 membres
1795 1894 87 22 étaient
1887 1896 51 20 élus

1462 1925 43 18 par
1512 1919 22 20 le
1545 1920 93 25 peuple!
1653 1920 233 28 Malheureusement,
1895 1924 43 21 dit-

1462 1947 24 24 il,
1501 1948 91 21 celui-ci
1600 1947 27 22 fit
1640 1955 27 14 sa
1676 1949 142 22 déclaration
1831 1958 54 15 sans
1898 1952 38 26 qu’

1461 1982 74 15 aucun
1552 1977 101 21 membre
1662 1978 30 20 du
1707 1978 188 24 Gouvernement
1907 1987 30 14 ne

1462 2004 46 20 soit
1515 2006 101 23 présent.
1626 2005 31 20 Le
1665 2010 76 17 comte
1749 2007 29 20 de
1788 2007 75 27 Pange
1874 2009 64 20 allait

1463 2032 51 20 voir
1526 2033 22 20 le
1557 2033 40 20 Dr.
1607 2033 90 21 Ricklin
1715 2035 40 25 qui
1769 2035 23 20 le
1803 2041 66 20 reçut
1879 2038 58 20 dans

1461 2059 23 20 le
1492 2060 87 22 bureau
1588 2062 30 20 du
1627 2062 118 24 président
1752 2063 31 21 du
1792 2063 94 23 Conseil
1895 2065 43 21 Na-

1461 2088 81 21 tional.
1552 2089 137 21 L’entretien
1697 2091 36 20 fut
1739 2097 65 16 assez
1812 2092 62 27 long.

1488 2117 31 20 Le
1527 2117 40 21 Dr.
1574 2117 94 21 Ricklin
1677 2125 83 19 exposa
1769 2126 30 14 au
1808 2122 86 21 témoin
1903 2122 34 22 les

1463 2145 91 21 raisons
1570 2146 32 21 de
1618 2152 25 15 sa
1660 2147 141 22 déclaration
1819 2150 28 20 de
1860 2151 78 25 juillet

1463 2177 59 21 1917*
1535 2174 19 19 fi
1567 2175 47 20 dit:
1629 2174 28 21 Je
1673 2182 29 15 ne
1716 2177 37 20 l’ai
1767 2177 43 21 fait
1819 2184 44 19 que
1879 2180 59 21 dans

1462 2200 100 22 l’intérêt
1577 2203 29 21 de
1623 2207 67 17 notre
1710 2211 63 20 pays.
1796 2206 63 22 Nous
1879 2214 59 14 nous

1462 2230 121 21 trouvions
1597 2230 86 23 devant
1691 2233 22 20 la
1725 2240 96 15 menace
1834 2235 104 22 formelle

1462 2257 31 20 du
1501 2258 195 23 démembrement
1702 2262 28 20 de
1736 2262 203 23 L’AIsace-Lorrai-

1463 2292 38 14 ne.
1508 2292 11 12 »
1528 2286 34 21 En
1570 2287 62 24 plus,
1640 2288 24 20 le
1671 2288 134 22 Statthalter
1819 2298 46 14 von
1878 2292 62 21 Daîl-

1462 2314 55 20 witz
1530 2320 13 14 a
1560 2315 41 21 fait
1618 2322 135 20 remarquer
1768 2321 51 18 tout
1835 2320 29 20 de
1877 2320 62 21 suite

1462 2343 66 23 après
1532 2348 61 16 cette
1598 2343 204 29 déc!aration,qu’il
1809 2348 50 21 n’en
1865 2348 74 22 fallait

1463 2376 42 18 pas
1517 2372 107 24 exagérer
1630 2372 171 27 .l’importance,
1819 2382 30 14 vu
1864 2383 45 19 que
1916 2377 22 20 la

1461 2398 106 25 majorité
1576 2400 31 20 du
1623 2400 103 27 Landtag
1740 2403 86 21 n’avait
1834 2411 40 18 pas
1879 2408 60 18 cette

1462 2427 103 24 opinion.
1574 2428 37 20 On
1622 2429 84 24 parlait
1713 2431 107 25 toujours
1828 2433 30 19 du
1866 2433 74 26 régio-

1463 2454 104 25 nalisme,
1576 2460 24 16 et
1607 2456 22 20 !e
1637 2457 86 21 témoin
1732 2458 35 21 fut
1775 2460 108 25 quelque,
1895 2468 44 19 peu

1463 2482 59 24 déçu
1530 2483 28 20 de
1567 2484 57 23 voir,
1634 2485 68 25 qu’on
1712 2487 135 25 n’entreprit
1855 2489 59 21 rien.

1487 2509 142 27 Cependant,
1641 2513 18 20 il
1672 2515 100 23 espérait
1785 2516 108 25 toujours
1901 2523 39 15 car

1463 2538 17 20 il
1488 2539 74 21 savait
1569 2546 46 19 que
1623 2540 30 21 M.
1662 2541 119 22 Millerand
1788 2543 111 23 élaborait
1907 2551 30 14 un

1464 2567 76 25 projet
1548 2568 28 20 de
1584 2568 40 21 loi.

1491 2594 83 25 Quand
1589 2600 50 16 v-nt
1652 2597 61 21 enfin
1730 2599 23 20 le
1770 2600 122 21 manifeste
1908 2601 31 20 du

1464 2622 167 26 Heimatbund,
1640 2625 118 22 Monsieur
1766 2627 29 20 de
1804 2627 78 26 Pange
1895 2629 45 20 n’é-

1463 2650 43 20 tait
1515 2652 125 20 nullement
1648 2653 93 25 étonné,
1749 2661 39 14 car
1795 2655 22 20 le
1823 2662 117 19 program-

1463 2684 38 14 me
1509 2679 27 20 de
1545 2679 60 22 Jean
1620 2680 129 27 Hennessy,
1759 2683 40 24 qui
1808 2688 35 16 est
1851 2684 22 20 le
1886 2686 51 19 sien

1462 2707 73 23 aussi,
1549 2708 95 26 dépasse
1658 2715 29 14 en
1703 2711 53 20 bien
1769 2711 42 20 des
1825 2713 77 23 points
1915 2713 23 20 le

1953 152 145 22 programme
2106 145 30 20 du
2150 142 165 23 Heimatbund.

1978 176 138 21 Différentes
2133 170 121 27 questions
2277 175 55 17 sont
2351 179 83 14 encore

1954 205 81 24 posées
2044 209 29 14 au
2082 200 96 21 témoin.

1979 232 18 20 Il
2006 231 87 21 affirme
2101 229 66 25 qu’au
2182 229 104 19 moment
2300 227 30 20 de
2343 228 92 20 l’entre-

1954 267 44 13 vue
2006 265 56 15 avec
2070 258 22 19 le
2098 257 40 20 Dr.
2143 253 100 24 Ricklin,
2253 254 91 21 celui-ci
2353 262 29 13 ne
2387 263 47 13 ma-

1954 287 102 21 nifestait
2064 291 90 15 aucune
2169 283 51 20 idée
2233 281 28 20 de
2276 283 158 24 séparatisme.

1980 316 32 20 M.
2021 313 93 24 Ricklin
2121 319 8 13 :
2138 309 84 27 Quand
2229 309 25 25 je
2268 316 59 15 vous
2336 310 22 20 ai
2372 311 24 20 lu
2410 312 22 19 la

1955 343 99 20 formule
2071 347 46 19 que
2130 339 39 26 j’ai
2178 337 101 25 déposée
2293 344 29 14 au
2336 338 99 21 Conseil

1955 369 116 23 National,
2079 369 65 20 aviez
2151 372 59 15 vous
2223 364 154 26 l’impression
2390 373 45 18 que

1954 399 37 24 j’ai
2005 399 37 25 agi
2057 397 58 20 dans
2128 393 100 23 l’intérêt
2242 392 30 20 de
2285 393 151 26 l’Allemagne

1956 430 23 16 et
1986 433 45 18 que
2036 424 77 26 j'étais
2121 430 29 13 au
2160 421 90 22 service
2258 420 30 20 de
2302 428 26 13 ce
2337 422 73 24 pays?

1983 453 106 22 Témoin:
2105 452 60 23 Non,
2186 455 57 18 non,
2265 450 170 20 certainement

1956 489 48 13 non
2009 482 6 20 !

1982 510 73 25 Après
2062 515 46 13 une
2117 504 161 24 intervention
2292 505 30 21 de
2333 505 36 21 Me
2378 506 58 20 Feil-

1958 538 40 23 let,
2006 536 124 26 rappelant
2137 534 112 26 quelques
2257 532 76 21 fautes
2342 533 39 26 qui
2396 537 42 17 ont

1958 566 36 19 été
2001 564 124 21 commises
2134 569 41 19 par
2183 562 22 20 le
2211 560 197 25 Gouvernement,
2414 561 23 20 la

1958 593 83 20 séance
2049 595 35 16 est
2090 591 65 20 levée
2164 593 23 17 et
2193 589 116 23 renvoyée
2315 589 13 20 à
2334 593 13 16 2
2353 588 84 21 heures

1958 620 26 21 l5
1992 621 30 19 de
2029 618 156 25 l’après-midi.

1960 667 95 22 Séance
2067 665 32 22 de
2109 665 74 22 lundi
2193 663 64 23 midi

1983 707 20 20 A
2011 707 141 20 l’ouverture
2159 705 29 19 de
2196 704 22 20 la
2224 704 84 19 séance
2313 704 29 19 de
2347 704 92 24 l’après-

1959 734 63 24 midi,
2028 734 37 21 Me
2069 733 81 25 Jaeglé
2156 732 81 21 insiste
2245 737 46 19 que
2297 731 35 21 les
2337 732 100 20 témoins

1959 762 76 20 soient
2043 761 114 21 entendus
2166 767 29 13 en
2205 759 100 25 premier
2312 759 47 21 lieu
2369 765 39 15 sur
2415 759 23 21 le

1961 797 12 12 «
1977 790 101 24 complot
2082 795 10 11 »
2099 792 24 17 et
2128 788 70 25 qu’ils
2203 787 126 25 indiquent
2333 788 35 19 les
2373 793 67 15 sour-

1960 823 38 14 ces
2005 818 58 19 dont
2071 816 29 20 ils
2115 816 106 20 tiennent
2228 815 64 20 leurs
2304 815 135 25 renseigne-

1961 849 81 16 ments.
2053 844 31 21 La
2093 844 62 20 Cour
2163 851 26 14 se
2204 844 90 20 déclare
2308 844 133 24 cependant

1960 873 173 25 incompétente
2144 878 29 14 en
2183 877 11 11 «
2201 875 61 17 cette
2276 872 98 20 matière
2382 878 20 18 »,
2415 875 25 17 et

1961 901 43 20 l’on
2014 900 110 21 continue
2138 900 122 20 l’audition
2275 900 41 20 des
2330 900 109 20 témoins.

1984 929 32 19 M.
2035 928 87 24 Bauer,
2140 927 159 21 commissaire
2316 928 29 20 de
2363 928 76 24 police

1961 956 95 24 spécial,
2072 956 130 25 réapparaît
2215 956 13 19 à
2242 956 22 19 la
2280 956 76 20 barre.
2372 955 19 21 Il
2406 956 34 19 dit

1961 990 46 18 que
2015 984 41 20 dès
2065 988 52 20 1920
2125 990 47 14 une
2179 989 127 19 campagne
2320 982 121 22 anti-fran-

1960 1012 62 23 çaise
2035 1015 36 17 est
2089 1018 75 14 venue
2180 1017 29 15 en
2226 1011 84 20 Alsace
2327 1018 40 18 par
2383 1011 55 21 MM.

1962 1039 86 25 Haegy,
2058 1039 73 20 Rossé
2139 1042 24 17 et
2171 1039 124 21 Fashauer.
2304 1039 67 21 Cette
2379 1045 61 14 cam-

1961 1073 74 19 pagne
2044 1073 13 14 a
2066 1067 97 25 préparé
2171 1068 22 20 la
2208 1067 53 20 voie
2268 1068 15 20 à
2291 1067 23 21 la
2329 1076 11 11 «
2347 1067 92 20 Volkss-

1962 1095 79 20 timme
2051 1101 19 13 ».

1987 1120 35 20 La
2030 1119 94 25 défense
2132 1120 114 21 demande
2255 1127 26 13 ce
2290 1127 46 19 que
2341 1126 39 15 ces
2386 1120 53 20 cho-

1962 1153 37 14 ses
2008 1152 41 16 ont
2057 1148 13 18 à
2079 1146 60 22 faire
2147 1148 39 20 ici.

1986 1175 33 20 Le
2026 1174 124 22 Président
2167 1182 111 20 repousse
2292 1180 65 17 toute
2370 1176 70 20 inter-

1962 1203 95 20 vention
2067 1206 24 16 et
2100 1204 77 24 répète
2185 1204 14 20 à
2207 1204 116 25 plusieurs
2332 1204 46 21 fois
2395 1210 46 19 que

1963 1231 76 20 c’était
2053 1231 13 19 à
2082 1231 32 20 lui
2123 1232 28 20 de
2160 1232 86 25 diriger
2255 1232 35 20 les
2299 1233 88 20 débats.
2401 1232 40 20 Me

1962 1258 102 21 Berthon
2072 1258 97 22 observe
2176 1266 6 14 :
2192 1259 59 21 Mais
2265 1260 107 25 toujours
2383 1259 56 21 dans

1963 1286 22 20 le
1993 1286 67 21 cadre
2068 1286 30 20 de
2104 1286 23 20 la
2135 1287 40 21 loi.

1987 1314 33 20 M.
2029 1315 80 20 Bauer
2122 1319 70 21 ayant
2205 1315 23 20 lu
2243 1316 43 20 des
2300 1315 96 21 extraits
2410 1316 30 19 de

1963 1342 104 21 discours
2081 1342 68 21 d’une
2162 1343 103 21 semaine
2282 1344 132 20 alsacienne
2426 1345 14 19 à

1963 1370 211 26 Donaueschingen
2191 1375 24 17 et
2230 1372 42 20 des
2290 1373 93 20 articles
2400 1372 39 20 des

1964 1405 11 11 «
1981 1397 200 23 Heimatstimmen
2189 1408 21 12 ».

1987 1426 39 20 Me
2032 1427 87 25 Jaeglé
2124 1428 113 21 demande
2255 1428 40 25 qui
2304 1429 63 20 donc
2378 1428 63 21 avait

1963 1453 41 21 fait
2012 1461 39 14 ces
2059 1455 153 22 traductions.

1988 1483 32 19 M.
2035 1482 78 21 Bauer
2126 1488 71 21 ayant
2213 1485 104 24 répondu
2336 1491 45 19 que
2397 1485 43 20 c’é-

1963 1510 71 21 taient
2047 1516 37 15 ses
2099 1511 110 26 bureaux,
2222 1512 34 20 les
2270 1517 86 17 avocat
2364 1513 77 20 s’indi-

1963 1542 71 20 gnent
2041 1542 80 18 contre
2129 1546 38 14 ces
2176 1540 168 22 «traductions
2359 1541 83 25 policiè

1964 1572 45 15 res.

1988 1595 38 20 Me
2033 1595 84 21 Feillet
2130 1596 98 21 observe
2234 1604 7 13 :
2251 1597 66 21 Voilà
2330 1598 109 20 l’homme

1964 1623 39 25 qui
2011 1629 26 14 se
2045 1624 87 20 servait
2139 1625 52 19 d’un
2201 1624 76 21 Riehl.

1988 1651 32 20 M.
2029 1651 81 21 Bauer
2118 1652 48 20 voit
2174 1653 22 20 le
2204 1653 104 25 complot
2317 1654 52 25 déjà
2382 1653 58 21 dans

1963 1679 22 20 le
1990 1685 86 20 groupe
2082 1680 40 20 des
2128 1681 182 21 collaborateurs
2316 1682 30 21 de
2351 1682 23 21 la
2379 1689 11 10 «
2397 1682 43 20 Zu-

1964 1707 68 21 kunft
2041 1715 10 10 »
2069 1708 55 25 qu’il
2141 1708 79 21 faisait
2236 1710 126 21 surveiller
2370 1716 43 19 par
2420 1711 23 19 la

1964 1736 86 24 police:
2071 1736 54 20 MM.
2142 1737 87 24 Schall,
2246 1737 92 25 Matter,
2356 1738 83 25 Hauss,

1963 1764 74 21 l’abbé
2043 1764 79 25 Zemb,
2128 1765 22 21 le
2158 1769 92 21 pasteur
2259 1765 123 26 HirtzeI,Ie
2389 1773 52 19 pas-

1963 1796 51 17 teur
2022 1792 99 21 Maurer.
2131 1793 18 21 Il
2158 1794 46 20 sait
2221 1794 30 20 où
2264 1794 29 21 ils
2306 1801 26 14 se
2344 1801 96 14 rencon-

1962 1821 84 21 traient
2055 1825 23 16 et
2086 1822 58 20 dans
2151 1822 77 26 quelle
2237 1822 116 22 brasserie
2362 1823 29 21 ils
2400 1824 41 20 bu-

1963 1850 78 21 vaient
2049 1850 52 21 leur
2108 1850 82 25 chope.

1988 1878 121 21 Revenant
2116 1879 14 20 à
2142 1879 22 20 la
2181 1888 11 11 «
2201 1879 128 26 Zukunft»,
2343 1880 24 20 le
2379 1886 61 15 com-

1963 1907 105 20 missaire
2074 1907 83 25 spécial
2164 1907 30 21 de
2201 1907 141 27 Strasbourg
2349 1908 91 21 déclare

1963 1941 45 19 que
2015 1941 42 15 son
2066 1941 145 19 programme
2224 1936 81 21 n’était
2317 1943 42 19 pas
2367 1937 74 20 sincè-

1963 1969 25 14 re
1994 1967 24 17 et
2025 1963 55 25 qu’il
2093 1964 55 20 était
2165 1965 276 26 «autonomo-séparatis-

1963 1996 47 16 te».

1987 2019 32 22 Ce
2035 2026 146 20 programme
2195 2024 36 17 est
2244 2021 148 25 simplement
2408 2028 31 14 un

1964 2048 193 26 «trompe-l’oeil»,
2167 2050 131 24 prétextant
2311 2050 23 20 le
2347 2056 94 19 rappro-

1963 2077 106 20 chement
2076 2077 41 20 des
2127 2077 97 25 «poples
2232 2085 12 12 »
2258 2077 64 26 (sic.)
2331 2077 34 22 En
2378 2078 61 24 effet,

1963 2106 22 19 la
1994 2104 119 22 «.Zukunft
2121 2112 11 11 »
2142 2106 56 20 dans
2207 2111 43 15 son
2260 2107 99 20 numéro
2368 2106 30 20 du
2414 2111 26 15 22

1963 2134 45 20 mai
2017 2132 49 27 1926
2074 2139 75 15 avoue
2154 2133 162 22 franchement
2323 2135 72 20 d’être
2403 2141 40 14 au-

1963 2162 125 20 tonomiste
2095 2165 22 17 et
2128 2162 82 25 qu’elle
2218 2168 24 14 se
2249 2162 76 21 battra
2331 2163 107 26 jusqu’au

1963 2190 56 20 bout
2041 2195 59 20 pour
2112 2190 88 21 arriver
2216 2190 13 20 à
2243 2191 149 21 l’autonomie
2411 2191 31 21 du

1963 2223 81 20 pays.»
2063 2217 120 26 Quelques
2200 2219 59 20 mois
2274 2219 54 25 plus
2347 2219 50 21 tard
2411 2220 21 20 la

1963 2245 102 22 Zukunft
2073 2253 11 12 »
2094 2246 77 25 publia
2179 2254 31 13 un
2215 2253 148 20 programme
2370 2250 72 18 nette-

1963 2284 65 16 ment
2033 2280 147 24 séparatiste.

1988 2305 124 21 Président
2117 2312 8 14 :
2130 2304 136 28 Interprète,
2272 2307 171 21 cherchez-moi

1965 2337 36 17 cet
2007 2333 80 21 article
2097 2334 39 25 qui
2144 2338 36 17 est
2187 2335 46 20 très
2241 2335 150 21 intéressant.

1989 2362 38 20 Me
2034 2362 72 20 Peter
2110 2369 8 13 :
2123 2362 30 20 M.
2159 2363 22 20 le
2189 2363 128 25 président,
2327 2367 116 17 comment

1964 2396 136 14 savez-vous
2107 2396 47 19 que
2162 2395 37 16 cet
2211 2391 80 20 article
2299 2396 36 16 est
2348 2392 96 20 intéres-

1965 2422 52 16 sant
2024 2418 12 20 ?

1990 2446 123 21 Président
2120 2445 97 27 (agitant
2224 2447 22 20 la
2255 2447 89 26 cloche)
2351 2455 6 14 :
2365 2447 78 22 Conti-

1966 2481 66 16 nuez:
2040 2475 131 20 continuez.

1990 2503 103 21 L’article
2099 2504 61 20 estlu
2172 2510 41 19 par
2223 2504 150 26 l’interprète.
2379 2504 63 22 Nous

1965 2537 129 19 apprenons
2106 2538 46 19 que
2166 2533 21 19 la
2197 2540 11 11 «
2217 2532 104 21 Zukunft
2329 2540 12 11 »
2358 2532 84 21 défend

1965 2565 31 13 un
2013 2565 146 19 programme
2180 2559 141 25 fédéraliste,
2345 2562 56 19 dont
2421 2561 23 20 le

1964 2591 76 16 comte
2047 2587 58 20 Jean
2114 2588 29 19 de
2151 2588 79 25 Pange
2238 2592 37 16 est
2282 2589 66 20 aussi
2361 2595 33 13 un
2410 2595 37 13 ar-

1965 2614 56 20 dent
2029 2614 130 22 défenseur.

1964 2677 101 22 Aiacciu
2073 2689 30 4 —
2114 2677 133 30 Stampària
2260 2678 24 22 di
2298 2680 23 21 A
2333 2679 107 26 Muvra,

1964 2718 14 14 u
1991 2710 232 24 DirelLore-Gei-enLe
2231 2719 6 15 :
2251 2712 72 22 Petru
2333 2712 107 23 ROCCA

6 2820 75 22 A'liUimi
84 2825 19 18 di
106 2823 229 21 Alvluvra—ü.102—di
340 2828 13 13 u
358 2820 88 21 20-10-28

19 2877 227 59 PASÛUALE
277 2879 145 51 PA6L1

180 2953 67 19 OSSIA

28 2984 30 37 h
74 2989 80 36 Kotfa
170 2989 32 36 di
215 2988 177 37 fônîenuMù

6 3033 247 36 LlCONTOCORSO
259 3040 185 28 DELSECOLO

168 3079 85 23 XVIII

200 3114 24 18 DI

72 3148 32 25 F.
118 3149 36 25 D.
171 3148 176 27 Guerraszi

151 3250 126 31 [Seguito)

6 3289 61 32 .C°si
78 3300 95 23 almeno
183 3301 25 21 la
228 3304 108 24 pensava
348 3298 18 21 il
382 3297 66 21 buon

6 3326 90 33 ';utarco,
111 3334 44 21 che
168 3335 20 21 ci
210 3333 77 23 lasciò
306 3336 65 18 nove
390 3328 58 24 libri

14 3358 6 32 !
27 3357 84 40 d|spute
124 3367 136 26 convivali,
273 3366 31 21 ed
322 3365 25 21 io
360 3364 24 21 di
398 3364 53 25 leg-

6 3389 41 24 6’!eri
56 3401 101 22 Onsento
169 3406 46 17 con
225 3401 35 21 lui
271 3405 7 15 :
293 3398 107 24 l’anima,
412 3400 38 17 co-

37 3430 80 30 Quella,
131 3434 44 22 che
186 3440 46 22 per
247 3433 53 22 ozio
312 3437 50 16 non
374 3430 23 22 si
416 3434 35 16 ir-

6 3456 103 36 Adnisce,
122 3473 14 16 e
147 3470 73 20 tratta
232 3465 100 24 alacrità
344 3464 39 21 dal
401 3462 50 22 rin-

6 3490 65 43 ^vAto
78 3500 89 28 vigore
178 3501 41 22 del
231 3504 76 23 corpo
317 3503 79 23 prova
404 3501 47 16 con

6 3525 42 39 ^C°J
59 3533 14 16 0
85 3537 46 17 con
142 3535 82 26 altrui,
236 3531 106 25 concetti
355 3536 14 16 e
378 3528 74 29 parti-

6 3558 81 43 ^Prima
97 3565 25 22 di
139 3569 109 21 metterli
266 3567 24 22 in
309 3564 101 29 pratica.
422 3561 30 21 In

7 3590 56 31 ;ett°
81 3597 23 22 le
124 3600 96 27 dispute
237 3604 38 19 tra
291 3599 34 29 gli
338 3597 46 23 ami
388 3596 22 22 ci
430 3595 21 21 si

6 3621 81 48 f^sOno
106 3637 151 23 paragonare
277 3634 47 22 alla
342 3630 110 23 scherma

10 3656 24 46 jju
42 3657 21 22 la
73 3666 70 20 quajg
191 3667 97 22 soldato
300 3667 22 21 si
340 3663 114 24 addestra

8 3690 85 42 ^A^’ere
100 3697 125 29 battaglie.
236 3700 111 25 Platone,
357 3697 98 23 Aristo-

16 3729 6 11 5
32 3725 96 26 upicuro
140 3738 13 14 e
164 3733 9 21 i
185 3731 76 24 Greci
272 3733 66 25 tutti,
358 3729 62 24 assaî
431 3728 22 22 si

472 2821 134 28 piacevano
628 2819 24 22 di
673 2817 113 24 cosiffatti
810 2817 117 27 colloquii
937 2822 5 20 ;

473 2855 113 22 Plutarco
597 2859 32 15 ne
637 2853 111 21 formava
756 2857 42 16 sua
808 2850 94 26 delizia,
912 2849 32 22 nè

473 2889 9 22 i
492 2887 108 24 Romani
618 2886 122 25 rimasero.
749 2890 13 16 a
774 2884 78 23 dietro
864 2884 24 20 di
908 2883 37 22 lo-

473 2928 38 21 ro,
520 2928 14 15 e
545 2920 96 29 quando
654 2919 113 22 Plutarco
777 2919 112 21 racconta
901 2916 44 22 che

475 2954 122 25 Cornelia,
622 2953 59 22 orba
694 2952 24 22 di
742 2951 90 22 marito
846 2957 14 15 e
872 2950 25 21 di
918 2949 28 22 fi-

474 2987 85 30 gliuoli
571 2988 26 21 in
609 2988 94 20 cotesta
720 2991 43 15 sua
774 2985 58 21 villa
844 2984 40 22 nel
900 2983 46 22 Mi-

474 3028 69 20 seno,
555 3021 66 27 dopo
633 3020 18 22 il
664 3018 98 23 convito
774 3019 133 21 consolava
922 3017 23 20 la

475 3063 43 16 sua
536 3054 142 23 vecchiezza
689 3052 160 22 discorrendo
862 3050 24 22 di
905 3050 42 21 Ti-

475 3091 69 23 b.erio
556 3094 13 17 e
590 3088 23 21 di
628 3086 59 23 Caio
702 3084 114 27 Gracchi,
833 3085 64 22 délia
908 3084 38 21 in-

475 3125 64 24 dole,
558 3120 40 23 dei
609 3119 108 23 concetti
730 3125 14 15 e
756 3119 64 21 delle
840 3119 107 26 imprese

474 3159 51 21 loro
547 3160 46 18 con
603 3154 82 22 lah.bra
708 3157 84 17 severe
804 3152 30 21 da
854 3151 93 27 disgra-

475 3192 75 21 darne
572 3188 80 27 quelle
673 3186 66 22 délia
760 3185 86 26 storia,
865 3184 25 22 io
913 3183 33 23 ho

476 3225 84 28 pianto
571 3222 26 21 di
615 3221 78 21 moite
704 3219 110 25 lacrime,
829 3224 13 15 e
861 3218 87 21 volen-

477 3258 54 22 tieri
552 3257 22 21 lo
596 3253 124 23 confesso.
739 3263 27 5 —
787 3251 97 22 Intanto
903 3256 45 21 per

476 3288 174 25 incomînciare
667 3288 30 21 da
709 3291 39 17 me
760 3284 54 29 (chè
831 3285 17 21 il
867 3290 80 21 primo

476 3324 121 28 prossimo
608 3321 15 21 è
632 3320 26 22 sè
668 3318 88 29 stesso)
765 3319 25 21 io
798 3317 150 22 desidererei

478 3358 44 22 che
544 3356 33 23 mi
601 3355 102 24 diceste,
729 3352 86 27 signor
839 3351 107 24 Boswel,

477 3391 82 22 donde
577 3388 106 21 avviene
708 3385 45 22 che
775 3385 42 21 voi
839 3388 51 17 non
912 3383 35 21 mi

478 3424 118 23 chiamate
607 3421 48 21 mai
668 3419 115 29 generale
790 3419 12 20 ?
812 3417 34 22 Fu
856 3422 46 23 per
911 3422 38 16 ca-

478 3464 36 19 so,
527 3459 93 20 owero
633 3459 46 16 con
688 3449 144 26 ’intenzione
843 3451 46 21 che
904 3450 44 21 voi

477 3492 35 22 mi
523 3490 73 22 avete
609 3487 121 22 chiamato
750 3490 95 22 sempre
862 3482 87 28 signor

480 3524 68 23 Paoli
557 3523 12 22 ?

546 3557 27 22 Io
585 3555 24 21 lo
621 3553 49 22 feci
681 3554 102 26 apposta
793 3558 5 19 ;
810 3552 19 20 il
838 3549 73 23 titolo
922 3548 26 21 di

479 3589 115 31 generale
612 3586 110 22 dichiara
734 3591 46 16 una
792 3581 91 30 qualité
903 3581 46 22 che

479 3623 129 30 possedete
640 3624 105 17 comune
778 3623 46 16 con
852 3614 97 23 infinita

480 3658 94 22 schiera
588 3655 23 21 di
627 3651 101 26 uomini,
742 3657 14 15 e
767 3651 24 21 di
807 3655 43 23 per
862 3648 26 21 sè
899 3653 49 16 non

481 3691 112 28 significa
610 3687 93 25 niente,
723 3686 96 20 mentre
837 3683 18 21 il
876 3686 74 16 nome

481 3725 69 23 Paoli
561 3722 35 23 mi
606 3720 159 28 rappresenta
773 3723 34 16 un
815 3720 74 18 uomo
899 3719 52 17 me-

970 2815 103 23 ritevole
1094 2815 64 22 dello
1179 2820 81 16 amore
1281 2815 38 22 dei
1338 2815 75 22 buoni
1426 2821 13 16 e

971 2848 227 23 dell’ammirazione
1211 2848 22 21 di
1249 2849 67 21 tutti.

996 2893 29 5 —
1034 2881 118 28 Cospetto
1164 2881 6 21 !
1178 2882 95 27 riprese
1282 2882 18 22 il
1313 2882 66 22 Paoli
1390 2888 49 16 sor-

971 2915 111 26 ridendù,
1102 2920 108 23 pensava
1225 2916 108 21 dovervi.
1340 2915 51 22 fare
1407 2921 33 16 un

972 2949 65 22 serio
1057 2948 103 26 rabuffo,
1182 2948 32 22 ed
1233 2954 43 16 ora
1294 2950 34 21 mi
1345 2950 69 21 tocca
1425 2955 14 16 a

971 2982 169 28 ringraziarvi.

997 3027 29 5 —
1035 3014 53 23 Che
1108 3015 50 22 dite
1177 3015 57 25 mai,
1254 3016 51 22 mio
1320 3021 99 23 signore
1427 3017 13 21 ?

973 3049 65 23 Sono
1050 3049 24 21 io
1087 3048 46 22 che
1144 3049 64 21 devo
1225 3048 148 29 ringraziare
1388 3050 50 25 voi,

972 3082 180 28 imperciocchè
1172 3082 143 23 stanziando
1334 3089 12 15 a
1364 3082 76 23 Roma

973 3117 24 21 io
1010 3120 47 17 con
1070 3114 98 23 infìnito
1191 3115 125 23 sconforto
1336 3117 103 21 contem-

972 3150 49 28 plai
1032 3150 26 20 in
1069 3149 65 27 quali
1145 3148 137 22 miserabili
1294 3150 86 21 rovine
1392 3150 48 26 puô

972 3182 141 23 traboccare
1126 3188 33 15 un
1171 3182 101 27 popolo,
1287 3188 13 16 e
1320 3182 42 28 più
1377 3183 63 22 delle

974 3218 77 20 stesse
1066 3216 89 21 rovine
1174 3215 34 21 mi
1227 3215 87 23 umiliò
1332 3215 109 28 l’aspetto

974 3250 62 22 délia
1046 3249 82 22 hrutta
1138 3248 93 22 l’ellera
1243 3248 47 23 che
1303 3250 24 21 le
1337 3249 103 28 ricopre.

1000 3294 28 5 —
1036 3282 27 22 Io
1083 3288 52 16 non
1152 3282 34 22 ho
1197 3282 49 21 mai
1265 3282 68 22 visto
1351 3282 91 23 Reliera

974 3316 24 22 di
1011 3316 39 21 cui
1061 3316 101 26 parlate.

1001 3348 22 22 11
1034 3349 101 26 signore
1144 3348 119 22 Gîacomo
1275 3348 64 23 esitò
1346 3350 98 27 alquan-

974 3384 34 24 to,
1035 3387 39 15 ma
1100 3381 127 22 all’ultimo
1253 3382 190 22 animosamente

975 3414 119 24 continué
1104 3421 6 14 :
1119 3426 30 5 —
1156 3415 102 22 intendo
1270 3415 54 21 dire
1334 3415 23 21 la
1369 3415 73 23 Corte

974 3453 107 18 romana.
1086 3460 29 4 —
1122 3448 51 28 Egli
1183 3448 115 21 dubitava
1306 3447 77 23 dover
1391 3455 50 16 sos-

973 3485 85 19 tenere
1068 3488 35 15 un
1116 3481 115 22 rovescio
1243 3482 25 20 di
1284 3482 158 26 riprensioni,

976 3515 66 22 forse
1052 3514 133 29 d’ingiurîe
1195 3520 46 21 per
1251 3516 69 25 parte
1332 3513 38 23 dei
1380 3515 63 27 preti

976 3554 13 15 e
1001 3548 38 21 dei
1055 3547 55 22 frati
1125 3547 69 27 quivi
1214 3547 108 24 adunati,
1339 3553 39 16 ma
1397 3554 45 17 con

975 3586 45 17 suo
1030 3582 100 25 stupore
1142 3580 48 21 essi
1203 3585 50 16 non
1266 3580 82 22 fecero
1365 3587 78 17 cenno

974 3613 53 28 pro’
1037 3613 32 21 nè
1080 3615 95 22 contro,
1186 3618 49 17 non
1248 3613 140 23 altramente
1400 3615 43 22 che

976 3653 27 15 se
1015 3646 95 22 fossero
1122 3646 57 22 stati
1191 3647 63 20 santi
1264 3646 87 22 dentro
1361 3647 24 21 le
1394 3649 51 21 nic-

977 3680 63 22 chie.
1050 3691 29 5 —
1088 3680 68 21 Bene
1166 3679 7 20 !
1187 3680 40 26 qui
1240 3679 129 28 all’oposto
1378 3681 66 22 l’ani-

976 3719 40 17 ma
1025 3713 35 22 mi
1071 3714 22 21 si
1105 3713 110 27 riaperse
1223 3713 46 21 alla
1278 3717 115 23 speranza
1402 3721 41 21 pu-

1465 2815 93 23 rifìcata
1577 2818 66 21 dallo
1663 2820 136 26 spettacolo
1813 2821 24 21 di
1851 2827 32 16 un
1895 2827 46 23 po-

1466 2850 59 25 polo
1542 2850 46 22 che
1600 2851 93 28 risorge
1704 2860 45 20 per
1764 2853 82 23 l'aiuto
1862 2856 78 26 prima

1466 2882 26 22 di
1506 2882 58 28 Dio,
1576 2890 14 16 e
1602 2885 42 27 poi
1657 2885 25 22 di
1694 2892 16 15 u
1725 2888 92 26 grande
1827 2894 86 17 uomo,

1493 2928 30 4 —
1536 2916 45 23 Voi
1603 2918 54 22 altri
1679 2919 90 28 Inglesi
1781 2921 27 21 vi
1826 2922 115 22 rassomi-

1465 2950 75 26 gliate
1560 2952 22 20 al
1602 2953 99 21 métallo
1722 2953 44 22 che
1787 2957 91 24 quanto
1897 2955 44 29 più

1465 2983 68 22 tarda
1544 2984 30 21 ad
1585 2987 175 26 arroventarsi,
1772 2989 169 22 tantoinfoca-

1465 3018 27 20 to
1504 3017 43 26 più
1559 3018 20 21 ci
1594 3018 67 22 arde.
1675 3019 98 29 Troppo
1784 3023 74 21 tratto
1871 3028 69 16 corre

1465 3051 39 20 tra
1516 3053 87 25 questo
1615 3053 93 26 popolo
1721 3059 13 15 e
1747 3054 18 22 il
1776 3060 102 17 roman0
1889 3064 6 18 ;
1909 3056 33 21 al-

1466 3083 33 22 tri
1511 3084 7 21 i
1538 3086 77 26 tempi
1629 3091 13 15 e
1659 3085 9 21 i
1680 3085 52 27 fini,
1755 3087 8 22 i
1775 3089 66 25 quali
1863 3088 77 23 anche

1466 3118 108 25 potendo
1598 3118 119 23 aborrirei
1740 3121 22 21 si
1788 3126 152 22 proponesse

1466 3151 62 26 pari,
1541 3151 90 22 dacchè
1643 3151 7 21 i
1660 3154 95 21 romani
1765 3154 109 23 intesero
1885 3156 55 22 vin-

1467 3189 57 16 cere
1534 3190 14 15 e
1560 3184 57 22 dare
1628 3185 67 28 leggi
1706 3187 23 21 al
1739 3188 101 26 mondo,
1851 3194 14 15 e
1875 3195 14 15 a
1897 3189 43 21 noi

1466 3217 146 23 basterebbe
1623 3224 49 16 non
1685 3220 21 21 si
1717 3220 160 23 frastornasse
1886 3227 55 17 nes-

1467 3255 71 21 suno,
1557 3251 73 29 paghi
1643 3252 25 21 di
1686 3252 51 22 fare
1756 3254 68 28 leggi
1836 3261 43 21 per
1896 3256 43 21 noi

1468 3283 58 22 soîi.
1537 3284 99 27 Quanto
1648 3291 14 16 a
1673 3292 41 15 me
1726 3287 17 21 il
1758 3292 75 17 cuore
1843 3289 35 21 mi
1890 3289 51 27 pal-

1467 3317 53 26 pita
1539 3323 70 17 corne
1628 3323 14 16 a
1659 3324 113 21 xomano,
1792 3326 40 16 ma
1851 3322 19 20 il
1888 3321 52 22 mio

1468 3351 67 26 petto
1543 3350 14 22 è
1565 3353 104 26 angusto
1679 3358 5 19 ;
1694 3358 28 16 se
1731 3354 25 21 io
1765 3353 27 21 vi
1803 3354 57 26 paio
1869 3360 73 22 gran-

1469 3383 31 21 de
1511 3389 52 16 non
1573 3384 14 22 è
1604 3385 90 22 merito
1706 3386 46 22 che
1763 3387 35 20 mi
1813 3390 129 24 apparten-

1468 3422 39 22 ga,
1520 3417 71 22 bensi
1604 3418 67 26 colpa
1683 3419 41 21 dei
1734 3420 77 27 tempi
1822 3426 6 20 ;
1841 3420 24 22 io
1878 3426 62 17 sono

1468 3451 93 26 grande
1578 3456 71 16 corne
1666 3452 24 20 le
1702 3453 85 21 ombre
1807 3453 133 22 diventano

1468 3483 93 28 lunghe
1572 3485 25 20 al
1605 3487 124 20 tramonto
1740 3486 42 21 del
1793 3488 53 19 sole
1855 3493 6 19 ;
1871 3492 72 22 gran-

1470 3516 31 20 de
1518 3516 62 22 délia
1591 3517 133 27 piccolezza
1742 3519 73 21 altrui
1826 3526 6 17 ;
1845 3520 26 21 in
1889 3519 53 22 vile

1469 3550 84 20 secolo
1573 3555 66 17 eroe.
1660 3549 32 22 Se
1705 3551 95 27 grande
1818 3552 134 29 iofossiej

1468 3583 135 22 metuendo
1614 3583 118 27 davvero,
1742 3585 9 20 i
1763 3586 100 21 sovrani
1874 3582 68 25 corne
1949 3582 4 8 1

1470 3614 117 23 Caterina
1607 3616 24 22 di
1646 3616 91 22 Russia
1749 3624 13 14 e
1781 3617 118 23 Federico
1916 3618 25 21 di

1470 3648 99 22 Prussia
1578 3655 50 15 non
1638 3650 21 20 si
1667 3650 217 23 trastullerebbero
1891 3656 53 17 me-

1470 3686 30 17 co
1511 3687 69 16 corne
1594 3687 46 16 con
1650 3683 104 21 ninnolo
1766 3684 92 22 strano.

1498 3726 30 5 —
1534 3714 83 26 Bene;
1641 3721 51 16 non
1713 3718 93 25 poteva
1826 3722 83 17 essere
1928 3723 14 15 a

1967 2828 73 17 meno
2062 2822 46 23 che
2124 2825 44 21 voi
2184 2825 34 21 mi
2235 2824 128 23 favellaste
2382 2824 59 27 cosi,

1967 2857 89 22 dacchè
2068 2857 23 21 la
2102 2858 121 22 modestia
2234 2857 74 23 formi
2327 2858 115 22 massima

1966 2892 71 25 parte
2048 2891 64 21 délia
2123 2892 141 27 grandezza,

1993 2935 29 5 —
2031 2923 171 29 V’ingannate,
2214 2925 25 21 io
2248 2925 24 21 la
2280 2930 81 22 penso
2374 2930 69 17 corne

1966 2957 23 21 la
2000 2957 63 26 dico,
2080 2962 14 16 e
2106 2963 27 15 se
2145 2958 34 21 mi
2191 2963 126 23 paragono
2339 2957 38 23 co’
2385 2958 55 22 vivi

1966 2991 33 20 mi
2016 2992 71 20 sento
2099 2991 101 27 grande,
2217 2997 39 15 ma
2268 2992 24 21 io
2311 2992 37 21 mi
2364 2993 77 20 metto

1966 3023 26 22 in
2012 3023 130 23 confronto
2161 3025 37 21 co'
2210 3025 84 25 morti,
2309 3031 14 15 e
2343 3026 26 21 lo
2387 3030 56 21 sgo-

1966 3059 84 20 mento
2068 3057 35 21 mi
2121 3059 88 21 assale.
2230 3057 86 23 Lascio
2329 3059 31 21 da
2376 3060 68 26 parte

1967 3089 91 23 Cesare
2070 3090 31 21 ed
2112 3096 62 17 anco
2184 3091 164 27 Alessandro,
2358 3092 18 21 il
2388 3097 57 21 qua-

1966 3123 24 21 le
2001 3125 86 26 reputo
2107 3124 117 28 migliore
2242 3125 66 20 assài
2320 3124 65 22 délia
2401 3130 44 16 sua

1966 3155 72 28 fama,
2050 3156 46 22 chè
2108 3163 13 15 a
2132 3162 87 22 parère
2228 3157 52 22 mio
2291 3158 26 21 lo
2330 3158 113 27 denigra-

1966 3195 63 17 rono
2040 3191 9 20 i
2061 3190 55 21 suoi
2124 3191 109 27 generali
2242 3196 46 22 per
2296 3191 62 22 farlo
2369 3196 73 17 meno

1967 3223 164 22 desiderabile
2142 3224 23 21 ai
2185 3223 74 23 Greci
2272 3224 66 28 dopo
2357 3225 85 21 averlo

1967 3257 153 23 ammazzato,
2134 3262 14 16 e
2158 3262 83 16 messo
2254 3257 25 21 in
2292 3258 72 21 brani
2380 3257 64 22 l'im-

1966 3294 72 21 pero:
2046 3289 154 22 misuratemi
2209 3295 47 16 con
2266 3290 175 27 Epaminonda,

1967 3327 46 16 con
2034 3321 125 28 Pelopida,
2182 3328 48 17 con
2247 3322 140 27 Trasibulo,
2408 3324 34 21 mi

1966 3356 126 20 troverete
2103 3355 43 27 più
2164 3357 70 20 corto
2246 3356 40 22 ebi
2308 3362 27 16 sa
2354 3359 90 25 quante

1968 3393 93 22 spanne
2072 3394 6 19 ;
2091 3388 53 21 anzi
2161 3395 114 22 neppure
2286 3395 48 16 con
2354 3390 90 22 Ajratro

1968 3422 25 20 io
2003 3423 35 20 mi
2050 3426 76 23 posso
2139 3425 104 19 mettere
2255 3429 14 15 a
2280 3425 79 25 petto,
2373 3423 45 21 che
2429 3430 14 15 a

1966 3455 35 21 lui
2021 3454 75 23 riusci
2113 3455 174 28 impadronirsi
2309 3456 135 23 dell'Acro-

1968 3488 106 26 corinto,
2090 3491 99 19 mentre
2198 3490 26 20 io
2235 3494 52 17 non
2305 3491 83 27 giunsi
2399 3497 46 21 per

1968 3519 66 23 forza
2054 3525 17 18 o
2092 3526 47 22 per
2160 3523 110 27 ingegno
2293 3529 14 15 a
2327 3530 116 22 superare

1968 3554 117 27 giammai
2095 3561 50 15 una
2155 3558 66 19 terra
2232 3559 105 20 murata.

2137 3680 157 32 (Cuntznua)
