2590 3832
41 513 39 21 La
82 497 96 33 menti

73 543 30 25 di
117 541 16 13 "
142 532 93 28 Caffè
246 532 18 11 ”

33 596 11 11 ♦

31 630 10 7 „
50 621 71 16 ..:oqimu
129 611 101 21 cameratu,

30 630 22 40 ?e
68 643 90 24 impiangu
166 637 18 17 la
193 636 104 17 staccanza,

30 656 39 31 IL
79 667 96 22 iruvamtm
187 663 56 18 sopra
256 658 42 17 locu

30 680 22 34 5,
65 697 26 17 sla
104 690 54 20 irlsla
173 684 125 20 circuslanza,

30 704 268 41 Sencbèuduveremicbiami

31 730 12 42 5
50 745 37 23 fatti
95 744 18 17 la
120 736 143 22 cunduglian/.a.

32 826 16 13 nl
55 819 32 20 icjii
94 814 77 25 gbiornu
180 809 20 18 di
210 805 88 21 tristizial

31 825 267 41 ïïonalrenladiJénnaghiu!

34 854 51 37 A^biu
92 867 54 22 prèsu
155 860 44 19 nota
213 863 20 13 in
248 857 50 17 lutta

34 902 11 8 n
69 891 38 19 fstli
119 889 20 18 lu
152 882 135 23 mandataghm
293 885 6 17 ;

34 893 218 53 Î^Udl-fW»-

33 928 77 42 gjUssi
122 936 49 23 digià
178 939 20 13 in
212 932 87 23 viaghiu.

32 1024 41 18 Cane
79 1016 17 19 di
104 1011 77 26 patente
189 1009 68 19 st.ma,

32 1046 28 19 Hd
67 1048 21 14 eu
95 1041 18 17 la
120 1037 60 19 morte
189 1039 17 12 si
213 1033 87 21 cbiappa;

31 1073 50 20 Nome
87 1065 18 19 di
113 1062 55 24 guslu
180 1064 11 13 e
199 1059 36 18 ben
244 1058 45 17 dalu
294 1061 5 16 ;

32 1098 18 19 pi
60 1095 27 18 fra
94 1092 17 17 le
119 1086 50 20 mani
177 1090 27 13 mi
213 1082 79 23 scappa!

32 1117 81 25 Suvenire
120 1110 95 26 pasturale

31 1148 18 18 Di
53 1141 60 23 lusgiô
119 1137 108 20 Ghiuvanru
233 1134 67 21 Cappa.

31 1222 21 18 Da
59 1219 18 17 la
83 1218 46 21 pena
137 1215 39 15 nun
185 1209 26 18 mi
218 1208 46 23 jova

30 1245 29 20 Più
67 1242 22 18 nè
97 1243 32 20 pas
131 1239 19 16 tu
160 1240 24 13 ne
197 1232 92 24 spuntinu
295 1236 5 17 ;

30 1272 43 18 Cane
80 1268 52 16 rossu
141 1267 11 13 e
159 1259 100 20 cintulalu,

30 1293 75 22 Barbutu
112 1293 31 14 era
151 1287 19 18 di
178 1284 82 20 razzinu,

30 1318 78 22 Allivatu
116 1310 115 22 cbiuculellu

31 1342 74 23 Sempr’a
115 1339 46 18 laite
169 1334 99 25 pecurinu.

31 1415 73 21 L’affare
111 1411 12 18 è
130 1410 30 23 già
168 1407 92 20 rivolutu,

31 1443 36 18 A'un
74 1439 14 18 li
96 1441 56 19 possu
161 1434 33 23 più
203 1434 23 17 (là
234 1436 55 16 cura;

33 1468 23 17 Lu
64 1461 99 21 me’-cerbu
174 1458 118 19 stumaculu,

30 1490 103 20 Cacciadore
141 1486 20 18 di
171 1485 73 17 misura
253 1482 5 18 !

30 1514 67 22 Benchè
105 1510 121 23 fussî,adilla
232 1508 71 20 franca,

31 1541 110 20 Codi-mozzu
150 1536 20 18 di
178 1536 76 17 natura.

30 1615 20 17 La
58 1611 75 19 billezza
137 1613 40 13 nun
186 1607 17 18 si
208 1606 63 20 conta,

30 1637 76 20 farebbe
113 1632 125 21 rivoluzione.

19 1663 48 20 Tanli
70 1659 87 26 sguerzia
161 1658 68 23 questu
234 1655 70 18 mondu

30 1686 132 21 Ch’ammalanu
174 1684 21 17 lu
204 1682 90 22 padrone,

29 1713 90 20 Pinsendu
126 1710 31 19 ebi
165 1710 17 16 la
191 1708 88 18 so’morte

30 1736 13 22 È
49 1744 25 13 uu
81 1737 82 19 vilinosn
171 1735 83 17 buccone
261 1731 5 18 !

29 1811 23 18 La
59 1811 67 17 natura
133 1807 11 18 è
153 1806 107 19 maladetta,

29 1836 25 18 Lu
61 1834 73 18 distinu
141 1833 11 18 è
159 1830 92 20 infernale
258 1829 5 18 !

29 1862 34 17 Per
71 1864 35 16 me,
113 1860 30 17 stu
152 1858 54 21 colpu
214 1856 92 17 d’accelta

28 1886 49 18 M’ha
84 1885 80 18 cannatu
171 1883 21 17 lu
200 1881 72 18 murale
284 1893 20 5 ...

29 1910 82 19 Animale
116 1908 102 23 diplumatu

30 1936 27 18 Pe’
63 1935 18 18 la
86 1938 52 14 corsa
146 1934 66 17 contru
221 1932 51 17 l’ale.

85 1974 5 8 \

31 2009 23 17 Lu
61 2006 45 19 tinla
114 2006 59 17 nott’e
181 2004 82 23 gbiornu

33 2031 47 20 ’S’un
87 2031 88 18 ricovaru
181 2029 91 23 perfettu,

31 2055 179 24 Unu’aspittendumi
218 2054 38 17 mai

31 2084 24 18 Ad
63 2087 25 13 un
96 2081 64 18 simile
168 2080 98 22 suggettu;

31 2108 26 18 Ma
64 2107 26 19 c’è
98 2110 73 18 sempre
177 2104 128 24 qualcbidunu

32 2133 109 19 Ch’uncerca
144 2131 42 18 cb’a
191 2129 115 22 fàdispettu.

31 2206 21 17 La
59 2204 70 18 nutizia
137 2204 24 23 pè
168 2209 13 13 u
190 2202 100 21 Pumonte,

31 2231 107 21 Dapertuttu
147 2231 11 17 è
166 2229 102 19 sumînala.

31 2256 134 21 Partinellacci,
171 2255 32 18 ebi
209 2253 38 18 mai

31 2281 131 22 Nassaghianu
166 2281 45 17 inde
217 2278 90 20 l’annata,

32 2306 18 17 Di
57 2307 19 17 la
84 2307 60 17 caccia
152 2306 14 17 li
175 2304 71 24 sparlià

32 2330 95 23 Ciarbelle,
133 2335 43 14 core
184 2335 11 13 e
203 2330 74 18 curata.

33 2402 70 21 Qnantu
112 2402 58 18 fidele
179 2406 11 14 e
198 2401 20 18 di
227 2404 57 17 nasu,

16 2426 198 24 Ghiambi-leggiardr’e
222 2429 91 15 manescu

33 2452 49 18 Tanti
90 2453 56 22 rigali
154 2458 11 13 a
172 2452 77 21 l’amici,

34 2476 96 24 Cumpletti
136 2478 64 22 d’ogni
209 2477 92 18 rifresen:

33 2502 80 22 Parnice,
119 2503 59 22 levra,
185 2502 104 21 muvrellu,

35 2527 53 19 Carne
96 2533 11 13 e
115 2528 70 23 coghiu
197 2528 116 22 cignalescu.

35 2597 77 20 L’amicu
121 2598 55 19 Cardi
189 2603 25 13 un
222 2598 18 18 si
248 2598 54 17 trova

35 2623 14 17 A
55 2625 48 17 vede
111 2624 19 18 lu
140 2629 48 18 gran
197 2627 95 14 cuncorsu

36 2647 19 18 Di
62 2649 19 17 la
88 2649 52 22 jente
148 2649 33 18 chi
190 2649 17 18 si
215 2649 56 22 porta

36 2672 14 18 A
52 2674 48 18 vede
107 2679 13 13 u
126 2679 46 14 cane
177 2674 20 17 di
204 2678 65 14 morsu
271 2686 5 7 ,

37 2697 46 19 Fanu
90 2699 87 18 vindetta
185 2699 32 18 s’e’
226 2699 66 22 vogliu

37 2721 23 19 Cu
67 2724 88 19 l’associu
163 2723 140 23 Cundenogliu.

346 492 25 18 La
380 492 107 20 finiscenda
496 495 17 18 si
521 497 63 21 presla

345 517 17 17 A
369 518 39 17 miù
416 519 62 17 dulor’
485 524 99 17 persuasu.

334 541 84 19 Cb’ancu
423 543 19 18 la
448 544 13 9 “
467 544 84 18 Muvra”
557 546 72 17 riclumi

346 567 95 19 Sintendu
449 569 81 18 l’amaru
540 575 44 13 casu
591 575 5 17 ;

346 592 69 19 Cb’ella
421 595 79 22 sparghj
508 595 14 18 li
529 596 81 22 so’fogli,

346 617 67 19 Parchi
422 620 69 22 veng’a
502 621 45 18 tutti
556 626 10 12 a
575 625 54 14 nasu.

345 686 100 19 Perdendu
453 687 21 18 in
483 688 80 18 eternità

346 711 26 17 Lu
382 711 38 18 miù
426 716 47 14 cane
481 713 17 17 a’
509 713 88 19 malavin,

346 736 26 17 Da
380 736 99 19 Bonifaziu
489 738 86 21 suldalu,

346 760 96 24 Dispongu
452 763 30 16 sla
491 763 66 21 puesia

347 785 69 22 Segnu:
426 786 107 19 Francescu
539 787 92 23 Ceccaldi,

347 810 21 18 Di
377 811 107 19 Darlinellu
494 813 21 17 lu
525 813 39 18 Sia.

347 852 37 18 Per
392 853 51 23 copia
452 855 96 22 cunformu
553 861 6 11 :

540 891 23 18 C.
580 892 30 17 D.

364 1006 232 31 Malincunia

349 1086 25 18 Lu
384 1087 35 17 me’
429 1091 44 13 core
482 1087 120 21 addisperalu

349 1111 20 18 Si
377 1112 83 17 lamenta
469 1111 20 18 di
498 1111 31 18 voi
539 1112 66 17 stessa.

349 1136 123 22 Solu.trislu,
481 1137 142 20 abbandunatu,

349 1162 61 18 Pensu
422 1167 12 12 a
441 1162 40 21 voi,
493 1160 129 24 principessn!

349 1187 27 18 Lu
385 1187 35 18 me’
429 1192 44 13 core
484 1187 90 22 spargbie
582 1187 42 17 l’ale

349 1212 15 18 E
372 1213 44 17 bula
425 1212 19 18 in
453 1212 41 18 Pila
503 1212 75 18 Cauale.

350 1278 14 19 0
373 1278 73 19 Nunzia
453 1279 19 17 la
481 1279 100 19 tirnurosa,

350 1304 22 18 Ni
381 1304 86 23 parlemu
475 1308 12 13 a
495 1304 57 17 bassa
559 1306 47 14 voce
612 1306 6 17 ;

350 1330 79 17 Passate
436 1334 35 17 per
478 1332 89 14 amurosa
573 1333 5 16 ;

350 1355 21 18 Di
380 1355 89 18 st’amore
477 1354 32 18 chi
518 1353 18 18 ci
543 1357 50 16 coce,

350 1380 100 18 Pussedile
457 1380 41 17 eosi
506 1383 43 14 rare
555 1383 5 13 :

350 1406 25 17 La
384 1405 96 22 sapienza,
488 1405 22 17 lu
519 1404 79 22 parlare.

351 1471 43 18 Nun
402 1471 39 18 fate
448 1471 19 18 la
475 1470 122 23 capricciosa,

351 1496 71 19 Percbè
430 1501 81 17 ognunu
518 1493 107 20 v’ammira!

351 1522 25 17 La
385 1522 82 17 bellezza
475 1521 11 18 è
495 1520 92 23 preziosa,

352 1547 14 18 E
373 1548 77 17 l’amore
458 1547 21 17 in
487 1546 33 18 voi
529 1545 74 23 rispira.

351 1573 70 20 Allora,
430 1572 39 18 fale
476 1571 118 19 allenzione:

352 1598 66 18 V'aaiu
428 1597 18 18 di
455 1602 49 17 pura
515 1596 99 19 affezione.

352 1665 17 18 A
376 1665 19 17 la
403 1664 49 18 bella
459 1663 102 23 Jaseppina

353 1691 43 17 Nun
403 1690 67 22 vogliu
478 1690 41 17 fare
527 1689 93 22 dispetlu.

353 1715 59 19 Cume
419 1716 19 17 la
446 1717 66 16 voslra
519 1714 75 23 eugina,

353 1741 27 18 Lu
391 1741 123 18 voslr’amore
522 1739 11 18 è
541 1739 90 23 perfettu.

354 1766 46 19 Solu
406 1771 26 13 un
441 1770 46 18 pocu
497 1765 33 22 più
538 1768 100 15 vezzosa...

353 1792 58 18 Forse
419 1791 48 18 siele
475 1791 35 22 più
518 1794 92 14 amurosa.

354 1857 115 20 V’allisciate
476 1857 14 18 li
500 1856 67 23 capelli

353 1884 59 17 D’una
420 1887 76 13 manera
505 1881 108 18 eccellente.

354 1909 63 18 Scarsi
426 1913 49 13 sonu
484 1907 8 18 i
500 1906 96 18 damicelli

353 1934 88 19 Ch’hanu
448 1934 21 17 lu
479 1933 67 17 vostru
555 1932 77 20 talente,

353 1960 46 18 Inde
406 1960 21 17 lu
436 1959 68 17 vostru
513 1957 74 18 surrisu

353 1984 113 19 S’induvina
476 1988 13 13 u
499 1982 95 23 paradisu.

353 2049 93 21 Amabile,
454 2048 40 22 poi,
504 2047 91 23 grazïosa,

353 2075 38 18 Yoi
398 2074 17 18 ci
424 2074 44 17 date
478 2074 19 16 la
506 2075 98 20 speranza;

354 2100 51 18 Bella
412 2103 47 14 voce
467 2097 117 20 armuniosa,

354 2126 25 17 Le
387 2125 53 18 virtù
448 2124 21 18 in
477 2123 123 18 abbundanza
605 2125 6 17 ;

355 2151 57 18 Beatu
420 2149 91 19 ch’averà
518 2149 70 17 l’onore

355 2176 21 18 Di
385 2175 83 23 pussede
476 2179 13 13 u
499 2171 130 20 vostr’amore!

355 2239 46 18 Fate
408 2238 66 22 preslu
482 2237 19 17 la
510 2235 92 23 stagione,

354 2264 98 19 Accurrile
461 2263 20 17 in
489 2261 85 21 Olivese;

357 2290 22 17 Yi
389 2293 47 14 sonu
443 2288 46 17 duie
498 2291 81 18 persone

358 2315 35 18 Chi
401 2316 81 16 trovanu
491 2314 60 21 longu
558 2317 13 12 u
580 2315 61 17 mese;

358 2340 21 19 Li
387 2339 49 19 nolti
446 2343 24 14 cu
479 2338 14 17 li
505 2337 71 24 jurnati

358 2366 21 18 Li
388 2369 72 18 parenu
470 2363 118 18 tant’annati.

453 2403 24 18 F.
482 2403 28 18 A.
519 2401 103 19 Franchi.

726 509 168 35 Ohertà!

757 553 103 26 (Cunzona)

682 612 118 25 Giuventù
809 625 72 19 corsa,

682 640 33 20 Or
723 641 83 24 femuci
817 649 111 24 curaghiu
937 650 6 20 !

682 668 33 20 Gu
725 670 22 20 la
755 673 109 23 pacienza

684 696 34 20 Un
727 698 98 25 ghiornu
835 703 90 25 vinarà;

683 724 25 20 In
719 725 151 29 Cursichella,

684 752 18 20 U
712 758 80 17 nostru
801 756 144 27 fuculaghiu,

683 780 104 23 Bandera
797 784 82 22 bianca

684 808 95 23 Faremu
789 813 112 21 svintulà.

683 877 79 21 Siamu
772 880 59 20 uniti

683 905 57 20 Incu
750 907 93 21 listessu
853 909 76 20 ardori

684 933 40 20 Pa’
732 934 22 20 la
763 935 95 22 vittoria

684 960 124 23 Ch’avemu
818 964 137 26 d’acquistà,

685 988 17 20 E
710 990 153 22 cumbattimu

684 1016 33 21 Cu
727 1018 96 21 I’anticu
831 1019 73 22 furori

686 1044 37 20 Pe’
730 1045 23 20 la
762 1047 105 21 salvezza

686 1072 17 20 E
713 1074 35 24 pe’
756 1074 22 20 la
788 1075 94 21 Libéria
891 1075 4 19 !

686 1141 17 20 E
712 1143 79 23 quistu
800 1150 74 19 regnu

686 1169 79 25 Regnu
775 1171 22 19 di
806 1171 128 24 Sarracini,

686 1197 25 20 In
720 1198 45 20 ’ssa
774 1205 95 15 manera

687 1225 34 19 Un
731 1226 20 19 si
760 1227 30 23 pò
799 1227 39 24 più
848 1234 78 18 campa
936 1235 6 17 ;

687 1252 43 21 Par
740 1253 143 22 Cursichella

688 1280 34 21 Un
733 1282 33 19 c’è
775 1283 46 19 mai
830 1283 44 20 che
882 1284 70 24 spinî,

687 1308 18 21 E
713 1316 41 18 par
763 1311 121 24 quill’altri

687 1336 38 21 C’è
734 1337 52 21 fiori
794 1339 25 20 in
829 1340 114 24 quantité.

686 1405 30 21 Se
724 1412 65 15 serau
798 1407 71 24 uniti,

687 1434 98 21 Faremu
793 1441 58 19 gran
861 1442 108 18 surpresa

687 1462 18 19 A
714 1462 119 21 Marianna

687 1489 43 20 Chi
741 1497 47 13 nun
796 1491 23 20 la
828 1491 89 21 cridarà
925 1499 6 16 ;

687 1518 42 20 Aiò
737 1518 6 20 !
753 1518 115 21 furmemu

688 1545 78 25 Quilla
775 1547 79 25 “Lega
860 1547 111 21 Girnesa”

687 1573 74 21 Sinnô
770 1574 19 21 si
799 1576 69 23 niori,

688 1601 18 20 E
716 1602 64 20 nimu
789 1603 52 20 n’ha
851 1604 68 24 pietà!

690 1670 27 20 Di
723 1669 24 21 fà
755 1670 16 20 li
780 1671 64 20 servi

690 1698 17 19 E
715 1704 54 14 cosa
779 1699 37 20 chi
825 1699 20 20 ci
855 1702 80 17 stanca
944 1707 6 16 ;

689 1726 46 20 Par
744 1726 46 23 noi,
800 1727 87 24 sempri

690 1754 32 20 Da
728 1754 242 26 Charybde\nScylla.

689 1782 34 20 Or
732 1782 130 25 ripigliemu

690 1810 77 24 Quilla
774 1811 101 20 bandera
882 1812 89 23 bianca,

692 1839 18 19 U
720 1845 55 13 veru
784 1839 116 20 emblema

692 1866 27 20 Di
728 1873 14 14 a
752 1871 78 16 nostra
838 1867 82 20 libertà
928 1866 7 20 !

831 1908 112 22 Pinzuti.

665 2013 130 24 Pedone
820 2013 152 25 Muvrinu

687 2078 127 19 MUYRELLU
829 2079 23 17 DI
868 2079 15 18 U
897 2078 76 19 CINTU.

665 2113 23 5 —
692 2104 166 18 Prossimamente.
866 2103 109 23 Ringrazia-

666 2129 58 18 menti
733 2134 12 13 e
753 2129 58 18 saluti
820 2129 82 18 intautu.

688 2165 21 18 S.
716 2165 23 18 DI
751 2165 44 18 SAN
802 2164 106 19 JORGHIU.
915 2175 23 3 —
944 2165 32 18 Ot-

666 2192 22 17 tu
696 2195 12 14 o
716 2191 68 18 ondeci
793 2190 50 23 pedi,
854 2191 16 18 si
879 2191 30 17 bo’
917 2191 60 22 pude-

668 2217 25 20 te,
703 2216 56 18 sinnò
768 2216 52 17 simu
827 2220 11 13 a
848 2220 11 14 e
867 2215 109 23 strinteper

668 2247 10 13 e
689 2242 89 17 culonne.
788 2240 70 19 Saluti.

689 2278 68 18 FICCA
764 2277 71 19 NASU.
842 2287 24 4 —
873 2277 24 18 Vi
905 2277 72 19 eredia.

668 2309 33 13 mu
710 2304 62 17 morlu
785 2308 10 13 o
808 2303 115 18 muribondu
930 2303 5 18 !
947 2303 31 18 Ma

669 2330 17 17 si
696 2330 30 17 bo’
735 2329 135 22 v’arripusate,
884 2333 11 13 o
909 2328 68 18 nfaneu

669 2355 11 18 è
688 2359 33 18 per
729 2355 91 22 qualcosa
826 2353 5 18 !
841 2353 72 18 Grazie.

691 2390 256 19 MINICALE.—Riceverete
952 2389 27 19 sti

670 2417 33 18 dui
714 2416 50 23 jorni
798 2416 8 17 I
815 2415 71 18 Bruchi
892 2415 12 9 ”
921 2420 58 17 sopra

670 2442 126 18 l’AImanaccu
805 2441 20 17 di
833 2445 12 13 a
854 2441 124 21 “Barretta”,

671 2472 11 14 e
689 2467 21 18 in
718 2467 54 22 fogli,
785 2471 26 13 un
820 2470 48 18 pocu
876 2465 33 23 più
922 2465 56 18 lardi.

671 2493 142 18 Toccamanate.

692 2529 19 18 J.
719 2528 89 19 FILIPPI.
817 2537 24 4 —
849 2527 90 18 Vidaretë
949 2527 32 18 chi

672 2555 7 18 i
687 2554 43 18 boni
744 2559 10 13 e
761 2553 36 21 f.idi
808 2553 55 22 pueti
873 2558 26 12 un
909 2556 71 14 seranu

671 2579 126 18 dimenticait.
812 2578 70 18 Saluti.

694 2615 88 19 L’ORSU.
790 2624 25 4 —
822 2615 53 20 Innô,
883 2613 47 18 tutti
938 2613 43 18 sani

673 2646 10 14 e
688 2641 48 18 bivi.
738 2640 96 23 Aspitatte
838 2639 75 22 qualcbi
918 2638 65 22 ghior-

673 2672 27 12 nu
708 2667 28 21 pe’
743 2670 37 14 una
785 2665 83 22 risposta
875 2663 107 23 longa.Pip-

673 2692 85 23 pighiate
765 2691 84 18 intantu.
856 2690 50 18 Mille
913 2689 70 18 affare-

674 2717 44 18 relli
725 2717 22 18 in
755 2720 49 14 casa.

1334 126 261 51 Mémoires

1106 205 52 46 du
1181 206 46 45 R.
1245 204 43 47 P.
1313 203 46 47 de
1384 204 218 58 Singlande,
1627 202 207 47 Aumônier

1147 271 210 32 (Spedizione
1375 271 33 24 di
1426 270 179 25 Maillebois
1623 266 168 34 Ï738-1741)

1393 344 12 28 (
1407 342 34 24 Se
1439 341 56 34 gui
1496 342 45 28 tu)

1015 417 52 22 Elle
1086 420 61 19 veut
1165 419 57 21 bien
1240 416 118 23 attribuer
1370 417 13 22 à
1395 420 64 19 cette

987 449 130 22 séduction
1140 451 23 20 la
1185 448 116 24 témérité
1325 450 83 26 qu’ont
1430 456 29 15 eu

988 483 118 26 quelques
1119 483 131 25 Habitans,
1268 482 31 21 de
1318 485 143 19 commettre

988 514 44 21 des
1057 516 67 19 actes
1150 514 138 23 d’hostilité
1314 518 85 18 contre
1423 521 38 15 ses

990 548 101 24 troupes
1101 553 6 18 ;
1129 547 61 21 mais
1211 553 96 16 comme
1328 553 30 15 en
1373 549 89 20 même-

989 580 81 25 temps
1081 579 49 21 elle
1142 585 31 15 ne
1184 582 62 19 veut
1264 585 43 21 pas
1326 580 135 21 confondre

990 617 60 16 avec
1071 612 37 21 les
1132 613 144 26 coupables,
1296 614 37 21 les
1349 619 65 21 .gens
1433 613 29 21 de

990 645 58 21 bien
1060 645 41 27 qui
1112 644 137 29 gémissent
1266 651 59 16 sous
1342 647 22 19 la
1380 648 83 25 tyran-

991 678 40 21 nie
1052 678 29 21 de
1102 679 178 26 quelques-uns
1301 680 30 21 de
1349 684 61 15 ceux
1422 678 40 27 qui

991 717 26 15 se
1028 713 59 20 sont
1098 711 102 28 arrogés
1218 711 132 26 l’autorité,
1371 711 29 21 Sa
1413 711 51 21 Ma-

989 743 65 28 jesté
1066 749 63 16 nous
1140 750 13 15 a
1168 744 112 22 ordonné
1293 745 30 20 de
1335 744 60 21 faire
1407 749 57 16 con-

992 777 88 25 noître,
1093 781 62 23 pour
1165 777 23 21 la
1200 777 116 22 dernière
1326 777 56 24 fois,
1392 776 73 27 qu’el-

992 810 23 21 le
1026 809 39 22 n-’a
1077 809 94 22 d’autre
1183 809 50 22 vûe
1245 815 48 22 que
1311 810 24 20 le
1355 808 109 23 bonheur

992 842 22 21 &
1025 843 23 21 la
1059 841 154 28 tranquillité
1225 843 31 20 du
1269 848 68 23 pays,
1350 841 22 21 &
1384 841 31 21 de
1426 840 37 22 dé-

993 876 78 21 clarer
1090 876 31 20 de
1139 875 92 26 rechef,
1254 875 89 27 qu’elle
1360 880 26 15 se
1406 875 58 20 rend

993 908 183 22 formellement
1195 910 113 25 garante,
1329 908 21 21 &
1372 914 29 14 en
1420 913 43 16 son

993 948 68 20 nom,
1073 942 31 21 de
1115 940 150 23 l’éxécution
1277 942 30 21 de
1319 944 57 19 tous
1384 941 36 21 les
1429 947 37 15 ar-

992 976 72 21 ticles
1083 975 41 27 qui
1145 976 45 20 ont
1210 974 47 26 été,
1279 980 32 16 ou
1324 974 41 27 qui
1381 976 85 19 seront

993 1007 80 28 réglés
1084 1013 43 22 par
1139 1007 58 26 Elle,
1209 1013 62 22 pour
1279 1008 24 21 la
1312 1006 154 28 pacification

993 1042 31 21 de
1035 1041 68 22 l’Isle
1112 1047 6 20 ;
1131 1040 23 22 &
1165 1047 30 15 en
1209 1040 180 28 conséquence,
1404 1045 61 15 nous

994 1074 137 22 exhortons
1155 1076 56 19 tous
1234 1074 36 21 les
1295 1073 120 22 Habitans
1437 1072 29 21 de

994 1107 117 29 prévenir
1129 1113 44 22 par
1193 1113 48 15 une
1260 1108 115 26 prompte
1386 1105 80 22 obéis-

994 1147 83 20 sance,
1098 1143 57 19 tous
1172 1141 37 21 les
1228 1140 125 22 malheurs
1366 1139 59 21 dont
1436 1138 30 21 ils

994 1177 58 20 sont
1061 1173 116 23 menacés
1188 1180 5 15 :
1207 1173 93 22 faisant
1311 1172 98 28 sçavoir
1421 1177 46 21 que

994 1208 61 21 dans
1074 1208 24 20 le
1119 1206 63 22 délai
1202 1206 32 21 de
1255 1206 88 26 quinze
1362 1205 80 27 jours,
1454 1203 12 22 à

995 1242 112 25 compter
1132 1240 31 21 de
1186 1240 24 20 la
1233 1239 58 20 date
1314 1238 31 21 du
1369 1237 99 28 présent

995 1273 196 24 avertissement,
1199 1276 65 16 nous
1271 1275 134 17 recevrons
1411 1275 56 16 sous

995 1308 22 20 la
1037 1306 143 28 protection
1201 1305 33 22 du
1256 1304 57 25 Roi,
1334 1306 82 19 toutes
1432 1304 36 21 les

996 1338 203 27 Communautés,
1213 1338 22 22 &
1247 1340 57 19 tous
1315 1338 35 21 les
1363 1337 105 27 particu-

995 1375 59 21 liers
1066 1373 42 27 qui
1122 1373 137 21 viendront
1269 1377 27 15 se
1309 1372 134 20 soumettre
1455 1369 12 22 à

995 1406 101 28 l’équité
1107 1406 31 21 de
1153 1405 31 22 Sa
1195 1403 106 29 Majesté
1311 1410 6 15 :
1339 1404 63 21 mais
1423 1409 46 21 que

996 1439 71 29 passé
1078 1446 29 15 ce
1118 1441 91 25 temps,
1229 1443 65 17 nous
1308 1437 101 28 agirons
1426 1442 43 22 par

995 1476 23 20 la
1029 1474 76 25 force,
1118 1472 23 22 &
1153 1472 103 21 suivant
1266 1471 38 22 les
1315 1471 112 27 rigueurs
1439 1470 29 21 de

995 1509 23 21 la
1028 1512 98 23 guerre,
1140 1507 88 20 contre
1240 1509 63 17 ceux
1322 1510 43 21 qui
1380 1503 89 27 persis-

995 1542 85 21 teront
1091 1540 61 21 dans
1170 1540 22 20 la
1205 1538 107 22 révolte.
1331 1536 59 25 Fait,
1404 1536 63 22 &c».

1023 1575 45 21 Les
1077 1573 70 22 chefs
1159 1573 43 21 des
1212 1571 101 25 mutins,
1324 1572 92 27 voyant
1423 1575 46 22 que

997 1609 55 21 leur
1070 1606 81 23 crédit
1171 1612 42 15 sur
1232 1606 39 20 les
1291 1605 102 27 peuples
1412 1603 58 22 étoit

997 1641 88 28 perdu,
1098 1640 54 21 s’ils
1164 1645 27 15 se
1203 1638 133 22 rendoient
1353 1636 14 22 à
1384 1643 41 16 ces
1436 1642 34 16 as-

997 1679 121 20 surances,
1132 1673 88 21 eurent
1230 1671 117 22 l’adresse
1360 1670 54 22 d’en
1422 1675 49 16 em-

997 1707 91 29 pêcher
1099 1708 54 20 tout
1164 1705 84 22 l’effet.

1027 1741 31 22 Le
1069 1739 135 28 Régiment
1216 1737 139 29 d’Agénois
1367 1737 63 21 etoit
1441 1742 30 16 en

998 1774 108 29 quartier
1127 1772 14 22 à
1161 1772 97 25 Lumio,
1282 1770 99 28 éloigné
1401 1770 70 21 d’une

997 1809 67 21 lieue
1078 1807 22 21 &
1112 1806 81 22 demie
1206 1806 29 21 de
1249 1805 80 21 Calvi.
1340 1804 132 21 Messieurs

998 1843 36 20 les
1052 1840 116 22 Officiers
1186 1838 101 29 n’ayant
1305 1837 73 27 point
1397 1836 76 22 d’Au-

998 1875 107 24 mônier,
1118 1878 40 17 me
1170 1872 111 27 prièrent
1293 1871 31 21 de
1335 1876 39 16 me
1385 1870 88 21 rendre

999 1907 88 28 auprès
1095 1906 74 22 d’eux
1177 1911 32 16 au
1217 1907 82 25 temps
1309 1904 94 25 Pascal,
1412 1908 61 22 pour

999 1941 71 28 qu’ils
1082 1940 112 28 puissent
1202 1938 127 22 satisfaire
1336 1943 30 15 au
1375 1936 98 28 précep-

998 1977 25 19 te
1033 1974 31 21 de
1078 1972 116 27 l’Eglise:
1211 1970 37 29 j’y
1266 1970 47 25 fus,
1336 1975 95 16 comme
1444 1969 29 21 ils

999 2008 23 21 le
1029 2005 184 24 souhautoient,
1220 2003 254 26 m’étantauparavant

998 2037 109 30 acquitté
1127 2038 30 21 de
1176 2043 28 16 ce
1226 2042 47 22 que
1293 2036 25 27 je
1338 2035 89 22 devois
1444 2040 28 15 au

999 2073 137 27 Régiment
1155 2071 32 21 de
1208 2069 88 26 Béarn,
1318 2069 62 21 dont
1390 2067 84 28 j’étois

1000 2106 179 28 spécialement
1190 2102 100 29 chargé.

1027 2139 42 22 Ma
1080 2137 107 23 mission
1198 2136 114 27 remplie,
1323 2141 32 15 un
1368 2134 106 28 Capitai-

1001 2179 31 16 ne
1045 2173 30 21 de
1088 2177 28 16 ce
1128 2170 136 28 Régiment
1280 2175 41 16 me
1340 2169 55 21 vint
1411 2170 65 19 trou-

1001 2212 52 20 ver,
1061 2211 65 22 pour
1136 2210 41 16 me
1185 2203 136 22 demander
1330 2201 96 22 conseil
1436 2207 41 16 sur

1001 2240 68 22 l’état
1079 2238 101 28 présent
1191 2237 32 22 de
1234 2242 40 16 ses
1287 2235 96 22 affaires
1392 2243 7 18 ;
1416 2236 60 20 elles

1003 2273 94 22 étoient
1108 2272 62 21 dans
1182 2277 32 15 un
1231 2269 112 23 horrible
1360 2268 117 28 dérange-

1003 2308 69 21 ment
1079 2312 6 15 :
1100 2305 20 22 il
1131 2304 89 22 devoit
1230 2304 31 21 de
1273 2304 82 21 toutes
1367 2304 76 25 parts,
1454 2301 23 22 &

1004 2346 40 16 ses
1056 2338 141 23 créanciers
1217 2343 31 16 ne
1261 2336 124 22 cessoient
1406 2335 30 22 de
1454 2335 22 21 le

1003 2374 161 23 tourmenter,
1174 2377 28 16 ce
1211 2370 42 28 qui
1262 2371 24 20 le
1298 2368 129 28 dégoutoit
1437 2374 40 15 ex-

1004 2407 149 22 trêmement
1173 2405 32 20 du
1222 2403 109 22 service.
1352 2401 59 22 Mon
1422 2407 56 22 pre-

1004 2441 63 21 mier
1085 2438 98 23 conseil
1199 2438 37 21 fut
1255 2437 30 21 de
1304 2435 35 22 lui
1360 2435 69 22 offrir
1439 2441 37 15 ma

1005 2474 101 25 bourse,
1126 2471 62 22 mais
1202 2471 18 21 il
1232 2476 33 15 ne
1275 2469 89 22 voulut
1374 2469 55 21 rien
1440 2474 38 15 ac-

1006 2509 98 26 cepter;
1126 2511 42 16 sur
1185 2504 61 28 quoi
1264 2503 26 27 je
1309 2502 34 22 lui
1363 2501 114 28 proposai

1006 2540 85 22 d’aller
1101 2541 104 20 trouver
1216 2538 24 21 le
1258 2536 106 22 Colonel
1383 2535 31 21 de
1433 2540 43 16 son

1008 2573 140 28 Régiment,
1161 2576 64 23 pour
1235 2571 24 21 le
1269 2570 70 27 prier
1349 2569 30 21 de
1391 2568 34 21 lui
1438 2568 40 22 ob-

1006 2607 66 22 tenir
1082 2606 23 21 la
1118 2603 151 29 permission
1282 2603 30 21 de
1321 2607 26 16 se
1356 2601 94 25 retirer,
1456 2600 23 22 &

1008 2639 161 23 d’embrasser
1180 2636 69 22 l’état
1260 2634 216 27 Ecclésiastique».

1010 2673 34 22 Ce
1057 2677 47 23 que
1115 2676 64 17 vous
1191 2675 79 20 aurez,
1292 2669 35 21 lui
1347 2667 81 28 dis-je,
1449 2667 29 21 de

1008 2708 73 21 votre
1094 2703 166 28 Compagnie,
1276 2702 94 22 servira
1381 2700 12 22 à
1405 2705 75 23 payer

1487 424 48 15 une
1547 418 79 26 partie
1639 417 30 21 de
1681 423 47 15 vos
1740 416 80 21 dettes
1830 421 6 14 :
1849 420 63 16 vous
1923 420 28 15 ac

1487 451 121 26 quitterez
1618 451 37 20 les
1667 452 92 22 autres,
1772 449 31 21 du
1817 453 92 17 revenu
1918 447 44 21 des

1488 482 133 26 bénéfices,
1642 483 61 21 dont
1723 488 64 16 vous
1806 487 32 16 ne
1855 480 109 28 sçauriez

1488 521 120 21 manquer
1619 515 77 21 d’être
1709 521 104 21 pourvu,
1832 515 75 26 ajmnt
1921 518 42 15 au-

1487 550 54 19 tant
1552 548 30 20 de
1594 553 88 21 parens
1703 553 48 20 que
1772 552 64 15 vous
1856 552 30 14 en
1905 550 59 15 avez

1489 580 62 21 dans
1570 580 36 21 les
1625 579 136 28 premières
1780 580 84 26 places
1876 578 30 21 de
1918 576 46 22 l’E-

1488 613 93 27 glise».
1601 613 53 21 Mes
1675 613 98 21 raisons
1794 612 34 21 lui
1848 611 116 26 parurent

1489 646 200 21 convaincantes.
1713 646 20 21 Il
1755 646 35 21 fut
1808 644 14 22 à
1837 644 89 25 Rome,
1937 649 27 15 se

1490 679 62 21 faire
1564 679 132 21 ordonner.
1707 679 23 20 A
1743 678 71 27 peine
1827 678 37 21 fut
1876 678 16 20 il
1904 677 61 20 dans

1489 712 37 20 les
1546 710 104 27 Ordres,
1673 710 62 28 qu’il
1758 710 36 22 fut
1816 715 97 22 pourvu
1935 709 30 21 de

1489 743 112 27 quantité
1613 744 31 21 de
1658 743 126 22 Bénéfices
1803 743 88 21 valans
1910 742 56 27 plus

1491 777 31 21 de
1532 778 57 25 sept
1601 782 32 16 ou
1644 776 55 21 huit
1708 777 68 21 mille
1786 776 78 21 livres
1873 775 30 21 de
1912 780 53 16 ren-

1490 812 38 19 tes
1537 815 6 16 :
1557 811 155 26 moyennant
1723 809 68 27 quoi,
1808 814 56 15 sans
1876 809 88 23 dettes,

1490 842 23 21 &
1524 848 57 15 sans
1594 841 147 26 créanciers,
1752 842 17 21 il
1779 848 12 14 a
1803 841 89 27 depuis
1904 839 61 22 vécu

1491 875 50 22 fort
1553 874 13 22 à
1577 880 46 16 son
1635 875 60 21 aise.
1710 874 96 21 N’a-t-il
1818 879 45 21 pas
1874 873 93 21 effecti-

1492 910 102 19 vement
1599 907 90 22 trouvé
1696 908 24 20 le
1727 907 54 21 vrai
1791 907 114 26 centuple
1912 911 54 22 pro-

1491 941 50 21 mis
1551 940 41 21 dès
1602 942 63 19 cette
1674 939 67 27 vie,à
1750 939 108 27 ceuxqui
1868 940 99 20 servent

1491 974 24 21 le
1539 973 119 28 Seigneur
1669 974 12 20 ?
1709 972 44 22 Les
1780 974 54 25 plus
1852 972 115 27 puissans

1493 1007 150 27 Monarques
1654 1005 150 28 peuvent-ils
1820 1004 111 27 toujours
1943 1004 21 21 si

1491 1040 188 21 abondamment
1700 1038 175 27 récompenser
1902 1038 65 20 leurs

1492 1074 57 26 plus
1559 1072 85 22 fidèles
1656 1072 135 21 serviteurs
1799 1072 13 20 ?

1520 1106 113 21 Pendant
1640 1111 58 16 mon
1708 1104 83 27 séjour
1799 1104 13 21 à
1824 1103 80 26 Calvi,
1913 1103 54 21 voi-

1493 1139 22 21 ci
1528 1145 28 15 ce
1567 1144 47 21 que
1623 1138 36 28 j’y
1671 1137 148 27 remarquai.
1831 1136 71 22 Cette
1914 1135 54 22 Vil-

1492 1173 34 24 le,
1543 1171 121 22 autrefois
1682 1169 114 23 nommée
1817 1170 78 21 Littus
1913 1168 54 22 Cae-

1494 1205 53 25 siae,
1560 1204 60 21 n’est
1634 1203 174 22 considérable
1822 1208 47 21 que
1888 1207 43 21 par
1946 1202 22 20 la

1494 1237 69 22 force
1574 1237 33 21 du
1619 1236 113 21 Château
1744 1237 61 19 dans
1823 1235 82 26 lequel
1921 1235 47 20 elle

1494 1272 39 19 est
1543 1268 145 26 renfermée,
1708 1268 23 21 &
1749 1269 41 26 qui
1812 1269 38 20 est
1871 1268 25 20 le
1914 1267 54 27 plus

1493 1303 51 22 fort
1555 1303 31 21 de
1597 1304 70 21 toute
1679 1303 23 20 la
1717 1301 86 22 Corse.
1825 1300 52 22 Elle
1889 1302 38 19 est
1937 1300 33 21 si-

1494 1336 58 23 tuée
1571 1342 42 16 sur
1627 1342 33 15 un
1681 1341 44 16 roc
1744 1335 40 21 vif
1799 1335 41 27 qui
1856 1333 114 22 s’avance

1494 1371 62 21 dans
1567 1370 23 21 la
1601 1375 61 16 mer.
1674 1369 45 21 Les
1729 1368 116 22 Bastions
1859 1368 41 26 qui
1911 1366 58 22 l’en-

1494 1404 133 21 vironnent
1648 1408 31 15 en
1700 1403 58 20 sont
1778 1401 50 21 très
1849 1401 71 21 bons.
1939 1399 32 22 Le

1496 1436 124 22 Maréchal
1627 1436 30 21 de
1663 1435 118 21 Thermes
1787 1433 183 28 l’assiégeainu-

1494 1471 114 21 tilement
1627 1474 59 16 sous
1699 1468 80 21 Henri
1792 1467 34 22 II.
1846 1467 31 21 La
1888 1466 84 27 Répu-

1494 1503 84 27 blique
1590 1502 30 21 de
1634 1501 85 22 Gênes
1730 1507 18 22 y
1759 1500 136 22 entretient
1906 1499 66 22 ordi-

1495 1537 139 21 nairement
1652 1541 48 15 une
1721 1534 119 28 garnison
1859 1532 113 22 considé-

1495 1570 69 21 rable
1573 1575 6 20 ;
1594 1568 61 22 c’est
1666 1568 23 21 la
1701 1567 129 22 résidence
1851 1566 30 21 de
1894 1565 78 22 l'Evê-

1495 1609 49 22 que
1568 1603 30 21 de
1621 1601 109 28 Sagone,
1752 1600 69 22 Ville
1842 1606 13 15 a
1874 1599 99 28 présent

1497 1636 165 22 entièrement
1677 1633 95 23 ruinée.
1789 1633 21 22 Il
1821 1640 17 22 y
1850 1639 13 16 a
1874 1639 33 16 un
1919 1633 54 28 gol-

1497 1671 32 25 fe,
1542 1675 61 16 avec
1614 1669 44 21 des
1670 1668 152 27 mouillages
1842 1666 51 22 très
1911 1666 60 21 sûrs.

1498 1704 44 21 Les
1559 1707 59 23 gros
1638 1701 138 21 Vaisseaux
1787 1706 17 23 y
1814 1700 89 27 jettent
1914 1699 58 22 l’an-

1497 1743 42 16 cre
1551 1743 29 15 au
1593 1735 59 28 pied
1664 1735 31 21 du
1709 1734 122 25 Château,
1845 1733 22 21 &
1878 1735 37 20 les
1934 1739 39 15 au-

1496 1773 53 20 tres
1560 1769 12 22 à
1588 1769 105 28 quelque
1714 1768 114 21 distance
1842 1768 57 26 plus
1919 1771 55 23 pro-

1498 1804 46 22 che
1554 1803 30 21 du
1597 1802 140 22 continent.
1749 1801 20 21 Il
1777 1807 17 22 y
1806 1806 13 15 a
1832 1800 65 21 deux
1909 1799 65 22 Cou-

1497 1839 74 20 vents
1582 1836 31 21 de
1622 1834 100 22 l’Ordre
1731 1834 31 21 de
1771 1833 69 21 Saint
1849 1832 123 28 François.

1499 1870 46 21 Les
1565 1869 82 21 Villes
1667 1868 30 20 de
1717 1868 23 21 la
1762 1866 80 22 Corse
1865 1872 31 15 ne
1918 1868 56 19 sont

1498 1907 107 24 presque
1616 1900 119 28 peuplées
1749 1905 47 22 que
1808 1899 32 22 de
1852 1905 41 15 ces
1907 1899 68 22 Reli-

1499 1937 82 27 gieux.
1593 1934 98 27 Auprès
1704 1934 29 21 de
1747 1932 81 26 Calvi,
1842 1934 58 20 sont
1908 1931 67 22 ITsle

1499 1969 23 22 &
1532 1970 24 20 la
1567 1968 69 22 Tour
1646 1968 31 20 de
1688 1966 148 25 Vive-Lata,
1856 1965 58 22 d’où
1925 1965 49 22 l'on

1499 2003 56 21 voit
1573 2003 24 20 le
1617 1999 144 23 Monastère
1773 2000 30 20 de
1814 1999 159 26 l’Arciprato,

1499 2036 24 21 &
1534 2034 87 23 Monte
1634 2033 141 28 Maggiore,
1788 2033 65 20 deux
1865 2032 110 21 endroits

1500 2068 110 23 célèbres
1622 2073 45 22 par
1677 2067 56 21 leur
1744 2066 120 21 situation
1878 2067 97 19 avanta-

1500 2107 87 22 geuse.
1607 2101 59 20 Aux
1687 2099 122 21 environs
1821 2099 32 20 du
1866 2097 108 26 dernier,

1501 2136 72 21 coule
1584 2140 49 15 une
1646 2133 79 27 petite
1736 2132 104 21 rivière,
1859 2132 58 21 telle
1929 2136 47 22 que

1501 2170 59 20 sont
1570 2172 106 23 presque
1687 2168 83 19 toutes
1783 2166 75 21 celles
1878 2165 30 21 de
1922 2163 54 22 l’Is-

1501 2203 32 25 le,
1547 2199 114 24 nommée
1673 2201 23 20 la
1709 2199 100 22 Source.
1824 2199 39 21 Au
1876 2198 57 27 pied
1945 2198 32 21 du

1502 2235 110 21 Château
1624 2234 61 21 dans
1693 2233 83 27 lequel
1785 2234 38 19 est
1833 2231 79 26 Calvi,
1922 2233 56 20 sont

1502 2269 115 22 soixante
1629 2267 14 22 à
1653 2266 29 22 8o
1694 2267 119 24 maisons,
1828 2266 41 26 qui
1881 2265 35 22 lui
1927 2270 51 16 ser-

1502 2304 63 19 vent
1574 2302 31 21 de
1617 2300 131 27 Faubourg
1759 2304 64 23 pour
1834 2299 37 21 les
1888 2300 90 20 mettre

1502 2335 15 22 à
1527 2336 107 21 couvert
1645 2333 118 22 d’insulte
1775 2333 31 20 de
1824 2333 23 20 la
1867 2334 54 25 part
1934 2331 43 21 des

1502 2368 117 22 rebelles.
1628 2366 69 22 Nous
1709 2367 38 20 les
1758 2371 79 16 avons
1848 2363 130 23 entourées

1503 2402 74 22 d’une
1589 2400 114 23 muraille
1715 2399 13 22 à
1741 2398 115 23 crériaux.
1878 2398 32 21 En
1925 2403 54 16 sor-

1502 2437 56 20 tant
1577 2435 31 20 de
1627 2435 65 20 cette
1714 2433 113 21 enceinte
1845 2437 33 17 on
1888 2433 90 20 trouve

1503 2473 51 17 une
1563 2468 69 27 large
1643 2467 82 27 plaine
1736 2467 70 20 toute
1820 2465 157 24 sabloneuse,

1503 2501 24 22 &
1539 2501 42 28 qui
1593 2500 95 22 s’étend
1700 2499 15 22 à
1726 2499 95 28 gauche
1833 2499 23 21 le
1868 2499 60 26 long
1948 2497 30 22 de

1503 2536 24 21 la
1539 2541 62 18 mer,
1611 2533 23 22 &
1645 2534 14 21 à
1671 2533 82 22 droite
1764 2538 58 16 vers
1834 2533 37 20 les
1888 2534 88 19 terres.

1533 2568 38 21 De
1583 2567 83 25 Calvi,
1686 2567 24 25 je
1730 2566 38 21 fus
1789 2571 63 16 avec
1865 2566 24 20 le
1901 2563 76 29 Régi-

1504 2602 70 20 ment
1585 2601 31 21 de
1628 2600 80 21 Bearn
1728 2599 14 21 à
1762 2598 127 28 Argaiola.
1910 2597 68 21 C’est

1505 2640 33 15 un
1559 2634 49 21 lieu
1629 2632 102 22 affreux.
1753 2632 85 21 Avant
1848 2631 23 21 la
1881 2635 96 24 guerre,

1506 2673 29 16 ce
1554 2668 72 26 poste
1647 2665 64 22 étoit
1730 2671 68 15 assez
1805 2663 99 26 fortifié,
1917 2663 61 22 mais

1505 2701 24 21 la
1541 2700 118 28 garnison
1674 2698 111 22 Génoise
1796 2697 91 28 l'ayant
1897 2696 81 22 lâche-

1982 118 61 22 nent
2053 113 146 25 abandonné
2220 113 13 23 à
2254 111 143 29 l’approche
2411 110 44 22 des

1982 150 107 25 -ebelles,
2104 148 96 22 ceux-ci
2212 147 120 22 l’avoient
2348 144 108 22 entière-

1983 185 67 20 ment
2062 181 80 23 ruiné.
2153 181 50 21 Dès
2216 187 47 21 que
2276 185 65 16 nous
2353 185 17 22 y
2382 177 80 22 fûmes

1983 215 104 26 arrivés,
2112 220 65 16 nous
2196 213 198 27 commençâmes
2420 215 44 22 par

1984 249 97 22 relever
2091 249 36 20 les
2140 246 125 23 murailles
2280 246 122 20 abattues.
2427 243 39 21 Au

1985 282 58 27 pied
2055 282 30 20 de
2098 286 42 16 ces
2158 279 128 22 murailles
2307 279 37 19 est
2366 282 49 15 une
2427 281 39 15 es-

1987 315 59 27 pèce
2058 314 30 21 de
2101 313 137 27 Faubourg,
2258 311 13 21 à
2283 312 23 20 la
2319 309 83 22 droite
2422 308 46 21 du-

1986 349 57 26 quel
2055 346 96 22 s’étend
2163 352 46 15 une
2222 345 49 22 fort
2282 342 131 24 mauvaise
2428 347 38 15 ra-

1987 381 30 21 de
2029 381 31 21 où
2072 381 36 21 les
2120 381 106 26 barques
2245 378 23 22 &
2281 378 38 21 les
2332 376 134 27 chaloupes

1987 415 111 22 arrivent
2110 420 60 16 avec
2183 413 74 28 peine
2268 419 5 19 ;
2286 411 67 22 aussi
2367 409 42 29 n’y
2421 410 46 20 a-t-

1988 449 18 20 il
2016 453 78 16 aucun
2107 452 139 17 commerce
2258 446 61 21 dans
2333 445 67 21 cette
2416 442 53 21 Vil-

1988 482 32 25 le,
2042 486 28 16 ce
2090 480 41 27 qui
2153 479 44 22 fait
2218 485 47 21 que
2277 479 22 20 la
2312 476 92 23 misère
2425 476 43 21 des

1990 514 121 21 Habitans
2123 514 38 20 est
2173 512 119 22 extrême.

2017 547 31 20 Le
2070 547 134 26 Régiment
2225 547 15 18 d
2249 547 132 18 Austrasie
2402 547 65 16 Hus-

1990 579 78 25 sards,
2082 578 110 27 campoit
2204 582 59 16 sous
2275 577 36 21 les
2323 581 69 16 murs
2404 575 30 21 de
2447 575 21 20 la

1991 612 68 22 Ville
2071 612 32 21 du
2116 610 54 23 côté
2189 611 30 22 de
2239 611 24 21 la
2282 615 62 20 mer,
2358 614 63 16 avec
2436 614 32 15 un

1991 645 170 22 détachement
2166 645 32 21 du
2205 643 134 28 Régiment
2346 642 30 22 de
2381 642 86 21 Bearn.

1992 678 47 22 Les
2050 678 107 22 rebelles
2168 678 103 21 vinrent
2282 682 30 15 en
2326 676 69 21 force
2407 677 64 19 tom-

1992 712 44 21 ber
2047 717 41 15 sur
2099 711 23 21 la
2135 711 93 27 grande
2245 708 89 29 garde,'
2350 710 22 20 la
2388 708 83 27 passè-

1991 746 64 24 rent,
2066 744 63 21 ainsi
2140 749 47 21 que
2196 743 61 21 celle
2266 743 30 21 de
2305 741 164 24 l’Infanterie,

1991 777 23 21 &
2026 776 157 28 attaquèrent
2202 775 13 22 à
2234 781 48 16 une
2303 775 77 22 heure
2399 773 71 28 après

1993 810 90 21 minuit
2103 810 23 21 le
2148 815 69 21 camp
2229 809 45 21 des
2286 807 136 23 Hussards.
2436 806 34 22 M.

1992 843 24 21 le
2028 842 112 27 Marquis
2149 843 30 20 de
2188 842 132 24 Villemur,
2330 840 100 22 instruit
2439 840 31 21 du

1993 876 94 27 danger
2099 875 32 22 où
2143 874 95 22 étoient
2250 880 42 16 ces
2304 876 112 25 troupes,
2434 873 36 25 fit,

1994 914 56 16 sans
2068 908 90 26 tarder,
2181 908 78 21 battre
2274 908 22 21 la
2309 906 127 28 générale,
2451 906 22 20 &

1994 942 81 21 donna
2087 941 73 21 ordre
2170 947 30 15 au
2209 940 136 28 Régiment
2353 940 30 21 de
2393 940 78 20 Bearn

1994 975 30 20 de
2037 974 76 22 sortir
2124 974 31 21 de
2166 974 23 21 la
2201 973 76 26 Ville,
2288 973 23 21 <&
2319 974 31 20 de
2359 973 113 22 marcher

1995 1009 83 20 contre
2090 1008 37 20 les
2139 1007 114 21 rebelles.
2266 1007 23 20 A
2309 1007 23 21 la
2347 1005 125 29 première

1994 1040 122 28 décharge
2128 1046 32 16 on
2173 1042 40 19 tua
2227 1046 32 15 un
2272 1040 30 21 de
2314 1040 68 21 leurs
2394 1039 77 22 chefs.

1995 1073 71 22 Cette
2088 1075 67 20 mort
2177 1074 54 21 leur
2256 1073 26 22 fit
2307 1073 167 21 entièrement

1995 1107 86 27 perdre
2094 1112 106 23 courage
2211 1113 6 14 :
2240 1106 32 21 ils
2293 1112 27 15 se
2341 1105 134 22 retirèrent

1995 1145 42 16 sur
2055 1141 24 20 le
2099 1139 88 28 champ
2208 1145 62 15 avec
2283 1138 189 28 précipitation,

1995 1174 73 26 aj^ant
2079 1179 31 14 eu
2123 1174 73 20 outre
2214 1178 27 15 ce
2264 1171 63 26 chef,
2350 1171 124 27 plusieurs

1995 1207 82 19 autres
2097 1206 31 20 de
2148 1206 66 20 leurs
2236 1210 172 22 compagnons
2420 1203 54 22 tués

1995 1238 22 21 &
2030 1244 31 15 un
2073 1238 141 27 très-grand
2233 1238 106 21 nombre
2359 1238 31 20 de
2409 1237 66 21 bles-

1996 1270 47 22 sés.
2064 1270 68 22 Nous
2153 1276 31 16 ne
2205 1271 126 27 perdîmes
2348 1276 47 21 que
2408 1270 66 21 deux

1997 1304 132 25 Hussards,
2142 1304 21 21 &
2175 1310 33 15 un
2222 1303 112 26 Officier,
2349 1303 40 28 qui
2403 1309 71 16 mou-

1996 1340 40 19 rut
2047 1338 31 21 de
2089 1338 24 21 la
2125 1337 111 22 blessure
2249 1336 58 28 qu’il
2319 1337 71 21 avoit
2402 1342 73 22 reçue

1997 1371 60 21 dans
2078 1372 66 20 cette
2166 1371 93 21 action.
2284 1369 32 22 Le
2338 1369 137 28 Régiment

1997 1403 155 22 d’Austrasie
2170 1409 27 16 se
2208 1405 120 20 trouvant
2345 1409 58 15 sans
2423 1403 53 20 Au-

1998 1437 104 26 mônier,
2120 1437 26 27 je
2167 1436 39 21 fus
2225 1436 55 27 prié
2292 1437 32 20 de
2336 1436 36 21 lui
2385 1436 90 21 rendre

1997 1471 36 20 les
2052 1470 112 21 derniers
2185 1470 104 21 devoirs
2300 1475 6 16 :
2323 1470 26 26 je
2361 1469 64 22 m’en
2437 1474 38 16 ac-

1998 1503 86 28 quittai
2097 1503 61 21 dans
2169 1502 99 29 l’Eglise
2276 1503 32 21 de
2316 1503 23 21 la
2350 1502 123 25 Paroisse,

1998 1537 33 21 où
2040 1537 25 27 je
2075 1537 24 20 le
2110 1536 31 22 fis
2150 1536 123 22 inhumer.

2025 1569 92 22 Tandis
2129 1575 48 22 que
2189 1569 34 22 M.
2237 1569 31 22 de
2279 1569 135 25 Villemur,
2433 1569 41 26 qui

1999 1602 87 23 n’étoit
2106 1608 90 16 encore
2209 1608 55 22 -que
2285 1602 141 28 Brigadier,
2448 1607 26 15 se

1999 1636 92 28 portoit
2102 1642 30 15 en
2147 1638 80 23 avant,
2240 1635 23 21 &
2276 1635 101 27 prenoit
2389 1635 86 22 Monte

2000 1670 138 28 Maggiore,
2153 1669 34 21 M.
2197 1669 33 21 du
2240 1668 101 26 Châtel,
2352 1667 125 23 Maréchal

1999 1704 31 21 de
2042 1703 86 27 Camp,
2143 1702 88 28 chargé
2243 1703 31 21 de
2286 1702 135 22 continuer
2440 1702 36 20 les

2000 1736 141 28 opérations
2150 1736 61 21 dans
2224 1738 64 19 cette
2297 1735 80 28 partie
2386 1735 31 22 de
2424 1734 52 22 l’Is-

2000 1771 32 25 le,
2044 1770 27 21 fit
2082 1771 112 25 attaquer
2202 1768 71 22 Saint
2281 1769 142 25 Antonino,
2433 1774 46 21 par

1999 1804 25 20 le
2036 1802 130 28 Régiment
2178 1802 30 21 de
2217 1802 90 26 Bearn,
2317 1801 23 22 &
2349 1803 38 20 les
2395 1803 82 20 autres

2000 1838 101 25 troupes
2119 1835 42 27 qui
2181 1835 95 22 étoient
2286 1834 14 22 à
2312 1841 41 15 ses
2373 1835 87 21 ordres
2469 1841 6 14 :

2002 1875 27 16 ce
2041 1871 70 26 poste
2123 1871 39 19 est
2173 1874 44 21 par
2234 1869 131 21 lui-même
2380 1871 99 18 avanta-

2000 1904 148 27 geusement
2159 1901 65 22 situé
2236 1907 43 16 sur
2289 1902 24 21 le
2324 1901 62 22 haut
2405 1902 74 20 d’une

2001 1939 141 24 montagne,
2160 1935 23 21 &
2193 1936 36 21 les
2241 1935 107 21 rebelles
2359 1936 24 20 le
2394 1934 84 22 défen-

2002 1969 82 22 dirent
2094 1968 202 27 opiniâtrement,
2317 1968 31 21 de
2360 1969 67 20 sorte
2440 1967 37 28 qu’

2002 2003 18 21 il
2030 2007 31 16 ne
2073 2001 37 22 fut
2120 2000 69 23 forcé
2201 2001 112 27 qu’après
2331 2007 34 15 un
2382 2001 97 22 combat

2002 2033 31 21 de
2043 2038 28 20 24
2082 2032 99 21 heures.
2191 2032 31 20 La
2234 2033 69 25 perte
2313 2032 44 21 des
2366 2032 113 21 ennemis

2002 2063 37 22 fut
2048 2063 51 21 très
2114 2061 171 23 considérable
2297 2069 6 14 :
2322 2068 66 21 pour
2406 2068 71 19 nous,

2002 2099 63 16 nous
2077 2099 31 15 ne
2120 2093 124 27 perdîmes
2257 2098 49 22 que
2317 2099 49 21 peu
2385 2094 30 20 de
2434 2094 46 20 sol-

2003 2125 53 21 dats
2067 2123 22 22 &
2102 2129 32 16 un
2153 2124 54 20 seul
2228 2123 104 22 Officier
2345 2124 32 21 de
2389 2123 90 25 Bearn,

2004 2155 41 28 qui
2056 2156 101 19 mourut
2169 2154 30 21 de
2211 2159 41 16 ses
2265 2154 135 24 blessures,
2412 2154 69 22 nu.ni

2004 2186 45 21 des
2060 2184 145 22 Sacremens
2217 2190 47 21 que
2274 2184 64 27 j’eus
2357 2186 24 20 le
2401 2187 80 25 temps

2004 2217 31 21 de
2052 2216 35 21 lui
2109 2215 160 22 administrer
2278 2222 6 13 :
2307 2215 64 28 j’eus
2393 2221 87 16 encore

2004 2247 56 22 soin
2072 2246 29 21 de
2114 2252 26 15 sa
2153 2245 124 27 sépulture
2286 2246 74 27 après
2370 2252 26 15 sa
2406 2249 74 22 mort,

2005 2277 60 22 c’est
2075 2277 24 21 le
2111 2277 108 26 premier
2230 2276 31 21 du
2274 2276 135 28 Régiment
2420 2282 62 22 pour

2005 2308 40 27 qui
2053 2308 26 26 je
2090 2306 105 27 remplis
2206 2312 42 15 ces
2266 2307 87 21 tristes
2371 2308 110 21 devoirs.

2033 2337 72 22 Cette
2117 2337 80 27 partie
2209 2338 31 20 de
2251 2338 24 20 la
2286 2337 110 28 Balagne
2415 2337 68 22 étant

2005 2368 103 25 réduite,
2120 2369 38 20 les
2170 2367 136 28 Régimcns
2318 2368 31 21 de
2360 2368 124 28 Bassign)'-

2005 2400 22 21 &
2038 2398 139 29 d’Agénois
2188 2399 122 22 restèrent
2321 2405 64 21 pour
2392 2400 24 20 la
2425 2405 59 15 con-

2004 2431 67 22 tenir
2081 2431 63 20 dans
2155 2429 175 26 l’obéissance,
2343 2430 22 21 &
2379 2430 60 21 celui
2453 2430 30 21 de

2005 2463 78 21 Bearn
2096 2463 43 20 eut
2150 2461 74 22 ordre
2236 2461 87 22 d’aller
2334 2461 14 21 à
2361 2461 86 25 Corte,
2461 2460 22 22 &

2005 2495 18 20 il
2035 2494 37 28 s’y
2082 2493 83 22 rendit
2178 2498 56 16 sans
2243 2493 72 21 avoir
2324 2492 96 22 d’autre
2429 2492 55 21 obs-

2004 2525 64 21 tacle
2081 2523 15 22 à
2110 2525 148 24 surmonter,
2280 2529 49 22 que
2347 2524 23 20 la
2382 2522 103 22 difficul-

2005 2554 24 23 té
2041 2555 43 21 des
2096 2555 121 21 chemins.

2171 2587 11 26 (
2186 2587 147 26 Cuntinua)

2316 2626 61 16 [texte
2387 2626 91 16 manquant]

2005 2659 97 22 Aiaceiu
2110 2671 30 4 —
2151 2659 132 29 Slamparia
2296 2659 24 22 di
2336 2660 22 21 A
2370 2659 102 26 Muvra,

2006 2702 14 15 u
2034 2695 239 22 Direttore-Gerenle:
2283 2695 72 22 Petru
2365 2694 111 22 ROCCA.

20 2826 97 24 Foglittinu
125 2831 19 17 di
151 2832 22 17 A
177 2829 164 20 Muvra—n.lo2
350 2837 17 4 —
374 2827 20 18 di
400 2827 27 18 u6
432 2825 49 20 -2-30

41 2891 239 57 PASQUALE
315 2889 141 51 PA0L1

215 2970 66 19 OSSIA

58 3012 36 37 La
111 3015 80 36 Rolla
208 3015 31 36 di
252 3015 177 36 Pmkauovo

22 3070 267 29 RACONTOCORSO
296 3072 186 26 DELSECOLO

205 3116 83 22 XVIII

237 3159 23 17 DI

109 3201 32 24 F.
156 3202 36 24 D.
209 3201 175 25 Guerrazzi

46 3260 161 28 Proniellendo
227 3272 14 15 e
263 3262 161 31 obligandomi
448 3260 37 29 pel

23 3295 85 25 Seguilo
122 3297 24 23 di
168 3298 104 23 darvene
285 3303 78 16 mezzo
375 3296 23 28 (e
420 3300 67 16 corne

22 3322 7 20 1
38 3326 256 28 tdfìeialestrabuzzava
305 3330 33 29 gìi
348 3328 77 26 occhi,
436 3333 49 16 cos-

69 3367 99 21 pauroso
188 3365 21 22 si
221 3365 21 22 ri
244 3371 54 22 près
299 3371 14 14 e
332 3361 111 28 dicendo)
462 3359 24 22 di

24 3387 92 31 darvene
128 3405 45 15 uno
185 3405 43 23 per
239 3398 56 29 ogni
311 3396 74 23 affare
398 3395 43 22 che
453 3393 33 22 mi

25 3427 149 27 Proeurerete.

49 3456 17 22 R
74 3460 100 27 ufficiale
197 3465 21 22 si
242 3470 78 16 morse
330 3463 24 22 le
376 3461 94 22 babbrâ
479 3467 7 19 ;

26 3487 102 36 -Rriano,
140 3504 70 16 senza
222 3497 138 25 avvertirlo,
377 3494 64 23 nella
453 3494 35 21 in-

28 3524 65 24 £eilüa
100 3529 156 24 sfronlalezza
265 3530 64 22 délia
337 3535 44 16 sua
389 3526 98 23 infamia

74 3564 67 20 aveva
160 3564 103 22 ribadito
288 3569 45 16 uno
345 3559 102 24 schiaffo
459 3565 28 15 su

43 3592 39 19 »na
99 3600 12 15 e
121 3595 77 24 l’allra
210 3596 104 29 guancia
326 3602 12 15 e
353 3600 47 16 non
412 3593 23 22 ci
446 3598 42 15 era

27 3620 90 28 ntododi
128 3629 172 22 risenlirsene..

48 3651 48 41 ^T°a
107 3662 150 22 sovvenendo
271 3661 87 29 parlito
376 3659 112 28 migliôre

64 3688 106 33 ufficiale,
191 3697 59 20 cavô
272 3694 62 22 dalla
355 3698 43 15 sua
417 3692 71 21 borsa

27 3714 40 26 due
82 3722 57 32 luigi
150 3734 13 15 e
174 3728 74 29 queiii
265 3727 77 22 dando
355 3732 13 15 a
380 3725 108 22 Mariano

508 2825 131 29 soggiunse
648 2831 5 16 :
664 2836 29 5 —
705 2823 108 30 pigliale,
826 2821 24 22 io
867 2827 58 16 sono
939 2820 43 21 usé

509 2866 13 15 a
535 2858 114 29 regalare,
661 2863 46 16 non
719 2856 31 22 ad
756 2857 118 20 accettare
881 2853 100 22 mancie.

537 2891 106 23 Mariano
655 2897 47 15 non
714 2896 27 15 se
753 2889 23 21 lo
788 2888 76 22 laseiô
875 2887 51 22 dire
938 2886 45 21 due

509 2926 72 26 voile,
594 2925 29 21 ed
635 2923 121 23 accinffòa
764 2922 57 22 volo
830 2921 7 21 i
851 2921 46 21 due
909 2919 73 29 luigi;

510 2959 37 22 nel
568 2957 112 30 riporseli
701 2956 101 23 assieme
822 2954 48 29 agîi
888 2953 22 22 al
914 2953 29 22 tri
959 2953 25 21 in

512 2995 73 24 tasca,
598 2991 91 28 riprese
700 2996 6 15 :
714 3001 28 5 —
751 2995 29 16 vc
790 2988 17 21 li
820 2987 95 23 mcnerò
926 2986 58 21 buo-

510 3026 24 22 ni
546 3025 37 22 sui
595 3024 112 28 prossimi
719 3021 98 23 mercati
830 3018 119 25 tenendoli
961 3019 24 21 in

512 3062 69 19 conto
594 3057 25 22 di
633 3063 107 22 caparra.

537 3104 29 5 —
574 3091 26 22 Io
611 3097 31 15 ve
653 3090 18 21 li
691 3089 71 26 dono,
786 3087 52 22 urlô
863 3084 123 24 l'ufficiale

513 3124 113 31 pestando
636 3123 6 22 i
651 3123 72 29 piedi,
734 3122 53 21 cioè
794 3127 47 15 non
850 3126 29 15 ve
889 3119 17 21 li
913 3118 71 26 dono,

513 3159 22 22 vi
547 3158 66 22 saldo
625 3156 122 29 l’inguma
755 3154 43 22 che
805 3153 32 22 mi
847 3154 67 21 avete
925 3150 60 23 l'alto

513 3190 154 31 pigliandomi
677 3196 41 22 per
726 3186 124 24 sensaledi
860 3184 127 23 tradimen-

515 3228 32 19 lo.

542 3270 28 5 —
575 3257 19 22 E
614 3257 38 22 voi
665 3257 134 21 coslumale
811 3258 89 24 pagare
913 3252 23 21 le
953 3251 33 20 in-

514 3291 78 29 giurie
603 3297 14 14 a
630 3289 59 28 luigi
704 3288 22 20 di
741 3293 42 16 oro
791 3286 12 21 ?

541 3336 28 5 —
577 3323 54 22 Non
643 3322 31 21 ho
687 3322 94 20 Irovalo
794 3317 110 29 migliôre
914 3315 74 29 parti-

516 3361 23 19 to
551 3357 23 22 in
584 3356 84 22 difelto
674 3354 24 21 di
710 3351 121 31 polervela
843 3355 89 24 pagare
943 3353 44 16 con

515 3398 31 15 un
558 3390 69 28 colpo
640 3388 24 21 di
676 3386 84 29 spada.

542 3435 28 5 —-
579 3422 62 22 Caro
654 3420 56 26 mio,
723 3425 47 16 non
785 3417 21 22 lo
819 3417 50 21 dite
891 3415 28 22 ad
931 3413 56 23 altri

515 3457 45 23 che
571 3463 14 15 a
596 3461 45 19 nie,
653 3452 88 30 perché
751 3451 40 21 voi
800 3451 97 20 mettele
905 3450 83 24 troppe

515 3491 78 22 anime
600 3489 24 21 in
637 3485 133 24 lentazione
778 3483 22 22 di
808 3481 62 23 dirvi
877 3479 110 30 ingiurie.

542 3536 28 4 —
581 3522 34 22 Eh
626 3521 6 22 !
646 3525 57 17 caro
716 3518 56 25 mio,
794 3522 47 16 non
854 3515 21 21 ci
887 3512 102 23 sarebbe

515 3557 61 22 mica
588 3555 17 22 il
616 3559 60 24 gran
689 3551 62 22 male
761 3550 44 21 che
825 3546 161 29 immaginate,

516 3589 86 30 perché
613 3588 80 28 presto
708 3584 31 22 mi
758 3580 104 25 troverei
874 3580 24 21 in
914 3577 73 22 fondo

516 3623 36 22 co’
572 3619 122 31 qualLrini,
709 3624 12 15 e
742 3616 83 24 allora,
846 3619 43 22 per
905 3612 82 20 vostro

516 3660 112 20 «>overno,
641 3652 60 22 farei
713 3650 38 22 da’
761 3648 57 22 miei
829 3644 86 24 soldati
926 3648 61 16 rom-

516 3694 55 23 pere
584 3687 21 22 le
617 3691 55 16 ossa
683 3681 161 24 all’insolente
858 3675 129 24 elosalde-

516 3721 35 22 rei
562 3727 13 15 a
587 3719 132 22 bastonate.

1034 2829 30 5 —
1071 2817 83 22 Allora
1175 2815 22 22 vi
1220 2814 86 22 chiedo
1318 2813 113 29 perdono,
1445 2818 36 15 ma

1010 2851 103 22 davvero
1129 2847 185 31 proponendomi
1330 2847 40 22 voi
1385 2845 23 22 di
1421 2851 62 15 com-

1010 2890 68 22 prare
1090 2890 43 22 per
1144 2884 71 20 conto
1235 2880 72 23 altrui
1319 2881 8 21 i
1346 2877 136 31 prigionieri

1010 2917 44 22 che
1066 2916 31 22 mi
1110 2916 120 28 capitasse
1242 2913 107 22 metlervi
1369 2912 23 21 in
1404 2917 76 20 manu,

1011 2950 99 22 credeva
1122 2949 24 22 in
1158 2947 123 23 coscienza
1291 2945 91 29 potervi
1392 2950 56 22 repu
1451 2945 32 20 la-

1011 2989 25 16 re
1047 2982 103 23 sensale.
1163 2980 53 22 Non
1237 2980 22 22 ci
1282 2981 14 20 è
1306 2981 63 20 stata
1391 2976 91 23 malizia

1011 3023 44 21 per
1064 3018 68 26 parte
1145 3014 47 22 mia
1201 3021 7 19 ;
1222 3011 144 24 facciamolo
1376 3009 108 29 giudica-

1011 3056 26 15 re
1049 3056 12 15 e
1071 3047 99 24 vedrete
1182 3047 44 22 che
1234 3048 70 20 avete
1315 3047 63 20 torto
1389 3051 5 14 :
1408 3049 25 16 se
1444 3042 39 29 poi

1011 3083 24 22 vi
1046 3082 61 22 siele
1118 3082 71 21 avulo
1201 3086 15 15 a
1239 3078 62 22 male
1324 3078 44 22 che
1378 3076 24 22 vi
1414 3075 69 22 abbia

1012 3115 86 23 ofîerto
1110 3119 70 23 poco,
1197 3118 49 16 non
1257 3111 86 22 andale
1354 3110 24 21 in
1390 3109 76 22 beslia
1476 3115 6 20 ;

1013 3149 21 22 ci
1054 3146 197 24 accomoderemo
1262 3144 30 23 da
1304 3142 76 24 onesli
1398 3142 84 26 amici;

1012 3181 61 23 dove
1085 3181 21 22 ci
1119 3180 78 22 hanno
1211 3177 92 23 uomini
1315 3177 23 22 ci
1350 3176 30 21 ha
1393 3174 77 22 modo.

1039 3214 107 23 Mariano
1159 3217 74 18 aveva
1247 3213 62 19 torto
1321 3208 39 23 nel
1377 3208 107 21 conside-

1013 3254 54 15 rare
1077 3245 125 23 l’ufficiale
1214 3246 68 26 parle
1303 3241 133 24 accessoria
1446 3240 37 22 del

1014 3279 152 25 tradimento,
1180 3283 21 16 m
1204 3279 66 20 entre
1284 3275 56 22 tutti
1353 3273 72 29 quelli
1441 3273 44 22 che

1013 3313 24 22 vi
1056 3311 155 29 partecipano
1229 3315 61 16 sono
1316 3305 126 31 principal!
1459 3306 25 20 in

1014 3345 76 22 faccia
1101 3351 13 14 a
1128 3343 45 22 Dio
1185 3343 45 22 che
1243 3343 62 21 tiene
1315 3338 170 30 l’archipendo-

1014 3378 23 21 lo
1051 3377 23 22 in
1087 3383 69 16 mano
1177 3376 63 22 délia
1261 3379 55 17 vera
1328 3372 98 29 ragione
1434 3379 6 19 ;
1451 3371 34 29 gli

1015 3411 88 22 uomini
1114 3410 21 21 si
1147 3414 138 24 governano
1297 3411 44 16 con
1361 3405 61 22 altro
1433 3411 52 22 pas-

1015 3446 61 19 setto
1084 3451 7 15 ;
1102 3445 65 19 tanlo
1179 3447 57 16 vero
1256 3440 84 29 questo
1360 3438 45 22 che
1416 3437 70 22 l’utfi-

1015 3476 59 22 ciale
1086 3481 43 22 per
1136 3475 24 21 lo
1172 3474 52 22 zelo
1236 3477 79 18 messo
1327 3471 38 22 nel
1384 3471 101 22 servizio

1015 3509 37 22 del
1065 3507 56 22 refu
1132 3507 74 22 eletto
1214 3505 120 24 cavalière
1342 3504 25 20 di
1377 3510 43 16 san
1431 3503 55 22 Lui-

1014 3542 34 28 gi,
1060 3542 91 20 montre
1163 3546 26 15 se
1213 3539 108 28 capilava
1342 3537 64 21 nelle
1424 3536 62 22 mani

1014 3574 39 21 del
1065 3572 68 23 Paoli
1147 3572 24 21 lo
1182 3571 106 22 avrebbe
1299 3569 136 28 impiccato,
1448 3575 12 15 e
1469 3568 16 22 il

1013 3605 111 30 generale
1130 3605 24 21 in
1163 3605 125 21 coscienza
1297 3601 21 22 si
1329 3602 99 21 sarebbe
1436 3607 51 23 per-

1013 3645 80 18 suaso,
1105 3643 69 16 corne
1185 3643 26 15 se
1222 3642 31 15 ne
1264 3639 112 25 persuase
1386 3635 18 21 il
1417 3640 32 20 re,
1462 3634 24 21 di

1013 3670 90 29 avergli
1115 3669 110 29 regolalo
1233 3668 19 22 il
1263 3669 73 20 conto
1343 3667 89 27 giuslo.

1039 3703 119 22 Uscirono
1167 3702 8 21 i
1182 3699 129 30 granatieri
1318 3700 98 20 traendo
1421 3699 55 22 AlLo

1507 2810 73 27 bello,
1594 2810 44 22 elle
1649 2809 102 22 levando
1763 2809 17 21 il
1788 2815 60 21 capo
1860 2808 20 21 si
1892 2808 54 21 vide
1958 2807 22 22 di

1509 2851 30 14 un
1553 2846 72 19 tralto
1639 2842 94 22 davauli
1747 2849 12 14 a
1771 2843 27 20 sè
1809 2841 114 22 Bastiano
1936 2848 7 19 ;
1956 2840 24 21 lo

1507 2877 59 22 fissò
1577 2877 84 21 dentro
1674 2875 34 29 gli
1727 2875 70 22 occhi
1810 2881 44 15 con
1877 2873 106 29 isguardi

1509 2909 108 30 taglienti
1630 2908 123 29 pensando
1775 2907 160 28 costringerlo
1953 2906 30 22 ad

1507 2944 133 21 abbassare
1662 2942 23 22 la
1709 2941 77 22 faccia
1808 2942 174 27 svérgognata;

1508 2984 39 15 ma
1560 2976 114 22 Bastiano
1694 2974 125 29 aggrondò
1832 2981 12 14 a
1857 2974 64 22 voila
1941 2979 42 16 sua

1509 3010 23 22 le
1546 3009 72 29 ciglia
1631 3015 13 16 e
1655 3009 94 28 rispose
1761 3007 71 29 colpo
1851 3014 43 22 per
1904 3006 78 28 colpo.

1508 3043 54 22 Non
1571 3042 91 22 dissero
1676 3041 90 28 parola,
1779 3047 92 15 veruna
1887 3046 60 16 voce
1958 3039 25 22 fu

1509 3076 76 25 udita,
1599 3081 12 16 e
1620 3080 60 22 pure
1690 3074 115 21 Bastiano
1818 3075 52 26 capi
1883 3072 101 23 benissi-

1509 3115 39 16 mo
1560 3109 45 21 che
1615 3107 122 22 Altobello
1749 3106 33 29 gli
1794 3113 75 15 aveva
1888 3106 96 21 doman-

1509 3142 69 22 dato:
1591 3141 83 22 Anche
1687 3143 25 19 tu
1725 3139 157 23 Bastiano?E
1891 3139 93 22 Bastia-

1509 3181 32 15 no
1562 3181 74 15 aveva
1656 3173 104 29 risposto
1770 3181 6 13 :
1795 3185 30 4 —
1848 3172 35 22 Ed
1898 3172 36 22 osi
1959 3174 24 19 tu

1510 3207 121 29 pensarmi
1645 3206 134 22 Iradilore?
1791 3206 86 22 Allora
1888 3205 23 22 la
1923 3211 62 16 sem-

1509 3241 85 22 bianza
1605 3240 24 21 di
1640 3240 120 21 Altobello
1766 3239 21 22 si
1799 3239 52 22 fece
1863 3241 121 19 mansueta

1509 3280 15 15 e
1546 3273 114 22 Bastiano
1681 3271 193 22 abbrancandosi
1893 3277 44 16 con
1962 3271 22 21 la

1510 3306 80 21 desti-a
1603 3305 16 22 il
1632 3307 65 26 petto
1711 3304 64 22 dalla
1785 3306 67 26 parte
1863 3303 37 22 del
1913 3309 72 16 cuore

1510 3345 72 22 parve
1600 3337 120 22 volerselo
1741 3339 107 20 slaccare
1860 3343 13 15 e
1892 3338 94 19 metlcr-

1510 3371 75 29 glielo
1597 3373 63 20 sotto
1681 3370 36 29 gli
1728 3369 70 23 occhi
1807 3369 87 29 perché
1905 3369 21 22 si
1937 3369 47 22 sin-

1511 3410 103 16 cerasse.

1540 3437 123 22 Rimasero
1673 3435 116 26 Mariano,
1802 3435 17 21 il
1832 3435 70 28 quale
1908 3441 46 16 non
1964 3436 21 20 si

1512 3470 63 21 dette
1587 3469 110 28 pensiero
1711 3468 23 21 di
1747 3468 96 28 seguire
1861 3469 30 20 né
1903 3473 83 16 maneo

1512 3509 46 15 con
1568 3502 34 28 gli
1613 3501 70 22 occhi
1696 3501 18 21 il
1723 3500 95 27 tradilo,
1832 3507 13 15 e
1856 3500 22 22 la
1890 3499 96 29 stupida

1512 3537 111 20 consorte
1635 3534 94 21 inlorno
1741 3534 47 21 alla
1801 3533 89 22 tavola.
1901 3533 86 21 Maria-

1512 3574 31 15 no
1555 3568 64 21 disse
1628 3575 6 13 :

1539 3600 70 26 Mira,
1623 3599 85 26 Lucia,
1721 3599 8 21 i
1742 3598 112 22 Francesi
1867 3598 22 21 ci
1908 3598 79 21 hanno

1513 3633 100 22 lasciato
1623 3638 46 15 una
1681 3631 108 22 lanterna
1799 3637 6 19 ;
1819 3630 76 22 anche
1903 3633 84 25 questo

1512 3668 15 19 è
1538 3668 66 19 tanto
1616 3666 25 20 di
1649 3664 164 29 guadagnato,
1827 3663 93 22 oltrela
1932 3669 56 15 can-

1513 3698 54 22 dela
1576 3698 45 22 che
1634 3697 102 22 facendo
1748 3703 13 15 a
1771 3696 103 22 miccino
1883 3696 42 29 più
1933 3696 54 21 bas-

2009 2808 50 19 lare
2070 2812 42 22 per
2123 2808 95 26 qualtro
2231 2812 53 15 sere
2296 2805 31 22 od
2341 2808 61 19 olto.

2034 2851 28 4 —
2070 2839 83 22 Anche
2165 2839 89 26 dodiei,
2265 2840 56 20 noté
2333 2838 84 27 Lucia,
2429 2838 55 23 bas-

2011 2874 23 19 ta
2045 2878 46 15 non
2104 2871 140 23 accenderla
2257 2872 57 21 mai.

2037 2917 29 4 —
2072 2905 36 22 Va
2123 2905 50 26 via,
2182 2904 80 30 grulla
2272 2913 7 18 ;
2292 2905 94 21 inlanto
2410 2905 74 28 ripas-

2009 2938 76 22 siamo
2098 2944 31 15 un
2142 2938 37 28 po’
2198 2938 24 21 la
2234 2940 93 19 moneta
2340 2944 44 22 per
2399 2938 86 22 vedere

2009 2977 27 16 se
2046 2978 29 15 va
2088 2971 69 22 bene.

2037 3016 28 4 —
2071 3004 46 22 Per
2128 3006 84 23 questo
2225 3003 101 22 sarebbe
2345 3007 79 26 tempo
2433 3012 53 21 per-

2010 3036 66 27 duto,
2089 3037 46 22 chè
2147 3037 22 22 la
2179 3037 61 22 festa
2253 3038 14 21 è
2280 3036 71 27 falla,
2366 3044 38 15 ma
2417 3038 69 21 ralle-

2010 3076 42 22 gra
2066 3072 65 19 tanto
2141 3070 16 21 il
2170 3076 72 16 cuore
2254 3070 23 21 la
2288 3070 65 21 visfa
2366 3070 38 22 dei
2420 3073 66 25 quat-

2011 3103 64 21 trini.

2039 3136 17 21 E
2071 3138 95 27 quattro
2185 3136 62 22 mani
2265 3137 112 21 tremanti
2390 3143 95 21 presero

2011 3176 13 14 a
2044 3169 152 29 maneggiare
2208 3170 7 20 i
2236 3169 69 29 luigi,
2327 3176 43 15 ora
2388 3177 99 22 sparpa-

2010 3202 117 29 gliandoli
2139 3209 27 15 su
2180 3203 22 21 la
2216 3202 89 27 tavola,
2326 3210 43 15 ora
2381 3210 107 15 ammuc-

2010 3236 121 22 chiandoli
2144 3236 24 21 in
2177 3236 122 29 gruppetti
2310 3236 23 21 di
2342 3237 92 28 cinque,
2445 3243 42 16 ora

2011 3269 24 21 di
2046 3275 62 15 nove
2117 3276 6 18 ;
2137 3269 24 21 in
2171 3268 163 29 chiunquegli
2343 3275 86 16 avesse
2440 3270 47 21 vis-

2012 3302 18 20 li
2040 3308 14 15 a
2066 3301 116 28 quell’ora
2193 3301 24 21 in
2230 3304 90 19 cotesto
2334 3304 60 24 alto,
2407 3302 81 22 avi-eb-

2011 3334 57 22 bero
2076 3334 144 22 richiamato
2232 3334 24 21 in
2266 3338 79 19 mente
2353 3335 7 21 i
2373 3335 47 22 due
2431 3342 56 22 por-

2012 3367 21 21 ci
2044 3367 38 22 del
2095 3367 141 26 Bocoaccio,
2247 3367 44 22 elie
2298 3368 65 29 presi
2372 3368 33 29 gli
2415 3372 72 19 slrac-

2012 3400 23 21 ci
2047 3400 122 28 impestati
2182 3400 77 28 prima
2282 3401 38 21 col
2333 3401 64 28 grifo
2416 3409 13 14 e
2449 3403 40 27 poi

2012 3433 35 21 co’
2059 3433 66 21 denti
2134 3433 195 28 squassandoseîi
2340 3440 28 15 su
2381 3434 22 22 le
2415 3441 73 22 guan-

2012 3466 37 21 cie
2061 3472 14 15 a
2086 3467 27 20 sè
2124 3465 92 23 dettero
2230 3469 76 19 morte
2318 3473 14 15 e
2344 3467 86 21 furono
2452 3474 36 15 ca-

2012 3498 71 28 gione
2098 3498 46 22 che
2160 3499 24 21 la
2204 3501 76 19 inoria
2297 3499 21 22 si
2338 3499 151 23 dislendes.se

2012 3537 72 22 sopra
2096 3531 108 22 Firenze.
2229 3531 75 22 Forse
2321 3532 39 21 chi
2372 3539 27 15 sa
2415 3533 47 21 fino
2473 3541 14 14 a

2012 3564 94 28 quando
2117 3565 98 21 avrieno
2222 3567 117 26 protratto
2352 3565 16 22 il
2380 3567 108 27 turpedi-

2014 3596 66 26 lello,
2093 3603 26 16 se
2131 3597 72 22 Lucia
2216 3604 47 15 non
2277 3598 66 22 fosse
2361 3599 87 21 saltala
2461 3606 27 15 su

2013 3636 13 15 a
2037 3629 49 22 dire
2096 3638 5 13 :

2184 3693 10 25 (
2198 3692 148 27 Cuntinua.)
