2559 3936
13 153 143 28 Tribune
179 146 83 24 libre

17 250 120 50 Les
169 235 468 59 Trépanateurs
675 238 308 51 es=lettres

41 393 18 21 Il
67 392 55 19 vous
130 391 13 14 a
151 384 34 21 été
194 382 75 21 donné
277 383 13 20 à
303 381 95 21 maintes
419 382 68 25 repri-

20 431 32 17 ses
71 420 28 21 de
111 415 112 25 souligner
245 413 56 20 dans
319 416 63 17 votre
396 413 91 21 vaillant

20 456 77 23 organe
104 445 98 26 l'ineptie
211 444 29 20 de
247 444 23 20 la
276 450 10 11 «
292 443 68 21 chose
369 451 11 12 »
397 443 91 25 journa-

19 484 84 25 listique
113 484 28 14 en
154 476 70 20 Corse
237 477 23 18 et
276 474 87 25 chaque
375 474 43 21 fois
431 480 56 15 vous

20 520 47 20 avez
85 508 64 23 tâché
167 506 29 20 de
212 505 134 25 stigmatiser
362 512 87 14 comme
470 506 17 20 il

21 540 112 30 convenait
139 537 97 22 l’infâme
244 536 115 25 bourrage
375 536 28 20 de
408 537 80 20 crânes

21 571 75 29 auquel
104 572 51 20 sont
171 567 85 22 soumis
277 566 34 21 les
327 566 118 21 insulaires
459 567 29 20 de

21 613 35 23 par
63 605 21 20 la
90 598 131 28 flagornerie
232 598 68 20 d'une
317 598 84 25 grande
417 598 71 25 partie

22 640 24 21 de
52 636 22 21 la
82 638 75 21 presse
165 630 28 20 de
200 629 52 21 rîle.

43 664 111 24 Ouelques
174 660 114 21 confrères
304 662 41 18 ont
361 665 55 19 paru
432 664 56 15 vous

22 700 125 26 approuver,
161 691 44 21 soit
221 697 29 14 en
263 692 152 18 commentant
428 689 62 21 favo-

22 727 118 26 rablement
150 729 41 14 vos
207 721 95 24 articles,
312 721 44 21 soit
370 728 29 13 en
416 728 73 19 repre-

22 761 50 23 nant
80 761 56 22 pour
144 754 49 20 leur
208 759 82 19 propre
304 755 89 23 compte
400 752 21 20 la
431 758 59 14 cam-

23 795 68 24 pagne
99 784 119 23 ébauchée.

44 819 98 23 D’aùtres
146 825 26 5 —
186 815 34 20 les
228 817 75 18 autres
315 826 28 4 —
356 820 46 14 non
419 814 71 20 seule-

21 854 59 22 ment
84 856 25 14 se
131 849 51 19 sont
190 845 52 21 bien
261 845 69 25 gardé
346 845 100 26 d’opiner
459 845 30 20 du

22 883 79 23 bonnet
108 878 38 27 (de
156 877 84 21 crainte
254 882 53 14 sans
321 876 68 20 doute
405 876 28 20 de
441 877 49 19 s'en

21 908 134 28 décoiffer...)
161 907 56 22 mais
226 907 134 21 ébouriffant
370 907 30 21 de
407 911 84 21 grotes-

22 951 42 21 que
72 942 63 25 façon
141 940 33 20 les
182 938 57 21 fines
248 938 80 21 barbes
336 938 29 20 de
374 938 61 21 leurs
442 936 49 27 plu-

22 982 44 17 mes
74 973 27 21 ils
120 974 40 18 ont
175 969 107 21 continué
298 969 29 21 de
338 970 51 25 plus
405 969 58 21 belle
477 970 13 20 à

22 1006 108 23 barbotter
134 1008 55 14 avec
197 1000 83 21 délices
297 1000 57 21 dans
370 1000 22 20 la
406 1000 85 21 bourbe

23 1039 26 21 de
56 1037 48 21 leur
113 1039 73 15 encre.

45 1065 71 24 Ainsi,
124 1070 25 15 se
157 1063 125 25 repaissant
289 1063 29 20 de
326 1066 49 17 tout
383 1069 26 14 ce
424 1062 67 26 qu'ils

23 1099 101 23 trouvent
135 1095 56 21 dans
196 1094 34 21 les
238 1100 75 15 mares
317 1101 174 19 gouvernemen-

23 1131 59 22 tales,
99 1133 41 15 nos
148 1125 137 27 palmipèdes
302 1126 101 20 éructent
416 1124 77 22 finale-

23 1163 58 21 ment
88 1165 40 14 sur
135 1158 22 20 le
166 1163 94 15 cerveau
269 1156 29 21 de
306 1163 42 14 nos
361 1156 131 27 compatrio-

23 1197 30 17 tes
62 1191 39 20 des
109 1189 102 21 matières
220 1188 173 21 inommables...

45 1229 81 27 Quand
131 1228 59 21 donc
193 1228 28 21 ils
229 1235 30 13 ne
264 1235 58 14 nous
327 1228 166 21 tarabiscottent

23 1269 37 21 pas
68 1261 40 21 des
117 1259 118 27 péripéties
243 1259 29 21 de
282 1259 119 25 l’emprunt
408 1260 56 20 dont
471 1259 23 20 le

23 1294 75 21 succès
112 1290 144 26 s’annonçait
273 1290 100 25 effarant,
391 1290 27 21 ils
435 1296 59 15 nous

23 1324 118 22 canardent
149 1322 28 20 de
185 1325 63 17 toute
253 1321 121 21 l’artillerie
386 1322 39 20 des
433 1324 61 17 trou-

24 1362 38 20 pes
69 1353 121 25 françaises
198 1352 48 26 qui,
253 1353 43 20 soit
300 1359 56 15 avec
359 1352 83 21 Sarrail
449 1352 46 21 soit

23 1393 53 15 avec
89 1386 109 25 Lyautey,
214 1384 117 21 marchent
352 1383 143 26 triomphale-

24 1421 60 19 ment
91 1423 51 15 vers
147 1416 33 21 les
188 1416 128 26 sanglantes
330 1422 92 14 aurores
430 1415 29 21 de
471 1415 23 21 la

23 1448 101 23 nouvelle
132 1448 108 21 France...
249 1448 20 20 A
277 1448 74 20 moins
359 1454 45 19 que
424 1450 49 18 tout
480 1447 15 20 à

23 1488 56 18 coup
83 1487 32 14 un
123 1480 79 25 procès
210 1480 142 21 retentissant
368 1486 30 14 ne
413 1479 82 21 vienne

23 1518 56 16 nous
92 1512 87 25 planter
192 1511 22 21 là
236 1518 56 14 avec
305 1511 33 21 les
365 1513 130 23 trompettes

23 1543 122 27 guerrières
153 1549 57 19 pour
215 1549 58 14 nous
282 1542 128 21 démontrer
413 1541 82 26 finale-

24 1576 62 20 ment
92 1581 77 19 que....
179 1574 14 20 à
201 1574 101 20 Locarno
320 1573 148 21 Madelonette
481 1579 14 14 a

24 1606 112 25 remporté
143 1612 32 14 un
183 1606 79 20 succès
266 1605 51 26 plus
322 1611 45 19 que
376 1604 99 26 «bryand
483 1610 11 12 »

25 1651 22 7 ...
66 1643 46 14 non
129 1636 73 21 moins
215 1636 150 21 brillamment
381 1636 115 20 couronné

24 1668 30 20 du
61 1667 51 27 prix
120 1667 94 21 Nobel...

48 1704 103 21 Pendant
158 1711 26 13 ce
197 1708 80 22 temps,
294 1704 23 21 la
330 1704 91 21 malaria
437 1711 58 14 nous

5 1750 9 6 -
24 1735 56 21 tient
95 1735 139 26 compagnie,
249 1735 33 21 les
293 1735 140 26 moustiques
449 1736 47 20 s’en

25 1767 100 21 donnent
129 1767 14 19 à
152 1773 62 14 coeur
220 1766 55 26 joiè,
286 1766 23 21 la
315 1767 78 25 région
407 1767 30 20 du
446 1766 51 21 Sar-

24 1797 71 22 tenais
102 1798 75 20 attend
185 1797 101 26 toujours
292 1804 45 18 que
344 1798 23 20 la
383 1798 114 20 locomoti-

25 1836 28 14 ve
65 1828 113 21 stridesur
183 1829 21 20 la
212 1829 64 25 place
284 1829 75 24 Porta,
377 1829 88 21 Machin
474 1833 23 17 et

25 1859 142 25 Tartempion
180 1860 62 20 n’ont
250 1866 40 19 pas
307 1861 63 19 cessé
385 1861 70 20 d'être
468 1860 29 20 de

26 1890 51 21 fiers
85 1890 111 25 crapulets
204 1894 23 17 et
239 1897 58 16 nous
309 1891 40 21 des
363 1891 73 26 poires
451 1892 46 20 très

25 1922 123 26 juteuses...

52 1958 59 26 Quel
120 1961 34 18 est
165 1958 58 21 celui
227 1959 85 20 d’entre
319 1966 66 17 nous,
391 1959 25 25 je
423 1959 22 21 le
458 1959 39 20 de-

27 1989 97 22 mandeà
131 1996 42 14 nos
178 1990 133 24 plantureux
316 1990 127 25 pingouins,
450 1990 47 25 qui,

28 2027 27 14 au
69 2020 48 21 heu
131 2020 28 21 de
171 2020 197 22 l'assainissement
391 2020 106 21 financier

28 2051 81 25 auquel
116 2058 58 14 nous
178 2058 103 19 pouvons
284 2052 20 20 si
310 2058 45 19 peu
363 2055 24 17 et
397 2051 56 21 dont
468 2058 29 14 on

29 2089 56 14 nous
92 2082 93 21 martèle
193 2090 53 14 sans
254 2083 56 25 pitié
323 2083 26 21 le.
361 2087 92 22 tympan
470 2090 27 13 ne

28 2114 127 25 préférerait
167 2121 41 19 pas
215 2114 199 22 l’assainissement
421 2114 28 21 de
457 2121 40 14 nos

29 2145 109 25 plaines...
146 2149 24 17 et
177 2146 61 20 aussi
259 2146 65 24 celui,
342 2146 155 21 évidemment,

29 2176 27 21 de
63 2177 97 21 certains
168 2177 87 21 recoins
263 2178 123 26 interlopes
394 2178 30 20 du
438 2178 59 20 fonc-

28 2208 144 21 tionnarisme
181 2209 108 21 insulaire
296 2209 37 21 ?...

53 2239 31 21 Le
92 2240 59 21 salut
157 2240 30 20 de
194 2240 23 21 la
225 2240 92 25 France,
327 2240 126 21 dites-vous'
461 2240 36 21 ?...

28 2269 55 21 Très
93 2271 60 25 bien,
162 2272 46 20 très
220 2271 53 21 bien
283 2271 6 21 !
309 2272 93 24 Sauvez,
419 2278 78 14 sauve2

28 2300 20 21 la
57 2302 92 21 France.
157 2302 82 25 Mais.,,
261 2306 24 17 et
300 2303 23 20 la
339 2303 69 21 Corse
419 2303 13 21 ?
440 2302 57 22 J’en-

28 2332 64 22 tends
100 2333 52 21 bien
160 2340 15 20 q
177 2340 28 14 ue
213 2337 65 19 notre
282 2337 47 18 sort
337 2338 34 17 est
388 2335 109 25 présente-

28 2367 61 17 ment
95 2364 32 21 lié
134 2366 14 19 à
156 2365 58 21 celui
228 2365 29 21 de
264 2366 21 19 la
304 2365 132 22 moribonde
443 2365 54 21 mais

29 2401 27 15 ne
59 2396 101 20 Tétait-il.
164 2403 40 19 pas
217 2397 126 25 également
358 2400 68 18 avant
442 2397 55 21 hier,

29 2430 66 17 avant
103 2434 44 19 que
155 2427 93 21 n’éclata
256 2428 22 20 la
286 2428 86 25 grande
388 2432 109 17 tourmen-

28 2460 29 21 te,
66 2458 59 21 alors
133 2465 45 19 que
186 2459 117 20 Marianne
323 2459 63 25 puait
398 2460 21 20 la
437 2461 60 19 santé

29 2487 108 23 insolente
145 2493 23 17 et
176 2490 83 26 qu'elle
267 2490 85 21 rutilait
360 2491 29 20 de
396 2494 49 18 tout
459 2491 38 20 l’oi

29 2518 55 22 dont
91 2520 42 21 elle
138 2521 54 21 était
199 2525 106 17 couverte
311 2522 13 20 ?

10 2564 14 3 -
51 2557 138 26 Avant-hier,
198 2558 153 26 pareillement
378 2560 15 19 à
411 2559 86 25 aujour-

28 2587 58 21 d'hui
95 2592 24 17 et
126 2594 87 16 comme
220 2589 17 21 il
244 2596 16 18 y
269 2596 13 14 a
290 2596 33 14 un
335 2590 75 24 siècle,
414 2590 46 20 l’Ile
472 2590 25 20 d«

28 2618 83 22 Beauté
120 2620 172 26 n'était-eïlepas
300 2621 61 21 aussi
369 2620 47 21 l’Ile
424 2621 29 20 de
461 2621 36 20 Mi-

29 2650 92 22 sère?...

52 2687 28 21 Et
94 2694 57 14 vous
162 2688 88 24 voulez,
268 2695 121 15 avez-vous
399 2689 42 24 dit,
456 2695 41 19 qu«

28 2724 57 15 nous
103 2718 142 22 continuions
256 2720 22 20 'à
295 2720 49 21 être
356 2720 41 21 des
412 2720 85 21 ènfants

29 2748 97 22 dévoués
134 2756 58 19 pour
199 2751 56 21 celle
259 2751 57 21 dont
321 2752 21 20 le
362 2751 66 26 profil
440 2753 57 20 revê-

28 2781 40 21 che
84 2789 26 14 se
125 2781 100 27 découpe
232 2789 53 15 sans
299 2784 98 20 aménité
409 2784 57 20 dans
479 2783 18 21 U

28 2812 108 24 limpidité
144 2815 28 21 de
178 2818 64 18 notre
250 2815 43 21 ciel
301 2813 36 23 ?...

539 384 68 24 Allez,
621 384 69 21 allez!
708 385 101 23 canards,
827 388 86 18 rentrez
930 386 57 20 dans

514 421 41 14 vos
562 415 79 20 marais
648 415 33 20 !...

742 451 16 14 *

726 470 17 14 *
756 470 17 15 &

540 504 20 20 A
573 505 89 24 présent
669 504 22 20 la
700 510 71 19 vague
779 504 152 20 tumultueuse
948 504 41 20 des

514 535 88 20 âneries
616 535 117 20 déversées
755 541 29 14 en
801 538 60 17 terre
881 536 108 24 cyrnéen-

515 572 30 14 ne
551 572 41 18 par
596 565 32 21 les
637 565 110 26 plumitifs
755 566 109 25 auxquels
868 572 58 14 nous
948 565 40 21 fai-

515 602 55 14 sons
578 596 95 20 allusion
683 596 84 20 déferle
775 602 56 14 avec
839 602 44 14 une
885 597 25 24 .si
923 603 67 18 gran-

515 626 29 20 de
552 626 76 20 fureur
635 632 45 20 que
689 626 116 26 beaucoup
813 627 28 20 de
849 627 81 20 Corses
947 627 42 20 tels

515 657 41 21 des
570 657 118 26 naufragés
704 658 119 20 accrochés
843 659 14 19 à
873 658 29 21 de
915 657 75 27 provi-

515 688 115 21 dentielles
638 690 84 24 épavès
730 696 28 14 en
767 689 98 21 arrivent
872 690 14 20 à
902 689 89 21 oublier

515 719 23 21 le
542 719 34 21 sol
584 719 69 21 ferme
662 724 23 16 et
693 721 14 19 à
721 720 72 21 croire
809 727 45 19 que
867 721 85 21 l’infect
965 721 26 21 li-

516 750 69 25 quide
593 751 54 20 dans
656 751 75 26 lequel
743 751 28 22 ils
788 758 25 14 se
830 752 115 20 débattent
961 759 29 14 en

516 781 129 26 désespérés
654 786 35 16 est
696 789 32 14 un
746 783 98 21 élément
860 783 87 21 naturel
968 787 23 17 et

516 815 36 18 est
564 813 107 24 peut-être
680 813 95 21 l’oeuvre
783 814 29 21 de
820 814 57 21 Dieu
885 814 104 26 lepère...

544 844 37 20 On
589 844 48 21 leur
645 851 14 14 a
667 844 42 21 fait
723 845 72 21 croire
812 845 64 26 qu’ils
893 849 53 17 sont
962 846 29 20 de

518 874 44 21 vils
570 875 127 22 barbillons.
708 876 37 21 On
751 877 101 25 pourrait
864 880 49 17 tout
929 876 62 22 aussi

517 906 53 20 bien
579 906 47 21 leur
631 908 108 24 suggérer
743 907 66 26 qu’ils
813 911 52 17 sont
868 911 64 17 autre
940 908 52 20 cho-

517 943 34 15 se.

544 968 31 20 La
584 969 131 21 conscience
731 969 28 21 de
773 970 90 21 ceux-là
883 973 35 18 est
938 971 15 20 à
966 977 26 14 ce

517 999 65 26 point
589 1000 117 21 émoussée
715 1001 65 25 qu’ils
796 1008 30 14 ne
843 1001 96 21 seraient
951 1008 41 19 pas

517 1034 125 17 autrement
663 1032 93 26 surpris,
782 1037 172 21 pensons-nous,
973 1032 19 21 si

518 1061 89 21 demain
625 1069 31 14 un
673 1062 110 22 facétieux
802 1063 191 26 anthropologiste

518 1092 51 20 leur
576 1092 110 25 affirmait,
697 1100 40 18 par
743 1094 109 26 exemple,
862 1101 44 19 que
911 1094 24 21 la
940 1100 54 15 con-

518 1122 118 22 formation
641 1124 30 21 de
680 1124 51 21 leur
738 1126 70 20 crâne
813 1125 34 21 les
852 1125 70 21 classe
935 1125 59 21 dans

518 1154 23 20 la
549 1154 82 21 famille
636 1155 41 21 des
685 1155 118 26 ophidiens
816 1160 23 16 et
847 1163 51 19 que,
904 1163 89 14 comme

519 1185 51 25 tels,
578 1186 16 20 il
602 1186 68 21 serait
676 1187 53 25 plus
737 1187 115 21 conforme
864 1188 14 20 à
891 1188 50 20 leur
955 1194 39 13 na-

519 1220 51 17 ture
574 1217 66 26 qu’ils
648 1224 26 14 se
684 1218 120 21 livrassent
809 1219 15 19 à
836 1218 22 20 la
873 1218 119 25 reptation:

546 1248 33 20 Ce
586 1248 80 25 disant,
676 1255 58 14 nous
739 1249 87 21 devons
830 1250 14 19 à
852 1249 22 21 la
881 1249 71 21 vérité
965 1249 29 20 de

519 1279 23 20 le
556 1280 146 24 reconnaître,
718 1284 65 16 notre
804 1280 190 25 anthropologiste

520 1310 69 20 serait
607 1310 161 21 certainement
783 1311 101 20 d’accord
900 1317 57 13 avec
973 1310 21 20 la

521 1341 84 23 réalité,
614 1341 30 21 du
653 1341 75 21 moins
737 1348 28 14 en
778 1348 27 14 ce
822 1341 40 26 qui
883 1347 112 15 concerne

521 1379 46 14 une
572 1373 110 25 catégorie
690 1373 29 21 de
727 1379 42 15 nos
778 1373 165 25 compatriotes.

818 1422 3 2 -
837 1410 14 19 '.

735 1435 17 15 *
765 1435 17 15 *

548 1464 74 21 Parmi
626 1464 34 21 les
668 1464 102 26 glorieux
783 1464 95 21 artisans
895 1464 29 21 de
929 1480 4 3 .
938 1467 57 17 cette

521 1502 78 15 oeuvre
611 1502 25 15 se
643 1496 65 25 place
720 1503 29 14 au
763 1500 50 16 tout
828 1496 97 25 premier
939 1501 57 19 rang

522 1534 32 14 un
563 1528 113 26 quotidien
690 1537 27 5 —
731 1528 31 20 Le
778 1528 52 25 plus
846 1527 77 26 grand,
932 1526 64 27 (qu’il

521 1558 44 26 dit)
570 1560 22 20 le
595 1559 75 20 mieux
677 1558 105 25 informé,
796 1559 23 20 le
830 1559 50 25 plus
894 1558 102 26 répandu

522 1590 41 20 des
585 1590 128 26 quotidiens
729 1590 119 21 insulaires
856 1601 28 5 —
899 1590 56 20 dont
975 1589 21 20 le

522 1621 95 21 nombre
624 1621 170 25 d’exemplaires
802 1621 54 26 qu’il
869 1621 57 21 livre
947 1621 15 20 à
975 1620 22 20 la

522 1652 179 21 consommation
705 1654 120 24 ménagère
841 1653 36 20 n’a
884 1651 114 26 d’équiva-

522 1684 50 20 lent
579 1690 44 19 que
637 1684 59 20 celui
713 1684 39 20 des
767 1687 147 22 tutu-panpan
923 1683 41 26 qui
976 1682 22 21 le

522 1715 119 21 maculent.
697 1730 6 3 -
788 1734 13 9 ^

549 1746 60 20 Pour
613 1746 76 21 mieux
696 1749 81 18 mettre
789 1752 31 15 en
836 1746 88 21 vedette
940 1748 59 18 cette

523 1777 154 25 dame-jeanne
689 1777 30 21 de
726 1784 80 14 cocose
822 1777 102 21 officielle
940 1781 59 16 nous

523 1815 31 14 ne
562 1809 101 20 saurions
668 1808 77 21 mieux
752 1808 56 21 faire
816 1815 46 19 que
868 1808 29 21 de
908 1808 34 20 lui
955 1807 45 21 col-

523 1840 35 20 ler
566 1846 38 15 sur
611 1840 22 20 la
638 1840 97 20 bedaine
742 1846 37 14 ses
786 1836 114 29 multiples
905 1840 95 25 étiquet-

524 1874 60 18 tes...
592 1871 33 21 les
641 1872 119 24 étiquettes
770 1871 40 26 qui
824 1871 91 21 l’aident
927 1872 15 20 à
950 1877 50 19 pas-

524 1908 39 15 ser
570 1909 28 13 en
606 1902 159 21 contre-bande
774 1909 7 14 :

551 1934 36 20 Du
592 1934 90 25 général
686 1934 108 24 FonviJle,
801 1936 58 19 cette
862 1939 137 15 savoureuse

528 1964 107 23 Causerie
643 1965 124 21 Militaire.

551 2008 50 21 Tout
609 2008 77 22 arrive.-
696 2008 29 21 La
742 2008 97 21 Chambre
849 2015 12 15 a
877 2008 52 21 enfin
945 2009 53 24 voté,

526 2040 56 25 après
597 2044 38 15 une
651 2040 41 19 très
699 2039 59 21 brève
774 2039 117 25 discussion,
900 2044 28 15 un
938 2039 62 25 projet

527 2070 25 20 de
568 2070 26 20 loi
599 2082 4 3 •
610 2070 153 26 impatiemment
776 2070 79 21 attendu
867 2076 34 20 par
912 2069 86 22 l’armée.

526 2100 55 21 C’est
588 2101 50 21 celui
646 2107 39 20 que
692 2101 21 21 le
721 2102 78 26 général
808 2102 67 20 Nollet
882 2102 52 20 avait
941 2101 59 26 dépo-

527 2134 24 20 sé
556 2138 25 15 au
588 2133 48 20 mois
644 2133 25 20 de
672 2133 80 25 février,
762 2139 46 15 sous
818 2134 19 19 le
842 2133 42 21 titre
889 2133 23 20 de
919 2140 11 11 «
935 2132 65 26 Déga-

526 2167 76 23 gement
609 2167 20 17 et
635 2164 154 26 Aménagement
795 2164 37 21 des
837 2164 72 21 Cadres
914 2174 12 11 »
936 2167 20 17 et
967 2164 31 26 qui

526 2196 32 20 fut
570 2196 60 25 repris
643 2201 36 20 par
686 2195 31 21 M.
729 2195 100 25 Painlevé,
844 2201 24 15 en
882 2196 74 26 qualité
976 2195 24 20 de

526 2226 88 21 Ministre
626 2227 23 20 de
655 2227 20 19 la
683 2226 83 22 Guerre.

552 2258 57 20 Ainsi
616 2264 37 20 que
661 2263 38 15 son
706 2263 45 15 nom
756 2258 102 26 l’indique,
866 2263 24 15 ce
896 2258 64 26 projet
968 2263 32 15 en-

529 2288 64 27 visage
601 2295 26 15 un
632 2289 72 21 double
711 2289 71 21 but.Le
791 2294 13 12 «
810 2290 140 26 dégagement»
956 2294 44 15 con-

527 2320 47 21 siste
585 2321 12 19 à
603 2325 71 21 purger
681 2324 56 17 notre
744 2326 82 21 corps...

554 2395 27 20 Le
587 2395 84 21 bouchon
682 2396 12 19 à
704 2395 142 22 l’avancement
854 2395 48 22 ainsi
914 2395 68 25 retiré,
986 2395 14 20 il

527 2427 93 25 s’agissait
624 2427 24 20 de
656 2426 70 22 rendre
734 2428 11 19 à
752 2427 22 21 la
781 2427 83 20 carrière
873 2427 91 20 d’oficier
972 2432 28 14 as-

528 2463 33 15 sez
569 2458 82 21 d’attrait
660 2464 51 20 pour
715 2464 14 20 y
736 2464 89 15 ramener
833 2459 20 19 la
855 2459 90 25 jeunesse
950 2458 50 20 fran-

528 2489 52 25 çaise
587 2490 39 25 qui,
635 2495 50 20 pour
693 2489 20 21 le
721 2493 92 21 moment,
822 2491 61 25 paraît
891 2490 64 26 plutôt
964 2490 36 20 dis-

528 2521 57 26 posée
590 2521 15 20 à
613 2524 63 23 porter
684 2527 32 15 ses
724 2522 122 25 préférences
852 2522 103 22 ailleurs...
962 2525 38 19 etc.

554 2575 83 23 Allons,
643 2576 24 20 la
668 2576 109 26 jeunesse
781 2576 144 25 française...
931 2576 69 25 qu’at-

527 2608 98 20 tends-tu
641 2615 59 19 pour
720 2610 105 24 pénétrer
840 2609 56 20 dans
909 2608 23 21 la
948 2609 52 20 bou-

528 2639 61 21 teille
593 2639 12 20 ?

555 2682 61 21 Dans
621 2682 21 20 le
650 2682 75 21 même
734 2683 55 25 goût
795 2681 64 27 (sans
866 2683 125 27 signature)

554 2723 56 22 Voici
617 2724 19 20 le
643 2725 81 25 général
733 2724 72 22 Sarrail
810 2726 24 20 de
839 2728 65 18 retour
911 2731 24 16 en
942 2726 58 21 Fran-

529 2760 30 16 ce.
569 2755 48 20 Sans
624 2755 59 21 doute
691 2761 26 15 on
728 2762 25 14 ne
761 2762 57 15 saura
826 2757 41 21 rien
875 2758 25 20 de
915 2758 46 26 plus
970 2764 30 15 sut

528 2786 31 20 les
567 2787 121 21 évènements
697 2787 24 21 de
729 2787 57 27 Syrie
795 2792 19 17 et
822 2788 30 21 les
856 2789 60 21 fautes
924 2795 76 21 person-

529 2818 63 21 nelles
600 2818 27 21 du
639 2819 79 25 général
733 2822 66 18 seront
812 2823 100 19 couvertes
926 2827 36 20 par
972 2828 28 14 ses

1010 153 46 15 amis
1065 148 108 26 politiques.
1192 148 54 21 PEU
1262 148 127 26 IMPORTE,
1396 148 84 23 APRÈS

1010 172 73 21 TOUT.

1034 213 64 20 Voilà
1106 220 58 18 pour
1172 221 63 18 vous,
1245 214 79 22 nobles
1339 216 101 21 victimes
1453 216 28 21 de

1010 238 20 20 la
1038 244 81 19 guerre
1127 239 30 20 du
1167 239 71 25 Droit,
1248 240 29 20 de
1284 240 48 21 la...
1342 245 42 17 etc.

1034 279 45 21 Sur
1087 279 22 21 la
1117 281 58 20 crise
1182 281 132 24 financière,
1320 282 28 20 de
1362 282 74 21 divers
1445 284 37 24 pè-

1011 305 154 21 res-conscrits
1170 313 6 13 :

1037 355 23 6 ...
1069 339 59 26 Mais,
1134 346 37 14 une
1178 341 39 21 fois
1225 341 20 20 la
1253 343 42 23 part
1302 341 44 21 faite
1357 348 39 14 aux
1401 343 82 20 nécessi-

1012 371 27 19 tés
1048 370 24 20 de
1082 373 54 18 toute
1143 371 93 26 politique
1245 376 25 14 au
1279 372 58 24 grand
1342 372 139 25 jour,n’est-t-il

1013 406 32 20 pas
1053 404 94 22 opportun
1155 402 24 20 de
1187 401 89 26 rappeler
1284 401 11 19 à
1306 407 36 15 nos
1348 402 93 22 Pouvoirs
1449 409 34 20 pu-

1013 431 50 21 blics
1071 431 20 20 le
1096 431 59 25 grand
1161 432 63 21 calme
1229 432 115 26 exemplaire
1352 434 24 20 de
1382 434 21 19 la
1411 434 71 20 France

1013 461 83 20 actuelle
1102 462 13 21 ?

1038 491 105 21 Parcourez
1161 498 34 15 nos
1210 494 138 25 départements
1357 497 20 17 et
1389 500 37 15 nos
1434 495 50 20 colo-

1013 521 41 21 nies
1060 528 6 13 :
1089 528 49 14 vous
1155 529 13 19 y
1180 526 101 18 trouverez
1288 526 42 19 tout
1343 525 20 20 le
1379 526 69 19 monde
1458 531 26 14 au

1014 552 75 21 travail.
1103 553 58 21 Point
1172 554 24 20 de
1204 554 104 20 chômeurs
1315 555 54 21 nulle
1377 558 48 24 part.
1439 555 45 21 Par-

1014 585 41 18 tout
1063 583 72 21 l’effort
1143 584 24 20 de
1175 584 20 20 la
1210 586 159 25 reconstruction,
1378 586 25 20 de
1411 586 19 20 la
1442 592 42 20 pro-

1015 614 84 24 duction,
1109 614 25 20 de
1143 615 127 25 l’expansion.

1039 657 74 21 Bravo
1120 658 6 21 !
1136 658 94 21 bravo...
1239 658 31 21 óh
1277 658 6 21 !
1288 658 122 22 admirable
1420 660 66 20 Fran-

1015 690 50 14 ce...

1040 723 58 25 Mais,
1104 729 35 20 par
1145 726 72 21 contre,
1224 729 39 15 une
1267 724 111 26 inquiétude
1382 724 66 26 emplit
1457 724 29 20 les

1015 754 74 26 esprits.
1108 754 30 20 On
1150 754 28 21 vit
1188 761 25 14 au
1225 756 44 25 jour
1277 755 19 21 le
1302 755 52 26 jour.
1366 755 31 20 On
1405 755 81 26 dépense

1015 791 44 15 sans
1065 788 92 23 compter,
1166 791 76 15 comme
1250 786 17 20 si
1273 786 81 26 l’argent
1369 786 72 26 n’ayait
1454 792 32 14 au-

1014 816 99 27 jourd’hui
1123 817 23 20 de
1154 817 66 20 valeur
1228 823 38 20 que
1277 822 49 21 pour
1341 817 118 25 l’agrément,
1468 817 18 20 la

1014 848 107 25 jouissance
1131 847 25 21 du
1164 848 67 26 plaisir
1239 847 97 21 immédiat
1341 848 46 27 qu’il
1395 851 46 23 peut
1445 853 41 21 pro-

1016 884 64 16 curer.
1091 878 112 26 D’ailleurs,
1210 884 25 15 un
1240 879 101 21 sentiment
1351 879 25 20 de
1384 879 101 24 lassitude,

1017 910 23 20 de
1045 910 167 26 découragement,
1221 913 74 23 partant
1311 910 24 20 de
1342 915 87 21 paresse,
1436 910 50 20 flotte

1017 946 33 15 sur
1059 943 53 18 toute
1117 941 20 20 la
1145 941 64 20 nation
1217 940 29 27 (la
1255 940 89 27 France).
1358 941 30 19 On
1403 940 83 22 travaille

1017 972 70 24 moins,
1097 977 47 16 avec
1152 972 63 20 moins
1224 972 27 20 dé
1253 977 61 20 coeur,
1321 972 64 20 moins
1394 970 92 25 d’ardeur,

1017 1003 62 20 moins
1088 1003 23 20 de
1121 1008 88 20 courage,
1218 1006 19 17 et
1244 1003 63 20 moins
1315 1002 88 26 d’espoir.
1415 1002 27 20 Le
1447 1002 39 25 prix

1018 1034 24 20 de
1047 1035 73 19 revient
1128 1034 24 20 de
1160 1033 20 21 la
1187 1034 79 20 matière
1274 1034 71 19 ouvrée
1356 1038 24 15 en
1389 1036 97 22 augmente

1018 1068 92 21 d’autant.
1119 1068 30 20 On
1157 1067 77 26 produit
1242 1068 69 24 moins,
1321 1066 44 26 plus
1373 1067 53 24 cher,
1437 1069 19 18 et
1464 1071 22 15 on

1018 1104 112 15 consomme
1141 1098 112 26 davantage.

1043 1137 78 25 Qu’est
1144 1134 86 22 ceci?...
1253 1135 48 21 Ah!
1335 1134 151 21 malheureuse

1018 1162 109 21 France...

1046 1209 43 20 Une
1101 1208 55 21 trêve
1170 1208 34 20 des
1212 1208 77 26 partis?
1310 1207 32 20 Un
1354 1207 95 20 armistice
1456 1206 30 21 des

1018 1240 154 21 revendications
1177 1240 81 20 sociales
1261 1240 13 20 ?
1286 1239 66 20 Est-ce
1360 1244 38 20 que
1406 1238 20 20 la
1430 1237 56 21 Fran-

1019 1277 22 15 ce
1051 1277 26 14 ne
1089 1273 49 18 vaut
1151 1276 34 21 pas
1193 1270 42 20 cela
1239 1270 13 21 ?
1265 1269 22 21 Si
1294 1270 20 20 le
1326 1269 160 24 Gouvernement,

1019 1302 87 20 d’accord
1123 1306 47 15 avec
1186 1301 21 19 le
1223 1300 119 25 Parlement,
1357 1300 93 25 apportait
1465 1304 21 15 an

1019 1332 131 21 contribuable
1157 1331 110 21 l’heureuse
1274 1336 88 14 annonce
1369 1336 24 14 ae
1401 1335 23 15 ce
1437 1332 49 24 pacte

1019 1363 69 25 moral,
1095 1363 11 20 à
1110 1363 21 20 la
1136 1363 59 21 veille
1204 1363 34 19 des
1242 1366 105 16 nouveaux
1350 1361 136 26 impôts,pour

1020 1395 45 26 quoi
1073 1395 30 20 les
1110 1394 128 26 agriculteurs
1246 1398 25 15 ne
1281 1392 115 22 feraient-ils
1408 1397 34 21 pas
1452 1397 34 15 une

1020 1426 42 21 nuit
1066 1426 27 20 du
1101 1425 14 20 4
1123 1426 54 24 août,
1186 1428 20 17 et
1213 1424 94 26 pourquoi
1316 1424 29 20 les
1352 1423 134 21 millionnaires

1021 1464 24 14 ne
1057 1456 169 22 sacrifieraient-ils
1235 1461 37 21 pas
1284 1455 144 20 bénévolement
1435 1454 19 21 le
1464 1454 22 20 di-

1021 1490 63 19 xième
1091 1488 25 20 de
1124 1488 44 20 leur
1177 1489 76 19 fortune
1267 1492 35 15 sur
1318 1486 65 20 l’autel
1392 1486 25 20 de
1424 1486 19 20 la
1456 1484 30 21 Pa-

1021 1521 52 21 trie?

1046 1564 64 21 Voilà
1118 1564 39 25 qui
1171 1566 35 17 est
1213 1562 81 26 parler,
1302 1568 30 14 au
1340 1561 99 21 moins...
1448 1560 38 22 Nu.

1021 1590 68 20 doute
1095 1596 45 19 que
1156 1595 26 14 ce
1193 1588 69 21 brave
1275 1587 91 21 homme
1379 1587 53 20 n’ait
1444 1589 37 17 tou

1022 1615 88 21 sacrifié
1115 1622 40 14 sur
1159 1614 74 20 l’autel
1243 1613 29 21 de
1279 1613 23 20 la
1311 1613 74 20 Patrie
1393 1619 29 14 en
1430 1611 56 21 ache

1022 1644 48 18 tant
1078 1641 29 20 de
1114 1640 23 21 la
1144 1640 57 21 livre
1209 1646 30 14 ou
1248 1639 29 20 de
1285 1639 22 20 la
1311 1638 67 21 lire...

1048 1682 61 20 Nous
1118 1686 71 15 avons
1197 1680 76 20 donné
1281 1679 30 24 là,
1320 1678 110 26 quelques
1446 1678 40 25 spé

1022 1713 93 24 cimens,
1126 1712 47 25 pris
1192 1718 30 14 au
1230 1710 89 23 hasard,
1328 1709 109 21 d’articles
1449 1715 37 19 qu<

1023 1744 22 21 le
1049 1744 56 26 plus
1115 1742 107 27 répandu
1237 1742 42 20 dès
1295 1740 131 27 quotidiens
1433 1740 51 20 insu

1023 1775 72 21 laires
1110 1778 47 18 sert
1173 1773 175 27 journellement
1363 1773 14 19 à
1399 1777 36 15 ses
1451 1770 35 21 lec

1024 1810 69 17 teurs.

1048 1838 63 21 Nous
1120 1842 125 16 concevons
1250 1835 110 21 aisément
1371 1834 53 25 qu’à
1432 1839 25 14 ce
1461 1833 23 20 ré

1023 1869 62 25 gime
1092 1875 57 14 ceux
1157 1867 39 27 qui
1211 1874 29 14 ne
1250 1869 98 23 peuvent
1359 1865 56 20 faire
1424 1867 62 17 autre

1023 1903 63 18 ment
1091 1906 45 19 que
1144 1899 29 21 de
1179 1899 135 20 s’alimenter
1322 1897 55 20 dans
1383 1899 57 17 cette
1446 1901 40 21 gar

1023 1935 52 22 gote
1083 1931 92 21 doivent
1190 1929 96 27 pouvoir
1301 1928 158 25 superbement
1470 1933 16 13 s<

1024 1969 77 19 passer
1108 1962 41 20 des
1157 1961 81 27 pilules
1255 1960 100 23 Durand,
1365 1959 92 25 Dupont
1465 1964 21 14 oi

1024 1993 95 25 Dupuis.
1241 2006 4 9 :

1049 2024 62 20 Nous
1125 2024 34 20 les
1177 2023 119 25 plaignons
1312 2021 61 24 bien,
1382 2020 53 20 bien
1451 2019 35 20 sin

1024 2056 120 19 cèrement.

1248 2078 108 24 Jacques
1364 2074 122 23 Santolini

1080 2159 41 37 La
1147 2158 88 37 Corse
1260 2156 183 46 Touristique

1161 2218 16 11 -/
1192 2224 5 3 -

1054 2240 47 22 Cet
1107 2240 131 28 important
1251 2240 90 26 Organe
1347 2242 61 17 nous
1418 2236 77 22 donne

1026 2275 59 21 dans
1109 2280 46 16 son
1174 2271 101 24 numéro
1294 2272 31 21 de
1343 2270 137 23 Novembre
1488 2274 6 16 :

1052 2308 34 23 Le
1093 2309 98 27 compte
1202 2306 81 23 rendu
1290 2306 35 21 du
1335 2303 113 30 Congrès
1456 2303 40 28 qui

1026 2343 57 22 s’est
1090 2344 59 20 tenu
1159 2341 15 22 à
1195 2339 74 24 Corté
1279 2340 24 22 le
1314 2345 30 23 30
1362 2338 67 22 Août
1443 2344 6 20 ;
1462 2343 34 16 un

1026 2375 157 27 éditorial-fio.
1194 2374 37 22 fin
1242 2374 33 22 du
1281 2379 91 23 voyage
1380 2378 31 16 en
1419 2372 77 21 Corse

1027 2412 33 21 dû
1071 2411 122 27 caustique
1204 2409 24 22 J.
1241 2408 33 22 de
1281 2408 26 22 la
1317 2408 94 21 Parafa
1417 2411 7 22 ;
1436 2405 62 22 fon-

1027 2446 30 21 de
1072 2444 97 27 Fatale,
1189 2448 48 16 une
1244 2441 103 29 légende
1353 2441 31 22 de
1389 2440 108 22 Laurent

1026 2478 113 24 Renucci
1144 2483 8 23 ;
1164 2479 25 21 et
1205 2476 67 22 enfin
1290 2475 88 29 l’éloge
1400 2474 97 22 funèbre

1027 2514 33 21 du
1070 2514 111 21 Docteur
1192 2509 128 27 Barbaud,
1332 2507 90 24 décédé
1434 2507 64 23 subi-

1026 2548 93 22 tement
1130 2545 14 23 à
1161 2545 76 26 Paris,
1259 2550 33 15 un
1314 2543 143 22 admirateur
1468 2541 29 22 de

1026 2580 127 29 Napoléon
1166 2581 25 20 et
1209 2585 34 15 un
1259 2578 48 22 ami
1322 2577 30 22 de
1371 2577 24 21 la
1413 2576 82 25 Corse,

1027 2622 31 15 en
1072 2615 42 28 qui
1133 2615 24 21 la
1171 2613 80 22 Corse
1266 2611 162 28 Touristique
1439 2609 59 28 perd

1027 2656 33 16 un
1075 2649 31 22 de
1117 2654 39 16 ses
1168 2647 124 23 meilleurs
1303 2645 191 23 collaborateurs.

1056 2683 37 23 Ce
1103 2681 102 23 numéro
1218 2680 135 23 commeles
1358 2677 139 30 précédents

1028 2719 37 20 est
1073 2715 145 24 intéressant
1225 2721 33 15 au
1267 2715 55 27 plus
1332 2713 58 23 haut
1398 2711 68 29 point
1474 2711 24 20 et

1028 2758 43 16 son
1080 2751 127 25 directeur,
1220 2748 35 22 M.
1271 2747 113 29 François
1401 2744 72 23 Pietri
1484 2749 14 15 a

1028 2785 66 23 droit
1103 2784 14 22 à
1126 2790 46 16 nos
1186 2783 83 28 éloges
1278 2805 3 3 .
1289 2784 25 20 et
1330 2786 49 16 aux
1387 2783 112 18 encoura-

1028 2821 110 29 gements
1150 2818 31 23 de
1194 2823 40 17 ses
1248 2814 178 29 compatriotes.

1502 168 187 49 NUTIZIE
1717 170 52 47 DI
1799 169 181 49 CORSICÂ

1877 262 106 22 Aiacciu

1530 308 29 5 —
1565 297 80 22 Morte,
1655 303 17 14 a
1683 296 83 23 Tunisi,
1777 297 28 20 di
1816 297 111 20 madama
1940 297 42 19 Ja-

1506 334 32 14 va
1537 334 51 14 nna
1596 327 75 21 Alitti.

1910 351 74 21 Auliè

1531 398 28 4 —
1566 386 82 24 Morte,
1657 387 26 19 in
1691 385 134 24 Aiacciu,di
1832 392 15 13 u
1855 385 50 25 sgiò
1916 385 69 21 Ghiu-

1506 417 77 20 vanni
1596 416 116 25 Giafferri.

1897 440 88 22 Bastia

1532 485 27 4 —
1564 476 75 20 Morte
1644 476 27 20 di
1678 482 16 14 u
1706 475 50 25 sgiò
1767 475 130 21 Francescu
1911 474 74 21 Torto.

1507 508 34 24 ni,
1550 507 109 25 ghiudice
1670 506 28 21 di
1708 510 66 22 pace.

1841 538 145 23 Calacuccia

1532 587 29 4 —
1568 575 74 20 Morte
1644 574 31 21 di
1678 574 112 21 madama
1798 573 111 21 Catalina
1914 573 70 22 Leca,

1508 608 61 18 nata
1576 605 106 23 Luciani,
1691 605 84 21 d’anni
1785 610 35 20 79.

1838 636 149 27 Casaglione

1534 687 28 4 —
1573 674 152 21 Matrimoniu
1732 673 28 20 di
1764 679 16 14 u
1787 672 51 25 sgiò
1847 671 91 21 Ghiuliu
1946 671 42 20 Co-

1510 706 72 21 lonna
1590 712 28 14 eu
1626 703 164 23 madamicella
1805 703 128 21 Baftisfina
1941 701 46 21 Fa-

1510 737 74 21 biani.

1904 758 83 21 Conca

1535 808 29 5 —
1574 796 82 23 Morte,
1665 801 17 14 a
1695 801 17 14 u
1718 793 123 21 sanatôriu
1848 792 28 20 di
1882 792 25 20 la
1921 792 67 20 Tron-

1511 828 50 23 che,
1570 827 28 20 di
1604 833 16 14 u
1627 826 51 25 sgiô
1686 824 117 26 Angelinu
1810 823 89 22 Leccia,
1905 822 84 21 d’anni

1511 858 36 22 28.
1849 863 3 3 ■
1958 870 3 3 •

1918 878 70 21 Corti

1537 927 27 4 —
1571 917 75 21 Morte
1652 915 29 21 di
1687 921 16 14 u
1718 915 51 25 sgiô
1777 912 211 25 Sialelli,anzianu

1510 948 87 26 judice,
1602 946 83 22 d’anni
1692 945 33 21 85-

1826 976 162 23 Isuia-Rossa

1537 1026 28 4 —
1575 1015 108 21 Ghirômu
1691 1012 111 27 Negretti,
1810 1014 44 22 per
1861 1010 94 21 vindicà
1972 1016 16 13 a

1512 1047 42 21 zia
1565 1054 14 12 e
1587 1053 13 13 e
1610 1046 89 25 eugine,
1712 1044 147 21 maltrattate
1875 1042 32 20 da
1912 1048 29 14 so
1949 1040 41 21 ziu

1513 1077 131 26 Napulione
1656 1075 111 26 Negretti,
1782 1074 49 20 l’ha
1846 1073 89 21 minatu
1945 1074 46 22 pa-

1513 1108 89 22 recchiè
1610 1107 120 21 cultillate.
1739 1105 24 21 E
1766 1105 63 25 firite
1831 1106 90 24 parehu
1930 1109 61 14 mur-

1514 1140 57 21 tale.

1892 1158 98 22 Olivese

1537 1211 29 4 —
1569 1197 151 23 Matrimoniu
1727 1195 28 21 di
1769 1193 163 23 madamicella
1948 1193 43 20 Cu-

1514 1231 79 21 lomba
1609 1229 54 21 Poli
1678 1234 30 14 eu
1725 1234 16 13 u
1761 1226 51 25 sgiò
1823 1225 71 21 Filice
1906 1224 85 20 Becca-

1514 1262 61 20 relli.
1926 1279 7 6 .
1965 1278 8 6 .

1871 1280 119 22 Olmiccia

1538 1330 28 5 —
1573 1320 75 20 Morte
1663 1318 27 20 di
1705 1324 15 14 u
1736 1317 51 25 sgiô
1798 1316 92 20 Antone
1908 1313 81 22 Ortoli,

1514 1351 85 22 d’anni
1610 1350 34 22 63.
1982 1368 7 6 .

1930 1370 61 21 Péri

1538 1423 29 5 —
1571 1410 74 22 Morte
1659 1406 32 24 di
1699 1415 17 14 u
1730 1407 51 26 sgiô
1801 1406 95 25 Filippu
1911 1404 47 21 Per
1957 1410 33 17 es,

1515 1442 85 22 d’anni
1606 1441 36 26 5g.
1917 1460 6 6 .

1852 1460 139 23 Piedieorti

1541 1512 27 4 —
1575 1501 74 21 Morte
1656 1506 17 14 a
1683 1499 105 22 Monaco,
1797 1497 28 21 di
1838 1503 16 14 u
1873 1496 50 25 sgiò
1932 1495 60 21 San-

1514 1538 92 21 george,
1615 1530 85 22 d’anni
1705 1529 36 22 33.

1919 1552 73 22 Salce

1541 1602 28 4 —
1579 1592 21 20 U
1604 1591 54 25 fòcu
1666 1591 15 19 è
1687 1590 115 24 scappatu
1807 1588 26 20 in
1838 1587 26 21 la
1872 1588 89 19 casetta
1966 1586 28 20 di

1516 1630 16 14 u
1540 1623 52 25 sgiò
1599 1621 100 26 lgnaziu
1707 1619 94 22 Antoni.
1819 1618 14 21 1
1843 1617 117 26 disguasti
1965 1624 27 13 so

1514 1653 98 27 grandi.

1892 1673 101 22 Sarrola

1542 1723 27 4 —
1576 1712 75 21 Morte
1658 1711 28 21 di
1690 1710 112 21 madama
1807 1708 92 21 veduva
1906 1708 29 20 P.
1938 1707 56 21 Sar-

1518 1744 58 23 rola,
1592 1742 84 22 d’anni
1683 1741 34 26 78.

1904 1764 90 21 Solaru

1542 1815 28 5 —-
1577 1803 80 22 Morte,
1667 1808 17 14 a
1698 1807 16 14 u
1721 1800 116 22 Maroccu,
1844 1798 28 21 di
1884 1805 16 14 u
1906 1797 88 25 sott’of-

1517 1835 58 24 fiale
1583 1833 119 23 Sabatinu
1707 1830 100 22 Marchi.

1928 1853 67 23 Vicu

1542 1904 28 4 —
1576 1892 75 21 Morte
1658 1891 28 21 di
1692 1889 164 23 madamicella
1871 1888 71 21 Petra
1950 1888 45 21 Pe-

1518 1924 94 20 raldidi
1617 1924 120 22 Comnene,
1747 1921 84 21 d’anni
1843 1920 38 21 68.

1589 1998 343 35 CUNFRATELLI

1549 2071 20 26 È
1582 2073 128 24 1SC1UTU
1722 2080 6 15 :

1610 2120 89 47 Après
1720 2120 38 37 La
1789 2119 117 37 Victoire

1522 2172 128 24 Giurnale
1658 2173 29 21 di
1697 2179 13 15 e
1719 2172 98 22 vittime
1831 2170 28 22 di
1870 2176 16 16 a
1898 2175 99 23 guerra

1520 2208 105 22 Direttu
1639 2207 34 22 da
1690 2212 18 16 u
1727 2205 55 29 sgiô
1802 2204 82 22 Henri
1901 2203 94 23 Simon.

1549 2255 20 26 É
1578 2256 174 25 RIAPPARSU
1763 2263 7 16 :

1616 2305 41 38 La
1676 2305 88 37 Corse
1789 2302 115 37 Mutilée

1524 2357 128 24 Giurnale
1664 2357 29 22 di
1704 2363 13 15 e
1727 2356 99 22 vittime
1840 2355 28 21 di
1876 2360 16 15 a
1899 2358 99 24 guerra

1521 2393 105 22 Direttu
1632 2392 34 21 da
1675 2389 17 23 il
1698 2390 54 28 sgiô
1759 2388 101 23 Achille
1866 2387 132 23 Villanova

1608 2425 82 29 Loriga
1696 2424 49 22 vita
1751 2430 14 15 a
1771 2422 31 23 sti
1814 2421 40 23 dui
1866 2420 54 23 nôvi

1692 2456 145 24 eünfratelli.-

2018 161 236 50 DIMULAJÂ
2286 161 188 49 fUMk

2034 261 45 20 Seti
2091 261 51 20 tutti
2148 260 162 26 janghiulendu

2034 291 70 21 Corne
2112 291 98 25 ghiacari
2218 291 80 24 famiti,

2035 322 17 20 E
2061 322 23 20 in
2093 325 35 17 tra
2136 322 37 20 voi
2182 322 51 20 altri
2242 322 40 20 diti
2292 329 6 13 :

2036 360 10 11 «
2055 352 42 20 Chi
2107 354 50 19 sarà
2165 360 15 13 u
2189 357 79 16 nostru
2277 353 138 20 malmendu.
2423 361 11 11 »

2035 383 46 21 Feti
2090 383 93 21 canzoni
2192 390 13 14 e
2214 383 21 20 la
2237 383 76 24 menti,

2035 414 113 21 Cridendu
2157 414 63 21 d’avè
2227 414 100 26 raggioni
2334 421 7 17 ;

2036 444 18 21 E
2062 445 72 25 qual’è
2143 445 35 20 chi
2188 446 37 19 n’è
2234 445 102 25 caggioni

2036 475 28 21 Di
2073 476 51 20 tutti
2132 476 8 20 i
2149 476 70 21 vostri
2227 475 106 21 turmenti
2341 475 13 21 ?

2239 511 13 12 *

2227 534 13 11 ¥
2251 534 13 11 ¥

2036 551 80 25 Vogliu
2124 551 124 21 cuminccià
2257 558 40 18 par
2305 552 29 23 tè,

2037 582 48 20 Che
2092 582 59 20 vedu
2160 581 157 21 inflàcchinatu
2324 588 7 17 ;

2037 613 36 20 Un
2081 613 36 25 pò’
2125 619 50 14 essa
2184 613 42 20 che
2233 612 108 25 impjgatu

2037 643 18 20 E
2063 643 17 20 ti
2089 643 50 20 devi
2148 644 65 20 truvà
2222 643 29 20 bè
2259 650 7 17 ;

2037 674 37 20 Ma
2081 674 44 20 dici
2135 681 6 13 :
2152 679 11 11 «
2172 675 26 19 sò
2206 674 115 23 insultatu,

2037 705 31 21 Sò
2076 708 90 17 trattatu
2175 704 23 21 di
2207 704 122 24 cursacciu,

2038 736 28 20 Di
2075 735 100 24 banditu,
2182 742 14 14 e
2204 735 42 21 che
2255 742 31 13 un
2295 735 96 20 stracciu

2037 766 67 21 Menu
2113 767 26 20 sò
2149 766 142 21 cunsideratu
2301 774 19 12 ».

2038 797 18 20 E
2064 797 75 25 qual’è
2147 797 36 21 chi
2189 797 44 20 fha
2242 796 106 21 mandata
2356 796 13 20 ?

2038 828 20 20 O
2068 828 73 20 ch’elli
2149 828 17 20 ti
2175 828 92 20 caccinu
2275 827 78 21 l’occhi
2359 827 7 20 !

2038 858 42 21 Chi
2088 858 18 20 ti
2114 859 26 20 sè
2147 865 76 14 messu
2232 858 24 20 in
2264 857 119 25 ghinocchi

2039 889 94 21 Davanti
2142 896 12 13 a
2164 896 14 13 u
2188 893 23 17 to
2220 889 101 25 diputatu
2332 895 6 18 ;

2039 920 17 21 E
2065 920 130 25 basgenduli
2204 920 15 19 li
2229 920 63 25 peda,

2039 951 110 20 Ha’dettu
2160 957 6 14 :
2177 957 11 10 «
2197 950 89 25 Signor,
2296 950 21 20 vi
2326 956 81 19 pregu,

2039 981 81 21 Detimi
2130 981 60 21 anc’a
2200 982 37 19 mè
2246 988 29 13 un
2286 980 107 26 itnpiegu,

2041 1012 16 20 E
2066 1013 82 25 sempri
2158 1012 75 26 pudeti
2243 1012 72 23 creda,

2040 1043 84 21 Ch’ellu
2133 1043 33 21 sia
2176 1049 63 15 rossu
2249 1050 14 13 o
2272 1043 88 23 biancu,

2040 1074 108 25 Saraghiu
2157 1074 23 20 di
2190 1081 14 13 u
2214 1074 89 25 partitu.

2041 1105 91 20 Bastarà
2141 1112 12 13 a
2163 1105 48 25 pisà
2221 1112 13 12 u
2244 1104 46 20 ditu

2041 1135 17 21 E
2068 1136 29 20 mi
2106 1135 91 21 vidareti
2207 1142 13 13 a
2229 1134 81 21 fiancu.
2320 1143 11 10 »
2346 1154 4 2 .

2041 1166 101 20 Bulendu
2151 1172 49 14 essa
2209 1165 107 25 duganeri

2041 1196 20 21 O
2070 1197 89 25 aggenti
2168 1197 23 19 di
2200 1196 93 25 pufizza,

2040 1228 27 19 Ti
2075 1228 25 20 sè
2109 1227 69 21 missu
2188 1228 20 19 la
2217 1227 87 20 cavizza

2042 1258 16 20 E
2068 1265 29 13 un
2107 1259 25 20 sè
2140 1258 38 25 più
2187 1258 42 20 che
2238 1264 30 14 un
2277 1257 92 21 sumeri.

2041 1289 59 25 Oghi
2109 1289 36 20 chi
2153 1292 25 17 tu
2187 1290 25 19 sè
2219 1289 63 23 liatu,

2041 1320 36 20 Un
2085 1320 47 22 vali
2138 1319 23 21 lu
2169 1323 24 17 to
2201 1319 89 23 brionu,

2041 1350 23 21 Si
2074 1355 23 15 tu
2106 1350 48 26 arpj
2163 1357 13 13 c
2184 1358 13 12 e
2206 1357 14 13 u
2231 1350 93 20 bastonu
2334 1349 7 21 !

2042 1382 16 20 E
2067 1382 74 25 quaPè
2149 1381 36 20 chi
2194 1381 43 20 l’ha
2247 1380 107 21 zuccatu?

2041 1412 36 21 Ma
2084 1413 19 20 si
2112 1416 24 16 tu
2145 1413 25 19 sè
2178 1416 81 21 troppu
2268 1411 59 24 mali,

2041 1444 38 20 C’è
2087 1443 83 25 sempri
2179 1443 105 25 qualcosa
2293 1449 13 14 a
2316 1442 20 20 fà
2345 1449 10 16 ;

2042 1474 23 21 Si
2075 1479 23 16 tu
2109 1475 44 20 vòli
2163 1474 37 25 pò’
2208 1474 82 25 scappà

2042 1505 140 25 StrapDendu
2192 1512 14 13 u
2214 1509 23 16 to
2246 1503 111 22 cavizzali.

2042 1536 27 21 Ti
2079 1543 56 19 vegu
2145 1536 89 25 adighià
2243 1535 119 26 pinzendu,

2042 1568 18 20 A
2070 1567 70 21 faristi
2150 1567 113 23 vulinteri,

2043 1598 61 21 Ma...
2114 1598 26 21 Ti
2149 1599 59 23 dieu,
2217 1599 26 20 sè
2252 1605 29 13 un
2291 1596 92 23 sumeri,

2044 1628 92 22 Ed’eccu
2146 1629 22 20 lu
2179 1634 22 15 to
2211 1628 134 21 malmendu.

2044 1660 35 20 Un
2089 1660 52 20 terni
2151 1660 38 25 più
2199 1660 28 20 nè
2237 1667 14 13 u
2261 1660 94 20 bastonu

2044 1691 33 20 Nè
2086 1691 119 23 l’imbastu,
2216 1691 29 20 nè
2253 1696 13 14 a
2275 1690 71 23 brilla,

2044 1722 33 21 Nè
2085 1721 133 26 I’inghiuria,
2228 1722 29 20 nè
2265 1728 12 13 a
2286 1721 77 20 strilla.

2043 1753 27 21 Ti
2079 1753 99 20 cuntenti
2187 1753 54 20 d’un
2250 1752 100 20 bucconu

2045 1784 17 20 E
2071 1784 64 20 d’una
2145 1784 45 20 vita
2198 1783 109 21 mischina
2316 1790 7 16 ;

2045 1816 65 20 Basta
2120 1815 35 21 chi
2164 1815 95 25 ghiuntu
2268 1814 22 20 in
2300 1819 68 20 paesu

2044 1846 34 21 Tu
2087 1853 66 19 possa
2161 1846 64 25 parlà
2231 1845 112 21 francesu'

2044 1877 19 21 E
2071 1877 23 21 fà
2102 1877 57 21 veda
2166 1877 23 21 la
2196 1876 116 24 flacchina,

2045 1908 44 21 Par
2096 1908 24 21 fà
2128 1908 67 21 creda
2202 1914 13 14 a
2224 1907 87 26 parenti

2044 1940 20 20 A
2073 1939 120 25 cumpagni
2201 1946 14 13 e
2223 1938 30 20 ad
2261 1938 65 20 amici

2045 1970 43 20 Chi
2096 1974 26 16 ta
2130 1971 26 19 sè
2164 1969 90 26 più-che
2261 1968 53 22 filici

2046 2001 19 20 E
2073 2001 102 20 ch’ell’un
2184 2001 18 19 ti
2210 2006 79 15 manca
2297 1999 80 21 nienti.

2046 2032 37 20 Ma
2091 2031 44 21 Diu
2144 2031 50 21 sòìu
2202 2031 22 20 la
2233 2031 26 20 sà

2047 2062 43 21 Chi
2098 2069 41 19 par
2147 2068 51 14 essa
2205 2061 166 24 inflacchinatu,

2047 2094 43 20 Più
2098 2094 67 20 d’una
2173 2093 61 21 volta
2243 2093 25 20 sè
2275 2095 58 18 statu

2046 2125 20 20 A
2074 2131 51 14 sera
2133 2131 67 14 senza
2208 2124 89 25 magnà.

2047 2156 37 20 Ma
2092 2153 60 23 s’elìa
2161 2156 17 20 ti
2186 2156 30 25 pò
2224 2155 64 21 bastà

2047 2187 28 20 Di
2082 2186 95 26 junghia
2184 2193 14 14 a
2206 2186 24 21 di
2240 2193 6 14 :
2257 2194 13 12 «
2277 2186 30 21 Je
2313 2186 50 20 suis
2371 2191 56 15 moa

2048 2218 51 26 Que
2104 2217 102 26 j’arrive,
2215 2224 38 14 me
2260 2217 62 21 voilà
2331 2224 21 13 ».

2046 2249 47 24 Stà,
2103 2256 15 14 u
2126 2255 37 15 me
2170 2248 99 26 fagianu,
2278 2249 35 20 stà
2318 2248 7 20 !

2159 2296 89 22 Marcu
2259 2293 209 27 Troncarocchja.

2054 2341 66 18 (parlata
2127 2341 17 15 di
2151 2341 53 18 Sartè).

2036 2417 240 29 Aiacciu-Stamparia
2293 2416 24 22 di
2339 2417 24 21 A
2389 2416 94 22 Muvra

2024 2452 21 22 U
2052 2452 217 28 direttore-gerenie
2276 2458 6 14 :
2307 2450 71 22 Pelru
2388 2448 107 24 ROCCA

1606 2546 72 32 Chi
1694 2554 51 22 ne
1762 2551 163 29 compra
1935 2541 21 31 ?

1607 2616 332 49 L’APITITTU
1972 2616 58 43 DI
2060 2613 361 44 CALABRAGA

1795 2677 197 28 Cnmmedia
2012 2678 37 23 in'
2069 2675 29 25 5~
2105 2676 116 30 pran^i

1869 2719 33 27 di
1923 2717 87 28 MAI
2008 2716 48 27 ST
2053 2717 28 27 R
2083 2716 76 26 ALE

1698 2764 29 26 A
1736 2771 69 19 man
1814 2762 33 26 di
1859 2761 59 27 Diu
1930 2760 107 26 contr'a
2046 2759 12 26 i
2068 2757 131 36 brisgiòli
2211 2757 104 35 tupini.

1639 2808 85 22 Prezzu
1732 2813 7 15 :
1751 2806 34 22 30
1796 2802 75 25 soldï.
1892 2815 28 5 —
1940 2802 133 28 Stamparia
2084 2801 25 22 di
2120 2801 23 21 A
2156 2799 103 28 Muvra,
2271 2800 109 21 Aiacciu.

28 2932 102 25 Faglittinu
135 2936 19 18 di
159 2936 22 19 A
189 2936 82 19 Muvra
280 2945 24 5 —
309 2940 20 14 n*
335 2935 66 20 20—di
407 2941 15 13 u
427 2935 73 19 6-12-23

55 3003 243 57 PASOOALE
331 3005 143 49 PA0L1

229 3072 66 19 0SSL4.

73 3105 38 38 La
128 3107 81 38 Botta
225 3108 32 37 di
271 3108 176 37 Pontenuovo

30 3156 156 29 RACÓNTO
191 3162 110 24 CORSO
307 3162 60 23 DEL
375 3158 124 26 SECÔLO

218 3199 86 23 XVIII

250 3236 26 18 DI

135 3271 33 25 F.
171 3271 36 25 D.
211 3272 178 25 Guerrazzi

194 3337 125 30 (Seguito)

31 3401 171 30 religione,non
210 3406 69 22 altro.
286 3404 22 23 Il
312 3410 116 20 vescovo,
437 3403 65 22 ch’e-

31 3436 23 18 ra
64 3438 122 23 malizioso
191 3439 44 28 più
252 3439 26 21 di
289 3444 48 16 una
354 3437 101 25 squadra
474 3437 26 21 di

31 3465 76 31 sbirri,
118 3474 95 21 trovato
225 3473 19 22 il
260 3468 98 26 terreho
377 3470 121 26 morvido,

31 3503 47 19 non
92 3507 113 21 contento
215 3506 24 22 di
256 3506 95 21 ficcarci
359 3506 25 21 la
396 3505 61 27 pala,
478 3504 22 21 ci

30 3530 56 26 fîccô
98 3539 75 22 anche
183 3539 129 26 ilmanico,
323 3539 65 21 disse
399 3538 102 22 mirabi-

66 3568 68 25 délia-
140 3575 101 25 potenza
251 3573 39 22 del
307 3578 70 22 papa,
394 3571 107 28 promise

30 3595 81 31 Roma.
120 3611 14 15 e
141 3605 84 28 Toma;
233 3606 98 22 sicchè'i
342 3605 160 29 popoliigno-

29 3635 58 21 ranti
94 3642 14 15 e
119 3638 148 24 abbindolati
276 3640 21 22 si
316 3639 144 23 commisero
478 3638 24 21 al

29 3668 60 26 Papa
96 3676 15 15 a
121 3673 66 25 patto
199 3673 45 21 che
256 3679 45 16 con
317 3673 76 22 validi
408 3672 58 22 aiuti
481 3671 20 21 li

29 3701 139 24 sovvenisse
176 3711 45 20 per
232 3711 113 21 superare
356 3707 8 21 i
377 3706 86 22 baroni
474 3705 26 22 di

28 3730 149 28 oltremonte.
194 3737 22 22 Il
248 3745 63 21 papa
335 3738 165 29 rispondendo

28 3766 70 22 ^ette
113 3769 26 21 in
147 3771 60 22 sodo
232 3772 81 21 avanti
333 3774 63 20 tutto
417 3773 83 26 questa

28 3798 132 26 v°lontaria
182 3804 134 27 dedizione,
332 3806 42 27 poi
397 3805 33 27 gli
450 3810 50 15 am-

28 3831 107 25 Eionisce
143 3836 85 30 ch’egli
240 3838 14 22 è
263 3845 45 21 per
319 3839 25 21 di
355 3838 50 29 più:
410 3837 90 29 perché

528 2932 81 27 eglino
620 2932 101 21 avrieno
730 2938 15 15 a
755 2938 165 22 sapere,corne
931 2933 70 22 l’uni-

525 2965 155 22 versointero
692 2966 25 21 lo
729 2971 35 22 sa,
773 2966 18 21 il
799 2964 109 24 domiriio
925 2967 77 21 dell’i-

526 2999 52 21 sola
589 3000 156 26 appartenere
754 2999 46 22 alla
824 3001 68 20 santa
897 3008 4 4 ■
912 2999 90 23 Chiesa

525 3038 45 21 per
581 3032 81 22 diritto
670 3032 25 21 di
704 3032 131 28 propriété;
845 3033 68 26 làdri,
926 3034 71 21 sacri-

525 3065 66 28 leghi
610 3072 14 14 e
641 3066 97 21 dannati
753 3073 9 14 1
781 3067 38 21 tre
833 3066 140 28 imperatori
982 3072 20 15 .e

526 3100 38 20 tre
571 3105 25 15 re
605 3099 44 22 che
653 3099 25 22 la
688 3101 102 20 tennero
811 3105 68 16 senza
895 3101 108 25 prestare

527 3131 164 23 l’obbedienza
703 3139 14 15 a
728 3139 43 15 san
783 3133 90 21 Pietro.
884 3132 21 22 Il
921 3134 81 27 legato

527 3166 22 21 si
560 3165 126 23 trasforma
693 3166 26 21 in
728 3168 169 26 governatore,
907 3167 21 21 si
940 3168 62 20 met-

526 3201 60 20 tono
597 3200 31 21 da
637 3201 69 26 parte
716 3200 24 21 le
748 3205 62 16 cose-
817 3199 135 22 dell’anima
960 3206 44 21 per

528 3238 50 17 non
588 3234 92 27 pàrlare
692 3233 61 21 altro
774 3233 46 22 che
842 3233 24 22 di
889 3233 113 22 faccende

527 3267 114 22 terrestri.
655 3266 62 23 Però
733 3267 18 22 il
763 3267 78 21 carico
862 3269 98 19 assunto
977 3267 24 21 di

528 3300 122 22 difendere
667 3300 78 22 l’isola
752 3301 19 21 il
787 3306 61 22 papa
860 3302 88 20 teneva
959 3306 44 22 per

527 3334 97 22 novella
635 3339 6 16 :
654 3334 27 21 in
693 3334 34 21 lui
747 3339 50 16 non
818 3340 40 15 era
869 3336 85 25 potere
971 3333 31 22 nè

527 3368 83 21 volere
622 3373 13 16 a
641 3368 123 20 sostenere
773 3367 23 21 la
807 3372 86 23 guerra
900 3373 6 15 :
919 3366 83 23 ond’e-

527 3402 43 27 gli,
593 3401 78 21 inteso
684 3406 14 16 a
709 3401 101 21 mietére
822 3407 69 15 senza
902 3401 101 21 simina-

527 3440 36 20 re,
576 3439 113 17 concesse
700 3433 78 23 l’isola
795 3435 27 21 in
833 3434 72 22 feudo
917 3435 23 21 al
951 3440 52 16 me-

528 3468 93 22 desimo
642 3467 123 27 Landolfó,
779 3474 14 15 a
805 3468 141 22 condizione
957 3467 45 22 che

527 3502 36 28 gli
574 3501 139 22 retribuisse
723 3501 23 21 la
757 3500 65 23 metà
840 3501 62 22 delle
920 3501 82 22 rendi-

527 3534 93 29 tej:non
631 3534 27 22 vi
666 3540 45 22 par
722 3535 48 27 egli
780 3540 117 22 generoso
909 3535 93 21 costui?

528 3569 35 21 Al
569 3568 87 22 tributo
668 3568 25 21 di
705 3574 89 22 sangue
806 3568 24 22 ei
840 3569 162 26 renunzia,ma

528 3608 82 16 cresce
621 3602 80 27 quello
713 3602 40 21 dei
768 3602 68 22 frutti
849 3602 29 21 da
889 3602 33 21 nh
933 3602 69 27 quin-

527 3637 37 24 to,
581 3641 68 16 corne
672 3636 66 21 sotte
758 3635 118 29 Gregorio
889 3634 45 27 IV,
957 3636 44 21 alla

527 3668 72 27 metà,
618 3669 73 27 Dopo
712 3669 143 27 quattordici
874 3670 56 20 anni
943 3669 59 22 Dai-

527 3702 76 27 berto,
614 3707 107 17 vescovo
733 3703 24 21 di
768 3702 63 27 Pisa,
844 3707 71 17 uomo
926 3704 73 24 rotto,

527 3736 65 22 visto
613 3735 44 22 che
676 3736 24 20 la
720 3741 71 16 carne
808 3741 51 16 non
877 3736 89 21 valeva
981 3736 21 20 i-

527 3770 97 26 giunco,
644 3768 88 22 scrisse
755 3769 23 20 al
782 3774 63 21 papa
862 3768 44 21 che
926 3768 50 28 egli
987 3774 14 15 a

526 3808 99 21 pescare
645 3807 46 22 per
707 3801 19 21 il
740 3801 145 27 proconsolo
907 3806 52 16 non
978 3802 24 21 la

527 3835 87 28 capiva
620 3841 6 16 :
638 3834 137 28 ripigliasse
793 3833 85 22 l’isola.
891 3833 109 27 Urbano,

1026 2932 152 22 considerato
1192 2931 38 21 tra
1246 2934 27 16 se
1285 2934 14 15 e
1317 2926 26 22 sè
1354 2924 86 28 ch’egli
1459 2929 40 15 era

1026 2972 71 16 corne
1107 2970 27 16 se
1145 2964 20 22 il
1174 2968 107 16 vescovo
1293 2961 34 28 gli
1335 2964 86 17 avesse
1440 2958 59 22 rise-

1026 3001 73 26 gnato
1115 2999 25 21 la
1158 2998 65 24 luna,
1244 2995 94 27 rispose
1344 2999 6 15 :
1361 2992 75 22 «Mira
1453 2992 46 21 lar-

1026 3031 97 29 ghezza!
1136 3032 25 20 io
1169 3032 25 20 te
1201 3030 24 21 la
1235 3029 89 21 dono.»
1334 3026 101 22 El’altro
1447 3029 52 22 sog-

1027 3066 97 27 ginnse:
1148 3064 88 21 Manco
1256 3062 71 25 male,
1347 3057 111 24 ricatterô
1476 3058 23 20 le

1027 3104 94 22 spese.»
1130 3096 61 23 Però
1198 3095 95 29 quando
1300 3094 92 22 fummo
1401 3091 98 22 suTatto

1028 3132 40 22 del
1079 3132 98 24 donare,
1188 3129 78 22 ostico
1275 3134 14 15 a
1299 3127 65 25 tutti,
1377 3126 40 22 ina
1427 3131 44 21 per
1477 3125 23 21 la

1028 3165 90 22 Chiesa
1129 3163 44 29 più
1189 3163 112 21 dolorosa
1311 3160 63 22 delle
1396 3159 104 27 spasimo

1028 3199 39 21 del
1074 3200 77 26 parto,
1165 3197 18 21 il
1194 3202 63 22 papa
1266 3198 130 23 mascagno
1404 3190 95 24 insinué

1027 3232 40 21 nel
1079 3232 119 21 contratto
1210 3229 48 21 due
1269 3233 67 16 cose:
1350 3226 45 22 che
1407 3226 92 21 donava

1027 3265 77 22 l’isola
1113 3265 46 21 alla
1183 3262 82 22 chiesa
1280 3261 93 28 pisana,
1404 3260 96 27 quante-

1027 3299 68 23 volte
1111 3296 59 30 perô
1189 3297 20 21 il
1227 3300 108 17 vescovo
1354 3293 66 22 fosse
1439 3293 60 21 stato

1027 3333 74 21 eletto
1129 3330 196 22 canonicamente
1344 3327 40 21 dal
1403 3326 66 21 clero
1486 3331 13 15 e

1028 3364 44 22 dol
1078 3363 96 30 popolo
1187 3370 14 14 e
1213 3362 148 22 confermato
1373 3360 39 21 dal
1422 3365 60 21 papa
1491 3364 6 20 ;

1027 3405 14 15 e
1051 3398 170 22 retribuissero
1230 3396 24 21 al
1262 3395 90 27 palazzo
1368 3394 131 21 lateranen-

1027 3438 26 16 se
1075 3431 97 22 l’annuo
1184 3434 74 18 censo
1269 3428 24 21 di
1312 3427 46 22 lire
1370 3433 27 23 50
1408 3427 26 21 in
1448 3431 51 16 mo-

1027 3467 56 20 neta
1090 3464 120 23 lucchese.
1223 3461 60 23 Cosi
1291 3462 81 27 quello
1384 3460 44 22 che
1450 3465 49 16 non

1026 3498 49 29 può
1084 3498 173 27 tenere,Romà
1267 3495 63 22 dona
1342 3501 6 20 ;
1360 3500 40 17 ma
1411 3499 68 16 corne
1489 3493 9 21 i

1026 3532 113 23 marinari
1153 3531 95 29 quando
1257 3530 98 27 gettano
1364 3528 102 22 l’ancora
1474 3532 25 16 m

1027 3572 67 16 mare
1111 3566 23 21 ci
1144 3565 106 22 lasciano
1271 3567 71 22 sopra
1353 3562 19 21 il
1385 3560 113 29 gavitello

1026 3600 160 28 galleggiante
1206 3603 44 23 per
1257 3595 128 28 ripescarla
1394 3601 14 15 a
1418 3596 80 25 tempo

1026 3640 14 16 e
1049 3640 14 15 a
1074 3634 83 27 luogo,
1179 3632 19 22 il
1216 3631 68 27 prete
1305 3628 79 22 studia
1407 3626 90 23 ch’esca

1026 3667 64 23 fuori
1101 3667 39 21 del
1160 3666 64 21 dono
1234 3669 33 15 nn
1286 3661 160 22 addentellato
1456 3666 43 21 per

1027 3700 121 29 poterselo
1159 3698 132 28 ripigliare.

1054 3733 119 22 Giustizia
1185 3730 72 23 vuole
1265 3728 45 22 che
1319 3728 24 22 io
1350 3728 55 22 dica
1413 3727 8 21 i
1431 3732 67 16 corne

1026 3766 82 22 Pisani
1129 3766 160 21 dimorassero
1301 3762 64 21 nella
1385 3760 60 22 isola
1456 3764 42 16 con

1025 3799 77 28 garbo
1119 3798 62 21 assai
1192 3795 113 28 migliore
1317 3794 25 21 di
1366 3793 79 28 quello
1462 3792 38 20 col

1026 3832 70 28 quale
1107 3831 23 21 ci
1141 3831 128 21 entrarono
1276 3833 8 16 :
1293 3827 42 21 noi
1346 3832 52 16 non
1407 3826 93 26 reputa-

1523 2926 62 17 rono
1595 2920 47 22 essi
1656 2919 105 25 vassalli3
1774 2917 33 22 nè
1818 2917 42 22 noi
1880 2917 117 25 reputam-

1524 2960 42 16 mo
1573 2954 48 21 essi
1639 2952 92 28 signori
1741 2959 7 14 :
1761 2952 21 20 ci
1794 2951 122 21 accolsero
1928 2955 70 15 corne

1525 2988 87 22 fratelli
1630 2986 107 22 tornanti
1760 2985 25 21 in
1797 2984 107 28 famiglia
1912 2989 6 20 ;
1931 2987 68 17 acco-

1524 3026 134 17 munarono
1671 3025 46 17 con
1725 3019 42 21 noi
1777 3017 90 23 carichi
1875 3017 31 22 ed
1914 3016 70 22 onori
1990 3021 7 16 :

1525 3055 52 22 anzi
1589 3055 22 21 ci
1622 3053 149 22 alleviaxono
1782 3052 9 22 i
1798 3051 81 28 primi,
1889 3053 110 21 Trovan-

1525 3088 55 22 doci
1593 3088 45 21 aile
1650 3086 91 28 lunghe
1756 3084 115 23 sventure
1880 3084 84 22 ridotti
1971 3083 29 21 -al

1524 3122 85 21 verde.
1639 3121 18 21 E
1676 3120 26 22 di
1727 3121 85 26 questa
1838 3118 161 22 benevolenza

1526 3154 162 22 scambievole
1706 3152 91 23 durano
1820 3152 100 22 tuttavia
1933 3151 10 21 i
1951 3152 49 20 tes-

1524 3188 88 22 timoni
1624 3188 36 22 sia
1671 3187 40 21 nei
1726 3186 154 23 monumenti
1898 3184 99 28 publici,
2003 3194 7 7 -

1525 3223 37 21 sia
1577 3222 66 28 negli
1663 3221 74 21 animi
1746 3220 40 22 dei
1798 3219 79 26 Côrsi,
1894 3224 106 22 propen-

1525 3256 21 21 si
1559 3262 14 15 a
1581 3255 123 22 stanziarsi
1721 3254 25 21 in
1772 3253 111 22 Toscana
1893 3258 14 16 a
1920 3251 89 28 prefe-,

1524 3295 71 16 renza
1613 3289 24 21 di
1658 3288 58 28 ogni
1725 3288 60 22 altro
1798 3292 81 23 paese,
1903 3285 95 28 quando

1524 3322 121 22 nécessita
1654 3328 15 16 o
1686 3321 117 28 vagbezza
1814 3321 18 21 li
1840 3320 47 22 tira
1897 3319 64 22 fuori
1973 3319 24 21 di

1525 3362 55 16 casa
1593 3363 6 20 ;
1612 3362 14 15 e
1640 3355 43 28 più
1694 3355 44 21 che
1755 3356 63 20 tutto
1830 3354 60 21 nella
1916 3354 83 26 lingua

1524 3390 62 25 loro,
1606 3389 29 22 da
1653 3389 43 22 noi
1717 3389 143 21 conservata
1877 3391 46 17 con
1933 3388 66 20 tanta

1524 3423 126 28 diligenza,
1669 3422 45 22 che
1734 3421 101 29 qualche
1854 3426 61 16 voce
1933 3419 67 23 costà

1524 3457 113 26 disusata,
1647 3460 15 18 0
1673 3462 51 16 non
1734 3456 43 27 piu
1788 3456 85 25 intesa,
1894 3453 106 29 quaggiù

1524 3490 131 22 s’incontra
1676 3495 71 22 sopra
1757 3489 24 21 le
1790 3488 84 22 labbra
1882 3488 39 21 dei
1929 3492 71 17 mon-

1523 3524 78 22 tanari
1612 3524 58 23 viva
1687 3523 62 21 délia
1763 3528 43 16 sua
1831 3521 125 28 primitiva
1967 3520 32 22 si-

1524 3556 165 30 gnificazionè.
1699 3556 12 22 I
1723 3556 108 28 cagnotti
1837 3555 25 21 di
1872 3556 65 20 corte
1949 3559 51 16 non

1525 3596 100 16 cessano
1644 3590 50 22 mai
1714 3589 139 22 d’infamare
1872 3588 18 21 il
1908 3588 90 27 popolo

1524 3630 71 16 corne
1624 3623 95 26 ingrato
1729 3629 7 15 :
1745 3622 43 22 voi
1811 3628 44 21 per
1872 3620 127 23 ismentifli

1524 3658 49 21 fate
1583 3659 82 20 tesoro
1677 3653 40 24 del
1736 3661 56 16 caso
1805 3655 45 22 che
1864 3655 26 21 vi
1900 3659 100 17 raccon-

1523 3693 64 24 tava,
1602 3691 21 20 al
1632 3690 70 27 quale
1711 3689 171 27 aggiungerete
1890 3686 76 28 quesf
1967 3686 33 20 al-

1523 3728 40 19 tro
1576 3729 7 15 :
1596 3723 63 27 degli
1681 3722 139 27 oppressori
1843 3719 97 26 antichi,
1960 3718 38 22 dei

1525 3756 106 23 Romani
1637 3762 14 14 e
1663 3755 39 22 dei
1715 3754 111 23 Saraceni
1837 3753 40 27 qui
1888 3758 50 15 non
1949 3753 51 20 tro-

1525 3791 84 20 verete
1638 3788 126 25 memoria,
1783 3787 32 21 ed
1835 3786 25 21 in
1877 3785 74 21 breve
1968 3784 32 21 nè

1525 3822 73 22 anchi
1606 3822 39 21 dei
1652 3820 134 27 Genovesi,
1796 3820 91 20 eccetto
1899 3814 100 31 qualche

2022 2913 91 22 tomba.
2126 2912 78 27 Famà,
2216 2912 77 22 delitti
2304 2918 20 15 e'
2329 2918 56 16 ossa
2395 2911 40 22 dei
2442 2917 56 16 vec-

2024 2947 38 22 chi
2074 2953 14 15 e
2100 2947 39 22 dei
2147 2946 78 22 huovi
2231 2946 88 22 tiranni
2328 2945 169 28 seppellimmo

2023 2984 72 21 interi
2115 2983 85 22 dentro
2212 2988 34 16 un
2266 2982 135 22 medesimo
2410 2995 4 3 -
2422 2982 76 27 sepol-

2024 3023 50 16 cro.

2052 3050 51 22 Ora
2115 3050 8 22 i
2133 3049 301 28 Genovesi,sOpportando
2447 3055 51 16 mo-

2024 3085 140 21 lestamente
2168 3084 25 21 la
2200 3082 120 28 parzialità
2328 3083 26 21 di
2363 3082 83 22 Roma
2455 3089 44 21 per

2025 3118 61 26 Pisa,
2111 3117 111 22 studiano
2241 3117 57 27 ogni
2310 3122 43 16 ora
2364 3122 46 22 per
2422 3117 75 21 levar-

2024 3152 72 28 gliela
2102 3150 187 23 convertendola
2298 3150 25 22 in
2331 3150 102 28 proprio
2444 3156 55 22 pro-

2024 3185 61 26 fitto,
2103 3190 15 16 o
2140 3185 96 21 almeno
2256 3190 44 21 per
2316 3184 160 28 pareggiarla;
2484 3190 14 15 e

2024 3220 23 20 la
2058 3219 101 26 fortuna,
2173 3224 69 16 corne
2256 3219 67 21 suole
2333 3224 15 15 a
2360 3218 40 21 cui
2419 3220 36 20 sta
2470 3224 29 15 su

2024 3254 23 20 la
2066 3253 84 25 intesa,
2174 3258 32 16 ne
2217 3258 71 22 porse
2308 3252 53 22 loro
2376 3251 20 22 il
2408 3249 89 24 desfro.

2025 3286 99 22 Urbano
2136 3285 33 27 II,
2178 3292 45 22 per
2233 3286 88 22 tenersi
2330 3286 65 21 bene
2404 3285 95 21 edifica-

2023 3321 26 21 to
2059 3320 124 25 Daiberto,
2196 3320 25 21 lo
2234 3318 55 23 creò
2301 3319 126 21 arcivesco
2435 3324 64 16 asse-

2024 3353 130 28 gnandogli
2179 3352 144 28 suffraganei
2335 3352 9 21 i
2359 3352 103 21 vescovi
2473 3352 25 21 di

2026 3386 98 23 Cor-sica
2131 3393 7 20 ;
2150 3386 86 29 qnesti,
2250 3386 105 21 subillati
2365 3386 40 21 dai
2419 3384 80 23 Geno-

2024 3421 60 26 vesi,
2108 3421 143 21 ricusavano
2265 3425 14 16 a
2292 3420 55 21 viso
2368 3421 86 25 aperto
2470 3419 29 21 la
2505 3420 5 3 '

2025 3454 180 22 consacrazione
2224 3453 62 22 dallo
2298 3453 162 22 arcivescovo
2474 3451 25 22 di

2025 3487 61 26 Pi-sa,
2097 3488 19 21 il
2124 3487 69 28 qüale
2203 3488 69 26 pesta
2282 3486 66 22 mani
2361 3492 14 14 e
2393 3485 67 27 piedi
2465 3495 7 17 ;
2483 3490 14 15 e

2024 3521 9 22 i
2043 3520 124 22 Genôvesi
2183 3520 18 22 li
2214 3520 46 21 aile
2271 3519 92 22 costole
2373 3525 15 15 a
2396 3520 102 20 mettere

2024 3555 71 27 legna
2112 3554 37 21 sul
2160 3553 81 22 fuoco.
2256 3552 92 27 Questo
2360 3558 43 15 era
2418 3553 81 25 tempo

2026 3587 44 22 che
2088 3587 79 22 Roma
2177 3587 92 21 voltate
2277 3588 14 18 à
2307 3585 106 21 Genova
2429 3585 23 20 le
2464 3584 37 20 di-

2026 3626 65 16 cesse
2101 3627 7 14 :
2117 3619 146 22 «Com’entri
2274 3620 27 19 tu
2312 3618 26 21 in
2356 3617 81 27 questi
2458 3622 42 15 ne-

2025 3654 53 27 gozi
2085 3654 14 20 ?
2108 3653 63 21 Bada
2180 3652 21 21 ai
2209 3651 53 21 fatti
2269 3651 59 24 tuoi,
2339 3655 15 16 o
2367 3649 47 21 che
2422 3649 19 21 ti
2450 3655 50 15 sca-

2023 3687 101 21 -ravento
2145 3685 104 21 addosso
2261 3689 31 15 un
2305 3683 92 27 nugolo
2408 3682 26 21 di
2447 3687 53 16 sco-

2025 3718 126 22 muniche2>
2159 3724 6 19 ;
2175 3723 14 15 e
2198 3717 25 21 le
2235 3714 157 23 scomuniche
2413 3720 15 15 a
2444 3714 55 27 qnei

2025 3751 79 28 giomi
2114 3752 150 20 scottavano.
2285 3748 104 21 Pensate
2400 3747 44 21 voi
2455 3747 44 21 che

2025 3785 24 20 lo
2060 3784 91 20 facessé
2157 3784 14 20 ?
2195 3781 38 22 Nè
2252 3786 86 16 manco
2346 3786 47 21 per
2408 3780 90 21 ombra.

2182 3814 157 27 (Cuniinua)
2359 3816 10 5 "
2465 3822 5 3 -
