2700 3948
205 482 137 26 AMORE
356 480 42 25 IN
412 477 99 27 PACE

133 577 89 22 Passati
231 576 57 20 tanli
295 573 68 25 sogni
372 579 13 13 e
392 570 58 21 tanti
459 568 97 23 affanni,

132 609 56 22 Ora,
197 607 89 20 cura’un
297 603 77 21 rimitu
384 602 22 20 in
416 602 22 19 la
447 600 88 20 furesta

132 639 30 21 Mi
172 636 120 22 rinchiudu
300 636 36 18 ’cu
346 637 21 16 te
376 630 116 22 senz’altri
500 627 105 26 înganni.

132 708 27 5 —
164 697 64 25 Vagu
238 696 22 20 di
269 693 91 22 Iibertà,
370 697 56 19 pace
434 696 13 13 e
455 689 78 24 riposu
542 698 27 4 —

132 729 64 19 ’C’un
206 733 53 14 core
267 726 102 20 laceratu
378 728 13 13 a
399 721 22 19 la
431 719 106 24 timpesta

133 759 48 20 Ora
191 757 77 21 rimira
277 762 13 13 e
299 759 71 20 pensa
379 758 31 13 un
420 754 117 16 amurosu.

134 817 66 21 Amai
210 823 46 13 non
266 821 39 18 per
314 812 51 21 amà
373 811 22 20 la
403 813 23 16 to
436 807 107 22 bellezza,

135 848 36 20 Ma
180 854 42 17 per
230 845 92 21 l’animu
332 842 51 20 soin
392 845 85 15 arcanu
486 844 14 13 e
509 842 59 19 puru

135 879 32 20 Pè
175 878 21 19 la
205 880 24 17 to
238 879 63 17 tantu
311 876 73 18 amata
394 869 136 26 gentilezza,

135 938 51 20 Non
196 937 67 19 bersu
273 940 36 14 me
318 933 91 19 errante
417 931 105 18 creatuia

137 968 43 20 Chi
189 970 93 21 strappa
291 970 12 13 a
314 963 22 19 lu
346 961 103 25 prisenle
457 965 31 13 un
498 957 83 24 giornu
591 954 67 22 duru,

138 998 36 21 Ma
183 1003 68 14 versu
260 996 22 19 la
291 993 61 21 beltà
360 992 23 20 di
392 991 21 20 la
423 993 91 16 natura.

137 1057 64 22 Cusi,
210 1061 69 15 senza
288 1051 87 22 cambia
383 1050 24 20 lu
416 1054 37 15 mo
463 1051 108 21 penseru,

137 1088 77 20 L’idea
222 1085 138 21 tormentata
368 1087 13 14 e
390 1077 143 23 moribond»,

138 1119 58 19 Amu
205 1121 89 20 sempre
303 1112 90 26 sognià,
402 1117 12 13 a
424 1108 82 22 stonda
515 1113 13 13 a
538 1105 91 21 stonda,

138 1149 19 20 A
165 1149 24 19 lu
198 1148 95 20 t’amore
302 1150 54 14 caru
365 1149 13 13 e
386 1142 122 19 furesteru.

139 1208 67 20 Visse
215 1207 25 20 in
249 1212 28 14 eu
286 1210 46 16 me,
346 1207 67 15 senza
423 1197 170 22 suddisfazione

140 1239 57 19 L'un
206 1237 31 20 mi
246 1236 57 20 dede
312 1234 43 20 che
363 1232 44 20 fele
415 1237 14 13 e
437 1230 42 19 che
488 1228 121 21 rimbecca,

140 1269 36 20 Ma
184 1268 98 20 l’alburu
291 1263 85 22 l’un’ha
385 1259 185 26 d’indignazione

140 1299 45 20 Per
194 1298 21 20 la
224 1297 78 24 pianta
312 1293 84 22 crudel’
405 1291 37 21 chi
454 1291 23 20 lu
487 1289 113 20 dissecca.

139 1358 101 22 Aiacciu,
250 1356 67 20 dolce
326 1353 54 21 nidu
390 1358 44 14 ove
442 1348 122 23 s’asconde

141 1386 179 24 Cum’un’acellu
328 1385 23 20 la
359 1383 81 21 m’idea
454 1380 110 21 infranta,

142 1418 108 26 Ripetimi
259 1417 44 20 che
312 1415 92 21 m’am.a,
412 1419 14 14 e
434 1412 42 20 che
484 1410 114 20 s’incanta

141 1451 20 20 A
169 1453 67 17 sente
245 1446 122 23 rimmentà
375 1444 96 20 Veterne
477 1440 93 21 stonde.

436 1485 23 20 U
474 1481 148 24 Canalincu.

52 1622 66 20 Canti
126 1619 94 20 d’Esiliu

213 1685 35 30 A
270 1683 39 30 la
332 1679 65 32 me
398 1679 9 12 9
426 1678 102 29 Gara

76 1792 58 23 Dapoi
142 1791 35 18 clie
185 1794 46 17 sogu
240 1787 58 23 quici,

77 1819 21 17 In
105 1818 55 18 Metz,
167 1821 12 12 a
187 1815 19 17 fà
214 1815 21 17 lu
243 1812 83 19 suldatu,

77 1842 105 23 Sempr’eiu
191 1839 27 18 mi
224 1842 24 14 ne
256 1837 30 18 stô
294 1835 66 20 tristu,

77 1868 68 18 Iad’un
153 1866 56 18 cantu
217 1863 82 19 ritiratu,

78 1893 15 18 E
101 1896 74 18 sempre
183 1891 60 20 tengu
251 1887 61 18 calata

78 1919 26 17 La
111 1917 37 18 me’
154 1916 63 18 fronte
224 1911 130 25 appenserata.

81 1986 13 18 0
104 1986 21 17 lu
133 1984 35 18 me’
176 1983 54 18 riccu
238 1982 71 18 tesoru,

80 2011 26 18 La
113 2009 37 19 me’
157 2008 55 23 perla
218 2006 42 18 cusi
268 2003 50 19 rara!

82 2036 88 18 Luntanu
178 2033 25 17 da
211 2032 22 17 lu
242 2031 24 17 to’
274 2030 46 17 visu

80 2057 16 22 È
104 2065 33 18 par
145 2063 30 13 me
182 2062 40 13 una
229 2056 107 23 pen’amara
342 2052 5 18 !

81 2086 87 18 Luntanu
176 2084 25 16 da
208 2083 22 17 lu
238 2081 25 18 to’
272 2083 50 17 core,

82 2107 15 21 È
105 2114 35 19 par
147 2113 30 13 me
184 2108 58 17 tantu
252 2105 66 18 dulore
325 2102 6 18 !

72 2185 62 17 Pensu
141 2187 12 13 a
161 2183 19 17 te
188 2180 65 23 in’gni
261 2178 104 20 momentu,

84 2208 88 20 Credimi,
181 2206 32 18 chi
220 2206 22 17 sò
249 2204 84 18 sinceru.

85 2234 33 18 Sia
125 2233 20 17 di
152 2232 57 22 jornu
218 2235 11 13 o
237 2230 20 17 di
265 2229 60 19 notle,

86 2260 18 17 A
111 2260 20 16 te
138 2258 27 17 và
170 2257 23 17 lu
201 2256 36 17 me’
245 2258 89 18 penseru.

84 2284 15 18 E
106 2283 16 18 li
129 2283 36 17 me’
173 2280 53 22 occhj
235 2278 99 20 attristati,

85 2309 28 18 Da
120 2307 80 23 lagrime
208 2306 21 17 sô
240 2303 84 23 liagnati.

87 2373 20 18 Si
114 2372 37 18 Diu
159 2371 69 18 m’avìa
235 2370 51 22 datiy

87 2398 51 18 L’ale
145 2395 62 19 cum’a
215 2400 14 12 u
236 2391 117 24 russignôlu.

86 2423 58 18 Tutte
151 2422 19 17 le
177 2424 50 17 sere,
236 2424 11 13 o
255 2418 70 20 carina,

87 2446 90 24 Pigliaria
187 2446 22 17 lu
218 2444 35 18 me’
263 2443 51 21 volu,

88 2472 15 18 E
111 2472 62 18 nant’a
180 2471 22 17 lu
210 2470 25 17 to’
244 2469 78 18 balcone

88 2497 36 18 Eiu
132 2496 28 18 mi
166 2495 53 18 vulia
226 2498 56 18 pone.

89 2552 64 18 Nantu
160 2552 19 17 la
188 2551 24 17 to’
220 2549 114 20 finestrella,

90 2577 43 21 Eiu,
142 2575 75 23 ponemi
223 2574 73 20 -vurria,

91 2602 16 18 E
114 2602 50 20 culà,
173 2600 57 18 tutt’a
238 2599 80 20 nuttala,

91 2627 15 18 0
114 2631 50 16 cara,
172 2624 103 23 aspettaria

91 2652 45 18 Incu
142 2652 19 17 la
169 2651 55 17 santa
231 2652 90 19 speranza

92 2676 36 18 Chi
137 2677 21 16 tu
165 2674 66 23 m’apri
239 2674 19 17 la
265 2674 26 17 to’
296 2673 71 17 stanza.

407 1783 31 17 Ma
444 1783 22 16 lu
474 1781 68 18 nostru
551 1781 28 17 Re
587 1779 85 18 maestru

407 1808 30 18 Un
445 1807 51 17 m’ha
504 1806 60 18 micca
572 1806 44 16 datu
624 1804 51 21 l’ale,

408 1833 42 17 E—
458 1837 12 13 o
478 1832 46 17 dolu
533 1831 113 17 tant’amaru
654 1828 6 18 !

409 1857 14 18 0
432 1858 55 21 colpu
496 1856 35 23 più
540 1860 22 13 ca
570 1855 81 18 murtale
658 1853 5 18 !
671 1863 22 4 —

408 1882 43 22 Eiu,
459 1882 30 18 tin
491 1883 22 16 tu
521 1886 12 13 e
540 1881 109 22 puveretlu,

409 1908 18 18 A
434 1908 30 17 slà
471 1907 35 23 qui
514 1911 49 13 sonu
571 1906 101 17 custretlu.

409 1965 18 17 A
435 1964 30 18 stà
472 1963 35 22 qui
515 1967 50 13 sonu
572 1961 103 20 custrettu,

410 1990 23 17 In
440 1990 31 17 sta
477 1989 66 17 lorena
551 1986 59 21 cittài,

410 2014 88 18 Luntanu
507 2013 25 17 da
539 2012 15 18 li
562 2012 26 17 to’
596 2011 60 21 occhj,

412 2039 15 18 0
436 2040 18 16 la
461 2039 36 17 me’
507 2042 45 13 cara
558 2037 57 18 heltài
622 2036 5 17 !

412 2064 25 18 Sô
445 2064 96 17 custrettu
550 2067 12 12 a
569 2062 60 17 ferma
636 2061 44 17 solu

413 2088 28 19 Cu
448 2089 20 17 la
475 2088 37 18 me’
520 2088 65 17 anima
593 2087 20 17 in
621 2087 52 17 dolu.

412 2143 31 17 Ma
449 2142 33 18 vai
488 2141 5 18 !
503 2146 26 13 ne
537 2141 68 17 sunarà
610 2144 46 21 près
658 2140 26 20 tu,

414 2167 14 18 0
437 2168 21 17 lu
466 2167 37 17 me’
510 2171 47 13 caru
565 2169 65 18 paone,

414 2192 96 22 Quell’ora
518 2192 55 17 tantu
581 2190 85 18 bramata

414 2218 25 17 Di
447 2217 19 18 la
475 2217 35 17 me’
519 2215 122 20 liberazibne,

414 2243 27 17 Da
449 2241 57 23 pudè,
515 2242 34 16 ’nu
561 2240 15 18 li
584 2240 35 17 me’
628 2239 70 21 braeçi,

404 2266 113 23 Stringhieti
525 2270 35 18 per
567 2264 132 18 abbracciacci.

416 2317 68 19 Ch’elli
492 2317 18 18 si
518 2316 79 22 passinu
604 2316 74 21 prestu,

417 2343 53 21 Cara,
479 2341 65 23 questi
552 2345 49 13 nove
608 2340 50 18 mesi

416 2369 28 17 Da
451 2367 50 23 pudè
508 2366 61 18 lascià
576 2367 84 20 attempu

417 2393 49 18 Metz
473 2397 11 13 e
491 2392 86 17 l’armata
584 2390 83 18 francesi

418 2418 36 18 Per
461 2422 27 13 un
497 2421 64 18 pensa,
571 2421 12 12 o
591 2416 31 17 bel
630 2415 53 20 fiore,

397 2443 64 18 Ch’au
469 2443 69 16 nostru
545 2440 76 18 fervidu
629 2444 62 13 amore
696 2438 6 18 !

413 2475 27 15 M.
448 2474 110 16 Alessandri
564 2474 19 13 di
588 2473 98 14 Chidazzu.

753 468 27 31 È
792 475 155 25 B>ianca...

721 537 26 17 La
755 538 36 17 me’
799 538 87 18 culomba
894 538 11 18 è
912 538 69 17 Bianca
987 542 5 16 ;

721 562 69 17 Bianca
798 562 11 17 è
817 562 18 17 la
844 563 37 17 me’
890 562 86 18 culomba
983 561 5 17 !

721 586 27 18 Or
755 586 16 18 si
777 587 19 16 la
804 587 38 17 me’
850 592 47 12 voce
905 587 11 17 è
924 587 72 19 stanca,

715 611 204 22 •Lume’corepartein
927 610 78 21 tromba,

722 635 15 17 E
745 635 80 18 dicendu
833 640 5 13 :
849 637 65 19 t’amu,
923 636 60 16 l’amu
990 634 4 17 !

722 660 18 17 A
750 661 17 16 te
776 660 39 17 sola
823 661 74 19 bramu,
906 660 67 17 bramu
979 658 5 18 !

723 703 65 17 Colma
796 704 29 17 sei
833 704 20 17 di
864 703 109 22 gentilezza,

723 728 93 21 Amabile,
825 728 38 22 poi,
873 728 90 22 graziosa.

724 752 22 17 Di
756 753 26 19 te,
791 753 66 17 bramu
866 757 37 13 una
911 756 76 14 carezza

723 777 24 17 Di
756 777 88 21 simpalia
852 777 102 18 affeLtuosa
960 781 6 16 ;

723 801 71 22 Allora,
803 801 20 17 di
833 802 52 17 tultu
893 806 43 13 core

724 826 84 17 T’amerò
816 831 37 13 cun
861 831 49 17 puru
916 830 71 13 amore.

725 869 37 18 Per
769 870 66 20 l’allri,
844 870 21 17 lu
875 870 25 17 to’
908 869 75 18 surrisu

725 894 27 17 Pò
761 899 42 13 essa
812 894 105 18 difetluosu
924 899 5 16 ;

727 919 87 22 L’agnuli
822 919 20 17 di
849 924 12 12 u
870 919 90 17 Paradisu

726 943 30 17 Un
764 943 64 18 l’hanu
836 944 42 17 cusi
886 943 86 23 graziosu

726 968 38 18 Per
772 973 36 16 me,
818 968 52 17 idolu
878 969 79 17 adoralu

727 993 23 17 Di
758 992 78 18 l’amore
844 993 157 22 impriggiunatu.

727 1037 29 17 Tu
764 1037 29 18 sei
800 1037 19 17 la
827 1037 57 17 Stella
890 1037 82 21 lucente,

728 1062 26 17 La
761 1066 26 13 nu
789 1061 49 17 mina
840 1062 20 17 ta
867 1059 73 20 Pol'arc.

727 1086 133 22 Navighendu,
866 1086 20 17 in
895 1087 19 16 te
922 1086 16 17 si
948 1086 54 17 sente

728 1112 26 17 La
762 1115 91 18 speranza
860 1110 104 18 d’arrivare

728 1136 18 18 A
753 1136 21 17 lu
783 1137 55 21 portu
847 1135 20 17 di
875 1136 72 17 l’onore

728 1161 56 17 Duve
791 1160 78 18 fiurisce
876 1160 84 18 l’amore.

708 1204 91 19 L’amorel
807 1209 12 13 e
826 1209 75 17 sempre
908 1203 105 19 l’amore!...

730 1230 27 17 Lu
766 1230 75 18 sinceru
850 1229 11 18 è
869 1230 50 17 bellu
929 1234 53 13 raru.

730 1255 26 17 La
764 1255 43 18 dieu
817 1259 57 13 senza
882 1259 88 13 russore:

731 1279 33 18 C’è
771 1280 79 17 l’amore
858 1284 73 16 amaru,
940 1277 74 19 amaru!

731 1305 30 17 Ma
769 1305 21 17 lu
799 1309 49 16 meu,
858 1304 135 20 francamente,

731 1326 16 22 È
754 1330 77 18 sinceru
838 1329 117 18 veramente.

733 1375 30 18 Ma
771 1375 19 17 la
798 1375 36 17 me’
842 1374 71 18 Bianca
922 1373 94 21 culomba,

733 1401 18 16 A
758 1400 38 18 me’
802 1404 41 13 nun
851 1399 43 18 face
903 1398 114 18 attenzione.

734 1425 26 18 La
768 1425 35 17 me’
810 1429 48 13 voce
865 1423 51 18 assai
925 1423 92 20 ribomba,

734 1450 57 18 Tutta
798 1449 94 22 impressa
898 1448 119 20 d’emozione,

735 1475 15 17 E
757 1475 20 17 la
785 1475 71 22 parolla
864 1474 26 17 mi
898 1477 66 13 manca

736 1499 77 22 Quande
821 1499 21 18 sô
851 1499 87 17 davant’a
944 1498 75 17 Bianca.

737 1545 76 21 Eppuru
821 1544 37 18 ella
866 1543 11 18 è
885 1543 78 23 genlile,

738 1565 15 22 È
758 1569 87 17 mudesta
851 1573 12 13 e
867 1572 56 14 senza
926 1567 94 22 orgogliu.

738 1594 87 22 Aspett’u
833 1597 53 14 mese
894 1593 78 21 d’aprile

739 1619 37 18 Per
784 1619 101 17 francanne
893 1618 20 17 lu
924 1618 27 17 so’
959 1617 63 22 sogliu

739 1645 65 17 Inc’un
814 1643 85 18 mazzulu
907 1642 20 18 di
937 1642 51 20 fiori,

740 1670 51 17 Yeru
800 1668 93 19 emblema
901 1667 19 18 di
931 1667 81 18 l’amori.

741 1714 30 17 Ma
779 1714 21 17 sô
808 1717 54 14 corne
869 1712 100 18 l’ucellinu

729 1739 60 22 Sopra
796 1739 19 17 la
823 1738 76 20 branca,
904 1736 119 23 impaziente.

742 1764 59 22 Speru
810 1767 75 18 sempre
891 1762 20 17 in
919 1762 22 17 lu
948 1761 76 18 destinu

741 1789 43 21 Chi,
793 1793 34 18 per
834 1792 38 16 me,
882 1787 43 18 sarà
933 1787 91 17 clemente

741 1814 15 18 E
764 1814 27 17 mi
798 1813 79 22 purtarà
885 1813 19 17 la
911 1812 63 22 palma

741 1839 60 18 D’una
809 1838 51 22 gioia
867 1842 48 17 pura
923 1841 11 13 e
942 1837 66 17 calma.

742 1885 58 17 Tuttu
808 1884 21 17 in
837 1887 31 14 me
876 1883 51 17 resta
935 1882 89 18 cunfusu.

742 1909 15 18 E
765 1909 26 17 mi
799 1909 58 17 sentu
864 1907 118 18 l’emuzione.

743 1934 25 18 Or
776 1934 101 21 m’aspetlu
885 1933 22 17 lu
917 1932 77 21 rifiutu,

743 1959 97 22 Malgradu
850 1963 11 12 a
869 1958 50 18 forte
929 1957 89 22 passione

731 1984 96 22 Gh’aghiu
835 1983 30 22 pe’
873 1983 20 17 la
901 1983 35 17 me’
942 1981 82 19 eulombe

744 2009 97 18 Ch’amerô
850 2008 42 17 finu
900 2012 11 12 a
917 2008 21 16 la
947 2007 70 17 tomba.

834 2041 26 18 F.
867 2040 28 18 A.
901 2040 105 18 Franchi.

760 2111 21 18 U
788 2110 83 19 Latinu
880 2109 114 18 d’Andria.

743 2144 80 21 Andria,
830 2143 77 23 figliolu
916 2143 45 17 d’un
970 2143 63 21 paslo-

722 2171 19 17 ri
748 2170 20 17 di
776 2175 14 12 u
797 2168 101 21 Cuscione,
912 2168 18 17 si
944 2167 52 17 vulià
1014 2166 19 18 fà

722 2196 55 21 prele
794 2194 22 17 in
828 2193 59 23 quelli
903 2192 59 22 tempi
977 2192 56 17 ch’un

723 2219 90 18 s’andava
821 2219 60 17 micca
888 2218 20 17 in
914 2217 103 18 seminariu
1023 2221 11 12 e

724 2244 31 18 chi
763 2245 79 17 bastava
858 2242 18 18 di
889 2242 58 22 piglià
959 2241 75 22 qualchi

724 2269 68 18 lizioni
799 2268 21 18 di
827 2268 70 18 latinu.
905 2269 17 15 A
930 2266 104 21 l’esamïne,

724 2295 17 17 li
748 2295 74 17 dedenu
830 2298 12 12 a
860 2292 77 18 traduce
950 2297 12 12 u
973 2290 62 19 Credo.

724 2320 32 18 Ma
763 2318 109 23 quand’ellu
880 2316 53 23 junsi
938 2321 12 13 a
955 2321 6 12 :
971 2316 65 17 Passas

725 2344 33 18 sub
767 2342 65 19 PonLio
839 2342 68 20 Pilato,
914 2342 17 17 si
937 2341 55 17 Lruvô
1000 2341 37 17 tut-

726 2369 24 18 tu
757 2368 135 18 imbarazzatu.

749 2403 24 4 —
779 2393 47 18 Sarà
833 2393 78 21 passatu
922 2392 54 17 sottu
986 2395 11 13 o
1009 2394 29 14 so-

727 2424 35 17 pra
770 2423 13 13 a
793 2418 59 18 Ponte
861 2416 74 18 Pilalu?
943 2415 95 19 UmbehL.

751 2443 42 18 Ellu
810 2442 54 18 missi
881 2446 73 17 «sopra»
962 2445 11 13 e
982 2445 27 13 un
1018 2440 21 17 fù

729 2468 60 18 micca
797 2468 96 17 ricevulu.

751 2494 16 17 A
776 2493 78 18 siconda
862 2492 52 17 volta
925 2491 59 17 misse
993 2491 48 17 «sot-

731 2520 31 16 tu»
765 2523 12 12 e
785 2523 26 13 un
819 2517 21 18 fù
852 2517 95 17 accettatu
954 2516 86 17 lîstessu.

730 2544 64 17 Allora
804 2547 12 13 a
831 2541 48 18 dissi
887 2546 12 13 a
914 2546 14 12 u
934 2540 71 20 .babbu
1015 2545 6 16 ;
1031 2544 11 13 e

731 2568 69 22 quillu,
810 2568 30 16 ’na
848 2566 27 18 so’
882 2565 107 23 semplicilà
997 2570 6 12 :

756 2602 22 3 —
786 2592 59 18 S’ellu
857 2591 56 18 unn’è
930 2591 77 22 passatu
1019 2589 25 18 nè

733 2618 55 17 sotlu
794 2621 25 13 ne
826 2620 63 17 sopra,
896 2620 34 17 par
943 2616 51 16 duva
1005 2614 39 17 dia-

734 2640 46 17 vule
786 2638 40 18 voli
836 2638 71 18 ch’ellu
915 2637 30 18 sia
952 2637 77 22 passatu
1034 2635 11 18 ?

928 2664 28 18 A.
965 2664 28 17 de
998 2663 25 19 P.

1034 169 99 21 Sullana
1141 167 100 22 Storica
1252 166 28 21 di
1291 164 23 22 A
1322 163 91 22 Muvra

1083 225 25 35 Â
1126 224 157 45 Cunquista
1300 221 142 35 Francesc

1165 279 31 34 di
1212 290 18 23 a
1249 276 120 36 Corsica

1080 334 47 29 (Da
1136 341 31 14 un
1185 333 121 22 Giurnale
1318 331 24 20 di
1353 329 104 27 l'Epuca)

1238 419 26 17 De
1273 416 53 19 Paris
1334 415 19 17 le
1361 413 10 17 7
1381 413 49 18 Mars

1060 459 32 21 Le
1112 458 89 22 Comte
1222 457 31 20 de
1273 455 80 23 Vaux,
1373 452 40 26 qui
1433 458 12 14 a
1463 449 46 22 été.

1034 488 96 23 nommé
1144 493 63 22 pour
1218 486 61 21 aller
1286 482 104 30 prendre
1399 483 21 20 le
1431 482 69 21 Com-

1034 518 152 22 mandement
1200 517 30 20 de
1242 512 107 25 l'Armée
1369 517 30 15 en
1417 511 83 23 Corse,

1034 551 34 19 3st
1085 547 64 21 enfin
1170 546 71 27 parti,
1254 545 23 20 8c
1291 544 49 21 l’on
1359 543 96 25 compte
1470 540 31 21 ici

1034 578 56 27 qu’il
1103 582 87 22 pourra
1203 575 165 24 s’embarquer
1376 571 13 21 à
1400 571 103 21 Antibes

1034 610 31 20 du
1078 607 26 22 iS
1115 614 31 15 au
1158 613 35 18 20,
1207 605 71 27 après
1296 603 71 21 avoir
1378 601 34 21 vû
1428 600 74 27 partir

1034 639 29 21 de
1074 638 97 21 Toulon
1182 637 24 20 le
1215 634 100 23 Convoi
1328 633 43 20 des
1377 630 127 23 nouvelles

1034 669 109 25 Troupes
1162 666 41 27 qui
1221 664 104 22 doivent
1343 666 85 22 passer
1446 660 58 20 dans

1034 700 63 19 cette
1109 697 56 25 Isle,
1178 696 22 21 8c
1212 694 41 27 qui
1266 699 53 15 sera
1328 692 94 21 escoite
1434 695 39 21 pai
1483 689 21 20 la

1034 728 100 28 Fregate
1150 724 145 23 l’Atalante
1309 728 49 15 aux
1376 720 83 22 ordres
1476 719 29 20 de

1035 759 35 21 M.
1083 758 29 21 de
1127 757 100 23 Broues,
1239 759 49 16 une
1306 751 119 22 Corvette
1441 754 65 16 com-

1034 786 102 24 mandée
1145 791 44 22 par
1199 786 24 20 le
1233 782 131 23 Chevalier
1370 779 134 27 d’Oppede,

1036 825 32 14 un
1089 816 126 23 Schebeck
1228 820 44 22 par
1292 814 24 20 le
1329 810 130 23 Chevalier
1477 808 29 21 de

1036 849 91 21 Damas
1152 846 23 21 &
1200 846 66 20 deux
1292 842 136 25 Felouques
1442 845 5 19 ;
1470 839 36 21 les

1037 879 66 20 deux
1114 876 131 22 Bataillons
1265 872 119 22 Irlandois
1398 869 39 27 qui
1454 868 53 21 font

1037 908 78 27 partie
1127 907 43 20 des
1184 910 26 20 14
1220 905 43 26 qui
1272 904 84 19 seront
1365 897 142 28 embarqués

1037 941 57 19 sont
1104 939 37 20 les
1152 935 136 27 Régimens
1299 933 30 20 de
1341 931 165 22 Roscommon

1037 969 23 21 &
1072 969 30 20 de
1114 956 126 36 Bulkeìey.
1254 963 41 22 On
1308 968 13 14 a
1340 959 62 24 frété
1414 959 12 21 à
1446 958 62 21 Mar-

1038 999 70 21 seille
1120 1001 65 22 pour
1203 1000 27 15 ce
1246 992 97 23 Convoi
1357 990 27 22 60
1396 990 12 20 à
1420 988 29 22 80
1466 987 42 22 Ba-

1038 1030 90 20 timens
1139 1027 31 21 de
1180 1025 134 26 transport.

1096 1082 83 18 Numéro
1187 1081 26 17 du
1220 1077 94 20 vendredi
1321 1076 23 18 24
1351 1076 51 17 Mars
1411 1073 44 18 1709

1240 1107 25 17 de
1273 1105 54 18 Paris
1334 1104 19 17 le
1361 1103 22 17 41
1392 1102 51 18 Mars

1068 1148 32 21 Le
1112 1146 89 22 Comte
1213 1144 30 21 de
1256 1141 73 22 Vaux
1342 1136 99 25 nommé
1450 1142 61 22 pour

1040 1179 60 20 aller
1110 1174 158 24 commander
1280 1177 30 15 en
1324 1170 85 23 Corse,
1419 1173 31 15 ne
1462 1167 50 20 doit

1041 1208 75 28 partir
1140 1200 204 33 qu’aujourd'hui.
1372 1197 80 28 Après
1476 1197 35 20 les

1040 1240 135 24 avantages
1189 1240 48 21 que
1248 1234 24 20 le
1292 1231 88 22 Comte
1400 1229 30 20 de
1450 1227 62 21 Mar-

1041 1267 70 24 boeuf
1119 1267 22 20 <&
1152 1267 25 21 le
1188 1263 134 23 Vi-Comte
1334 1260 30 21 de
1372 1258 141 22 Narbonne-

1043 1299 69 22 Pelet
1122 1298 45 20 ont
1173 1291 125 30 remporté
1305 1296 41 16 sur
1354 1291 37 20 les
1401 1287 112 23 Rebelles

1044 1330 60 21 dont
1122 1333 33 16 on
1167 1332 14 15 a
1192 1330 58 22 reçu
1269 1322 32 21 ici
1312 1323 23 20 le
1356 1319 82 24 détail,
1456 1323 32 15 on
1500 1322 13 15 a

1043 1362 55 20 tout
1113 1358 52 21 lieu
1181 1353 124 28 d’espérer
1322 1350 73 28 qu’on
1411 1350 36 20 les
1458 1353 57 16 sou-

1043 1391 88 21 mettra
1148 1384 164 24 entièrement
1325 1382 59 20 dans
1402 1381 22 20 le
1445 1383 70 17 cours

1044 1421 31 21 de
1086 1421 23 20 la
1120 1421 143 23 campagne.

1147 1471 83 20 Numéro
1238 1471 27 16 du
1273 1468 60 18 Mardi
1340 1466 24 18 28
1372 1466 49 18 Mars
1429 1464 44 18 4709

1255 1498 25 16 de
1288 1496 60 17 Gènes
1356 1494 19 17 le
1383 1493 23 18 48
1413 1493 49 17 Mars

1075 1536 44 22 Les
1141 1537 74 19 vents
1238 1529 136 24 contraires
1394 1532 61 15 nous
1475 1526 43 20 ont

1050 1566 69 29 privé
1136 1564 109 29 pendant
1261 1560 118 28 quelques
1389 1557 68 26 jours
1475 1555 42 21 des

1050 1597 127 22 nouvelles
1189 1594 31 21 de
1231 1591 79 22 Corse
1320 1597 6 18 ;
1346 1594 33 15 un
1396 1586 123 22 Bâtiment

1050 1629 39 27 qui
1101 1627 81 22 arrive
1194 1625 30 21 de
1235 1624 24 20 la
1273 1620 91 23 Bastia,
1384 1617 58 22 d’où
1453 1618 16 20 il
1481 1618 38 19 est

1050 1658 62 29 parti
1123 1658 24 21 le
1162 1661 25 16 10
1195 1659 60 17 nous
1263 1649 110 30 apprend
1384 1654 46 21 que
1438 1646 82 23 l’affai-

1050 1696 25 16 re
1099 1689 30 20 de
1151 1683 148 28 Barbaggio,
1325 1687 13 15 a
1365 1678 107 28 répandu
1496 1677 21 20 la

1050 1716 182 25 consternation
1249 1712 78 29 parmi
1340 1711 37 21 les
1396 1709 122 23 Rebelles,

1050 1751 22 21 &
1092 1754 47 22 que
1162 1748 24 20 la
1206 1742 132 31 prochaine
1362 1738 93 23 arrivée
1478 1738 42 21 des

1050 1781 111 25 Troupes
1169 1775 141 28 Françoises
1318 1771 152 28 n’augmente
1479 1774 42 22 pas

1051 1817 47 22 peu
1108 1811 67 20 leurs
1186 1807 113 21 allarmes
1309 1810 6 18 ;
1329 1803 30 20 ils
1371 1803 57 20 sont
1438 1799 84 27 depuis

1052 1843 59 20 dans
1117 1832 229 30 l'inaction,malgré
1354 1833 54 21 tout
1415 1837 28 15 ce
1451 1836 29 21 qu
1490 1835 32 16 on

1052 1879 13 15 a
1072 1869 82 30 publié
1164 1869 30 21 de
1206 1866 119 23 contraire
1332 1864 23 21 &
1362 1869 26 16 se
1397 1861 126 28 repentent

1053 1902 126 22 sûrement
1184 1899 31 21 de
1223 1899 56 20 leur
1286 1895 143 26 entreprise.
1440 1892 23 21 A
1470 1892 9 20 1
1487 1896 37 15 ar-

1054 1932 68 23 rivée
1141 1931 34 21 du
1189 1927 107 24 Renfort
1307 1923 166 30 qu’attendent
1488 1922 35 20 les

1054 1962 124 28 François,
1198 1957 121 24 l’Escadre
1335 1952 130 29 composée
1482 1952 42 21 des

1054 1993 116 27 Frégates
1180 1991 24 21 la
1214 1988 90 23 Fléché,
1315 1983 157 25 commandée
1483 1987 43 22 par

1054 2026 23 20 le
1090 2021 133 24 Chevalier
1234 2013 292 32 d’Oppede,YAtalhan-

1056 2057 24 19 te
1091 2058 45 23 par
1150 2052 36 21 M.
1199 2051 31 20 de
1243 2050 102 22 Broves,
1358 2046 31 21 du
1402 2044 126 23 Schebeck

1056 2087 23 20 le
1087 2083 66 22 Rusé
1161 2082 75 27 parle
1253 2078 134 23 Chevalier
1395 2077 30 20 de
1438 2075 89 22 Damas

1057 2115 22 22 &
1091 2115 30 20 de
1140 2114 66 20 deux
1223 2110 135 26 Félouques
1379 2112 47 16 aux
1445 2106 83 22 ordres

1058 2146 32 20 de
1110 2144 35 21 M.
1159 2142 34 21 M.
1207 2141 30 21 de
1251 2139 78 22 Trans
1340 2137 23 21 &
1379 2137 150 20 d’Entrecas-

1058 2179 57 18 teau
1127 2172 104 23 croisera
1243 2175 43 16 sur
1301 2169 36 21 les
1349 2167 83 22 Côtes.
1446 2165 34 22 M.
1496 2165 33 20 du

1059 2198 374 30 Vallès.Lieutenant-Colon-nel
1444 2196 30 21 du
1482 2194 48 23 Ré-

1061 2236 94 27 giment
1167 2234 30 20 de
1210 2229 167 24 Soissonnois,
1390 2229 37 19 est
1442 2231 88 16 encore

1061 2272 33 15 un
1106 2265 42 21 des
1161 2261 141 29 Brigadiers
1314 2265 47 22 que
1373 2259 24 20 le
1411 2257 46 21 Roi
1466 2262 14 15 a
1488 2256 42 21 fait

1062 2297 60 21 dans
1134 2292 109 24 l'Armée
1256 2291 31 22 de
1300 2290 84 22 Corse.

1220 2348 28 17 De
1255 2347 91 17 Florence
1354 2345 20 17 le
1380 2343 25 18 12
1412 2343 55 18 Mars.

1093 2383 40 22 On
1145 2381 113 28 apprend
1272 2385 44 22 par
1327 2379 22 20 la
1360 2383 66 22 voye
1438 2377 29 21 de
1477 2376 57 21 Por-

1064 2413 144 25 to-Ferraio,
1228 2416 47 22 que
1291 2410 30 21 de
1336 2410 23 20 la
1371 2407 129 27 Sardaigne
1518 2406 17 21 il

1065 2450 72 23 passe
1148 2449 31 15 en
1189 2442 80 22 Corse
1278 2438 108 30 quantité
1395 2438 30 21 de
1432 2437 102 24 Soldats,

1067 2476 40 27 qui
1127 2476 63 20 vont
1210 2472 80 22 servir
1309 2475 59 17 sous
1388 2469 25 21 le
1432 2466 105 23 Général

1067 2505 77 25 Paoli,
1158 2504 23 21 &
1192 2503 74 27 qu’on
1280 2502 37 21 dit
1334 2501 51 20 être
1398 2499 44 20 des
1459 2497 80 22 déser-

1067 2539 67 19 teurs
1141 2541 5 19 ;
1161 2540 27 16 ce
1200 2533 41 28 qui
1252 2538 32 16 ne
1292 2532 58 27 peut
1358 2529 181 28 qu’augmenter

1067 2568 25 21 le
1103 2565 104 22 nombre
1218 2564 44 21 des
1273 2562 112 26 Troupes
1394 2559 58 28 qu’il
1460 2564 13 15 a
1481 2563 58 16 sous

1070 2603 39 16 ses
1118 2596 93 24 ordres,
1222 2593 75 28 qu’on
1306 2592 79 27 ajoute
1393 2591 51 20 être
1452 2595 31 15 en
1492 2587 47 22 état

1070 2627 108 21 d’entrer
1186 2630 31 15 en
1226 2619 192 30 campagnel-'On
1425 2619 114 22 confirme

1071 2656 61 28 qu’il
1149 2661 32 16 ne
1201 2659 70 16 cesse
1291 2653 30 21 de
1340 2652 61 21 faire
1418 2649 121 22 travailler

1529 166 39 15 IUX
1580 157 172 24 fortifications
1763 155 31 21 de
1803 160 27 16 ce
1842 151 73 29 qu’on
1927 157 70 16 nom-

1529 196 31 15 ne
1572 188 173 23 l’Isle-Rousse
1754 186 40 27 qui
1805 185 37 21 est
1853 189 49 15 une
1914 182 84 22 Penis-

1529 220 47 21 ;ule
1602 224 42 16 sur
1669 216 168 28 l’Algagliola,
1873 214 68 20 entre
1967 212 24 21 le

1529 249 83 22 Colfes
1624 249 30 21 de
1667 246 70 23 Calvi
1753 246 22 21 8c
1787 245 29 21 de
1833 243 135 27 Paragiola.

1580 308 82 18 Numéro
1671 308 25 17 du
1705 305 95 20 Vendredi
1808 304 22 18 34
1838 304 51 17 Mars
1898 302 45 18 1709

1529 335 69 18 Extrait
1606 336 57 17 d’une
1677 335 56 17 lettre
1742 334 24 17 de
1774 333 18 17 la
1806 331 63 19 Bastia
1878 331 26 17 du
1911 330 21 17 21
1942 330 56 17 Mars.

1554 374 95 26 Depuis
1661 372 100 23 l’affaire
1773 371 30 21 de
1812 369 145 28 Barbaggio,
1967 373 33 16 on

1529 406 36 19 sst
1579 404 31 21 ici
1623 403 49 22 fort
1682 402 140 27 tranquille,
1833 400 22 21 8c
1868 405 28 15 ce
1915 399 47 37 qui,
1973 403 27 15 se

1529 440 70 21 passe
1618 434 32 21 du
1668 432 54 23 côté
1734 433 30 20 de
1782 430 113 29 Biguglia
1907 429 21 22 &
1941 427 59 23 d’O-

1529 465 67 24 letta,
1608 463 62 21 n’est
1686 463 71 27 point
1768 467 89 16 encore
1869 460 57 21 bien
1939 456 63 24 inté-

1529 495 103 20 ressant.
1645 493 41 22 On
1697 499 18 22 y
1725 492 48 22 tire
1791 491 118 28 quelques
1925 493 76 21 coups

1529 524 31 21 de
1571 524 78 25 fusils;
1662 529 64 16 ceux
1737 523 44 21 des
1791 522 91 22 Corses
1895 519 107 28 qui,plus

1529 560 47 21 que
1587 555 36 21 les
1642 556 81 19 autres
1735 559 27 15 se
1779 553 103 27 piquent
1902 550 29 21 de
1949 549 54 21 bra-

1529 590 85 19 voure,
1623 585 119 20 viennent
1749 585 80 20 tenter
1836 582 31 21 de
1874 578 130 23 découvrir

1530 614 101 27 qu’elles
1642 615 58 20 sont
1711 619 46 15 nos
1769 611 163 28 dispositions
1943 615 5 19 ;
1958 613 45 17 nos

1530 644 93 21 soldats
1635 645 57 20 sont
1702 641 155 23 accoutumés
1869 640 14 21 à
1893 641 36 20 les
1939 638 63 25 voir,

1530 673 23 21 &
1565 673 41 27 qui
1618 679 44 16 ose
1674 672 158 27 s’approcher
1843 677 33 15 un
1887 676 48 21 peu
1948 671 56 24 trop

1531 703 57 27 près
1599 705 39 20 est
1649 705 108 20 souvent
1768 701 62 29 payé
1846 702 31 20 de
1889 707 26 15 sa
1926 699 80 22 curio-

1531 733 56 21 sité.

1560 768 68 19 Nous
1639 768 132 19 attendons
1781 768 37 19 les
1832 771 26 20 14
1872 768 134 18 .bataillons

1542 796 32 26 [ui
1587 796 100 21 doivent
1701 796 167 26 s’embarquer
1880 794 13 21 à
1909 793 96 22 Toulon

1542 826 13 20 k
1566 827 24 20 le
1602 826 88 22 Comte
1703 827 30 20 de
1745 826 73 21 Vaux
1830 825 40 27 qui
1884 824 54 22 doit
1953 828 55 22 par-

1544 856 23 21 ir
1577 856 32 20 du
1621 856 67 27 golfe
1699 855 70 27 Juan,
1783 861 62 21 pour
1858 856 52 19 être
1922 854 54 26 plus
1994 851 13 22 à

1542 885 78 22 >ortée
1632 886 31 21 de
1681 885 61 21 faire
1754 886 23 20 le
1794 885 73 26 trajet
1875 890 6 19 ;
1900 884 60 20 c’est
1980 888 28 15 ce

1542 915 66 27 [u’on
1627 921 63 16 nous
1709 915 89 21 mande
1815 915 31 20 de
1858 914 100 23 France,
1977 918 30 15 en

1542 945 102 27 ijoutant
1657 945 102 27 qu'onze
1777 946 80 19 autres
1877 943 133 21 Bataillons

1542 981 19 15 ;e
1569 976 105 20 rendent
1682 981 30 15 en
1725 975 136 24 Provence,
1873 973 137 27 également

1542 1005 103 22 lestinés
1656 1005 14 22 à
1683 1006 73 20 venir
1767 1010 89 16 encore
1869 1009 63 16 nous
1946 1003 65 26 join-

1542 1036 37 21 Ire
1591 1036 39 21 s’il
1643 1038 38 19 est
1692 1036 96 24 besoin,
1801 1035 23 21 8c
1836 1040 47 21 que
1895 1035 23 20 le
1929 1031 82 23 Géné-

1542 1067 29 20 ral
1584 1069 37 18 est
1632 1067 23 20 le
1668 1066 88 21 maître
1775 1065 56 21 d’en
1850 1065 121 26 disposer.
1992 1062 19 21 Il

1542 1098 32 19 ïst
1585 1096 59 21 hors
1656 1097 29 20 de
1698 1096 75 21 doute
1785 1095 54 27 qu’a
1851 1093 115 23 l’arrivée
1979 1093 31 20 du

1542 1126 90 21 renfort
1642 1127 37 20 les
1697 1125 143 28 opérations
1859 1128 153 17 commence-

1542 1157 60 24 ront,
1614 1156 100 21 attendu
1727 1161 48 21 que
1786 1155 78 25 Paoli,
1874 1154 41 27 qui
1924 1152 88 28 depuis

1542 1196 2 4 ■
1547 1192 14 14 e
1576 1191 26 21 14
1613 1192 14 15 a
1639 1185 71 27 passé
1722 1186 30 21 de
1765 1185 97 21 Murato
1874 1184 13 21 à
1896 1185 22 20 la
1928 1183 85 22 Casin-

1542 1221 33 20 m,
1584 1222 18 21 y
1612 1222 14 14 a
1637 1218 59 19 tenu
1708 1216 23 20 le
1746 1221 34 22 15,
1790 1215 23 21 le
1826 1214 24 21 16
1862 1214 23 21 âc
1897 1215 22 19 le
1931 1219 25 21 17
1964 1218 48 15 une

1542 1245 133 22 assemblée
1685 1244 114 29 générale
1811 1245 31 20 de
1854 1245 22 20 la
1888 1243 100 24 Nation,
1999 1241 13 21 à

1542 1276 102 26 laquelle
1657 1278 44 19 ont
1717 1274 88 22 assisté
1820 1277 57 18 tous
1893 1275 34 19 les
1943 1273 70 21 hom-

1542 1311 58 19 mes,
1613 1306 88 26 depuis
1712 1305 63 27 l’âge
1787 1305 30 20 de
1831 1310 24 22 15
1868 1309 44 15 ans
1918 1301 95 29 jusqu'à

1542 1336 34 25 60,
1595 1335 22 22 <&
1634 1335 58 28 qu’il
1709 1341 18 22 y
1742 1341 14 15 a
1775 1334 39 22 été
1834 1332 112 24 ordonné
1966 1337 47 22 que

1542 1366 91 21 chacun
1647 1366 41 21 eût
1696 1365 13 21 à
1719 1371 27 15 se
1755 1365 127 27 pourvoir,
1895 1369 56 16 sous
1960 1362 54 22 huit

1542 1397 74 26 jours,
1636 1396 55 22 d’un
1709 1396 59 22 fusil
1785 1396 22 21 8c
1823 1396 30 21 de
1871 1401 28 20 40
1916 1400 74 21 coups
2001 1392 13 22 à

1542 1428 74 25 tirer;
1630 1429 95 25 quanta
1737 1432 63 16 ceux
1811 1427 40 26 qui
1865 1432 31 14 ne
1908 1426 23 20 le
1943 1429 73 22 pour-

1542 1458 82 21 roient
1634 1464 51 21 pas,
1698 1458 24 21 le
1739 1457 204 21 Gouvernement
1958 1454 58 22 s’est

1543 1491 88 28 chargé
1643 1491 30 20 de
1684 1491 37 20 les
1737 1491 55 20 leur
1804 1489 104 22 fournir.
1921 1488 19 21 Il
1952 1494 13 14 a
1978 1486 39 22 été

1543 1520 108 22 délibéré
1671 1527 31 15 en
1721 1521 80 21 même
1823 1522 82 24 temps
1928 1524 47 21 que
1993 1518 24 20 le

1543 1553 62 21 tiers
1624 1552 43 21 des
1679 1551 99 21 Milices
1790 1556 53 15 sera
1855 1549 113 27 toujours
1987 1554 30 15 en

1544 1588 143 22 campagne,
1706 1581 62 28 payé
1783 1580 198 28 régulièrement,
1996 1578 22 21 8c

1544 1620 49 21 que
1610 1614 24 20 le
1651 1615 66 19 reste
1734 1618 27 15 se
1775 1611 95 21 tiendra
1883 1617 29 15 en
1926 1610 50 21 état
1989 1609 30 21 de

1545 1643 113 23 marcher
1673 1649 29 14 au
1714 1642 88 21 besoin
1814 1648 5 19 ;
1833 1644 56 18 tous
1902 1646 60 16 ceux
1977 1639 41 27 qui

1546 1677 44 20 ont
1602 1681 29 14 eu
1643 1674 44 21 des
1703 1672 109 28 Emplois
1831 1672 61 21 dans
1910 1672 24 20 le
1952 1670 66 21 Gou-

1546 1706 148 22 vernement
1702 1710 32 15 ou
1743 1704 60 21 dans
1809 1704 23 20 la
1839 1702 180 27 Magistrature,

1547 1737 101 22 doivent
1670 1741 25 15 se
1716 1737 102 19 trouver
1830 1733 13 21 à
1863 1734 23 20 la
1906 1733 64 21 suite
1989 1732 31 20 du

1548 1767 115 25 Général,
1669 1765 12 22 à
1689 1765 83 22 moins
1778 1763 71 28 qu’ils
1856 1769 31 15 ne
1897 1762 125 22 marchent

1548 1804 61 15 avec
1619 1799 24 20 le
1653 1797 61 20 tiers
1726 1795 44 21 des
1788 1794 100 22 Milices
1909 1794 39 26 qui
1969 1798 53 16 sera

1548 1830 31 21 de
1587 1828 96 22 service
1692 1832 31 16 ou
1734 1825 73 28 qu’ils
1815 1831 32 14 ne
1859 1825 81 20 soient
1951 1823 71 21 mala-

1549 1861 45 21 des
1603 1867 6 18 ;
1619 1859 23 21 &
1649 1858 51 22 l'on
1709 1863 14 15 a
1730 1856 54 27 pris
1793 1856 43 21 des
1844 1860 109 16 mesures
1962 1859 60 21 pour

1549 1890 74 28 punir
1633 1890 37 20 les
1681 1886 148 23 déserteurs.
1839 1885 46 22 Les
1896 1884 126 22 Ecclesias-

1549 1922 82 26 tiques
1642 1918 43 28 qui
1696 1917 70 22 n’ont
1782 1917 71 27 point
1867 1914 89 28 charge
1976 1914 46 21 d’â-

1550 1958 49 19 me,
1620 1950 90 21 auront
1727 1949 24 20 la
1771 1946 75 29 garde
1869 1946 31 21 de
1918 1944 104 22 certains

1551 1983 84 27 postes
1658 1978 160 24 intéressans,
1842 1976 24 21 8c
1887 1975 83 28 par-là,
1995 1981 27 15 en

1551 2011 158 28 augmentant
1719 2009 24 21 le
1752 2007 102 22 nombre
1864 2007 43 21 des
1916 2006 106 26 Troupes

1553 2049 32 16 on
1598 2041 128 26 soulagera
1737 2039 39 21 les
1788 2037 99 22 Milices
1899 2036 23 21 &
1932 2042 30 15 on
1974 2037 48 20 leui

1554 2074 108 21 donnera
1681 2075 91 22 moyen
1795 2067 79 28 d'agir
1892 2072 62 15 avec
1973 2067 49 26 plu;

1554 2105 31 20 de
1597 2100 150 28 facilité.Ily^
1752 2105 13 15 a
1773 2099 72 21 ordre
1856 2098 61 20 dans
1927 2097 36 20 les
1976 2096 46 21 Pla-

1555 2139 42 16 ces
1615 2130 133 23 frontières
1768 2129 45 20 des
1834 2127 93 22 Pieves
1947 2126 32 21 où
1994 2127 28 20 le:

1556 2162 115 27 François
1689 2159 191 27 débarqueront,
1898 2157 119 21 d’envove

1557 2182 108 33 dansées
1676 2193 80 19 terres
1765 2191 57 19 tous
1833 2189 37 20 les
1882 2187 140 25 bestiaux,8

1557 2224 60 21 dans
1629 2223 36 21 les
1680 2220 112 22 endroits
1801 2219 33 22 où
1841 2224 33 15 on
1882 2219 37 20 les
1930 2217 89 22 condui

1558 2260 35 19 ra,
1603 2253 30 21 de
1641 2253 38 20 les
1689 2250 117 28 regarder
1814 2254 97 16 comme
1919 2248 31 21 du
1962 2253 60 22 pays

1559 2289 59 17 avec
1628 2282 99 21 défense
1736 2280 30 22 de
1775 2286 31 15 ne
1814 2280 54 21 rien
1879 2278 85 28 éxiger
1972 2283 47 22 pou

1559 2316 37 20 les
1606 2314 139 27 pâturages.
1754 2310 107 27 Lorsque
1871 2310 36 21 les
1919 2309 100 27 Françoi

1560 2351 27 16 se
1606 2344 131 27 porteront
1756 2347 31 15 en
1807 2341 82 24 avant,
1913 2340 36 20 les
1971 2339 49 20 bon

1560 2375 121 28 patriotes
1695 2372 41 27 qui
1750 2373 85 20 seront
1847 2370 61 21 dans
1918 2370 23 20 la
1953 2368 69 22 néce;

1562 2406 48 21 site
1630 2402 181 23 d’abandonner
1830 2401 67 21 leurs
1917 2400 105 21 maisons

1561 2435 149 22 trouveront
1720 2432 100 22 ailleurs
1831 2437 33 15 un
1876 2431 67 27 asyle
1951 2437 5 18 ;
1972 2429 23 20 8c
2006 2434 14 15 o

1564 2467 31 21 ils
1613 2471 28 15 se
1651 2464 141 24 retireront,
1808 2467 33 16 on
1858 2461 53 21 leur
1928 2459 94 22 fournir

1564 2497 52 21 tout
1628 2500 26 16 ce
1667 2494 61 21 dont
1738 2493 32 21 ils
1782 2493 88 20 auront
1883 2490 96 24 besoin,
1997 2495 25 15 ai

1564 2528 52 20 tant
1628 2530 46 23 que
1684 2525 37 20 les
1729 2524 185 20 circonstances
1921 2525 101 23 pourror

1565 2558 24 21 le
1601 2556 140 27 permettre.
1755 2553 45 21 Tel
1810 2554 39 20 est
1859 2553 24 20 le
1897 2550 103 22 résultat
2010 2550 12 21 d

1567 2584 163 25 l’assemblée.

1597 2619 41 18 On
1657 2619 56 17 voit
1729 2620 68 15 assez
1815 2619 77 21 par-ia
1907 2619 46 19 que
1971 2619 69 13 jraoji

1568 2649 38 19 est
1614 2646 114 27 toujours
1740 2642 106 26 obstiné,
1854 2643 24 20 8c
1885 2641 59 28 qu'il
1952 2641 38 21 n’a
1999 2646 43 22 pas

2033 150 37 21 nal
2078 147 77 23 réussi
2164 146 13 22 à
2188 145 105 27 inspirer
2310 148 38 16 ses
2361 141 136 21 sentbnc.'.s

2037 186 33 14 ux
2079 179 99 23 Corses,
2189 176 45 21 afin
2248 175 30 21 de
2290 174 35 21 les
2338 172 95 21 anime"

2033 209 106 22 léfendre
2148 205 95 30 jusqu’à
2256 207 22 19 la
2291 202 115 23 dernière
2420 205 67 17 exfc

2033 238 57 24 nité.
2105 238 40 22 On
2160 237 54 21 voit
2223 241 61 16 avec
2297 233 79 28 quelle
2390 240 4 12 :
2403 234 23 18 at

2036 270 37 21 ion
2090 269 29 21 ils
2132 271 56 19 sont
2199 265 82 23 entrés
2294 265 60 21 dans
2367 269 41 14 ses
2420 267 61 15 vues
2493 266 5 17 ;

2033 300 52 22 nais
2094 305 32 16 on
2137 298 53 22 voit
2197 296 63 22 aussi
2271 294 60 28 qu’il
2340 296 38 18 est
2387 291 112 28 toujours

2033 333 46 21 )lus
2090 329 127 30 persuadé,
2231 335 47 21 que
2291 332 42 22 par
2345 332 26 15 sa
2384 324 97 22 résistai
2491 335 10 3 -

2033 369 19 15 :e
2065 363 17 21 il
2093 367 107 23 gagnera
2212 361 32 21 du
2255 362 80 23 temsp
2344 364 6 18 ;
2361 362 33 21 qu
2407 356 15 20 il
2432 361 34 21 esj
2478 361 22 14 e-

2033 399 18 15 •e
2072 392 101 22 défaire
2193 391 64 21 enfin
2278 387 129 23 connoître
2428 391 31 21 qu
2469 391 32 14 en

2035 423 25 21 ui
2080 423 44 21 fait
2144 423 23 21 la
2187 426 87 22 guerre
2293 417 168 29 injustement,
2479 414 22 21 8c

2033 459 40 21 pie
2084 454 23 20 la
2115 452 90 22 Nation
2218 457 31 15 ne
2259 450 64 21 croit
2332 453 43 22 pas
2384 451 115 21 manquer

2033 490 24 15 ni
2069 485 97 25 respect
2178 482 90 28 qu'elle
2283 480 53 22 doit
2350 485 30 15 au
2396 477 57 25 Roi,
2473 481 31 15 en

2033 513 127 22 léfendant
2171 513 62 21 ainsi
2246 517 26 16 sa
2284 508 98 24 liberté.
2394 530 5 4 .

2055 544 80 27 Après
2145 544 30 21 de
2185 541 144 23 semblables
2339 537 165 29 dispositions

2033 575 28 20 de
2071 575 24 21 la
2107 576 53 25 part
2169 574 44 21 des
2223 572 96 24 Corses,
2330 571 18 21 il
2357 571 38 19 est
2404 567 101 22 évident

2033 604 69 27 qu’on
2116 611 31 14 ne
2158 605 36 20 les
2206 602 130 27 ménagera
2349 606 43 21 pas
2403 605 5 19 ;
2420 598 16 21 il
2448 603 58 15 con-

2033 635 125 22 viendroit
2172 634 107 21 d’autant
2290 632 92 24 moins,
2397 635 49 21 que
2455 633 51 22 par-

2033 666 31 21 mi
2084 667 35 20 les
2140 663 202 27 Ecclésiastiques
2361 661 42 27 qui
2424 659 83 21 seront

2033 695 86 27 armés,
2130 702 26 15 se
2164 696 120 21 trouvent
2296 691 108 28 compris
2416 691 36 20 les
2461 688 46 22 Re-

2033 727 100 28 ligieux,
2146 725 13 22 à
2172 726 39 27 qui
2225 724 69 22 Paoli
2308 723 53 21 doit
2370 722 96 21 donner
2481 735 3 3 .
2502 725 4 13 :

2033 757 72 28 garde
2132 756 150 24 Vescovato,
2311 753 147 21 Yrrrrr;
2487 755 22 14 o:

2035 788 87 22 Loretc
2134 794 5 18 ;
2153 788 17 20 ii
2183 787 35 20 les
2229 793 12 13 a
2257 784 83 28 prévu
2369 791 10 11 s
2396 788 47 16 c.vc
2460 797 2 2 ■
2498 785 11 14 s

2035 821 55 18 sont
2110 817 51 27 pris
2178 818 34 19 les
2224 821 67 19 arme
2294 821 11 14 s
2343 815 21 19 M
2377 818 76 16 mmm
2476 815 33 14 ^'s

2033 849 116 27 François
2161 849 35 19 les
2208 847 82 21 feront
2299 852 5 4 -
2317 852 14 13 •?.
2372 850 27 14 m.
2429 851 15 11 -•
2456 847 16 20 .7

2034 881 51 19 fera
2103 884 89 15 encore
2208 877 44 20 ’m-
2283 881 22 15 m
2399 874 3 3 ’
2438 880 12 12 '•

2033 910 83 20 •donne
2131 910 13 19 7
2157 909 61 19 'ev.m
2242 913 20 14 m

2037 939 64 21 n'otH
2124 939 11 19 7
2154 945 3 3 ■
2201 943 12 14 0

2036 969 30 21 de
2077 970 53 19 ieur
2155 973 15 14 o

2037 1000 35 20 les
2091 999 45 26 plat
2185 1015 4 2 -
2195 1005 5 12 :
2237 1014 4 3 -

2037 1029 72 26 qu’on
2132 1035 14 14 n
2185 1038 3 3 ■
2196 1034 12 13 o

2038 1058 95 28 pays-là.
2146 1065 32 20 qu
2187 1060 9 18 à
2212 1058 14 20 h

2065 1090 84 20 Avant
2160 1094 47 21 que
2219 1088 30 20 de
2263 1100 4 7 .
2279 1101 3 3 -
2295 1101 3 4 .
2308 1092 23 14 L:I
2352 1094 11 17 p

2039 1125 26 15 ca
2077 1125 31 15 ou
2120 1118 58 21 s’est
2190 1120 64 18 tenu.

2038 1150 58 24 raie,
2107 1154 63 21 pour
2181 1153 46 21 que
2235 1147 36 21 le:.
2386 1162 5 4 .
2450 1162 3 3 .
2464 1150 49 14 *'ure-

2038 1184 53 27 çois
2103 1183 41 26 qui
2156 1181 94 22 étoient
2265 1187 14 15 a
2299 1179 34 23 O
2343 1186 29 14 oc
2392 1186 5 14 :
2453 1190 5 4 -
2473 1187 6 10 -.
2489 1179 22 19 ni

2038 1222 94 16 aucune
2146 1214 179 22 connoissance
2345 1213 31 20 de
2397 1218 45 15 son
2462 1211 54 21 des-

2039 1250 63 24 sein,
2117 1249 67 20 Paoli
2196 1248 36 20 les
2240 1247 29 21 fit
2280 1251 83 22 passer
2372 1245 13 21 à
2396 1245 104 21 Cmessa
2509 1249 5 19 ;

2039 1283 22 21 8c
2073 1283 31 21 ils
2115 1283 35 20 les
2162 1287 14 15 a
2189 1281 43 21 fait
2242 1279 101 23 revenir
2351 1278 142 27 lorsqu'elle
2503 1283 11 15 a

2040 1315 39 22 été
2090 1313 109 28 séparée.
2217 1313 40 21 On
2270 1318 83 16 assure
2374 1318 30 20 qu
2411 1311 20 19 T
2446 1317 9 14 r
2473 1311 44 19 fait

2040 1348 123 27 étrangler
2183 1352 59 16 onze
2255 1345 90 22 Corses
2358 1344 47 28 qu’:
2439 1349 76 15 mmm

2041 1388 48 15 aux
2104 1382 51 21 fers
2173 1380 84 27 depuis
2270 1379 198 27 quelque-temps
2480 1384 4 3 -
2508 1378 8 20 i

2040 1422 18 21 y
2069 1421 30 15 en
2111 1414 69 21 avoit
2192 1419 31 15 un
2236 1413 62 21 dont
2310 1413 20 20 la
2342 1411 69 22 mère
2421 1411 34 21 lui
2465 1417 53 14 sau-

2042 1452 31 18 va
2084 1449 22 21 la
2118 1448 49 25 vie,
2182 1453 45 21 par
2246 1452 39 15 ses
2306 1445 71 21 soins
2398 1445 62 20 dans
2472 1450 47 14 une

2043 1481 104 22 maladie
2156 1481 153 26 dangereuse
2319 1479 16 20 il
2342 1484 17 22 y
2369 1484 12 14 a
2392 1478 64 20 deux
2466 1482 52 19 ans;

2043 1517 64 20 cette
2127 1514 91 21 femme
2238 1511 119 22 informée
2383 1511 73 27 qu’ils
2479 1511 40 20 dé-

2043 1548 90 22 voient
2153 1546 75 28 périr,
2250 1546 46 20 alla
2320 1551 26 14 se
2364 1544 47 28 jetc
2419 1550 11 15 r
2447 1551 12 13 1.
2481 1549 39 15 ses

2045 1582 70 27 pieds
2128 1586 63 21 pour
2202 1579 35 21 lui
2258 1579 136 21 demander
2413 1578 21 20 ia
2450 1582 68 23 grâce

2045 1616 30 20 de
2095 1620 45 16 son
2158 1613 47 25 fils,
2220 1613 15 20 il
2249 1613 24 20 la
2283 1612 34 20 lui
2330 1611 109 27 promit;
2460 1611 60 21 mais

2033 1644 2 35 |
2046 1649 66 21 deux
2129 1647 69 27 jours
2219 1645 79 27 après,
2313 1646 14 20 il
2347 1644 40 21 eût
2401 1646 22 19 le
2443 1650 46 15 me:
2500 1649 20 15 .e

2046 1684 52 19 sort
2110 1686 46 22 que
2167 1681 37 20 les
2216 1680 91 19 autres.
2321 1677 39 22 Où
2375 1680 103 18 trouver
2491 1683 29 14 un

2047 1715 98 22 Soudan
2157 1714 43 27 qui
2212 1714 34 20 ait
2260 1711 77 28 régné
2349 1716 62 16 avec
2427 1711 54 26 plus
2494 1710 29 21 de

2048 1749 161 27 despostime,
2229 1746 122 28 peut-être
2369 1745 82 21 même
2466 1749 58 15 avec

2049 1784 54 27 plus
2115 1783 30 20 de
2154 1779 98 24 cruauté
2264 1779 22 21 &
2294 1779 29 20 de
2337 1777 135 22 Barbarie?
2482 1775 42 23 S'il

2048 1816 88 22 venoit
2149 1814 12 22 à
2176 1814 56 22 finir
2250 1818 96 16 comme
2365 1812 36 20 les
2423 1810 101 28 Tyrans,

2033 1839 5 32 I
2050 1850 16 21 il
2079 1849 41 28 n’y
2132 1847 80 22 auroit
2224 1852 43 21 pas
2280 1846 49 20 lieu
2342 1845 14 21 d
2367 1850 30 15 en
2411 1844 51 21 être
2475 1848 50 16 sur*

2050 1883 61 27 pris.

2077 1915 69 22 Nous
2168 1912 169 23 nourrissions
2359 1917 48 15 nos
2430 1910 96 27 prison-

2051 1951 67 21 niers
2136 1947 13 22 à
2170 1945 83 27 Corté,
2274 1946 18 20 il
2313 1944 63 22 étoit
2393 1944 68 27 juste
2481 1948 47 22 que

2052 1982 70 22 Paoli
2135 1979 96 23 nourrit
2243 1979 31 21 de
2285 1983 44 16 son
2343 1976 56 23 côté
2411 1977 36 20 les
2460 1976 68 21 siens

2053 2022 49 21 que
2123 2019 64 16 nous
2209 2017 87 16 avons.
2319 2010 34 21 M.
2379 2011 22 19 le
2425 2009 54 21 Duc
2500 2009 30 20 de

2054 2047 118 24 Choiseul
2192 2052 11 14 a
2228 2043 96 29 envoyé
2348 2043 74 21 ordre
2447 2043 38 20 de-
2498 2041 31 21 né

2054 2083 56 26 plus
2121 2080 54 21 rien
2188 2079 96 21 donner
2296 2076 13 21 à
2321 2076 107 22 ceux-ci.
2442 2081 9 15 £
2461 2091 7 5 .
2490 2080 40 16 cas

2058 2121 47 21 que
2129 2112 67 22 Paoli
2221 2111 81 22 refuse
2317 2111 29 20 de
2370 2109 101 21 nourrir
2496 2110 35 19 ks

2057 2148 83 22 nôtres
2149 2153 5 19 ;
2166 2146 24 21 le
2203 2145 88 21 Comte
2304 2144 29 20 de
2354 2142 126 22 Marboeuf
2498 2141 33 21 lui

2058 2188 13 15 a
2083 2181 42 22 fait
2146 2179 81 22 savoir
2243 2179 37 20 les
2293 2177 136 21 intentions
2441 2176 31 20 du
2486 2175 20 21 N
2513 2175 20 20 i-

2058 2215 86 24 nistre,
2157 2214 19 20 il
2188 2219 12 14 a
2212 2211 108 27 répondu
2341 2216 48 21 que
2410 2215 27 15 ce
2450 2208 85 22 n’émit

2058 2253 45 22 pas
2114 2252 45 16 son
2171 2245 83 22 affaire
2263 2251 6 19 ;
2283 2244 88 27 depuis
2384 2244 48 20 lors
2451 2248 30 15 on
2503 2247 31 15 ne

2043 2270 6 41 J
2058 2282 54 21 leur
2128 2279 94 22 fournit
2241 2278 64 27 plus,
2318 2283 46 21 que
2386 2277 24 20 le
2430 2276 67 26 pain,
2511 2275 24 21 8c

2059 2320 62 16 nous
2127 2312 132 22 attendons
2267 2311 23 21 le
2300 2310 60 27 parti
2372 2315 49 21 que
2430 2309 105 27 prendra

2062 2347 34 21 M.
2110 2347 29 20 de
2148 2344 129 23 Marboeuf.
2289 2343 21 22 Il
2322 2349 64 16 nous
2397 2343 71 20 vient
2480 2345 57 18 tous

2062 2381 36 20 les
2107 2380 68 27 jours
2185 2379 30 20 de
2226 2383 131 16 nouveaux
2366 2376 173 28 approvision-

2033 2415 2 7 I
2046 2404 6 39 ]
2064 2418 110 19 nemens,
2194 2411 61 21 ainsi
2279 2411 53 20 rien
2355 2416 33 15 ne
2406 2415 132 21 manquera

2033 2434 20 45 II
2064 2447 59 20 dans
2135 2446 22 21 le
2170 2450 71 16 cours
2254 2445 30 20 de
2295 2445 22 20 la
2329 2449 144 22 campagne.

2033 2500 22 37 ,J
2247 2505 26 28 (à
2289 2506 100 25 suivre)

2067 2606 98 22 Aiacciu
2175 2617 28 4 —
2215 2604 134 28 Stamparia
2361 2604 26 20 di.
2400 2605 23 20 A
2435 2603 105 26 Muvra,

2070 2647 13 13 u
2093 2637 209 24 Direilore-Geren
2305 2640 22 19 le
2330 2644 7 14 :
2346 2636 71 22 Pclru
2430 2636 110 21 DCCC.

73 2781 106 22 Fuglitlinu
182 2780 21 17 dl
206 2780 22 17 A
230 2777 81 19 Muvra
314 2786 21 4 —
341 2775 77 19 n.440—
426 2775 20 17 di
452 2779 12 12 a
469 2773 62 19 3-2-29

97 2835 245 55 PASÔUALE
375 2831 145 51 PAOLI

278 2901 67 19 OSSIA

118 2941 38 35 La
173 2939 81 36 Kôtta
271 2937 30 35 di
316 2936 176 35 Ponkmovo

76 2992 278 27 RACONTOCORSO
360 2988 187 25 DELSECOLO

268 3025 85 22 XVIII

301 3070 25 17 DI

173 3107 33 24 F.
221 3107 36 24 D.
274 3104 175 26 Guerrazzi

253 3166 126 30 (.Seguito)

109 3242 96 26 Questo
213 3239 134 28 vogliamo,
354 3239 87 26 questo
449 3236 104 24 faremo,

81 3282 40 15 ma
132 3276 64 21 oltre
205 3274 87 27 questo
304 3272 131 21 ministero
454 3270 24 21 di
492 3269 61 25 vita,

82 3308 51 22 ecci
146 3307 66 22 forza
221 3310 95 17 armare
324 3305 24 20 le
357 3308 75 17 mano
443 3302 25 21 di
480 3301 76 28 spada

82 3346 44 22 per
132 3341 57 20 dare
197 3340 26 20 in
228 3340 62 20 testa
299 3342 14 16 a
319 3337 122 25 chiunque
447 3340 46 15 con
501 3334 56 20 vio-

82 3375 68 20 lenza
162 3378 15 16 o
193 3377 46 16 con
253 3370 70 21 frode
340 3369 20 21 si
370 3369 144 26 argomenta
524 3367 34 20 ri_

83 3407 121 21 condurre
216 3407 24 19 la
256 3405 103 20 Corsica
375 3404 26 21 in
413 3400 144 24 ischiavitù.

86 3439 72 22 Oltre
169 3438 123 22 discutere
298 3442 16 16 o
321 3439 86 19 votare
415 3437 25 20 le
448 3434 78 28 leggi,
536 3434 24 21 la

85 3472 112 22 consulta
205 3471 86 26 elegge
299 3470 9 20 i
316 3468 135 29 magistrati
460 3466 100 27 provin-

86 3505 56 21 ciali
165 3510 14 15 e
200 3504 8 20 i
232 3503 148 21 sindacatori
389 3509 6 19 ;
417 3500 61 28 però
495 3500 66 21 nella

86 3538 102 21 nomina
199 3536 41 21 dei
260 3535 73 27 primi
359 3535 112 27 pigliano
491 3534 71 26 parte

86 3571 158 21 unicamente
252 3569 7 20 i
272 3567 153 28 procuratori
431 3567 65 21 delle
505 3570 59 23 pro-

87 3603 94 25 vincie,
195 3602 65 21 nella
276 3601 102 20 nomina
400 3600 51 21 dei.
459 3598 102 21 secondi

87 3637 67 20 tutti.
167 3635 67 22 Sono
246 3634 8 21 i
266 3633 136 27 magistrati
414 3632 89 27 provin
507 3631 21 21 ci
532 3631 30 20 ali

89 3668 124 28 composti
233 3667 24 21 di
281 3672 33 15 un
337 3665 150 27 présidente,
514 3664 50 20 due

570 2773 168 25 consultatori,
753 2778 34 15 un
801 2772 121 20 auditore,
943 2776 33 15 un
988 2775 57 15 can-

571 2807 100 21 celliere
679 2812 6 20 ;
701 2806 20 21 si
735 2806 142 21 rinnovano
890 2803 58 28 ogni
962 2807 65 16 anno
1037 2809 6 18 ;

571 2841 25 21 lo
608 2839 125 27 stipendio
756 2843 90 20 scarso,
870 2842 60 16 sono
953 2835 91 21 nudriti

573 2873 40 21 dal
632 2872 117 27 pubblico
758 2877 6 19 ;
778 2873 36 19 sta
833 2870 49 26 agli
898 2869 82 21 ordini
999 2873 48 15 una

573 2905 199 28 guardia'pagata
782 2910 5 15 :
807 2902 81 28 questi
900 2907 62 16 sono
974 2900 71 25 dieci,

574 2941 89 25 quante
673 2939 23 20 le
708 2937 130 28 provincie
858 2936 64 21 nelle
942 2934 64 27 quali
1026 2933 22 21 si

575 2971 177 27 scompartisce
760 2970 80 21 l'isola
852 2975 6 15 :
876 2968 173 22 ôcismontane

576 3011 13 15 e
608 3011 15 20 4
645 3005 181 21 oltramontane
835 3008 6 19 ;
862 3000 133 29 giudicano
1025 3000 24 20 le

577 3043 72 16 cause
663 3036 67 22 civili
752 3036 25 21 di
799 3036 140 26 qualunque
958 3033 93 26 impor-

577 3073 66 19 tanza
658 3070 61 22 oltre
739 3070 24 20 le
783 3069 46 21 lire
840 3069 88 23 trenta,
945 3072 14 15 e
971 3065 81 22 crimi-

578 3104 48 21 nali
637 3110 5 18 ;
656 3104 24 20 le
691 3104 114 19 sentenze
818 3101 23 20 di
854 3102 77 20 morte
943 3104 13 15 e
968 3098 24 21 di
1005 3097 48 21 esi-

578 3138 34 20 lio
621 3142 50 16 non
677 3136 20 20 si
706 3135 164 26 eseguiscono
878 3138 28 16 se
912 3133 140 25 ilsupremo

579 3169 122 27 consiglio
712 3173 50 16 non
775 3168 22 20 le
809 3171 117 22 approva.
944 3165 11 20 I
976 3163 78 22 sindi-

580 3202 77 22 catoii
669 3202 90 20 dicono
772 3200 119 21 istituisse
909 3197 73 22 Carlo
1003 3196 52 21 Ma-

580 3241 49 22 gno
638 3242 6 18 ;
667 3236 66 20 certo
757 3233 14 21 è
794 3232 45 21 che
859 3232 23 21 la
903 3230 152 28 Repubblica

582 3268 131 21 Genovese
723 3266 20 21 li
755 3266 63 21 ebbe
826 3272 6 13 :
844 3264 83 22 ufficio
940 3264 54 20 loro
1004 3268 52 16 rac-

582 3301 108 27 cogliere
712 3300 24 20 le
752 3299 117 26 lagnanze
888 3297 41 21 dei
952 3296 102 26 popolo,

584 3333 119 26 inquisire
714 3332 7 19 i
734 3330 147 27 magistrati,
899 3333 49 16 non
959 3328 98 20 escluso

584 3366 85 25 ileapo
681 3368 116 22 supremo
806 3362 65 21 dello
883 3360 77 25 Stato,
972 3364 86 16 conos-

585 3404 54 16 cere
647 3399 25 20 le
682 3397 71 26 colpe
761 3401 14 15 e
787 3395 117 27 ripararle
920 3399 15 16 o
951 3392 105 28 punirle.

586 3430 112 28 Qualche
707 3429 67 21 volta
787 3429 32 21 mi
828 3428 109 21 elessero
948 3425 109 24 sindaco,

586 3471 50 16 non
651 3467 106 22 sempre,
767 3461 102 21 diverso
881 3460 25 21 in
915 3458 40 22 ciò
964 3459 30 20 da
1007 3458 53 20 An-

588 3499 56 20 drea
665 3494 77 23 Doria
760 3494 46 21 che
823 3494 19 20 si
864 3493 52 21 fece
932 3490 127 22 nominare

588 3532 40 20 dal
639 3529 126 22 sindacato
776 3533 13 15 a
801 3527 62 24 vita,
880 3525 63 21 onde
962 3523 36 21 fra
1016 3528 45 21 per

588 3564 86 27 questa
684 3559 108 23 autorità
812 3558 159 23 esorbitante,
985 3561 14 14 e
1016 3560 46 21 per

589 3598 150 19 conservare
749 3592 65 22 forze
823 3591 101 28 proprie
936 3588 82 27 capaci
1030 3587 31 21 da

590 3629 139 26 opprimere
745 3625 123 26 chiunque
880 3624 25 20 lo
917 3620 146 23 contrarias-

590 3668 35 19 se,
638 3661 45 21 che
691 3664 64 17 razza
778 3658 24 21 di
820 3655 89 23 Iibertà
920 3653 142 23 intendesse

1070 2768 48 27 egli
1129 2767 90 21 donare
1228 2765 47 21 alla
1283 2770 43 16 sua
1334 2763 80 27 patria
1422 2767 14 15 a
1445 2766 39 15 me
1492 2764 50 16 non

1070 2799 76 23 riuscì
1157 2798 82 22 maidi
1249 2796 182 28 comprendere.
1443 2793 101 21 Dimen-

1071 2834 80 24 tiçava
1171 2832 75 25 dirvi,
1268 2830 45 22 che
1335 2830 95 21 mentre
1449 2827 58 20 dura
1526 2825 18 20 il

1072 2866 182 24 dibattimento,
1268 2869 14 15 e
1294 2864 18 20 il
1323 2864 60 20 voto
1396 2860 62 21 delle
1468 2857 75 29 leggi,

1073 2900 19 21 il
1112 2899 117 27 generale
1247 2903 14 15 e
1280 2900 115 22 supremo
1424 2891 119 27 consiglio

1073 2933 82 21 lianno
1179 2931 31 21 da
1230 2930 81 21 uscire
1332 2928 64 22 dalla
1415 2926 49 21 sala
1481 2924 63 21 délia

1075 2964 121 23 consulta.

1103 2997 118 21 Arrivato
1233 3001 14 15 a
1259 2996 83 25 questa
1363 2993 68 27 parte
1443 2991 39 20 dei
1500 2995 44 15 suo

1075 3030 196 28 ragionamento,
1284 3027 93 22 chiesta
1388 3025 77 28 prima
1473 3024 73 21 licen-

1076 3070 34 17 za,
1123 3062 71 22 entré
1206 3067 48 16 una
1264 3061 101 27 guardia
1377 3058 40 22 dei
1426 3056 119 28 generale,

1078 3097 45 21 che
1135 3096 36 27 gli
1187 3093 118 28 présenté
1324 3094 87 20 lettere
1425 3090 104 27 sigillate
1539 3092 6 15 :

1078 3130 50 27 egli
1145 3130 69 20 stava
1223 3132 45 22 per
1279 3125 112 22 metterle
1409 3124 26 21 in
1453 3125 64 19 tasca
1534 3127 14 15 e

1078 3162 109 28 leggerle
1195 3167 15 14 a
1217 3159 123 28 béll’agio,
1353 3157 122 28 quandala
1481 3160 67 23 guar-

1080 3196 39 21 dia
1125 3195 34 28 gli
1167 3194 74 21 disse:
1249 3204 29 5 —
1286 3190 141 24 Avvertite!
1432 3201 28 4 —
1465 3189 84 21 Allora

1082 3229 18 21 il
1109 3227 115 29 generale
1231 3225 143 29 guardando
1386 3223 91 27 meglio
1489 3221 62 21 vide

1082 3261 87 22 scritto
1177 3261 64 20 nella
1248 3258 150 27 sopraccarta
1407 3262 6 15 :
1422 3266 28 6 •—
1458 3259 91 23 preme.

1082 3293 125 23 Scusatosi
1220 3298 47 15 con
1279 3292 24 21 la
1319 3289 152 28 compagnia,
1487 3289 65 20 lesse

1083 3332 49 15 una
1138 3327 76 23 volta,
1227 3330 14 15 e
1253 3325 56 24 due,
1323 3323 43 26 poi
1378 3321 114 27 ripiegàti
1510 3325 43 21 pa-

1084 3360 136 21 catamente
1240 3359 8 20 i
1272 3357 69 27 fogli,
1372 3360 70 16 senza
1460 3355 93 20 mutare

1085 3391 137 22 sembianza
1239 3390 150 27 soggiunse:
1399 3398 29 5 —
1433 3393 31 15 va
1472 3387 63 20 hene
1546 3391 6 19 ;

1085 3423 126 23 elicenzié
1221 3424 24 20 la
1256 3423 100 26 guardia
1365 3426 6 19 ;
1384 3420 67 26 dipoi
1462 3418 92 22 voltosi

1086 3458 22 20 al
1120 3457 109 21 Boswell
1240 3453 118 24 continué
1368 3459 5 14 :
1389 3451 44 22 Fin
1445 3452 40 27 qui
1504 3456 50 16 non

1087 3491 24 19 vi
1126 3489 32 22 ho
1172 3489 67 21 detto
1252 3489 18 20 il
1290 3486 90 29 peggio
1391 3491 6 20 ;
1416 3486 64 20 nella
1497 3484 58 21 coda

1086 3525 37 19 sta
1134 3522 122 24 ilveleno,
1270 3521 24 21 io
1306 3523 75 24 posso
1390 3518 24 21 di
1427 3518 50 21 mia
1487 3518 70 19 auto-

1087 3554 47 23 rità
1149 3555 38 21 far
1209 3556 120 19 arrestare
1350 3551 110 26 sospetti,
1483 3554 73 22 posso

1087 3587 78 22 anche
1173 3587 120 21 mandarli
1305 3592 14 14 a
1330 3585 106 21 morte...
1458 3588 49 16 non
1530 3581 26 21 vi

1088 3621 142 26 spaventate
1240 3625 6 19 ;
1259 3620 84 25 questa
1355 3616 14 21 è
1379 3615 131 22 tirannide,
1519 3619 40 16 ma

1089 3658 69 16 corne
1172 3652 23 21 vi
1205 3652 84 21 hanno
1297 3649 89 23 tiranni
1399 3648 45 22 che
1454 3652 105 17 curvano

1570 2758 8 21 i
1588 2757 85 28 popoli
1685 2756 65 21 nella
1761 2753 103 26 servitù,
1878 2752 51 22 cosi
1949 2753 21 20 la
1984 2752 61 20 dura

1569 2789 121 23 necessità
1710 2789 75 21 vuole
1797 2787 46 22 che
1855 2787 78 21 talora
1945 2785 98 21 abbiso-

1571 2824 77 28 gnino
1666 2822 92 22 tiranni
1771 2827 45 21 per
1827 2819 152 23 raddrizzarli
1998 2819 46 20 alla

1571 2856 98 23 Iibertà.
1690 2856 32 20 Ai
1737 2854 85 28 popoli
1843 2853 110 25 eprrotti,
1972 2857 15 16 o
2000 2852 44 21 im-

1571 2889 98 22 bestiati
1681 2889 64 20 dalla
1757 2886 170 28 oppressione,
1937 2890 44 22 per
1989 2890 56 21 pur-

1571 2923 66 28 garsi
1644 2922 24 21 fa
1677 2921 110 22 mestieri
1798 2926 13 15 a
1827 2919 75 22 modo
1913 2919 40 20 dei
1965 2917 80 22 Dante

1571 2957 26 21 di
1606 2960 97 23 passare
1714 2959 45 22 pex
1770 2954 24 20 lo
1807 2952 99 22 inferno
1915 2957 13 15 e
1940 2950 67 22 forse
2014 2950 30 21 ha

1571 2994 73 17 meno
1657 2986 101 29 pericoli
1771 2987 18 20 il
1797 2987 87 20 nostro
1898 2989 66 17 mare
1982 2984 64 20 nelle

1573 3022 92 21 bocche
1673 3021 24 21 di
1705 3019 47 22 San
1760 3018 134 26 Bonifazio,
1903 3017 45 22 che
1954 3017 18 21 il
1979 3016 67 21 dirit-

1574 3058 25 19 to
1608 3055 40 21 dei
1656 3052 117 27 suft’ragio
1790 3051 150 25 universale,
1954 3056 13 15 e
1987 3055 60 21 pure

1574 3088 27 22 in
1608 3088 87 27 questo
1703 3086 73 21 fuoco
1782 3082 264 29 bisognaritempi-arsi.

1574 3120 127 22 Sedauna
1719 3123 73 17 mano
1813 3118 25 20 io
1857 3122 82 22 pongo
1951 3121 34 16 un
2004 3121 44 21 pu-

1574 3154 73 27 gnale
1668 3154 50 19 atto
1741 3150 52 22 cosi
1805 3157 13 14 a
1834 3149 128 22 difendere
1978 3154 70 15 corne

1576 3187 31 21 ad
1618 3185 112 22 uccidere
1743 3185 23 20 la
1776 3182 98 26 Iibertà,
1886 3183 107 26 importa
2005 3180 44 22 che

1577 3220 26 21 10
1612 3221 74 24 tenga
1698 3218 92 20 armata
1805 3216 80 21 l’altra
1908 3220 74 16 mano
2006 3218 44 22 per

1577 3254 107 26 riparare
1708 3251 25 20 in
1757 3252 99 23 tempo;
1884 3247 117 22 lasciamo
2020 3246 29 21 da

1577 3287 68 26 parte
1654 3285 7 21 i
1673 3283 87 28 privati
1773 3281 113 22 cittadini
1894 3286 14 15 e
1916 3281 135 25 supponete

1579 3324 31 15 un
1623 3317 160 28 procuratore
1797 3313 136 24 comunale,
1945 3317 51 15 uno
2012 3311 40 20 dei

1580 3350 144 27 magistrato
1745 3347 164 28 provinciale,
1928 3344 45 22 che
1991 3343 61 28 più?

1580 3388 50 17 uno
1639 3383 40 21 dei
1690 3385 116 22 supremo
1819 3379 131 26 consiglio,
1962 3376 46 22 che
2028 3377 24 20 io

1581 3416 84 27 sappia
1678 3420 44 21 per
1733 3414 82 20 sicuro
1829 3411 157 22 macchinare
2006 3411 48 19 tra-

1582 3449 109 21 dimento
1700 3453 14 14 a
1728 3447 82 20 danno
1823 3444 62 21 délia
1906 3443 86 26 patria,
2015 3446 39 16 ma

1583 3482 17 21 11
1611 3484 84 23 tempo
1708 3478 98 22 manchi
1827 3477 23 21 al
1863 3476 120 27 giudizio,
2001 3473 52 21 anzi

1582 3515 78 20 riesca
1669 3511 155 28 impossibile
1831 3507 163 29 procacciarsi
2003 3511 53 22 pro-

1583 3553 31 14 ve
1626 3545 81 28 legali,
1721 3550 13 15 e
1744 3545 18 20 il
1775 3543 110 27 pericolo
1894 3542 21 20 si
1927 3546 66 16 vers:
2005 3539 52 21 nel-

1583 3580 25 20 lo
1620 3578 102 27 indugio
1730 3584 6 13 :
1748 3574 157 29 aggi'ungete,
1926 3573 45 21 che
1991 3572 66 21 nelle

1585 3617 71 16 cause
1668 3610 24 21 di
1706 3609 68 22 Stato
1789 3614 27 15 se
1825 3606 146 28 aspettiamo
1984 3604 45 21 che
2040 3604 18 20 il

1586 3643 134 23 delittosia
1731 3641 118 27 compito,
1863 3640 76 21 allora
1947 3639 22 21 la
1980 3637 77 27 patria

2070 2750 13 21 è
2091 2749 117 25 venduta,
2221 2749 22 20 'a
2255 2748 89 21 liberté
2356 2749 95 20 srsiTm
2466 2748 13 4 "
2494 2754 6 13 ;
2511 2747 34 21 in-

2070 2783 55 21 dicé
2135 2782 130 22 inéatehe.
2406 2782 9 19 ?
2429 2786 22 15 m
2469 2786 26 14 m
2532 2785 23 15 m

2071 2816 48 27 pué
2129 2817 24 19 in
2174 2815 35 21 un’
2225 2818 54 18 moi'
2327 2820 20 15 :c
2368 2821 16 12 v

2071 2850 84 26 patria,
2166 2855 11 14 c:
2188 2854 22 14 m
2216 2854 12 15 e
2239 2853 77 15 --mm;:

2071 2882 65 21 delta
2151 2888 36 14 co.

2071 2915 95 27 fcigüie
2176 2921 7 14 <
2240 2925 5 9 :
2249 2921 15 14 G
2275 2922 6 17 ;
2295 2926 5 5 •
2310 2927 5 6 '
2337 2928 6 6 .
2346 2927 4 4 •
2370 2928 4 4 •

2072 2948 47 21 mia
2136 2948 43 20 des
2182 2950 35 18 lia
2230 2952 77 21 qres-.
2374 2952 13 14 r:

2073 2986 96 21 sempre
2180 2980 28 21 ad
2226 2985 73 15 avvc:

2073 3019 66 16 core.
2148 3013 59 22 Pote
2212 3019 27 14 va
2246 3018 37 15 CO:
2298 3018 14 14 :.
2498 3011 47 23 irit.

2073 3049 25 19 to
2110 3047 23 21 al
2141 3046 122 28 consiglio
2272 3047 61 19 iuici
2338 3053 14 13 u
2360 3051 6 19 ;
2379 3050 60 15 mao
2464 3044 84 21 .o^chè

2074 3080 101 21 sarebbe
2187 3079 122 21 sembrato
2329 3078 106 21 sanzion:
2447 3078 35 20 rlo
2502 3082 45 16 con

2074 3114 80 26 legge,
2167 3117 101 17 enorme
2280 3117 65 15 cosa.
2359 3118 6 13 J
2380 3110 104 26 consigli
2494 3116 53 20 pro-

2075 3146 94 21 cedono
2182 3150 97 22 sempre
2295 3145 68 23 lenti,
2378 3143 23 21 di
2416 3144 49 20 rad>
2496 3148 53 16 con-

2075 3179 78 25 cordi,
2166 3179 96 20 almeno
2275 3183 11 15 s
2289 3178 48 20 elle
2349 3177 87 26 prime,
2456 3186 10 10 c
2483 3177 3 8 :
2501 3175 47 21 casi

2076 3212 119 27 piuttosto
2207 3210 181 23 s’i’ndovinanc.,
2408 3209 39 21 ch.
2515 3209 35 20 di-

2076 3244 130 25 mostrino,
2235 3244 29 20 nè
2287 3242 49 27 pué
2356 3242 107 21 définir;:
2487 3242 64 20 nelle

2077 3277 131 26 molt-iplici
2218 3276 83 27 specie
2308 3276 22 20 la
2340 3277 83 25 legge,
2433 3278 85 18 mostn

2078 3310 53 21 dosi
2145 3309 205 22 ordiniaramente
2360 3308 24 20 la
2398 3308 95 20 malizia
2510 3306 43 27 più

2078 3342 103 22 féconda
2192 3342 23 20 al
2224 3346 97 20 nocere,
2335 3340 45 21 che
2400 3341 22 19 la
2443 3340 109 26 sapienza

2079 3382 13 14 a
2099 3376 117 25 riparare.

2233 3469 137 22 Cuntinua
2377 3469 5 20 \
