2556 3930
90 172 62 56 Al
182 171 157 66 luogo
367 164 184 57 natale

430 247 53 55 di
517 242 264 71 Pasquale
809 240 81 56 de’
909 239 146 56 Paoli

120 398 40 21 Era
169 396 38 28 già
220 394 60 23 tardi
291 389 177 31 quandogiunsi
478 394 13 15 a
501 388 58 21 Ros-

90 432 52 20 tino
152 435 14 16 o
178 426 155 27 Mòrosaglia,
349 424 51 21 Con
418 423 85 26 queste
519 420 41 21 de-

90 460 159 25 nominazioni
271 459 19 21 si
312 457 128 26 designano
470 452 89 22 diversi

91 495 69 22 casali
172 491 150 24 disseminati
338 488 122 26 sull’aspra
468 487 92 20 monta-

90 535 59 21 gna.-
155 524 46 24 Nei
211 524 114 23 labirinto
342 521 38 22 dei
399 519 100 22 sentieri
517 517 43 22 che

91 562 21 20 si
126 560 107 27 perdono
252 557 36 21 fra
301 556 8 21 i
321 554 89 24 boschi,
424 558 47 16 con
487 551 74 21 molta

91 591 112 24 difficulté
213 589 81 23 trovai
306 589 23 20 la
339 588 39 20 via
385 586 44 21 che
442 579 131 27 conduce-1

91 633 33 15 va
142 626 22 21 al
177 624 123 22 convento
321 621 24 21 di
362 619 149 27 Morasiglia.
524 616 49 28 In-j

91 660 68 22 nanzi
178 659 23 21 al
221 656 121 23 convento
357 653 64 28 (cosa
439 651 122 22 rarissima

92 694 40 21 nei
140 691 99 27 villaggi
252 689 39 21 del
298 685 78 30 paese)
391 685 80 22 trovai
483 690 33 14 un
530 683 32 21 al-

92 727 73 26 bergo
184 725 65 20 dove
263 720 101 23 conobbi
375 725 32 14 un
419 718 77 20 bravo
512 716 49 27 gio-

91 759 99 21 vanotto
208 756 45 21 che
269 760 39 16 me
320 753 62 21 disse
398 751 24 21 di
443 755 82 16 essere
544 748 18 21 il

92 793 113 20 direttore
223 789 63 21 délia
301 786 79 22 scuola
396 783 67 22 Paoli
481 788 13 15 e
506 781 56 22 s’of-

93 825 62 21 ferse
166 824 24 21 di
198 822 71 22 farmi
286 821 30 20 da
327 817 78 29 guida.

121 857 21 22 Il
149 857 101 22 mattino
261 854 112 27 seguente
387 851 33 22 mi
432 849 66 22 recai
517 848 46 21 alla

93 891 92 25 Stretta,
202 891 76 25 luogo
287 887 76 21 natale
379 885 38 20 dei
431 885 39 19 tre
486 881 75 22 Paoli.

94 923 127 23 Visitando
241 923 25 20 la
277 926 58 16 casa
346 917 81 25 Paoli,
440 916 43 21 noi
500 920 64 16 com-

93 957 140 28 prendiamo
268 953 88 28 meglio
376 952 22 20 là
420 949 76 22 storia
524 947 38 21 dei

95 989 76 25 Côrsi,
189 995 14 15 e
224 987 117 22 sentiamo
356 989 42 23 per
417 981 146 29 quell’uomo

93 1024 91 21 illustre
195 1018 208 24 un’ammirazione
412 1015 77 22 anche
499 1019 64 22 mag-

93 1057 74 27 giore.
190 1055 32 21 La
237 1059 55 16 casa
311 1051 65 22 Paoli
392 1050 13 21 è
417 1055 48 15 una
480 1053 59 15 vera
550 1052 14 15 e

93 1095 89 22 povera
194 1087 132 22 abitazione
337 1085 29 20 da
375 1081 133 25 contadini,
521 1079 43 22 che

94 1128 70 21 sorge
172 1125 86 24 presso
270 1119 32 22 ad
319 1120 46 20 unâ
375 1117 76 21 fresca
466 1119 99 22 sorgen-

94 1158 32 19 te.
147 1155 28 21 La
192 1159 54 16 casa
260 1151 112 23 costruita
386 1150 25 20 in
423 1149 78 26 pietre
518 1147 45 21 mal

94 1193 124 19 connesse,
236 1186 117 21 diroccata
365 1188 67 16 corne
445 1187 48 15 una
512 1185 52 15 vec-

95 1222 128 23 chiatorre,
235 1220 29 21 ha
274 1217 89 29 piccôle
372 1216 98 21 fmestre
482 1218 83 23 sprov-

94 1256 62 21 viste
175 1254 23 21 di
224 1252 62 22 vetri
310 1250 87 22 munite
417 1249 23 20 di
454 1246 108 28 semplici

95 1289 102 26 imposte
206 1286 25 21 di
245 1286 80 26 legno.
346 1282 102 27 Quando
463 1281 100 26 Pasqua-

94 1325 23 21 le
131 1322 62 22 Paoli
202 1321 129 22 acclamato
336 1317 109 29 generale
456 1316 39 21 dei
505 1314 59 22 Côr-

95 1358 20 20 si
133 1362 38 15 era
182 1357 80 19 atteso
282 1353 29 21 da
326 1351 92 28 Napoli,
439 1351 16 20 il
472 1349 91 21 fratcllo

95 1389 123 22 Clemente
231 1387 20 22 si
269 1385 99 28 préparé
387 1390 11 15 a
419 1383 119 22 riceverlo
550 1387 13 15 e

96 1423 49 22 fcce
157 1424 100 19 mettere
270 1420 7 21 i
289 1419 60 21 vetri
362 1418 44 21 aile
415 1416 99 22 fmestre
522 1420 42 22 per

95 1455 117 28 rendergli
222 1454 43 27 più
274 1452 98 22 comoda
382 1452 20 20 la
410 1451 95 20 dimora
514 1448 49 22 nel-

94 1491 24 20 la
126 1495 51 16 casa
186 1490 107 26 paterna.
304 1485 39 22 Ma
356 1484 123 27 Pasquale,
488 1483 75 20 entra-

94 1525 27 20 to
134 1523 62 21 nella
213 1527 44 15 sua
269 1524 99 20 caméra,
380 1516 103 23 rimarcô
502 1515 62 22 subi-

94 1559 27 20 to
140 1556 54 27 quel
206 1554 172 22 cambiamento
394 1557 14 15 e
423 1549 84 29 spezzô
527 1549 38 21 col

94 1591 100 21 bastone
209 1588 57 22 tutti
281 1588 8 20 i
308 1586 60 23 vetri
383 1584 104 22 Aicendo
504 1582 60 22 ch’e-

95 1624 35 27 gli
140 1625 99 20 tornava
250 1621 63 21 nella
325 1625 51 15 casa
387 1619 23 20 di
431 1623 46 16 suo
492 1616 72 28 padre

96 1663 49 16 non
165 1661 70 16 corne
245 1661 33 14 un
288 1659 58 22 gran
358 1652 105 27 signore,
473 1656 40 15 ma
527 1655 38 16 co-

95 1697 40 15 rne
140 1694 92 23 povero
247 1687 66 28 figlio
324 1686 38 21 del
372 1691 79 22 paese.

124 1723 40 22 Un
172 1723 105 27 giovane
290 1727 14 14 e
315 1717 249 24 modesto’contadino

96 1757 60 22 délia
167 1755 108 28 famiglia
286 1752 127 25 Tommasi,
426 1752 101 27 parente
541 1750 23 21 di

97 1790 72 26 Paoli,
174 1789 35 21 mi
221 1789 54 21 fece
294 1788 91 20 exitrare
402 1786 65 21 nella
479 1784 86 22 stôrica

96 1829 60 16 casa.
164 1822 74 22 Tutto
247 1826 116 17 conserva
371 1825 45 16 una
424 1818 90 22 rustica
523 1817 41 22 im-

96 1858 95 27 pron'ta;
213 1861 49 15 una
274 1854 80 27 rapida
374 1853 63 21 scala
453 1852 26 21 di
493 1852 72 27 legno

96 1890 104 22 conduce
207 1889 32 21 ad
245 1894 34 15 un
287 1885 107 24 mòdestò
400 1886 166 27 appartamen-

94 1926 38 20 to:
144 1924 20 21 si
175 1923 99 21 vedono
292 1926 84 16 ancora
386 1920 22 21 la
425 1921 25 20 ta
450 1919 58 21 vola
519 1924 13 15 e
543 1919 23 20 le

96 1957 106 28 seggiole
211 1956 25 21 di
253 1956 72 27 legno
337 1953 43 22 che
391 1955 175 26 apparterinero

97 1997 15 15 a
122 1990 65 21 Paoli
195 1996 6 15 :
225 1989 25 21 io
262 1989 34 21 mi
305 1987 103 22 '"sentivo
421 1986 72 22 felice
504 1985 63 21 nella

96 2024 92 27 piccola
192 2028 96 16 caméra
296 2021 24 21 di
332 2020 121 27 Pasquale,
462 2019 44 27 più
514 2018 53 21 feli-

98 2064 27 15 ce
139 2057 43 21 che
198 2057 25 20 in
236 2055 79 28 quella
322 2059 50 27 pve
380 2059 92 21 nacque
489 2051 77 28 Napo-

96 2092 77 21 leone.

128 2123 32 22 Mi
182 2123 110 28 figuravo
310 2121 77 27 quella
397 2121 92 27 grande
501 2125 14 15 e
527 2125 40 15 no-

97 2158 48 21 bile
154 2157 76 28 figura
239 2161 83 22 presso
335 2155 22 21 le
364 2154 106 21 maschie
480 2153 88 22 fisono-

98 2191 48 22 mie
157 2191 23 21 di
193 2195 45 16 suo
254 2189 72 28 padre
342 2195 13 14 e
374 2189 23 20 di
409 2193 45 16 suo
465 2187 101 22 fratello.

98 2224 35 21 Fu
151 2224 39 27 qui
211 2223 46 22 che
268 2223 40 20 nei
329 2227 64 16 mese
413 2220 100 28 d’aprile
530 2220 38 21 del

101 2263 51 23 1725
167 2258 18 20 il
196 2256 92 29 grande
303 2255 111 27 Pasquale
429 2254 59 22 vide
496 2254 23 21 la
534 2254 34 20 lu-

99 2298 36 15 ce.
150 2290 46 22 Sua
218 2288 203 27 madré,Dionisia
433 2287 133 25 Valentini,

99 2325 61 21 bella
171 2330 14 15 e
199 2324 63 24 forte
279 2323 73 27 figura
372 2323 23 20 di
418 2322 90 24 donna,
529 2327 40 14 era

99 2360 53 19 nata
171 2363 85 22 presso
273 2357 55 26 quel
349 2355 160 22 Pontenuovo
526 2354 43 21 che

100 2392 93 21 doveva
204 2396 82 15 essere
298 2388 49 22 cosi
358 2388 94 22 funesto
462 2390 22 19 al
493 2387 74 28 figlio.

101 2425 21 21 Il
129 2424 71 27 padre
213 2423 119 22 Giacento
345 2422 129 22 l’ab.biamo
486 2421 40 28 già
533 2427 36 15 co-

90 2477 4 3 .
100 2458 108 22 nosciuto
216 2465 7 12 :
236 2457 130 26 es.ercitava
383 2456 22 21 la
416 2455 153 28 professione

101 2492 24 21 di
136 2491 95 21 medico
241 2489 94 28 quando
353 2495 45 16 con
420 2488 113 23 Ceccaldi
556 2494 14 15 e

587 385 113 22 Giafferri
718 385 25 20 fu
757 383 122 22 nominato
894 381 109 28 generale
1018 379 39 21 dei

587 418 78 22 Côrsi.
678 418 47 20 Per
741 418 22 20 le
777 416 85 28 grandi
875 414 64 22 virtù
950 413 44 22 che
1009 412 48 27 egli

586 453 77 19 stesso
675 450 135 27 possedeva
827 454 41 15 era
879 448 48 21 ben
939 446 78 27 degno
1033 445 24 21 di

586 484 56 21 dare
653 490 33 14 un
695 484 34 21 tal
736 482 67 28 figlio
817 482 46 20 alla
874 480 83 27 patria.
971 479 87 21 Orato-

586 521 26 18 re
624 517 101 21 distinto
741 515 48 28 egli
809 520 42 15 era
862 512 76 22 anche
949 513 58 20 noto
1019 517 40 15 co-

586 557 40 15 rne
634 551 80 26 poeta.
732 548 43 21 Fra
789 548 18 21 il
822 552 97 16 rumore
928 545 62 22 delle
998 544 59 21 armi

587 584 56 27 quel
655 582 73 28 genio
737 582 115 27 vigoroso
860 582 101 19 trovava
972 583 87 16 ancora

586 617 72 27 l’agio
669 622 13 15 e
698 617 23 20 la
740 615 61 22 forza
813 614 24 21 di
850 615 103 20 staccare
964 611 96 22 l’anima

587 651 62 20 dalle
661 647 197 30 preoccupazioni
866 646 70 22 d’una
943 645 57 21 dura
1009 650 50 15 rea-

587 685 33 19 Ita
634 688 45 21 per
693 680 174 23 abbandonârsi
879 677 181 28 all’ispirazione

587 716 25 21 di
624 721 48 15 una
681 714 84 27 poesia
773 714 47 20 alta
832 719 14 14 e
857 712 58 21 fiera
927 711 44 21 che
985 710 76 21 ricor-

588 749 29 20 da
628 749 9 20 i
649 748 66 21 versi
737 747 24 21 di
773 746 91 21 Tirteo.
889 744 60 21 Ecco
969 749 33 15 un
1022 747 39 16 so-

588 783 65 20 netto
662 781 46 21 che
718 780 112 21 Giacinto
838 778 68 22 Paoli
919 777 142 22 indirizzava

588 816 22 20 al
627 815 77 21 bravo
716 812 110 23 Giafferri
839 811 61 22 sulla
911 809 113 28 battaglia
1035 808 25 21 di

589 849 78 27 Borgo
673 855 6 14 :

712 902 15 18 A
740 901 35 18 don
783 900 56 23 lüigi
848 899 91 24 Giafferri

627 951 4 5 ■■
657 943 16 17 A
685 945 77 14 coronar
769 940 56 18 l’eroe
834 939 22 18 di
864 938 55 19 Cirno
927 937 67 19 invitto

628 971 59 17 Morte
693 969 93 21 discenda,
796 973 11 12 e
812 972 21 13 se
838 966 98 24 gl’inchini
941 965 15 18 il
963 965 45 17 Fato
1014 969 6 17 ;

667 997 16 18 E
688 997 9 18 i
703 996 67 23 sospiri
777 996 30 17 del
815 995 71 22 Ligure
890 993 88 19 sconfitto

634 1026 58 18 Diano
699 1025 37 18 alla
743 1024 71 17 tromba
822 1023 50 18 délia
879 1023 56 17 Famé
941 1021 15 17 il
964 1020 52 18 îiato.

642 1054 54 17 Fatto
704 1056 70 18 appena
784 1051 20 18 di
812 1051 46 18 Golo
868 1050 16 18 il
892 1049 30 18 bel
929 1048 82 23 tragitto,

651 1081 34 18 Del
691 1080 71 18 nemico
769 1079 83 22 espugnô
857 1078 49 17 forte
910 1077 78 18 steceato
993 1081 6 16 ;

626 1109 77 23 Sprezzò
711 1108 7 18 i
726 1107 72 23 perigli,
808 1111 11 13 e
825 1107 18 17 al
850 1105 87 23 disugual
944 1104 85 18 conflitto

631 1137 57 18 Virtù
694 1136 85 22 prevalse
786 1134 48 19 ov’ei
840 1137 98 19 comparve
942 1132 77 18 armato.

620 1165 56 18 Cirno
685 1165 20 17 lo
713 1163 64 21 scelse,
784 1167 12 13 e
800 1163 14 17 il
823 1167 35 12 suo
864 1161 62 18 destin
931 1160 27 23 gli
963 1159 68 22 arrise;

621 1193 15 18 E
644 1193 15 17 il
664 1197 46 18 gran
719 1191 60 22 litigio
787 1193 12 15 a:
809 1190 32 18 cui
849 1189 85 22 l’Europa
943 1188 11 18 è
961 1188 71 17 attenta

624 1221 25 18 Al
658 1225 35 13 suo
701 1219 69 22 valore,
778 1219 18 17 al
808 1217 71 18 brando
890 1221 34 14 suo
935 1215 94 18 commise.

619 1249 16 17 Il
640 1248 71 18 brando
723 1247 86 18 ch’anche
817 1242 16 21 ii
842 1245 37 18 fier
886 1244 61 19 destin
954 1244 80 22 paventa

657 1276 109 22 All’ingrata
771 1274 75 23 Liguria
854 1273 15 18 il
879 1273 39 18 crin
927 1272 58 18 recise
991 1276 5 17 ;
1006 1280 4 4 ■

616 1304 20 19 E’
644 1305 10 17 I
660 1305 70 17 scettro
737 1308 12 13 a
757 1303 54 18 Cirno
821 1302 19 17 la
845 1306 35 13 sua
891 1304 44 14 man
942 1300 92 22 présenta.

617 1356 67 21 Tutti
699 1354 77 28 questi
788 1353 94 22 uomini
895 1357 58 16 sono
974 1350 52 22 eroi
1037 1350 25 21 di

591 1390 118 24 Plutarco,
720 1387 73 22 simili
806 1387 30 20 ad
848 1384 148 25 Aristide,ad
1001 1384 63 27 Epa-

589 1422 115 22 minonda
715 1427 14 14 e
740 1427 14 14 a
766 1420 150 21 Timoleone.
928 1417 49 22 Essi
989 1422 74 16 erano

590 1455 113 22 cresciuti
713 1453 138 22 nell’aziohe
860 1458 14 15 e
881 1457 51 16 non
941 1451 63 21 nelle
1013 1452 50 19 teo-

589 1490 48 24 rie;
657 1488 64 22 l’alta
729 1486 90 23 nobiltà
828 1486 40 21 dei
884 1486 53 21 loro
949 1483 114 28 principii

590 1528 77 16 aveva
685 1527 45 22 per
738 1520 155 22 fondamento
909 1517 154 28 l’esperienza

590 1556 39 21 dei
641 1555 61 22 fatti.

620 1589 40 22 Ho
668 1587 142 24 sott’occhio
822 1593 33 15 un
862 1587 92 21 ritratto
970 1585 24 21 di
1004 1584 60 22 Pao-

590 1621 17 24 1Ì
616 1629 5 20 ;
634 1628 51 16 non
694 1624 88 25 potevo
790 1619 232 29 rappresentarmelo
1031 1618 34 21 al-

591 1656 118 22 trimenti.
725 1655 30 22 La
761 1656 62 20 testa
830 1654 14 21 è
856 1653 62 22 forte
929 1658 14 16 e
953 1652 70 25 bella,
1041 1652 23 20 la

590 1690 80 22 fronte
682 1690 56 26 alta,
747 1689 22 21 la
786 1687 156 28 capigliatura
956 1685 107 28 copiosa.

592 1724 31 21 Le
631 1722 159 29 sopracciglia
801 1721 71 25 faite,-
881 1726 33 15 un
931 1718 39 29 po’
979 1719 85 21 caden-

591 1758 19 21 ti
625 1757 63 28 sugli
701 1755 77 26 occhi,
799 1755 129 21 sembrano
946 1754 88 26 pronte
1051 1758 14 15 a

591 1790 154 28 raccogliersi
760 1789 26 21 in
799 1794 49 16 una
868 1787 152 28 espressione
1039 1786 23 21 di

592 1825 96 25 collera,
709 1824 92 20 mentre
819 1822 9 22 i
845 1821 86 28 grandi
947 1819 68 22 occhi
1029 1825 36 15 az-

591 1858 70 26 zurri,
671 1855 164 23 rischiarandó
846 1856 18 21 il
879 1855 56 21 viso
946 1853 117 26 imberbe,

591 1892 34 27 gli
639 1890 80 22 dànno
741 1896 45 15 una
804 1889 152 28 espressione
976 1887 24 21 di
1013 1887 48 21 dol-

592 1931 66 16 cezza
669 1930 14 15 e
693 1924 24 21 di
728 1922 96 23 nobiltà.

621 1958 31 22 La
660 1959 63 20 testa
735 1957 24 21 di
769 1956 66 23 Paoli
847 1956 32 22 ha
896 1961 47 15 una
961 1954 104 27 spiccata

593 1991 155 28 somiglianza
758 1996 46 15 con
816 1990 81 27 quella
915 1989 54 21 delf
971 1987 93 25 Alfieri,

593 2025 107 21 sebbene
714 2024 77 27 questi
810 2023 74 26 fosse,
895 2027 67 16 corne
974 2021 90 27 Byron,

593 2065 33 14 un
635 2057 163 22 aristocratico
807 2055 175 29 orgogliosoed
988 2054 77 27 egois-

592 2094 25 19 ta
628 2092 45 21 che
686 2090 120 22 dev’esser
820 2090 118 21 collocato
958 2089 74 20 mblto
1043 2087 22 21 al

593 2126 91 21 disotto
694 2125 39 21 del
740 2129 44 16 suo
793 2125 203 25 contemporaneo
1005 2121 61 22 Pao-

593 2159 25 26 li,
632 2159 39 21 del
682 2158 90 28 grande
785 2157 117 22 cittadino
921 2156 24 21 la
956 2156 38 21 cui
1015 2155 52 21 ani-

593 2199 40 15 ma
650 2197 86 17 serena
749 2191 127 22 riboccava
900 2189 103 22 d’amore
1023 2194 44 21 per

593 2225 132 22 l’umanità.
773 2224 111 22 L’Alfieri
933 2222 134 28 possedeva

594 2259 189 22 un’ammirabile
794 2258 106 27 energia,
910 2257 19 21 il
939 2262 44 15 suo
994 2261 73 16 cuore

593 2293 90 22 ardeva
706 2292 79 22 d’odio
809 2292 81 21 feroce
919 2292 84 19 contro
1033 2289 34 28 gli

595 2327 140 27 oppressori
747 2326 30 21 ed
788 2332 39 15 era
839 2324 92 29 quindi,
947 2324 61 21 assai
1026 2323 42 27 più

595 2361 25 21 di
632 2360 115 21 Federico
759 2360 18 21 il
786 2359 107 25 Grande,
906 2359 27 20 in
949 2357 119 22 condizio-

595 2395 26 20 ni
640 2394 25 21 di
680 2393 173 27 comprendere
868 2393 19 20 il
907 2393 114 20 carattere
1043 2390 24 21 di

596 2427 76 22 Paoli.

624 2460 127 22 Frederico
761 2459 68 23 inviô
842 2465 33 16 un
888 2459 85 27 giorno
985 2464 13 15 a
1008 2457 60 22 Pao-

595 2495 26 26 li,
643 2495 26 21 in
690 2495 84 26 questa
784 2495 76 20 stéssa
880 2498 54 15 casa
951 2491 63 22 dove
1034 2491 33 22 mi

433 3664 159 29 Pasquale
611 3664 52 26 de*
676 3664 87 25 Paoli

417 3702 41 28 {Si
459 3704 58 25 amp
518 3708 16 14 a
541 3702 128 27 populai'e
681 3702 107 28 ialiana)

1083 160 80 22 trovo,
1171 163 48 14 una
1228 156 76 28 spada
1315 154 95 21 d’onore
1420 151 60 21 sulla
1489 149 69 27 quale

1084 195 72 16 erano
1177 190 84 24 incise,
1290 188 80 27 queste
1392 185 46 20 due
1461 182 84 27 parole
1551 187 6 15 :

1083 222 100 22 Libei'tà
1195 229 13 13 e
1219 222 102 22 Patria.

1113 255 65 21 Paoli
1186 261 79 15 aveva
1277 254 96 22 l’amore
1390 250 39 21 dei
1445 248 55 22 libri
1513 253 13 14 e
1536 247 22 20 la

1084 294 42 15 sua
1151 288 133 21 biblioteca
1311 291 39 16 era
1372 280 184 24 accuratissima.

1084 321 44 21 Era
1137 321 87 21 inoltre
1237 322 85 21 dotato
1331 318 23 21 di
1364 314 139 24 felicissima
1509 318 49 16 me-

1083 354 77 21 moria
1167 360 6 18 ;
1186 360 32 14 un
1233 353 103 22 vecchio
1349 350 31 21 mi
1393 346 114 24 raccontò
1514 345 44 21 che

1083 388 64 20 nella
1156 393 41 14 sua
1216 386 104 22 infanzia
1332 387 100 24 passava
1444 386 32 15 un
1493 379 66 28 gior-

1084 426 32 15 no
1131 426 44 21 per
1193 421 23 20 la
1228 421 43 20 via
1289 424 45 16 con
1349 422 31 15 un
1398 420 44 16 suo
1462 417 97 22 compa-

1084 459 49 23 gno
1144 453 24 20 di
1191 454 84 20 scuola
1286 449 124 29 ripetendo
1434 453 32 15 un
1486 450 72 23 passo

1085 487 24 20 di
1120 485 104 28 Virgilio
1234 492 6 19 ;
1265 484 66 23 Paoli
1344 481 77 23 ch’era
1442 486 44 21 per
1495 484 64 16 com-

1084 519 124 21 binazione
1214 519 82 21 dietro
1305 517 23 21 di
1339 516 61 23 loro,
1413 514 25 21 lo
1449 511 71 23 toccô
1531 516 29 15 su

1085 552 25 21 di
1122 558 47 15 una
1183 552 76 27 spalla
1278 558 14 14 e
1308 546 113 25 cuntinuô
1441 547 22 20 la
1475 544 85 23 recita-

1084 586 69 21 zione
1165 585 23 20 di
1200 591 34 14 un
1246 586 75 25 lungo
1330 583 82 20 brano.

1123 618 39 22 Un
1172 624 59 21 gran
1255 621 100 18 numéro
1378 617 25 18 di
1424 617 135 24 particuian

1086 653 61 20 délia
1158 653 51 20 vita
1226 651 25 21 di
1271 649 66 22 Paoli
1357 651 103 18 corrono
1472 649 88 17 ancora

1086 686 60 20 sulle
1157 685 82 21 labbra
1249 684 42 20 del
1302 680 96 29 popolo.
1409 679 99 21 Vivono
1514 678 45 19 tut-

1085 720 53 20 tora
1151 718 38 21 dei
1200 715 88 23 vecchi
1300 714 44 22 che
1365 711 128 23 ricordano
1513 709 16 20 d
1537 715 22 14 a-

1087 752 68 21 verlo
1177 750 93 22 veduto
1291 746 152 29 passeggiare
1462 744 65 21 sotto
1550 741 9 21 i

1087 785 104 27 castagni
1198 782 94 22 vestito
1304 779 118 23 coll'abito
1443 776 74 22 verde
1529 775 31 22 ri-

1087 820 92 19 camato
1187 816 78 25 d’oro,
1276 814 74 22 colori
1368 811 117 23 nazionali
1498 809 62 22 délia

1088 851 105 24 Corsica,
1207 856 14 15 e
1233 849 42 21 del
1282 853 43 16 suo
1336 847 59 27 gilet
1414 845 25 22 di
1451 845 52 20 seta
1519 848 42 16 ne-

1087 887 37 20 ra."
1139 885 103 26 Appena
1255 881 50 28 egli
1316 880 83 21 usciva
1411 879 25 21 di
1452 883 54 16 casa
1521 881 40 17 era

1088 917 137 22 circondato
1234 915 32 21 da
1278 920 47 15 una
1336 911 107 30 quantité
1463 911 24 21 di
1503 915 59 16 con-

1087 951 75 22 tadini
1175 950 43 21 che
1230 950 25 20 lo
1264 949 133 20 trattavano
1409 951 46 16 con
1465 945 24 21 la
1499 949 63 16 mas-

1088 985 60 21 sima
1164 980 163 30 famigliarità:
1344 980 43 22 Era
1399 978 96 22 affabile
1515 983 46 16 con

1087 1019 56 20 tutti
1152 1024 7 19 ;
1168 1016 128 23 ricordava
1307 1019 82 23 spesso
1399 1013 89 28 quanto
1497 1010 64 23 dovè

1088 1052 199 27 rimproverare.a
1295 1048 27 21 sè
1329 1049 77 20 stesso
1415 1045 147 26 d’esser,una

1088 1086 75 24 volta,
1186 1084 102 21 rimasto
1311 1087 43 22 per
1379 1080 83 22 un’ora
1485 1079 77 22 intera

1089 1118 84 22 chiuso
1188 1117 65 21 nella
1278 1115 93 28 propria
1395 1119 101 16 caméra.
1518 1112 44 22 Era

1088 1151 90 28 l’epoca
1193 1151 27 21 in
1235 1149 41 22 cui
1289 1149 21 21 si
1330 1148 151 22 combatteva
1491 1145 71 22 l’ulti-

1088 1191 40 16 ma
1136 1190 84 23 guerra
1232 1189 46 22 per
1288 1183 23 21 la
1321 1181 85 22 liberté
1416 1188 6 15 :
1431 1179 131 23 trovando-

1089 1219 21 21 si
1130 1225 13 14 a
1163 1215 123 24 Sollacarò
1306 1215 99 22 affranto
1416 1214 62 22 dalla
1495 1214 67 20 stan-

1089 1252 88 25 chezza,
1188 1256 80 16 aveva
1279 1250 56 21 dato
1347 1249 84 22 ordine
1443 1248 45 21 alla
1493 1251 69 23 guar-

1089 1287 40 21 dia
1139 1291 49 16 non
1198 1284 191 27 lasciar.passare
1400 1280 162 23 nessuno.Po-

1089 1325 29 16 co
1130 1319 62 28 dopo
1204 1319 89 27 giunse
1299 1317 45 22 alla
1349 1317 69 27 porta
1425 1321 48 16 una
1482 1314 81 21 donna

1088 1353 89 22 vestita
1187 1359 14 14 a
1212 1353 72 24 lùtto,
1292 1350 91 28 seguita
1391 1349 30 22 da
1437 1355 32 15 un
1479 1348 81 28 giova-

1088 1393 33 15 ne
1129 1387 98 24 armato,
1236 1386 25 21 la
1276 1384 68 28 quale
1361 1382 81 22 chiese
1454 1382 24 21 di
1486 1382 77 26 parla-

1088 1426 28 16 re
1138 1420 22 21 al
1171 1419 122 27 generale,
1303 1423 38 16 ma
1360 1416 22 22 la
1403 1415 126 22 sentinella
1540 1415 23 20 la

1089 1453 116 27 respinse.
1233 1451 151 23 Richiamato
1405 1449 40 22 dal
1465 1453 98 17 rumore

1089 1487 45 21 che
1150 1486 21 21 si
1183 1486 86 21 faceva
1292 1484 61 22 nella
1364 1489 95 16 caméra
1472 1481 89 25 vicina,

1090 1520 66 22 Paoli
1171 1519 51 28 apri
1230 1520 24 21 la
1266 1520 69 26 porta
1343 1523 14 15 e
1367 1515 121 23 domandò
1497 1515 66 22 brus.

1090 1554 107 21 camente
1209 1553 46 21 alla
1268 1553 79 20 donna
1358 1550 44 22 che
1415 1556 56 15 cosa
1482 1550 82 21 voles-

1090 1593 27 16 se
1127 1594 6 13 :
1153 1586 130 28 «Signore,
1295 1585 32 28 gli
1339 1584 93 28 rispose
1445 1584 22 21 la
1483 1583 79 22 donna

1090 1627 46 15 con
1148 1626 46 15 una
1204 1619 97 28 gravité
1319 1619 69 27 piena
1405 1617 25 22 di
1447 1617 114 25 tristezza,

1090 1659 61 17 sono
1163 1653 82 22 madré
1270 1653 25 21 di
1315 1652 45 21 dùe
1372 1651 102 27 figliuoli
1483 1657 7 15 :
1513 1655 49 16 uno

1090 1688 14 21 è
1116 1689 62 20 stato
1185 1687 84 21 ucciso
1282 1687 44 21 alla
1338 1687 65 20 torre
1415 1685 62 21 délia
1491 1683 73 22 Giro-

1089 1723 55 24 lata,
1165 1720 77 22 l’altro
1265 1720 82 21 eccolo
1367 1719 41 27 qui
1426 1718 97 21 davanti
1536 1736 5 3 .
1550 1723 22 20 a.

1090 1755 43 22 voi
1140 1761 6 15 :
1165 1753 78 23 l’offro
1264 1754 46 21 alla
1318 1753 82 28 patria,
1408 1750 119 29 prenderà
1547 1751 17 21 il

1089 1790 72 26 posto
1175 1788 40 21 del
1226 1787 96 23 fratello
1342 1786 111 22 caduto».
1472 1785 44 22 Poi
1534 1785 30 21 ri-

1089 1822 145 28 volgendosi
1244 1822 25 21 al
1285 1821 141 28 giovanotto
1434 1826 6 15 :
1461 1825 15 16 «
1485 1819 77 28 Figlio

1090 1856 58 26 mio,
1158 1856 32 27 gli
1200 1855 76 26 disse,
1287 1860 48 16 non
1350 1854 155 21 dimenticare
1517 1852 45 22 che

1090 1890 77 27 prima
1187 1889 181 28 d’appartenere
1384 1894 15 15 a
1424 1889 42 20 tua
1482 1887 82 22 madré

1092 1923 134 28 appartieni
1238 1923 49 21 alla
1295 1923 102 27 patria».
1420 1921 19 21 E
1455 1921 20 21 si
1490 1921 76 21 allon-

1090 1957 65 22 tanô.
1167 1957 67 21 Paoli
1247 1956 67 21 restò
1325 1961 42 22 per
1380 1961 34 15 un
1423 1955 87 21 istante
1525 1960 41 15 co-

1091 1997 40 15 rne
1146 1991 149 26 trasognato,
1302 1997 3 13 :
1312 1989 41 27 poi
1366 1988 129 27 raggiunse
1514 1993 51 16 cor-

1091 2024 75 22 rendo
1175 2024 21 20 la
1202 2021 232 26 donna,Pabbracciò
1444 2027 46 15 con
1499 2027 67 15 emo-

1090 2057 70 22 zione
1172 2063 13 14 e
1193 2057 23 21 la
1222 2054 115 29 présenté
1350 2061 14 15 a
1372 2055 34 27 gli
1415 2055 95 21 ufficiâli
1522 2054 43 21 che

1090 2091 36 27 gli
1137 2092 100 20 stavano
1250 2092 105 19 attorno.
1364 2088 119 28 Ripeteva
1498 2094 68 21 spes-

1092 2130 28 16 so
1132 2124 45 21 che
1198 2129 52 16 non
1271 2122 60 22 s’éra
1348 2123 46 20 mai
1413 2123 91 20 sentito
1518 2124 48 19 tur-

1092 2158 56 21 bato
1160 2163 69 16 corne
1241 2156 97 22 davanti
1351 2162 13 15 a
1377 2157 80 26 quella
1469 2161 98 22 magna-

1092 2192 66 21 nimà
1172 2191 89 21 donna.

1122 2225 66 21 Paoli
1200 2230 51 15 non
1264 2222 161 29 s’ammuglié:
1441 2223 17 21 il
1469 2228 45 16 suo
1522 2229 45 21 po-

1093 2259 56 27 polo
1162 2264 39 15 era
1223 2259 21 20 la
1259 2263 43 16 sua
1314 2257 113 27 famiglia.
1445 2256 64 22 Ebbe
1520 2262 48 15 una

1093 2293 52 20 sola
1165 2292 92 27 nipote,
1281 2291 64 27 figlia
1365 2291 23 21 di
1410 2297 44 15 suo
1473 2290 94 22 fratello

1095 2325 132 25 Clemente,
1248 2325 47 21 che
1315 2325 63 20 dette
1395 2325 26 20 in
1439 2324 92 27 moglie
1547 2324 21 21 al

1094 2358 70 22 cérso
1174 2358 119 28 Barbaggi
1300 2364 6 15 :
1316 2358 48 27 egli
1376 2357 68 28 peré,
1457 2357 45 22 che
1513 2363 56 16 sen-

1094 2393 50 21 tiva
1153 2392 26 21 in
1187 2392 76 21 modo
1274 2390 51 23 cosi
1333 2391 111 26 delicato,
1457 2397 50 16 non
1527 2391 41 22 do-

1095 2432 62 16 veva
1169 2431 65 16 esser
1240 2425 141 22 insensibile
1390 2424 178 23 all’amore.Nu-

1094 2459 32 22 tri
1144 2465 45 15 una
1211 2461 86 19 tenera
1319 2458 115 21 affezione
1456 2464 45 22 per
1522 2464 47 15 una

1094 2493 82 21 donna
1183 2492 73 22 d’alto
1269 2492 89 21 sentire
1366 2497 14 16 e
1387 2492 100 21 ardente
1494 2492 24 21 di
1528 2499 41 20 pa-

1094 2526 139 26 triottismo,
1262 2526 46 21 alla
1330 2526 69 27 quale
1421 2526 34 27 gli
1475 2526 93 21 uomini

1094 2559 43 28 più
1144 2559 178 22 considerevoli
1339 2559 116 22 dell’isola
1470 2559 99 22 veniva-

1095 2599 32 16 no
1139 2599 14 15 a
1165 2592 122 22 confidare
1294 2594 23 20 le
1327 2593 52 21 loro
1392 2593 115 28 congiure
1521 2599 14 15 e
1546 2594 23 21 le

1094 2629 54 20 loro
1159 2626 313 28 patriottiche-aspirazioni.
1491 2627 79 26 Ques^

1094 2661 25 19 ta
1127 2659 68 20 dama
1204 2663 71 16 corsa
1283 2663 49 15 non
1336 2663 76 16 aveva
1423 2659 96 24 salotto,
1530 2664 40 15 era

1096 2698 45 15 una
1155 2697 103 16 monaca
1270 2691 76 21 uscita
1364 2691 62 21 dalla
1443 2691 81 22 nobile
1537 2691 34 21 fa-

1095 2725 82 28 miglia
1194 2725 40 21 dei
1262 2724 120 21 Rivarola.
1402 2724 41 22 Un
1452 2725 53 21 solo
1521 2726 49 19 atto

1095 2760 22 21 ci
1127 2757 117 23 mostrerà
1265 2758 56 27 quai
1337 2759 68 26 parte
1422 2759 75 21 attiva
1518 2764 52 15 essa

1095 2792 130 28 prendesse
1240 2792 49 21 aile
1304 2792 58 21 lotte
1370 2797 45 22 per
1434 2793 23 20 la
1467 2791 88 22 liberté
1564 2798 6 19 ;

1096 2827 63 26 dopo
1181 2825 95 22 l’ardita
1295 2825 124 27 conquista
1440 2825 62 22 délia
1528 2825 43 22 Ca-

1095 2860 74 27 praia,
1183 2859 125 28 compiuta
1319 2859 29 21 da
1362 2858 95 23 Achille
1473 2859 97 25 Mùrati,

1096 2899 53 15 essa
1164 2899 30 15 ne
1214 2892 82 29 prové
1309 2893 33 21 tal
1361 2892 65 28 gioia
1443 2893 44 21 che
1506 2889 66 25 volie

1097 2927 87 22 recafsi
1203 2927 26 21 ih
1254 2926 132 28 quell’isola
1401 2933 13 15 a
1437 2926 135 28 prenderne

1096 2966 113 22 possesso
1221 2961 27 21 in
1255 2965 73 16 nome
1337 2960 24 21 di
1375 2960 77 22 Paoli.
1472 2959 22 22 Il
1499 2965 73 22 gene-

1097 2995 49 21 rale
1157 2995 23 21 le
1191 2993 181 28 indirizzé.gran
1381 2999 103 16 numéro
1496 2993 24 22 di
1529 2994 44 21 let-

1097 3030 51 19 tere
1161 3029 143 26 puramente
1316 3027 122 27 politiche.

1127 3067 46 21 Per
1183 3067 56 22 farsi
1257 3066 95 22 un’idea
1361 3067 62 21 délia
1435 3067 91 28 grande
1538 3069 35 19 at-

1098 3099 70 22 tivité
1181 3101 24 20 di
1218 3100 70 21 Paoli
1300 3100 66 21 basta
1384 3101 99 27 leggere
1494 3101 25 20 lu
1531 3107 42 15 sua

1099 3134 208 27 corrispondenza.
1320 3133 30 22 Le
1359 3134 85 22 lettere
1468 3133 43 28 più
1529 3134 45 21 im-

1099 3167 104 27 portant!
1212 3167 90 21 furono
1310 3167 87 22 riunite
1408 3168 25 21 in
1446 3173 32 15 un
1486 3172 87 22 grosso

1099 3201 97 20 volume
1208 3201 30 20 da
1247 3199 87 22 Nicolé
1346 3200 157 22 Tommaseo:
1520 3206 53 16 esse

1100 3233 106 22 rivelano
1214 3239 50 16 uno
1277 3233 84 27 spirito
1371 3233 63 22 forte
1446 3234 31 21 ed
1488 3234 86 21 illumi-

1100 3268 65 19 nato.
1175 3267 117 27 Pasquale
1307 3272 47 16 non
1366 3268 111 21 scriveva
1491 3267 84 21 volen-

1101 3300 54 21 tieri
1165 3300 23 21 di
1196 3306 44 15 sua
1249 3305 80 21 mano,
1345 3300 97 22 dettava
1450 3306 69 16 corne
1528 3300 48 21 Na-

1102 3333 111 27 poleone.
1226 3333 74 22 Stava
1311 3336 132 19 raramente
1455 3333 94 25 seduto',
1558 3334 18 21 il

1102 3371 44 15 suo
1158 3366 85 26 spirito
1256 3365 129 27 irréquieto
1407 3372 49 15 non
1476 3367 33 25 gli
1527 3367 50 20 las-

1103 3398 68 20 ciava
1178 3404 32 14 un
1222 3400 126 20 momento
1360 3398 23 20 di
1401 3400 91 25 tregua.

1132 3435 31 21 La
1174 3438 120 21 memoria
1300 3437 24 20 di
1334 3436 66 21 Paoli
1410 3436 13 21 è
1438 3443 67 15 sacra
1512 3442 66 21 pres-

1105 3473 27 15 so
1141 3468 19 21 il
1171 3474 43 15 suo
1231 3470 101 27 popolo.
1349 3468 119 22 Sentendo
1486 3470 92 26 parlare

1105 3500 25 21 di
1140 3500 145 27 Napoleone
1299 3502 18 21 il
1329 3506 71 16 cuore
1421 3502 38 21 dei
1470 3501 72 22 Côrsi
1558 3503 21 20 si

1106 3532 79 27 gonfia
1193 3534 25 20 di
1228 3535 160 27 orgoglio,ma
1402 3535 117 21 sentendo
1527 3541 55 21 par-

1106 3565 49 20 lare
1168 3565 22 21 di
1201 3566 69 23 Paoli
1283 3568 18 21 il
1312 3567 52 21 loro
1374 3567 57 22 viso
1443 3567 136 26 s’illumina,

1107 3603 67 16 corne
1193 3601 84 24 quello
1295 3599 55 22 d’un
1363 3599 67 28 figlio
1445 3601 22 20 al
1483 3600 97 21 ricordo

1108 3630 38 21 del
1158 3632 90 26 grande
1266 3639 14 14 e
1292 3632 81 22 nobile
1383 3633 75 27 padre
1469 3633 111 28 perduto.

1109 3663 178 28 E’impossibile
1309 3664 44 23 che
1373 3666 124 22 un’uomo.
1516 3666 66 28 dopo

1110 3698 24 21 la
1143 3700 86 24 morte,
1245 3705 75 21 possa
1330 3699 100 27 ispirare
1448 3700 13 21 à
1478 3701 63 20 tutto
1551 3706 31 15 un

1584 146 90 28 popolo
1684 144 42 27 più
1739 147 80 16 amore
1835 147 13 15 e
1860 139 156 21 venerazione
2030 138 24 15 ai

1585 177 116 28 Pasquale
1708 175 72 24 Paoli,
1792 180 13 14 e
1818 179 26 15 se
1852 173 23 21 la
1887 170 77 28 gloria
1975 167 79 28 postu-

1584 218 38 15 ma
1642 210 14 21 è
1672 215 68 16 corne
1749 213 45 16 una
1806 204 105 23 seconda
1931 202 122 21 esistenza,

1584 243 156 28 quest’uomo,
1751 241 17 21 il
1776 239 42 28 più
1827 237 91 28 grande
1930 234 61 22 délia
1996 232 59 21 Cor-

1584 278 49 21 sica
1645 282 13 15 e
1671 274 91 22 d’Italia
1777 272 41 21 r-el
1832 270 81 22 secolo
1934 265 93 25 XVIII,
2041 263 13 22 è

1584 310 66 22 mille
1658 309 68 20 volte
1733 306 98 21 vivente
1839 310 5 15 :
1865 302 48 27 egli
1922 300 78 22 rivive
2014 297 41 22 nei

1584 349 71 16 cuore
1668 341 25 22 di
1705 340 54 22 tutti
1771 339 8 21 i
1795 336 78 25 Côrsi,
1887 334 44 22 che
1947 334 24 20 lo
1992 330 63 23 chia-

1583 381 71 18 mano
1670 374 80 22 Padre
1757 371 67 23 délia
1836 369 96 22 Patria.

1611 409 68 23 Paoli
1688 408 76 22 forma
1776 411 32 15 un
1822 404 40 21 bel
1877 401 119 22 contrasto
2009 402 45 16 con

1584 443 152 28 Napoleone:
1759 440 22 21 la
1799 434 136 28 filantropia
1955 431 100 28 opposta

1585 476 156 27 all’egoismo,
1757 472 40 22 Ad
1806 477 33 15 un
1848 473 77 18 cenno
1938 466 23 21 di
1976 464 80 27 Napo-

1584 511 70 21 leone
1663 506 95 24 milioni
1767 503 115 23 d’uomnii
1890 500 120 22 venivano
2020 502 35 16 sa-

1585 542 98 23 crificati
1696 545 44 23 per
1750 539 22 21 la
1783 543 42 16 sua
1843 535 76 29 gloria
1936 539 14 15 e
1965 533 22 20 la
1999 535 56 16 con-

1586 576 78 28 quistà
1671 581 6 19 ;
1690 579 40 16 ma
1740 573 18 21 il
1771 576 90 22 sangue
1873 568 44 22 che
1928 567 52 21 fece
1992 568 64 23 spar-

1585 610 51 28 gire
1645 607 68 23 Paoli
1726 606 24 22 fu
1762 609 95 23 sempre
1868 599 130 24 sacrificato
2010 596 44 21 alla

1586 649 70 16 causa
1672 641 62 22 délia
1746 637 120 26 liberté,-e
1877 639 89 17 nessun
1976 631 79 22 morto

1585 676 67 21 s'alza
1664 675 78 20 dietro
1753 678 14 15 a
1777 671 34 21 lui
1824 675 45 22 per
1882 666 121 23 maledire.

1612 708 22 22 Il
1644 706 97 23 ricordo
1753 704 23 22 di
1789 702 68 23 Paoli
1877 706 49 16 non
1939 698 13 21 è
1964 697 91 22 illustre

1585 747 43 23 per
1638 739 114 28 battaglie
1758 744 6 20 ;
1770 738 24 21 la
1805 736 81 22 scuola
1892 734 30 21 da
1931 732 34 23 lui
1974 730 81 23 fonda-

1585 778 24 20 ta
1632 774 42 28 qui
1690 780 14 15 a
1722 770 138 28 Morasiglia
1882 765 140 25 basterebbe
2042 769 14 15 a

1586 809 62 28 dagli
1658 813 49 16 una
1716 805 75 29 gloria
1802 803 42 29 più
1855 803 62 22 bella
1934 800 24 22 di
1979 798 77 28 quella

1586 843 23 22 di
1620 842 117 27 Marengo
1746 846 13 15 e
1769 839 63 21 delle
1847 834 123 24 Piramidi.

1850 878 176 29 Gregérovius.

1633 1000 116 37 Lettara
1766 996 30 38 di
1812 993 203 47 l’Imperairice

1604 1059 135 38 Caterina
1756 1056 29 37 di
1803 1055 104 37 Russia
1924 1065 18 24 a
1960 1050 82 38 Paoli

1632 1152 84 19 Caterina
1721 1150 20 19 di
1748 1149 64 19 Russia
1817 1154 12 13 a
1834 1148 89 24 Pasquale
1931 1145 55 19 Paoli

1676 1214 92 19 Monsieur
1775 1213 19 18 le
1801 1211 78 20 Général
1887 1211 23 18 de
1916 1209 57 21 Paoli,

1699 1249 18 17 A
1724 1246 186 22 Saint-Pétersbourg,
1918 1244 23 18 27
1950 1243 47 18 avril
2005 1241 51 19 1770.

1608 1307 36 18 J’ai
1650 1311 46 17 reçu
1710 1306 52 18 votre
1769 1305 56 18 lettre
1838 1303 24 18 de
1872 1302 81 18 Londres
1961 1301 25 17 du
2001 1299 23 19 15
2032 1298 27 19 fé-

1589 1336 55 18 vrier.
1653 1336 49 17 Tout
1707 1339 22 13 ce
1733 1338 36 18 que
1779 1333 19 18 le
1809 1332 60 18 comte
1876 1330 64 19 Alexis
1946 1328 58 19 Orloff
2011 1332 48 14 vous

1589 1369 10 13 a
1609 1364 35 18 fait
1648 1363 64 19 savoir
1719 1363 33 17 des
1759 1365 40 14 mes
1807 1361 71 17 bonnes
1886 1358 101 19 intentions
1992 1361 67 14 envers

1589 1396 52 17 vous,
1649 1390 101 21 Monsieur,
1762 1389 30 18 est
1798 1392 38 13 une
1844 1387 50 18 suite
1908 1387 34 17 des
1950 1384 109 19 sentiments

1589 1424 35 18 que
1632 1418 59 18 m?ont
1697 1416 140 23 inspirés-votre
1842 1414 93 23 grandeur
1945 1412 59 18 d’âme
2011 1412 21 17 et
2040 1411 19 17 la

1589 1448 51 21 façon
1646 1446 102 23 généreuse
1755 1445 45 17 dont
1806 1448 48 13 vous
1867 1447 45 13 avez
1919 1440 79 19 défendu
2005 1440 54 18 vôtre

1589 1476 63 22 patrie.
1664 1475 27 18 Le
1698 1474 55 18 détail
1764 1473 89 18 de-votre
1860 1471 63 22 séjour
1929 1470 13 17 à
1949 1469 42 18 Pise
2005 1468 55 18 m’est

1593 1508 67 14 connu.
1675 1503 17 18 Il
1707 1502 85 21 contient,
1812 1501 54 17 entre
1885 1499 70 21 autres,
1981 1497 79 18 l’estime

1589 1533 22 17 de
1614 1533 43 17 tous
1666 1536 48 13 ceux
1722 1530 33 23 qui
1759 1530 33 17 ont
1798 1534 24 13 eu
1827 1527 97 19 l’occasion
1935 1527 24 17 de
1964 1530 48 14 vous
2017 1529 43 14 con-

1589 1561 64 18 naître.
1663 1559 52 18 Telle
1725 1559 29 18 est
1766 1558 19 18 la
1790 1557 124 22 .récompense
1930 1555 24 18 de
1969 1555 19 17 la
1996 1554 62 20 vertu,

1589 1590 45 17 dans
1639 1588 81 23 quelque
1726 1587 87 18 situation
1821 1585 68 23 qu’elle
1893 1589 21 13 se
1921 1584 73 17 trouve.
2003 1581 60 23 Soyer

1589 1617 63 18 assuré
1663 1621 37 18 que
1707 1616 20 22 je
1735 1614 84 23 prendrai
1827 1613 85 22 toujours
1927 1615 38 14 une
1973 1611 42 22 part
2022 1610 39 18 sin-

1589 1645 40 18 cère
1634 1645 12 17 à
1651 1645 20 18 la
1676 1643 60 19 vôtre.

1610 1673 26 18 Le
1644 1672 56 19 motif
1708 1672 23 17 de
1738 1672 53 18 votre
1794 1674 71 19 voyage
1870 1673 24 14 en
1899 1668 108 23 Angleterre
2015 1667 46 18 était

1589 1706 36 13 une
1641 1701 126 22 conséquence
1782 1697 92 19 naturelle
1887 1697 24 18 de
1918 1701 36 13 vos
1968 1695 92 23 principes

1589 1734 66 14 envers
1663 1729 55 18 votre
1724 1727 66 18 Patrie.
1796 1727 16 17 Il
1818 1731 25 13 ne
1847 1729 80 19 manque
1935 1725 12 17 à
1953 1725 19 17 la
1976 1724 56 18 bonté
2036 1723 24 18 de

1589 1758 52 18 votre
1647 1761 58 14 cause
1712 1761 36 18 que
1761 1756 33 18 des
1802 1755 135 18 circonstances
1951 1753 108 18 heureuses.

1589 1786 34 18 Les
1637 1785 78 18 intérêts
1726 1784 82 19 naturels
1825 1783 24 18 de
1859 1783 54 18 notre
1926 1781 70 22 empire
2009 1780 52 18 étant

1589 1815 51 17 aussi
1646 1814 38 18 liés
1690 1818 27 18 qu
1722 1813 23 18 ils
1753 1813 18 18 le
1786 1813 44 17 sont
1834 1816 46 14 avec
1890 1815 48 14 ceux
1946 1810 23 17 de
1980 1809 85 19 Grande-,

1589 1843 91 22 Bretagne
1684 1841 76 19 l’amitié
1770 1841 107 22 réciproque
1882 1840 34 17 des
1926 1839 49 18 deux
1984 1837 76 18 dations

1590 1871 31 22 qui
1627 1876 24 13 en
1659 1871 77 21 résulte,
1745 1869 82 18 l’accueil
1836 1873 37 18 que
1877 1872 40 14 mes
1925 1867 63 18 flottes
1996 1871 24 13 en
2028 1866 33 17 ont

1590 1904 50 18 reçu,
1646 1899 51 18 celui
1705 1903 36 18 que
1745 1902 39 14 mes
1790 1898 99 17 A-aisseaux
1900 1896 47 17 dans
1954 1895 19 18 la
1977 1894 84 18 Méditer-

1591 1928 54 18 ranée
1652 1928 22 17 et
1683 1927 19 18 le
1707 1930 100 15 commerce
1815 1926 24 17 de
1845 1925 20 18 la
1877 1924 69 18 Russie
1954 1923 83 18 auraient
2050 1922 12 17 à

1590 1956 85 17 attendre
1686 1955 45 17 d’un
1738 1954 66 22 peuple
1808 1954 49 17 libre
1869 1953 20 18 et
1896 1952 38 17 ami
1948 1951 33 18 des
1994 1951 67 21 miens,

1591 1984 43 17 sont
1641 1984 34 17 des
1682 1983 63 18 motifs
1753 1982 32 23 qui
1792 1986 25 13 ne
1825 1981 94 18 sauraient
1926 1984 38 18 que
1971 1983 47 14 A-OUS
2023 1978 40 18 être

1591 2011 110 18 fa\rorables.
1715 2010 55 18 Aussi
1787 2013 126 19 pou\-ez-A-ous
1935 2008 39 17 être
1990 2006 71 22 assuré,

1591 2039 99 22 Monsieur,
1700 2043 36 18 que
1740 2038 19 22 je
1769 2042 24 13 ne
1802 2036 108 24 négligerai
1916 2036 53 22 point
1975 2035 29 18 les
2012 2038 51 14 occa-

1591 2068 51 18 sions
1648 2067 34 23 qui
1688 2067 89 22 pourront
1781 2070 21 14 se
1810 2065 97 23 présenter
1912 2065 23 17 de
1943 2067 45 14 \rous
1997 2063 66 18 rendre

1591 2097 43 17 tous
1638 2096 29 18 les
1676 2096 46 17 bons
1731 2095 63 18 offices
1800 2099 37 18 que
1841 2094 29 17 les
1874 2093 129 22 conjonctures
2008 2096 55 18 pour-

1592 2125 42 17 ront
1641 2124 106 22 permettre.

1613 2153 35 17 Les
1656 2153 60 17 Turcs
1730 2152 57 17 m’ont
1797 2150 72 19 déclaré
1884 2150 20 17 la
1916 2154 66 18 guerre
1990 2149 18 18 la
2019 2149 45 22 plus

1592 2181 70 22 injuste
1679 2181 33 22 qui
1726 2180 29 17 fût
1767 2179 93 23 peut-être
1868 2178 72 23 jamais.
1952 2178 21 17 Je
1985 2182 24 13 ne
2021 2177 43 22 puis

1593 2209 46 18 dans
1643 2213 22 14 ce
1670 2209 82 18 moment
1759 2212 36 18 que
1803 2212 31 13 me
1843 2207 94 18 défendre.
1948 2206 25 17 La
1981 2205 84 18 bénédic-

1593 2237 39 18 tion
1640 2237 26 18 du
1675 2237 35 18 ciel
1719 2237 31 22 qui
1755 2241 12 13 a
1770 2235 121 23 accompagné
1896 2234 87 23 jusqu’ici
1988 2234 18 17 la
2016 2234 48 17 bon-

1593 2265 19 18 té
1619 2265 24 18 de
1650 2270 33 13 ma
1688 2269 61 17 cause,
1755 2265 19 17 et
1779 2269 37 18 que
1823 2264 20 22 je
1848 2264 40 22 prie
1896 2263 46 18 Dieu
1954 2263 23 17 de
1982 2266 29 14 me
2019 2266 47 13 vou-

1593 2293 36 18 loir
1632 2294 44 17 bien
1682 2293 101 22 continuer,
1791 2292 95 18 démontre
1892 2295 53 14 assez
1953 2295 36 18 que
1999 2290 19 18 la
2025 2290 41 22 jus-

1594 2322 35 17 tice
1637 2321 50 19 n’est
1699 2326 34 17 pas
1747 2321 104 23 longtemps
1863 2319 106 23 oppressée;
1987 2323 10 14 e
2005 2323 37 18 que
2047 2318 19 17 là

1593 2350 90 22 patience,
1689 2349 111 22 l’espérance
1806 2349 20 18 et
1835 2349 19 17 le
1863 2352 78 18 courage
1956 2347 88 18 viennent
2054 2347 12 17 à

1594 2378 50 22 bout,
1653 2378 48 18 dans
1707 2378 19 17 le
1734 2377 71 22 monde,
1812 2377 24 18 de
1844 2377 65 18 choses
1926 2376 29 18 les
1961 2376 42 22 plus
2014 2375 52 18 diîfi-

1594 2407 33 17 les.
1636 2406 22 18 Je
1667 2406 60 21 reçois
1734 2410 45 14 aA-ec
1786 2405 71 23 plaisir,
1868 2405 100 21 monsieur,
1977 2404 28 18 les
2013 2407 54 15 assu-

1594 2439 64 14 rances
1679 2434 151 18 d’attachements
1843 2438 36 18 que
1887 2437 48 14 Arous
1946 2432 64 18 A-oulez
2022 2432 45 18 bien

1594 2467 30 14 me
1629 2463 77 21 donner,
1714 2463 20 17 et
1738 2462 19 22 je
1763 2466 48 14 vous
1821 2462 41 22 prie
1869 2461 58 18 d’être
1938 2461 33 18 sûr
1979 2461 23 18 de
2009 2460 58 18 l’esti-

1594 2495 30 14 me
1632 2495 47 14 a\-ec
1683 2491 79 22 laquelle
1769 2490 19 23 je
1796 2490 47 18 suis.

1899 2529 137 22 Catherine.

1631 2646 108 46 Sapere
1759 2647 122 37 miiitare
1901 2647 31 36 di
1949 2646 84 37 Paoli

1624 2750 39 21 On
1685 2755 33 16 ne
1732 2748 94 23 saurait
1848 2750 58 23 trop
1925 2747 109 22 admirer
2041 2747 27 22 la

1596 2783 131 22 hardiesse
1743 2785 24 19 et
1788 2781 127 23 l’habileté
1931 2781 32 22 de
1974 2787 29 16 sa
2013 2788 55 15 ma-

1597 2823 113 16 noeuvre.

1918 2847 126 19 Pommereuil.

1625 2944 23 22 Il
1662 2946 40 20 est
1723 2943 120 22 étonnant
1866 2949 48 21 que
1937 2945 64 20 cette
2012 2943 57 26 poi-

1599 2977 63 27 gnée
1683 2977 157 22 d’insulaires
1849 2983 60 16 sans
1926 2977 141 26 artilleries,

1596 3018 61 17 sans
1660 3011 94 26 places,
1760 3017 59 16 sans
1825 3011 136 26 magasins,
1967 3017 59 16 sans
2031 3017 38 16 ar-

1599 3047 59 24 gent
1664 3045 37 22 ait
1705 3047 94 19 tenue»
1807 3045 75 22 échec
1886 3045 111 26 pendant
2003 3045 68 22 deux

1598 3085 150 20 campagnes
1753 3079 25 22 la
1786 3079 93 22 Nation
1884 3079 132 26 française,
2026 3079 45 26 qui

1598 3113 95 22 n’avait
1711 3119 46 19 pas
1779 3113 67 21 alors
1864 3112 109 22 d’autres
1992 3119 77 15 enne-

1598 3147 49 21 mis
1662 3152 32 16 en
1717 3145 57 23 tête.
1791 3146 37 21 La
1838 3145 101 26 liberté.
1943 3146 91 22 double
2044 3147 27 21 la

1598 3180 88 21 valeur
1706 3181 25 19 et
1749 3179 38 22 les
1800 3180 83 21 forces
1906 3179 31 22 de
1946 3179 123 23 l’homme.

1933 3218 114 19 Dumouriez.

1628 3317 38 21 La
1687 3315 100 23 défense
1808 3317 44 22 des
1867 3317 89 22 Corses
1966 3317 38 22 fut
2014 3318 59 25 plus

1600 3350 120 22 brillante
1740 3350 88 26 qu’elle
1841 3351 109 22 n’aurait
1964 3351 35 22 dû
2011 3351 61 22 être.

1602 3382 184 22 L’enlèvement
1809 3383 60 22 d’un
1887 3383 122 23 bataillon
2032 3391 43 15 en-

1602 3415 49 22 tier
1672 3415 64 22 dans
1746 3415 154 23 Patrimonio
1910 3419 39 19 est
1963 3424 49 15 une
2021 3424 54 16 sur-

1602 3448 71 25 prise
1699 3448 44 22 des
1759 3450 125 25 quartiers
1895 3449 104 27 d’hyver
2013 3451 62 22 dont

1604 3481 196 22 s’honoreraient
1827 3483 39 22 les
1898 3483 58 26 plus
1982 3485 93 25 grands

1605 3513 136 26 généraux.
1761 3515 74 22 Paoli
1853 3523 16 14 a
1884 3516 107 27 déployé
2012 3519 64 22 dans

1605 3548 65 20 cette
1688 3553 89 19 guerre
1802 3548 131 27 beaucoup
1958 3550 31 22 de
2003 3551 74 26 génie

1605 3581 26 19 et
1646 3586 38 15 un
1696 3579 53 22 très
1764 3582 81 24 grand
1862 3583 135 22 caractère.
2012 3585 66 21 Tout

1606 3618 29 15 ce
1653 3612 62 27 qu’il
1730 3619 16 15 a
1762 3614 70 22 tenté
1852 3615 62 22 était
1928 3616 53 22 très
2000 3618 79 21 auda-

1607 3645 80 26 cieux,
1707 3645 60 23 bien
1780 3648 115 22 combiné
1904 3651 24 19 et
1943 3656 16 15 a
1972 3650 44 24 été.
2023 3650 54 23 exé-

1607 3678 58 22 cuté
1688 3685 61 16 avec
1774 3680 136 25 précision.

1941 3716 113 23 Dumouriez,

2255 133 115 36 Lettara

2132 205 17 25 a
2166 190 158 46 Napulione
2336 187 157 47 Bonaparte

2162 280 77 21 Bastia.
2249 283 20 18 2,
2276 276 71 26 aprile
2359 280 47 20 1791

2107 320 61 20 Colla
2182 321 71 17 vostra
2262 317 78 19 lettera
2353 314 35 21 del
2398 316 24 19 16
2435 323 94 30 marzo^

2081 351 98 20 ricevuto
2187 349 20 20 le
2226 351 85 20 stampe
2320 345 41 21 che
2370 346 31 19 mi
2414 353 62 18 avete
2484 360 40 21 man

2080 382 59 19 dato.
2150 380 47 20 Non
2215 378 21 20 vi
2248 377 52 20 date
2311 376 86 25 penadi
2415 383 107 28 smentire|

2080 412 121 25 imposture
2206 409 22 20 di
2235 407 117 21 Buttafoco
2361 407 130 26 quell’uomo
2497 423 31 21 n0tl

2080 444 47 25 può
2152 447 52 15 aver
2220 438 84 21 credito
2329 443 77 19 presso
2419 445 32 15 un
2465 449 64 24 popo^

2081 475 42 20 che
2135 473 28 20 ha
2182 475 86 20 sempre
2282 468 89 20 stimato
2384 468 83 23 l’onore
2479 481 12 13 e
2503 479 29 25 che

2081 511 39 16 ora
2134 504 28 20 ha
2174 500 139 25 riacquistata
2322 499 22 20 la
2352 505 40 14 sua
2400 499 84 25 liberté.
2496 507 36 26 Coj,

2081 533 124 23 nominarlo
2218 537 24 15 se
2250 531 30 25 gli
2292 530 24 20 fa
2333 529 87 26 piacere
2427 538 6 18 ;
2451 535 41 24 egli
2499 544 32 21 noc

2081 567 45 25 può
2140 564 95 26 aspirare
2253 561 29 20 ad
2291 561 56 20 altra
2361 561 104 24 célébrité
2476 566 37 23 che
2522 581 9 14 a

2081 596 73 27 quella
2171 594 40 21 che
2219 593 63 20 cercò
2295 592 152 21 l’incendiario
2456 595 33 22 del
2493 601 40 23 têtu,

2081 628 38 27 pio
2134 627 22 20 di
2172 625 70 21 Efeso.
2257 623 49 26 Egli
2323 623 72 21 scrive
2407 631 14 13 e
2433 626 59 23 parla
2504 637 31 19 pet

2081 659 35 20 far
2128 657 87 21 credere
2225 654 40 21 che
2284 654 40 25 qui
2340 655 20 20 ei
2369 655 33 19 sia
2416 655 23 20 di
2456 661 81 26 qualche

2081 692 157 21 conseguenza.
2264 685 30 20 Se
2319 691 29 13 ne
2376 691 136 21 vergognano
2524 695 12 22 \[

2082 719 64 22 stessi
2164 717 47 22 suoi
2225 715 94 27 parenti.
2334 715 122 23 Lasciatelo
2469 721 20 20 al
2501 723 35 23 dis.

2083 757 77 20 prezzo
2172 756 13 13 e
2195 748 42 21 alla
2245 746 90 27 pùblica
2350 752 145 21 noncuranza.

2108 782 49 20 Non
2178 783 63 22 possO
2253 784 40 15 ora
2320 776 72 27 aprire
2408 778 22 21 le
2451 784 67 22 cascie
2527 795 9 14 e

2082 819 88 15 cercare
2183 811 15 21 li
2215 809 51 21 miei
2284 808 77 24 scritti,
2387 808 121 27 D’altronde
2521 818 14 23 la

2082 844 67 21 storia
2161 849 45 15 non
2219 841 19 20 si
2247 840 73 21 scrive
2328 839 58 25 nëgli
2401 842 52 20 anni
2469 847 65 24 teneri;

2082 872 172 30 permetteteche
2261 871 23 21 vi
2293 870 122 22 ricomandi
2423 871 23 21 di
2458 874 76 27 forrnar.

2083 913 30 14 ne
2126 906 17 21 il
2159 905 65 27 piano
2235 905 56 19 sotto
2300 901 64 21 l’idea
2373 901 41 21 che
2424 909 28 14 ve
2460 911 27 16 ne
2494 908 39 26 darà

2082 939 94 21 Fabbate
2188 935 82 26 Reynal
2277 941 7 13 :
2303 940 13 13 e
2334 932 103 22 frattanto
2454 941 93 23 potreste-

2082 967 120 29 applicarvi
2215 973 13 14 a
2238 966 34 21 far
2295 963 94 22 reccolta
2403 964 58 28 degli
2481 975 57 18 atvne-

2083 1001 47 21 doti
2147 1007 13 14 e
2174 999 27 20 de
2217 997 48 21 fatti
2278 996 40 26 più
2335 995 109 22 rilevanti.
2454 998 30 21 La
2497 1008 41 16 nos.

2082 1036 35 17 tra
2136 1030 67 22 storia
2221 1029 56 20 deve
2297 1027 94 21 rilevare
2408 1027 20 20 la
2447 1035 39 15 sua
2507 1031 30 24 im.

2083 1067 106 22 portanza
2204 1060 57 21 dalla
2276 1058 84 26 qualité
2374 1057 131 25 de’caratteri
2510 1064 25 23 chi

2083 1095 23 20 vi
2119 1094 73 20 hanno
2212 1091 104 26 figurato.
2335 1089 42 21 Per
2394 1089 25 20 sè
2431 1091 104 26 medesim;,

2084 1133 45 13 non
2145 1126 13 19 è
2171 1124 22 21 di
2207 1123 78 21 alcuna
2293 1127 155 18 conseguenza
2461 1122 21 20 al
2489 1123 46 24 letto-

2083 1164 32 16 re,
2130 1155 80 27 perché
2222 1154 16 21 li
2248 1153 51 21 suoi
2314 1152 85 21 succesi
2415 1155 119 23 etransazio-

2084 1188 23 21 ni
2121 1193 56 15 sono
2200 1189 55 17 State
2274 1188 81 21 troppo
2365 1182 92 27 piccole,
2471 1191 13 14 e
2495 1192 41 19 qua-

2083 1219 20 21 si
2119 1216 131 23 indifferenti
2267 1215 22 20 al
2306 1221 55 19 gran
2376 1214 91 21 mondo.
2479 1215 33 22 Ma
2520 1225 16 16 Se

2084 1250 73 22 volete
2177 1248 99 22 umiliare
2285 1247 8 20 i
2326 1246 52 21 miei
2402 1246 81 21 nemici
2506 1255 29 17 non

2084 1285 64 18 avete
2160 1281 41 21 ché
2208 1287 14 13 a
2229 1280 35 20 dir
2277 1279 50 20 loro
2348 1277 41 21 che
2405 1283 57 14 sono
2470 1278 64 23 arriva-

2084 1315 24 19 to
2125 1313 28 20 ad
2163 1319 45 14 una
2222 1314 59 18 certa
2297 1311 37 20 été
2344 1313 80 22 troppo
2442 1308 69 22 vicina
2522 1313 15 21 al

2084 1345 132 25 disinganno
2236 1349 67 18 sopra
2322 1341 23 20 le
2360 1347 83 14 umane
2457 1340 82 26 vanité,e

2084 1382 57 13 sono
2157 1375 16 20 il
2186 1374 71 25 primo
2275 1380 15 13 a
2306 1373 49 19 dire
2370 1371 42 21 che
2422 1370 23 21 di
2460 1377 35 14 me
2509 1373 15 20 si
2530 1375 9 20 è

2084 1406 61 20 detto
2158 1409 78 20 troppo
2247 1404 59 19 bene
2311 1409 14 14 e
2331 1406 80 22 troppo
2424 1402 65 21 male.
2495 1403 44 26 Quel

2085 1437 42 20 che
2135 1436 31 20 mi
2181 1435 18 21 si
2212 1434 130 21 attribuisce
2352 1433 23 20 di
2397 1433 79 21 merito
2485 1441 23 14 se
2519 1443 20 14 ne

2085 1468 57 20 deve
2158 1467 22 20 la
2193 1465 84 26 magior
2288 1468 64 23 parte
2368 1464 39 20 alli
2428 1465 78 21 zelanti
2513 1473 28 19 pa-

2085 1498 69 21 triotti
2164 1497 28 20 ed
2205 1497 64 20 àrnici
2284 1503 65 14 meco
2357 1495 121 26 impegnati
2494 1498 46 22 nella

2085 1531 74 20 buona
2172 1535 71 14 causa.
2254 1527 26 21 Li
2298 1527 53 20 miei
2365 1527 82 20 nemici
2455 1534 85 19 possono

2085 1560 121 22 accusarmi
2217 1559 101 21 dferrori
2327 1565 14 13 e
2353 1558 63 21 svisti
2433 1559 58 21 nella
2503 1561 35 21 mia

2085 1590 197 23 amministazione.
2294 1589 51 21 Non
2362 1595 57 15 sono
2436 1597 38 14 reo
2490 1597 24 14 se
2523 1592 16 21 la

2086 1627 78 18 natura
2180 1629 44 14 non
2236 1622 30 20 mi
2280 1621 55 20 dotò
2343 1620 22 21 di
2371 1621 76 20 talenti
2461 1629 80 18 propor-

2085 1657 82 22 zionati
2188 1655 131 26 all’impiego
2339 1655 145 22 addossatomi
2503 1657 38 20 mio

2086 1688 112 27 malgrado
2207 1695 8 17 ;
2229 1687 30 21 mi
2271 1687 70 20 fanno
2354 1687 52 23 però
2422 1691 57 17 torto
2494 1691 47 18 met-

2085 1721 68 20 tendo
2166 1720 23 20 in
2203 1719 67 20 dubio
2283 1718 23 21 la
2327 1717 102 21 sincérité
2453 1717 36 21 del
2504 1717 36 21 mio

2085 1752 48 21 zelo
2142 1758 40 19 per
2196 1751 21 20 la
2225 1750 85 21 liberté.
2324 1749 50 21 Non
2386 1748 30 21 ho
2425 1748 77 21 merito
2511 1755 31 18 per

2085 1790 75 14 essere
2172 1786 55 17 stato
2244 1781 167 21 disinteressato
2437 1779 35 21 nei
2485 1780 57 20 servi-

2085 1815 36 20 zio
2140 1814 57 21 délia
2219 1813 82 21 Patria.
2322 1812 18 20 Il
2359 1811 85 21 denaro
2464 1810 39 21 che
2520 1810 22 21 ho

2086 1853 66 19 speso
2165 1852 40 19 per
2216 1851 49 14 essa
2281 1851 14 13 e
2308 1843 75 26 quello
2400 1842 43 21 che
2459 1848 44 14 non
2521 1841 21 21 ho

2086 1878 76 24 yoluto
2181 1876 96 22 ricevere
2295 1874 117 21 dall’altrui
2422 1873 120 26 générosité,

2086 1915 122 14 conosceva
2222 1909 56 20 bene
2289 1907 23 20 io
2330 1907 74 21 ch’era
2423 1905 80 26 meglio
2513 1904 30 21 im-

2087 1940 88 25 piegato
2195 1946 39 18 per
2251 1939 17 20 il
2283 1939 47 20 mio
2347 1945 70 13 onore
2434 1937 42 21 che
2485 1943 24 14 se
2521 1943 20 14 ne

2088 1971 72 20 avessi
2174 1970 43 21 fabi
2221 1970 56 20 icate
2284 1976 53 13 case
2344 1969 26 20 ed
2375 1969 105 24 ampîxato
2487 1967 16 20 il
2510 1967 33 20 mio

2087 2006 68 16 tenue
2163 2001 140 25 patrimonio.
2308 2000 47 20 Son
2363 2003 105 17 contento
2477 1998 66 26 perché

2089 2039 45 13 non
2157 2032 30 20 mi
2218 2032 144 25 rimprovero,
2385 2033 13 17 é
2416 2030 82 25 perché
2520 2029 23 20 fra

2088 2063 66 26 pochi
2177 2063 52 20 anni
2252 2062 100 20 l’invidia
2369 2068 13 13 e
2400 2062 22 20 la
2443 2060 100 27 parzialità

2089 2101 131 14 cesseranno
2233 2093 93 26 d’agitar
2338 2093 16 20 li
2365 2092 111 24 malevoli,
2498 2099 12 13 e
2523 2091 19 26 gli

2089 2126 66 20 amici
2168 2126 30 20 mi
2215 2125 114 20 vedranno
2344 2125 20 19 al
2378 2124 118 26 copertodi
2512 2126 27 17 tuf-

2089 2161 23 16 te
2129 2157 22 20 le
2161 2156 160 23 vecissitudini,
2340 2163 13 12 e
2361 2162 45 14 non
2424 2155 70 20 andré
2502 2153 41 22 mol-

2090 2192 24 17 to
2130 2188 41 21 che
2183 2189 68 19 dovrô
2258 2188 49 19 dire
2315 2194 7 13 :
2328 2187 30 20 oh
2371 2186 55 21 fossi
2435 2190 57 17 stato
2505 2191 38 15 men

2090 2224 54 16 noto
2158 2219 42 26 agli
2215 2219 49 21 altri
2273 2225 13 14 e
2295 2219 39 25 più
2344 2222 52 17 note
2414 2225 13 13 a
2435 2224 38 14 me
2479 2215 65 23 stesso!

2089 2251 78 22 Roebe,
2182 2251 40 20 diu
2237 2250 108 21 viximus.
2355 2249 69 21 Possa
2426 2256 30 13 no
2466 2249 15 20 li
2489 2246 54 23 futuri

2091 2282 96 26 patriotti
2199 2282 103 25 spingere
2315 2285 61 16 tanto
2399 2280 74 21 avanti
2482 2280 16 20 il
2509 2279 34 20 loro

2091 2314 79 20 merito
2178 2313 40 20 che
2234 2313 23 20 di
2277 2319 37 14 me
2326 2312 38 26 più
2379 2319 46 16 non
2437 2312 21 20 si
2465 2310 53 27 parli
2529 2315 16 14 se

2092 2351 45 14 non
2146 2351 62 14 corne
2217 2344 88 21 d’uomo
2318 2344 42 19 che
2372 2343 57 20 ebbe
2443 2343 71 20 buone
2529 2340 16 20 in

2092 2376 103 20 tenzioni.
2209 2375 59 21 Mille
2281 2375 81 25 compli
2365 2375 67 20 menti
2446 2372 100 23 all’abbate

2092 2407 90 26 Reynal.
2195 2407 22 21 vi
2225 2407 73 20 saluto
2311 2407 23 20 di
2352 2412 74 15 cuore.

2118 2444 78 21 Vostro
2201 2443 36 21 aff.
2246 2444 109 20 servitore
2362 2444 52 20 obb.

2277 2480 124 27 Pasquale
2413 2476 113 26 de’Paoli.

2119 2572 190 22 ...Effetivamente
2317 2573 62 25 però,
2388 2577 64 15 corne
2459 2569 41 20 ben
2508 2572 21 14 vt
2539 2570 10 13 e

2092 2608 62 20 noto,
2163 2604 102 25 éseguito
2273 2603 25 21 in
2307 2603 72 25 questi
2388 2601 74 27 giorni
2470 2597 79 23 lo.sbar-

2092 2642 28 14 co
2128 2635 22 20 di
2160 2641 72 15 nuove
2240 2638 81 22 truppe
2335 2634 22 20 in
2373 2633 96 23 Aiaccio,
2478 2637 13 14 e
2497 2635 22 14 se
2526 2632 22 15 ne

2092 2667 66 19 crede
2179 2666 130 20 imminente
2329 2665 89 20 l’ârrivo
2436 2664 24 20 di
2471 2661 50 21 altrè
2530 2663 17 14 m

2093 2696 99 24 maggior
2213 2701 101 17 numéro,
2332 2693 144 27 ignorandosi
2495 2687 52 25 total-

2094 2729 74 17 mente
2184 2726 27 20 da
2227 2725 37 21 noi
2279 2725 25 20 ei
2317 2725 78 20 motivi
2404 2731 14 15 e
2426 2725 93 25 loggetto
2532 2718 16 20 di

2094 2760 77 22 questa
2184 2763 70 14 nuova
2268 2756 136 26 spedizione.
2414 2756 84 25 Questo
2504 2753 46 20 inas-

2094 2788 82 25 pettâto
2191 2788 162 23 avvenimento,
2367 2787 42 21 che
2426 2787 33 23 ha.
2464 2781 86 31 general-

2094 2823 74 16 mente
2180 2819 90 21 eccitato
2279 2819 22 21 le
2316 2818 149 21 sollecitudini
2481 2815 34 22 del
2520 2817 30 17 no-

2094 2854 46 17 stro
2151 2851 86 25 popolo,
2249 2855 104 22 présenta
2365 2857 31 14 un
2406 2856 74 15 nuovo
2488 2846 59 26 ogg^'

2095 2890 23 15 to
2130 2885 23 20 di
2161 2885 145 25 applicazioni
2316 2891 13 14 e
2340 2884 22 21 di
2374 2884 81 21 riflessi
2465 2890 13 13 a
2487 2879 62 28 questa

2094 2916 103 25 generale
2210 2916 131 23 assemblea,
2349 2922 39 19 per
2403 2910 153 31 impegnarlaa-

2095 2947 107 25 prendere
2216 2951 56 17 tutte
2285 2947 75 25 quelle
2373 2942 138 30 precauzioni
2519 2938 29 22 cbe

2095 2978 91 25 esigono
2195 2978 7 20 i
2212 2978 97 26 riguardi
2327 2975 167 28 indispensabili
2506 2968 35 25 deH
2541 2972 8 14 2

2095 3013 75 17 nostra
2189 3010 76 20 liberté
2275 3016 14 13 e
2310 3009 171 26 indipendenza,
2493 3011 11 14 e
2510 3010 8 13 1
2525 3004 10 16 s
2534 3004 16 14 0'

2095 3041 61 20 lenni
2169 3041 95 25 impegni
2281 3041 43 20 che
2334 3041 19 21 la
2365 3041 95 20 nazione
2470 3038 27 20 ha

2095 3072 60 20 tratti
2164 3078 39 19 per
2218 3072 179 21 mantenerla»...

2118 3107 83 19 Discorsu
2215 3108 19 18 di
2246 3108 82 18 de’Paoli
2340 3108 100 17 a’consulta
2449 3106 19 18 di
2475 3109 12 13 n
2494 3100 19 19 22
2522 3098 24 17 ma

2096 3136 46 22 ghiu
2156 3136 49 18 17ü8.

2120 3673 234 31 Aiaeeiu-Stamparia
2371 3675 26 21 di
2417 3672 23 23 A

2110 3712 21 22 U
2140 3713 212 30 dii-ettore-gerente
2360 3721 7 14 :
2393 3713 69 22 PetFU
2473 3699 38 27 RO
