2595 3873
365 119 501 73 Cursîsmu

152 278 30 20 Le
199 276 110 21 dualisme
326 271 102 23 national
445 268 60 21 voilà
519 267 21 19 le
554 266 45 19 mal

126 308 57 19 dont
191 306 22 19 le
222 305 69 19 Corse
300 309 25 13 se
334 303 75 18 meurt
416 305 6 13 :
478 323 6 5 .
500 323 8 6 ,
577 319 7 5 -

151 334 72 19 Corse
231 338 52 13 mon
292 330 60 20 frère
359 329 5 19 !
371 333 44 19 que
423 325 22 20 la
455 327 83 16 misere
547 323 23 17 et
577 323 21 16 la

125 360 94 22 malaria
225 362 40 18 ont
270 354 156 25 chassé,sache
431 358 44 19 que
479 351 79 21 lorsqu
568 353 29 13 un

125 389 83 24 peuple
217 386 69 26 prend
295 386 21 19 la
329 384 71 19 livrée
408 381 29 19 de
445 385 37 14 ses
497 379 100 18 maîtres,

125 418 16 18 il
151 422 25 14 se
185 413 133 26 rapproche,
326 417 46 15 non
382 407 60 27 pasd
451 412 29 14 un
488 405 109 30 degresu^

126 444 90 25 périeur
222 442 27 19 de
256 439 143 22 civilisation,
405 434 58 21 mais
469 433 13 19 d
492 437 31 14 un
529 432 69 22 degre

127 470 111 21 inférieur
246 469 28 19 de
283 466 113 22 barbarie.

151 518 61 20 C'est
221 522 45 14 une
273 518 76 21 satyre
357 516 51 19 trop
418 509 84 24 injuste
510 512 47 18 que
570 504 27 19 de

126 546 96 23 charger
230 544 20 18 le
259 541 82 26 peuple
349 544 65 16 corse
422 537 30 19 du
461 534 95 21 ridicule
569 534 28 16 de

126 573 112 25 quelques
246 568 159 22 mercenaires,
413 565 61 19 alors
481 569 31 18 qu
522 568 29 12 on
566 562 31 16 lui

126 610 13 13 a
148 602 89 24 imposé
245 601 21 19 le
279 598 102 21 sacrifice
389 594 105 25 sanglant
502 592 29 19 de
543 596 55 19 qua-

127 634 67 17 rante
202 629 62 20 mille
271 627 112 20 hommes.

152 677 127 20 D’ailleurs,
295 669 173 24 d’échantillons
482 665 114 21 ridicules,

126 706 22 20 la
163 705 86 19 France
257 708 27 14 en
294 705 120 20 regorge...
423 696 53 25 plus
484 700 46 18 que
538 693 13 19 d
559 697 39 14 en-

127 733 70 20 fants.
206 751 3 3 .
225 747 3 2 -
401 748 5 2 -
586 739 5 7 ;
597 736 5 9 :

152 775 148 22 LeCorsisme
310 773 57 20 n’est
375 769 64 25 point
445 768 22 20 le
474 767 124 22 dévergon-

126 805 58 24 dage
200 804 30 19 de
245 798 197 24 l'individualisme
458 793 140 27 orgueilleux

127 833 29 19 de
164 831 112 25 quelques
283 826 146 25 désagrégés.

153 880 71 19 Corse
231 877 6 20 !
246 883 35 14 ma
290 876 69 22 mère,
369 877 40 16 ton
418 872 107 20 coeur-est
530 889 4 3 .
538 866 60 21 tiède

127 912 89 16 comme
231 911 29 14 un
275 904 38 20 nid
328 905 24 17 et
365 901 84 20 discret
464 901 89 17 comme
567 900 30 14 un

128 934 117 21 tombeau.

154 982 31 19 La
199 977 170 24 centralisation
379 973 116 25 française:
504 976 94 16 ressem-

128 1010 37 20 ble
178 1010 14 19 à
205 1008 96 20 certains
314 1005 89 21 habits:
418 1002 44 20 elle
475 1001 59 24 gêne
547 999 51 25 plus

128 1037 83 26 qu’elle
220 1042 28 14 ne
257 1035 114 25 préserve.
585 1043 3 4 •

155 1084 62 24 Trop
231 1083 28 20 de
273 1081 82 21 Corses
370 1076 150 23 ressemblent
533 1076 13 18 à
560 1079 40 14 ces

127 1113 102 20 chevaux
238 1110 37 21 oui
281 1110 107 19 tournent
396 1112 29 14 en
431 1105 65 25 place
501 1103 35 20 les
540 1107 59 19 yeux

127 1140 96 23 bandés,
245 1139 105 24 ignorant
366 1135 22 20 la
410 1134 100 23 besogne
533 1129 65 26 qu’ils

129 1169 99 21 broient.

154 1217 31 20 La
194 1215 71 20 Corse
271 1216 33 17 est
310 1211 141 26 pittoresque
456 1211 24 18 et
484 1206 114 21 délabrée.

155 1265 30 20 La
194 1263 71 20 Corse
273 1267 11 14 a
293 1259 53 26 plus
354 1257 79 22 besoin
442 1256 53 20 d’un
503 1259 97 20 gouver-

128 1295 95 18 nement
240 1292 62 17 coise
319 1294 46 18 que
383 1286 52 20 d’un
454 1287 147 22 gouverneur

126 1319 100 24 français
232 1325 7 17 ;
248 1320 23 17 et
283 1316 28 20 de
319 1316 60 18 bons
391 1313 156 25 gouvernants
555 1314 44 20 que

127 1348 29 19 de
165 1345 102 22 mauvais
275 1347 166 21 gouverneurs.

153 1393 88 25 Agrégé
249 1390 105 25 français,
363 1387 124 25 désagrégé
496 1390 65 15 corse
567 1385 6 19 !

153 1441 79 21 Gloire
245 1441 14 18 à
272 1439 30 20 toi
317 1438 123 20 laboureur
448 1435 29 20 de
493 1433 105 21 Casinca,

127 1470 87 20 artisan
223 1467 113 21 d’Orezza,
347 1465 110 24 vigneron
467 1462 29 20 du
506 1461 49 23 Cap
569 1465 28 14 ou

128 1499 29 19 de
164 1497 104 21 Sartène,
277 1493 74 21 marin
360 1493 29 19 de
397 1490 65 21 Calvi
471 1496 29 13 ou
509 1489 30 19 de
548 1488 51 20 Bas-

127 1526 32 19 tia
166 1525 6 19 !
183 1523 77 21 Gloire
266 1523 13 19 à
287 1521 32 20 toi
328 1521 6 19 !
351 1520 48 25 qui,
409 1525 41 18 par
464 1524 29 13 un
508 1516 91 21 dernier

128 1552 143 26 phénomène
278 1549 140 21 d’atavisme,
427 1552 56 14 avec
492 1545 21 20 le
522 1550 39 14 soc
569 1549 29 14 ou

126 1586 56 15 avec
190 1580 21 19 la
222 1584 74 19 proue,
303 1576 109 25 persistes
417 1575 13 19 à
436 1579 92 14 creuser
533 1572 22 19 le
562 1571 41 20 sïl-:

127 1610 40 19 Ion
176 1608 30 20 de
215 1613 33 14 tes
258 1607 72 24 pères.

152 1656 43 20 J’ai
202 1662 29 12 vu
238 1653 104 26 Cyrnosà
350 1650 116 23 Verdun,à
471 1646 127 23 Charleroi,

126 1685 12 19 à
155 1682 117 22 Monastir,
281 1684 77 17 errant
373 1677 71 26 parmi
455 1678 32 19 les
502 1675 96 20 tombes.

127 1711 45 21 Son
182 1710 58 21 voile
244 1708 89 21 traînait
336 1707 70 25 jusqu
416 1712 13 13 a
434 1703 109 22 l’horizon
549 1708 55 16 san-;

125 1740 73 24 giant,
207 1742 23 16 et
238 1743 24 14 sa
269 1736 49 20 voix
328 1733 152 22 bouleversait
485 1732 66 20 lame
559 1730 39 20 des

127 1767 101 20 nations:
233 1772 9 10 «
249 1763 91 22 France!
346 1763 82 20 femme
433 1758 165 25 stérile,rends-

128 1795 45 20 moi
185 1799 48 15 mes
239 1791 89 22 enfants
336 1791 6 20 !
349 1800 10 10 »

153 1841 86 21 Vois-tu
248 1844 34 16 cet
289 1838 110 22 écrivain,
408 1843 26 14 ce
442 1835 113 23 ministre,
564 1838 34 16 cet

125 1869 130 22 industriel,
264 1874 25 13 ce
298 1864 157 23 mercenaire?
464 1864 30 20 lis
502 1867 41 16 ont
556 1862 43 20 mis

126 1899 13 19 à
149 1898 49 20 leur
207 1902 52 15 nom
269 1901 28 14 un
306 1901 22 18 y.
341 1894 42 20 Les
396 1892 147 21 malheureux
549 1891 6 19 !
570 1890 28 19 ils

111 1926 45 21 _âe
161 1922 216 28 üOi»tJ>jus.ainsi7ni
392 1921 91 19 Corses,
494 1920 23 18 ni
533 1918 65 24 Fran:

153 1966 42 20 Les
203 1965 82 21 Corses
293 1968 40 17 ont
346 1964 84 22 oublié,
439 1963 58 20 mais
504 1963 26 20 la:
541 1962 56 25 logi-

124 2001 45 18 que
183 1993 124 25 historique
315 1996 24 16 et
351 1992 179 25 géographique,
543 1990 52 22 elle,

124 2021 101 21 n’oublie
235 2021 81 25 jamais
324 2024 24 16 et
360 2026 25 14 se
394 2025 73 19 venge
477 2019 106 25 toujours
588 2025 7 12 :

124 2051 70 23 après
210 2049 38 20 160
264 2055 41 14 ans
313 2048 145 22 d’annexion,
475 2050 67 17 notre
556 2046 38 23 île,

124 2077 152 21 brutalement
288 2075 151 21 transforméé
451 2077 28 18 eh
494 2075 102 24 départe-

123 2109 73 19 ment,
205 2111 27 14 se
238 2104 268 21 meurtdedélabrémènt
514 2103 82 20 écono-

124 2134 79 24 mique
209 2138 24 14 et
241 2133 79 20 moral.

148 2181 74 20 Corse
229 2181 6 19 !
244 2186 56 19 peur
314 2186 104 14 mesurer
431 2179 22 20 la
466 2179 128 20 déchéance

122 2209 29 20 de
159 2213 40 16 ton
209 2214 63 20 pays,
278 2208 69 20 sache
354 2207 57 25 qu’il
421 2212 46 19 eut,
473 2214 29 13 en
511 2212 83 20 propre

121 2236 131 25 (embryons
257 2236 188 20 criminellement
450 2233 144 26 écrasés)dés

121 2265 126 20 industries
255 2264 85 20 actives
349 2264 28 19 de
390 2263 43 24 fer,
441 2262 111 22 d’étoffes,
565 2263 28 19 de

121 2293 109 24 poteries,
239 2292 28 20 de
275 2292 87 25 poudre
368 2299 7 17 ;
385 2297 46 14 une
439 2291 109 20 monnaie
556 2297 38 14 na-

120 2321 94 23 tionalé,
229 2321 38 19 des
280 2321 99 22 navires,
388 2326 31 13 un
428 2319 110 25 pavillon,
547 2325 46 13 une

123 2349 136 23 Université,
270 2354 43 14 une
321 2347 154 21 Constitution
484 2347 6 20 !

146 2396 29 21 Le
185 2396 78 23 Co.rse,
272 2396 81 23 dit-o.n,
362 2399 35 17 est
405 2395 129 25 changeant
539 2401 8 17 ;
553 2400 37 14 ses

118 2425 63 20 idées
189 2428 59 19 sont,
257 2423 173 23 affirmez-vous,
439 2423 58 20 dans
506 2423 86 20 un.état

119 2452 117 25 perpétuel
245 2452 28 20 de
280 2452 137 20 mutabilité.
427 2451 32 20 Eh
469 2451 60 20 bien,
543 2453 48 17 tant

119 2481 76 20 mieux
201 2481 6 19 !
218 2487 38 13 car
265 2480 53 19 c’est
326 2486 30 14 en
365 2479 129 24 changeant
502 2478 56 25 qu’il
567 2477 24 20 fi-

119 2509 48 19 nira
174 2514 42 19 par
222 2513 119 19 repousser
347 2513 56 14 ceux
412 2507 39 24 qui
456 2507 56 20 l’ont
517 2512 74 14 meur«

119 2536 30 20 tri
158 2540 23 16 et
190 2536 108 25 opprimé.

143 2583 47 20 Oui
200 2589 58 15 nous
266 2583 33 20 dit
304 2589 46 19 que
355 2580 143 23 îeCorsismé
503 2581 85 22 nVfera

117 2618 40 19 pas
171 2612 78 20 dévier
262 2617 83 14 encore
353 2616 45 15 une
405 2610 44 22 fois
458 2611 33 20 les
505 2610 86 20 Corses,

116 2640 30 19 du
155 2640 102 20 mauvais
265 2640 98 22 chemin,
373 2638 216 25 pôur-Iescoridûire

116 2674 40 13 sur
163 2669 35 19 les
206 2668 146 19 hauteurs.où
355 2667 25 20 Je
388 2672 63 15 coeur
458 2672 24 14 se
491 2666 69 21 dilate
566 2669 22 17 et

117 2701 25 14 se
152 2695 89 24 purifie.

140 2743 75 20 L’âme
234 2743 136 20 autochtone
388 2742 122 21 fortement
529 2748 59 14 mar-

115 2772 58 23 quée
179 2772 28 19 de
214 2774 64 17 notre
282 2770 73 21 Corse
360 2774 68 17 esten
434 2770 85 23 conflit,
523 2776 64 14 sour-

113 2799 51 20 nois
169 2805 31 14 ou
206 2799 158 23 déclaré,avec
369 2805 31 13 un
407 2799 67 24 génie
478 2799 109 24 d’impor-

117 2827 82 20 tation.
433 2842 3 3 .
569 2845 3 2 .

138 2875 151 23 Patriotisme,
299 2876 28 19 où
339 2874 75 21 es-tu?
423 2875 43 20 Toi
474 2876 21 19 si
503 2875 82 20 délicat

113 2904 12 18 à
129 2902 15 20 d
147 2903 6 19 i
156 2909 10 13 r
167 2903 6 19 i
175 2909 49 18 ger,
226 2903 32 19 soi
261 2909 11 13 s
277 2903 85 20 clémen
364 2907 10 16 t
378 2904 13 19 à
396 2909 14 14 n
413 2909 26 14 os
444 2903 75 20 coeûrs
525 2907 37 16 tou
565 2909 20 13 r-

113 2931 89 19 mentés
208 2937 40 18 par
254 2931 21 19 le
280 2930 108 23 douté,ne
393 2931 112 24 dégénère
511 2930 72 24 point,

109 2958 24 24 je
149 2958 44 20 t’en
208 2958 96 25 supplie,
318 2965 30 14 en
362 2965 32 14 un
410 2958 174 25 bi-patriotisme

113 2992 138 19 mensonger
258 2986 6 19 !

137 3033 75 20 L’âme
221 3034 103 24 atavique
333 3034 84 22 reniée,
427 3034 22 19 le
458 3037 86 17 ressort
555 3033 28 20 de

113 3061 37 19 vie
159 3066 23 15 et
190 3061 94 20 d’action
293 3065 34 16 est
337 3062 69 20 brisé.

135 3108 31 20 Le
175 3108 115 21 Corsisme
300 3112 53 20 peut
361 3112 24 16 et
392 3108 48 20 doit
453 3109 100 20 enrichir
559 3109 22 20 la

109 3135 89 21 latinité
205 3137 67 19 d’une
280 3136 125 20 littérature
413 3137 116 23 nouvelle,
536 3136 47 20 d'u-

110 3169 27 13 ne
147 3163 158 20 individualité
317 3163 116 24 nouvelle,
442 3164 56 20 d'un
515 3170 66 19 corps

110 3191 70 19 social
191 3196 112 14 nouveau.
317 3192 4 9 ;
423 3191 5 9 ;
536 3198 3 3 •

133 3237 76 20 Oletta
216 3238 6 19 !
227 3238 97 20 Murato!
331 3239 72 21 Lento
409 3240 6 20 !
422 3240 134 20 Pontenovo
563 3239 15 21 !!

108 3264 107 25 Ouragan
221 3266 40 19 des
265 3265 62 21 deux
333 3267 103 20 arrivant
440 3272 49 16 tout
493 3269 12 19 à
511 3274 68 18 coup,

107 3298 57 15 avec
175 3294 30 18 de
217 3294 82 24 grands
312 3295 71 20 éclats
391 3299 23 16 et
427 3296 41 19 des
481 3294 100 27 fulgura-

107 3320 68 22 tions,
187 3321 101 20 tombant
304 3328 41 14 sur
356 3322 97 25 Gyrnos,
463 3324 119 21 boulever-

107 3351 52 15 sant
165 3351 60 20 tout,
238 3349 119 21 arrachant
365 3351 34 19 les
408 3351 103 20 volontés
519 3357 62 14 com-

107 3379 36 13 me
157 3374 41 20 des
211 3375 89 21 feuilles
314 3382 95 19 mortes^
424 3382 129 21 emportant
567 3380 12 18 à

104 3400 91 22 l’abîme
208 3409 44 14 une
267 3410 51 14 race
330 3406 84 19 d’élite.
429 3405 150 21 Pontenovo!

107 3427 135 22 Pontenovo
249 3431 6 19 !
262 3431 6 18 !
277 3432 77 20 Vallée
362 3433 30 19 du
405 3433 128 24 desespoir,
547 3439 34 13 ra-

108 3454 99 21 vîndeia
214 3457 108 25 trahison,
327 3460 101 19 cercueil
433 3460 55 20 delà
496 3460 83 20 Patrie!

110 3480 51 21 Sois
169 3484 88 19 maudit
263 3485 6 18 !
277 3486 31 18 toi
316 3487 41 24 qui
365 3493 26 14 as
398 3486 42 20 fait
447 3487 40 20 des
497 3488 83 20 Corsés

108 3508 12 19 i
127 3508 99 21 Schiavi
232 3511 98 23 migliori
333 3514 13 19 !

134 3554 73 21 Corse
215 3557 7 18 !
230 3563 72 14 aucun
311 3559 112 22 historien
436 3563 38 19 n’a
482 3569 27 14 su
523 3563 58 20 don-

109 3588 44 13 ner
159 3583 94 21 I’ex2cte
261 3591 90 15 mesure
358 3588 29 19 de
395 3592 34 16 tes
437 3589 118 21 douleurs.

651 265 43 19 Les
700 264 117 25 journaux
824 269 83 17 corses,
918 263 34 19 les
960 267 83 14 revues
1051 267 48 13 cor-

624 297 45 16 ses,
678 291 34 19 les
721 291 122 20 annuaires
852 296 85 16 corses,
953 293 55 15 sont
1019 291 79 16 autant

624 319 29 19 de
661 318 130 19 chaudrons
797 317 57 20 fêlés
860 318 30 18 où
897 322 58 13 nous
961 314 137 21 battonsdes

624 345 111 20 mélodies
740 345 13 19 à
759 344 57 20 faire
821 344 82 19 danser
908 343 41 19 des
955 348 61 16 ours,
1022 340 76 25 quand

624 373 16 19 il
648 372 98 20 faudrait
755 370 112 21 attendrir
874 370 34 20 les
917 369 89 20 étoiles.

650 420 43 19 Les
698 419 144 24 désagrégés,
848 417 34 20 les
887 414 211 26 hauts-préfets,les

624 448 42 19 bas
674 450 23 17 et
704 447 35 19 les
744 446 69 20 hauts
818 444 139 26 gardiens?..
964 443 52 20 Non
1024 442 75 24 ragio-

623 481 56 14 nam
683 475 28 19 di
714 474 43 22 lor,
762 479 39 14 ma
806 472 95 25 guarda
912 474 91 21 epassa
1008 470 11 19 !
1022 476 13 13 a
1042 469 45 20 écri
1089 472 9 16 t

625 504 75 19 Dante
708 502 29 20 de
745 502 63 19 leurs
816 499 145 22 semblables.

649 550 44 20 Les
697 550 88 20 bonnes
787 548 106 21 volontés
896 553 30 14 ne
930 546 103 20 suffisent
1037 544 59 25 plus;

624 578 17 20 •1
650 578 49 20 faut
706 579 14 18 à
729 577 21 20 la
759 576 73 21 Corse
841 576 40 19 des
891 574 113 21 volontés.

649 602 5 4 •

650 625 57 20 Dieu
716 627 36 17 est
760 623 73 25 grand
841 623 23 20 !..
873 622 30 20 La
912 621 36 20 vie
957 621 41 19 des
1004 619 94 25 peuples

623 657 35 16 est
663 650 141 26 longue...Et
809 656 45 14 une
859 649 58 20 aube
924 648 106 19 nouvelle
1036 647 62 19 vien-

623 681 41 19 dra
673 679 40 25 qui
722 678 47 20 fera
775 677 120 20 tressaillir
900 675 146 24 d’allégresse
1051 673 45 25 jus-

624 707 82 25 qu’aux
717 708 128 18 ossements
854 704 57 20 dans
919 703 34 20 les
961 701 135 21 tombeaux!

649 751 226 23 Uneaubenouvelle
881 749 93 21 viendra
982 748 115 21 L.Etdans

624 780 135 25 Morosaglia
772 780 22 19 la
809 779 53 20 voix
869 779 29 20 de
908 777 62 21 Paoli
985 779 110 19 montera,

623 810 90 24 géante,
718 814 52 14 vers
775 808 22 19 le
805 807 51 22 ciel,
862 805 106 25 remplira
974 805 34 19 les
1014 803 82 20 vallées

624 837 29 20 de
660 836 88 26 Cy.rnos
754 839 20 15 :«
779 836 20 19 A
805 835 46 19 moi
857 834 33 20 les
896 833 85 21 Corses
987 832 27 20 !A
1020 831 75 20 moi!!”

625 865 28 20 Si
655 867 98 23 scopron
758 863 22 20 le
785 862 84 23 tombe,
872 862 119 24 risorgono
997 866 8 13 i
1013 859 69 20 morti
1085 858 12 20 !

643 894 15 17 M
927 895 22 13 ---•
973 894 93 22 Orsini.
1092 894 7 10 1

641 1012 131 24 Çunferenze
784 1010 21 24 di
818 1018 12 15 u
842 1010 50 31 5310
902 1007 175 25 Cummendatore

777 1053 66 24 Faure
853 1051 93 25 Cristiani

647 1127 14 22 Ê
669 1130 111 19 cunferenze
788 1129 20 17 di
816 1129 44 22 Sgiô
867 1128 62 18 Faure
936 1125 89 20 Cristiani
1034 1125 61 22 sopr’a

624 1158 20 16 u;
650 1155 121 20 Sa.iitissimu..
778 1153 80 20 Sudariu
871 1154 21 17 di
903 1153 81 18 Turinu,
999 1151 96 18 unn’hanu

624 1182 87 17 mancatu
718 1180 20 18 di
745 1179 97 23 cuncoglie
849 1184 27 12 un
883 1182 102 14 numerosu
993 1175 82 24 publicu,
1081 1180 14 13 u

614 1220 3 3 .
625 1207 61 22 quale,
692 1206 99 18 avendune
799 1203 89 19 riserititu
896 1208 38 13 una
941 1202 50 18 forle
999 1201 96 19 emuzionc

625 1231 95 21 cristiauà,
729 1235 27 13 un
764 1230 16 18 si
790 1229 88 19 scurdarà
883 1228 38 18 mai
926 1228 19 17 di
953 1225 143 22 l’iiieffabilevi-

625 1257 53 17 sione
686 1256 20 17 di
712 1255 69 18 Nostru
795 1254 87 23 Signore,
890 1253 75 18 visione
978 1252 72 18 duvuta
1056 1255 12 13 a
1081 1255 14 13 u

615 1290 3 8 :
625 1286 55 13 sacru
688 1281 81 18 Lenzolu
777 1279 100 23 provatuci
881 1278 103 19 vërissimu
988 1278 24 17 da
1021 1277 75 17 l’orato-

616 1322 2 3 .
624 1308 28 17 ré.

634 1332 29 18 -Â
670 1331 117 23 spiegazione
795 1329 105 19 scientifica
908 1329 20 17 di
940 1327 97 23 l'imagine
1048 1327 19 18 di
1081 1331 13 13 u

625 1357 69 19 Cristu.
702 1356 105 19 Cracifissn
820 1355 107 22 riprudulta
940 1354 61 21 sopr’a
1009 1358 13 12 u
1036 1351 59 19 Santu

616 1387 4 14 :
625 1382 87 21 Sudariu,
722 1386 11 13 a
740 1381 49 18 forte
796 1381 60 22 logica
864 1384 11 14 e
882 1380 56 17 Farte
945 1380 70 19 slessu,
1022 1376 72 22 riuniti,

625 1406 120 21 afmunizzati
754 1407 23 18 ed
785 1405 81 23 espressi
874 1406 23 16 da
905 1409 12 13 a
924 1405 57 17 bccea
988 1403 20 17 di
1015 1404 14 16 h
1036 1402 60 18 talen-

624 1432 59 18 lùosù
689 1432 155 18 Cumoeendatore
852 1429 94 21 Cristiani,
954 1429 51 18 banu
1017 1427 78 18 lasciatn

625 1458 48 18 bene
680 1457 92 22 impressa
779 1457 21 17 in
808 1456 19 18 la
835 1456 63 18 mente
905 1455 21 17 di
933 1453 98 19 Fauditore
1039 1457 11 13 a
1063 1457 33 13 su-

625 1483 58 18 blime
697 1482 64 18 Verilà
774 1481 21 18 di
802 1486 14 12 u
824 1481 36 18 Diu
868 1480 48 18 fallu
926 1484 51 16 omu,
986 1478 110 18 inebiudatu

618 1512 40 18 :per
665 1507 77 18 riscallà
750 1506 11 18 é
771 1507 53 22 colpe
832 1506 20 17 di
864 1505 105 21 humanité,
983 1503 87 22 sepellitu
1084 1507 11 13 e

618 1532 124 19 Tisuscilalù.

646 1558 17 18 U
670 1557 73 21 Pannu,
749 1557 79 21 reliquia
834 1556 20 18 di
857 1555 79 21 Turinu,
942 1555 60 17 ferma
1010 1558 11 14 e
1028 1553 68 18 ferme-

624 1588 28 18 ra,
660 1583 102 18 fenomenu
768 1582 86 18 naluralc
862 1585 11 14 e
881 1581 62 20 santu,
950 1583 55 15 cume
1012 1579 84 17 leslimu-

624 1608 66 18 nianza
695 1609 63 16 eterna
763 1608 23 17 ed
791 1606 147 22 incumparabile
942 1605 21 18 di
967 1610 14 12 u
987 1604 68 18 Divinu
1059 1603 37 17 Pu-

625 1635 40 16 tere
678 1634 66 17 conlru
760 1634 49 16 lutte
817 1637 11 13 e
842 1631 95 23 negazioni
952 1630 110 18 interessate
1075 1628 20 17 di

625 1659 58 18 Faltei
692 1663 10 14 e
709 1658 6 18 i
725 1657 61 19 dubili
795 1657 24 18 d’i
831 1657 83 18 credeuli
923 1655 95 18 indecisie
1026 1654 69 18 irresu-

625 1684 42 18 iuti.

626 1798 104 17 Racontu
739 1796 23 18 di
770 1800 60 19 çapu
840 1795 87 18 d’annu.

733 1852 133 35 GhiaHine
882 1862 16 24 e
913 1851 77 35 Fafe.

648 1940 81 25 Grëju
741 1941 22 19 vi
772 1941 179 25 pôssüâssîcurà
961 1942 37 21 chi
1006 1949 26 14 so
1040 1940 52 24 foie!

624 1969 43 20 Per
675 1975 71 19 prova
755 1969 23 19 bi
788 1969 155 25 yogliuripete
951 1972 141 19 unacosain-

619 1997 52 20 itesa
679 2003 16 13 u
704 1997 104 23 primudi
817 1997 79 20 l'annu
905 2004 88 15 scorsu.

647 2024 197 24 Cisosemprein
862 2024 137 26 Ghiunsani,
1006 2033 12 14 e
1031 2026 61 22 forse

620 2052 59 21 àncu
687 2052 66 23 altrô,
768 2048 61 24 cerie
841 2052 106 21 chiocche
961 2053 77 25 fatatè,
1052 2056 40 20 tal-

621 2084 77 17 mente
706 2080 142 21 bioted’idee
856 2081 108 24 pratiche,
975 2083 42 20 che
1029 2083 7 19 i
1046 2090 46 14 rac-

620 2108 63 20 conti
691 2108 22 20 di
723 2107 45 21 fate
776 2108 20 20 ci
806 2109 158 21 rimbombanu
974 2117 13 14 e
993 2111 20 20 ci
1027 2111 20 20 si
1063 2112 29 20 ri-

620 2140 122 21 percotenu
752 2142 66 14 cume
826 2142 57 14 voce
890 2137 63 20 d’ecu
961 2144 14 14 a
988 2145 15 13 u
1019 2143 71 21 puntu

620 2163 146 25 diriempiele
774 2163 68 21 fin’au
851 2164 139 26 sulaghiolu.

645 2191 143 25 Dunque’sse
807 2198 98 19 persone
920 2195 137 21 credenu’nu
1077 2203 13 13 e

619 2218 46 22 fate
681 2219 89 20 attuali.
789 2219 87 21 Dicenu
899 2221 88 22 chi’sse
1010 2220 46 24 fate
1070 2225 20 19 si

619 2251 139 17 cuncertanu
767 2248 28 24 pè
804 2254 13 14 e
824 2249 77 24 grazie
909 2249 28 20 da
949 2251 86 23 spendé
1051 2252 39 20 du-

619 2282 66 17 rante
690 2279 82 24 1-annu;
776 2279 92 24 intieru,
878 2285 13 14 a
900 2286 13 14 e
928 2280 94 22 funtane
1035 2282 22 21 di
1074 2290 14 13 u

618 2307 101 26 paese,in
727 2310 72 21 puntu
808 2307 23 20 di
840 2313 12 14 a
863 2313 142 17 mezzanotte
1013 2310 23 20 di
1043 2311 43 20 u3i

617 2334 116 21 dicembre
740 2340 23 17 ;e
771 2334 37 21 chi
817 2341 41 18 per
866 2336 111 24 partificià
986 2338 28 20 dr
1025 2339 64 25 quel-

617 2363 22 20 le
646 2362 77 25 grazie
738 2362 76 25 fatate,
828 2363 94 25 bisogna
935 2365 120 22 d’anda’nu
1074 2374 13 13 a

617 2393 165 19 mezzanotte-a
795 2394 70 17 mette
877 2398 73 18 granu
970 2400 12 14 e
999 2394 48 21 risu
1062 2395 25 21 in

617 2419 87 24 l’acque
711 2418 29 20 de
752 2419 76 24 quelle
836 2418 102 26 funtane,
947 2427 14 14 e
969 2422 60 24 culà,
1043 2424 45 23 pri-

616 2447 48 24 gàe
672 2445 45 21 fate
726 2452 13 13 a
748 2446 62 20 mani
816 2446 118 25 aghiunte.

641 2474 73 20 Di’sse
722 2477 64 17 tonte
794 2475 24 19 in
827 2478 95 21 tupezzu
929 2477 20 20 ci
958 2478 36 19 n’è
1000 2478 39 20 dui
1050 2485 37 15 co-

616 2502 30 25 pii
659 2502 23 20 in
700 2501 127 21 Ghiunsani
845 2503 46 24 chi,
900 2510 98 15 nervose
1010 2512 12 14 a
1035 2506 49 21 l’ec-

616 2536 75 17 cessu,
702 2536 31 13 un
748 2530 138 23 surtarìanu,
895 2531 74 22 l’altre
983 2537 70 22 notte,
1062 2536 24 19 dî

615 2564 52 14 casa
675 2558 49 20 soie
733 2564 80 14 maneu
829 2564 40 20 per
884 2561 56 23 sapé
951 2561 24 20 di
993 2565 92 19 scuntrà

615 2592 14 13 u
637 2591 70 19 sposu
716 2586 108 20 sunnîatu
842 2586 102 26 dispostu
950 2595 13 14 a
978 2588 53 23 falla
1048 2591 36 21 bè.

614 2613 36 20 Ma
656 2613 95 20 I’ultimu
760 2614 23 19 di
789 2614 80 20 l’annu
883 2616 133 22 ünn’hannu
1029 2625 57 19 pau-

614 2648 24 13 ra
650 2647 13 14 e
671 2647 104 17 correnu,
789 2645 89 21 quésta.
890 2645 12 18 à
916 2651 46 14 una
979 2639 104 32 fuhtâna,

614 2676 12 13 e
634 2669 75 25 quella
727 2669 102 24 aïl’altra,
845 2677 45 13 au
901 2671 22 20 fa
925 2676 22 16 ta
949 2676 25 17 tu
991 2673 94 23 rehdez-

614 2703 151 19 vous,pregnu
784 2698 24 19 di
824 2697 82 26 favori;
921 2706 14 14 e
947 2699 52 22 culà
1016 2704 69 19 sumi-

614 2724 113 26 neghianu
738 2724 47 21 risii
803 2732 13 13 e
827 2731 71 20 granu
917 2733 68 16 senza
1001 2730 84 25 rispar-

614 2753 54 20 miu.
780 2765 2 3 ■
797 2756 21 20 ?"

616 2791 3 13 :
637 2781 44 20 Per
689 2780 63 26 guasi
761 2782 103 20 tutte’ssë
872 2783 79 22 divote
966 2786 23 19 di
1001 2792 11 14 e
1028 2786 54 26 fate,

614 2809 74 20 l’annu
697 2813 25 20 27
731 2810 13 18 è
760 2810 60 21 stâlju
838 2810 135 23 calamitosu
981 2820 8 17 ;
996 2815 88 23 perdite

614 2837 20 19 di
643 2836 113 24 bestiami,
770 2837 28 24 di;
806 2843 69 19 ’pace,
884 2839 22 19 di
924 2841 98 21 carrière
1030 2850 7 17 ;
1047 2850 36 14 ma

614 2864 186 25 unn’importaye
812 2865 46 21 faté
866 2867 26 19 sò
903 2871 67 22 State,
985 2871 26 19 sò
1019 2877 13 14 e
1049 2875 35 17 sà-

614 2898 53 14 ranu
685 2898 13 14 e
714 2893 135 24 prutettricé
862 2893 70 23 disse
944 2897 140 24 eridanciuJè

614 2926 82 18 appese
703 2926 13 14 a
726 2926 30 14 un
766 2921 93 21 sonniu.

635 2948 33 20 Or
676 2948 7 19 i
690 2948 107 24 jallittoni
805 2951 104 23 sprunuti
921 2952 22 21 di
954 2956 35 17 tre
999 2959 85 20 oquab

614 2976 77 19 tr’anni
699 2981 57 15 sanu
766 2976 125 22 benissimu
899 2979 62 23 chî,u
971 2981 74 24 primu
1058 2984 23 20 di

614 3003 80 22 l’annu,
702 3010 12 13 e
723 3003 46 21 fate
776 3005 18 20 li
803 3011 97 15 serve»u
916 3014 31 14 un
965 3008 85 23 festinu
1066 3019 14 13 a

617 3037 13 14 e
637 3030 104 21 funtane.

633 3059 19 19 A
657 3063 148 21 mezzanotte,
814 3061 145 26 prîneipianu
969 3071 13 13 a
991 3070 92 17 scanta-

609 3086 53 23 rizà,
671 3087 68 25 eppoi
752 3088 19 19 si
789 3089 105 24 spollanu
909 3088 89 28 àppenâ
1015 3094 37 20 chi
1065 3102 16 13 u

606 3114 68 24 jornu
687 3116 118 19 cumeneia
814 3122 13 14 a
835 3116 131 24 schiarisce.
975 3120 35 20 Ma
1019 3121 64 21 inve-

608 3148 26 14 ce
641 3142 23 20 di
673 3142 83 24 aspittà
766 3149 12 13 e
783 3144 89 24 jalline,
887 3152 46 15 una
940 3154 42 18 per
990 3155 46 14 una
1044 3156 12 14 a
1064 3157 16 13 u

608 3170 139 20 tuvonediu
761 3172 152 25 puliinaghiu,
929 3181 41 18 per
983 3176 99 25 giughit-

607 3198 22 18 tà
638 3204 32 13 un
678 3198 99 24 suppulu
787 3205 13 13 a
813 3199 21 20 la
844 3206 65 15 corsa
922 3208 45 14 cun
977 3204 51 23 elle,
1041 3212 15 15 .e
1063 3206 16 20 ti

606 3225 121 20 chiamenu
740 3226 27 20 ed
776 3227 133 24 acçoglienu
922 3232 59 18 tutte
993 3238 27 13 eu
1030 3230 18 22 V
1054 3239 26 14 so

606 3253 137 20 cuccuricù!
759 3255 122 20 cuccuricù
889 3255 6 20 !
910 3259 122 20 cuccuricù
1039 3259 7 21 !
1066 3268 15 13 e

606 3280 113 20 l’abbianu
726 3280 23 20 in
758 3281 75 21 banda
842 3283 61 21 versî
911 3291 14 13 e
933 3285 148 24 funtane.Cu-

605 3308 21 20 là
635 3308 100 25 ghiuntï,
744 3310 54 24 ogni
804 3309 58 26 jallu
870 3309 77 28 Iànipa
955 3312 41 23 dui
1004 3309 77 28 aliitti-

606 3337 30 19 mi
645 3336 96 25 speciali
751 3343 46 18 ca;a
807 3339 159 25 inânghiusca»
979 3344 60 24 eppô
1048 3351 31 13 un

605 3364 72 24 perde
685 3367 77 21 tempu
772 3366 95 24 s’empie
879 3368 114 24 anch’ellu
1008 3375 48 17 ottu
1064 3379 15 13 o

605 3391 56 20 dece
669 3391 62 20 volte
743 3398 13 12 a
766 3392 83 24 bòccay
858 3397 59 19 tuttu
926 3398 156 25 zarpittendu,-

605 3424 42 18 per
670 3419 91 19 mettesi
781 3420 25 21 in
828 3421 85 22 ticchîu
923 3431 8 16 ;
946 3422 132 25 finaiméhte

605 3445 94 24 quandu
708 3452 16 12 u
732 3446 84 24 gobbiu
825 3448 14 20 è
847 3449 159 28 abbagagliatu
1015 3460 13 13 e
1039 3454 39 20 chi

605 3476 59 16 tutte
672 3479 14 13 e
691 3473 82 24 jalline
780 3476 27 20 sò
815 3476 116 23 affanhàte
940 3486 12 14 a
961 3481 85 23 pizzicà
1061 3489 16 14 u

604 3506 82 18 granu,
696 3507 13 13 e
716 3501 18 19 ti
742 3502 168 26 salficchiégbia
919 3513 87 16 manse.
1016 3515 63 14 man-

605 3532 33 15 se.
651 3542 6 5 .
665 3528 36 19 Ah
710 3528 5 20 !
723 3529 36 19 chi
768 3530 68 21 festà!
846 3532 125 23 Benedette
982 3536 65 22 sjanu
1063 3543 14 14 e

605 3553 47 21 fate
659 3553 5 18 1

782 3593 24 23 U
813 3594 96 24 Eimitu
916 3597 29 22 di
951 3597 96 24 Padru.

1219 111 93 69 La
1337 103 321 71 Nouvelle
1689 95 317 87 Question

1305 195 621 77 D’Alsace-Loraine

1352 331 24 36 A
1393 339 108 35 propos
1519 327 39 36 du
1575 326 103 45 procès
1698 324 36 36 de
1751 324 115 35 Colmar

1150 404 71 20 Semu
1227 404 65 24 felici
1298 403 27 21 di
1332 403 69 19 mette
1414 401 37 18 sot
1451 401 25 17 tu
1484 404 17 13 a
1515 398 11 19 1
1532 396 65 24 occhj

1124 431 36 19 d’i
1163 432 75 19 nostri
1240 431 82 21 lettori,
1327 429 95 23 l’impur
1422 425 133 22 tantissimu
1560 430 37 13 ar-

1124 458 74 21 ticula
1205 458 40 20 chi
1250 456 15 22 ii
1273 458 51 25 sgiô
1332 455 82 22 Alcide
1422 454 85 23 Ebray,
1517 451 79 20 anticu

1124 486 110 20 ministru
1241 486 114 20 resideiite
1362 483 28 19 di
1396 481 109 21 Francia,
1515 479 33 20 ha
1554 482 42 21 pu-

1124 514 90 20 blicatu
1223 512 57 21 idla
1295 512 78 21 Révue
1382 510 28 19 de
1420 508 109 25 Hongrie,
1543 507 26 19 di
1581 512 15 13 u

1126 541 28 21 i5
1161 539 156 26 agostü'igSj.

1148 569 116 22 L’autore,
1274 566 123 21 nutissimu
1402 565 33 24 pè
1440 565 10 19 i
1456 569 27 15 so
1490 562 75 20 studii
1571 561 27 20 di

1121 596 102 24 pulitica
1237 592 194 23 internaziunale,
1446 591 33 19 ha
1492 592 74 18 avutn
1580 595 15 13 a

1122 623 133 25 gentilezza
1269 622 27 19 di
1303 619 158 21 autorizzacci
1471 624 16 13 a
1501 617 94 24 stampà

1123 652 25 19 in
1157 651 23 20 le
1188 653 77 18 nostre
1272 649 96 20 colonne
1376 654 16 13 u
1399 653 27 13 so
1434 646 90 20 lavoru,
1533 646 63 22 sgnt-

1124 681 52 17 tatu
1180 679 34 19 da
1219 685 16 13 a
1238 680 79 22 penna
1321 676 56 19 d’un
1381 674 107 25 sapiente
1492 679 13 13 e
1509 672 56 20 d’un
1568 671 28 20 ’o-

1124 714 15 12 n
1140 706 104 20 est’omu.
1272 706 5 11 ‘

1118 732 12 4 "
1147 731 196 27 Rappurtenduhi
1357 730 24 20 a’
1389 729 116 26 quistione
1521 733 73 16 corsa,

1122 761 137 22 sfarticulu,
1265 760 25 19 lit
1298 761 36 18 cio
1339 758 39 20 chi
1382 764 44 14 cun
1427 762 69 14 cerna
1502 762 14 13 e
1523 755 72 20 minu-

1123 795 75 14 ranze
1209 786 126 23 naziunale
1349 792 13 13 e
1369 784 165 26 l’oppressione
1547 783 24 20 di
1580 788 16 14 u

1122 823 107 19 guvernu
1236 815 112 25 francese,
1363 811 195 22 cuntribuisciarà
1570 810 25 20 in

1122 845 71 20 modu
1199 843 121 26 définition
1325 848 16 14 a
1347 841 169 24 l’edificazione
1521 839 28 20 di
1552 840 44 19 tut-

1122 873 20 19 ti
1145 872 77 25 quelli
1225 871 37 21 chi
1264 876 28 15 so
1295 871 32 24 pè
1331 876 15 14 u
1352 869 18 20 d
1368 870 33 19 rit
1400 871 25 17 tu
1431 868 66 24 epèa
1502 867 69 20 libert
1570 866 23 20 à.

1147 931 32 20 Le
1188 931 80 25 procès
1275 928 40 26 qui
1324 927 53 22 s’est
1382 927 94 21 déroulé
1481 928 14 19 à
1504 925 91 21 Colmar

1121 966 28 13 au
1159 959 60 20 mois
1227 956 80 22 d'avril
1316 956 100 22 dernier,
1425 959 22 16 et
1454 954 58 20 dont
1519 954 16 20 il
1544 959 50 14 sera

1121 987 64 25 parlé
1195 986 51 25 plus
1254 984 56 22 loin,
1320 990 12 13 a
1342 983 68 20 attiré
1417 982 129 21 l’attention
1555 987 40 14 sur

1121 1021 26 14 ce
1152 1015 70 24 qu’on
1232 1016 53 23 peut
1290 1012 95 25 appeler
1388 1011 22 20 la
1418 1010 105 20 nouvelle
1529 1015 66 19 ques-

1121 1043 48 20 tion
1179 1039 231 23 d’Alsace-Lorraine.

1146 1070 139 20 L’ancienne
1306 1067 106 23 question
1431 1065 164 22 d’Alsace-Lor-

1121 1098 72 22 raine,
1212 1097 39 25 qui
1260 1097 54 20 s’est
1328 1096 69 25 posée
1406 1095 29 20 de
1449 1094 48 25 1871
1508 1094 14 19 à
1536 1093 57 24 1D19,

1121 1125 136 22 c’est-à-dire
1265 1124 30 20 du
1306 1123 66 20 traité
1381 1121 152 22 deFrancfort
1541 1121 13 20 à
1560 1127 35 14 ce-

1120 1154 31 20 lui
1161 1154 29 20 de
1199 1152 130 23 Versailles,
1338 1151 117 20 consistait
1463 1150 14 19 à
1489 1149 77 20 savoir
1574 1148 19 20 si

1121 1180 216 22 l'Aisace-Lor.raine
1347 1178 105 21 resterait
1460 1178 13 19 à
1485 1176 110 21 l’Allema-

1121 1216 45 20 gne
1174 1216 30 14 ou
1214 1209 20 20 si
1242 1208 43 21 elle
1293 1207 149 21 feraitretour
1449 1207 14 19 à
1468 1205 22 21 la
1500 1205 93 20 France.

1146 1238 32 20 La
1191 1236 106 21 nouvelle
1310 1235 106 25 question
1431 1232 164 22 d’Alsace-Lor-

1121 1266 65 21 raine
1194 1264 99 21 consiste
1307 1264 14 20 à
1329 1263 76 20 savoir
1414 1264 115 18 comment
1542 1260 53 20 l’Al-

1121 1292 172 23 sace-Lorraine
1301 1298 83 19 pourra
1389 1290 115 25 s’adapter
1510 1289 13 20 à
1529 1289 65 19 l’Etat

1121 1321 108 25 français,
1243 1320 84 26 auquel
1336 1319 44 20 elle
1393 1325 12 13 a
1420 1318 40 20 fait
1474 1320 78 17 retour
1564 1323 29 13 en

1120 1354 66 17 vertu
1205 1350 30 19 du
1243 1349 69 20 traité
1324 1348 29 19 de
1366 1345 133 22 Versailles.
1512 1345 19 20 A
1543 1350 50 19 pre-

1121 1378 71 20 mière
1201 1383 50 17 vue,
1260 1377 20 19 si
1289 1376 46 20 l’on
1340 1381 29 14 ne
1377 1374 71 20 tenait
1453 1376 91 21 compte
1549 1378 45 18 que

1121 1407 68 19 d’une
1197 1405 95 25 opinion
1301 1403 41 26 qui
1354 1410 13 13 a
1376 1403 36 20 été
1420 1401 45 21 fort
1479 1400 115 25 répandue

1122 1435 28 20 de
1160 1434 49 24 1871
1219 1433 13 20 à
1241 1436 59 22 1914,
1310 1432 16 20 il
1335 1430 102 26 pourrait
1443 1429 98 25 paraître
1547 1434 47 14 sur-

1121 1464 100 23 prenant
1229 1466 45 19 que
1282 1463 59 19 c.ette
1350 1458 104 26 question
1463 1457 82 20 existât
1550 1456 45 20 mê-

1121 1496 46 14 me.
1173 1489 34 20 En
1216 1488 60 23 effet,
1285 1488 88 25 d’après
1382 1489 59 17 cette
1450 1484 102 25 opinion,
1561 1484 33 20 les

1120 1515 244 24 Alsaciens-Lorrains,
1377 1514 58 20 dans
1443 1514 51 19 leur
1507 1518 88 15 ensem-

1122 1546 44 23 ble,
1175 1544 126 26 aspiraient
1310 1544 13 19 à
1332 1541 120 22 redevenir
1461 1540 107 25 français.
1577 1539 18 21 Il

1121 1569 330 27 sembleraitdoncque,l’étant
1458 1569 136 22 redevenus,

1121 1602 29 20 ils
1165 1604 93 17 eussent
1270 1600 31 20 du
1317 1597 194 22 immédiatement
1524 1603 26 13 se
1562 1602 34 14 re-

1121 1634 94 16 trouver
1224 1633 88 15 comme
1320 1626 54 21 chez
1383 1632 53 16 eux,
1444 1625 29 20 de
1481 1629 62 16 sorte
1551 1630 44 19 que

1122 1658 20 20 la
1160 1656 105 25 question
1281 1655 29 20 de
1328 1655 47 20 leur
1393 1653 132 25 adaptation
1545 1653 12 19 à
1574 1652 20 19 la

1123 1686 85 19 France
1218 1684 59 19 n’eût
1295 1683 72 20 même
1382 1687 41 20 pas
1437 1681 29 20 dû
1479 1687 25 14 se
1521 1686 74 19 poser.

1122 1713 57 20 Mais
1188 1712 21 19 la
1217 1710 141 21 réalité-était
1366 1709 77 20 moins
1451 1708 91 26 simple.

1148 1740 17 20 Il
1174 1743 37 16 est
1219 1745 103 14 convenu
1332 1744 44 19 que
1392 1737 125 20 l’ancienne
1532 1742 66 19 ques-

1122 1769 46 20 tion
1178 1766 223 21 d’Alsace-Lorraine
1410 1765 53 20 était
1470 1764 72 21 d’ordi
1547 1771 12 14 e
1565 1765 32 20 in-

1122 1795 145 23 ternational,
1274 1794 76 21 tdndis
1359 1799 44 19 que
1418 1793 20 20 la
1449 1792 106 21 nouvelle
1562 1795 35 18 est

1122 1823 92 21 d’ordre
1220 1822 178 21 exclusivement
1408 1821 109 23 national,
1527 1827 28 14 en
1571 1827 25 14 ce

1122 1857 54 15 sens
1185 1857 45 19 que
1243 1851 52 20 c’cst
1305 1856 45 14 une
1362 1849 107 25 question
1479 1849 29 20 de
1523 1849 74 25 politi-

1123 1886 45 18 que
1178 1879 124 20 intérieure
1312 1877 121 25 française.
1443 1877 53 21 Cela
1506 1881 35 16 est
1551 1877 46 20 vrai

1122 1908 68 19 d’une
1213 1906 100 20 manière
1322 1904 274 32 jgénénde.^^Toutefois,

1121 1938 110 24 national,
1239 1937 210 27 frarçço-alJemand.

1148 1971 36 15 uu
1200 1971 68 18 reste,
1278 1971 60 16 cette
1346 1971 106 21 question
1461 1974 25 14 se
1495 1971 101 18 rattache

1120 1995 12 19 à
1141 2000 32 14 un
1183 1994 117 24 problème
1315 1994 91 21 d’ordre
1414 1996 101 24 général,
1531 2003 64 14 euro-

1120 2022 66 25 péen,
1202 2022 58 19 celui
1273 2022 42 20 des
1328 2023 121 20 minorités
1462 2024 132 25 ethniques,

1119 2056 29 14 ou
1154 2049 205 22 bationaieslC’est
1366 2051 114 25 pourquoi
1486 2052 44 20 elle
1537 2053 58 20 n’in-

1119 2079 87 19 téresse
1212 2078 172 24 passeulement
1390 2079 21 20 la
1421 2079 88 21 France
1514 2085 23 16 et
1543 2081 51 20 l’Al-

1118 2106 114 25 lemagne,
1249 2106 58 20 mais
1321 2113 29 13 au
1360 2108 122 24 contraire,
1497 2115 29 14 en
1544 2112 49 18 tant

1117 2140 46 18 que
1184 2139 40 14 cas
1242 2134 130 25 particulier
1393 2140 101 20 pouvant
1519 2138 73 20 servir

1117 2162 133 24 d’exemple,
1259 2162 115 24 plusieurs
1383 2163 40 20 des
1432 2163 63 21 Etats
1504 2165 40 25 qui
1552 2170 40 16 ont

1116 2189 48 26 pris
1172 2189 158 21 naissance‘ou
1345 2191 39 24 qui
1393 2195 41 16 ont
1447 2193 35 20 été
1491 2193 52 25 plus
1560 2200 29 14 ou

1116 2217 77 20 moins
1202 2218 113 24 remaniées
1323 2219 13 19 à
1345 2219 20 20 la
1375 2220 59 19 suite
1442 2220 28 20 de
1477 2220 23 21 la
1508 2227 82 20 guerre

1116 2245 125 21 mondiale.
1250 2245 44 20 Car
1303 2250 60 17 cette
1369 2253 90 19 guerre,
1466 2249 69 24 qu’on
1542 2251 48 24 pré-

1116 2273 89 20 tendait
1214 2273 55 20 faire
1277 2280 29 14 au
1317 2281 52 14 nom
1380 2275 29 20 du
1419 2276 61 21 droit
1488 2277 40 20 des
1537 2284 53 18 peu-

1115 2301 50 25 ples
1178 2302 13 19 à
1198 2301 107 25 disposer'
1315 2302 168 26 d’eux-mêmes,
1492 2311 15 14 a
1520 2306 68 21 laissé

1114 2329 113 20 subsister
1251 2329 57 22 dans
1326 2331 114 25 plusieurs
1457 2332 64 22 Etats
1543 2340 45 14 une

1114 2357 108 25 question
1231 2358 40 20 des
1280 2358 124 26 allogènes,
1412 2360 34 20 les
1451 2361 62 21 rôles
1518 2364 70 24 ayant

1113 2385 36 20 été
1153 2385 152 25 .simplement
1313 2387 138 24 intervertis,
1460 2395 29 14 en
1493 2396 32 17 .ee
1533 2397 54 16 sens

1113 2419 46 19 que
1166 2419 59 14 ceux
1234 2414 37 24 qui
1278 2414 143 22 dominaient
1429 2416 50 21 hier
1487 2423 55 16 sont
1549 2426 38 15 au-

1110 2441 69 25 jourd
1187 2441 40 20 hiu
1236 2442 112 25 dominés,
1357 2447 22 17 et
1387 2444 162 23 inversement.

1137 2523 63 21 C’est
1210 2525 111 23 peut-être
1335 2532 28 14 en
1378 2526 88 22 France
1481 2531 72 23 qu’on
1564 2532 22 19 é-

1112 2557 89 19 prouve
1206 2552 21 20 le
1232 2552 50 25 pius
1290 2553 144 22 de.difficulté
1442 2557 61 20 aussi
1514 2558 50 21 bien
1571 2561 13 18 à

1111 2581 140 23 comprende
1262 2582 52 23 qu’à
1319 2583 113 21 résoudre
1439 2584 22 20 le
1470 2586 115 24 problème

1111 2606 297 29 ffës.àHogènes,.Difficulté
1416 2612 14 20 à
1439 2612 21 20 le
1469 2619 117 20 compren-

1111 2635 49 24 dre,
1169 2641 69 19 parce
1251 2640 45 21 què
1308 2638 21 19 la
1339 2637 86 22 France
1434 2644 41 19 est,
1485 2648 13 14 a
1508 2648 42 15 son
1564 2650 23 14 a-

1110 2666 107 23 vantage,
1227 2670 29 14 un
1269 2664 53 21 Etat
1334 2666 159 23 relativement
1508 2670 79 22 homo-

1110 2691 66 25 gène;
1183 2691 109 22 difficulté
1298 2699 14 14 a
1316 2693 21 20 le
1343 2695 184 27 résoudre,parce
1533 2706 51 18 que,

1110 2725 42 20 par
1166 2725 26 14 sa
1201 2721 243 27 structure'poiitique,
1457 2726 45 20 elle
1511 2732 34 16 est
1554 2735 29 14 un

1110 2745 53 22 Etat
1169 2747 209 25 particulièrement
1393 2753 121 22 centralisé
1522 2759 25 17 et
1561 2763 25 14 u-

1110 2773 64 22 nifié.
1307 2773 22 13 ‘:ï

1133 2802 21 20 A
1162 2802 22 21 la
1194 2803 54 21 base
1256 2803 40 21 des
1309 2807 176 24 -complications
1503 2812 39 23 qui
1552 2813 33 20 ré-

1109 2830 88 20 sultent
1205 2831 28 21 de
1241 2831 21 21 là
1267 2834 107 21 nouvelle
1383 2837 106 23 question
1498 2839 86 22 d’Aîsa-

1109 2858 155 25 ce-Lorraine,
1270 2860 16 20 il
1296 2867 16 17 y
1317 2867 24 16 .a,
1351 2863 27 19 de
1384 2863 21 20 la
1415 2869 51 20 part
1474 2866 29 20 de
1517 2867 67 21 beau-

1109 2891 60 20 coup
1174 2887 30 19 de
1212 2887 114 25 Français,
1336 2890 133 24 publicistes
1480 2900 31 14 ou
1520 2895 64 21 hom-

1106 2920 52 14 mes
1166 2915 131 26 politiques,
1307 2916 22 20 la
1336 2919 203 24 méconnaissance
1555 2924 28 20 de

1108 2948 27 14 ce
1142 2941 43 22 fait
1189 2943 117 21 essentiel:
1314 2950 44 18 que
1363 2946 34 21 les
1402 2948 181 24 Alsaciens-Lor-

1108 2970 72 22 rains,
1196 2971 47 20 s’ils
1251 2975 56 16 sont
1318 2972 39 21 des
1365 2975 103 25 citoyens
1484 2977 99 26 français

1108 2997 39 25 qui
1167 3005 30 13 ne
1206 2999 138 22 demandent
1358 3003 52 23 qu’à
1425 3004 48 20 être
1481 3005 29 20 de
1525 3007 58 21 bons

1108 3025 113 27 citoyens,
1245 3033 29 14 ne
1291 3031 53 16 sont
1360 3036 41 18 pas
1416 3032 42 20 des
1475 3033 107 26 Français

1107 3060 91 14 comme
1206 3054 33 21 les
1247 3058 85 21 autres;
1342 3058 67 23 qu’ils
1416 3063 61 20 sont,
1487 3067 29 14 en
1522 3063 61 20 d’au-

1107 3084 48 17 tres
1161 3085 91 20 termes,
1259 3083 44 23 des.
1309 3083 122 27 allogènes,
1441 3091 30 18 et.
1483 3095 60 18 pour
1550 3091 33 20 di-

1107 3115 25 13 re
1140 3108 213 27 brusquementTés
1367 3113 89 26 choses,
1469 3116 41 20 des
1523 3118 58 21 Alle-

1107 3136 170 26 mands-plutôt
1285 3144 45 19 que
1347 3140 40 21 dés
1401 3142 115 25 Français,
1534 3147 46 19 ceci

1106 3163 87 21 devant
1201 3165 130 22 s’entendre
1340 3173 29 15 au
1378 3170 99 24 pointde
1484 3177 45 15 vue
1535 3173 47 20 eth-

1107 3191 70 25 nique
1192 3196 23 17 et
1227 3193 149 31 intellectuel.
1391 3197 32 20 La
1440 3199 142 22 méconnais-

1106 3224 69 16 sance
1180 3220 30 20 de
1219 3227 25 14 ce
1252 3217 41 23 fait
1300 3218 116 27 "essentiel
1425 3229 82 17 trouve
1518 3232 63 20 peut-

1106 3246 49 20 être
1163 3252 43 15 son
1219 3248 135 26 explication
1369 3252 59 21 dans
1440 3253 141 26 l’incapacité

1106 3274 29 19 de
1143 3275 151 25 comprendre
1301 3279 45 22 què
1354 3279 41 21 des
1402 3287 57 18 gens
1464 3281 29 20 de
1502 3288 79 16 raceet

1106 3301 32 20 de
1155 3301 86 26 langue
1261 3303 147 28 allemandes,
1426 3309 14 19 à
1462 3310 117 21 condition

1105 3328 71 25 qu’on
1184 3330 37 20 les
1229 3333 145 21 reconnaisse
1381 3338 23 17 et
1412 3336 68 24 qu’on
1489 3337 34 20 les
1529 3339 51 20 trai-

1104 3360 37 16 tes
1149 3363 90 14 comme
1246 3359 50 22 tels,
1311 3366 100 19 peuvent
1419 3363 48 20 être
1480 3364 30 21 de
1522 3366 57 21 bons

1105 3388 23 16 et
1135 3384 86 24 loyaux
1227 3385 102 27 citoyens
1336 3388 108 25 français.

1130 3411 136 21 L’historien
1273 3414 66 22 Jules
1356 3417 115 23 Michelet,
1489 3421 40 23 qui
1545 3426 34 16 est

1104 3439 210 24 particulièrement
1320 3445 106 26 apprécié
1434 3449 21 16 et
1461 3449 118 23 populaire

1104 3472 28 13 en
1141 3466 97 24 France,
1247 3474 12 13 a
1268 3469 58 21 étóis
1334 3472 13 18 à
1354 3473 122 24 propos.de
1483 3474 94 23 l’Alsace

1103 3493 157 25 un.jugeinënt
1268 3497 13 19 à
1288 3496 24 22 U
1321 3498 44 20 fois
1372 3499 72 21 fondé
1453 3507 71 18 quant
1535 3511 43 14 aux

1103 3520 63 24 faits,
1173 3521 60 22 mais
1241 3526 140 21 contestable
1393 3532 73 18 quant
1473 3530 12 19 à
1494 3530 22 20 la
1524 3538 54 15 con-

1103 3547 91 22 clusion
1212 3550 53 23 qu’il
1274 3552 63 22 tirait
1351 3553 40 21 des
1399 3554 62 23 faits.
1482 3557 95 24 Comme

1102 3579 91 20 savant,
1202 3576 17 20 il
1228 3583 28 15 ne
1264 3581 94 21 pouvait
1365 3587 48 19 pas,
1430 3583 58 20 ainsi
1496 3591 47 19 que
1555 3588 22 20 le

1101 3602 52 21 font
1157 3603 43 20 des
1207 3605 133 25 publicistes
1349 3612 22 17 et
1378 3610 41 20 des
1428 3610 104 24 hommes
1538 3622 39 18 po-

1621 395 194 24 litiques,ignorer
1823 392 82 25 queles
1911 391 117 20 Alsaciens
2033 392 61 19 sont,

1622 422 179 25 ethniquement,
1811 420 40 19 des
1859 419 140 20 Allemands.
2008 417 65 21 Mais,
2081 416 14 19 à

1623 455 68 14 cause
1704 449 29 20 de
1741 448 56 23 cela,
1813 448 17 19 il
1845 446 141 21 commettait
1999 446 96 19 l’erreur

1622 477 28 19 de
1657 476 88 20 vouloir
1753 476 34 20 les
1795 475 100 22 exclure,
1906 481 28 13 en
1944 473 99 25 quelque
2048 478 47 14 sor-

1621 508 31 20 te,
1668 504 27 20 de
1709 504 66 20 l’Etat
1788 503 105 24 français.
1909 502 64 20 Dans
1986 507 41 14 son
2042 500 54 20 His-

1622 532 57 20 toire
1686 531 30 20 de
1719 532 97 22 France,
1823 530 90 25 publiée
1919 536 28 13 en
1954 528 58 23 i833,
2021 528 16 19 il
2052 531 43 16 tra-

1622 559 45 24 çait
1679 565 26 14 ce
1713 559 54 24 qu’il
1777 558 99 25 appelait
1884 564 31 13 un
1925 556 103 21 «tableau
2038 555 56 20 delà

1623 587 105 22 France»,
1743 590 60 16 sorte
1812 586 29 19 de
1850 585 138 24 description
2003 583 42 20 des
2054 582 41 21 dif-

1622 613 98 20 férentes
1725 614 92 24 régions
1825 613 140 20 constituant
1973 612 20 19 la
1999 611 95 20 France.

1622 641 57 20 Mais
1684 641 15 20 il
1705 641 93 20 arrêtait
1806 640 188 20 ce«tableau»aux
1999 638 95 25 Vosges.

1622 669 18 19 Il
1645 675 29 13 ne
1680 668 86 20 voulait
1771 674 41 19 pas
1817 674 15 18 y
1838 667 150 24 comprendre
1993 666 101 21 l’Alsace,

1622 702 68 19 parce
1696 702 53 19 que,
1756 696 102 22 disait-il,
1866 695 68 20 «c’est
1939 695 21 19 la
1966 695 83 24 langue
2056 693 39 25 qui

1621 724 41 20 fait
1670 724 20 19 la
1700 723 154 21 nationalité».
1863 723 42 20 Les
1911 722 117 21 Alsaciens
2033 723 64 18 étant

1621 752 29 20 de
1658 752 85 25 langue
1750 751 136 22 allemande,
1892 751 29 19 ils
1936 750 84 21 étaient
2028 750 67 22 donc,

1622 786 57 18 pour
1695 780 41 23 lui,
1752 780 28 19 de
1798 778 135 21 nationalité
1953 777 142 21 Allemande.

1621 807 66 21 Aussi
1696 807 141 23 associait-il,
1847 807 57 20 dans
1912 813 31 13 un
1951 806 95 25 langage
2055 805 40 26 pit-

1621 839 107 21 toresque
1746 839 23 16 et
1777 834 162 26 sïmpathique,
1957 833 139 25 Strasbourg

1622 870 43 14 aux
1678 867 78 17 autres
1764 863 66 20 villes
1848 863 113 20 rhénanes
1971 861 25 25 (t.
2015 861 25 23 Il,
2057 867 38 19 pp.

1621 890 94 26 78—79)-

1646 922 24 20 Si
1684 922 118 24 beaucoup
1818 922 30 20 de
1856 921 115 25 Français,
1986 920 111 25 aujourd’¬

1621 950 48 23 hui,
1683 956 25 14 se
1717 950 101 20 refusent
1826 951 14 19 à
1854 950 142 20 reconnaître
2009 955 31 13 un
2056 948 41 20 fait

1621 984 45 19 que
1670 978 203 24 Michelet,comme
1878 981 118 20 savant,ne
2002 976 95 25 pouvait

1621 1012 41 19 pas
1670 1007 162 22 méconnaître,
1848 1007 54 19 c’est
1910 1005 111 25 peut-être
2029 1004 67 25 qu’ils

1620 1033 145 25 s’imaginent
1779 1040 53 19 que,
1859 1033 48 21 s'ils
1927 1034 22 19 le
1967 1032 130 21 reconnais-

1620 1062 81 23 saient,
1708 1062 29 20 ils
1745 1062 100 20 seraenit
1853 1061 88 26 obligés
1952 1061 50 20 d’en
2012 1060 55 20 tirer
2074 1060 21 20 la

1620 1090 73 20 même
1699 1089 134 21 conclusion
1843 1096 45 18 que
1895 1089 106 20 Michelet
2010 1088 87 25 croyait

1620 1118 79 20 devoir
1714 1118 155 25 logiquement
1882 1123 28 14 en
1930 1118 62 23 tirer,
2010 1116 87 21 c'est-à-

1620 1146 52 20 dire
1682 1146 70 24 qu’ils
1767 1146 99 20 seraient
1877 1145 88 25 obligés
1984 1145 113 20 d’exclure

1619 1174 215 20 l’Aisace-Lorrainc
1843 1173 28 21 de
1879 1173 68 21 l’Etat
1954 1173 108 24 français.

1645 1202 36 20 On
1695 1208 28 14 va
1729 1202 91 25 jusqu’à
1829 1201 101 21 recourir
1938 1202 13 19 à
1961 1208 30 13 un
2006 1201 91 20 subter-

1620 1229 54 26 fuge
1686 1231 106 23 comique
1800 1235 59 20 pour
1865 1237 28 13 ne
1905 1236 41 18 pas
1954 1235 85 15 avouer
2053 1235 44 19 que

1620 1258 33 20 les
1666 1258 235 21 Alsaciens-Lorrains
1917 1258 90 25 parlent
2028 1257 69 21 l’alle-

1621 1286 75 20 mand:
1706 1286 15 20 il
1731 1289 34 18 est
1773 1293 105 14 convenu
1884 1286 68 25 qu’ils
1961 1286 90 24 parlent
2056 1285 41 20 «al-

1620 1314 97 23 sacien»,
1726 1320 88 15 comme
1821 1314 20 20 si
1851 1315 20 20 la
1878 1315 92 19 science
1978 1313 119 26 philologi-

1619 1342 211 24 quereconnaîssait
1838 1342 129 20 l’existence
1975 1342 67 20 d’une
2050 1342 47 20 lan-

1619 1375 45 19 gue
1677 1370 154 20 «alsacienne»
1846 1370 168 25 indépendante
2029 1370 29 20 de
2075 1370 21 20 la

1620 1399 83 23 langue
1711 1398 136 22 allemande,
1854 1398 58 20 ainsi
1925 1398 82 25 qu’elle
2020 1404 77 14 recon-

1621 1425 181 21 naitl’existence
1810 1426 68 20 d'une
1886 1427 85 24 langue
1979 1427 94 24 basque.

1646 1452 33 21 En
1690 1453 57 25 1878,
1761 1454 57 21 dans
1826 1460 26 14 sa
1865 1454 112 21 Nouvelle
1999 1454 98 25 Géogra-

1618 1481 56 25 phie
1683 1482 148 23 Universelle,
1840 1482 74 21 Elisée
1923 1483 83 20 Reclus
2019 1488 78 15 recon-

1621 1509 95 21 naissait
1720 1511 62 19 aussi
1788 1510 21 20 le
1817 1511 114 20 caractère
1939 1510 113 21 allemand
2058 1510 39 20 des

1621 1537 124 21 Alsaciens.
1752 1538 55 21 Mais
1816 1538 15 21 il
1841 1538 75 21 faisait
1924 1545 46 14 une
1978 1544 119 19 remarqne

1621 1571 44 19 que
1671 1566 98 21 d’autres
1778 1572 83 15 encore
1869 1571 41 16 ont
1917 1566 64 23 faite,
1991 1570 24 17 et
2028 1573 30 18 qu
2067 1573 29 13 on

1621 1597 55 21 peut
1688 1594 111 25 invoquer
1808 1599 78 16 contré
1900 1595 21 20 la
1930 1595 88 20 théorie
2034 1595 63 24 sépa-

1622 1622 76 20 ratiste
1706 1622 28 20 de
1742 1622 114 21 Michelet.
1866 1623 18 20 Il
1892 1623 113 25 indiquait
2010 1623 21 20 la
2036 1623 61 20 simi-

1621 1649 70 21 litude
1696 1650 54 25 qu’il
1758 1657 15 18 y
1778 1657 12 13 a
1799 1654 66 17 entre
1870 1651 33 20 les
1908 1651 118 20 Alsaciens
2031 1655 25 16 et
2064 1651 33 20 les

1623 1677 89 23 Suisses
1728 1679 135 21 allemands.
1880 1679 41 24 Or,
1938 1685 39 15 ces
1998 1679 99 24 Suisses,

1622 1709 50 17 tout
1677 1712 28 15 en
1714 1707 64 20 étant
1785 1707 132 21 Allemands
1926 1714 42 18 par
1977 1708 20 20 la
2008 1714 54 14 race
2075 1711 22 16 et

1623 1740 41 18 par
1671 1734 21 20 la
1702 1734 90 26 langue,
1802 1739 50 17 tout
1857 1742 28 14 en
1892 1741 25 15 se
1923 1736 133 23 réclamant,
2064 1737 33 19 in-

1624 1762 206 25 tellectuellement,
1837 1763 187 22 AuDeutschlum
2035 1769 62 15 trou-

1624 1794 54 16 vent
1694 1794 50 17 tout
1760 1792 89 20 naturel
1867 1792 28 20 de
1909 1792 58 20 faire
1976 1793 81 24 partie,
2075 1796 22 16 et

1623 1822 24 17 et
1652 1819 92 20 veulent
1751 1819 57 21 faire
1817 1820 74 25 partie
1899 1819 54 22 d’un
1964 1820 52 21 Etat
2028 1821 31 20 où
2068 1821 29 20 ils

1624 1847 78 20 vivent
1709 1848 50 20 côte
1767 1848 13 19 à
1790 1849 50 19 côte
1848 1854 56 15 avec
1911 1848 42 21 des
1961 1849 136 25 compatrio:

1624 1878 34 17 tes
1667 1875 39 25 qui
1712 1882 25 14 se
1750 1876 132 24 réclament,
1891 1883 28 14 au
1933 1877 101 25 pointde
2052 1883 44 14 vue

1615 1900 481 46 ^msbim&às&etâisSiiîS:

1623 1940 69 20 nalité
1700 1947 91 19 propre,
1799 1948 55 15 sans
1859 1944 122 24 prétendre
1987 1946 107 21 s’assimi-

1622 1968 34 20 ler
1664 1969 32 20 les
1705 1969 58 20 deux
1771 1974 85 17 autres.

1647 1996 115 26 Pourquoi
1771 1998 37 25 n’y
1816 1999 191 27 aurait-il'pasdés
2013 2002 80 22 «Fran-

1620 2024 46 23 çais
1679 2025 148 25 allemands»,
1846 2029 142 24 représentés
2003 2037 41 18 par
2058 2032 34 21 les

1620 2052 117 21 Alsaciens
1744 2057 23 17 et
1784 2054 33 21 les
1826 2054 116 27 Lorrains,
1951 2064 87 16 comme
2047 2060 16 20 il
2076 2067 15 18 y

1619 2086 13 14 a
1640 2080 40 21 des
1698 2080 102 23 «Suisses
1812 2083 147 26 allemands»,
1975 2088 116 24 représen-

1619 2109 34 19 tés
1661 2115 41 19 par
1709 2110 34 20 les
1748 2110 104 25 Bernois,
1857 2112 34 21 les
1899 2113 127 26 Zurichois,
2033 2117 58 20 etc.?

1643 2136 36 20 On
1697 2142 53 20 peut
1758 2138 100 22 affirmer
1874 2147 45 19 que
1934 2142 19 20 si
1971 2143 62 21 l’une
2048 2144 40 22 des

1617 2165 57 20 trois
1688 2172 64 15 races
1764 2168 39 24 qui
1817 2168 78 21 vivent
1903 2176 29 13 en
1942 2169 79 23 Suisse
2035 2179 55 14 vou-

1617 2193 40 20 lait
1670 2193 106 21 dominer
1784 2196 33 20 les
1830 2196 58 21 deux
1896 2202 78 17 autres
1982 2203 22 17 et
2017 2206 25 15 se
2054 2201 34 21 les

1615 2222 122 24 assimiler,
1744 2223 15 20 il
1766 2229 24 14 se
1796 2224 127 24 produirait
1929 2226 56 21 chez
1990 2228 33 21 les
2028 2229 60 21 deux

1615 2253 76 17 autres
1702 2257 188 16 un.mouvement
1906 2255 126 26 centrifuge
2046 2259 39 23 qui

1614 2278 34 20 les
1656 2278 66 21 ferait
1727 2285 25 14 se
1761 2281 140 23 rapprocher
1913 2283 174 26 politiquement

1614 2306 101 20 desdeux
1720 2308 85 23 grands
1811 2308 63 21 Etats
1880 2310 85 22 voisins
1971 2312 116 23 donteJJes

1614 2338 100 20 peuvent
1721 2341 26 14 se
1755 2336 119 21 réclamer.

1638 2362 31 21 La
1677 2363 124 21 similitude
1808 2365 113 25 qu'Siisée
1931 2367 83 22 Reclus
2024 2374 62 17 trou-

1613 2391 47 19 vait
1669 2395 64 16 entre
1740 2391 34 21 les
1785 2393 119 22 Alsaciens
1917 2399 24 16 et
1949 2396 33 21 les
1994 2397 91 22 Suisses

1612 2419 126 20 allemands
1746 2420 47 21 doit
1798 2421 48 21 être
1854 2429 93 15 retenue
1953 2432 88 15 comme
2050 2433 36 14 ca-

1612 2447 158 25 ractéristique
1785 2449 30 19 dü
1835 2451 81 25 peuple
1936 2453 108 26 alsacien,
2065 2458 21 20 sj

1612 2481 26 13 ce
1656 2476 89 24 peuple,
1754 2483 28 13 en
1791 2477 61 25 effet,
1867 2479 127 26 s’identifie,
2004 2490 42 17 par
2063 2484 21 20 la

1611 2508 84 15 raceet
1707 2505 71 23 parla
1791 2506 91 25 langue,
1892 2514 28 14 au
1937 2511 82 23 peupie
2031 2512 59 22 aile-,

1611 2532 83 23 mand,:
1702 2533 15 19 il
1731 2539 28 13 en
1769 2533 79 22 diffère
1862 2535 13 20 à
1888 2538 100 21 certains
2002 2540 82 25 égards

1611 2566 42 18 par
1661 2560 93 26 l’esprit,
1768 2565 117 19 notament
1902 2571 42 18 par
1951 2566 85 26 l’esprit
2045 2575 39 18 po-

1610 2588 83 25 litique
1710 2589 57 21 dans
1779 2589 21 21 la
1810 2591 74 21 même
1896 2599 89 15 mesure
2001 2601 46 20 que
2060 2597 23 20 le

1613 2617 82 24 peuple
1703 2617 74 21 suisse
1781 2618 122 23 allemand;
1921 2629 10 4 ••

1847 2658 4 3 •
1857 2645 91 23 Alcide
1958 2647 94 27 Ebray.

1628 2670 53 15 Reçue
1688 2671 20 15 de
1714 2672 75 18 Hongrie,
1797 2669 111 21 -ioÿàiüel-^iu
1915 2676 41 15 Août
1961 2677 39 14 4927.

1801 2697 19 21 (à
1827 2697 67 24 suivre)
1981 2710 4 3 -
2003 2710 7 3 -

1683 2764 41 24 Pè
1736 2764 135 31 IPopuIl
1883 2767 117 28 Mmor-i

1633 2818 38 18 «On
1679 2823 24 14 ne
1711 2820 72 18 saurait
1795 2822 42 22 trop
1846 2823 74 21 appeler
1928 2824 107 21 Faltention
2047 2828 33 18 des

1609 2842 124 21 distillateurs
1742 2845 123 22 français.sur
1871 2848 20 18 le
1899 2849 95 20 débauché
2001 2852 79 19 intéres-

1608 2869 44 17 sant
1660 2869 79 22 qu’offre
1747 2870 84 23 l’Egypte
1842 2877 49 18 pour,
1897 2874 42 18 tout
1946 2879 22 15 ce
1977 2877 32 21 qui
2016 2879 30 17 est
2053 2879 27 17 al-

1608 2894 41 17 cool
1657 2898 23 13 ou
1689 2895 112 22 spiritueux.

1630 2919 29 17 Au
1667 2919 39 18 lieu
1713 2920 57 18 d’une
1777 2921 87 20 clientèle
1869 2924 149 21 exclusivement
2025 2933 54 14 euro-

1607 2943 72 22 péenne
1692 2949 72 14 comme
1779 2947 47 18 celle
1840 2949 25 17 du
1880 2950 65 22 début,
1959 2957 47 14 nous
2019 2958 59 15 avons

1607 2970 118 17 maintenant
1732 2975 38 13 une
1782 2972 88 19 clientèle
1878 2975 66 22 mixte,
1952 2977 46 18 dont
2005 2979 20 17 le
2039 2980 40 18 fac-

1607 2994 44 17 teur
1664 2995 18 18 le
1690 2995 43 21 plus
1747 2996 103 23 important
1862 3000 30 17 est
1905 3001 94 20 l’élément
2006 3006 72 17 musul-

1607 3023 51 14 man.
1681 3030 4 3 -

1630 3043 34 19 Cet
1671 3045 87 22 élément,
1768 3046 52 19 étant
1829 3052 82 21 pauvre,,
1920 3056 26 14 ne
1953 3055 45 20 peut
2006 3055 71 19 s’offrir

1608 3069 34 18 des
1651 3070 86 21 produits
1751 3071 85 24 deluxe.;
1847 3073 15 19 il
1872 3074 28 19 lui
1905 3076 43 25 faut
1960 3078 31 19 des
2001 3074 85 29 cognacs'

1607 3093 35 18 bon
1655 3095 71 18 marche
1739 3100 47 14 mais
1795 3100 87 21 pourtant
1895 3102 117 23 suf[dament
2029 3106 47 21 forts

1604 3123 49 18 pour
1658 3124 101 19 provoquer
1767 3121 85 21 Vivresse.

1629 3143 50 18 Pour
1690 3145 105 20 introduire
1802 3148 29 18 les
1839 3154 78 19 cognacs
1929 3153 12 18 à
1949 3154 37 18 bon
1994 3157 80 22 marché,

1606 3169 20 17 la
1632 3168 53 22 façon
1690 3170 24 18 de
1721 3172 89 20 procéder
1814 3175 49 18 serai
1866 3177 30 17 Lia
1903 3179 87 19 suivante
1996 3185 5 13 :
2008 3182 68 19 établir

1606 3198 39 13 une
1658 3199 68 17 agence
1741 3201 23 13 au
1777 3197 60 24 Caire,
1851 3205 48 17 pour
1914 3204 54 19 toule
1984 3206 84 21 l’Egvnlè

1605 3223 47 14 avec
1663 3224 27 12 un
1704 3220 55 23 dépôt
1767 3222 24 18 de
1804 3224 35 18 loû
1854 3226 11 17 à
1872 3226 35 19 200
1915 3229 76 23 caisses,
2004 3225 72 27 Fanent

1605 3243 61 19 choisi
1671 3246 57 21 ayant
1736 3250 23 14 en
1768 3249 54 18 outre
1829 3250 20 18 le
1857 3250 73 21 Soudan
1939 3259 70 16 comme
2017 3263 58 17 rayon

1605 3271 13 15 d
1625 3271 68 16 action.
1912 3276 3 3 ■
1961 3273 5 3 -
2038 3271 9 10 J
2077 3274 3 2 ■

1627 3293 41 19 Une
1675 3296 71 21 grande
1753 3298 91 22 publicité
1852 3303 29 17 est
1888 3303 104 22 nécessaire
2000 3312 48 16 pour
2055 3310 19 18 la

1604 3318 82 20 réussite
1694 3322 28 17 de.
1725 3321 87 21 l’affaire.
1851 3337 3 2 •
1999 3314 14 16 P
2055 3314 19 14 13

1626 3343 35 19 Les
1669 3350 93 15 annonces
1771 3349 46 19 dans
1833 3351 29 19 les
1869 3352 94 23 journaux
1971 3358 65 19 arabes
2044 3350 31 28 se-'

1604 3371 61 16 raient
1672 3371 63 18 seules
1743 3372 44 19 d’un
1790 3375 70 20 intérêt
1864 3362 209 43 sérieux,les^ournam'

1603 3397 104 19 européens
1721 3398 76 22 n’ayant
1805 3402 59 20 qu’un
1877 3403 57 20 faible
1941 3407 59 23 tirage
2008 3411 20 17 et
2034 3399 42 30 nVp

1603 3419 44 18 tant
1654 3420 30 18 lus
1692 3425 37 17 que
1740 3427 33 17 par
1781 3425 32 18 des
1821 3431 103 18 personnes
1932 3431 44 19 dont
1986 3434 86 24 l'opinion

1603 3443 88 50 cer%\
1711 3451 37 18 ^
1758 3450 204 28 C0nsé^tdimcilcS
1974 3459 11 17 à
1992 3459 80 24 influeur

1626 3502 80 26 Report
1718 3505 24 18 de
1754 3507 27 18 M.
1790 3509 17 18 le
1816 3509 65 23 Consul
1897 3513 22 19 de
1927 3514 19 21 la
1959 3517 111 21 Rénubliaue

1603 3526 90 23 française
1701 3535 24 14 au
1734 3531 51 20 Caire
1793 3535 89 25 {Egypte).
1961 3535 6 4 '
1983 3524 14 16 P
2029 3525 45 18 ique-

1939 3580 79 21 française,
2027 3584 22 15 dn
2061 3585 9 14 2

2227 85 73 36 Film
2317 87 38 36 du
2372 89 110 50 Maquis

2147 160 72 22 Nous
2228 167 78 16 avons
2313 164 120 26 toujours
2439 172 36 22 été
2481 178 27 21 de

2119 194 36 20 mi
2155 200 42 15 ers
2208 195 25 20 et
2249 200 67 16 nous
2327 202 90 20 serons
2426 187 145 47 totijou^'

2121 228 46 20 tere
2177 227 29 20 de
2215 233 63 15 ceux
2284 240 25 4 —
2317 229 33 22 ils
2356 236 58 19 sont
2420 235 79 30 lègi0n
2514 221 24 18 n
2547 230 22 17 611

2121 259 150 23 demandent
2289 267 60 17 sans
2369 270 26 16 se
2412 267 78 28 lasser
2505 257 65 34 "Vli

2120 292 92 21 veuille
2231 293 58 22 bien
2303 295 72 23 doter
2389 305 47 17 nos
2451 286 85 45 cent?"
2544 293 26 19 °ft

2119 327 105 20 surtout
2235 327 115 28 Ajaccio,
2365 331 30 21 de
2410 335 54 24 l0ui
2552 326 18 18 et

2121 358 32 21 ils
2166 360 44 20 ont
2220 365 35 15 un
2268 360 84 24 besoin
2368 365 127 30 immédiat
2536 356 34 21 °m

2147 391 73 22 Nous
2231 399 31 14 11e
2267 399 124 24 songeons
2397 402 73 24 point
2479 406 15 21 à
2501 415 25 16 ce
2533 420 13 13 n

2119 426 75 20 noire
2201 426 49 21 cité
2260 426 119 25 devienne
2388 438 35 16 un
2434 434 58 26 Nice
2500 428 70 36 en*

2120 458 103 22 niature
2234 461 24 20 et
2270 466 65 17 nous
2344 463 115 27 desirons
2466 453 105 46 mode7f'

2120 493 67 20 ment
2200 492 90 28 quelle
2302 500 30 15 ne
2343 500 53 19 sort
2405 501 47 26 fias
2467 504 83 29 désava

2120 525 69 28 tagèe
2202 531 33 16 au
2248 528 94 27 regard
2351 530 29 20 de
2388 536 121 26 certaines
2517 543 22 22 l0

2121 558 57 21 lités
2195 559 177 30 sénégalaises,
2393 567 137 30 malgaches
2540 554 25 16 ^

2121 592 150 21 annamites.
2546 587 27 18 °u

2150 624 38 21 Or
2193 624 22 21 il
2223 631 66 16 nous
2295 628 93 22 semble
2391 633 70 25 pour
2469 636 22 22 le
2500 646 57 20 moi,

2119 658 146 26 paradoxal
2280 660 73 27 q’une
2364 663 126 28 initiative
2499 675 54 25 priv

2116 692 107 26 gratifie
2236 698 51 16 une
2300 695 61 21 ville
2375 703 93 19 comme
2477 703 25 23 la
2511 710 54 22 nôh-

2121 724 93 22 dénuée
2224 726 30 21 de
2262 728 58 21 tout
2331 735 26 15 ce
2367 735 44 22 qui
2418 736 36 19 est
2465 736 29 22 dé
2503 733 56 33 pri-n

2121 760 128 25 nécessité,
2260 760 88 23 d'un...
2362 766 94 23 casino.
2557 753 18 16 U

2148 792 85 27 Ainsi,
2247 799 47 16 nos
2305 801 77 17 cours
2398 804 85 21 seront
2496 812 69 21 encor

2119 824 98 28 pleines
2226 826 30 21 de
2314 844 6 11 ,
2332 835 66 17 nous
2407 837 168 31 continuerons

2122 865 14 14 a
2144 864 65 17 110ns
2216 866 86 16 casser
2308 861 35 23 les
2349 865 72 22 reins
2427 868 24 21 si
2455 874 63 20 nous
2525 880 41 20 vou

2122 891 160 25 Ions--sortir
2300 897 77 27 après
2388 898 23 22 le
2429 905 104 23 coucher
2548 912 26 23 du

2120 927 82 25 soleil,
2209 933 66 16 nous
2283 929 24 21 id
2308 936 98 17 aurons
2408 932 48 28 fias
2461 938 106 28 suffiSm

2120 961 69 20 ment
2196 960 73 23 d'eau
2277 964 69 26 pour
2355 970 65 18 nous
2430 968 144 31 débarbouiU

2122 992 46 27 1er,
2181 1000 49 16 nos
2241 1001 61 16 rues
2312 1000 129 22 resteront
2451 1002 15 21 à
2479 1003 65 26 l'état
2553 1012 22 21 de

2116 1026 157 29 fondrières,
2287 1024 65 28 mais
2360 1033 105 27 Ajaccio
2477 1040 99 27 recèlera

2124 1066 62 16 (■.ans
2204 1067 39 16 ses
2257 1062 88 28 Jlancs
2364 1071 35 16 un
2414 1070 93 23 casino.
2520 1073 28 23 Et
2564 1079 11 20 à

2122 1093 121 24 l’endroit
2251 1096 77 23 même
2340 1098 34 22 où
2387 1106 63 17 110ns
2458 1106 118 27 espérions

2121 1129 58 21 voir
2197 1127 102 25 s’élever
2316 1132 107 29 quelque
2441 1136 136 29 crèche-mo-

2123 1161 52 22 dèle
2186 1167 33 17 ou
2233 1163 106 29 quelque
2351 1166 158 28 dispensaire
2518 1176 60 25 pour

2121 1195 104 25 enfants
2233 1197 189 28 malades,nous
2431 1207 102 21 verrons
2542 1209 36 21 s'é-

2122 1229 74 28 difier
2208 1232 37 19 cct
2263 1231 187 26 établissement
2466 1241 112 24 catastro-

2120 1263 104 28 phique.

2149 1296 24 22 11
2180 1299 36 20 est
2222 1299 59 20 vrai
2289 1305 47 22 que
2342 1305 28 16 ce
2378 1306 59 17 sera
2444 1306 67 25 pour
2519 1310 58 24 quel-

2123 1336 120 22 ques-uns
2261 1331 136 25 l'occasion
2411 1336 29 21 de
2453 1337 125 28 décrocher

2124 1370 47 15 une
2181 1364 80 23 solide
2275 1367 125 23 situation
2413 1370 29 21 de
2460 1376 116 25 croupier,

2122 1399 23 20 et
2149 1400 69 26 pour
2228 1405 46 16 110s
2280 1400 73 27 pères
2363 1402 30 21 de
2402 1403 98 26 famille
2507 1406 69 26 lemo-

2118 1438 48 21 yen
2180 1433 30 21 de
2221 1434 82 21 tenter
2315 1434 24 21 la
2352 1435 95 23 chance
2457 1444 29 16 en
2491 1441 85 26 jouant

2122 1466 194 27 régulièrement
2336 1471 23 19 et
2380 1472 196 26 consciencieuse-

2122 1502 67 20 ment
2196 1501 69 22 leurs
2273 1503 200 26 appointements
2480 1512 30 16 ou
2518 1508 58 25 leurs

2122 1536 111 20 recettes.

2149 1567 44 28 Ily
2203 1574 65 16 aura
2276 1575 34 16 un
2318 1572 48 26 peu
2375 1570 60 29 plus
2442 1573 28 21 de
2476 1574 98 25 bonheur

2124 1601 62 22 dans
2199 1602 35 22 les
2238 1603 99 28 foyers.

2149 1634 32 23 Et
2192 1642 33 15 un
2236 1639 49 25 pas
2298 1638 29 20 de
2340 1638 62 27 plus
2408 1645 56 16 sera
2470 1640 51 28 fait
2527 1649 46 17 vers

2123 1669 22 21 le
2156 1675 145 17 renouveau
2314 1672 29 20 de
2356 1675 74 19 notre
2439 1674 69 22 chère
2516 1676 29 22 île

2460 1702 2 2 •
2476 1695 6 12 i
2490 1702 3 3 -
2506 1699 4 7 :
2521 1699 3 4 *

2408 1712 144 26 Romanetti.

2272 1817 165 39 Âbbracciu

2144 1890 109 22 Nissunu,
2270 1890 23 20 in
2310 1891 152 23 ErbasLioln..
2472 1893 18 18 «i
2504 1895 73 16 nttAe-r-,

2119 1912 12 12 a
2138 1911 118 19 simpattca
2265 1912 93 20 signora
2366 1908 86 22 veduva
2459 1911 67 21 Laura
2532 1914 47 21 San-

2119 1933 56 20 tucci
2185 1940 27 14 eu
2227 1941 13 13 u
2252 1939 78 17 nostru
2344 1937 106 22 amicone
2470 1939 107 29 Ghiasepp’

2118 1961 88 21 Antonc
2215 1962 104 23 Mariani.
2329 1965 29 20 nè
2371 1965 23 20 dî
2403 1973 12 13 a
2425 1967 115 22 bellissînia
2549 1976 30 15 se*

2118 1993 45 19 rata
2177 1991 141 25 organizznta
2329 1999 40 19 per
2381 1994 144 27 festeggiallu.

2140 2018 107 21 Imbitatü
2259 2025 66 16 cume
2337 2021 95 21 frestere
2444 2030 40 18 per
2494 2025 65 21 trincà
2567 2033 11 14 a

2115 2046 8 20 I
2130 2053 74 14 onore.
2213 2048 22 19 di
2257 2049 38 20 ’ssi
2307 2060 4 3 •
2317 2048 70 23 felici.
2399 2052 135 26 scappaticci,
2540 2064 4 9 .•
2553 2061 24 14 un

2116 2075 66 24 pobbi
2191 2075 82 26 rifiutà,
2281 2078 69 20 moltu
2358 2079 39 25 più
2406 2079 36 23 chi
2450 2080 65 21 m’era
2529 2086 48 18 stata

2114 2104 88 21 sufïiata
2215 2111 12 14 a
2240 2105 102 25 prisenza
2351 2107 115 21 d’amatori
2479 2109 21 20 di
2513 2111 64 23 puesia

2114 2136 115 17 nustrana.
2236 2133 20 21 A
2265 2132 123 24 liostraMÜ
2391 2135 56 21 VRA
2453 2137 124 21 m’averebbe

2113 2161 92 25 letigatu
2217 2162 54 21 dinò
2280 2163 43 20 ella
2331 2163 41 21 s’io
2380 2164 32 20 mi
2419 2164 60 21 fussf
2490 2164 87 22 tiratùîn

2113 2190 54 20 coda
2174 2196 41 19 per
2222 2197 45 14 una
2274 2191 109 21 reuhione
2387 2192 75 21 duvea
2472 2196 71 18 liostra
2551 2200 27 14 sa-

2113 2224 35 17 cra
2157 2218 103 25 linguaè
2270 2226 13 14 a
2297 2220 94 20 l’onore.

2136 2246 17 21 U
2161 2246 63 25 vinu,
2229 2253 135 17 casi-sçarsu
2370 2249 23 20 in
2399 2249 27 21 sti
2434 2250 64 21 lucali
2504 2250 73 23 duv’el-

2108 2274 48 21 -l’un
2166 2275 19 20 si
2201 2281 29 14 ne
2239 2279 64 18 trova
2318 2283 84 15 niancu
2416 2285 47 18 per.
2470 2279 107 26 medicina,

2112 2303 73 20 curria
2193 2309 13 14 a
2216 2304 42 20 otri
2267 2304 42 21 ’ssa
2317 2311 59 18 sera,
2382 2306 29 20 da
2417 2303 59 29 puffè
2483 2310 56 17 sorte
2546 2313 31 14 an-

2108 2338 30 16 .cu
2145 2338 40 16 per
2191 2331 81 26 l’occhj
2279 2333 23 20 di
2311 2334 70 24 quelli
2393 2335 35 20 èhi
2435 2338 29 17 ün
2476 2334 28 21 rie
2511 2336 23 19 sô
2540 2335 36 20 mai

2110 2359 62 20 sazii.
2187 2359 9 20 I
2207 2360 90 21 biscotti
2310 2367 128 19 passavanu
2446 2369 12 14 a
2475 2364 101 24 paneraté,

2110 2393 12 13 e
2128 2388 120 20 micchette
2256 2389 20 19 ci
2285 2389 19 20 si
2313 2396 83 15 seranu
2405 2397 56 14 ancu
2468 2397 42 19 per
2524 2390 50 21 tütfu

2110 2413 131 28 jannaghiu,
2248 2423 13 14 e
2269 2424 14 14 u
2291 2417 96 23 licore.di
2394 2425 73 20 marça
2475 2419 100 25 pèedon-

2106 2450 32 15 :ne
2146 2451 39 14 era
2194 2446 86 19 servitu
2294 2452 13 14 a
2320 2446 131 26 riyucchera
2460 2454 13 14 e
2489 2453 12 14 a
2518 2446 56 28 occhj

2105 2473 82 24 ;chiosi,
2197 2473 84 28 a’gran
2298 2473 60 26 g.iôia
2379 2476 24 20 di
2412 2483 14 13 u
2435 2475 67 26 gentil
2519 2481 55 14 sessu

2105 2501 84 22 sâltatü
2196 2502 23 19 ih
2228 2502 103 25 àllegria,
2339 2509 13 14 e
2359 2506 121 18 numerosù
2489 2498 85 30 peri’oc-

2109 2530 97 20 casiorie.
2217 2539 4 3 -

2133 2558 17 20 U
2160 2559 124 24 pruverbiu
2293 2560 14 20 è
2315 2564 67 17 santu
2392 2561 158 26 eghiustuLchi
2556 2569 13 14 s

2109 2586 48 21 vole
2165 2587 119 25 abbelenà,
2294 2589 22 20 in
2325 2589 16 20 li
2354 2590 72 20 nostri
2440 2591 67 25 paesi,
2521 2597 51 19 vaga

2108 2621 11 13 a
2127 2621 13 14 e
2149 2622 69 14 nozze
2226 2623 14 14 o
2249 2618 84 24 aspetti
2341 2623 13 14 a
2365 2618 99 25 pulitica;
2473 2619 23 20 in
2504 2623 67 21 tempu

2108 2644 101 20 nurmale
2218 2651 35 14 un.
2258 2645 19 20 c’
2283 2646 13 18 è
2304 2645 41 21 che
2354 2652 14 14 a
2374 2646 128 26 stringhieu
2509 2647 54 21 curri

2106 2671 83 25 ghiolu.

2130 2699 104 26 Ghiente,
2246 2703 59 21 n’era
2314 2705 125 22 scalaürda
2449 2706 29 20 uni
2487 2703 83 27 capudi'

2107 2732 95 17 cantone
2211 2735 12 14 a
2232 2730 85 26 l’altru,
2327 2740 12 13 e
2347 2734 63 21 n’era
2429 2734 71 26 juntu:
2515 2738 51 14 aneu

2106 2761 43 15 una
2159 2763 90 16 manata
2259 2760 28 20 da
2297 2760 70 22 Boziu
2376 2763 50 20 c’un
2435 2762 108 23 sun.adôr.e
2554 2766 15 13 e.

2107 2785 120 34 “^P.aghin
2237 2787 24 21 di
2269 2790 111 21 canterini
2389 2791 23 20 di
2427 2797 78 15 sanna-

2129 2824 17 21 y
2182 2816 76 20 cantò.
2269 2816 18 21 E
2296 2818 138 24 cantedimu,
2444 2825 39 20 per
2488 2818 22 20 di
2525 2822 46 16 me-;

2105 2840 52 25 gliu,
2168 2848 27 14 eu
2205 2847 57 17 tutte
2273 2851 14 14 e
2295 2845 148 23 nostre’fórze
2450 2846 53 22 fiii’a
2511 2844 55 22 üri’o-

2106 2871 95 32 ra^“Ssai
2217 2873 95 21 tardiva.
2331 2874 24 21 Si
2372 2874 94 22 distirise
2481 2874 84 21 Caitaiiu

2105 2897 165 27 d’Erbaghiolu,
2277 2909 13 13 e
2300 2903 51 20 tutti
2366 2904 88 21 inseme
2467 2902 97 25 çullarmu

2105 2924 28 22 fin
2142 2933 13 13 a
2165 2933 13 14 e
2185 2928 68 21 stelie
2261 2931 52 23 quel
2316 2932 22 20 lu
2348 2933 105 22 sebbi.ritu
2459 2930 104 26 coppiucu

2105 2960 11 13 u
2129 2960 25 15 so
2161 2955 236 28 Iargu.imparentatu.
2411 2957 35 24 Ùn
2453 2960 21 20 ci
2488 2955 74 25 abbiai-

2105 2987 35 15 mu
2146 2989 66 15 versu
2217 2991 12 13 a
2234 2988 116 24 guagliula
2358 2989 43 20 che
2406 2988 89 27 quandu
2500 2993 12 13 a
2517 2990 46 21 pen-

2105 3011 56 20 Ciula
2170 3012 85 25 ajùtata
2264 3015 46 21 daa
2321 3017 103 21 vinaccia
2431 3017 20 21 ci
2457 3015 88 22 furzonu
2550 3017 11 14 a

2105 3038 24 19 dà
2142 3042 135 23 cumpiéndâ
2286 3044 13 20 â
2317 3051 46 14 una
2376 3046 47 20 cusi
2435 3044 56 22 belîà
2504 3041 56 21 fesia,

2105 3067 24 23 pè
2134 3074 17 12 a.
2156 3069 69 23 quale
2237 3077 28 14 ne
2275 3072 150 26 ringraziemu
2435 3071 73 23 tantu-i
2517 3074 44 20 spu-

2105 3095 192 27 satipreghenduli
2305 3108 42 14 una
2356 3102 122 22 bunissima
2484 3096 77 25 eindis’'

2105 3123 91 22 solubile
2202 3127 93 28 uniope.

2339 3161 86 22 Cesari
2437 3157 93 26 Sebbiu-

2158 3257 44 23 NO
2204 3259 46 23 VU
2265 3260 236 25 GUNFRATELLU

2127 3323 25 22 Ci
2169 3328 157 29 annuncianu,
2341 3332 30 26 pè
2383 3338 15 14 u
2407 3329 74 30 primu
2491 3326 61 22 ftirra-

2099 3357 54 28 giiiu
2165 3359 39 22 clii
2215 3367 83 22 venne,
2311 3370 13 15 a
2339 3363 162 29 pubjicazione.
2510 3358 31 26 di.

2278 3403 102 22 Cor-sica
2391 3423 4 3 .

2099 3430 102 29 Organe
2207 3434 44 23 des
2253 3436 210 23 Revendications
2472 3433 80 23 Corses

2098 3468 82 25 direll.ii
2193 3472 29 23 da
2232 3481 15 15 u
2256 3475 52 29 sgiô
2319 3476 52 22 Don
2380 3476 59 22 Paul
2448 3467 102 30 Leônclli-

2123 3502 240 29 L’amnn’nislrazione
2374 3516 35 16 c-a
2416 3501 134 29 direzionedi

2098 3538 34 21 stu
2152 3537 109 30 giurnale
2274 3544 27 20 sô
2319 3550 14 15 a
2352 3544 15 20 ti
2383 3547 97 18 nnmeru
2489 3537 28 23 oO
2530 3534 20 21 di

2098 3576 13 15 u
2122 3570 72 24 Corsu
2207 3573 138 30 Napulione,
2355 3577 24 21 in
2392 3574 100 31 Àjaeciu.

2122 3603 82 32 LongÂ.
2210 3607 47 23 vila
2266 3615 13 15 e
2288 3610 129 30 pr.usperilâ
2427 3616 14 15 a
2448 3610 37 21 sLu
2494 3606 54 21 novu

2098 3638 143 25 sunfralellu.
