2712 3948
209 159 41 51 U
273 161 72 52 Rè
370 163 50 52 di
445 166 202 54 Corsica

360 235 131 31 (Seguitu)

267 299 32 21 Tè
308 300 21 21 la
339 302 46 21 miò
393 304 101 20 caccia...

233 329 34 21 Un
277 331 30 20 mi
317 334 67 19 tuccà
393 340 27 13 eu
430 341 13 12 a
450 337 23 17 to
482 335 120 21 manaccia

197 359 88 23 Fredda
294 369 66 14 cume
369 370 31 13 un
409 364 45 24 pal’
462 364 23 20 di
494 364 73 21 farru.

198 390 50 22 EIlu
258 392 128 26 ’rugnendu
395 400 67 14 cume
471 401 31 14 un
513 395 69 21 barru
591 403 7 13 :

234 432 26 4 —
269 423 34 20 Un
313 424 78 25 bogliu
400 425 171 25 osservazione,

235 453 31 20 SÒ
274 454 37 19 eiu
319 460 14 13 u
343 457 97 22 patrone
447 455 32 20 !...

197 482 18 20 E
223 483 58 21 dava
291 484 22 19 di
323 484 70 25 pigliu
403 491 13 13 a
425 484 24 21 lu
459 485 103 21 bastone.

408 546 30 20 XI

197 584 35 20 Un
242 584 18 20 si
270 586 26 19 sà
305 585 37 24 po’
350 585 104 20 cum’elia
462 586 52 19 sia..

198 615 35 20 Un
242 615 124 25 ghiornu,u
375 615 33 20 Rè
416 615 164 25 girandulone,

236 646 78 20 Eccuti
324 646 59 20 ch’in
392 645 115 26 ghielusia

235 677 70 20 Entre
314 677 54 20 incu
377 677 24 20 lu
412 677 108 20 Pullone.

197 708 115 20 L’Arburu
322 707 193 25 lampa-pulenda,

235 739 64 20 Cena
309 745 13 13 e
331 738 108 20 merenda

237 769 17 20 E
262 768 127 21 cullazione

235 800 28 20 Di
272 806 13 13 u
296 798 87 25 Populu
392 798 170 25 Porta-pilone,

235 830 28 20 Di
272 829 75 25 penda
356 829 23 19 in
390 829 85 24 penda,-

196 860 105 22 Cullava,
308 858 121 25 magnifica
440 859 111 25 parenda,

234 890 33 20 Ad
276 890 55 24 ogni
340 896 111 18 vangone.

195 921 68 19 Sottu
272 927 15 12 u
295 926 26 14 so
331 920 96 20 vecchiu
439 921 113 24 parasole,

234 951 25 19 In
269 957 40 13 cor
317 950 103 25 d’estate,

196 981 71 20 Babbi
276 987 13 14 e
297 981 206 25 babboni,mamme
510 990 13 13 e
531 983 86 25 figliole

196 1011 137 26 Pigliavanu
343 1013 85 25 longhe
436 1013 113 21 balamate
559 1021 6 17 ;

234 1042 100 21 Criaturi
344 1050 13 13 e
365 1044 117 24 zitellette,

195 1073 27 21 In
230 1074 95 20 cercadi
333 1074 83 26 funghi
426 1082 13 13 e
449 1075 104 23 biulette,

232 1105 19 20 A
260 1111 14 14 u
283 1111 26 14 so
319 1104 104 25 friscore,

193 1136 102 20 Accantu
303 1142 14 14 a
326 1136 22 20 le
355 1140 97 17 tennere
460 1136 81 24 filette,

194 1166 136 21 Cantavanu
340 1166 13 21 'e
364 1167 55 20 Cose
426 1167 28 20 di
460 1167 104 21 Vamore.

194 1197 104 25 Dijornu
302 1207 28 5 —
335 1204 68 14 senza
417 1198 46 20 ma'
474 1198 79 21 fine—

191 1229 19 20 A
220 1228 42 21 fior
269 1229 24 20 di
302 1235 13 14 e
324 1235 72 19 zeppe
405 1232 76 17 trecce
490 1229 136 24 tramuline,

232 1259 102 21 Bianche
343 1260 116 24 bambace,

194 1290 126 20 Ballavanu
327 1297 44 18 ape
378 1290 144 24 faccendine,

233 1321 26 21 In
268 1327 84 14 canora
362 1327 65 18 pace.

233 1352 25 24 E,
267 1352 100 25 ghiuntu
378 1355 74 21 notte,

193 1383 77 21 Nantu
280 1390 13 13 e
302 1383 65 21 mille
376 1383 104 21 biaccule
488 1390 12 14 a
510 1383 96 21 ballotte

192 1414 206 21 Misteriosamente
406 1414 137 24 illuminate,

192 1445 71 21 Stava
271 1452 14 13 u
296 1445 114 21 Biancore
418 1445 23 20 di
450 1445 21 20 le
485 1445 64 24 Fate,

193 1476 156 21 Riccamandu
359 1476 59 21 belle
426 1476 59 21 Note

192 1508 19 20 A
220 1507 21 20 le
250 1507 77 21 future
335 1511 94 22 spusate

230 1539 74 20 Senza
312 1539 62 20 dote.

191 1569 73 21 Cirnu
273 1576 38 14 era
318 1569 55 21 fiera
379 1576 13 14 e
398 1569 93 21 trafiera

229 1600 29 21 Di
264 1607 14 13 u
287 1606 27 14 so
327 1599 130 26 Castagnu,

191 1631 29 21 Di
229 1638 15 13 u
252 1637 26 14 so
287 1630 64 21 fustu
360 1630 73 22 ’rossu
443 1638 12 13 e
463 1637 89 19 pagnu,

191 1662 29 21 Di
228 1669 13 13 a
248 1669 25 13 so
282 1665 95 17 tercana
385 1668 149 19 pampanera,

191 1693 20 20 À
219 1699 27 14 so
253 1692 72 21 frutta
334 1692 73 23 dolce,
417 1693 85 20 bionda
512 1700 14 13 e
533 1699 65 14 nera.

229 1724 42 20 Più
279 1723 71 21 d'una
358 1730 61 17 sera,

190 1755 26 20 In
224 1754 159 21 l’ombralume
390 1755 24 19 di
420 1755 166 25 qualch’agnu,

226 1785 24 20 Si
260 1785 99 25 pigliava
368 1786 97 20 cunsolu

188 1817 18 20 A
215 1817 91 20 carezzà
314 1816 65 20 c’una
388 1817 67 22 man’,
465 1816 23 20 di
498 1823 15 13 u
523 1823 57 19 gran
591 1816 104 25 Figliolu,

228 1848 17 19 A
256 1847 143 20 fiumereccia
409 1847 119 25 capillera.

190 1878 32 20 Ed
231 1878 54 22 ellu,
294 1877 65 25 figliu
369 1878 141 23 ubbidiente,

188 1908 87 21 Contru
286 1908 15 20 li
310 1908 73 25 scogli
392 1916 13 13 e
413 1909 23 19 lu
447 1909 90 20 celente

226 1939 164 25 Sbattagliava,

188 1970 35 20 Da
231 1977 31 13 un
271 1977 60 18 capu
340 1970 83 20 d’annu
433 1977 13 13 a
454 1970 78 20 Faltru
542 1970 129 21 sinamente
678 1978 6 16 ;

226 2000 18 20 E
253 2007 28 13 ne
290 2004 107 17 stantava

187 2031 45 21 Per
241 2034 57 17 tutta
307 2035 88 21 quanta
404 2031 21 20 la
436 2038 26 14 so
468 2031 74 25 jente,

225 2061 49 21 Cun
282 2061 70 26 fatiga
361 2068 14 14 e
382 2066 68 16 santu
458 2062 113 25 ingegnu,

224 2092 20 20 U
248 2092 59 25 pan’
315 2092 28 20 di
349 2092 77 25 legnu.

186 2122 96 21 Ouantu
291 2129 13 14 e
311 2127 88 20 quante
409 2123 70 23 volte,

223 2154 88 20 Arrittu
318 2154 24 19 in
351 2153 68 25 piena
428 2157 72 19 notte,

224 2184 34 20 Da
266 2191 42 18 per
314 2184 54 22 ellu,

185 2215 90 21 Dentru
285 2215 22 20 la
317 2215 74 20 media
402 2221 60 14 nova
472 2222 70 16 nova,

224 2246 29 20 Di
265 2252 27 14 so
301 2246 70 25 legnu
380 2246 70 24 bellu,

224 2277 20 20 A
252 2280 58 17 tutta
319 2283 79 18 prova,
446 2291 9 9 ,

187 2307 127 23 Stacciava,
321 2308 26 19 in
356 2306 59 21 furia
423 2314 14 13 e
443 2307 23 20 in
477 2307 76 24 fretta,

224 2338 51 20 Una
281 2338 100 21 berretta

226 2369 28 20 Di
262 2369 75 20 farina

188 2399 105 21 Eduffria
303 2406 13 13 a
326 2400 22 20 la
356 2406 26 14 so
390 2400 109 24 Mamma,

187 2430 89 21 Rustita
284 2431 20 19 a’
313 2431 78 20 brusta
405 2431 137 25 castagnina

224 2461 74 21 Senza
307 2461 101 25 fiamma,

187 2492 136 21 L’odorante
331 2499 13 14 e
352 2492 46 21 fina
408 2493 128 26 pisticcina.

184 2572 28 5 —
217 2562 20 21 O
247 2567 117 17 marcante
374 2570 60 14 vanu
444 2564 22 19 di
480 2567 117 22 castagne,

224 2594 52 20 Fala
285 2595 40 24 qui
333 2593 5 19 !
348 2594 92 21 disselu
450 2595 40 20 Rè.

225 2624 17 20 E
250 2628 23 16 to
282 2629 65 16 coste
356 2626 25 19 sò
389 2632 43 18 per
440 2632 36 13 me
484 2633 6 16 ;

186 2654 90 25 N’ogliu
286 2654 21 21 fà
317 2659 64 16 tante
388 2656 103 24 lasagne.

224 2686 56 20 —-Ih
289 2686 6 19 !
305 2686 114 20 Lasciami
426 2693 15 13 u
447 2686 54 21 fiatu
509 2687 7 19 !

224 2728 27 5 —
256 2716 24 21 Si
289 2717 150 20 cundannatu
449 2718 6 19 !

187 2748 86 20 Avanti
284 2747 6 21 !
299 2748 80 20 avanti
387 2748 17 20 li
413 2748 47 20 miò
468 2748 62 24 boia,

186 2779 67 20 Ascia
261 2785 12 14 a
282 2779 70 25 piola,
362 2785 53 19 sega
421 2785 13 14 e
443 2779 75 20 cozzè!

186 2809 120 24 Tumbate,
315 2809 40 21 fin’
363 2817 13 12 a
384 2810 22 19 la
415 2810 62 23 noia,

187 2840 156 21 Tazzulatemi
352 2847 52 14 osse
413 2847 12 14 e
435 2847 67 18 posse
509 2840 6 20 !

187 2871 78 21 ....Chi
271 2875 122 21 aspettate,
400 2878 14 14 o
423 2872 102 20 caritteri
534 2871 12 21 ?

186 2905 143 24 Trascinate,
339 2905 76 20 arburi
424 2905 68 20 interi

223 2937 20 20 A
252 2936 38 25 più
299 2943 30 18 pu
334 2936 50 20 teri!

188 2967 96 21 Garcate
293 2967 67 23 carri,
370 2967 61 20 mule
441 2973 12 13 e
461 2966 97 23 sumerî,

224 2998 18 21 E
250 2998 149 25 sgrandinate

226 3028 30 21 Pè
265 3029 6 19 i
281 3029 112 21 stradoni,

187 3059 122 23 Biasteme,
317 3059 134 25 juramenti,
460 3058 113 23 staffilate,

226 3090 66 25 Colpi
301 3096 13 13 e
328 3090 49 20 toni
384 3090 5 20 !

187 3121 49 23 Poi,
247 3127 68 18 pezzu
323 3127 12 13 a
345 3127 78 18 pezzu,
433 3120 54 21 fetta
496 3127 13 13 a
520 3120 65 24 fetta,

225 3151 25 20 In
259 3151 6 19 l
275 3150 91 21 infernu
374 3151 21 20 di
403 3151 91 22 Fulelli,

186 3181 140 25 Lampatemi
335 3181 15 20 li
358 3182 96 24 puntelli

186 3212 29 19 Di
224 3218 13 14 a
246 3218 65 14 razza
321 3212 86 25 pigra.I
415 3213 39 24 più
463 3213 64 23 belli,

185 3242 116 25 Brusginu
310 3242 25 20 in
344 3243 54 24 quel
407 3243 22 20 di
439 3243 129 21 Barchetta
574 3243 11 21 !

224 3311 108 20 L’ordine
340 3311 117 20 micidiale

185 3340 59 20 Bulò
253 3341 23 19 in
285 3341 91 19 I’ultimi
384 3341 99 25 catagni.

184 3370 19 21 E
213 3370 103 25 Falgina,
326 3374 62 18 stèsu
396 3371 62 24 l’ale,

185 3400 25 22 Si
217 3402 134 20 sciacchittò
360 3402 17 20 li
385 3402 105 25 castagni
495 3409 7 13 :

184 3432 72 20 Prim’
264 3433 95 24 Orezza,
369 3434 38 24 poi
416 3433 109 25 Tavagna
535 3433 68 25 eppoi
611 3432 93 21 Niolu...

224 3463 34 20 Un
266 3463 88 25 sborgu
367 3464 64 20 culor
444 3464 63 23 dolu,

224 3492 60 21 Neru
294 3500 69 14 cume
371 3495 23 19 lu
403 3497 106 21 catranu,

223 3523 70 24 Cupri
302 3523 24 20 lu
336 3524 80 21 Fiume
423 3525 25 19 di
456 3524 68 24 Golu,

225 3553 34 20 Da
267 3553 127 22 Casacconi
403 3561 13 14 a
424 3555 108 20 Maranu.

183 3581 119 25 —Sangue
310 3582 23 19 di
342 3582 23 19 lu
375 3582 46 20 mio
428 3582 102 25 figliolu!
538 3582 152 25 gridôCirnu,

222 3608 44 21 ...E
274 3609 68 19 cascò
350 3609 24 20 in
383 3610 97 23 pianu...

376 3644 113 22 Martinu
499 3645 187 27 Appinzapalu.

374 3676 140 27 (Cuntinua)

817 180 179 37 Risposta

845 246 16 18 A
870 247 46 17 Leca
924 246 20 18 di
951 252 14 13 u
973 248 88 18 Furcatu.

779 278 49 19 Caru
836 280 49 18 Leca
893 280 20 18 di
921 285 13 13 u
940 281 88 22 Furcalu,

778 303 67 23 Vengu
854 309 12 13 a
875 305 19 17 te
903 305 117 22 ubbidiente,

777 328 112 19 Duluutanu
896 330 58 17 m’hai
959 330 104 22 chiamatu,

777 352 22 17 lu
807 353 88 21 prisenza
903 359 11 13 a
923 355 53 17 lanta
983 355 57 22 jenle.

777 377 64 22 Aghiu
850 379 65 18 intesu
923 379 19 18 la
952 379 24 18 lo’
982 384 47 13 voce

778 401 26 18 lia
812 402 77 19 Corsica
897 409 12 13 a
918 404 122 18 Cuntineute.

778 459 26 18 Mi
812 461 99 22 dnmandi,
917 462 63 18 amicu
987 467 52 17 caru,

777 484 25 17 Le
810 490 49 13 nove
868 486 19 17 di
893 487 19 17 la
918 487 91 22 famiglia.

778 508 116 23 Manghianu
902 516 57 13 senza
967 512 74 21 risparu

778 532 15 17 E
798 533 96 19 ciascumu
901 535 17 17 si
925 536 103 22 n’appiglia
1035 541 5 16 ;

779 556 20 18 Si
807 562 25 13 ne
840 559 58 17 slanu
906 564 12 12 a
924 560 21 16 lu
954 561 80 20 so’focu,

777 580 91 20 Pusendu
882 583 84 18 intond’a
973 585 20 17 la
999 584 64 22 ziglia-

778 635 36 19 Per
822 637 36 18 avè
866 638 125 19 dimentieatu

756 661 21 18 Di
784 662 195 25 chiamammiincapu
984 664 78 21 d’annu,

758 686 57 19 Unn’è
820 690 70 20 quesLu
894 694 27 13 un
926 695 47 17 gran
985 691 78 20 peccalu

777 712 114 20 Cummessu
895 715 56 22 perfà
955 715 107 23 l’ingannu;

777 737 21 17 Si
806 740 77 17 scusatu
889 740 24 17 da
921 745 31 13 me
958 741 70 21 stessu,

776 761 42 19 Nun
828 763 15 18 ti
850 764 87 22 piglierei
946 764 103 19 d’affannu.

778 819 56 18 M’hai
842 820 136 19 dumandat’un
986 822 76 17 zanettu

777 843 22 18 Di
806 844 50 22 jattu
867 846 115 18 salvalicinu
987 851 6 16 ;

777 865 15 21 È
799 869 52 23 digià
860 871 68 17 curatu
937 875 11 13 e
956 872 63 21 nettu,

776 893 82 19 Vestutu
869 900 11 13 a
888 896 44 21 pelu
947 896 104 21 muvrinu;

776 918 17 18 U
800 919 15 17 ti
821 920 138 23 mandaraghiu
964 922 73 21 prestu,

776 943 61 19 Pieuu
844 945 21 17 di
871 945 79 18 tabaccu
955 946 49 17 iinu.

776 1000 22 18 In
806 1001 66 23 Parigi
880 1001 16 18 ti
903 1007 24 12 ne
933 1002 38 18 stai

775 1026 62 17 ïantu
844 1026 34 22 più
886 1026 57 19 felice
948 1032 11 12 e
964 1031 47 13 sanu
1017 1032 6 16 ;

774 1051 18 17 A
800 1051 25 17 to’
833 1051 45 22 pipa
885 1052 22 17 in
913 1052 80 22 qualitai

775 1075 77 19 Ghietta
856 1076 53 18 fume
914 1077 51 18 assai
969 1077 89 21 lunlanu,

775 1100 53 19 Colla
832 1101 21 18 in
861 1101 41 18 aria
907 1103 55 16 tantu
968 1102 68 21 densu,

774 1125 22 18 Si
803 1126 102 19 dicerebbe
913 1132 27 12 un
944 1127 92 18 vulcanu.

773 1183 18 17 A
798 1182 58 19 Santa
864 1183 71 18 cbi.hai
942 1183 93 18 cambiatu

774 1208 31 17 Pe’
812 1209 20 17 la
841 1209 27 17 to’
876 1209 43 22 pipa
927 1209 92 21 orezzina,

773 1233 68 18 Divota
848 1233 17 18 li
872 1238 46 17 posa
925 1239 11 12 a
945 1234 47 20 latu,

773 1257 115 23 Pregbendu
896 1263 43 13 sera
955 1263 12 13 e
979 1258 79 18 matina.

774 1282 48 23 Ogni
826 1283 64 22 grazia
898 1283 16 18 li
921 1283 20 18 fà
946 1284 56 21 piove

773 1307 71 21 Questa
851 1308 81 22 reliquia
940 1308 72 18 divina.

772 1363 26 19 Se
806 1364 16 18 ti
827 1368 77 14 occorre
911 1364 78 23 pernice

773 1389 15 18 0
794 1394 39 13 una
837 1390 50 22 pelle
893 1390 20 17 di
918 1390 82 22 cignale,

773 1414 22 18 Ci
801 1415 32 18 n’è
839 1415 97 22 semprela
944 1415 63 18 radice

772 1439 24 18 In
800 1444 44 14 casa
847 1440 21 18 di
873 1440 91 21 Minicale,

773 1465 81 23 Pigliate
862 1470 24 13 eu
894 1466 21 17 lu
923 1465 62 19 fucile

772 1490 24 18 Di
802 1491 21 17 lu
832 1491 74 22 premiu
913 1491 104 22 singulare.

771 1547 78 18 Torduli
858 1552 24 14 eu
898 1548 102 18 biccazzini

750 1572 29 18 Un
787 1577 25 13 ne
820 1577 65 13 manca
890 1573 72 18 frescb'
966 1578 11 13 e
982 1573 52 22 passi
1039 1578 6 17 ;

771 1597 28 18 Ne
802 1598 25 17 dò
832 1603 11 12 a
849 1598 118 18 tutt’ivicini

771 1622 36 18 Cbi
816 1623 21 18 sò
843 1623 51 18 torni
902 1624 53 17 tondi
961 1629 12 13 e
980 1624 63 22 grassi
1047 1628 6 17 ;

772 1647 26 18 Su
799 1649 58 17 vente
862 1648 15 18 li
885 1650 56 21 portu
949 1653 12 13 a
968 1649 61 18 caccia

771 1673 16 17 E
794 1678 40 13 nun
839 1674 22 18 sô
867 1674 21 17 in
893 1678 52 13 vanu
952 1674 16 18 li
973 1674 58 22 passi.

771 1729 28 18 Lu
806 1729 60 19 fucile
873 1730 88 18 ricevutu

770 1750 16 22 È
794 1755 76 22 precisu
877 1760 11 13 e
896 1756 38 17 ben
941 1756 66 17 adattu
1013 1760 6 17 ;

770 1780 61 18 Unn’è
838 1781 40 17 mai
893 1782 66 21 tempu
971 1781 83 22 perdulu

770 1805 77 21 Quande
855 1806 30 18 stò
892 1806 22 17 in
921 1807 55 21 posta
984 1806 68 22 piattu.

769 1831 31 17 Ma
807 1831 20 17 la
834 1831 63 18 caccia
903 1832 33 22 più
945 1831 63 18 sicura

770 1855 15 19 E
790 1856 74 22 quande
868 1857 30 17 stò
903 1857 61 22 sopr’a
968 1862 13 12 u
984 1856 68 22 piattu.

913 1895 117 19 Minicale.

782 2009 115 30 Moda
915 2018 101 22 nova

863 2084 14 16 A
887 2083 36 18 miò
931 2083 95 23 Cumpare.

768 2122 42 21 Voi,
812 2126 46 14 caru
867 2122 39 18 miô
910 2126 96 18 cumpare,

768 2146 23 19 Ci
798 2147 49 18 feste
856 2147 46 19 duie
913 2148 70 17 ballate

768 2172 60 22 Sopra
832 2173 19 17 le
856 2174 66 16 nostre
929 2172 66 18 caloUe

766 2197 55 22 Dipoi
829 2202 48 18 pocu
884 2199 105 20 cumprate.

768 2253 67 22 Quelle
840 2255 66 17 nostre
913 2255 31 17 tre
952 2254 65 18 caloUe

767 2279 26 18 Sò
800 2280 50 18 State
859 2279 100 22 comprein
964 2279 52 18 citlà.

766 2304 9 18 I
782 2305 84 18 bramosi
874 2309 54 14 cume
936 2304 40 22 noi,

767 2329 22 18 Si
796 2330 18 17 le
823 2330 92 18 mandinu
919 2334 12 14 a
938 2330 66 22 piglià.

766 2385 15 18 E
789 2387 31 17 voi
829 2387 55 21 altre,
893 2391 12 14 o
909 2387 117 23 giuvanotte,

767 2411 62 18 Diteci
836 2417 14 12 u
858 2413 68 17 vostru
934 2412 46 23 paré

767 2435 58 24 Sopra
832 2437 19 18 le
859 2439 65 16 nostrà
927 2437 72 21 caloUe,

766 2461 57 19 S’elle
832 2462 18 18 ci
858 2463 86 17 sendenu
952 2462 30 18 bè.

766 2519 22 19 Si
793 2520 32 18 noi
833 2519 110 18 marchemu
948 2519 55 21 male,

767 2545 131 18 Cambiaremu
906 2545 20 17 di
934 2544 64 18 tinula
1004 2549 5 17 ;

766 2570 136 23 Cumpraremu
910 2570 15 17 li
932 2570 80 22 cappelli

766 2596 24 17 Di
795 2596 19 18 la
823 2597 54 16 moda
882 2595 67 18 ultima
954 2595 78 18 esciuta.

767 2651 21 18 Si
793 2652 30 17 no’
828 2656 27 13 un
862 2653 88 16 truvemu
962 2651 85 22 cappelli.

766 2677 115 22 Pigliaremu
886 2676 15 18 li
907 2677 13 9 “
925 2676 71 23 Jockey
1000 2676 12 9 "
1019 2690 6 8 ,

767 2701 77 19 Saremu
853 2702 53 22 dipiù
914 2702 85 22 piaciutu

765 2728 64 21 Forse,
836 2727 115 19 marchendu
956 2727 33 23 più
995 2727 30 18 bè.

766 2784 18 18 A
794 2788 9 13 s
805 2784 19 17 te
831 2783 93 18 zitellette
929 2783 75 23 d’oghie

767 2808 34 19 Cbi
806 2809 69 18 volenu
883 2809 8 17 i
900 2808 125 23 ’ncappellati,

766 2835 36 17 Noi
808 2834 17 18 li
832 2834 53 18 femu
892 2835 20 16 la
918 2834 63 18 caccia

767 2859 62 18 Ch’un
836 2859 91 18 sim’ancu
936 2859 90 18 maritati.

766 2915 29 19 Ob
802 2915 5 18 !
816 2916 19 18 si
842 2916 20 17 le
869 2917 64 16 nostre
942 2914 66 19 calotte

766 2940 23 19 Ci
796 2941 76 17 fessinu
877 2942 32 16 stu
913 2940 67 18 favore
986 2940 5 18 !

766 2966 35 18 Noi
805 2966 80 18 fariamu
891 2970 47 18 gran
944 2965 49 18 festa

765 2991 104 22 Paghendu
876 2990 50 18 dolci
933 2995 12 13 e
952 2990 64 18 licore.

766 3047 35 18 Ma.
811 3047 30 17 voi
849 3047 56 20 altre,
911 3047 119 20 odamicelte,

765 3072 84 18 Mancate
858 3072 18 17 di
890 3072 26 18 sti
924 3072 83 22 cunsigli
1014 3076 5 13 :

766 3097 44 19 Fate
816 3097 69 22 megliu
892 3096 7 18 i
904 3096 60 18 vostri
969 3097 56 18 atfari

766 3122 93 18 Perch’un
868 3122 68 18 maritu
946 3122 19 17 vi
973 3122 59 23 scegli
1040 3121 5 18 !

766 3177 40 18 Una
814 3178 19 18 di
842 3177 30 18 voi
880 3177 55 20 altre,
945 3181 11 14 o
963 3181 49 17 care,

765 3202 30 19 Un
800 3203 26 17 mi
833 3203 67 17 mandò
903 3207 11 13 a
918 3203 19 16 di
942 3206 35 18 per
980 3202 54 18 nimu
1039 3207 6 17 ;

743 3228 112 18 M’badett’a
860 3228 21 17 lu
886 3228 60 17 nostr’
951 3228 94 18 ineontru:

766 3253 64 18 «Frali
838 3253 58 18 scemi
903 3253 17 18 si
925 3253 23 17 lu
956 3253 81 22 primu».

764 3308 76 21 Subitu,
846 3308 17 18 li
870 3309 101 21 rispundiu
978 3314 6 12 :

766 3338 8 10 <t
785 3333 46 17 Cosa
836 3333 46 20 voli,
891 3334 22 16 lu
919 3333 38 17 miò
962 3333 49 17 fiore
1017 3333 5 17 !

763 3356 83 23 M’aghiu
852 3358 98 17 messusta
955 3357 72 22 calotla,

765 3381 97 23 Sperendu
869 3386 53 14 resce
927 3382 21 18 in
953 3387 69 13 amore.

764 3437 26 18 Sò
797 3438 76 18 scimitu
881 3440 113 21 sopratuttu,

764 3462 14 18 E
787 3463 39 22 più,
835 3467 55 19 sopra
898 3464 19 17 la
924 3464 75 21 tïnuta;

764 3487 15 18 E
787 3492 33 17 per
827 3489 75 22 seguità
909 3489 18 17 la
934 3489 56 17 moda

764 3512 30 18 Un
800 3513 69 23 vogliu
878 3514 34 22 più
918 3514 87 17 ritinuta.
1011 3519 11 11 r>

763 3568 46 22 Avà,
819 3569 41 22 qui,
870 3574 44 13 caru
922 3573 95 18 cumpare,

763 3593 103 22 Termingu
870 3594 19 17 la
892 3594 10 17 f
902 3594 99 18 ilastrocca
1006 3599 6 17 ;

762 3618 16 17 U
786 3618 93 18 hanealar’
886 3619 22 17 di
912 3619 62 21 Niolu,

762 3642 41 19 Una
810 3648 58 13 manu
874 3644 21 17 vi
902 3644 19 17 la
928 3645 59 17 tocca.

863 3681 157 20 UBancalaru.

1092 180 104 24 Cullana
1205 182 101 22 Storica
1317 181 27 22 di
1355 182 25 22 A
1388 183 90 23 Muvra

1144 241 25 36 A
1187 243 158 45 Cunquista
1362 243 143 39 Francese

1224 298 30 35 di
1272 310 18 23 a
1310 298 120 38 Corsica

1139 347 47 29 (Da
1196 356 32 16 un
1244 351 122 22 Giurnale
1378 352 25 22 di
1415 353 103 28 l'Epuca)

1256 415 131 27 (Seguitu)

1117 472 20 21 C
1146 475 38 20 est
1203 481 57 16 sans
1280 476 75 21 doute
1375 477 23 21 le
1417 485 100 22 passage
1529 480 32 21 du

1091 501 73 27 Golo,
1178 504 32 21 où
1222 506 36 20 les
1271 505 93 23 Corses
1376 510 44 20 ont
1430 509 39 22 été
1480 510 21 21 si
1513 511 48 21 mal

1089 537 92 21 menes,
1194 535 41 26 qui
1247 541 14 15 a
1270 535 71 28 porté
1352 536 154 29 l’épouvante
1517 547 45 20 par

1088 562 62 25 tout,
1162 567 95 24 voyant
1269 566 75 27 qu’on
1355 566 95 31 fonçoit
1462 577 41 15 sur
1512 577 49 16 eux

1089 591 23 20 la
1123 591 132 28 bayonette
1275 596 61 21 dans
1355 597 37 22 les
1409 600 75 25 reins,
1504 607 57 15 sans

1089 620 118 25 s’amuser
1218 623 14 22 à
1248 625 177 30 tirailler..^.Les
1442 630 119 23 Iiabitans

1090 651 42 22 des
1151 653 111 29 Villages
1280 656 33 22 où
1323 657 51 23 l’on
1389 660 121 23 marchoit
1525 663 36 20 les

1089 684 43 19 ont
1152 684 158 25 abandonnés
1325 687 14 22 à
1358 689 141 28 l'approche
1518 692 43 21 des

1090 712 113 29 François
1214 722 6 20 ;
1241 718 62 21 mais
1322 719 32 21 ils
1378 723 56 19 sont
1455 727 106 17 revenus

1088 743 169 29 vingt-quatre
1273 747 91 24 heures
1375 751 71 26 après
1455 758 5 18 ;
1479 752 22 21 &
1510 752 50 22 l’on

1089 779 14 14 a
1113 779 34 16 vu
1158 779 111 23 par-tout
1279 779 24 20 le
1314 779 115 23 Pavillon
1443 781 71 23 blanc
1524 789 38 15 ar-

1089 803 67 22 boré.
1167 805 41 22 On
1220 813 14 15 a
1245 809 90 22 trouvé
1344 810 59 22 dans
1412 812 23 21 le
1448 811 113 23 Couvent

1088 833 30 21 de
1129 834 159 31 Merozaglia,
1299 839 74 22 Poste
1386 840 33 22 où
1425 841 49 24 l’on
1487 842 75 23 disoit

1088 867 105 20 sur-tout
1204 873 47 21 que
1264 868 69 23 Paoli
1343 871 97 22 vouloit
1448 872 59 22 faire
1514 873 47 21 fer-

1087 901 60 21 mer,
1161 903 13 21 7
1191 898 84 26 pièces
1287 901 30 20 de
1330 907 78 16 canon
1420 901 23 23 &
1454 903 107 27 quantité

1088 926 29 21 de
1128 928 139 23 munitions
1277 931 31 21 de
1318 937 89 22 guerre
1418 933 23 21 &
1456 934 29 21 de
1503 941 58 21 pro-

1087 956 97 23 visions
1204 959 31 21 de
1255 960 104 23 bouche.
1382 962 39 22 On
1444 970 14 16 a
1474 964 86 23 trouvé

1087 986 60 23 dans
1159 989 64 21 celui
1236 990 31 21 de
1277 990 107 24 Rostino
1402 994 108 26 quantité
1530 996 30 21 de

1087 1018 98 27 papiers
1205 1023 161 24 appartenant
1378 1022 13 23 à
1412 1023 65 23 Paoli
1489 1032 6 19 ;
1515 1026 45 21 c’é-

1087 1048 79 23 toient
1185 1050 43 21 des
1249 1052 86 22 ordres
1351 1053 34 21 du
1398 1060 26 20 14
1445 1054 48 23 Mai
1512 1056 46 22 afin

1086 1083 47 22 que
1144 1080 36 21 les
1193 1080 90 23 Pieves
1293 1082 99 23 ëussent
1399 1083 15 23 à
1422 1091 27 15 se
1459 1091 100 17 rassem-

1086 1109 52 21 bler
1150 1116 64 21 pour
1229 1117 49 16 une
1299 1115 111 21 consulte
1421 1121 5 19 ;
1448 1115 112 24 c’étoient

1086 1140 30 21 de
1127 1146 40 16 ses
1179 1141 93 27 lettres,
1293 1144 60 22 dans
1370 1146 189 27 quelques-unes

1085 1170 147 28 desquelles,
1245 1173 20 22 il
1276 1175 144 27 reprochoit
1430 1182 48 17 aux
1499 1178 61 22 Cor-

1085 1206 39 16 ses
1135 1201 97 23 d’avoir
1243 1204 52 27 pris
1305 1204 157 28 l’épouvante
1473 1208 85 27 depuis

1085 1237 28 15 ce
1122 1233 43 26 qui
1174 1232 84 23 s’étoit
1265 1235 72 26 passé
1345 1237 24 20 le
1380 1243 10 22 5
1400 1236 23 22 &
1433 1238 24 21 le
1467 1238 14 21 8
1492 1239 22 21 &
1523 1239 37 29 s’y

1085 1262 124 28 plaignoit
1230 1264 97 23 d’avoir
1349 1266 46 22 été.
1407 1268 151 28 abandonné,

1084 1292 81 22 disant
1176 1293 75 28 qu’on
1263 1296 71 22 avoit
1343 1297 65 22 trahi
1428 1299 23 21 la
1469 1299 88 23 Patrie.

1085 1322 40 22 On
1136 1329 14 16 a
1161 1330 36 15 vu
1208 1325 62 22 dans
1282 1326 104 24 d’autres
1395 1334 47 22 que
1450 1335 39 16 ses
1497 1332 61 22 amis

1083 1353 36 22 les
1131 1355 56 26 plus
1198 1355 102 24 intimes
1316 1357 178 25 l’informoient
1511 1367 47 22 que

1083 1385 24 20 le
1118 1384 94 29 Peuple
1221 1387 129 23 l’accusoit
1360 1389 96 23 d’avoir
1462 1392 96 22 lui-mê-

1083 1421 39 15 me
1134 1416 83 22 donné
1228 1419 73 21 ordre
1312 1419 32 21 de
1354 1426 32 15 ne
1397 1421 59 22 faire
1465 1429 92 16 aucune

1083 1444 100 24 défense
1192 1447 61 22 dans
1263 1449 97 23 Murato
1370 1450 22 22 &
1399 1452 60 21 dans
1467 1453 88 28 Borgo,

1083 1477 121 27 quoiqu’il
1215 1478 42 29 n’y
1264 1481 116 27 manquât
1388 1482 54 22 rien
1450 1489 62 21 pour
1520 1484 37 29 s’y

1082 1507 133 23 maintenir
1232 1510 144 28 long-tems.
1397 1512 39 23 On
1448 1520 13 15 a
1481 1515 76 21 voulu

1083 1537 52 22 dire
1155 1544 48 22 que
1223 1545 47 16 son
1281 1540 73 23 Frère
1366 1542 113 23 Clément
1495 1544 61 23 étoit

1082 1568 69 22 entré
1171 1570 61 22 dans
1243 1571 24 21 la
1279 1571 115 29 Balagna,
1417 1580 32 16 on
1460 1581 31 15 ne
1501 1576 55 22 voit

1082 1599 70 27 point
1160 1599 14 22 à
1186 1602 57 26 quel
1255 1601 108 28 dessein,
1376 1604 34 22 lui
1427 1604 66 24 étant
1511 1607 45 21 im-

1081 1630 110 26 possible
1202 1631 31 22 de
1243 1633 96 22 retenir
1348 1639 59 18 sous
1417 1635 138 24 l’obéissan-

1082 1665 28 16 ce
1128 1661 32 20 de
1181 1661 68 23 Paoli
1269 1670 52 16 .une
1345 1664 129 29 Province,
1495 1668 60 22 dans

1080 1691 106 27 laquelle
1211 1694 25 20 le
1265 1694 109 28 Marquis
1399 1697 156 24 d’Arcambal

1081 1720 63 23 étoit
1154 1728 43 16 sur
1207 1724 24 21 le
1244 1726 74 25 point
1329 1726 31 21 de
1381 1727 113 27 pénétrer
1512 1736 43 21 par

1082 1752 148 28 Pietr-Alba,
1239 1755 24 21 &
1270 1756 24 21 le
1307 1755 85 24 Comte
1404 1758 29 22 de
1445 1759 110 27 Narbon-

1080 1789 32 15 ne
1123 1790 45 21 par
1181 1784 82 24 Calvi.
1284 1786 40 23 On
1338 1793 13 15 a
1371 1794 42 22 sçu
1434 1789 120 24 d’ailleurs

1080 1820 46 21 que
1136 1814 114 24 Clément
1259 1816 61 23 étoit
1329 1818 100 28 disposé
1441 1819 14 23 à
1466 1826 26 16 se
1500 1827 54 16 sou-

1080 1846 99 25 mettre,
1193 1845 22 22 &
1232 1847 21 21 si
1266 1853 32 16 on
1309 1848 32 21 l’a
1357 1855 34 16 vu
1402 1849 14 22 à
1426 1851 24 21 la
1462 1852 48 21 tête
1523 1853 30 20 de

1079 1880 42 17 200
1133 1875 113 24 hommes
1259 1877 36 29 ç’a
1313 1878 39 22 été
1370 1886 63 20 pour
1450 1885 105 20 escorter

1079 1912 45 16 son
1140 1907 72 22 Frère
1225 1909 72 27 qu’on
1308 1915 83 17 assure
1412 1913 71 21 avoir
1501 1914 51 27 pris

1078 1938 24 21 la
1120 1938 63 22 fuite
1203 1939 32 22 du
1247 1940 56 22 côté
1316 1941 32 21 de
1360 1941 191 30 Porto-Vechio,

1079 1968 33 22 où
1121 1969 52 22 l’on
1184 1970 23 21 le
1219 1976 107 22 suppose
1344 1973 131 29 embarqué
1491 1981 63 22 pour

1078 2005 86 21 passer
1175 2007 31 15 en
1218 2001 135 28 Sardaigne
1364 2009 62 16 avec
1434 2010 39 16 ses
1484 2006 69 22 meil-

1078 2030 65 21 leurs
1152 2030 71 22 effets
1234 2031 61 28 qu’il
1306 2032 85 23 faisoit
1402 2036 152 27 transporter

1078 2066 78 22 sur^o
1166 2062 101 21 mulets.
1280 2062 132 24 D’ailleurs
1423 2065 43 22 dès
1483 2067 24 20 le
1528 2073 24 21 19

1078 2096 29 16 au
1117 2092 54 21 soir
1181 2098 49 15 une
1242 2092 156 29 Compagnie
1417 2096 91 22 entière
1522 2097 30 21 de

1078 2120 90 22 Corses
1180 2127 61 16 avec
1252 2123 37 21 les
1310 2123 122 27 Officiers,
1454 2126 54 22 vint
1526 2133 26 16 se

1077 2154 136 20 soumettre
1225 2158 31 16 au
1269 2153 77 28 Camp
1356 2155 31 21 de
1396 2155 154 30 Merozoglia,

1077 2182 79 22 &l’on
1165 2183 142 22 confirmoit
1314 2184 107 24 dès-lors
1428 2187 55 26 qu’à
1493 2187 58 23 Cor-

1077 2214 25 19 te
1113 2219 33 16 on
1158 2212 63 23 étoit
1228 2214 101 28 disposé
1341 2216 31 21 de
1383 2222 28 16 se
1422 2218 95 26 rendre,
1529 2219 23 21 &

1077 2249 46 21 que
1144 2250 28 15 ce
1187 2244 59 27 qu’il
1264 2251 19 22 y
1303 2246 69 22 avoit
1391 2247 31 21 de
1442 2247 109 29 Troupes

1077 2274 85 22 devoit
1181 2275 74 22 venir
1274 2277 135 22 au-devant
1427 2279 32 20 de
1473 2279 34 22 M.
1521 2280 30 22 de

1077 2304 73 22 Vaux
1160 2305 43 21 dès
1215 2305 60 28 qu’il
1285 2312 31 16 en
1328 2308 180 27 approcheroit.

1105 2334 40 23 On
1154 2342 13 15 a
1176 2336 90 22 mandé
1275 2336 126 24 d’Oneille
1414 2345 29 16 en
1456 2341 54 21 date
1519 2341 31 22 du

1076 2366 101 28 25,qu’il
1185 2367 87 22 venoit
1280 2368 41 28 d’y
1329 2370 96 21 arriver
1432 2376 43 16 200
1484 2371 66 22 hom-

1076 2403 52 15 mes
1141 2397 30 22 de
1183 2398 22 21 la
1219 2397 126 24 Garnison
1357 2400 31 21 de
1396 2400 154 24 lTsle-Rous-

1076 2433 27 16 se
1114 2434 61 15 avec
1187 2434 33 15 un
1239 2428 130 28 Capitaine
1381 2430 22 22 &
1414 2433 62 21 trois
1495 2432 55 22 Prê-

1075 2460 59 24 tres,
1146 2458 24 22 &
1181 2458 72 28 qu’ils
1265 2465 28 16 se
1304 2463 57 19 sont
1373 2462 87 22 sauvés
1479 2469 71 22 parce

1076 2495 46 21 que
1133 2490 36 20 les
1182 2489 116 27 François
1309 2490 94 24 étoient
1413 2494 97 22 maîtres
1519 2495 30 21 de

1075 2520 23 21 la
1108 2519 116 29 Balagna,
1236 2520 24 22 &
1271 2527 42 16 sur
1322 2522 25 21 le
1358 2523 73 26 point
1442 2525 30 21 de
1480 2524 70 23 s’em-

1075 2556 72 21 parer
1154 2551 32 21 de
1194 2553 63 20 cette
1267 2550 57 23 Isle.
1334 2552 39 22 On
1387 2559 13 15 a
1412 2554 81 27 ajouté
1502 2561 46 22 que

1076 2580 155 23 Corte'avoit
1241 2581 40 23 été
1292 2583 52 26 pris
1355 2584 71 27 après
1434 2591 47 15 une
1490 2586 59 22 heu-

1075 2617 27 15 re
1113 2612 31 21 de
1156 2612 113 26 Combat,
1282 2613 23 21 &
1316 2619 47 21 que
1381 2614 68 23 Paoli
1467 2616 82 23 s’étoit

1075 2642 73 21 retiré
1157 2643 61 21 dans
1226 2644 37 21 les
1272 2644 146 29 Montagnes
1426 2646 32 21 de
1464 2646 81 27 Niolo,

1075 2672 12 21 à
1099 2678 26 16 ce
1142 2678 48 21 que
1208 2674 129 27 portoient
1354 2676 37 21 les
1398 2676 4 4 '
1411 2676 91 23 Lettres
1516 2678 31 22 de

1076 2702 90 23 Gènes.
1181 2703 55 26 Que
1245 2705 57 28 ç’ait
1309 2705 72 22 été-là
1389 2707 25 20 le
1422 2707 50 21 lieu
1483 2708 29 21 de
1521 2714 26 16 sa

1075 2735 106 25 retraite,
1194 2740 32 16 ou
1238 2740 47 23 que
1298 2736 86 22 s’étant
1395 2738 130 27 embarqué
1533 2738 13 22 à

1075 2764 189 28 Porto-Vechio,
1277 2766 20 22 il
1307 2767 35 21 ait
1354 2767 72 27 passé
1445 2774 29 16 en
1494 2768 53 23 Sar-

1075 2794 96 29 daigne,
1185 2801 27 16 ce
1220 2795 62 23 n’est
1291 2797 104 27 point-là
1404 2804 26 15 se
1439 2804 105 23 compor-

1075 2827 37 20 ter
1121 2832 32 15 en
1174 2826 76 22 César
1268 2827 24 21 &
1310 2828 59 22 c’est
1388 2829 56 21 bien
1465 2829 13 22 à
1497 2832 49 21 tort

1075 2856 72 27 qu’on
1166 2858 25 20 la
1209 2857 90 22 buriné
1317 2864 64 22 pour
1400 2860 88 21 rendre
1501 2866 44 17 son

1075 2892 57 16 nom
1144 2888 55 26 plus
1211 2887 106 23 célèbre.
1332 2889 44 22 Les
1387 2890 106 27 Angiois
1504 2892 41 26 qui

1075 2918 99 22 avoient
1184 2921 88 20 ouvert
1283 2926 48 15 une
1340 2920 165 27 Souscription
1515 2928 30 16 en

1075 2954 25 15 sa
1110 2948 88 22 faveur
1207 2955 64 21 pour
1281 2950 34 22 lui
1328 2956 119 22 procurer
1457 2952 28 21 le.
1493 2958 52 16 mo-

1075 2985 46 22 yen
1133 2979 30 21 de
1176 2985 27 15 se
1223 2981 112 21 soutenir
1352 2987 32 16 ne
1401 2981 143 23 doivent-ils

1075 3015 41 22 pas
1123 3011 120 26 regretter
1250 3011 55 21 leur
1312 3013 94 27 argent,
1417 3011 22 22 &
1449 3012 95 29 Mylord

1075 3040 135 22 Pembrock
1222 3042 51 21 être
1284 3042 70 22 fâché
1366 3042 95 22 d’avoir
1478 3043 66 28 parié

1075 3076 44 22 que
1129 3072 38 20 les
1180 3070 115 29 François
1306 3078 32 16 ne
1350 3072 109 23 seroient
1475 3080 42 21 pas
1530 3073 13 22 à

1075 3101 74 23 Corte
1159 3102 26 21 le
1198 3103 28 20 ier
1234 3102 104 28 Janvier
1350 3103 75 29 1770?

1102 3140 26 21 P.
1139 3139 24 23 S.
1177 3140 42 24 On
1229 3141 73 23 vient
1312 3142 31 22 de
1360 3142 113 22 recevoir
1491 3144 52 22 avis

1075 3170 129 23 d’Antibes
1216 3177 48 22 que
1275 3172 24 21 la
1312 3172 95 22 Guerre
1419 3172 30 21 de
1467 3172 76 23 Corse

1075 3203 36 20 est
1120 3201 68 22 finie.
1201 3201 34 22 M.
1248 3203 24 20 le
1285 3202 111 28 Marquis
1408 3202 30 21 de
1450 3202 93 24 Vauba-

1075 3233 34 21 rel
1129 3233 96 27 gendre
1247 3232 31 22 de
1302 3232 35 22 M.
1357 3234 24 20 le
1404 3232 88 23 Comte
1513 3234 30 22 de

1075 3262 71 22 Vaux
1155 3268 18 23 y
1184 3263 80 21 arriva
1274 3264 25 20 le
1310 3262 29 23 28
1349 3268 30 16 au
1390 3264 76 20 matin
1482 3264 60 22 dans

1075 3299 31 15 un
1116 3293 86 21 bâteau
1214 3293 31 21 de
1258 3293 73 22 Poste
1343 3292 61 29 parti
1416 3293 13 21 à
1447 3295 22 20 la
1486 3294 56 22 hâte

1075 3329 52 15 sans
1147 3323 73 21 avoir
1237 3323 89 22 même’
1339 3323 101 27 apporté
1451 3330 91 16 aucune

1075 3353 77 25 malle,
1163 3353 76 21 allant
1249 3359 31 15 en
1293 3356 67 20 toute
1365 3353 129 28 'diligence
1501 3361 41 15 an-

1075 3388 87 17 noncer
1183 3389 29 16 au
1232 3383 48 23 Roi
1301 3382 31 24 la'
1342 3385 117 21 nouvelle
1469 3385 32 21 de
1519 3387 23 20 la

1075 3414 144 21 soumission
1229 3415 31 20 de
1271 3414 74 22 l’Isle.
1358 3412 76 24 Corte
1445 3415 36 22 fut
1491 3416 50 27 pris

1075 3446 19 19 le
1105 3450 36 20 21,
1153 3445 24 20 la
1190 3444 120 22 Citadelle
1320 3443 38 22 n’a
1373 3446 59 20 tenu
1451 3451 46 22 que
1513 3452 29 21 24

1075 3475 83 21 heures
1169 3480 6 20 ;
1189 3475 22 21 &
1222 3475 174 22 l’Isle-Rousse
1412 3474 56 23 s’est
1486 3482 55 16 ren-

1075 3505 43 22 due
1137 3506 23 20 le
1181 3504 27 22 26
1229 3505 13 22 à
1262 3504 138 29 l’approche
1421 3506 31 21 de
1471 3506 34 22 M.
1516 3508 24 20 le

1075 3536 106 27 Marquis
1188 3535 155 22 d’Arcambal
1350 3536 41 25 qui
1400 3536 84 22 devoit
1490 3536 51 22 Pat-

1075 3569 18 19 la
1095 3572 60 22 quer
1179 3567 81 21 tandis
1285 3572 48 22 que
1358 3566 44 22 des
1428 3566 112 28 Frégates

1075 3597 125 22 ,’auroient
1211 3596 127 23 cannonée
1348 3596 34 21 du
1394 3597 55 22 côté
1469 3598 30 21 de
1516 3598 23 21 la

1075 3628 56 21 Mer.
1144 3627 91 22 Toutes
1246 3629 38 20 les
1296 3627 89 22 Pieves
1395 3628 118 21 venoient
1526 3627 14 23 à

1075 3657 155 23 ,’obéissance
1239 3658 25 24 &
1274 3663 47 16 une
1333 3662 87 22 guerre
1439 3663 47 22 que
1503 3659 36 20 les

1075 3688 99 27 Angiois
1185 3695 32 15 en
1227 3687 100 29 général
1345 3688 152 27 comptoient
1507 3695 33 15 ne

1587 184 87 22 devoit
1683 183 89 28 jamais
1784 183 57 22 finir
1852 189 13 14 a
1886 181 39 23 été
1945 180 119 24 terminée

1588 221 31 16 en
1631 214 82 22 moins
1726 214 30 21 de
1768 220 28 15 20
1805 213 71 28 jours
1888 211 13 23 à
1914 214 109 26 compter
2034 211 30 21 de

1587 245 63 22 celui
1662 244 85 28 qu’ont
1759 242 143 23 commencé
1915 244 35 20 les
1972 241 92 29 Opéra-

1586 275 67 22 tions
1663 275 32 22 de
1706 276 24 20 la
1742 274 152 27 Campagne.
1916 273 40 22 On
1977 273 87 27 ignore

1587 306 24 20 le
1630 307 53 20 sort
1696 305 31 22 de
1749 304 67 22 Paoli
1837 303 75 28 qu’on
1932 303 70 22 avoit
2022 307 41 23 sçu

1588 335 72 21 avoir
1670 335 52 27 pris
1733 335 24 21 le
1769 333 98 22 chemin
1880 333 31 21 de
1927 332 137 23 Porto-Ve-

1588 365 56 22 chio
1656 371 62 16 avec
1731 371 25 21 17
1769 364 87 22 mulets
1872 363 100 29 chargés
1984 364 30 20 de
2024 368 39 16 ses

1587 394 132 29 équipages
1731 395 22 21 &
1765 393 96 23 escorté
1873 400 45 21 par
1928 400 44 16 200
1993 393 70 23 hom-

1587 431 53 16 mes
1651 431 6 20 ;
1670 431 33 16 on
1716 426 64 21 croit
1792 424 59 28 qu’il
1862 431 27 15 se
1902 431 54 15 sera
1970 424 95 22 embar-

1588 455 55 28 qué,
1654 455 23 22 &
1688 456 18 21 il
1717 462 32 16 ne
1759 455 78 22 seroit
1854 461 44 21 pas
1919 454 145 22 invraisem-

1587 486 81 22 blable
1678 492 46 22 que
1736 492 28 16 ce
1776 486 50 22 soit
1834 486 36 21 lui
1879 485 23 22 &
1914 491 45 16 son
1969 486 94 20 escorte

1588 517 41 26 qui
1635 517 82 21 soient
1726 523 78 15 venus
1811 515 137 28 débarquer
1955 516 13 21 à
1979 514 85 23 Oneil-

1587 547 33 21 le.
1640 547 21 21 Il
1682 547 69 22 avoit
1772 553 31 15 en
1825 548 98 26 partant
1944 544 75 23 laissé
2040 545 24 21 le

1589 577 223 22 Commandement
1836 577 14 21 à
1877 575 113 23 Clément
2018 581 44 16 son

1587 607 71 26 frère,
1671 607 23 21 <&
1702 606 63 23 écrit
1773 613 50 16 aux
1833 607 147 27 principaux
1988 605 75 23 Chefs

1588 637 43 21 des
1642 636 154 27 mécontens,
1809 637 73 22 s’être
1893 636 67 22 flatté
1980 642 47 22 que
2040 636 23 21 la

1588 668 120 21 bravoure
1718 668 44 21 des
1772 667 90 23 Corses
1871 667 78 22 seroit
1957 673 32 15 un
2000 672 64 16 rem-

1588 700 54 25 part
1652 700 85 20 contre
1744 699 37 21 les
1791 698 110 27 Troupes
1911 697 151 28 Françoises;

1588 729 62 21 mais
1661 734 47 21 que
1720 729 55 21 leur
1785 735 49 21 peu
1845 729 31 21 de
1888 727 103 22 défense
2003 727 60 22 dans

1587 759 36 20 les
1640 759 136 26 premières
1796 761 111 25 attaques
1919 758 22 21 &
1957 759 23 20 la
1994 759 69 26 perte

1588 789 43 21 des
1651 789 86 22 Postes
1757 790 37 21 les
1812 790 56 26 plus
1889 789 130 21 essentiels
2039 788 24 21 le

1587 818 122 28 forçoient
1734 818 184 23 d’abandonner
1942 825 33 15 un
2001 818 62 28 Pays

1588 850 41 26 qui
1641 850 81 21 auroit
1733 849 41 22 été
1787 849 151 27 imprenable
1950 849 21 21 si
1982 849 24 21 le
2013 848 50 22 zèle

1587 879 150 28 patriotique
1757 881 42 20 eut
1820 879 141 28 également
1981 877 82 23 animé

1586 911 56 20 tous
1652 910 37 21 les
1701 910 129 21 individus
1842 910 30 21 de
1880 910 24 21 la
1912 909 99 22 Nation.
2021 908 41 22 On

1586 940 85 21 attend
1692 946 34 15 un
1746 939 77 23 détail
1843 938 178 23 circonstancié
2033 939 30 21 de

1587 972 54 20 tout
1653 976 27 15 ce
1692 970 43 28 qui
1746 970 60 22 s’est
1815 969 81 28 passé.

1663 1026 82 18 Numéro
1754 1026 26 17 du
1788 1025 60 18 Mardi
1856 1025 11 18 6
1876 1025 44 18 Juin
1929 1024 52 18 1769.

1782 1059 27 19 De
1817 1059 54 18 Paris
1879 1059 20 17 le
1906 1058 23 18 22
1937 1058 44 18 Mai.

1615 1093 32 21 Le
1660 1093 49 22 Roi
1728 1099 73 22 passa
1819 1093 57 21 hier
1886 1093 23 21 la
1925 1091 105 28 journée
2048 1090 13 22 à

1586 1120 145 29 Versailles,
1743 1123 24 21 &
1777 1123 25 22 S.
1813 1123 35 22 M.
1858 1129 32 15 va
1907 1121 154 28 aujourd’hui

1586 1153 14 22 à
1611 1154 34 21 St.
1659 1154 105 22 Hubert.
1777 1153 160 28 Quoiqu’Elle
1948 1152 114 22 continue

1585 1184 31 22 de
1630 1191 27 14 se
1668 1185 79 26 plaire
1759 1183 13 22 à
1784 1184 106 27 prendre
1901 1184 24 21 le
1945 1182 117 22 divertis-

1586 1217 95 19 sement
1692 1215 30 21 de
1733 1215 25 21 la
1770 1214 104 26 Chasse,
1887 1214 41 28 qui
1948 1215 37 20 est
2002 1212 60 22 l’ob-

1582 1245 37 27 jet
1632 1245 30 21 de
1674 1250 39 16 ses
1725 1250 110 22 voyages
1847 1251 31 15 en
1894 1247 41 19 cet
1952 1243 107 26 endroit,

1585 1275 23 21 &
1619 1275 90 27 qu’Elle
1729 1275 58 21 aille
1807 1275 95 21 ensuite
1922 1273 14 22 à
1955 1274 103 27 Choisy,

1585 1306 36 21 les
1631 1305 96 22 affaires
1745 1306 33 21 du
1799 1305 203 22 Gouvernement
2020 1303 39 28 qu’

1585 1336 50 22 Elle
1646 1342 31 15 ne
1689 1336 61 27 perd
1763 1341 43 22 pas
1818 1336 31 21 de
1860 1341 50 16 vue
1922 1336 138 26 emportent

1584 1368 24 21 la
1619 1367 55 28 plus
1685 1367 93 27 grande
1788 1367 80 27 partie
1880 1367 31 20 de
1922 1371 45 16 son
1979 1368 63 20 tems
2051 1372 7 19 ;

1585 1398 49 21 Elle
1645 1397 51 22 s’en
1705 1402 94 23 occupe
1808 1396 182 27 assidûment,&
1998 1396 62 22 n’est

1583 1435 44 21 pas
1638 1429 82 21 moins
1731 1429 121 21 attentive
1862 1434 50 16 aux
1923 1428 77 22 suites
2012 1433 46 22 que

1583 1461 59 26 peut
1652 1460 72 21 avoir
1734 1460 23 21 la
1770 1458 95 23 Guerre
1880 1459 117 21 intestine
2016 1458 41 27 qui

1583 1489 84 23 désole
1678 1490 23 21 la
1711 1489 119 28 Pologne,
1843 1489 23 21 &
1877 1488 14 22 à
1904 1490 61 21 celle
1974 1494 46 22 que
2032 1494 26 15 se

1582 1520 56 23 font
1648 1521 23 21 la
1683 1521 74 21 Porte
1769 1520 23 21 &
1802 1522 23 20 la
1836 1520 100 25 Russie,
1957 1519 54 28 qu’à
2030 1525 28 16 ce

1582 1552 43 27 qui
1636 1558 27 15 se
1675 1557 71 21 passe
1759 1557 31 16 en
1803 1551 85 26 Corse,
1901 1551 31 22 où
1951 1549 108 24 l’intérêt

1582 1585 38 19 est
1630 1588 91 16 encore
1732 1583 55 27 plus
1799 1584 113 25 pressant
1923 1582 50 21 Elle
1990 1582 68 27 reçut

1582 1613 99 22 Samedi
1705 1619 31 15 au
1762 1613 52 22 soir
1836 1613 108 27 pendant
1966 1612 92 28 qu’Elle

1581 1643 64 22 étoit
1655 1643 13 22 à
1679 1644 67 21 table
1754 1644 37 21 les
1801 1643 93 22 Lettres
1902 1649 45 22 par
1954 1643 103 27 lesquel-

1581 1675 36 21 les
1628 1676 25 21 le
1672 1674 90 23 Comte
1774 1675 31 21 de
1817 1674 73 22 Vaux
1905 1674 36 22 lui
1959 1674 99 22 rendoit

1581 1707 98 26 compte
1691 1706 43 21 des
1744 1705 112 22 heureux
1867 1705 85 22 succès
1969 1705 31 21 de
2012 1710 45 17 .ses

1580 1736 135 28 premières
1725 1735 152 28 opérations,
1890 1735 23 22 &
1924 1736 31 21 de
1970 1735 87 28 l’espé-

1580 1772 73 16 rance
1665 1766 78 22 d’être
1754 1766 106 22 bien-tôt
1871 1772 60 16 sous
1942 1767 36 21 les
1990 1772 66 16 murs

1580 1798 31 21 de
1624 1797 82 22 Corte.
1720 1797 51 21 Elle
1783 1797 41 22 eût
1834 1798 24 20 la
1874 1796 182 28 complaisance

1580 1828 56 21 d’en
1647 1828 47 21 lire
1705 1827 13 22 à
1729 1827 75 22 haute
1815 1828 64 21 voix
1896 1828 24 21 le
1939 1829 115 24 contenu,

1579 1858 23 21 &
1614 1858 51 22 Elle
1677 1858 82 28 ajouta
1771 1864 47 21 que
1830 1858 21 21 si
1862 1859 36 20 les
1918 1857 87 22 choses
2024 1859 33 20 al-

1579 1889 81 21 loient
1681 1888 113 27 toujours
1817 1888 33 22 du
1875 1889 80 21 même
1979 1888 74 25 train,

1579 1918 162 29 l’expédition
1752 1925 32 15 ne
1795 1919 122 22 tarderoit
1926 1925 43 21 pas
1980 1918 75 22 d’être

1580 1949 115 22 achevée.

1658 2001 82 18 Numéro
1748 2002 27 17 du
1782 2001 60 18 Mardi
1850 2001 11 18 6
1869 2001 46 18 Juin
1923 2001 52 18 1769.

1757 2035 27 17 De
1791 2035 78 18 Monaco
1878 2035 18 18 le
1904 2035 12 18 4
1923 2036 53 17 Juin.

1605 2073 45 22 Les
1676 2073 129 22 dernières
1828 2075 130 21 nouvelles
1981 2074 73 27 qu’on

1579 2103 41 22 eût
1639 2109 27 16 ce
1682 2103 94 28 jour-là
1796 2104 31 21 de
1844 2105 23 20 la
1889 2104 78 22 Corse
1978 2110 44 22 par
2031 2105 24 21 la

1578 2139 66 22 voye
1672 2134 135 26 ordinaire,
1835 2135 174 22 confirmoient
2031 2136 23 20 la

1578 2164 67 28 prise
1656 2164 31 22 de
1696 2163 77 23 Corte
1783 2165 24 21 le
1815 2170 37 21 21,
1862 2165 58 22 d’où
1931 2165 69 22 Paoli
2010 2165 44 22 s’é-

1578 2194 49 22 toit
1637 2194 75 22 retiré
1722 2195 24 21 la
1767 2196 75 21 veille
1864 2202 30 15 en
1917 2195 135 28 désespéré,

1578 2225 97 28 n’ayant
1685 2225 76 22 laissé
1773 2231 47 22 que
1830 2232 29 22 30
1869 2227 111 21 hommes
1995 2227 59 21 dans

1578 2256 24 22 le
1613 2255 117 27 Château,
1753 2257 62 21 dont
1835 2257 35 21 les
1891 2257 60 22 clefs
1971 2257 83 22 furent

1577 2286 100 27 portées
1697 2292 30 21 24
1745 2287 92 21 heures
1856 2287 74 28 après
1948 2287 14 22 à
1982 2288 35 21 M.
2030 2289 24 20 le

1578 2316 89 23 Comte
1678 2317 31 21 de
1722 2316 81 23 Vaux.
1811 2318 64 21 Elles
1883 2318 171 23 confirmoient

1577 2353 90 16 encore
1674 2348 23 21 la
1705 2348 152 22 soumission
1866 2349 31 21 de
1905 2346 24 24 ia
1936 2349 115 28 Balagna,

1576 2378 23 21 &
1610 2379 23 21 la
1643 2378 67 27 prise
1722 2378 31 21 de
1763 2378 185 27 l’Isle-Rousse,
1961 2386 45 21 par
2016 2380 35 21 M.

1576 2410 24 20 le
1612 2409 110 27 Marquis
1737 2408 157 23 d’Arcambal
1911 2410 42 27 qui
1967 2410 86 22 devoit

1577 2440 60 22 aller
1645 2440 99 27 joindre
1756 2440 35 22 M.
1809 2441 25 21 le
1849 2439 89 23 Comte
1950 2441 30 21 de
1992 2440 61 22 Nar-

1576 2472 82 21 bonne
1675 2476 65 22 pour
1759 2473 135 20 soumettre
1908 2472 37 21 les
1964 2471 88 22 Pièves

1576 2501 122 23 d’au-delà
1710 2502 44 21 des
1767 2502 91 26 Monts,
1872 2502 33 22 où
1916 2503 23 21 la
1956 2503 97 28 plûpart

1576 2533 45 21 des
1630 2532 124 28 partisans
1766 2533 30 21 de
1808 2533 68 22 Paoli
1886 2534 102 22 avoient
1998 2533 54 29 déjà

1576 2564 48 21 mis
1644 2563 45 22 bas
1707 2564 37 21 les
1765 2564 90 21 Armes
1865 2570 6 20 ;
1888 2564 22 22 &
1922 2569 47 22 que
1981 2564 35 22 M.
2027 2566 24 20 le

1576 2593 88 23 Comte
1685 2594 30 21 de
1735 2594 124 22 Marboeuf
1881 2594 68 22 étant
1967 2595 47 22 allé
2037 2595 14 22 à

1576 2624 179 27 Campo-Loro,
1768 2630 18 22 y
1797 2625 68 21 avoit
1877 2631 56 22 reçu
1946 2626 44 21 des
2002 2625 49 23 Dé-

1574 2654 73 27 putés
1654 2660 63 21 pour
1724 2655 25 21 le
1756 2654 118 27 prévenir
1879 2661 47 22 que
1934 2656 36 22 les
1978 2655 72 23 Fran-

1574 2685 52 28 çois
1637 2691 18 22 y
1665 2685 112 22 seroient
1796 2686 58 21 bien
1873 2692 79 22 reçus,
1965 2692 28 16 ce
2007 2687 41 27 qui

1574 2716 128 22 terminoit
1721 2716 23 21 la
1764 2717 122 26 conquête
1897 2717 30 21 de
1945 2719 69 20 toute
2026 2718 23 21 la

1574 2746 79 27 partie
1674 2746 31 21 de
1724 2747 24 21 la
1769 2746 80 22 Corse
1872 2753 31 16 en
1926 2748 59 27 deçà
2005 2748 43 22 des

1573 2776 93 22 Monts.
1678 2776 46 22 Les
1735 2777 86 22 ordres
1833 2780 45 19 ont
1894 2777 40 23 été
1953 2778 95 22 donnés

1572 2812 64 22 pour
1645 2806 206 24 l’établissement
1862 2808 43 22 des
1924 2808 124 29 Magasins

1573 2838 30 22 de
1613 2838 87 22 vivres
1710 2837 24 22 &
1745 2838 45 21 des
1802 2838 127 27 Hôpitaux
1939 2839 14 21 à
1963 2839 83 27 Corte;

1572 2867 22 23 &
1606 2868 47 22 afin
1673 2867 60 28 qu’il
1744 2868 36 22 fût
1791 2869 81 27 plutôt
1888 2868 88 28 formé,
1988 2876 31 16 on
2033 2877 14 16 a

1572 2898 115 29 employé
1697 2905 30 14 au
1740 2900 125 27 transport
1877 2902 56 19 tous
1944 2901 37 21 les
1993 2901 54 22 Mu-

1572 2930 46 21 lets
1629 2929 44 21 des
1691 2928 115 23 Officiers
1826 2930 30 21 de
1876 2929 108 23 l’Armée
2004 2932 41 27 qui

1572 2960 35 21 les
1627 2961 44 20 ont
1689 2958 81 28 prêtés
1790 2966 62 16 avec
1873 2961 24 21 la
1919 2962 127 22 meilleure

1572 2995 73 22 grâce
1658 2990 33 21 du
1701 2990 100 26 monde,
1821 2996 27 16 ce
1868 2991 42 27 qui
1920 2992 65 28 joint
1998 2998 48 16 aux

1572 3019 61 25 2800
1644 3020 54 29 qu’a
1708 3021 25 21 la
1744 3020 88 28 Regie,
1846 3027 32 16 on
1889 3028 33 16 ne
1929 3025 59 25 peut
1999 3029 46 22 que

1572 3051 100 27 remplir
1694 3051 192 22 incessamment
1907 3052 85 29 l’objet
2012 3054 32 22 du

1572 3080 115 23 Général.
1713 3081 35 22 M.
1771 3081 115 23 Chardon
1914 3083 131 24 Intendant

1572 3113 73 26 partit
1655 3112 24 21 le
1691 3117 28 21 24
1731 3112 31 22 de
1773 3113 23 21 la
1809 3112 82 23 Bastia
1911 3120 60 16 avec
1988 3116 56 21 tous

1572 3148 38 16 ses
1621 3142 113 22 Bureaux
1745 3149 64 21 pour
1819 3149 27 16 se
1857 3144 89 22 rendre
1958 3144 14 22 à
1983 3144 62 23 Cor-

1572 3174 31 24 te,
1616 3172 32 22 où
1656 3178 26 16 sa
1692 3172 120 27 présence
1822 3173 63 23 étoit
1895 3174 147 23 nécessaire.

1572 3203 39 21 On
1624 3209 31 15 ne
1666 3203 49 21 sait
1726 3204 70 26 point
1807 3204 178 27 positivement
2003 3212 41 15 en-

1572 3239 55 16 core
1638 3233 33 22 où
1682 3235 37 20 est
1731 3234 77 22 Paoli.
1819 3234 21 23 Il
1851 3235 54 22 doit
1916 3241 58 17 sans
1984 3236 60 22 dou-

1572 3265 22 20 te
1607 3264 71 21 avoir
1689 3265 79 26 perdu
1779 3265 24 21 la
1814 3266 58 25 tête,
1886 3266 62 21 mais
1965 3271 34 17 on
2011 3272 32 16 ne

1572 3295 92 21 sauroit
1675 3294 53 22 dire
1740 3294 60 27 qu’il
1812 3295 35 21 ait
1856 3296 78 26 perdu
1944 3297 24 21 le
1987 3302 54 16 cou-

1572 3329 62 22 rage,
1647 3324 19 21 il
1677 3324 58 21 n’en
1746 3330 14 15 a
1772 3324 82 22 donné
1865 3331 95 16 aucune
1970 3332 73 22 preu-

1572 3359 37 21 ve,
1620 3353 92 28 malgré
1724 3359 40 16 ses
1775 3355 199 23 rodomontades.

1623 3409 82 18 Numéro
1713 3409 27 18 du
1748 3410 96 18 Vendredi
1852 3410 10 17 9
1870 3410 48 19 Juiu
1926 3410 52 20 1769.

1589 3442 55 19 Suite
1651 3443 34 18 des
1693 3443 103 19 Nouvelles
1805 3444 23 17 de
1836 3443 62 19 Gènes
1906 3445 25 17 du
1940 3445 23 18 27
1974 3444 44 19 Mai.

1594 3476 33 22 La
1637 3477 153 22 soumission
1802 3477 30 22 de
1847 3484 105 21 presque
1971 3481 70 19 toute

1572 3507 18 20 la
1605 3506 77 22 Corse
1702 3507 62 22 dont
1783 3513 64 16 nous
1865 3514 97 16 venons
1974 3508 67 28 d’ap-

1572 3537 101 21 Drendre
1697 3537 131 28 l’agréable
1853 3540 125 25 nouvelle,
2004 3542 37 19 est

1572 3573 43 15 me
1626 3567 195 22 démonstration
1831 3569 59 21 bien
1903 3569 100 27 capable
2010 3569 30 22 de

1572 3598 56 21 raire
1638 3599 100 22 revenir
1745 3599 31 21 de
1784 3600 66 20 leurs
1858 3599 112 29 préjugés
1979 3606 62 16 ceux

1572 3629 35 26 lui
1619 3634 27 16 se
1655 3628 105 22 fondant
1770 3635 43 15 sur
1823 3635 28 16 ce
1862 3636 48 21 que
1927 3631 37 21 les
1984 3631 57 21 Par-

1572 3659 72 21 ;isans
1655 3659 32 22 de
1698 3659 69 21 Paoli
1787 3659 144 23 affectoient
1946 3661 31 20 de
1997 3667 43 20 pu-

1572 3689 63 26 blier,
1643 3690 128 27 croyoient
1779 3695 48 22 que
1838 3691 38 21 les
1884 3690 116 28 François
2007 3696 34 16 ne

2091 180 158 22 viendroient
2265 179 90 28 jamais
2375 178 14 22 à
2410 178 57 22 bout
2490 178 29 21 de
2544 184 26 15 se

2091 211 89 21 rendre
2191 211 99 21 maîtres
2302 210 31 21 de
2347 211 63 20 cette
2424 209 57 25 Isle,
2490 208 23 21 &
2522 214 47 21 que

2091 241 53 21 leur
2156 240 92 22 Armée
2258 247 18 22 y
2288 239 106 29 périroit
2405 241 74 19 avant
2489 239 80 21 même

2092 271 70 28 qu’ils
2175 273 100 20 eussent
2286 277 34 21 pu
2331 268 90 23 établir
2438 275 48 16 une
2506 275 64 15 com-

2091 301 153 22 munication
2255 302 64 21 libre
2338 302 70 20 entre
2428 301 36 21 les
2485 299 85 22 Places

2091 332 72 27 qu’ils
2176 332 149 28 occupoient
2335 331 24 21 le
2370 331 63 27 long
2443 330 31 22 de
2482 330 22 21 la
2514 329 55 22 Mer

2090 363 22 20 &
2123 363 31 21 de
2166 362 23 22 la
2208 362 89 22 Bastia.
2319 361 40 22 On
2380 361 97 22 vouloit
2496 360 72 28 qu’ils

2090 394 100 20 eussent
2201 393 157 21 inutilement
2368 390 68 23 tenté
2446 391 30 21 de
2484 396 86 22 passer

2090 423 23 21 le
2126 423 65 22 Golo
2202 430 6 19 ;
2221 423 23 22 &
2252 422 73 29 qu’ils
2337 423 103 21 eussent
2448 422 76 27 perdu
2535 427 33 15 un

2090 454 89 21 monde
2192 453 79 27 infini,
2285 459 28 16 ce
2324 452 75 29 qu’on
2410 452 97 28 jugeoit
2524 458 46 21 par

2089 484 24 21 le
2122 484 102 22 nombre
2233 484 44 22 des
2285 483 95 23 blessés
2387 483 73 28 qu’ils
2468 483 101 22 avoient

2089 514 44 22 fait
2143 516 154 26 transporter
2308 514 13 22 à
2330 515 23 21 la
2362 514 90 26 Bastia,
2462 513 13 22 à
2484 520 27 15 cc
2520 519 47 22 que

2089 545 122 27 raportoit
2222 546 24 21 le
2258 545 90 22 Patron
2366 544 57 22 d’un
2446 544 122 22 Bâtiment

2089 574 82 22 arrivé
2182 575 31 21 de
2226 577 64 20 cette
2302 575 67 22 Ville
2382 575 14 22 à
2408 574 160 23 Livourne.il

2090 605 76 22 disoit
2183 611 32 16 en
2236 607 72 21 avoir
2327 605 39 22 été
2383 605 103 26 témoin,
2498 605 23 22 &
2532 607 36 19 at-

2089 636 84 21 testait
2185 637 79 20 même
2276 643 46 21 que
2334 637 24 21 la
2370 636 127 22 désertion
2507 635 61 22 étoit

2089 666 78 28 parmi
2179 673 49 16 eux
2239 668 55 27 plus
2306 668 93 27 grande
2412 673 47 22 que
2468 667 97 28 jamais,

2090 697 22 21 &
2123 702 46 22 que
2181 698 24 21 la
2216 698 97 27 plûpart
2324 698 43 22 des
2379 697 146 23 Déserteurs
2534 698 32 20 al-

2089 727 79 22 loient
2178 728 68 22 offrir
2263 729 66 21 leurs
2342 729 110 22 services
2464 728 14 22 à
2497 728 68 22 Paoli

2090 758 41 27 qui
2151 758 57 22 leur
2224 758 83 22 faisoit
2325 759 99 22 donner
2443 759 62 22 trois
2524 758 44 22 Se-

2090 788 73 27 quins
2175 788 199 29 d’engagemens.

2117 818 102 26 Quelles
2239 825 47 22 que
2305 821 85 21 soient
2409 822 37 20 les
2459 820 107 28 disposi-

2089 849 68 21 tions
2169 850 34 21 du
2216 849 89 23 Comte
2317 851 31 21 de
2360 850 83 27 Vaux,
2449 851 118 27 publioit-

2090 885 32 16 on
2132 886 98 21 encore,
2243 882 54 21 rien
2310 881 117 22 n’étonne
2438 882 24 21 le
2483 881 82 23 Géné-

2089 911 36 20 ral
2149 911 45 21 des
2221 911 98 27 Corses,
2347 912 22 21 &
2392 911 173 23 l’Isle-Rousse

2090 940 90 22 devant
2191 942 52 21 être
2253 943 24 20 la
2293 942 123 27 première
2436 942 129 28 opération

2089 969 88 23 d’éclat
2197 971 73 27 qu’on
2288 973 186 27 entreprendra,
2496 974 18 21 il
2534 979 31 16 ne

2089 1001 78 21 craint
2177 1002 54 21 rien
2243 1008 64 21 pour
2325 1005 66 20 cette
2403 1003 58 26 Isle,
2473 1004 61 21 dont
2548 1004 18 21 il

2088 1036 14 15 a
2113 1031 44 21 fait
2167 1037 47 16 son
2226 1032 140 23 Boulevard
2375 1040 7 15 :
2401 1033 135 23 D’ailleurs
2548 1035 18 20 il

2089 1067 13 15 a
2112 1061 62 22 l’oeil
2185 1065 116 24 par-tout,
2316 1064 17 21 il
2346 1065 92 21 calcule
2449 1071 31 15 en
2492 1065 73 21 silen-

2089 1097 27 15 ce
2127 1094 83 20 toutes
2221 1094 37 21 les
2270 1093 147 23 démarches
2429 1095 44 21 des
2493 1095 73 22 Fran-

2089 1122 59 27 çois,
2162 1123 23 21 &
2196 1124 79 22 forme
2286 1125 31 21 de
2329 1131 46 16 son
2389 1125 55 22 côté
2453 1126 44 22 des
2508 1132 57 21 pro-

2085 1152 49 28 jets
2146 1153 60 28 qu’il
2214 1155 85 27 digère
2311 1155 13 22 à
2336 1156 81 26 loisir,
2430 1158 25 20 et
2466 1157 61 21 dont
2540 1158 23 20 le

2087 1183 85 22 succès
2185 1190 31 15 ne
2227 1187 59 25 peut
2297 1185 93 28 qu’être
2401 1187 91 22 assuré.

2288 1239 12 26 f
2303 1238 148 28 Cuntinua)

2187 1365 278 53 Giurnali

2089 1459 94 28 Servizj
2195 1462 133 24 Marittimi

2105 1499 43 18 Une
2153 1500 94 19 viendrait
2251 1503 12 17 à
2270 1502 75 23 l’esprit
2355 1504 25 18 de
2387 1509 93 18 personne
2488 1506 73 22 dépen-

2084 1528 33 13 ser
2124 1529 37 17 que
2169 1526 18 17 si
2195 1526 39 18 l’on
2242 1528 79 18 modifie
2326 1533 28 13 un
2362 1530 76 18 service
2444 1531 65 21 public
2514 1532 47 18 c’est

2083 1549 47 19 dans
2142 1555 28 13 un
2178 1553 55 17 autre
2246 1553 36 18 but
2292 1558 37 17 que
2337 1555 52 18 celui
2397 1555 24 18 de
2439 1556 119 19 l’améliorer.

2085 1574 99 23 Pourtant,
2193 1577 18 18 si
2225 1582 49 14 nous
2281 1579 124 19 considérons
2412 1581 30 18 les
2456 1582 105 22 transports

2083 1600 104 19 maritimes
2192 1602 34 22 qui
2230 1607 49 15 nous
2284 1604 72 18 relient
2363 1610 26 13 au
2397 1606 106 22 continent,
2512 1612 49 13 nous

2082 1629 25 13 ne
2120 1630 88 17 pouvons
2220 1628 48 19 faire
2277 1629 143 20 différemment
2428 1636 38 17 que
2476 1632 85 23 d’appor-

2083 1651 30 17 ter
2121 1652 83 22 quelque
2214 1654 109 19 restriction
2331 1656 15 18 à
2354 1657 50 17 cette
2412 1656 54 24 règle
2474 1658 87 22 générale

2082 1677 92 20 prescrite
2181 1683 36 16 par
2223 1679 20 18 le
2250 1679 38 18 bon
2296 1685 52 14 sens.

2103 1701 71 23 Depuis
2183 1704 43 21 qu’a
2234 1704 30 18 été
2278 1705 37 18 mis
2323 1710 26 14 en
2360 1706 85 23 vigueur
2452 1708 19 18 le
2484 1708 75 18 service

2082 1727 105 22 d’été,nous
2195 1733 104 19 manquons
2309 1735 23 14 en
2341 1736 95 18 moyenne
2443 1733 24 18 de
2475 1734 84 18 courrier

2084 1753 62 21 postal
2154 1753 48 19 trois
2210 1754 37 18 fois
2254 1760 35 17 par
2297 1756 92 21 semaine,
2401 1757 12 18 à
2421 1758 83 22 Ajaccio.
2517 1758 42 18 Est-

2083 1781 22 14 ce
2112 1782 43 18 que,
2164 1783 35 18 par
2208 1779 120 23 hasard,tous
2336 1782 29 18 les
2373 1782 83 19 bateaux
2464 1788 24 14 ne
2496 1785 62 17 trans-

2080 1803 117 21 porteraient
2204 1809 33 18 pas
2244 1806 19 17 la
2269 1806 67 22 poste?

2103 1828 64 19 Bastia
2184 1831 30 17 est
2223 1831 44 22 logé
2283 1832 11 17 à
2305 1832 19 18 la
2340 1833 62 18 même
2419 1834 91 23 enseigne
2526 1837 31 20 qu’

2080 1853 83 22 Ajaccio.
2174 1854 26 18 La
2208 1855 93 20 Chambre
2309 1858 23 17 de
2341 1862 107 15 commerce
2455 1860 23 17 de
2494 1860 64 18 Bastia

2081 1883 11 12 a
2099 1879 84 21 protesté
2192 1882 64 17 contre
2264 1883 31 16 cet
2304 1882 39 18 état
2351 1883 23 18 de
2383 1883 68 19 choses
2467 1884 90 19 éminém-

2081 1905 52 16 ment
2137 1904 134 23 préjudiciable
2276 1907 11 17 à
2292 1911 32 14 ses
2333 1908 81 19 intérêts
2420 1909 138 23 économiques.

2080 1928 42 19 Elle
2132 1934 12 13 a
2152 1930 74 22 signalé
2234 1933 30 16 cet
2272 1932 109 23 incroyable
2392 1934 78 19 horaire
2478 1935 26 18 du
2518 1940 40 14 ser-

2080 1954 43 18 vice
2130 1955 68 18 diurne
2206 1957 34 21 qui
2246 1958 44 21 part
2297 1958 25 18 de
2329 1958 46 18 Nice
2384 1959 12 17 à
2403 1959 23 18 11
2432 1960 21 17 h.
2464 1961 18 17 et
2490 1961 67 18 s’amè-

2080 1984 25 13 ne
2112 1980 12 17 à
2131 1980 65 18 Bastia
2206 1986 25 13 en
2238 1983 64 21 pleine
2315 1984 49 18 nuit.
2374 1984 26 18 Cc
2416 1986 75 18 service
2506 1986 52 18 étant

2080 2005 43 21 plus
2131 2006 137 21 spécialement
2276 2009 124 22 touristique,
2414 2010 30 18 les
2452 2015 107 19 voyageurs

2082 2030 34 21 qui
2128 2031 34 17 ont
2170 2031 82 18 souffert
2268 2033 26 17 du
2303 2034 37 17 mal
2358 2034 24 18 de
2390 2039 43 13 mer
2447 2037 20 16 et
2475 2036 34 22 qui
2524 2038 35 16 ont

2079 2058 39 14 une
2125 2055 44 18 hâte
2186 2057 163 22 compréhensible
2364 2060 26 17 de
2397 2061 70 18 mettre
2474 2065 25 14 au
2512 2062 45 22 plus

2080 2079 41 18 vite
2128 2080 19 17 le
2164 2080 44 22 pied
2216 2086 34 13 sur
2259 2082 21 18 la
2290 2083 52 19 terre
2350 2084 67 19 ferme,
2428 2089 21 14 se
2465 2087 92 18 trouvent

2080 2105 114 19 condamnés
2201 2107 12 17 à
2221 2111 54 15 errer
2282 2113 35 17 par
2326 2109 21 17 la
2354 2110 48 18 ville
2410 2115 74 14 comme
2491 2112 34 18 des
2534 2112 23 18 é-

2080 2134 57 17 paves
2143 2131 43 17 tout
2195 2132 18 17 le
2220 2133 52 18 reste
2279 2133 24 18 de
2311 2134 18 17 la
2336 2134 79 22 nuit,ou
2423 2136 24 17 de
2455 2137 101 19 continuer

2080 2158 11 13 a
2099 2159 22 13 se
2133 2155 72 19 laisser
2215 2157 68 19 bercer
2289 2163 34 18 par
2333 2159 20 18 le
2361 2160 52 18 doux
2427 2161 130 19 balancement

2080 2180 34 18 des
2121 2180 69 19 flots...

2101 2204 23 19 Et
2131 2210 23 14 ce
2162 2207 74 18 service
2244 2209 24 17 de
2274 2208 116 24 Calvi-Nice,
2399 2211 34 22 qui
2440 2213 43 20 part
2490 2213 25 17 de
2518 2214 39 17 cet-

2079 2230 20 18 te
2118 2231 92 21 première
2222 2233 77 19 localité
2309 2234 12 17 à
2331 2234 25 19 23
2363 2235 78 23 heures,
2459 2237 63 19 arrive
2535 2239 20 17 le

2079 2255 107 19 lendemain
2195 2258 59 18 matin
2257 2258 13 18 à
2278 2259 46 18 Nice
2332 2264 46 14 vers
2384 2260 11 18 6
2408 2261 77 19 heures.
2497 2263 59 21 Qu’en

2079 2283 106 19 dites-vous
2190 2284 9 18 ?
2213 2284 50 20 C’est
2279 2287 76 22 parfait,
2368 2289 102 23 peut-être,
2478 2291 12 17 à
2500 2292 56 18 votre

2079 2308 56 18 avis?
2151 2309 111 20 Déchantez.
2280 2311 50 19 C'est
2343 2312 40 19 très
2391 2314 46 18 bien
2453 2315 104 19 d’accoster

2078 2333 12 18 à
2098 2332 11 18 6
2117 2334 69 18 heures
2198 2335 26 18 du
2231 2336 66 18 matin.
2312 2337 48 19 Mais
2374 2343 26 13 on
2407 2344 26 13 ne
2446 2344 109 16 commence

2079 2358 11 17 à
2097 2358 104 23 décharger
2207 2360 29 18 les
2246 2361 81 24 bagages
2344 2364 44 21 qu’à
2401 2364 11 17 7
2421 2364 76 23 heures,
2510 2368 19 16 et
2536 2367 19 17 la

2079 2383 72 19 douane
2166 2385 79 19 n’ouvre
2252 2387 44 21 qu’à
2303 2387 12 18 8
2323 2388 78 18 heures.
2418 2391 138 18 Amusez-vous

2078 2409 84 21 pendant
2168 2414 23 14 ce
2199 2411 93 22 temps-là!

2099 2433 24 18 Et
2129 2435 51 18 cette
2188 2440 70 18 agence
2263 2437 24 18 de
2295 2437 48 19 Nice
2351 2438 35 23 qui
2390 2440 128 23 n’enregistre
2526 2442 29 17 les

2077 2459 81 22 b&g&ges
2175 2465 38 18 que
2220 2462 24 17 de
2251 2462 24 18 14
2282 2462 20 18 h.
2311 2463 12 17 à
2330 2463 24 18 16
2361 2464 22 18 h.
2399 2465 51 18 alors
2459 2471 37 17 que
2504 2471 49 14 vous

2077 2489 25 12 ne
2121 2485 57 18 devez
2197 2487 60 21 partir
2266 2489 44 20 qu’à
2317 2488 22 18 21
2348 2489 20 18 h.
2378 2489 30 22 30,
2418 2492 60 17 est-ce
2484 2492 70 18 trouvé

2078 2509 54 18 cela?
2140 2510 28 18 De
2175 2513 53 16 sorte
2236 2517 37 17 que
2281 2513 17 17 si
2307 2518 49 14 vous
2364 2519 47 13 avez
2420 2516 40 21 pris
2465 2521 27 13 un
2501 2517 51 18 train

2077 2535 34 21 qui
2118 2539 24 14 ne
2148 2540 51 14 vous
2215 2537 95 23 débarque
2320 2539 11 17 à
2338 2538 46 19 Nice
2393 2545 38 17 que
2436 2542 55 21 passé
2499 2542 22 18 15
2529 2542 22 22 h,

2077 2561 19 16 et
2112 2560 17 18 si
2143 2565 51 14 vous
2210 2567 45 13 avez
2262 2563 35 18 des
2304 2563 83 24 bagages
2395 2570 28 13 un
2431 2570 38 18 peu
2476 2571 76 14 encom-

2076 2584 72 22 brants,
2157 2590 50 14 vous
2223 2588 82 18 resterez
2313 2593 23 13 en
2344 2594 63 17 panne
2425 2591 48 18 dans
2480 2592 19 17 la
2507 2592 46 18 cité-

2075 2609 54 19 reine
2137 2611 25 17 de
2168 2611 20 17 la
2196 2611 46 19 Côte
2249 2613 70 17 d’Azur
2326 2618 57 17 parce
2395 2616 57 21 qu’on
2468 2617 85 18 refusera

2076 2634 23 18 de
2107 2639 49 14 vous
2163 2636 29 18 les
2201 2637 124 22 enregistrer.

2097 2658 28 19 On
2131 2661 46 21 peut
2185 2665 22 14 se
2215 2662 102 19 demander
2324 2668 47 14 avec
2384 2670 28 13 un
2420 2666 72 18 certain
2500 2667 54 18 éton-

2075 2686 76 17 nement
2159 2686 18 17 si
2185 2690 31 15 ces
2224 2687 87 19 horaires
2318 2693 25 14 ne
2351 2690 113 21 pourraient
2468 2696 34 17 pas
2510 2692 42 18 être

2075 2709 74 19 étudiés
2165 2711 58 19 d’une
2231 2712 55 22 façon
2299 2718 28 13 un
2334 2718 38 18 peu
2381 2715 67 22 plus...
2460 2717 90 22 sérieuse,

2074 2736 58 27 ayant
2142 2740 37 17 que
2187 2736 59 19 d’être
2254 2738 37 18 mis
2300 2743 25 13 en
2332 2739 92 22 vigueur.
2441 2740 41 24 Car,
2492 2742 18 18 si
2517 2747 34 18 par

2074 2760 85 22 ailleurs,
2175 2762 83 18 certains
2276 2763 67 19 efforts
2360 2766 46 17 sont
2413 2766 46 18 faits
2467 2772 48 17 pour
2519 2772 34 14 en-

2073 2788 91 20 courager
2170 2786 20 18 le
2197 2788 90 18 tourisme
2292 2793 61 18 corse,
2359 2794 27 13 on
2391 2795 25 14 ne
2423 2793 47 20 peut
2479 2796 22 14 se
2509 2793 43 18 des-

2073 2810 80 18 simuler
2161 2816 44 17 que,
2214 2813 74 18 d’autre
2294 2815 50 20 part,
2355 2819 25 13 on
2389 2815 37 19 fait
2438 2817 45 21 plus
2491 2822 37 17 que
2532 2819 20 17 le

2072 2835 108 19 nécéssaire
2187 2841 49 18 pour
2243 2838 29 18 les
2280 2839 103 19 annihiler.

2095 2866 58 22 (Eveil
2160 2867 23 18 de
2189 2867 19 18 la
2215 2867 61 25 Corse)

2072 2910 117 24 Listessu
2201 2913 107 26 Sugettu

2092 2947 38 19 Nos
2135 2949 84 18 services
2227 2950 105 19 maritimes
2342 2953 45 17 sont
2392 2953 135 19 actuellement
2532 2955 18 18 si

2071 2973 38 16 mal
2120 2974 77 18 assurés
2205 2979 36 18 que
2254 2980 49 14 nous
2320 2980 84 15 sommes
2419 2978 61 18 forcés
2488 2980 24 18 de
2520 2980 30 18 si-

2071 2998 66 21 gnaler
2150 3003 25 13 en
2191 2999 48 18 haut
2245 3000 47 21 lieu,
2301 3005 12 13 a
2317 3006 36 13 nos
2360 3002 151 24 représentants,
2523 3009 26 14 au

2071 3022 113 23 Parlement,
2192 3029 24 13 au
2223 3024 88 20 Ministre
2315 3026 28 17 lui
2348 3026 68 23 même,
2422 3028 18 18 si
2445 3030 55 17 notre
2507 3034 41 14 mo-

2071 3047 53 19 deste
2130 3048 47 18 voix
2187 3050 88 21 parvient
2288 3050 77 23 jusqu’à
2373 3052 36 22 lui,
2430 3054 43 17 tout
2479 3058 23 14 ce
2512 3060 37 17 que

2070 3073 51 17 cette
2130 3073 92 19 situation
2233 3079 12 13 a
2252 3075 25 18 de
2286 3076 115 22 déplorable.

2092 3097 69 19 Disons
2168 3099 43 17 tout
2221 3100 24 17 de
2252 3100 53 18 suite
2315 3101 47 22 qu’il
2372 3102 77 19 n’entre
2459 3108 33 17 pas
2501 3105 48 18 dans

2070 3123 54 17 notre
2135 3123 43 18 idée
2192 3124 43 18 d’en
2246 3126 70 17 rendre
2326 3128 124 21 responsable
2466 3129 18 18 la
2495 3129 54 19 Com-

2069 3148 66 22 pagnie
2146 3148 109 24 Fraissinet,
2271 3151 114 22 puisqu’elle
2399 3154 67 19 est,en
2476 3158 72 15 somme

2070 3176 45 14 sous
2124 3172 19 18 la
2153 3174 69 17 tutelle
2235 3175 23 18 de
2269 3175 62 23 l’Etat,
2341 3177 47 17 dont
2400 3177 20 18 la
2434 3179 112 22 protection,

2069 3201 48 17 pour
2124 3202 56 17 nous,
2189 3199 31 17 n’a
2228 3199 41 18 rien
2277 3200 24 18 de
2308 3200 97 20 tutélaire.
2416 3202 42 19 Elle
2466 3208 83 19 manque

2069 3222 23 17 de
2101 3222 86 22 bateaux,
2202 3224 47 18 c’est
2258 3229 28 13 un
2295 3225 42 22 fait,
2354 3227 49 18 mais
2414 3227 16 18 il
2440 3228 44 18 n’en
2494 3231 53 16 reste

2068 3251 34 17 pas
2116 3248 66 22 moins,
2191 3252 37 18 que
2240 3249 17 18 si
2270 3250 37 17 elle
2320 3251 45 17 n’en
2380 3254 91 20 supporte
2482 3258 34 17 pas
2525 3255 21 17 la

2068 3273 151 21 responsabilité,
2228 3274 47 18 c’est
2282 3274 44 19 bien
2334 3280 50 14 nous
2393 3277 34 22 qui
2435 3282 24 13 en
2467 3282 79 19 suppor-

2068 3297 43 17 tons
2121 3297 28 18 les
2160 3298 146 24 conséquences,
2318 3301 19 17 et
2346 3301 74 21 quelles
2431 3303 116 22 conséquen-

2068 3320 38 19 ces!

2088 3346 17 17 A
2112 3346 82 22 Ajaccio,
2202 3348 19 17 la
2229 3348 92 19 situation
2332 3351 31 17 est
2370 3351 177 22 particulièrement

2068 3370 105 22 déplorable
2184 3372 12 17 à
2203 3376 21 14 ce
2235 3373 54 22 point
2298 3374 25 18 de
2331 3379 46 14 vue.
2395 3376 16 17 Il
2419 3376 43 18 faut
2474 3382 72 14 avouer

2067 3399 37 18 que
2112 3400 45 14 sous
2167 3400 22 14 ce
2197 3399 82 21 rapport,
2292 3400 57 17 notre
2359 3400 48 18 ville
2423 3402 30 17 est
2463 3403 82 21 particu-

2066 3420 100 19 lièrement
2175 3421 95 24 négligée,
2287 3428 24 13 en
2321 3424 86 22 ajoutant
2417 3430 45 14 sans
2472 3428 73 19 crainte

2066 3445 60 18 d’être
2132 3446 85 18 démenti
2226 3448 43 21 qu’à
2280 3448 73 23 chaque
2362 3450 66 19 avarie
2439 3455 106 16 survenant

2067 3474 37 13 aux
2116 3476 9 10 <t
2131 3471 66 18 sabots
2203 3477 10 11 »
2227 3476 22 14 se
2258 3473 92 19 trouvant
2363 3479 35 14 sur
2407 3476 30 18 les
2446 3477 63 22 ligues
2518 3479 26 18 de

2067 3494 64 22 Corse,
2145 3495 50 19 c’est
2207 3497 86 22 toujours
2307 3499 19 17 la
2335 3499 55 22 ligne
2404 3501 95 22 d’Ajaccio
2509 3504 35 21 qui

2066 3524 25 13 en
2098 3520 36 18 fait
2143 3520 29 18 les
2180 3521 54 22 frais,
2248 3527 38 18 que
2295 3523 20 18 le
2324 3525 86 18 courrier
2421 3527 38 17 soit
2469 3529 75 17 retardé

2067 3549 24 12 ou
2098 3544 62 19 même
2166 3546 45 22 plus
2219 3547 121 23 simplement
2349 3551 102 21 supprimé.

2087 3575 66 22 (Jeune
2164 3576 61 23 Corse)

2065 3658 99 22 Aiacciu
2172 3671 30 5 —
2213 3659 136 30 Stamparia
2360 3663 26 22 di
2399 3665 23 22 A
2433 3665 106 30 Muvra,

2066 3697 16 15 u
2093 3691 243 26 Diretlore-Gerente:
2345 3695 72 24 Petru
2427 3698 100 24 ROCCA
2531 3684 13 39 1
