2592 3868
135 155 18 17 a
166 155 16 16 u
195 147 102 24 nostru
307 147 82 31 paese
402 142 200 33 martirifâath

135 192 18 17 a
163 185 40 23 so’
210 183 57 34 più
280 182 71 25 bella
363 180 145 32 riches'^a:
523 179 79 25 rani-

135 230 63 22 ma;
210 229 15 16 e
235 220 137 25 sVanima
384 218 103 25 bianca
499 224 79 17 cume
588 223 14 17 a

113 254 8 4 ’
133 267 67 17 neve
217 257 34 26 di
264 265 19 17 u
297 257 99 29 Cintu,
417 253 185 27 immaculata

133 305 15 16 e
155 299 62 31 pur
218 304 17 17 a
254 303 76 17 cume
340 293 96 35 quella
450 292 66 24 d'un
530 297 72 17 ctuc-

133 334 125 26 ciarellu
288 335 112 31 appena
430 331 79 27 nain,
541 327 19 25 V
561 328 41 24 etc-

132 371 191 34 scalpicciala
334 376 16 17 a
360 368 57 33 più
426 369 41 30 pu
469 365 42 30 de,
515 366 20 24 d
535 373 18 17 a
562 373 40 16 ve-

132 410 31 24 ri
172 408 101 29 sbirri,
284 409 53 30 per
349 403 150 27 tumballa.

164 446 26 24 E
202 445 20 25 V
223 446 42 23 etc
273 444 72 32 part
347 444 49 23 ata
409 450 17 16 a
439 441 160 33 Vangunia.

164 482 26 26 E
191 482 91 27 coula,
293 489 17 16 a
321 480 93 25 verità
424 480 10 23 !

165 521 51 25 Ma
229 520 13 24 i
252 518 111 34 suspiri
379 526 15 16 e
406 518 13 24 i
434 516 168 35 singhios&i

131 557 232 27 diamuribonda
372 556 38 25 ha
413 564 37 17 nu
459 555 142 26 discitatu

130 597 72 25 tutti
214 597 12 24 i
235 595 141 35 patriotti
390 594 149 34 spargolti
549 597 53 29 per

130 636 54 23 ’ssu
202 642 65 16 mon
269 633 47 25 du.
337 632 19 25 I
370 631 98 33 vecchj
485 630 117 26 ricordi

129 672 49 24 chi
187 671 25 24 li
220 671 59 24 dur
280 672 38 22 mi
320 677 35 17 an
360 677 17 17 u
389 669 32 25 in
429 670 50 32 pet
480 669 30 24 tu
521 668 79 25 hanu

126 710 112 25 struttu
252 708 97 25 ind'nn
366 706 90 34 soffiu
472 714 17 17 a
502 706 97 25 retina

122 747 85 34 fosca
220 746 49 25 chi
281 746 25 25 li
317 747 102 32 cuprìa
431 753 19 16 u
462 752 72 17 core.

160 785 26 25 E
198 784 84 31 tutti,
295 792 16 16 a
324 791 59 17 unu
395 791 19 17 a.
426 790 67 24 unu,
511 784 30 23 sò
554 782 44 25 vi-

126 823 67 26 nuti
212 831 17 17 a
242 822 38 25 dct
297 821 108 26 sullevu
424 829 15 16 e
450 820 85 35 ajutu
550 828 18 18 a
579 829 18 17 a

125 861 141 26 Manima.

162 899 90 25 Cume
260 898 106 25 vuliate
375 898 102 25 ch'ella
486 906 38 17 un
533 897 64 35 fus-

123 938 94 31 si,sta
233 936 127 26 rivolta?
382 936 90 26 Cume
488 937 109 25 vuliate

125 976 100 25 ch'ella
238 984 39 16 un
288 974 87 35 fussi,
388 977 47 24 sta
447 975 149 34 Risurre%-

123 1014 83 34 spione
213 1014 16 25 ?

156 1053 21 25 I
192 1052 96 26 nostri
306 1052 115 26 antichi
442 1054 42 18 —'
498 1053 98 25 ch’elli

121 1094 86 22 sianu
232 1091 140 25 benedetti
381 1092 11 24 !
409 1106 34 3 —
464 1092 28 25 ci
514 1091 81 26 hanu

123 1131 162 29 trasmessu,
295 1130 67 25 incu
374 1130 172 34 Vamaregça
554 1139 15 16 e
576 1138 18 18 a

122 1168 182 26 malincunia
315 1168 32 25 di
356 1176 17 18 a
382 1170 101 24 nostra
494 1177 98 26 raçça,

120 1207 123 25 Veternu
255 1214 93 18 amore
359 1207 34 25 di
404 1215 17 17 a
434 1209 83 24 tarra
530 1216 64 17 cor-

120 1245 117 26 sa.Indi
242 1247 115 24 enostre
366 1254 66 18 vene
442 1247 152 34 c'èsempre

121 1285 34 24 di
166 1284 96 34 quellu
272 1292 106 26 sangue
388 1285 37 32 fie
427 1294 35 16 ru
474 1285 50 26 chi
529 1286 65 34 fece

120 1323 138 33 ingrussà
270 1331 18 17 a
303 1323 78 26 Golu
399 1324 67 25 indi
483 1332 17 17 u
517 1326 75 24 Ses=

118 1365 192 22 santanove.
320 1361 85 26 India
417 1364 106 24 nostra-
530 1371 62 18 car-

118 1408 44 22 ne,
193 1400 76 25 ind'i
291 1401 94 25 nostri
407 1402 125 26 musculi
554 1403 36 25 c'c-

117 1441 112 31 sempre
249 1439 93 33 quellu
359 1440 231 35 orgogliu.majô

119 1478 51 25 chi
178 1479 101 32 stupia
294 1478 12 25 i
316 1477 138 27 Rumani.

158 1516 46 26 Un
211 1516 30 25 la
250 1517 105 33 capite!
362 1518 68 25 ’ILte
437 1522 153 27 cunquis-

118 1558 69 22 tsitu
199 1563 20 16 a
232 1555 145 30 Corsica,
389 1565 56 16 ma
457 1559 109 25 micca
577 1561 11 23 i

119 1594 95 25 Co.rsi
223 1602 9 16 :
258 1594 12 24 i
291 1593 57 26 Cor
347 1595 29 25 si
393 1596 123 33 s'acquis
517 1598 70 24 tanu

111 1633 57 33 for
167 1640 36 24 se,
217 1640 47 18 ma
282 1641 38 17 un
334 1634 28 24 si
373 1636 79 29 ponu
469 1636 120 33 pussede

118 1672 69 24 mai.

151 1710 62 26 'Ete
224 1713 132 25 currottu
361 1713 97 34 pianu
463 1714 96 33 pianu
567 1723 20 17 u

112 1750 74 33 fiore
198 1750 33 25 di
239 1758 18 17 a
265 1752 97 24 nostra
375 1760 148 26 raç%a,ma
535 1761 51 17 un-

114 1790 27 23 ir
139 1790 4 7 1
144 1790 42 23 ete
201 1790 131 32 pussutw
339 1790 157 34 imparalli
512 1800 19 17 a
542 1792 45 26 in-

110 1827 41 34 gh
149 1827 75 35 jnue
227 1828 34 25 ch
265 1828 78 26 iassi.

147 1866 27 25 E
181 1867 162 33 perciondi,
358 1868 29 25 vi
398 1868 87 26 dieu:
498 1878 43 26 gu
543 1870 40 32 ai,

110 1906 77 32 guai
197 1913 18 17 a
227 1906 47 25 voi
281 1907 10 23 !

148 1944 28 25 A
185 1944 170 26 muribonda
359 1946 154 26 s’èarritta
520 1956 14 16 e
539 1948 46 33 pi-

108 1982 68 34 glia
188 1982 84 32 fiatu.

148 2021 98 25 Guai!
266 2021 19 26 I
295 2023 28 24 tr
323 2030 31 18 as
354 2023 30 25 al
386 2024 27 24 fi
429 2024 33 25 di
474 2024 21 25 V
494 2033 90 18 assas-

108 2060 94 25 sinat!
213 2062 30 23 sò
254 2063 202 31 spaventevuli.

210 2105 173 26 Ghiacintu
397 2108 33 24 di
443 2109 72 24 Mur
516 2117 31 17 u.

140 2199 81 23 Quelli
233 2200 42 22 cM
291 2200 117 24 ricevenu
421 2203 25 21 A
462 2203 120 23 MüVRA

110 2239 14 14 e
143 2232 73 22 ch’un
234 2234 24 21 si
273 2234 91 22 volenu
382 2236 82 22 micca
480 2237 102 23 abbunà

111 2266 131 22 mm’hami
251 2272 30 16 ca
287 2273 15 15 a
308 2268 119 22 ricusalla
433 2276 16 15 a
454 2276 17 15 u
477 2271 100 24 pedone

125 2659 24 4 —
156 2650 66 19 Maneu
231 2653 72 17 merule
313 2652 11 17 è
331 2652 89 19 sbarcatu
430 2653 117 23 quist’annu,
560 2655 16 17 si

103 2676 21 16 tu
133 2675 42 18 voli
182 2676 48 18 vede
236 2676 5 17 !

124 2711 24 4 —
159 2702 31 19 C’è
201 2704 67 22 troppu
283 2705 53 17 acelli
349 2705 19 17 di
380 2706 73 22 rapina,
468 2710 42 14 cara
522 2711 55 14 eum-

102 2732 69 17 pagna.

805 145 254 53 Impicci
1097 156 36 32 e
1173 143 271 56 ’mforogli

632 259 59 19 Cas
693 257 54 24 gin
754 257 192 24 impinzutitu

654 296 18 18 A
681 298 90 21 stampa
786 294 106 25 parigina
907 294 29 20 ha
949 294 53 20 dalu
1013 294 90 20 ultima-

629 325 77 17 mente
715 322 216 23 un’infurmazione,
946 322 115 24 publicata
1073 328 26 13 eu

630 356 12 13 u
652 349 67 20 titulu
810 350 92 20 Grande
912 349 117 20 Industrie
1036 349 65 20 Méri-

628 376 93 20 dionale
726 377 21 23 ”,
756 384 12 13 c
776 377 161 25 principiendu
948 377 47 19 cusi
1002 383 6 13 :

650 417 8 10 «
666 411 100 21 Toulouse,
776 412 10 17 9
794 412 79 18 février.
878 421 24 3 —
907 411 24 17 Se
939 411 67 17 fait-on
1016 415 38 13 une
1058 410 42 18 idée

628 437 65 16 exacte
701 436 23 17 de
733 436 18 17 la
760 436 119 22 production,
894 436 24 17 de
926 435 109 18 l’industrie
1047 436 19 16 et
1074 435 25 17 du

627 465 104 13 commerce
739 461 24 17 du
774 461 98 21 roquefort
880 461 47 17 dans
936 461 55 16 notre
999 459 45 18 Midi
1050 459 49 17 VDix

627 485 141 22 départements
777 490 12 17 y
797 486 44 16 sont
850 485 125 17 directement
983 484 115 18 intéressés:

626 510 109 22 l’Aveyron,
744 510 18 18 le
769 510 57 21 Tarn,
836 510 18 17 ta
862 510 76 21 Lozère,
948 510 17 17 la
975 509 65 21 Corse,
1052 509 48 17 I’IIé-

627 535 56 21 rault,
693 535 19 18 le
721 535 56 21 Gard,
787 535 27 18 les
824 535 176 22 Basses-Pyrénées,
1011 535 20 17 le
1039 534 34 17 Lot
1080 534 19 17 et

627 560 102 22 jusqu’aux
738 560 57 18 bords
803 561 128 22 montagneux
939 560 24 17 de
971 560 17 17 ta
995 559 104 18 Haute-Ga-

627 589 81 14 ronne...
715 591 9 10 »

650 619 19 18 A
679 618 95 19 Corsica
784 617 80 20 flccata
874 618 22 19 in
906 618 23 19 lu
938 620 65 17 noire
1011 617 66 23 Midi,
1084 623 13 13 e

627 651 13 13 u
650 644 107 24 picurinu
766 645 23 19 di
799 651 11 13 e
821 648 78 16 nostre
907 644 117 20 mezzanie
1038 644 60 20 chia-

626 675 61 16 matu
695 671 128 25 roquefort,
833 678 86 18 parenu
929 671 126 25 spruposili
1066 675 32 16 ta-

625 699 70 19 menti
705 705 12 13 a
727 706 14 12 u
752 699 93 20 mondu.

650 726 96 25 Eppuru
756 727 25 19 sò
790 727 54 20 duie
853 727 99 20 verità...

649 753 25 20 In
677 754 18 20 si
699 761 31 13 nu
739 760 13 14 a
761 755 77 24 quand
841 761 13 13 u
862 755 36 20 ?...

623 814 35 20 In
665 815 145 20 IncLocina

647 854 97 20 Avìamu
753 854 57 20 fattu
820 861 101 14 cunosce
930 855 38 20 dui
979 856 57 20 mesi
1045 855 22 21 fà
1080 862 13 13 a

623 881 7 20 i
640 882 74 20 nostri
723 882 74 20 lettori
807 889 13 14 e
829 883 190 21 cundannazione
1029 883 67 21 inflit-

622 912 23 17 te
653 909 27 20 da
689 910 109 20 tribunali
807 911 144 20 d’eccezione
959 917 11 14 a
980 911 7 20 i
997 911 98 25 dirigen-

623 937 16 20 ti
647 937 23 20 di
678 945 13 13 u
701 938 85 25 partitu
796 938 153 21 naziunalista
958 940 125 20 annamita.

648 965 48 21 Una
712 972 28 14 eu
743 967 19 19 si
777 967 100 20 bruttale
886 967 163 24 reppressione
1057 974 38 18 ap-

622 993 84 24 plicata
716 993 24 20 in
750 994 90 24 seguitu
847 1001 13 13 a
866 1001 126 18 campagne
999 994 22 20 di
1028 998 66 17 stam-

622 1027 27 18 pa
657 1019 47 26 (Oh
712 1021 5 20 !
729 1021 108 24 principii
846 1022 23 19 di
879 1028 14 14 u
904 1021 78 26 1789!),
991 1022 31 20 du
1026 1023 34 19 via
1072 1022 20 21 fà

621 1048 80 20 fruttu.

646 1076 86 24 Infatti,
747 1077 22 20 in
779 1077 104 25 parecchj
898 1078 66 24 punti
973 1078 24 20 di
1012 1085 14 13 u
1036 1079 57 20 Ton-

621 1103 56 21 kinu
686 1111 15 13 u
711 1105 108 24 schioppu
830 1105 28 20 ha
868 1109 137 21 prutestatu,

645 1131 63 25 Ogni
718 1133 58 19 -iolta
786 1133 88 20 ch’omu
885 1133 86 21 vularia
986 1134 22 20 fà
1025 1138 68 16 mette

620 1166 13 13 e
642 1163 102 17 manette
752 1167 12 13 a
772 1167 13 13 u
795 1161 56 20 fiore
859 1161 137 21 d’intellettu
1006 1162 42 20 edi
1057 1169 36 13 co-

621 1194 24 13 re
652 1187 68 21 d’una
726 1194 66 14 razza
798 1189 28 20 da
832 1189 127 25 giandarmi
968 1190 123 25 ignoccari,

620 1223 13 13 e
641 1222 53 14 cose
702 1217 119 20 andaranu
831 1217 22 20 di
863 1221 35 16 stu
910 1224 77 14 versu.

644 1244 182 25 Naturalmente,
844 1245 197 21 l’imbrutta-carta
1056 1253 13 14 e
1084 1247 7 20 i

619 1272 153 25 sporca-jente
780 1273 22 19 di
811 1279 13 13 a
833 1274 86 23 grande
928 1278 91 21 stampa
1034 1274 57 21 fran-

619 1306 53 14 cese
680 1300 61 20 danu
751 1307 12 13 e
771 1301 39 24 più
820 1301 138 24 cumplicate
967 1302 126 25 spiegazic-

619 1334 29 13 ne
655 1333 13 13 a
676 1331 35 16 sta
720 1328 112 23 semplice
840 1334 14 14 e
862 1329 107 20 naturale
983 1330 108 20 reazione

618 1358 82 17 contru
710 1361 13 13 u
733 1355 153 21 duminatore.

643 1383 8 19 I
665 1383 102 24 giurnali
781 1384 59 20 rossi
855 1384 144 24 pretendenu
1008 1385 81 20 ch’ellu

617 1410 96 25 s’agisce
720 1411 53 19 d’un
783 1412 144 20 muvimentu
937 1413 74 24 d’opei
1017 1414 21 19 ai
1048 1420 12 14 e
1068 1414 21 20 di

616 1439 158 24 campagnoli;
785 1439 7 19 i
801 1439 58 25 fogli
867 1440 111 24 sciuvini,
994 1441 47 24 elli,
1056 1448 34 13 ac-

616 1469 96 17 certanu
725 1466 38 21 chi
778 1473 13 13 u
806 1468 68 24 colpu
888 1472 65 21 parte
965 1469 29 19 da
1003 1469 86 21 Mosca.

617 1493 32 21 Ed
657 1494 14 20 è
680 1495 52 19 cusi
742 1494 35 21 chi
787 1501 12 14 a
808 1495 76 21 Storia
894 1496 20 20 si
924 1497 85 20 scrive.

615 1553 113 20 Orsula
735 1554 149 21 marina...

640 1593 69 20 Postu
719 1593 37 20 chi
766 1593 38 20 noi
813 1594 98 20 miremu
926 1601 13 13 a
954 1599 88 22 stampa
1051 1603 37 18 pa-

614 1620 83 25 rigina,
708 1621 151 21 cuntinuemu
872 1629 13 13 a
899 1624 154 23 pruspezione
1065 1625 22 20 di

614 1652 34 17 sta
657 1649 62 20 ricca
728 1649 97 21 miniera
835 1651 22 19 di
867 1651 68 25 bugie
941 1658 13 14 e
960 1652 22 20 di
989 1652 96 21 scimità.

639 1676 97 21 Ghiorni
747 1677 25 21 .fà
788 1679 118 20 un’orsula
922 1680 23 19 di
958 1687 14 13 u
982 1680 104 21 Muséum

614 1711 76 14 morse
698 1706 25 19 in
733 1705 23 21 la
764 1707 33 19 so’
805 1707 93 24 gabbia.

639 1733 25 20 Ci
674 1733 24 20 fù
709 1734 39 24 più
757 1733 95 21 Iamenti
862 1735 24 20 in
896 1735 16 20 li
921 1734 55 26 fogli
986 1737 23 19 di
1019 1744 13 12 a
1044 1738 43 20 Vil-

612 1761 23 19 le
642 1761 106 20 Lumière
753 1762 43 20 che
804 1769 43 18 per
854 1763 105 21 l’interru
968 1764 23 20 di
1000 1771 32 14 un
1041 1772 46 14 ma-

613 1789 109 20 resciallu
731 1789 23 20 di
764 1789 106 22 Francia.

637 1817 80 20 Eccuti
734 1824 14 13 u
765 1824 90 19 generu
869 1819 24 20 di
908 1823 35 17 sta
955 1820 129 22 litteratura

611 1845 172 24 singhiuzzosa.

633 1880 57 19 «Elle
701 1881 54 18 avait
769 1886 37 14 une
817 1883 96 18 trentaine
926 1884 96 22 d’années,
1037 1886 19 17 et
1066 1886 18 17 le

610 1906 66 18 Jardin
683 1907 35 17 des
726 1907 76 18 Plantes
810 1907 125 24 l’hébergeait
942 1910 67 22 depuis
1018 1911 67 21 quinze

611 1935 41 14 ans.

633 1956 69 22 Triste,
718 1957 93 22 résignée,
826 1959 68 21 depuis
909 1959 69 22 quinze
991 1965 43 17 ans,
1047 1962 37 17 elle

610 1981 72 18 n’avait
689 1982 25 17 de
721 1982 39 21 joie
767 1986 37 18 que
811 1983 30 18 les
849 1983 54 22 jours
911 1984 76 19 d’hiver
995 1986 26 17 où
1034 1986 48 18 l’eau

610 2006 25 17 du
644 2006 65 18 bassin
717 2011 22 13 se
748 2008 87 17 couvrait
843 2009 23 17 de
874 2008 102 23 banquises
984 2015 50 17 pour
1038 2011 44 18 rire.

609 2031 64 21 Alors,
681 2031 71 18 Martin
760 2033 19 17 et
787 2033 44 21 elle,
839 2037 21 14 se
868 2034 110 22 dandinant,
985 2036 98 22 prenaient

610 2056 71 18 devant
693 2057 30 18 les
738 2057 90 19 humains
841 2063 25 13 au
874 2063 36 14 nez
918 2064 59 18 rouge
986 2061 35 18 des
1029 2066 53 17 poses

611 2081 91 21 polaires.

631 2106 77 19 L’ourse
717 2108 30 17 est
756 2109 66 17 morte.
831 2108 26 18 Le
863 2109 47 18 veuf
918 2114 11 13 a
936 2110 57 19 flairé
1001 2112 20 18 le
1029 2113 54 17 cada-

609 2136 40 17 vre,
657 2133 26 19 et,
695 2132 101 22 taciturne,
804 2138 10 13 a
824 2134 60 22 gagné
898 2135 70 19 l’autre
978 2136 44 19 coin
1034 2138 23 17 de
1064 2139 18 17 la

609 2156 58 19 fosse.

631 2181 39 22 Que
685 2183 64 17 va-t-il
764 2183 97 19 devenir?
874 2185 92 19 Attendre
974 2187 11 17 à
993 2192 36 14 son
1040 2189 42 18 tour

608 2211 37 18 que
652 2207 19 18 la
679 2209 51 16 mort
739 2209 82 18 terrasse
829 2213 34 14 son
872 2214 56 19 corps
936 2211 85 20 énorme.

630 2232 28 18 On
666 2237 61 18 songe
735 2233 12 17 à
755 2238 26 13 un
790 2235 115 23 remariage.
919 2237 48 18 Mais
975 2238 48 18 c’est
1030 2239 18 17 là
1055 2244 26 13 un

608 2258 53 21 point
671 2259 41 17 tout
720 2258 11 17 à
740 2258 35 18 fait
783 2259 78 19 délicat.
875 2260 51 19 C’est
933 2267 42 17 que,
989 2263 48 19 dans
1044 2269 38 14 une

608 2282 51 18 fosse
666 2282 84 22 voisine,
759 2287 21 14 se
790 2285 68 18 trouve
866 2290 38 14 une
912 2291 57 14 ourse
977 2288 34 22 qui
1020 2294 11 12 a
1041 2294 41 17 per-

608 2308 25 17 du
641 2312 36 14 son
684 2312 117 18 compagnon
815 2310 68 22 depuis
898 2310 52 20 1918.
964 2312 116 25 Seulement,

608 2333 36 18 elle
652 2338 10 12 a
672 2337 23 14 eu
702 2333 20 18 le
728 2335 61 21 temps
796 2335 25 18 de
827 2336 14 10 “
848 2340 21 14 se
875 2336 50 19 faire
930 2338 11 9 ”
947 2338 11 17 à
963 2339 19 17 la
990 2328 90 30 solitude!

608 2358 40 18 Elle
655 2362 24 14 en
688 2359 31 17 est
727 2359 88 19 devenue
824 2360 40 18 très
871 2362 68 18 vieille
947 2363 50 19 fille.

628 2382 108 20 Sera-t-elle
744 2384 18 18 la
770 2386 119 18 consolation
898 2387 24 18 de
930 2388 70 18 Martin
1005 2388 10 18 ?

631 2417 9 20 I
650 2418 80 24 populi
740 2418 61 20 hanu
810 2419 7 20 i
827 2420 100 24 giurnali
933 2422 75 20 ch’elli
1015 2424 66 20 meri-

608 2448 61 16 tanu.

605 2497 114 25 Servizj
733 2499 165 22 Marittimi

630 2536 133 21 L’aumentu
772 2538 23 19 di
805 2545 14 12 u
828 2543 68 17 centu
906 2547 40 18 per
954 2545 69 17 cenfru
1033 2543 21 20 di
1064 2550 14 13 u

604 2570 81 17 prezzu
693 2565 85 20 attuale
787 2566 23 20 di
819 2566 7 20 i
836 2569 107 24 passaggi
951 2575 13 14 a
974 2570 73 21 bordu
1057 2571 22 20 di

604 2591 7 20 i
619 2591 90 21 battelli
722 2593 24 19 di
754 2599 13 14 a
776 2595 89 20 marina
878 2598 135 20 mercantile
1026 2605 53 14 cun-

603 2620 59 19 cessi
675 2620 19 20 a’
703 2622 137 24 cumpagnia
849 2623 135 26 Fraissinet,
998 2630 80 17 vutatu

603 2647 29 19 da
644 2653 12 14 e
665 2653 94 15 camere
771 2649 79 20 l’annu
864 2656 89 20 scorsu,
966 2659 38 15 era
1018 2657 60 17 statu

602 2678 126 21 attempatu
738 2682 13 14 a
760 2677 146 23 quist’annu.

629 2703 104 21 Videndu
748 2708 34 17 sta
795 2706 72 24 spada
879 2707 23 20 di
917 2707 112 23 Damocle
1041 2716 38 18 ap-

603 2730 87 25 piccata
699 2738 14 13 a
722 2739 14 13 u
746 2733 106 24 sulaghiu
862 2735 92 24 statale,
964 2742 12 14 e
984 2742 93 19 capace,

1128 256 129 25 falendu,di
1267 259 116 25 spiantalli
1393 265 12 13 e
1414 258 110 24 stacc'he.i
1534 258 74 20 nostri

1128 284 47 19 cari
1184 286 158 24 cumpatriotti
1355 286 23 19 di
1388 285 85 25 Parigi,
1487 285 120 25 Marseglia

1127 311 99 23 eNizza,
1241 313 169 21 abitualmente
1424 312 148 24 insunnuliti,
1586 312 20 20 si

1127 338 26 19 sò
1166 338 103 22 discitati
1285 347 40 18 per
1341 346 29 13 un
1385 339 86 25 paghiu
1486 340 62 20 d’ore
1566 346 40 18 per

1126 367 130 23 sgurgassi,
1275 367 87 22 bultulà
1378 367 66 25 occhj
1462 367 116 20 inferuciti
1592 374 12 13 e

1126 392 62 20 minà
1201 393 23 19 di
1236 396 71 24 pugni
1320 394 107 20 annant’a
1441 394 7 19 i
1458 394 98 20 tavulini
1566 394 22 20 di
1597 394 7 20 i

1125 419 57 21 caffè
1190 420 126 23 induv’elle
1331 422 19 20 si
1365 422 59 19 ténia
1428 428 30 13 nu
1474 428 12 13 e
1499 421 106 20 riunione

1125 447 120 23 publiche.

1150 474 45 23 Ma,
1205 481 68 15 cume
1282 482 100 19 sempre,
1396 476 6 19 i
1413 476 96 24 padroni
1520 482 29 14 un
1560 480 44 16 tar-

1125 501 88 20 deranu
1223 509 13 13 a
1246 504 93 24 gridalli
1347 510 6 13 :
1367 508 11 11 «
1386 503 172 21 Couchez-vous
1564 504 11 20 !
1579 509 10 10 »

1151 529 16 19 E
1176 530 80 20 subitu
1270 532 7 20 i
1287 531 103 21 viderete
1403 532 67 20 turnà
1483 532 27 20 ad
1519 532 85 20 addur-

1125 556 243 25 mintassi,annannati
1377 559 48 20 dae
1434 564 55 16 note
1495 560 21 20 di
1523 561 80 20 n.Mar-

1123 584 106 21 seillaise
1237 592 14 13 o
1261 586 22 19 di
1293 593 12 13 a
1314 587 119 20 Madelon.

1150 611 25 19 Ih
1181 612 6 19 !
1202 612 43 19 Chi
1255 612 37 20 vo’
1303 614 78 19 tusciti
1389 614 5 19 !

1123 662 30 20 U
1161 663 232 22 Jattu-mommô

1149 698 32 20 Le
1187 703 51 17 sort
1246 701 44 24 qui
1296 707 58 15 nous
1362 703 85 19 attend
1454 704 13 19 è
1475 709 14 14 u
1499 703 69 21 titulu
1578 704 22 19 di

1123 732 31 14 uii
1168 727 133 21 articulellu
1316 729 23 20 di
1354 737 15 12 u
1383 730 107 24 giurnale
1503 735 99 17 aulono-

1123 753 67 21 misüa
1200 756 119 20 brettone:
1333 757 69 22 Ereiz
1411 759 69 20 Atao.

1147 781 40 21 Stu
1203 784 93 20 valente
1310 785 156 25 settimanale,
1482 787 60 24 dopu
1557 789 44 19 avè

1122 809 132 24 ripruduttu
1265 818 31 13 un
1306 814 122 24 passaggiu
1438 814 23 20 di
1469 814 98 22 L’Eveil
1571 816 30 20 de

1121 837 27 19 la
1158 838 69 20 Corse
1234 840 75 24 sopr’a
1318 847 92 14 manera
1419 842 147 25 puliticancia
1576 844 23 20 di

1121 866 84 20 traccia
1214 873 14 13 o
1237 867 147 22 d’intrattene
1392 876 13 13 e
1412 870 104 20 stradedi
1524 871 76 21 Corsi-

1120 898 35 18 ca,
1163 894 142 25 aghiunghie
1314 896 182 22 st’avèrtimentu
1506 905 11 14 a
1527 899 73 21 l’indi-

1121 920 60 21 rizzu
1195 922 24 20 di
1229 930 13 13 u
1253 924 85 23 populu
1348 925 23 19 di
1381 931 12 14 a
1403 926 92 20 vecchia
1504 928 94 20 Armor:

1144 962 9 10 «
1160 956 51 19 Nous
1220 959 44 17 n’en
1276 963 81 15 sommes
1368 965 34 17 pas
1414 966 67 14 encore
1492 962 17 18 là
1519 967 23 13 en
1551 963 48 18 Bre-

1120 981 64 22 tagne.
1195 983 47 18 Mais
1254 988 49 14 nous
1313 989 13 17 y
1334 985 112 22 viendrons,
1458 991 47 18 pour
1515 992 36 18 peu
1561 993 37 17 que

1119 1010 49 14 nous
1178 1008 91 18 laissions
1282 1009 19 17 la
1312 1009 79 20 hideuse
1401 1012 93 22 politique
1504 1013 94 21 française

1119 1036 48 13 nous
1175 1037 114 19 gangrener.
1302 1034 25 22 Ça
1335 1040 48 14 nous
1391 1037 50 21 pend
1450 1042 23 13 au
1482 1042 34 14 nez
1524 1043 73 13 comme

1120 1061 26 13 un
1154 1058 62 18 sifflet
1226 1059 25 18 de
1259 1060 51 17 deux
1318 1065 52 14 sous.

1142 1082 45 19 Plus
1198 1088 38 17 que
1246 1084 75 23 jamais,
1336 1090 23 13 en
1370 1086 42 19 face
1423 1088 34 18 des
1468 1088 108 22 politiciens
1585 1089 12 17 à

1121 1108 40 18 tout
1171 1108 55 22 faire,
1239 1110 90 21 s’impose
1339 1111 73 19 l’union
1424 1113 63 18 sacrée
1497 1114 98 22 bretonne,

1119 1137 48 17 pour
1174 1134 18 17 la
1202 1134 79 19 défense
1290 1135 33 18 des
1331 1136 79 19 intérêts
1419 1137 84 19 bretons.
1509 1144 9 11 »

1144 1167 85 21 L’Isula
1240 1169 69 21 Persa
1319 1176 67 15 serve
1394 1171 23 20 di
1424 1171 171 25 jattu-mommô

1118 1201 13 13 a
1140 1201 13 14 e
1161 1196 136 22 minuranze
1307 1198 128 21 naziunale.

1131 1274 159 27 Compagnie
1305 1276 31 21 de
1352 1277 118 23 Chemins
1485 1279 31 22 de
1529 1280 51 21 Fer

1240 1309 233 26 Départementaux

1188 1362 136 26 Marche
1343 1364 41 25 de
1401 1365 122 26 Trains

1250 1399 211 31 Périodiques

1116 1448 21 26 (à
1145 1448 53 20 titre
1206 1449 84 21 d’essai
1303 1455 23 15 et
1335 1450 91 26 jusqu’à
1439 1453 83 19 nouvel
1531 1452 59 25 avis)

1179 1477 13 19 à
1204 1481 106 21 compter
1320 1479 30 19 du
1364 1479 25 20 15
1397 1479 63 21 Mars
1468 1480 58 25 ig3o.

1205 1544 30 17 DE
1249 1544 70 19 CALVI
1332 1546 17 17 A
1362 1545 138 19 ILE-ROUSSE

1175 1582 3 3 ■
1185 1582 3 3 '

1136 1607 66 19 Trains
1210 1608 71 23 légers,
1289 1608 83 22 1,2.3-cI.
1407 1598 24 18 N°
1434 1599 24 17 34
1493 1599 86 19 N°a4his

1230 1621 12 10 &
1420 1627 26 22 (1)
1522 1627 26 23 (2)

1423 1680 21 18 h.
1525 1681 19 17 h.

1136 1706 58 18 Calvi.
1219 1720 6 4 .
1250 1720 5 5 .
1280 1720 5 5 .
1308 1708 66 22 départ
1405 1707 59 19 18.00
1506 1709 60 18 19.30

1135 1762 104 18 Calenzana
1404 1763 29 18 18.
1440 1763 24 18 09
1505 1765 30 18 19.
1542 1765 23 18 39

1441 1791 23 19 10
1541 1793 24 18 40

1123 1835 103 23 -Algajola.
1248 1848 124 6 .....
1403 1836 61 18 18.28
1505 1837 59 18 19.58

1440 1864 23 18 29
1541 1865 23 18 59

1132 1907 118 19 Ile-Rousse.
1275 1921 5 5 .
1298 1908 75 19 arrivée
1402 1908 61 19 18.45
1504 1909 61 19 20.15

1210 1983 159 19 DTLE-R0US5E
1382 1985 17 17 A
1413 1985 70 18 CALVI

1131 2048 66 18 Trains
1205 2048 72 22 légers,
1283 2048 85 20 1,2.3cl.
1405 2037 24 19 N°
1432 2037 24 19 33
1490 2038 85 19 *°33l3is

1417 2066 26 22 (1)
1518 2067 27 22 (2)

1419 2119 20 18 b.
1521 2121 20 17 h.

1128 2145 119 19 Ile-Ròusse.
1261 2159 5 5 .
1290 2159 5 5 .
1305 2146 65 23 départ
1398 2147 31 18 19.
1437 2147 23 19 30
1501 2148 30 18 20.
1538 2148 24 19 80

1129 2202 87 22 Algajola
1398 2203 31 18 19.
1436 2203 23 18 46
1500 2204 30 18 20.
1537 2205 23 17 46

1436 2232 23 17 47
1538 2233 22 17 47

1129 2273 105 19 Calenzana
1398 2275 30 18 20.
1435 2275 24 18 03
1500 2277 30 18 21.
1537 2277 24 18 05

1435 2303 24 18 06
1537 2305 23 18 06

1129 2345 53 19 Calvi
1206 2359 5 5 .
1236 2359 5 5 .
1266 2360 5 4 .
1294 2347 74 18 arrivée
1398 2347 60 19 20.15
1499 2349 30 18 21.
1537 2350 22 18 13

1127 2406 69 19 NOTA.
1205 2416 25 4 —
1237 2408 27 22 (1)
1276 2408 108 19 Les-trains
1394 2409 30 18 N0ï
1432 2410 24 18 34
1467 2412 20 17 et
1497 2411 22 18 33
1529 2412 54 18 n’ont

1106 2432 40 18 lieu
1155 2437 37 18 que
1203 2433 20 17 le
1230 2433 66 22 Mardi,
1305 2434 146 23 jour_d’arrlvée
1461 2437 25 16 du
1498 2438 85 18 courrier

1107 2458 23 17 de
1137 2457 46 18 Nice
1193 2457 11 18 à
1212 2458 120 19 Ile-Rousse.

1127 2485 27 23 (2)
1162 2494 21 4 —
1193 2485 36 19 Les
1240 2487 63 18 trains
1313 2487 30 17 Nos
1351 2487 62 23 34,bis
1424 2490 20 17 et
1454 2488 23 19 33
1486 2489 30 19 bis
1528 2491 54 17 n’ont

1106 2510 39 18 lieu
1153 2515 36 17 que
1196 2511 20 17 le
1224 2510 76 20 Samedi
1308 2513 20 17 et
1335 2512 18 18 le
1361 2512 108 20 Dimanche,
1473 2514 53 22 jours
1534 2516 47 17 d’ar-

1095 2539 5 4 •
1105 2536 54 18 rivée
1169 2537 21 17 et
1200 2537 26 17 de
1236 2536 69 23 départ
1314 2538 35 17 des
1360 2538 98 19 courriers
1469 2540 24 18 de
1503 2540 51 22 Nice,
1570 2541 11 17 à

1105 2561 113 18 Ile-Rousse
1226 2566 26 13 ou
1260 2562 12 18 à
1280 2562 61 18 Calvi.

1126 2587 28 24 (3)
1164 2598 23 4 —
1195 2588 28 18 Eu
1234 2594 33 13 cas
1279 2591 24 17 de
1313 2591 65 17 retard
1389 2591 11 18 à
1410 2592 90 19 l’arrivée
1510 2593 27 18 du
1544 2598 37 17 pa-

1105 2614 70 21 quebot
1182 2614 11 18 à
1201 2614 55 18 Calvi
1264 2620 25 13 ou
1297 2615 11 18 à
1317 2615 118 23 Ile-Rousse,
1445 2617 18 18 la
1471 2622 109 18 correspon-

1105 2639 59 18 dance
1172 2638 20 19 C.
1199 2639 21 18 F.
1227 2639 21 18 D.
1258 2644 48 17 pour
1313 2645 33 13 ces
1355 2642 61 18 trains
1424 2644 31 16 est
1462 2643 83 19 assurée.

1126 2666 26 22 (4)
1160 2676 23 4 —
1190 2667 38 18 Des
1238 2668 143 19 modifications
1391 2672 91 20 pourront
1492 2671 41 18 être
1543 2676 37 18 ap-

1104 2691 75 22 portées
1183 2693 48 17 dans
1236 2693 21 17 la
1261 2693 113 19 circulation
1379 2695 33 17 des
1419 2695 61 18 trains
1485 2696 94 19 ci-dessus

1104 2716 39 18 lors
1151 2717 23 18 de
1182 2718 19 17 la
1209 2718 51 18 mise
1269 2722 23 14 en
1300 2720 76 18 service
1384 2721 26 17 du
1418 2724 73 19 vapeur
1502 2721 45 19 “Ile
1554 2722 25 18 de

1104 2741 87 19 Beauté”
1202 2747 26 13 au
1236 2743 50 18 mois
1294 2744 24 18 de
1325 2744 46 18 Juin
1380 2744 52 20 1930.

1663 140 39 34 La
1725 137 143 44 Conquête
1890 135 36 35 de
1945 135 28 35 la
1997 134 88 35 Corse

1656 211 24 18 L11
1688 209 115 23 publication
1811 209 45 17 d’un
1866 209 100 16 document
1975 209 132 17 nouveuu,mé-

1635 235 28 18 dit
1670 240 24 12 ou
1703 239 37 18 peu
1746 238 70 17 connu,
1824 237 35 13 sur
1868 231 122 19 l’bisloirede
2001 231 18 17 la
2025 230 56 18 Corse
2089 230 20 17 et

1633 260 76 17 surtout
1714 264 35 12 sur
1755 259 49 17 l’une
1813 258 34 17 des
1853 256 86 23 périodes
1945 256 27 17 les
1980 255 43 22 plus
2029 254 78 22 agitées,

1632 284 28 17 les
1668 284 42 21 plus
1720 283 88 21 remplies
1819 281 148 19 d’évènements,
1982 280 31 18 est
2021 279 86 22 toujours

1633 312 37 13 une
1679 308 104 18 excellente
1790 306 80 18 aubaine
1879 311 47 17 pour
1934 305 105 22 quiconque
2045 304 63 18 s’inté-

1632 337 52 13 resse
1691 337 24 12 au
1731 332 54 22 passé
1799 332 22 17 de
1836 331 55 17 notre
1899 335 53 17 pays.
1961 329 64 21 Aussi,
2039 328 68 23 dois-je

1631 356 133 21 ra’empresser
1772 356 23 17 de
1808 356 84 22 signuter
1899 356 11 16 à
1920 356 30 17 l’ut
1954 356 37 17 lent
1995 355 29 17 ion
2034 355 34 16 des
2076 358 31 13 cu-

1630 380 55 18 rieux
1691 385 25 12 un
1722 385 83 16 ouvrage
1811 379 246 23 quivienld’enricbird’un
2062 383 43 17 qua-

1631 404 65 18 trième
1703 405 75 17 volume
1783 405 18 17 la
1807 405 89 17 «Gullana
1904 405 70 17 slorica
1983 404 19 17 di
2008 404 15 18 A
2029 404 76 17 Muvru»

1629 429 47 22 (I).ll
1685 429 103 22 s’agUd’1111
1792 429 70 18 recueil
1868 429 95 18 d'articles
1969 433 57 18 parus
2031 433 23 13 en
2062 427 43 18 1709

1629 454 47 17 dans
1682 454 18 17 Je
1703 453 76 22 journal
1785 454 23 17 de
1814 454 84 21 Monaco,
1905 460 11 10 «
1923 455 24 17 Le
1953 453 90 19 Courrier
2048 459 16 15 »,
2071 452 34 18 im-

1630 478 61 22 primé
1699 479 49 17 dans
1756 479 19 17 ta
1783 479 118 22 principauté
1910 484 33 16 par
1951 478 83 18 Antoine
2042 478 63 22 Mossy

1628 502 33 19 fils
1665 504 20 17 et
1689 503 61 23 dirigé
1757 508 33 18 par
1796 503 78 19 l’érudit
1878 503 128 23 avignonnais
2012 502 91 22 François

1628 528 95 19 Morénas.

1650 557 26 15 JJe
1683 557 70 20 longue
1760 557 49 19 date,
1815 557 28 15 les
1849 557 159 20 gouvernements
2016 557 34 14 ont
2055 558 49 13 com-

1628 579 40 22 pris
1678 580 42 17 tout
1728 580 19 18 Je
1756 580 57 22 profil
1826 580 59 22 qu’ils
1900 580 105 22 pouvaient
2021 579 48 17 tirer
2080 579 23 17 de

1627 604 110 18 l’influence
1745 605 25 17 de
1778 605 18 17 la
1804 609 66 17 presse
1879 605 20 17 et
1906 605 33 17 nul
1954 604 87 21 n’ignore
2054 608 49 12 com-

1627 629 52 17 ment
1685 628 99 18 Richelieu
1788 630 31 16 sut
1825 629 77 18 utiliser
1909 629 18 17 ta
1934 629 71 17 Gazelle
2010 628 53 18 créée
2070 632 33 18 par

1626 653 130 22 Théophraste
1770 654 105 18 ltenaudot.
1884 654 29 18 Au
1928 654 67 18 XVIJle
2010 653 65 20 siècle,
2084 653 18 17 la

1627 679 109 18 monarchie
1742 678 359 22 françaiseoherchaàseconciliercelle

1627 703 50 19 force
1686 705 46 17 dont
1741 705 18 17 la
1767 705 100 22 puissance
1876 705 54 17 allait
1942 709 21 13 se
1975 704 125 22 développant

1626 729 24 18 de
1657 729 45 22 jour
1709 735 24 13 en
1741 730 44 21 jour
1792 731 20 17 et
1819 730 59 22 qu’on
1886 730 74 22 appelle
1969 729 89 23 l’opinion
2068 733 33 17 pu-

1626 754 71 22 blique.
1703 755 154 22 Or,l’expédition
1863 755 24 17 de
1892 754 57 18 Corse
1954 754 65 18 n’était
2024 759 34 17 pas
2063 753 38 18 très

1626 780 96 22 populaire
1729 785 5 12 :
1741 780 108 18 combattue
1854 785 34 17 par
1894 780 28 18 les
1929 785 35 12 uns
1970 784 47 17 pour
2023 780 33 17 des
2065 779 35 17 rai-

1626 808 44 14 sons
1679 806 99 20 purement
1786 805 109 22 politiques,
1904 810 34 17 par
1945 805 29 17 les
1981 805 65 17 autres
2054 808 46 18 pour

1625 830 34 17 des
1665 830 74 18 raisons
1752 830 104 22 idéalistes,
1866 830 13 18 il
1889 830 28 18 lui
1925 829 61 19 fallait
1994 829 42 19 être
2043 829 57 22 justi-

1625 854 37 18 fiée
1670 860 37 13 non
1715 855 107 18 seulement
1828 855 69 22 auprès
1902 856 27 16 du
1938 855 65 22 public
2011 854 87 21 français,

1625 880 48 18 mais
1687 880 52 18 aussi
1748 880 68 22 auprès
1830 881 26 17 du
1871 880 65 22 public
1950 880 100 22 européen.
2064 879 35 17 Les

1624 905 78 18 maîtres
1710 906 25 17 de
1741 905 88 22 l’opinion
1838 905 11 18 à
1857 906 49 17 cette
1911 906 72 21 époque
1990 905 45 17 -les
2041 905 58 17 Rous-

1624 934 44 14 seau
1677 931 20 17 et
1708 930 29 18 les
1749 930 82 18 Voltaire
1839 940 23 4 —
1871 930 171 23 désapprouvaient
2058 930 41 17 net-

1625 956 71 17 tement
1705 956 52 17 toute
1771 960 70 18 guerre
1850 957 24 16 de
1888 955 91 23 conquête
1993 954 105 23 entreprise

1623 981 66 17 contre
1697 985 26 13 un
1732 981 95 22 peuple,et
1836 981 25 18 ils
1868 985 25 14 ne
1901 980 98 19 cachaient
2004 984 35 18 pas
2047 980 51 18 leurs

1623 1005 117 23 sympathies
1748 1010 48 18 pour
1803 1006 18 18 la
1833 1006 64 18 Corse.
1911 1006 48 18 Mais
1967 1006 74 17 d’autre
2049 1006 47 21 pari,

1623 1031 18 17 la
1649 1030 93 22 politique
1751 1030 93 22 française
1852 1036 24 13 en
1886 1031 56 18 Corse
1950 1030 72 18 suivait
2030 1030 68 22 depuis

1622 1055 45 18 1737
1676 1060 36 14 une
1718 1056 119 22 progression
1844 1056 133 22 parfaitement
1983 1057 60 20 nette,
2050 1055 48 23 logi-

1623 1086 36 17 que
1666 1083 21 16 et
1694 1082 46 18 dont
1748 1082 19 18 le
1776 1083 59 17 terme
1840 1082 102 22 paraissait
1949 1082 113 18 clairement
2066 1082 31 17 de-

1622 1106 43 18 voir
1670 1106 40 19 ôlre
1715 1107 115 22 l’annexion,
1837 1107 62 19 forcée
1905 1112 23 13 ou
1935 1107 162 19 consentie.Lors-

1622 1136 37 18 que
1666 1132 29 18 les
1703 1132 123 18 évènements
1841 1137 22 13 se
1869 1132 142 23 précipitèrent,
2024 1132 73 18 c’est-à-

1621 1156 42 18 dire
1670 1156 33 19 dès
1711 1157 19 18 le
1740 1157 55 18 traité
1803 1158 23 17 de
1835 1158 37 17 mai
1882 1157 52 22 1763,
1941 1158 13 17 il
1961 1158 61 17 fallait
2027 1157 70 18 s'éver-

1621 1182 42 17 tuer
1671 1182 11 17 à
1687 1183 85 17 montrer
1777 1187 37 18 que
1821 1183 18 17 la
1845 1183 58 18 Corse
1909 1182 47 19 élait
1961 1183 43 18 bien
2011 1187 38 13 une
2054 1187 43 17 pos-

1620 1206 74 19 session
1698 1207 105 23 génoise,et
1808 1212 36 18 que
1850 1208 29 18 les
1882 1207 65 19 Corses
1952 1208 105 22 gouvernés
2062 1212 34 18 par

1620 1233 18 17 le
1646 1232 78 22 général
1733 1232 52 19 Paoli
1798 1233 72 18 étaient
1882 1234 33 17 des
1928 1233 87 18 rebelles.
2028 1233 52 19 C’est
2084 1233 11 18 à

1620 1258 43 22 quoi
1671 1258 102 22 s’employa
1781 1259 18 18 le
1808 1264 9 11 «
1826 1258 90 19 Courrier
1921 1259 23 18 de
1950 1259 76 18 Monaco
2033 1265 17 12 ».

1639 1283 22 18 Je
1669 1283 80 18 connais
1757 1288 37 18 peu
1802 1285 23 17 de
1833 1285 84 17 lectures
1925 1285 43 21 plus
1975 1284 120 18 attachantes

1618 1312 37 17 que
1664 1308 48 18 celle
1719 1309 24 17 de
1751 1313 32 13 ces
1791 1308 34 18 230
1833 1314 59 18 pages
1900 1309 34 22 qui
1942 1311 43 16 sont
1993 1314 26 13 un
2028 1311 67 16 avant-

1617 1333 46 21 goût
1671 1333 33 18 des
1713 1334 172 21 correspondances
1893 1334 24 17 de
1925 1338 69 18 guerre
2007 1339 38 17 que
2058 1338 35 14 nos

1617 1357 78 18 feuilles
1712 1358 171 22 comlemporaines
1899 1360 35 16 ont
1949 1359 145 18 abondamment

1617 1382 74 18 servies
1696 1383 11 17 à
1711 1383 87 18 l’avidité
1803 1384 23 18 de
1832 1384 55 17 leurs
1891 1384 90 18 lecteurs.
1985 1384 26 18 La
2017 1385 76 21 plupart

1617 1407 34 18 des
1656 1408 68 18 lettres
1730 1408 85 22 publiées
1821 1413 35 17 par
1860 1410 57 17 notre
1922 1408 88 19 Courrier
2015 1409 78 18 sontda-

1618 1432 39 19 lées
1665 1433 106 22 d’Antibes,
1778 1434 23 18 de
1806 1433 69 22 Gênes,
1882 1435 23 17 de
1912 1434 69 22 Bastia,
1987 1435 23 18 de
2015 1434 77 18 l’armée

1616 1459 24 16 de
1648 1458 65 19 Corse.
1723 1458 57 22 Quels
1789 1463 23 14 en
1821 1461 45 16 sont
1874 1460 28 18 les
1911 1461 85 20 auteurs,
2006 1464 50 14 nous
2063 1460 29 17 l’i-

1616 1488 88 18 gnorons,
1714 1484 50 18 mais
1770 1485 46 17 elles
1824 1487 45 16 sont
1879 1487 63 17 toutes
1955 1486 137 18 extrêmement

1616 1510 93 21 vivantes,
1716 1510 73 22 pleines
1798 1511 23 17 de
1825 1511 70 18 détails
1899 1511 192 23 précieux—quoique

1615 1535 57 18 d’une
1689 1535 109 19 exactitude
1814 1536 73 22 parfois
1900 1537 115 17 contestable
2032 1546 23 4 —
2072 1537 19 17 et

1614 1560 153 19 d’observations
1775 1561 178 22 suggestives.Elles
1960 1563 44 17 sont
2009 1562 82 18 évidem-

1615 1587 53 16 ment
1672 1586 102 22 inspirées,
1784 1588 19 16 et
1811 1591 49 13 nous
1867 1588 113 21 permettent
1986 1588 23 17 de
2016 1587 75 18 connaî-

1615 1611 30 17 tre
1652 1611 53 18 l’état
1712 1611 79 22 d’esprit
1796 1612 33 18 des
1835 1612 85 18 officiers
1926 1612 111 23 supérieurs
2042 1612 49 18 fran-

1614 1636 39 21 çais
1661 1637 33 22 qui
1702 1637 114 23 dirigeaient
1823 1637 130 23 l’expédition,
1960 1638 48 18 celui
2013 1639 25 17 du
2045 1642 45 18 gou-

1614 1663 112 17 vernement
1733 1662 65 22 génois
1807 1664 19 16 et
1830 1663 95 22 aussi,par
1929 1664 90 22 quelques
2025 1663 65 18 billets

1614 1686 74 19 arrivés
1696 1687 24 18 de
1729 1687 101 22 Livourne,
1840 1688 50 18 celui
1902 1689 34 17 des
1950 1688 74 19 Corses.
2038 1688 52 18 Telle

1613 1712 57 18 lellre
1679 1712 61 18 même
1749 1713 23 18 de
1780 1713 25 17 La
1813 1713 52 23 naye
1881 1719 48 13 nous
1940 1714 102 23 renseigne
2056 1719 34 13 sur

1613 1738 96 18 l’attitude
1717 1738 24 18 de
1755 1739 132 22 l’Angleterre,
1897 1739 38 19 très
1944 1740 99 18 favorable
2051 1740 11 18 à
2070 1740 18 18 la

1613 1763 78 18 défense
1698 1763 34 18 des
1741 1763 108 19 insulaires.

1634 1788 50 18 Dans
1693 1793 26 13 un
1728 1789 82 21 premier
1814 1790 76 22 article,
1894 1790 26 18 Le
1928 1789 84 19 Courrier
2018 1795 71 18 expose

1614 1818 25 13 un
1648 1813 39 18 très
1695 1814 86 18 succiact
1788 1815 102 18 sommaire
1897 1816 24 17 de
1927 1820 21 14 ce
1952 1816 46 22 qu’il
2004 1815 85 19 considè-

1613 1843 20 13 re
1641 1842 72 15 comme
1722 1839 29 18 les
1759 1840 59 18 droits
1826 1841 25 17 de
1859 1840 61 19 Gênes
1929 1842 19 17 et
1961 1841 45 22 qu’il
2015 1841 73 19 semble

1612 1864 54 18 avoir
1674 1864 101 22 emprunté
1782 1865 11 17 à
1802 1865 96 19 VHistoire
1905 1866 23 18 de
1936 1865 18 19 la
1963 1866 59 21 Corse,
2029 1866 59 19 écrite

1612 1894 24 14 en
1644 1889 45 18 1749
1698 1894 33 18 par
1740 1890 18 18 le
1763 1890 130 19 commissaire
1898 1892 33 18 des
1937 1896 79 18 guerres
2023 1892 64 23 Goury

1612 1915 23 17 de
1641 1914 138 24 Champgraud.
1785 1916 52 21 Puis,
1844 1916 14 18 il
1865 1917 57 23 s’agit
1927 1918 23 17 de
1956 1917 132 19 déconsidérer

1612 1940 58 21 Paoli,
1680 1941 23 17 de
1711 1940 29 18 lui
1747 1941 77 18 enlever
1833 1943 42 17 tout
1881 1942 83 23 prestige
1973 1944 19 17 et
1999 1944 52 17 toute
2056 1948 31 13 va-

1611 1967 43 17 leur
1661 1966 80 17 morale.
1751 1966 27 18 On
1786 1966 18 18 le
1812 1966 110 23 représente
1930 1969 48 17 donc
1987 1973 26 13 un
2027 1968 60 18 ambi-

1612 1990 52 18 tieux
1678 1991 69 21 auquel
1760 1991 14 17 il
1788 1992 56 18 suffit
1853 1993 24 17 de
1885 1993 77 18 dresser
1976 1994 71 17 devant
2055 1998 30 14 ses

1612 2016 132 21 compatriotes
1749 2017 19 17 le
1775 2022 9 11 <1
1791 2017 100 22 pbantome
1897 2024 11 11 »
1915 2019 23 17 de
1943 2019 18 17 la
1966 2018 69 19 liberté
2039 2022 47 19 pour

1611 2041 28 18 les
1646 2040 98 19 électriser
1751 2043 20 17 et
1781 2042 42 18 leur
1831 2043 49 18 faire
1888 2045 81 21 prendre
1976 2045 29 17 les
2015 2049 69 14 armes.

1611 2066 25 18 Ce
1644 2067 39 17 mot
1691 2076 23 3 —
1719 2068 20 16 et
1746 2068 50 17 cette
1805 2068 42 18 idée
1853 2078 22 4 —
1881 2069 23 18 de
1909 2069 70 19 liberté
1984 2074 25 14 ne
2014 2070 71 22 parais-

1611 2092 43 18 sent
1661 2096 36 18 pas
1705 2093 26 17 du
1740 2093 42 17 tout
1789 2093 40 18 être
1835 2094 25 18 du
1866 2095 46 21 goùL
1917 2095 24 18 de
1947 2096 55 17 notre
2007 2101 8 11 «
2020 2100 65 18 repor-

1612 2117 28 18 ter
1649 2123 17 11 ».

1631 2142 48 18 Mais
1685 2152 22 3 —
1715 2144 20 17 et
1743 2143 25 18 ici
1776 2144 18 18 le
1803 2144 79 22 procédé
1890 2146 79 18 devient
1982 2146 58 18 d’une
2052 2146 32 18 in-

1610 2167 79 23 génuité
1698 2168 108 23 touchante,
1816 2171 20 16 et
1848 2170 19 22 je
1882 2170 59 19 dirais
1955 2171 62 19 même
2031 2176 53 13 amu-

1610 2193 61 21 sante,
1681 2192 31 18 s’il
1721 2198 25 13 ne
1754 2193 96 23 s’agissait
1858 2195 45 18 d’un
1919 2196 65 18 drame
1997 2196 87 23 tragique

1610 2226 23 5 —
1638 2218 18 17 le
1661 2219 101 17 narrateur
1767 2220 45 17 veut
1817 2220 83 22 riposter
1904 2226 37 13 aux
1949 2221 134 19 informations

1610 2242 83 18 données
1702 2248 35 17 par
1744 2244 19 17 le
1767 2247 151 19 gouvernement
1923 2246 57 18 Corse
1984 2247 99 18 lui-même

1609 2268 48 18 dans
1665 2272 21 14 sa
1694 2270 75 21 gazette
1777 2269 93 19 officielle
1881 2280 23 4 —
1916 2271 25 18 les
1949 2272 104 23 Rafjçjuacjli
2058 2282 25 4 —

1609 2295 20 17 et
1638 2295 63 17 toutes
1710 2294 29 18 les
1748 2295 38 18 fois
1794 2300 37 18 que
1838 2296 30 18 les
1877 2296 67 19 Corses
1959 2298 123 18 s'attribuent

1609 2319 34 18 des
1651 2319 74 22 succès,
1732 2320 13 17 il
1755 2321 62 18 essaie
1825 2326 25 13 ou
1858 2322 26 18 de
1897 2322 44 18 nier
1956 2328 24 13 ou
1996 2324 43 18 d’en
2053 2324 29 17 di-

1609 2344 74 18 minuer
1690 2345 139 22 l’importance.
1838 2347 16 17 A
1863 2348 30 17 cet
1902 2348 65 22 égard,
1976 2348 41 18 rien
2031 2349 51 18 n’est

1608 2370 43 22 plus
1659 2370 81 18 curieux
1749 2376 36 17 que
1793 2372 131 22 l’explication
1933 2373 45 22 qu’il
1988 2374 64 18 donne
2057 2374 24 18 de

1608 2395 18 17 la
1633 2395 53 22 prise
1694 2397 24 17 de
1727 2397 60 22 Borgo
1796 2398 20 17 et
1823 2398 25 17 de
1855 2399 19 17 la
1883 2399 78 21 capture
1968 2399 25 17 du
2001 2399 78 23 général

1608 2420 23 18 de
1639 2420 61 18 Ludre
1708 2426 34 17 par
1749 2422 29 18 les
1787 2422 74 19 Corses.

1629 2445 15 18 11
1653 2450 10 13 a
1672 2446 45 18 bien
1725 2452 26 12 vu
1761 2447 18 18 le
1793 2448 97 18 caractère
1903 2449 25 18 de
1941 2450 81 22 gueiilla
2037 2451 44 21 qu’a

1607 2470 40 22 pris
1655 2471 38 18 très
1701 2473 84 17 souvent
1792 2473 19 17 la
1819 2473 58 21 lutte,
1890 2475 19 17 et
1922 2474 15 18 il
1951 2479 25 13 ne
1989 2479 54 14 cesse
2056 2476 24 17 de

1607 2496 62 21 parler
1676 2497 165 19 d’escarmouches
1855 2500 20 16 el
1889 2499 150 23 d’embuscades,
2054 2500 25 18 où

1607 2521 94 19 excellent
1709 2523 30 17 les
1753 2522 74 19 Corses.
1842 2523 49 19 Mais
1904 2524 15 18 il
1933 2525 90 22 présente
2039 2527 41 21 trop

1607 2546 138 22 fréquemment
1750 2552 31 14 ces
1788 2548 87 18 derniers
1881 2553 71 15 comme
1958 2550 34 18 des
1997 2550 83 23 fuyards

1607 2571 32 22 qui
1648 2576 38 13 aux
1694 2573 95 21 premiers
1799 2577 58 19 coups
1869 2575 23 17 de
1906 2574 49 19 fusil
1969 2575 112 23 déguerpis-

1607 2598 47 20 sent,
1658 2597 123 23 épouvantés.
1789 2599 15 17 Il
1812 2601 54 20 porte
1874 2600 52 18 aussi
1934 2601 71 22 parfois
2012 2603 67 17 contre

1607 2626 35 14 eux
1650 2623 35 17 des
1693 2624 121 18 accusations
1825 2625 25 17 de
1862 2625 85 19 férocité,
1962 2626 48 18 mais
2025 2631 54 14 assez

1607 2647 118 19 timidement
1735 2652 19 14 et
1768 2651 103 21 sans.trop
1886 2650 87 19 insister.
1987 2652 15 17 11
2017 2653 62 21 parait

1607 2672 76 18 surlo'ut
1691 2678 24 13 en
1723 2674 77 18 vouloir
1807 2679 38 13 aux
1859 2675 81 22 prêtres,
1955 2677 46 21 qu’il
2015 2678 64 21 repré-

1607 2698 52 17 sente
1665 2702 73 14 comme
1746 2699 24 17 de
1778 2699 103 19 farouches
1889 2700 114 23 fanatiques,
2012 2702 34 21 qui
2053 2707 26 13 ne

1607 2722 95 22 craignent
1710 2728 34 17 pas
1752 2724 24 17 de
1781 2725 81 21 prendre
1871 2725 28 18 les
1904 2730 64 14 armes
1973 2728 19 17 el
2000 2727 23 18 de
2029 2731 50 14 com-

1607 2748 61 18 battre
1678 2749 42 17 tout
1728 2753 72 15 comme
1809 2750 29 18 les
1846 2750 81 23 laïques.

2158 125 27 17 On
2195 124 37 18 sait
2240 125 88 23 qu’nprèB
2337 128 17 17 In
2363 130 70 21 défuite
2441 136 24 18 de

2135 150 41 17 seul
2191 149 65 19 décida
2270 151 71 19 l’envoi
2356 154 56 20 d'une
2429 162 54 18 autre
2507 149 26 20 8°’
2541 152 34 28 C*'oi

2135 175 57 17 Corse
2200 176 18 16 et.
2226 175 61 18 confia
2297 177 10 16 à
2316 177 24 18 M.
2349 179 23 17 de
2390 181 51 21 Vaux
2456 187 17 16 le
2490 172 64 30 .arn,^e
2564 189 7 13 e

2135 200 50 17 ment
2193 200 83 22 général.
2283 201 58 19 Notre
2348 202 74 23 journal
2432 214 47 15 nous
2488 197 86 34 fOnim0ntlc

2134 225 49 17 celle
2191 225 109 22 expédition
2310 227 33 17 des
2352 228 84 23 données
2450 222 102 34 nrcei°"r'lil
2557 235 22 20 8<T

2134 249 123 23 renseignai]I
2267 256 35 12 sur
2311 251 28 18 les
2348 257 131 24 niouvenicn|s
2487 249 46 32 „7?’
2545 257 34 23 »Qiis

2133 274 73 18 brodes
2219 276 89 21 troupes:
2323 276 43 20 bien
2378 282 80 21 entendu
2480 289 11 17 p
2522 276 10 13 °

2134 300 23 17 de
2171 304 31 13 ces
2215 299 136 20 informations
2365 306 59 21 reste,
2441 299 25 29 je’
2473 296 106 32 le^/^’H

2133 325 100 17 contrôler.
2243 325 26 18 Lu
2278 325 79 20 bataille
2365 329 24 17 du
2404 331 45 21 Golo
2458 340 23 15 en
2496 319 66 37 r!,6?òle>
2571 335 7 18 i

2132 350 32 21 qui
2173 349 69 21 devait,
2252 350 58 22 après
2319 351 17 18 le
2349 355 75 18 combat
2437 359 23 19 (|e
2475 362 13 12 1»
2540 350 34 24 *?«9

2132 375 20 16 el
2161 374 16 18 la
2185 374 51 22 prise
2245 375 23 18 de
2278 375 62 23 Corle,
2350 378 90 22 terminer
2448 385 18 18 ]a
2474 393 23 13 «u
2504 397 4 6 ,
2520 372 59 29 enu°vô

2133 404 36 13 une
2178 399 52 23 large
2239 400 53 22 place
2301 402 47 18 dans
2356 403 19 18 le
2384 404 84 24 Courrier
2488 419 6 9 ,
2513 418 5 5 •
2544 401 36 25 licM

2131 429 23 12 au
2163 424 59 18 moins
2231 425 50 18 deux
2289 426 88 20 versions
2386 429 33 19 des
2425 421 86 34 saneîan?
2513 423 5 13 1
2532 423 47 28 doilI»e

2130 449 32 21 qui
2170 454 20 13 se
2198 450 122 18 déroulèrent
2327 452 49 18 alors
2385 459 34 13 sur
2426 457 27 19 les
2459 461 48 18 rive.
2534 447 45 28 lulks

2130 479 31 13 ve.
2170 475 14 17 Il
2194 475 79 22 prétend
2283 480 37 18 que
2328 477 28 17 les
2365 478 69 21 Corses
2442 488 64 18 eurent
2543 474 35 23 flei<-

2130 499 24 17 dc
2162 500 42 21 sept
2210 501 54 17 cents
2273 500 87 20 hommes
2369 503 43 19 tués
2420 511 44 16 sans
2477 517 33 13 con
2526 500 9 30 ?
2546 501 32 23 plüs

2129 523 78 22 blessés,
2217 526 19 16 el
2244 530 37 17 que
2289 526 29 18 les
2327 527 87 22 Français
2423 536 23 14 ne
2454 539 50 17 per{1-
2516 521 36 19 ■pler
2557 526 22 23 les

2129 549 43 22 plus
2179 550 57 18 d’une
2244 550 87 19 centaine
2342 552 110 24 d’hommes.
2499 545 44 19 lreilt
2553 554 26 19 Pas

2149 575 24 17 Le
2180 574 74 23 journal
2264 576 74 22 signale
2347 581 82 18 souvent
2436 582 76 23 lWérp

2128 599 84 22 Anglais,
2221 601 23 17 de
2252 601 84 18 certains
2344 602 80 24 Anglais
2432 607 46 21 dans
2483 596 57 34 le/»
2552 600 25 22 des

2128 623 23 18 de
2160 624 93 22 Corses,et
2258 625 14 18 il
2281 626 54 18 raille
2341 627 18 18 le
2365 629 40 21 pari
2412 631 23 18 de
2441 632 33 20 700
2478 637 36 17 Ion'
2549 623 29 24 ires

2128 648 38 18 rail
2173 649 35 18 fait
2215 650 74 22 mylord
2298 652 104 20 l'embrock
2408 657 32 21 qui
2448 661 73 20 prétend
2528 649 50 25 ^U’au'

2128 673 28 18 les
2164 673 86 23 Français
2256 680 25 14 ne
2286 677 84 19 seraient
2376 683 33 17 pas
2415 681 47 20 dans
2470 685 40 20 Corl
2532 672 46 24 U(,Ue

2126 698 74 22 janvier
2207 700 52 18 1770.
2269 702 15 17 Il
2295 703 109 20 mentionne
2409 695 169 33 soignenJ^’leler

2127 724 82 23 villages
2217 726 32 21 qui
2259 726 67 19 furent
2334 728 65 20 brûlés
2408 720 168 37 lolalemenreDtIes

2127 750 60 21 partie
2195 755 33 17 par
2236 751 29 18 les
2275 753 79 21 troupes
2362 753 110 24 Françaises
2477 766 44 16 pour
2526 748 20 16 °U
2558 755 18 16 en

2126 775 103 23 d’exemple
2241 782 38 13 aux
2293 778 121 25 «rebelles»,
2428 784 19 16 et
2462 784 13 18 il
2489 773 88 35 fau|Se!'vir

2126 801 59 21 parmi
2194 806 32 14 ces
2234 802 91 19 victimes
2334 805 44 17 d’un
2388 806 101 24 diftlimenl
2501 815 14 16 si
2536 799 39 25 •Cller

2126 830 53 18 reux,
2190 827 80 23 Vignale
2278 829 20 17 el
2309 829 61 19 Alain.
2527 823 49 21 ri8°u-

2147 851 26 18 De
2185 853 106 18 nombreux
2306 854 85 22 épisodes
2405 857 97 24 émaiilent
2513 866 16 17 1P
2550 873 5 5 •

2125 876 147 24 chronologique
2280 879 25 17 de
2319 880 49 18 celle
2382 881 50 20 lutte
2444 885 75 24 épiqUe.
2539 875 34 20 recit

2125 901 61 19 suites
2194 903 22 17 de
2224 903 79 19 navires
2311 905 32 22 qui
2352 907 85 19 essaient
2447 911 89 22 d’app0rlP
2554 905 18 28 ,N

2125 931 78 14 secours
2222 933 23 13 en
2266 934 70 18 armes,
2351 931 66 20 vivres
2431 936 20 17 et
2464 925 84 34 munilil
2558 930 14 15 Cs

2124 951 58 22 Paoli,
2201 954 127 23 souscription
2342 959 81 17 ouvcrle
2436 959 11 18 à
2461 961 76 21 Lond™,
2564 952 8 18 à

2124 977 86 22 Boswell,
2219 980 52 17 elc...
2519 974 18 13 ts
2549 977 23 18 Par

2146 1002 26 18 On
2180 1004 40 18 voit
2228 1006 64 21 quelle
2302 1006 54 19 riche
2369 1009 79 19 matière
2463 1014 86 21 embrasa

2122 1030 81 21 journal,
2212 1031 24 17 do
2248 1031 75 19 février
2335 1033 12 17 à
2360 1034 101 21 décembre
2474 1039 43 21 176g
2537 1046 11 16 p
2557 1030 16 15 Ce

2123 1054 77 22 moi.j’ai
2209 1056 19 17 lu
2236 1060 21 14 ce
2267 1058 75 18 volume
2348 1063 45 14 avec
2399 1065 26 13 un
2434 1053 139 33 intérêtd’aiu°Ur

2123 1079 42 21 plus
2173 1080 28 18 vif
2209 1085 36 18 que
2253 1082 19 18 le
2280 1083 48 18 récil
2337 1085 29 17 est
2374 1085 44 21 plus
2426 1087 54 23 clair,
2489 1092 40 20 plus
2536 1077 30 35 J?,?
2567 1078 6 17 1

2122 1104 30 20 de,
2161 1109 43 15 sans
2212 1106 108 23 digression
2333 1108 76 20 inutile.
2424 1111 50 21 C’est
2488 1116 40 21 bien
2539 1123 15 15 ni

2122 1130 120 21 passionnant
2250 1133 59 22 qu’un
2319 1138 71 18 roman,
2399 1141 33 13 car
2440 1139 45 19 c’est
2499 1143 21 18 de
2531 1146 27 17 lv

2123 1155 47 18 tome
2175 1165 23 5 -
2210 1162 37 13 une
2260 1158 84 19 histoire
2358 1161 124 26 dramatique,
2497 1169 29 20 qui
2535 1154 38 31 11

2122 1182 57 20 prend
2189 1186 22 13 au
2220 1187 59 18 coeur,
2289 1189 55 17 parce
2350 1186 69 22 qu’elle
2427 1193 48 15 nous
2483 1180 91 33 retrace,7

2122 1206 117 20 souffrances
2247 1210 20 16 et
2275 1210 30 18 les
2313 1210 59 19 luîtes
2382 1213 88 20 ardentes
2483 1217 22 18 de
2513 1224 30 14 nos
2549 1205 18 33 1

2121 1236 39 13 res.
2169 1232 33 22 (2).
2549 1230 25 18 Pe'

2381 1272 29 21 P-
2428 1272 119 31 G-raziani.

2142 1312 33 20 (La
2183 1312 85 19 Nouvelle
2280 1314 59 23 Corse)

2134 1360 34 17 (1)1
2180 1362 26 13 vol
2214 1362 19 14 de
2242 1362 27 15 2«
2275 1367 15 14 p.
2297 1367 5 11 :
2311 1364 10 14 S
2327 1365 67 16 francs,
2403 1367 9 14 à
2426 1368 99 19 l'imprimerie
2536 1376 16 11 «1»
2561 1378 8 9 Ï

2119 1378 70 19 illuvra,
2193 1381 18 14 38
2218 1381 48 16 Cours
2273 1383 78 16 Grandval
2358 1386 65 18 Ajaccio,
2545 1380 7 11 6
2557 1378 15 14 ^

2134 1399 49 18 (2).-
2189 1401 18 14 le
2213 1401 62 18 journal
2289 1405 24 13 est
2321 1404 38 15 écrit
2368 1409 19 11 en
2398 1397 79 29 Fonçais;
2486 1411 62 18 l'éditeur
2557 1417 14 12 f,

2119 1418 28 15 fait
2151 1421 69 16 précéder
2226 1422 9 13 d
2241 1426 30 11 une
2275 1424 52 14 courte
2331 1425 60 17 préface
2399 1430 18 11 en
2423 1431 47 13 corse.
2531 1417 9 11 U

2169 1538 153 35 Lettera
2346 1543 49 30 da
2413 1545 116 41 Parigi

2144 1620 59 29 Sgiò
2215 1622 28 22 P.
2265 1623 29 21 di
2305 1624 28 26 B,
2353 1632 64 17 caru
2438 1633 132 28 cumpagim

2117 1653 28 21 di
2160 1654 70 28 Fede,
2249 1657 169 25 unn'àbbemu
2437 1664 80 22 micca
2533 1667 37 23 lis-

2116 1688 66 22 iessu
2192 1691 63 26 pare
2274 1692 87 27 sopr'a
2377 1700 73 17 corso
2452 1697 72 27 fobia
2541 1702 29 22 d'i

2114 1720 111 30 Pin^uti.

2140 1754 51 23 Eiu
2203 1762 113 19 cunoscu
2328 1766 106 19 numéro
2436 1765 25 21 si
2475 1766 95 30 Pin^uii

2115 1788 43 22 chi
2168 1796 92 18 amanu
2277 1794 11 20 i
2299 1793 54 23 Cor
2352 1796 32 21 si.

2141 1823 18 21 S
2160 1825 36 20 ete
2205 1826 103 28 stupitu
2317 1832 11 17 i
2336 1829 53 28 Asp
2391 1837 13 14 e
2404 1832 22 21 il
2428 1834 39 20 aie
2476 1839 32 17 un
2516 1839 51 25 sup-

2112 1856 108 28 pulellu.

2143 1891 37 21 Un
2193 1893 88 28 vogliu
2301 1896 82 22 micca
2400 1899 80 27 parla
2498 1902 25 21 di
2536 1904 30 21 sti

2113 1925 88 22 tunsti
2213 1926 42 22 chi
2266 1929 111 23 trovanu
2390 1932 43 22 chi
2443 1939 15 15 a
2473 1934 92 24 Corsica

2113 1964 12 14 e
2135 1964 41 36 un'
2187 1962 77 25 paese
2278 1963 154 28 pitturescu,
2455 1967 109 25 dicendu;

2112 1998 45 16 «...
2170 1992 64 24 Tous
2246 2001 39 16 ces
2298 2003 110 23 paysans,
2416 2006 36 15 nia
2462 1999 102 29 chère,ne

2112 2029 52 19 sont
2173 2027 85 29 jamais
2270 2030 73 22 sortis
2355 2031 29 22 de
2396 2032 51 22 leur
2459 2036 49 20 irou
2517 2041 5 19 ;
2540 2035 23 22 ils

2111 2059 64 23 n’onl
2183 2061 87 29 jamais
2289 2063 49 22 rien
2351 2071 29 15 vu
2392 2073 5 19 ;
2417 2066 29 22 ils
2467 2073 57 17 nous
2536 2075 28 15 re-

2110 2094 124 27 gardaient
2255 2103 29 15 en
2305 2097 65 23 hèles
2397 2100 128 28 curieuses,
2546 2105 19 19 et

2110 2126 14 22 d
2133 2129 156 27 étonnement,
2314 2138 59 16 nous
2398 2134 119 22 traitaient
2542 2142 22 15 en

2108 2161 88 28 grands
2207 2163 152 29 seigneurs...
2368 2174 9 13 »
2400 2166 83 29 (Cusi,
2504 2174 61 17 semu

2108 2198 156 28 ringrafaii
2282 2199 29 22 di
2322 2206 14 15 a
2355 2203 89 20 nostra
2462 2202 105 28 ospitali-

2108 2228 50 30 tà!)

2133 2262 45 23 Ma
2190 2264 33 22 c’è
2233 2266 161 29 dapertuttu,
2406 2269 27 22 in
2447 2269 118 26 Pinzutia,

2108 2296 162 28 glnuvanotti
2279 2300 44 22 chi
2333 2308 34 16 un
2380 2303 94 22 volenu
2494 2304 72 21 micca

2108 2330 79 28 flirter,
2207 2334 75 21 sinnb
2301 2341 32 16 eu
2353 2336 85 28 £itelle
2455 2343 70 16 corse
2530 2343 10 21 ;
2555 2343 11 15 e

2108 2364 33 22 c’è
2154 2372 22 22 37
2179 2368 23 19 te
2203 2366 33 22 lie
2241 2367 126 28 francese
2387 2370 44 22 chi
2446 2371 28 21 sò
2495 2377 13 15 s
2508 2376 57 16 cerne

2108 2395 26 21 di
2144 2398 64 20 tutti
2218 2399 10 20 i
2237 2398 168 28 ghiuvanotti
2416 2403 76 21 corsi.

2132 2432 74 23 ALtri
2214 2434 107 30 Pin^uti
2331 2436 69 23 hanu
2413 2444 15 15 a
2439 2437 127 29 spécialité

2108 2465 32 21 d’i
2154 2466 100 28 Grechi,
2265 2468 37 22 d'i
2313 2469 102 28 Turchi,
2429 2471 37 22 d’i
2478 2471 88 22 Cinesi:

2108 2502 94 24 sempre
2213 2500 103 24 listessa
2327 2504 93 22 isteria
2434 2507 50 26 per
2504 2506 62 21 tuttu

2108 2538 36 15 cio
2157 2533 40 22 cht
2209 2534 12 21 è
2224 2535 132 27 frustcru.
2366 2537 75 23 Semu
2452 2538 115 28 pruduiti

2108 2567 103 22 esotichi
2224 2574 72 16 cume
2309 2569 106 24 /'ananas
2427 2578 12 15 e
2453 2579 18 15 u
2485 2571 79 23 caviar.

2131 2602 68 24 Eccu
2211 2611 34 15 un
2257 2605 71 23 bellu
2343 2614 88 16 amore
2438 2610 10 20 !

2132 2639 55 23 Sefe
2198 2642 80 22 micca
2288 2645 133 25 cuntentu,
2433 2651 63 17 caru
2508 2643 57 24 P.di

2108 2672 25 22 B.
2141 2678 12 16 f

2173 2710 193 26 Toccamanata.

2366 2754 23 22 U
2402 2755 135 23 Balaninu.

101 2831 106 22 Fuglitlinu
215 2833 19 17 di
242 2833 208 20 AAluvra—n.134-
457 2835 19 18 di
482 2840 12 13 u
498 2835 74 19 23-2-30

127 2895 241 53 PASÛUALE
405 2897 141 49 PAOLI

304 2970 64 19 OSSIA

143 3012 38 36 La
197 3012 82 37 Réîta
296 3014 30 34 di
338 3014 178 37 Pônhmovô

99 3073 469 26 RACONTOCORSODELSECOLO

291 3113 82 22 XVIII

322 3154 23 18 DI

192 3196 33 24 F.
240 3197 37 24 D.
295 3197 172 27 Giserrazzi

123 3258 72 22 —-Ma
211 3259 24 22 di
248 3263 83 25 qnesta
347 3263 116 27 maniera,
486 3270 82 17 amore

96 3291 56 26 mio,
166 3291 22 22 la
199 3293 100 22 eandela
310 3300 45 16 non
368 3295 85 23 durerà
465 3302 103 18 nemme-

96 3329 31 15 no
140 3327 94 24 quallro
247 3332 61 16 sere.

123 3368 29 4 —
159 3356 44 22 Haï
213 3359 107 28 ragione,
334 3359 85 29 Lueia,
427 3368 13 16 e
454 3362 113 24 inf'urialo

95 3388 162 24 dall’avarizia
269 3391 68 22 soffiò
347 3394 38 21 sul
398 3394 64 22 Iume
474 3401 14 15 e
497 3396 71 22 rima-

93 3427 54 15 sero
159 3422 24 21 al
194 3422 66 23 buio.
281 3424 92 23 Intanto
392 3427 45 22 clie
448 3434 13 15 a
478 3430 89 21 tasLoni

93 3460 132 16 cercavano
234 3456 18 21 il
264 3456 66 27 letto,
348 3458 115 23 Bastiano
474 3460 18 22 il
514 3468 53 21 pas-

94 3489 60 23 tore,
168 3487 44 22 che
223 3495 48 15 non
291 3490 19 21 si
322 3494 125 25 aspellava
465 3494 102 22 frovarsi

92 3521 51 19 cosi
163 3519 23 21 di
205 3524 70 23 posta
296 3522 132 28 licenzialo,
449 3527 117 21 eercando

92 3551 7 20 1
110 3551 68 22 useio
190 3552 23 21 di
226 3560 55 16 casa
294 3562 12 14 e
325 3557 127 25 trovatolo,
467 3557 24 21 di
503 3565 30 15 su
542 3559 24 22 la

94 3584 79 27 soglia
182 3586 70 26 gridò
261 3594 5 13 :

119 3627 28 5 —
157 3616 116 29 Mariano,
289 3620 77 21 addio.

119 3660 28 4 —
157 3648 35 21 Oh
206 3651 5 19 !
221 3651 39 21 chi
272 3654 14 18 è
292 3652 11 20 ?
311 3652 60 22 ladri
382 3654 5 20 !
403 3655 116 21 assassini
531 3656 6 21 !

120 3692 29 5 —
155 3680 64 23 Sono
230 3683 122 23 Bastiano.

117 3724 29 5 —
158 3712 50 23 Ouf
217 3715 6 21 !
232 3717 35 20 sei
282 3719 23 19 tu
313 3716 13 22 ?

626 2848 28 5 —
662 2837 66 23 Sono
746 2839 23 22 io
780 2846 6 19 ;
797 2846 12 15 e
821 2840 24 22 vi
857 2841 31 22 ho
903 2841 66 24 detto
981 2851 6 14 :
1000 2844 72 23 addio

598 2869 108 23 Mariano
716 2878 5 20 ;
732 2871 31 22 ho
772 2872 128 30 sbaglialo,
921 2875 91 24 doveva
1028 2877 45 22 dir-

598 2902 23 21 vi
631 2910 6 13 :
650 2903 72 23 addio
735 2904 83 23 Caino.

624 2947 28 5 —
658 2936 36 21 Tu
707 2937 87 29 sbagli,
805 2939 95 29 rispose
907 2941 107 25 Mariano
1025 2944 48 29 pie-

597 2969 79 27 gando
688 2969 16 22 il
718 2971 128 27 ginocchio
854 2980 28 15 su
894 2973 23 23 la
929 2977 91 27 sponda
1034 2978 37 21 del

598 3000 66 27 letto,
678 3002 76 23 Caino
765 3008 121 21 ammazzò
899 3007 17 22 il
933 3008 125 25 fratello...

661 3035 46 23 Voi
726 3037 7 21 I
744 3041 67 19 avete
843 3042 87 22 tradito
947 3044 121 27 soltando,

597 3066 94 31 dunque
700 3076 7 16 :
720 3071 71 22 addio
806 3072 85 24 Giuda.

662 3101 19 22 E
692 3109 61 17 anco
770 3106 39 27 qui
823 3107 59 29 pigü
903 3115 30 15 un
945 3110 125 28 granchio,

596 3135 130 28 soggiunse
749 3137 108 25 Mariano
883 3141 188 29 infagoltandosi

596 3167 63 22 nelle
680 3172 105 25 coperle,
809 3171 77 24 Giuda
906 3174 61 22 Iradi
987 3176 17 21 il
1028 3182 43 16 suo

596 3204 104 20 maestro
713 3209 12 15 e
736 3203 122 24 Altobello
868 3212 47 16 non
927 3208 32 20 mi
967 3208 30 22 ha
1010 3208 60 22 inse-

595 3236 71 25 gnalo
679 3236 47 21 mai
738 3236 64 22 nulla
812 3245 7 19 ;
842 3238 61 22 altra
924 3239 129 24 difîerenza
1062 3249 7 19 ;

595 3265 77 24 Giuda
684 3269 77 21 vendè
771 3268 63 24 Gesù
845 3274 76 20 trenta
933 3273 55 22 sicli
1000 3273 24 23 di
1033 3281 39 15 ar-

594 3302 73 25 gento
679 3301 30 21 ed
721 3302 24 21 io
758 3302 30 22 ho
808 3304 105 22 venduto
933 3306 17 21 il
963 3307 47 21 mio
1024 3307 46 22 fra-

596 3332 56 21 tello
673 3334 154 28 venticinque
844 3336 59 29 luigi
920 3338 66 22 d’oro
997 3346 6 18 ;
1029 3346 42 22 per

595 3364 84 22 ultimo
686 3365 78 23 Giuda
772 3367 123 29 s’impiccò
905 3370 28 21 ad
947 3377 29 15 un
988 3372 81 22 albero

595 3397 76 22 difico
683 3398 30 22 ed
726 3399 23 21 io
762 3400 125 23 mistendo
895 3402 62 22 bello
969 3410 13 15 e
995 3405 73 28 lungo

595 3429 84 23 dentro
691 3431 24 21 al
737 3432 47 22 mio
806 3433 72 27 letto;
903 3434 78 24 buona
992 3440 75 24 nolte,

595 3462 122 23 Bastiano.

620 3507 29 4 —
656 3496 20 20 E
687 3497 31 21 da
730 3500 83 25 questo
835 3503 119 20 momento
970 3502 97 24 intendo

593 3528 23 21 di
629 3534 47 15 non
687 3529 74 22 istare
771 3531 40 27 più
825 3538 44 16 eon
877 3534 49 21 voi.

620 3572 29 5 —
653 3560 71 24 Meno
733 3563 99 28 galline,
844 3572 70 15 meno
923 3567 82 28 pipite.

655 3593 42 23 Sta
707 3594 67 27 bene,
788 3597 85 23 adesso
882 3598 44 23 che
933 3606 47 16 non
989 3601 77 23 siamo

593 3626 41 27 piu
646 3627 108 26 padrone
764 3630 31 20 nè
805 3636 79 21 servo,
897 3638 30 15 ve
946 3633 22 21 la
980 3633 85 23 dirôio

593 3664 48 15 una
660 3658 115 24 diversité
785 3663 36 20 tra
834 3664 38 20 voi
888 3670 13 15 e
918 3664 86 28 Giuda,
1021 3667 44 21 che

591 3691 41 21 voi
640 3697 47 16 non
698 3695 70 20 avete
776 3698 87 24 sapulo
874 3696 149 24 indovinare.

619 3733 28 7 —
652 3723 28 22 Ci
691 3727 59 20 avrò
760 3729 73 24 guslo
844 3734 14 15 a
869 3729 109 23 sentirla.

1126 2858 29 5 —
1163 2847 78 23 Giuda
1263 2848 124 30 s’impiceò
1406 2851 30 22 da
1448 2854 35 24 sè,
1500 2859 12 15 e
1524 2853 49 25 voi,

1098 2885 26 16 se
1137 2880 53 22 altri
1202 2887 48 16 non
1270 2882 131 30 v’impicca,
1423 2885 152 29 v’impicelie-

1099 2914 26 20 rô
1135 2913 32 22 io.
1179 2914 84 22 Buona
1274 2918 73 25 notte,
1359 2916 118 24 Mariano.

1322 2950 9 9 *
1337 2950 10 9 *

1330 2963 10 10 *

1126 2979 34 23 La
1171 2981 91 22 notizia
1274 2981 63 23 dcllo
1360 2987 93 19 arresto
1465 2984 24 22 di
1505 2986 69 21 Allo-

1098 3012 64 23 bello
1182 3014 81 22 arrivô
1283 3018 79 25 presto
1386 3023 13 15 a
1413 3017 71 23 Corle
1504 3025 69 16 corne

1097 3049 108 20 costuma
1218 3047 64 22 delle
1294 3048 119 30 disgrazie
1422 3058 6 19 ;
1442 3051 8 21 i
1468 3052 105 27 partico-

1097 3078 45 23 lari
1151 3080 38 22 del
1201 3087 58 15 easo
1272 3083 64 26 però,
1346 3084 105 22 seeondo
1460 3085 17 21 il
1489 3085 81 27 solito,

1097 3115 52 19 varî
1155 3119 6 20 ;
1174 3120 14 15 e
1196 3114 39 22 ciò
1244 3120 41 16 era
1297 3115 79 28 quello
1389 3116 44 22 che
1448 3124 67 15 meno
1528 3118 43 22 im-

1097 3148 98 24 portava
1206 3147 25 21 al
1251 3148 121 27 generale,
1393 3149 16 22 il
1434 3151 70 27 quale
1514 3158 58 21 pen-

1096 3178 75 22 sando
1183 3186 14 14 a
1210 3179 67 22 mille
1296 3181 117 28 spedienti
1426 3189 41 22 per
1485 3184 87 22 riseat-

1097 3211 69 27 tarlo,
1180 3212 141 23 conobbese
1333 3220 47 16 non
1389 3215 16 21 il
1415 3216 157 27 piùeerloal-

1097 3249 69 17 meno
1187 3245 17 21 il
1221 3252 86 16 manco
1334 3248 137 27 pericoloso
1490 3256 81 17 essere

1096 3277 103 25 questo;
1225 3276 121 23 chiàmaio
1376 3282 109 25 perlanlo
1508 3287 13 16 a
1542 3284 28 20 sè

1096 3306 88 24 Malleo
1195 3308 103 24 Massesi
1310 3310 34 29 gli
1355 3312 65 23 disse
1430 3321 6 13 :

1122 3352 5 4 •
1158 3340 100 27 Matteo,
1276 3346 24 19 tu
1317 3344 35 21 sei
1372 3352 29 14 un
1423 3347 100 28 giovane
1543 3349 25 21 di

1094 3372 108 28 giudizio
1214 3381 13 15 e
1240 3377 103 28 capiscci
1354 3384 42 21 per
1404 3380 52 21 aria
1463 3379 23 22 le
1498 3387 69 22 cose;

1094 3406 65 21 avrei
1171 3411 101 23 pensato
1284 3410 23 21 di
1320 3410 115 23 mandarti
1448 3419 14 15 a
1476 3413 91 23 Bastia.

1120 3450 31 4 —
1161 3439 30 21 Di
1203 3442 180 22 contrabbando
1392 3443 12 22 ?
1416 3444 122 31 interrogé
1549 3448 18 21 li

1093 3471 102 27 giovane
1206 3472 136 25 balenando
1350 3475 23 22 di
1386 3476 130 30 allegrezza
1527 3486 40 16 ne-

1093 3504 34 28 gli
1140 3505 78 21 occhi.

1121 3549 29 5 —
1164 3537 36 22 No
1214 3538 113 29 da.vvero,
1351 3541 45 22 che
1410 3543 18 22 li
1451 3545 115 27 polrebbe

1093 3570 106 28 eogliere
1210 3573 103 27 qualche
1325 3573 129 31 disgrazia,
1467 3584 12 15 e
1491 3585 26 15 se
1527 3580 39 22 cio

1092 3604 128 21 aecadesse
1244 3613 46 15 non
1303 3613 30 15 ne
1352 3610 66 20 avrei
1430 3611 47 21 mai
1491 3618 56 21 pace
1557 3620 7 18 ;

1091 3636 83 22 andrai
1187 3637 38 21 col
1246 3640 184 24 salvocondollo
1442 3643 23 22 di
1488 3645 77 27 parla-

1091 3669 126 22 mentario.

1116 3713 32 5 —
1153 3701 37 22 OIi
1200 3703 7 21 !
1219 3705 41 22 voi
1272 3706 31 21 mi
1316 3709 77 19 amale
1403 3710 113 27 sempre?

1117 3746 30 5 —
1155 3735 20 22 E
1186 3737 89 27 perché
1296 3744 48 16 non
1361 3739 86 23 dovrei
1459 3744 84 20 amarti
1550 3744 15 21 ?

1603 2853 63 23 disse
1678 2854 17 22 il
1707 2856 112 27 generale
1840 2856 129 24 fissandolo
1991 2858 23 23 in
2027 2859 48 23 fac-

1602 2887 46 22 cia.

1626 2931 30 5 —
1664 2920 52 23 Non
1741 2928 65 16 so....
1819 2923 33 22 mi
1875 2931 94 22 pareva,
1982 2926 93 29 rispose

1600 2953 16 21 il
1628 2954 103 28 giovane
1749 2957 143 23 arrossendo
1917 2958 27 22 ed
1963 2960 110 22 evilando

1600 2986 134 24 ineontrare
1746 2995 42 15 con
1801 2990 34 28 gli
1848 2991 69 22 occhi
1929 2992 38 22 del
1975 3000 97 21 genera-

1599 3019 31 22 le.

1662 3054 61 22 Vieil
1733 3062 46 22 qua
1791 3063 109 23 ragazzo,
1914 3065 14 15 e
1939 3060 20 20 si
1971 3059 100 23 dieendo

1598 3086 35 28 gli
1643 3089 158 29 vezzeggiava
1813 3090 16 22 il
1843 3091 74 27 volto,
1928 3094 108 21 assèttali
2047 3094 22 22 al

1599 3121 103 22 tavolino
1714 3129 14 15 e
1748 3124 70 21 scrivi
1830 3128 90 24 quanlo
1932 3126 17 21 ti
1969 3126 98 24 delteré.

1623 3160 14 14 «
1647 3153 147 25 Eceellenza.
1806 3156 44 23 Voi
1865 3158 31 22 mi
1907 3162 69 19 avete
1987 3166 83 23 opéra-

1598 3188 23 20 to
1641 3189 104 21 seeondo
1765 3190 15 21 il
1797 3193 83 19 voslro
1898 3191 119 24 desiderio
2038 3195 31 21 ri-

1597 3220 156 23 mandandovi
1766 3222 31 22 fin
1805 3224 52 28 quii
1866 3225 138 29 prigioniori
2015 3234 53 15 sen-

1595 3259 27 15 za
1635 3253 99 23 riscafto
1742 3263 7 19 ;
1763 3255 30 22 ho
1813 3259 78 21 atteso
1910 3259 94 28 invano,
2028 3262 39 22 voi

1596 3286 31 21 mi
1639 3288 134 22 reslituiste
1784 3289 7 22 i
1804 3290 64 23 miei.
1890 3291 89 28 Questo
2002 3302 12 14 a
2027 3302 40 21 pa-

1594 3325 53 16 rère
1659 3321 47 21 mio
1714 3328 47 16 non
1773 3323 20 21 si
1803 3323 92 24 chiama
1905 3326 51 22 fare
1963 3334 13 15 a
1988 3328 77 23 buona

1593 3359 31 21 gu
1626 3359 53 16 erra
1699 3354 66 23 dalla
1785 3359 68 25 parte
1882 3362 80 20 voslra
1972 3368 6 18 ;
2008 3368 59 21 pure

1594 3387 119 21 mettendo
1723 3395 88 21 pérora
1823 3394 84 25 quesla
1917 3392 149 25 discussione

1594 3417 28 22 da
1636 3421 76 25 parte,
1727 3420 60 23 devo
1804 3424 149 29 parlecipare
1969 3433 13 15 a
1994 3426 29 23 V.
2037 3428 26 22 E.

1593 3456 69 17 como
1671 3452 45 22 ieri
1728 3456 65 20 notte
1813 3455 65 23 fosse
1890 3458 113 24 condoüo
2017 3467 47 15 non

1593 3489 13 15 a
1618 3484 70 22 modo
1700 3485 25 22 di
1746 3487 144 29 prigioniero
1910 3491 25 22 di
1954 3499 87 21 guerra
2052 3500 12 16 a

1592 3516 92 28 Bastia,
1703 3518 68 23 bensi
1782 3527 68 16 corne
1861 3530 102 21 persona
1980 3526 84 23 rubata

1592 3549 30 22 da
1634 3550 103 29 Iadroni,
1751 3553 16 21 il
1779 3554 83 29 signor
1873 3556 159 26 Altobello....

1653 3584 47 22 Ahi
1711 3586 6 20 !
1730 3586 41 21 ahi
1781 3587 6 21 !
1804 3588 52 22 urlô
1869 3589 17 21 il
1898 3590 101 28 giovane
2015 3593 49 22 las-

1592 3615 86 23 ciando
1690 3624 97 17 caseare
1798 3620 22 22 la
1832 3628 86 21 penna.

1618 3661 28 5 —
1655 3649 57 23 Cli’è
1719 3651 13 22 ?
1744 3653 43 21 che
1795 3653 18 21 ti
1822 3661 107 17 avvennc
1937 3656 13 22 ?

1653 3683 87 23 Ahimè
1750 3685 7 21 !
1771 3685 33 22 Da
1816 3688 112 27 parecehi
1939 3691 79 28 giorni
2030 3700 30 15 un

1589 3714 83 22 dolore
1684 3719 129 21 reumatico
1825 3720 25 22 di
1862 3723 72 21 tralLo
1945 3724 24 22 in
1989 3728 72 21 tratto

1589 3753 32 15 mi
1632 3748 74 29 pigha
1718 3750 18 21 il
1759 3751 96 25 braccio
1878 3755 29 23 da
1920 3760 103 22 cavarmi
2044 3761 16 21 il

2101 2860 85 24 fiato...

2128 2906 28 5 —
2166 2895 102 29 Ebbene,
2282 2897 72 24 lèvati
2366 2900 23 21 di
2402 2902 67 21 coslà
2489 2907 13 15 e
2512 2898 50 24 seri-

2099 2930 59 20 veré
2170 2928 29 23 da
2211 2937 44 15 me.
2273 2943 30 5 —
2314 2932 18 22 11
2351 2934 113 28 generale
2480 2934 81 29 riprese

2099 2961 23 23 la
2134 2963 81 23 lellera
2231 2972 44 16 con
2297 2967 23 22 la
2331 2968 71 28 quale
2414 2969 24 22 in
2459 2971 103 20 soslanza

2098 2998 131 22 ammoniva
2238 2998 16 22 il
2269 3001 123 23 marchese
2404 3003 24 21 di
2437 3000 123 24 Chauvelin

2098 3035 66 17 corne
2175 3031 22 21 la
2206 3035 93 21 cattura
2315 3034 62 22 dello
2395 3035 92 23 Alando
2504 3035 56 22 fosse

2096 3062 64 23 fuori
2171 3064 23 22 di
2207 3067 55 27 ogni
2284 3068 83 22 ordine
2379 3069 24 22 di
2416 3069 80 23 buona
2507 3066 53 25 mili-

2095 3096 37 22 zia
2142 3104 6 14 :
2162 3098 22 22 la
2195 3099 69 23 slima
2276 3101 45 22 che
2332 3102 82 22 faceva
2427 3103 24 22 di
2464 3103 33 22 lui
2517 3106 43 24 per-

2095 3130 109 23 suaderlo
2215 3139 13 15 a
2240 3134 98 22 credere
2356 3136 43 22 clie
2419 3142 87 16 ancora
2518 3132 41 30 egli

2094 3168 114 22 pensasse
2217 3168 50 20 cosi
2277 3174 6 14 :
2297 3174 26 16 se
2334 3169 47 21 mai
2402 3170 157 29 s’ingannasse

2094 3197 103 22 avrebbe
2217 3199 119 24 barattato
2361 3202 16 22 il
2409 3201 150 24 comandanle

2093 3229 92 22 Alando
2197 3238 42 15 con
2252 3233 47 22 due
2317 3235 127 23 eolonnelli
2468 3231 91 27 ritenuti

2093 3262 39 27 già
2141 3269 14 15 a
2168 3263 68 23 Corte
2247 3272 43 21 per
2299 3269 89 22 curarli
2406 3269 63 22 delle
2485 3266 72 25 ferite,

2093 3301 13 15 e
2118 3296 85 23 adesso
2214 3300 113 26 prossimi
2338 3309 13 15 a
2362 3303 105 28 guarire.
2478 3310 10 13 »

2121 3328 85 25 Scritla
2214 3331 23 23 la
2248 3332 85 25 lettera
2343 3335 92 23 lalesse
2444 3343 14 15 a
2464 3334 91 23 Matteo,

2093 3363 30 20 nè
2141 3363 89 23 intenlo
2253 3373 69 16 corne
2333 3374 39 16 era
2384 3369 48 22 alla
2455 3366 102 32 présente

2092 3395 121 29 laceenda,
2223 3398 20 22 si
2251 3406 99 18 aceorse
2359 3402 37 22 del
2408 3403 102 29 giovane
2517 3398 39 22 che

2092 3434 44 16 con
2147 3429 89 24 alterna
2249 3433 98 24 vicenda
2360 3435 155 30 impallidiva,
2524 3436 32 17 ar-

2092 3462 61 22 rossi
2154 3469 38 21 va,
2210 3466 92 23 sudava
2314 3474 13 16 e
2339 3469 101 29 qualche
2460 3466 95 29 lagrinia

2091 3500 52 17 rara
2152 3497 28 21 ed
2192 3498 96 24 ardente
2296 3508 68 16 versa
2366 3509 29 16 va
2403 3502 64 29 dagli
2475 3496 64 27 occhi
2546 3502 7 20 ;

2091 3528 39 27 poi
2142 3529 132 26 chiudendo
2294 3535 23 22 la
2328 3535 84 23 lellera
2432 3535 122 28 aggiunge-

2130 3568 6 15 :
2146 3574 28 6 —
2185 3563 96 30 Matteo,
2302 3571 24 19 tu
2346 3572 22 19 te
2389 3575 30 16 ne
2438 3565 82 25 andrai
2540 3568 12 15 a

2090 3594 80 24 Bastia
2190 3597 57 23 dove
2260 3600 19 21 ti
2298 3602 145 27 présenterai
2463 3600 21 22 al
2497 3602 56 19 mai’'

2089 3627 71 23 chese
2170 3630 24 21 di
2201 3630 130 26 Chauvelin
2340 3642 43 21 per
2392 3626 159 36 consegnargli

2089 3665 82 24 questa
2183 3662 82 26 lellera
2284 3668 29 21 ed
2333 3670 136 27 aspeltarne
2479 3666 24 22 la
2514 3662 38 22 ris-

2088 3697 76 25 posta.

2254 3756 162 32 (Cuntinua)
