2554 3801
82 139 44 27 dry
147 143 11 15 a
170 134 131 29 prisenlatu
321 137 13 15 a
347 137 13 15 a
380 130 109 23 Caméra,
509 134 14 14 a
535 133 13 14 u

82 175 70 18 nome
163 167 24 22 di
199 174 14 14 a
226 163 168 25 cummissione
406 161 23 22 di
443 168 13 14 e
475 160 73 21 finan-

82 210 36 14 zc.

111 242 13 13 «
133 234 62 21 Pour
213 231 90 22 l’année
320 228 63 26 1927,
405 227 22 21 le
445 228 55 19 taux
521 223 27 21 de

80 271 70 20 notre
177 264 119 24 mortalité
314 265 38 19 est
372 261 29 21 de
428 258 39 22 165
491 263 57 22 pour

83 301 79 24 10.000
173 299 128 23 habitants.

111 335 35 22 La
162 333 99 22 France
276 330 83 26 figure
377 325 69 22 ainsi
460 325 88 26 parmi

83 370 37 20 les
129 370 64 25 pays
206 365 64 20 dans
282 359 108 29 lesquels
403 358 25 21 la
439 357 109 27 propor-

83 402 58 22 tion
161 398 42 21 des
221 394 69 23 déc'es
307 394 37 20 est
357 392 27 22 la
398 390 61 28 plus
471 387 77 23 élevée

82 433 79 28 (après
170 430 22 21 le
201 426 214 31 Japon,l’Espagne
424 424 24 20 et
455 421 23 22 la
488 420 60 22 Hon-

82 464 63 29 grie)

112 498 34 21 La
163 493 159 25 tuberculose
340 493 43 20 tue
407 494 29 17 en
454 487 94 22 France

80 531 63 28 plus
154 530 30 21 de
196 533 96 17 ioo.ooo
299 528 143 25 personnes
445 523 54 26 par
507 524 41 17 an.

110 564 35 21 La
153 561 110 29 syphilis
272 558 123 29 appara.it
410 559 95 18 comme
515 557 33 16 un

78 596 72 27 fléau
162 595 60 21 tout
233 592 70 21 aussi
314 586 160 25 redoutable.

113 628 40 21 On
162 627 64 27 peut
233 624 101 21 estimer
341 619 91 30 qu'elle
441 619 43 20 tue
492 616 56 22 cha-

82 666 49 22 que
151 657 78 23 année
246 657 82 21 80.000
349 651 144 23 individus,
509 654 32 22 qu

81 692 49 22 elle
140 694 131 26 provoque
286 692 81 23 40.000
381 682 167 24 avortements,

81 728 26 19 et
118 730 74 17 cause
202 724 28 20 in
238 723 71 20 utero
321 720 25 21 la
353 719 70 21 mort
432 716 30 22 de
469 720 79 17 20.00c

81 758 113 28 enfants.
201 763 14 14 »

110 790 45 22 liai
167 787 98 29 capitu?

109 822 125 29 Ogn’annu
247 825 70 19 more,
334 818 25 21 in
376 814 110 26 Francia,
500 812 48 29 più

82 857 29 21 di
122 856 73 21 centu
207 852 64 23 mila
286 854 111 25 persone
413 849 32 21 da
460 854 15 15 a
488 846 60 23 tisia

81 896 13 14 e
103 888 48 29 più
159 888 29 21 di
193 887 74 21 centu
274 884 63 22 mila
344 884 34 21 da
386 888 17 16 u
411 880 137 27 mal-fran-

81 928 62 15 cese.

109 954 40 21 C’è
160 953 30 21 da
203 952 68 22 trimà
280 957 13 15 a
304 950 71 22 bercà
388 947 78 23 l’onde
475 947 6 20 !
492 946 56 21 Pen-

79 987 60 26 saci,
151 992 58 16 caru
221 985 87 28 nipote,
321 990 13 15 e
346 980 118 24 unn’andà
477 979 23 21 in
516 977 32 22 ssi

79 1020 68 29 loghi
166 1026 14 14 a
201 1018 63 22 circà
282 1022 67 23 pane,
371 1021 29 15 ne
412 1020 70 16 menu
501 1018 47 15 mo-

79 1053 79 29 glia...

108 1086 41 22 Stà
161 1091 13 16 a
183 1087 68 19 sente
259 1090 15 15 u
282 1083 30 21 to’
324 1081 47 27 ziu,
384 1082 66 20 statti
460 1085 25 16 in
495 1084 53 23 pae-

79 1126 36 20 se,
128 1118 104 23 maritati
244 1117 64 22 c’una
321 1121 78 20 corsa,
418 1112 78 23 averei
511 1118 37 15 sa-

79 1153 51 21 inte
147 1159 13 14 e
179 1150 87 29 liglioli
282 1147 120 24 numerosi
418 1153 12 15 e
445 1146 60 25 sani,
526 1150 22 21 e,

79 1188 63 20 tultu
158 1183 133 23 tribulendu
308 1189 14 15 a
335 1182 32 22 to’
379 1181 56 26 vita,
457 1184 91 23 campe-

79 1219 36 22 rai
127 1219 74 28 dipiù.

109 1251 102 23 Babbitu
231 1257 13 15 e
264 1250 125 22 mammata
409 1252 103 17 averanu
534 1251 13 14 a

77 1283 217 26 cunsulazionc,n'a
302 1281 36 22 so’
344 1279 122 23 vecchiaia
477 1277 23 22 di
508 1283 40 16 ve-

79 1317 149 29 deingrendà
242 1316 7 21 i
262 1314 118 26 to’zilelli,
393 1312 45 22 edi
450 1310 98 23 truvalti

78 1357 14 16 a
109 1358 14 14 u
133 1357 59 21 capu
206 1349 24 21 di
252 1356 13 14 u
273 1348 58 21 lettu
342 1345 97 31 quandu
454 1343 85 23 l’ultim

78 1390 43 16 ora
133 1384 94 21 sunerà.

106 1415 157 24 T’abbrecciu
274 1415 23 21 di
311 1416 61 19 tuttu
385 1419 64 16 core.

385 1461 24 21 U
419 1459 34 22 to’
464 1459 54 22 Ziu.

109 1589 96 26 Est-ce
214 1596 51 26 que
272 1587 39 25 les
320 1586 61 26 Cor
380 1584 170 34 ses,malgré

76 1628 97 26 Vécole
183 1626 143 35 'primaire
336 1627 29 24 et
377 1625 30 25 la
415 1623 132 35 pression

77 1665 204 29 continentale,
291 1673 34 17 ne
335 1672 29 17 se
374 1664 112 25 servent
495 1664 54 32 pas

76 1707 81 24 entre
162 1713 54 17 eux
223 1704 34 25 de
263 1704 61 25 leur
328 1701 221 28 dialectenatio-

75 1743 76 26 nal?
173 1743 76 25 C’est
259 1742 26 26 le
295 1741 117 26 dernier
424 1739 125 34 symbole

74 1783 36 25 de
118 1782 63 26 leur
189 1781 222 34 indépendance.

278 1830 120 23 Frédéric
411 1829 109 23 Mistral.

103 1882 136 26 Maillane,
249 1888 28 22 24
285 1882 61 26 Juin
358 1887 54 22 1913

96 1928 70 22 (Branu
177 1928 57 17 d’una
245 1928 65 17 lettera
320 1927 69 18 seritta
399 1931 12 13 a
419 1931 13 13 u
446 1926 56 22 pueta
510 1926 38 17 Du-

74 1953 77 17 meuicu
158 1953 108 22 Vecchini.)

75 2085 159 38 “Ârchivio
245 2086 111 36 Storico
366 2085 30 36 di
406 2083 129 38 Corsica’

94 2170 14 22 È
116 2175 61 18 uscito
185 2175 15 17 il
210 2175 47 18 fasc.
265 2175 19 18 4'
293 2175 57 21 (anno
357 2174 123 23 V)diquesta
488 2173 58 18 rivis-

72 2201 21 16 ta
109 2200 69 17 diretta
192 2200 77 18 dall’on.
286 2200 47 22 prof.
352 2199 114 19 Gioaechino
479 2199 66 21 Yolpe,

72 2225 106 22 segretario
186 2226 89 21 generale
283 2225 157 18 dell’Accademia
448 2224 80 21 d’Ilalia,
535 2227 11 13 e

72 2254 34 13 ora
113 2251 100 22 slampata,
223 2251 20 17 in
251 2250 48 18 bella
305 2251 57 18 veste
369 2249 119 24 tipografica,
496 2249 49 18 dalla

71 2274 47 19 Casa
126 2275 80 18 éditrice
214 2275 23 18 R.
247 2274 68 23 Giusti,
327 2275 20 18 di
356 2275 90 18 Livorno.
454 2275 16 17 Il
479 2277 67 19 grosso

70 2300 98 21 fascicolo,
184 2300 69 18 d’oltre
266 2299 33 18 200
310 2301 78 22 pagine,
404 2300 90 22 présenta
506 2303 39 13 una

71 2325 73 22 grande
151 2325 75 18 variété
231 2326 21 17 di
257 2327 108 17 contenuto.
371 2325 70 19 Ersilio
449 2324 69 18 Michel
525 2324 20 17 in

70 2354 28 14 un
106 2351 58 22 îungo
179 2351 143 18 articolo-narra
337 2351 20 18 le
365 2350 82 19 vîcende
454 2349 74 23 lunghe
534 2353 10 13 e

70 2376 88 18 dolorose
167 2376 31 18 dei
206 2376 52 18 cirea
265 2377 84 18 trecento
358 2376 55 18 Corsi
420 2375 36 18 che
463 2374 83 19 dall’iso-

70 2401 19 17 la
100 2401 66 18 nativa
174 2406 172 18 accompagnarono
359 2401 116 18 Gioaechino
483 2400 62 17 Murat

70 2430 11 13 a
89 2425 56 19 Pizzo
152 2426 21 18 di
181 2425 85 19 Calabria
275 2426 50 18 nella
332 2426 116 22 disgraziata
453 2424 92 23 spedizio-

72 2455 26 14 ne
111 2456 35 18 per
158 2452 20 17 la
191 2451 116 22 riconquista
319 2452 31 17 del
359 2451 66 22 Regno
434 2450 57 22 (anno
498 2448 47 19 1815

73 2475 62 24 1817).
143 2477 84 18 Vittorio
241 2477 65 18 Adami
319 2477 69 20 tratta,
396 2476 50 18 sulla
454 2476 64 17 scorta
524 2472 20 21 di

71 2501 110 18 documenti
193 2502 76 21 inedili,
283 2501 50 18 délia
348 2501 75 18 Corsica
431 2501 52 17 sotto
490 2500 14 18 il
511 2504 33 19 go'

69 2530 61 14 verno
136 2527 30 17 dei
173 2527 63 18 Duchi
244 2527 19 17 di
270 2526 68 18 Milano
343 2526 72 22 (seeolo
422 2525 46 21 XV),
478 2525 66 18 Dome-

69 2551 45 18 nico
122 2551 90 22 Spadoni,
221 2552 20 17 in
250 2555 26 14 un
283 2551 78 18 articolo
374 2550 50 18 assai
432 2550 94 21 originale
533 2553 10 14 e

70 2576 119 22 suggestîvo,
198 2577 91 17 dimostra
297 2580 54 13 come
359 2575 90 18 lavicina
456 2574 48 18 isola
509 2575 35 18 tir-

69 2601 72 21 renica,
152 2601 63 22 prima
229 2605 35 14 con
275 2601 95 21 Pasquale
384 2599 61 21 Paoli,
459 2599 36 22 poi
507 2604 35 13 con

68 2625 109 22 Napoleone
190 2626 123 21 Buonaparte,
322 2625 30 18 sia
366 2625 50 17 stata
423 2624 120 19 l’iniziatrice

69 2650 32 18 del
109 2651 93 22 risveglio
208 2651 78 22 politico
294 2649 81 18 d’Italia.
384 2649 93 21 Leopoldo
485 2649 58 23 Paga-

68 2672 30 24 ni,'
105 2676 99 17 vàlendosi
213 2675 31 18 dei
253 2674 106 19 documenti
367 2674 88 18 esistenti
462 2674 81 19 nell’Ar-

69 2700 65 18 chivio
142 2700 19 17 di
170 2700 54 18 Stato
238 2700 20 17 di
271 2699 74 20 Torino,
359 2702 70 19 espone
436 2698 9 18 i
458 2700 85 21 rapporti

68 2725 117 18 sardo-corsi
192 2725 33 18 dal
233 2724 45 18 1815
287 2724 17 17 al
311 2723 48 18 1860
373 2728 11 14 e
390 2723 92 18 dimostra
490 2728 53 15 corne

68 2750 7 17 i
84 2749 76 19 Consoli
170 2749 113 23 piemontesi
297 2749 97 18 nell’isola
408 2749 86 18 svolsero
503 2753 39 14 una

68 2775 93 18 diulurna
168 2775 89 17 mirabile
269 2777 56 19 opéra
338 2774 21 17 di
372 2778 52 17 pace.
432 2773 26 18 La
464 2775 46 17 nota
519 2775 22 18 ed

68 2801 112 21 apprezzata
187 2799 95 18 scriltrice
290 2797 56 18 Edith
352 2798 106 19 Southwell
465 2798 77 20 Colueci

67 2829 36 13 con
118 2824 75 18 accenti
206 2823 70 23 poetici
286 2827 11 14 e
307 2823 101 22 nostalgici
423 2824 87 18 descrive
523 2825 19 18 la

67 2849 52 18 bella
127 2849 78 22 regione
214 2848 32 18 del
253 2847 77 18 Rostino
339 2847 121 19 enerievoea
467 2849 7 17 i
484 2849 55 18 ricor-

67 2874 21 17 di
96 2873 67 18 storici
172 2873 34 22 più
215 2872 132 23 specialmente
351 2873 89 22 collegati
445 2874 50 17 colla
499 2874 42 18 vita

68 2902 10 13 e
86 2898 51 17 colla
144 2897 87 22 famiglia
239 2896 30 18 del
277 2896 60 18 Paoli.
346 2897 45 18 Vito
404 2897 63 18 Vitale
474 2899 66 22 tratta,

67 2927 37 13 con
112 2921 63 19 sicura
189 2922 126 21 competenza,
331 2921 21 18 di
358 2926 28 13 un
401 2922 105 22 Bonaparte
521 2925 20 18 in

68 2947 78 18 Corsica
153 2946 33 17 nel
194 2946 64 17 seeolo
265 2945 40 18 XIII
313 2950 17 17 e,
339 2946 23 18 in
369 2947 48 22 fine,
426 2947 56 19 Carlo
497 2949 45 18 Bor-

67 2972 45 17 nate
120 2975 72 17 espone
199 2971 20 17 le
226 2970 91 18 relazioni
331 2972 77 21 passate
416 2973 30 17 tra
454 2973 18 18 la
480 2973 60 19 Corsi-

66 3000 22 14 ca
97 3000 11 13 e
114 2995 16 18 il
138 2995 76 18 célébré
228 2995 60 18 Banco
301 2995 20 18 di
336 2995 39 19 San
389 2992 85 27 Giorgio.
488 2998 53 19 Nella

66 3020 84 18 seconda
157 3019 77 18 rubrica
243 3019 125 19 «Document!
378 3021 86 19 enotizie
472 3023 69 19 difon-

66 3045 28 18 ti»
102 3049 47 14 sono
156 3045 74 22 passati
238 3045 21 17 in
266 3049 90 19 rassegna
364 3047 46 18 tutti
416 3047 7 18 i
430 3049 111 18 manoscrit-

67 3070 16 17 ti
92 3069 79 18 relativi
179 3070 40 17 alla
226 3070 60 17 storia
293 3070 20 17 di
321 3070 77 19 Corsica
406 3072 88 19 esistenti
501 3074 40 18 nel-

67 3094 19 17 la
94 3093 105 19 Biblioteca
205 3094 122 18 Nazionaledi
334 3095 65 23 Parigi
408 3101 11 13 e
426 3101 47 14 sono
481 3098 60 19 anche

66 3118 93 22 publicati
166 3119 146 23 integralmente
316 3121 53 17 varii
376 3122 110 18 documenti
491 3123 50 19 délia

67 3143 83 18 seconda
157 3144 53 17 metà
217 3145 31 17 del
256 3145 60 17 seeolo
324 3144 49 23 XVI,
380 3146 50 18 circa
438 3146 19 18 la
464 3148 77 19 cohees-

67 3168 55 17 sione
130 3168 20 17 di
157 3170 55 20 porto
220 3169 70 18 d’arme
297 3171 67 17 contro
372 3171 63 18 bestie
443 3172 85 19 dannose
534 3178 5 13 :

66 3192 60 18 com’è
134 3194 53 20 noto,
201 3194 50 22 dopo
258 3194 18 18 la
284 3198 45 18 pace
342 3195 21 18 di
372 3195 168 22 Cateau-Cambre-

66 3217 29 18 sis
104 3217 60 23 (1559)
173 3219 64 17 ordini
250 3219 82 22 rigorosi
339 3224 59 14 erano
406 3221 46 18 stati
459 3222 82 18 dïrama-

65 3242 16 17 ti
93 3246 35 17 per
141 3242 14 18 il
164 3243 84 18 disarmo
255 3243 20 18 in
283 3244 45 18 tutti
336 3245 8 17 i
354 3245 70 22 luoghi
436 3246 103 24 dell’Isola,

64 3265 89 24 Seguono
160 3268 53 17 nella
221 3269 51 17 terza
285 3269 76 19 rubrica
375 3276 11 11 «
392 3271 78 18 Variété
476 3278 10 11 »
494 3273 46 18 arti-

65 3291 38 17 coli
109 3292 62 21 brevi,
177 3297 31 13 ma
215 3293 129 22 interessanti,
350 3295 102 21 piacevoli,
459 3298 81 21 egusto-

65 3315 16 18 si
90 3316 21 17 di
118 3315 22 18 E.
148 3316 77 23 Michel,
233 3317 23 18 P.
269 3317 101 23 Parisella,
379 3320 21 17 D.
415 3319 89 24 Spadoni,
513 3322 26 18 M.

64 3339 73 19 Roselli
145 3340 80 19 Cecconi
232 3346 12 14 e
252 3343 20 17 in
279 3342 47 23 fine,
330 3344 53 18 nella
388 3344 149 24 «Bibliografia»,

64 3365 110 18 recensioni
183 3367 20 17 di
212 3365 22 20 O.
242 3367 21 18 F.
270 3367 103 23 Tencajoli,
382 3370 20 17 di
410 3368 23 19 G.
441 3369 97 24 Paladino,

64 3389 23 17 R.
97 3389 111 23 Cardarelli,
217 3391 22 18 L.
247 3391 60 21 Berni,
316 3396 40 18 ecc,
367 3397 11 14 e
385 3398 28 13 un
421 3394 63 22 ampio
491 3395 50 19 noti-

63 3413 67 18 ziario.
139 3414 15 17 Il
162 3416 85 21 volume,
256 3416 38 18 così
302 3417 60 18 denso
371 3422 11 14 e
389 3418 55 18 vario
450 3419 18 18 di
477 3421 63 18 conte-

63 3442 26 13 nu
92 3439 26 20 to,
127 3438 11 18 è
146 3440 97 18 corredato
252 3441 124 19 dinumerose
383 3443 64 18 nitide
454 3443 86 20 illustra-

63 3463 51 17 zioni
123 3468 12 13 e
141 3464 31 17 fra
179 3465 18 17 le
206 3466 50 17 altre
269 3466 49 17 délia
333 3467 133 22 riproduzione
474 3470 21 16 di
502 3470 38 18 due

63 3488 86 17 mirabili
156 3490 108 20 acqueforti
274 3491 31 17 del
312 3491 72 21 pittore
391 3491 63 19 Guido
462 3492 77 21 Colueci

63 3512 36 17 cbe
106 3515 149 19 rappresentano
265 3515 15 17 il
288 3514 84 20 Castello
385 3517 21 17 di
415 3516 80 19 Rostino
502 3523 11 13 e
521 3519 18 17 le

63 3537 71 17 rovine
141 3538 20 17 di
168 3538 56 22 Alpa.

84 3561 16 17 L
100 3561 91 18 "Archivio
198 3562 71 19 Slorico
277 3563 21 18 di
303 3563 72 20 Corsica
379 3570 43 13 esce
427 3566 113 19 trimestral-

62 3587 65 16 mente
135 3586 20 17 in
163 3586 77 19 fascioli
247 3588 20 17 di
271 3588 74 18 almeno
350 3589 36 18 100
391 3590 70 22 pagine
468 3595 12 14 e
488 3592 24 17 ba
521 3592 18 18 la

63 3613 36 14 sua
106 3610 98 18 direzione
212 3612 20 17 in
241 3612 63 21 Roma,
313 3613 37 18 Via
359 3613 21 19 S.
387 3615 64 18 Marco
459 3615 18 18 2.
486 3616 53 18 L’ah-

61 3633 115 19 bonamento
184 3637 53 17 costa
245 3637 40 17 solo
292 3637 37 18 lire
337 3637 24 18 20
369 3639 88 18 all’anno.
463 3640 76 23 Dirige-

62 3662 21 13 re
91 3659 66 21 vaglia
167 3660 39 17 alla
215 3660 47 19 Case
274 3662 80 19 éditrice
368 3663 92 18 Raffaello
466 3664 71 23 Giusti,

62 3682 90 19 Livorno.

585 123 198 27 PRUCESSI
803 123 41 25 DI
866 121 171 26 STAMPA

605 183 101 26 Venari,
715 189 12 21 7
739 187 88 19 marzu,
841 180 13 22 è
866 181 63 20 statu
940 179 107 22 chiama-

577 218 25 19 tu
621 215 114 22 davant'a
754 221 16 15 u
785 213 124 22 tribunale
927 212 119 21 curreziu-

577 249 54 21 nale
643 248 129 27 d’Ajacciu
784 253 16 15 u
812 251 116 23 prucessu
942 245 25 21 in
979 244 67 22 diffa-

577 281 109 22 mazione
706 281 119 21 intentatu
838 279 29 21 da
880 285 14 15 u
907 280 85 20 nostru
1010 277 37 21 di-

577 315 91 21 rettore
681 321 13 14 a
706 314 25 21 F.
742 313 124 27 Balisony,
875 311 125 22 redattore
1011 316 13 15 a
1032 315 15 15 u

577 347 114 28 giurnale
710 347 34 21 La
759 346 80 21 Corse
851 344 25 22 di
889 343 134 28 Marseglia
1034 347 13 15 e

577 386 13 14 a
611 385 14 15 u
636 381 104 26 gerente
759 379 24 21 di
800 384 15 15 u
833 378 80 21 stessu
933 376 88 27 fogliu,
1039 375 7 20 i

578 412 65 27 quali
655 418 76 15 eranu
743 410 85 28 dighià
840 409 55 22 stati
908 408 140 22 cundanna-

577 445 19 21 ti
609 450 43 22 per
660 444 90 21 difettu
762 450 13 14 a
790 448 41 16 100
840 441 94 23 franchi
944 441 104 21 d’amen-

578 478 30 21 da
619 483 14 15 e
653 482 45 16 200
710 475 94 23 franchi
822 475 24 22 di
859 474 82 25 .danni
962 480 13 14 e
986 473 63 21 inte-

579 516 75 16 resse.

606 544 23 22 U
651 543 125 23 redattore
800 541 129 28 Bailsop.y,
943 539 106 31 esrsepd.q

577 578 81 19 mortu
670 576 26 20 in
709 577 37 19 stu
760 575 140 25 frattempu,
914 574 53 20 solu
981 578 14 14 u
1006 577 42 21 ge-

577 609 70 19 rente
659 607 25 21 di
697 607 34 21 La
741 606 80 21 Corse
833 611 41 16 era
886 606 125 26 présente.

604 639 140 22 L’avvucati
764 638 97 21 Luciani
882 644 14 14 e
910 636 139 28 Campiglia

577 671 142 22 sustenianu
731 677 12 16 a
752 671 89 28 partita
850 670 100 26 civile,e
958 670 91 21 l’avvu-

577 708 53 18 catu
643 705 73 21 Porte
728 711 13 15 a
750 704 87 22 difesa.

604 738 74 27 Dopu
698 737 46 22 avè
764 738 121 21 ascultatu
910 736 138 22 l’avvucatu

577 771 98 21 Luciani
689 770 39 22 chi
741 770 31 22 ha
784 770 60 22 fattu
863 776 13 15 a
888 775 78 22 prova
984 766 63 25 d'un’

577 804 134 27 eloquenza
723 809 70 16 senza
804 809 61 22 paru
878 803 24 21 di
915 803 48 22 alta
980 804 69 20 tenu-

576 839 24 20 ta
610 837 134 26 letteraria,
754 836 139 22 l’avvucatu
902 835 146 28 Campiglia,

576 870 108 28 pateticu
696 876 22 20 e,
732 871 118 26 attempu,
862 875 98 22 sempre
971 868 78 27 inspi-

576 905 52 20 ratu
651 903 30 21 da
700 902 166 29 l’argumentu
884 901 132 29 giuridicu,
1035 906 13 15 e

576 936 142 22 l’avvucatu
737 936 81 25 Porte,
843 942 15 15 u
876 935 122 22 tribunale
1018 934 30 21 ha

577 970 122 27 ripurtatu
711 976 15 14 u
736 969 91 28 judiziu
839 975 13 15 a
864 975 48 15 una
922 968 55 22 date
988 967 61 21 ulte-

576 1003 76 22 riore.

604 1036 10 22 I
630 1035 108 23 dibattiti
760 1035 25 22 di
798 1041 32 16 un
850 1040 119 22 prucessu
989 1038 59 16 cun-

577 1075 81 20 nessu,
672 1069 124 22 intentatu
809 1069 29 21 da
854 1074 15 15 u
885 1068 120 21 direttore
1023 1065 23 21 di

575 1103 36 21 La
625 1103 81 21 Corse
717 1108 13 15 a
742 1108 15 15 u
770 1103 86 20 nostru
868 1100 121 22 direttore
1003 1103 46 22 per

577 1142 31 15 un
626 1135 105 28 disegnu
749 1135 104 21 satiricu
872 1133 125 27 publicatu
1018 1131 30 21 da

575 1169 23 22 A
609 1168 97 23 Muvra
725 1167 28 22 sô
765 1167 58 22 stati
842 1165 102 28 esposti,
965 1164 82 22 subitu

576 1203 75 27 dopu,
662 1203 31 21 da
706 1201 7 22 i
726 1201 73 22 stessi
811 1199 139 26 avvucati,e
962 1203 14 16 u
985 1197 64 28 judi-

575 1237 38 21 ziu
625 1236 156 28 ugualrhente
793 1233 109 23 rinviatu
915 1239 12 16 a
939 1232 44 28 più
1001 1234 48 20 tar-

575 1270 35 20 di.

602 1303 23 20 A
637 1308 16 15 u
664 1303 128 20 mumentu
812 1299 87 23 d’andà
909 1300 24 20 in
945 1298 105 22 macchi-

574 1341 32 15 na
616 1341 89 15 avemu
716 1339 150 17 cunuscenza
878 1333 24 21 di
916 1338 13 15 a
943 1331 106 22 decisio-

574 1375 32 15 ne
617 1368 25 22 di
655 1369 7 21 i
673 1368 90 27 judici.

602 1402 40 22 Pe’
653 1409 14 14 u
677 1402 81 28 primu
770 1401 107 25 a£fare,A
885 1399 97 23 Muvra
992 1405 58 16 con-

575 1438 38 20 tru
633 1436 36 21 La
686 1435 88 26 Corse,
794 1434 102 22 l’azione
916 1433 131 28 giuridica,

574 1470 25 21 in
612 1468 95 23 ciocchi
720 1473 120 17 cuncerna
848 1467 103 22 l’autore
960 1467 25 21 di
995 1465 54 23 l’ar-

574 1503 78 24 ticuli,
666 1502 22 21 si
702 1503 70 20 trova
793 1503 87 26 spenta
902 1507 28 15 eu
943 1507 13 15 a
967 1501 81 21 morte

575 1536 25 22 di
613 1542 15 14 u
640 1535 124 22 redattore
784 1534 26 22 F.
824 1534 119 29 Balisony
953 1541 6 19 ;
978 1540 15 16 u
1004 1539 44 22 ge-

574 1570 70 21 rente
655 1569 26 21 di
692 1568 36 22 La
742 1568 88 26 Corse,
850 1568 66 22 Leon
938 1568 110 22 Padova-

575 1603 25 22 ni
611 1603 48 25 fils,
682 1602 13 21 è
716 1602 153 21 cundannatu
887 1608 44 21 per
942 1601 105 23 diffama-

574 1637 72 21 zione
657 1642 14 15 a
686 1635 26 22 16
723 1635 94 22 franchi
831 1635 135 27 d’amenda,
979 1642 13 15 a
1005 1642 42 16 100

575 1669 93 23 franchi
681 1669 26 22 di
722 1669 75 21 danni
815 1675 14 16 e
844 1670 122 21 interesse
984 1675 13 16 e
1010 1676 11 15 a
1033 1676 14 15 e

575 1709 80 22 spese.

604 1736 39 22 Pe’
658 1743 15 15 u
692 1736 104 22 sicondu
813 1736 81 27 affare,
916 1736 36 22 La
968 1737 79 21 Corse

575 1773 87 20 contru
674 1771 22 21 A
708 1769 104 27 Muvra,
827 1776 14 15 u
854 1770 127 22 tribunale
995 1770 52 22 dic-

575 1804 81 22 chiara
669 1803 153 22 irrecivibile
839 1810 13 15 a
866 1803 117 22 richiesta
995 1804 25 21 di
1032 1810 13 15 u

575 1838 118 21 direttore
705 1837 24 22 di
741 1837 35 22 La
790 1837 87 26 Corse,
890 1837 68 22 Leon
969 1837 77 22 Pado-

573 1873 58 21 vani
643 1871 67 28 père,
724 1877 13 15 e
748 1877 17 15 u
776 1871 126 22 cundanna
914 1877 13 15 a
939 1877 14 15 e
964 1877 80 22 spese.

746 1939 127 30 Àvvisii

600 1994 79 22 Femu
689 1993 80 22 ricute
779 1993 41 25 pe’
829 1999 16 15 a
855 1993 78 22 Posta
944 1992 101 23 Fabbu-

572 2027 115 22 namenti
696 2026 83 23 vimiti
790 2033 16 15 a
814 2026 108 22 termine
933 2026 88 22 avanti
1028 2033 17 15 u

574 2061 14 21 1
601 2060 147 26 Jennaghiu
760 2059 76 23 1930.

600 2093 133 23 Avertìmu
743 2093 11 21 i
765 2093 83 22 nostri
861 2093 46 22 fîdi
920 2093 126 22 abbunati

572 2127 43 22 chi
631 2134 14 14 e
660 2126 110 23 ricivute
790 2126 28 22 sò
837 2127 161 25 maggiurate
1017 2127 28 21 di

573 2161 44 22 dui
628 2159 103 23 franchi
743 2166 47 19 per
804 2166 73 20 spese
891 2160 153 22 d’incascia-

571 2195 95 26 mentu,
687 2200 14 14 e
715 2193 11 22 i
738 2193 139 26 preghemu
895 2193 28 22 di
934 2193 110 22 ricevele

572 2234 32 15 en
614 2233 16 16 a
639 2226 168 22 fradiziunale
819 2226 131 26 ospitalità
960 2233 83 16 corsa.

672 2298 101 46 Zinga,
795 2310 18 25 0
831 2299 111 45 Cumpà

597 2372 18 16 C.
622 2373 41 14 era
673 2374 32 13 un
715 2372 77 16 mortu
801 2374 25 13 m
835 2372 38 16 boi
880 2372 55 16 bu...

595 2395 126 20 Mancanza
735 2395 24 20 di
773 2395 134 24 bancalaru,
921 2395 20 20 ci
950 2395 66 21 volse
1029 2401 13 14 a

570 2423 54 23 falà,
639 2424 24 19 in
673 2429 31 14 un
714 2422 69 25 saltu,
797 2423 25 20 in
835 2423 142 20 Yenzulasca
985 2424 35 24 pe’
1029 2429 13 14 a

570 2451 76 20 cascia
659 2450 19 26 (i
687 2451 40 20 dui
739 2451 65 25 paesi
813 2452 26 20 sò
848 2451 72 21 vicini
934 2457 66 15 cume
1012 2452 29 20 da

570 2480 39 24 qui
618 2485 13 14 a
640 2479 58 24 qui).

595 2507 119 25 L’oggettu
728 2506 99 21 funebre
838 2507 24 20 fù
870 2507 60 21 fattu
944 2508 24 19 in
983 2508 60 20 bone

570 2535 85 20 misure
672 2541 13 13 e
702 2535 102 24 speditu.
827 2535 18 20 U
859 2534 145 23 lindumane,
1027 2542 14 13 u

570 2566 99 17 maestru
683 2562 84 20 d’ascia
781 2562 179 21 venzulaschese
973 2563 68 24 cullô,

568 2589 177 24 secondu.l'usu,
754 2597 42 18 per
803 2590 84 21 assiste
895 2597 13 14 a
917 2590 122 23 l’interru,\

594 2617 215 26 Cumplimenti,pe’
817 2624 13 14 a
839 2619 32 19 so’
882 2619 74 20 cascia
965 2619 77 20 cundi-

568 2645 102 24 ziunata,
679 2645 24 20 di
712 2645 86 25 cinque
806 2649 67 17 centu
882 2645 135 22 franconi...

594 2672 34 20 Or
649 2673 74 20 eccuti
752 2673 38 20 chi
816 2674 94 24 quandu
934 2674 71 25 juBSe
1026 2681 14 14 u

569 2704 118 17 mumentu
696 2701 23 19 di
729 2707 59 17 pone
797 2707 14 14 u
820 2701 114 21 cadavaru
949 2702 91 24 dentru,

568 2735 32 13 un
608 2728 21 20 ci
636 2728 73 21 fubbe
718 2735 79 14 mezzu
806 2729 23 20 di
838 2730 95 24 coprelu
943 2736 28 15 eu
980 2737 15 14 u
1004 2736 38 15 cu-

568 2756 95 25 perchiu
671 2762 6 14 :
692 2762 15 14 u
716 2760 77 17 mortu
802 2763 39 14 era
850 2757 131 25 ingunfiatu
989 2758 25 21 in
1019 2758 22 20 la

568 2786 97 21 nuttata^
676 2789 13 15 e
697 2790 16 13 u
722 2789 70 20 corpu
801 2785 123 20 tracullava
933 2786 108 24 e.sponde

568 2810 24 21 di
600 2817 13 14 a
621 2811 77 20 cascia
706 2811 24 20 di
740 2818 31 13 un
781 2812 88 24 palmu.

592 2838 73 21 Cume
674 2838 41 21 fà?
722 2838 73 22 Mette
803 2840 238 24 un’aghiunta?.Man-

567 2873 28 13 cu
604 2866 116 24 pensalla.
729 2866 71 25 Eppo’
810 2873 13 14 a
831 2873 54 14 casa
894 2874 39 15 era
942 2869 98 25 pienadi

564 2894 73 24 jente;
646 2897 64 22 prete
720 2900 12 15 e
738 2894 168 22 cunfraternita
914 2900 127 21 aspettava-

567 2927 31 14 nn
607 2922 24 19 in
641 2922 78 24 piazza
728 2922 36 24 pe’
773 2929 13 13 a
795 2922 82 21 levata.

592 2949 19 20 U
619 2949 62 20 tintu
691 2949 133 25 bancalaru,
838 2951 35 24 pe’
881 2957 31 14 un
922 2955 61 17 resta
992 2952 49 21 ber-

566 2982 31 19 gu
599 2983 84 19 gnosu,
692 2977 91 21 circava
793 2979 143 25 d’appughià,
942 2981 22 19 di
973 2980 68 21 strin-

566 3004 68 24 ghie;
648 3011 13 13 a
670 3005 17 19 li
696 3011 104 18 pruvava
809 3006 23 20 in
841 3007 52 20 tutti
902 3007 7 20 i
919 3008 70 24 modi,
1003 3014 37 14 ma

566 3038 32 14 un
610 3032 62 21 c’era
681 3032 66 21 l’erte
753 3040 7 13 :
770 3040 14 13 u
794 3038 89 21 ventre,
891 3041 67 15 seccu
966 3042 13 14 e
987 3036 54 21 stic-

567 3059 71 24 chitu,
648 3067 32 13 un
690 3060 20 20 si
718 3060 101 22 lasciava
828 3062 30 21 fà.

591 3087 19 19 A
617 3087 46 20 ’ssu
674 3092 127 20 mumentu,
807 3090 32 20 mi
847 3090 91 21 t’affaca
947 3091 24 21 in
979 3095 62 17 stan-

566 3120 27 14 za
602 3121 31 13 un
642 3115 34 20 so’
685 3115 88 26 cullega
782 3117 24 20 di
815 3118 95 24 Loretu,
924 3118 117 21 Ghiuvan-

567 3142 33 24 ni,
614 3148 56 14 omu
685 3143 119 25 d’ingeniu
819 3151 13 14 e
840 3146 79 20 adattu
932 3153 14 13 a
954 3150 59 17 tutte
1027 3153 13 14 e

566 3169 171 22 circunstanze.
752 3171 105 22 Videndu
871 3173 38 20 chi
924 3180 14 14 u
953 3180 85 18 povaru

567 3197 179 21 venzulaschese
765 3199 21 20 si
803 3203 96 18 truvava
916 3201 123 21 duv’ell’un

566 3225 31 20 bu
599 3225 38 22 lia,
653 3225 126 22 s’abbicina
795 3233 13 14 e
815 3228 17 19 li
847 3227 63 22 soffia
924 3229 25 20 in
963 3229 77 21 l’arec-

566 3252 52 20 chie
625 3259 7 13 :

588 3291 28 5 —
621 3280 119 25 Finiscila,
750 3288 14 13 o
772 3283 91 25 cumpà,
873 3283 67 21 ch’un
950 3285 21 24 çi
981 3284 58 21 sôrti

565 3307 71 21 fendu
645 3310 60 19 cusi.
714 3309 97 21 Stammi
820 3318 14 13 a
842 3315 72 20 sente;
923 3308 40 27 mï,
971 3313 24 20 di
1002 3313 36 20 chi

565 3335 55 20 t’hai
630 3335 99 25 bisognu
738 3337 75 21 d’esse
821 3340 50 18 solu
881 3345 42 18 per
931 3340 62 23 pudè
1003 3346 36 14 ac-

565 3363 83 20 cuncià
657 3370 15 13 u
682 3363 83 21 difettu
774 3365 24 19 di
806 3371 12 14 a
827 3366 82 23 cascia,
919 3367 66 20 trova
994 3373 44 14 una

565 3395 78 19 scusa,
652 3390 120 25 sbrogliati
781 3392 25 20 in
814 3398 89 15 somma
912 3394 69 24 perfà
992 3401 47 14 sor-

565 3420 23 17 te
593 3417 23 19 di
621 3418 40 24 qui
670 3419 91 24 parenti
770 3425 13 13 e
792 3420 74 23 amici,
873 3421 59 24 eppô
938 3422 100 21 tandu...

565 3447 66 17 tantu
640 3445 121 24 peghiu....

589 3481 27 4 —
624 3471 72 25 Eppo’
704 3472 58 21 che?

589 3508 26 4 —
624 3499 36 20 Un
669 3500 103 24 capisci?
785 3501 77 25 Zinga
871 3502 37 20 chi
917 3504 32 20 mi
963 3504 17 20 ti
989 3505 49 20 zin-

563 3531 35 19 ga
604 3526 6 20 !
624 3533 14 13 o
647 3528 91 24 cumpà,
752 3535 32 13 un
793 3529 18 20 ti
820 3533 61 17 resta
890 3531 42 20 che
945 3533 93 22 quess’a

565 3553 32 20 fà.

589 3580 46 20 Miò
644 3582 57 23 paré
710 3581 36 21 chi
756 3583 86 21 l’affaré
850 3585 61 20 andô
920 3587 59 23 cusi,
987 3593 52 19 pos-

565 3610 24 17 ta
597 3608 37 19 chi
651 3609 65 25 dopu
725 3610 86 25 cinque
827 3612 83 20 minuti
924 3620 14 13 u
956 3620 82 19 cuper-

564 3634 53 20 chiu
626 3641 39 15 era
675 3643 79 14 messu
764 3644 13 14 e
785 3639 21 20 si
818 3640 59 24 perti
890 3646 13 13 a
912 3647 14 13 u
936 3645 70 17 cantu
1013 3642 24 19 di

564 3668 15 14 u
592 3662 122 23 Miserere.

855 3691 154 24 Pasturellu.

1172 119 277 52 Giurnali

1073 203 131 22 Bublica
1215 204 164 20 Istruzione

1095 235 55 20 Breiz
1158 236 47 18 Alao
1221 238 31 17 n’a
1261 240 33 19 pas
1307 232 82 22 manqué
1403 233 24 18 de
1440 233 56 17 noter
1509 230 38 18 fré-

1074 261 111 22 quemment
1191 261 33 18 lés‘>
1236 263 49 17 tares
1299 259 23 18 dè
1334 256 163 23 l’Enseignement
1509 255 38 22 pri-

1074 286 60 17 maire
1142 290 24 13 en
1175 285 102 24 Bretagne.
1287 283 115 19 Instituteur
1410 280 114 21 moi-même,
1532 279 14 18 il

1075 311 36 17 m’a
1121 310 31 18 été
1160 310 59 19 facile
1226 312 25 18 de
1259 310 74 19 relever
1341 307 93 18 certaines
1448 305 97 23 imperfec-

1075 335 50 18 tions
1134 335 26 17 du
1173 335 85 22 système
1273 332 137 25 pédagogique,
1426 331 41 18 d’en
1481 334 65 18 appro-

1074 359 63 18 fondir
1143 360 29 17 les
1181 364 68 15 causes
1258 360 41 18 d’en
1307 356 101 19 découvrir
1415 356 28 17 les
1449 354 96 19 résultats.

1095 384 22 18 Je
1125 389 25 13 ne
1164 385 51 18 mets
1223 383 105 20 nullement
1341 386 24 14 en
1376 381 59 17 doute
1450 380 58 21 (cette
1514 383 33 17 pa-

1074 408 90 19 renthèse
1172 410 31 17 est
1210 407 107 21 nécessaire
1325 411 25 13 au
1358 405 57 18 début
1424 405 24 17 de
1460 408 44 13 mon
1517 407 30 13 ar-

1074 433 53 22 ticle)
1135 433 19 18 la
1161 434 65 18 bonne
1234 432 76 21 volonté
1318 432 34 17 des
1359 430 118 22 inspecteurs
1486 429 20 17 et
1512 428 34 16 des

1074 458 84 19 maîtres.
1166 459 38 19 Les
1211 464 68 15 causes
1287 459 26 18 du
1320 457 37 18 mal
1366 455 96 19 viennent
1469 454 24 17 de
1503 453 44 22 plus

1074 483 54 18 haut.
1212 500 3 3 .
1224 500 2 4 ,
1252 493 25 12 -.j;
1289 496 5 4 ■

1097 506 26 18 La
1136 506 68 19 vieille
1218 507 74 18 maison
1299 503 86 20 lézardée
1396 503 23 18 de
1432 502 116 21 l'Enseigne-

1075 532 137 21 ment-croulé,
1222 532 56 22 sapée
1285 535 34 18 par
1326 530 19 18 la
1352 529 53 18 base.
1420 528 50 18 Dans
1484 531 21 13 sa
1518 525 30 18 fu-

1075 560 50 15 reur,-
1137 557 25 20 d’_;
1166 554 97 22 «.‘étatiser
1297 556 24 18 rte
1328 554 56 20 créer
1391 554 35 17 des
1438 551 108 22 intelligen-

1075 586 31 13 ces
1114 581 102 21 façonnées
1225 585 34 14 sur
1266 578 19 19 le
1293 579 61 18 même
1362 578 70 21 moule,
1441 577 19 17 le
1465 576 83 17 Gouver-

1075 606 77 18 nement
1166 604 131 24 enrégimente
1311 604 33 17 dès
1352 601 49 24 l’âgé
1408 602 24 17 de
1440 600 23 18 16
1471 604 35 13 ans
1518 599 29 17 les

1075 630 63 18 futurs
1152 630 68 18 maître
1229 630 46 17 dans
1283 629 34 18 des
1325 628 66 17 Ecoles
1404 625 98 19 Normales
1514 623 32 21 où,

1075 656 83 22 pendant
1165 655 11 18 3
1185 660 42 16 ans,
1235 659 25 13 on
1268 659 25 13 ne
1300 654 42 18 leur
1349 652 84 23 apprend
1441 655 36 18 que
1485 654 22 14 ce
1514 648 34 23 qui

1075 680 147 21 est.nécessaire
1230 680 11 17 é
1249 679 43 18 leur
1300 678 74 21 métier,
1389 677 11 17 à
1407 677 19 17 la
1434 676 55 21 façon
1502 675 12 17 d
1521 678 26 13 un

1075 710 66 17 maçon
1149 710 25 13 ou
1183 706 46 17 d’un
1240 703 147 18 chaudronnier.
1401 702 26 17 De
1435 701 18 18 lé
1462 700 53 18 vient
1526 702 21 14 ce

1075 731 114 22 prodigieux
1205 733 82 17 manque
1301 729 23 17 de
1338 727 75 18 culture
1427 726 23 17 de
1464 723 83 19 certains

1075 755 126 19 instituteurs
1221 753 33 22 qui
1267 753 89 22 ignorent
1376 752 23 17 de
1413 751 65 17 Victor
1493 749 54 21 Hugo

1076 781 40 22 Buy
1123 780 17 18 B
1140 780 35 20 las,
1189 780 23 17 de
1220 778 85 18 Voltaire
1317 776 88 21 Candide,
1420 780 48 17 pour
1475 778 26 14 ne
1513 777 34 18 pas

1075 805 48 18 citer
1130 805 85 17 d’autres
1224 807 83 16 oeuvres,
1317 803 20 17 et
1345 801 47 18 dont
1400 801 53 18 toute
1465 797 83 20 la-litté-

1075 831 65 16 rature
1148 829 52 18 tient
1206 829 47 17 dans
1261 828 19 17 le
1288 827 101 18 feuilleton
1397 826 26 17 du
1436 823 51 20 Petit
1494 823 54 18 Jour-

1074 854 33 18 nal
1114 859 25 13 ou
1148 854 51 18 celui
1207 854 24 17 de
1239 852 63 18 l’Echo
1310 852 31 18 des
1349 851 71 24 Sports.
1434 850 27 18 De
1468 849 19 18 lé
1495 847 51 20 aussi

1075 880 30 17 cet
1112 878 137 19 acharnement
1257 877 11 17 é
1276 877 90 18 défendre
1374 877 34 17 des
1416 875 43 18 idée
1471 873 76 24 précon-

1074 908 46 17 çues
1128 904 20 18 et
1155 904 11 17 é
1174 903 108 21 n’accepter
1287 906 72 13 comme
1364 901 64 18 seules
1433 899 72 19 vérités
1510 902 37 18 que

1074 929 30 18 les
1111 928 73 19 vérités
1192 927 128 19 «officielles»
1328 927 34 17 des
1370 926 36 17 hou
1409 929 65 14 rreurs
1479 924 25 18 de
1508 922 39 19 crâ-

1074 958 24 13 ne
1106 952 197 23 gouvernementaux.
1512 970 5 5 .

1095 976 27 18 La
1130 976 39 18 tête
1177 975 59 19 farcie
1244 974 45 18 d’un
1298 973 143 23 enseignement
1447 970 98 21 artificiel,

1074 1005 24 14 ne
1106 1000 123 19 connaissant
1236 1000 27 17 du
1270 1000 69 17 monde
1344 1003 38 17 que
1389 998 29 18 les
1425 1001 52 14 murs
1483 996 24 18 de
1511 1000 35 13 son

1074 1025 54 19 Ecole
1136 1026 91 18 Normale
1238 1025 20 17 et
1266 1025 23 18 de
1297 1025 18 17 la
1322 1024 33 18 vie
1363 1028 39 18 que
1409 1023 29 18 les
1445 1022 65 21 leçons
1522 1021 25 17 de

1074 1051 71 18 morale
1159 1052 35 17 des
1208 1054 56 15 cours
1278 1049 144 23 préparatoires,
1435 1051 79 18 moyens
1528 1046 20 17 et

1074 1075 120 22 supérieurs,
1208 1076 20 17 le
1236 1080 9 11 «
1251 1075 97 18 directeur
1357 1074 34 18 des
1405 1072 140 20 consciences»,

1074 1101 18 17 le
1099 1100 88 19 «Mentor
1195 1101 24 17 de
1226 1093 18 25 fa
1251 1099 89 23 jeunesse
1346 1105 17 16 »,
1372 1098 55 23 après
1433 1102 35 14 son
1473 1097 73 22 brevet,

1074 1129 42 14 sera
1124 1125 76 23 envoyé
1208 1126 49 17 dans
1266 1124 81 23 quelque
1355 1128 124 18 campagne.;.

1096 1150 149 19 ...L’institueur
1252 1151 31 17 est
1288 1150 52 22 placé
1345 1150 48 17 dans
1398 1154 27 13 un
1430 1148 67 18 milieu
1501 1147 46 18 dont

1074 1175 16 17 il
1096 1175 69 23 ignore
1172 1176 20 17 le
1200 1175 96 19 caractère
1304 1176 19 17 et
1329 1176 30 17 les
1366 1173 88 22 intérêts,
1464 1173 24 19 où
1494 1173 14 18 il
1511 1172 36 18 fait

1074 1200 63 22 figure
1146 1200 116 23 d’étranger,
1271 1200 24 18 où
1304 1200 39 19 très
1351 1200 83 19 souvent
1441 1203 39 14 une
1488 1198 60 19 hosti-

1073 1225 36 18 lité
1117 1227 81 17 ouveKe
1211 1225 104 20 sé-déclare
1329 1227 67 18 contre
1410 1225 34 18 lui.
1460 1225 25 18 Ce
1497 1224 51 19 n’est

1074 1251 44 21 plus
1125 1251 20 17 le
1153 1251 68 18 maître
1225 1257 4 16 ;
1232 1251 74 19 d-’école.
1311 1252 87 17 dontles--
1401 1251 51 18 avis,
1457 1250 45 18 font
1511 1249 35 21 foi,

1074 1275 48 18 mais
1130 1276 20 17 le
1158 1281 9 11 «
1175 1273 73 26 péd’ago
1253 1283 9 10 »
1274 1277 71 18 obscur
1352 1281 46 13 sans
1406 1280 54 14 cesse
1471 1274 74 22 rebuté,

1075 1305 44 14 sans
1127 1305 55 14 cesse
1190 1302 79 18 raillé...
1283 1302 28 18 On
1319 1302 29 18 liii
1354 1307 11 13 a
1373 1301 63 18 donné
1443 1305 38 14 une
1495 1300 52 18 école

1075 1326 115 23 malpropre,
1199 1327 53 22 grise
1260 1328 19 17 et
1287 1327 55 18 triste
1350 1328 48 17 dans
1408 1326 83 22 laquelle
1498 1326 49 18 s’an-

1075 1351 61 18 nihile
1144 1352 43 18 tout
1195 1352 59 20 effort
1262 1353 119 18 d’éducation
1388 1352 86 18 vivante.

1096 1376 26 19 Ce
1135 1378 52 17 n’est
1200 1383 34 17 pas
1239 1395 3 3 .
1247 1379 48 18 dans
1303 1379 23 18 de
1339 1378 89 22 pareilles
1439 1377 108 19 conditions

1075 1406 37 18 que
1124 1403 30 18 les
1161 1403 77 19 enfants
1251 1405 84 21 peuvent
1343 1403 41 19 être
1391 1403 96 22 instruits,
1500 1402 47 23 j’en-

1075 1428 55 18 tends
1138 1433 74 14 comme
1215 1429 30 18 .dis
1253 1429 100 18 devraient
1362 1428 62 19 l’être.

1096 1453 184 25 D’ailleurs,/estrce
1287 1460 28 12 un
1329 1455 52 21 bien,
1396 1455 61 18 est-ce
1470 1459 27 13 un
1507 1454 39 17 mal

1074 1483 38 17 que
1119 1479 30 18 les
1157 1480 77 18 enfants
1242 1485 25 13 ne
1275 1480 123 19 s’assimilent
1406 1484 34 18 pas
1448 1480 43 17 tout
1495 1480 11 16 à
1510 1479 37 18 fait

1074 1503 160 24 l’enseigneme'ht
1240 1506 27 17 du
1274 1506 68 18 maître
1347 1505 9 19 ?
1370 1505 54 18 Voici
1432 1506 34 17 des
1478 1504 69 19 échan-

1074 1529 66 19 tillons
1149 1531 24 17 de
1181 1535 22 14 ce
1211 1535 38 18 que
1255 1531 39 18 l’on
1302 1531 84 22 apprend
1393 1535 38 14 aux
1438 1530 60 22 petits
1503 1530 43 18 Bre-

1074 1555 43 18 tons
1123 1560 5 13 :

1096 1583 10 11 «
1112 1578 25 18 La
1149 1578 81 23 capitale
1240 1580 25 17 de
1273 1580 18 17 la
1301 1579 70 18 France
1383 1578 89 23 s’appelle
1483 1577 62 19 Paris.

1074 1603 50 19 C’est
1130 1605 20 17 la
1157 1605 45 21 plus
1216 1605 71 23 grande
1299 1605 19 18 et
1324 1605 20 17 la
1351 1605 45 21 plus
1403 1604 52 18 belle
1462 1603 47 19 ville
1521 1604 25 16 de

1073 1629 71 19 France
1151 1636 17 11 ».
1184 1630 58 19 Voici
1245 1631 20 17 la
1272 1630 69 22 phrase
1349 1629 86 19 destinée
1443 1630 12 17 é
1463 1629 40 18 être
1515 1633 31 13 co-

1073 1655 42 22 piée
1123 1659 25 14 au
1156 1656 77 18 tableau
1241 1655 44 19 noir
1293 1656 20 17 et
1320 1655 118 18 maintenant
1446 1659 37 14 son
1497 1658 50 14 com-

1074 1681 92 18 mentaire
1173 1685 5 13 :
1187 1686 9 11 «
1201 1678 27 21 Lé
1236 1681 68 18 maître
1310 1680 104 23 s’applique
1420 1681 11 17 è
1438 1680 109 19 démontrer

1073 1710 37 18 que
1117 1710 50 14 nous
1175 1706 75 19 devons
1258 1706 40 19 être
1306 1706 47 18 fiers
1361 1707 24 16 de
1393 1706 56 18 notre
1457 1705 53 18 Paris
1515 1711 10 11 »

1094 1731 44 18 Ceci
1147 1733 31 17 est
1185 1736 40 14 une
1230 1732 57 21 leçon
1295 1732 23 17 de
1326 1732 68 18 choses
1401 1736 5 13 :

1091 1756 61 19 Notre
1159 1757 63 22 patrie
1229 1757 12 17 é
1247 1761 56 17 nous,
1312 1758 47 17 c’est
1366 1757 20 17 la
1394 1757 79 18 France.

1095 1787 10 11 «
1111 1782 50 18 Tous
1169 1783 30 18 les
1207 1782 90 22 Français
1305 1784 33 16 ont
1345 1783 19 17 la
1372 1782 61 18 même
1444 1782 70 23 langue
1527 1783 19 16 et

1072 1807 19 18 la
1098 1807 62 19 même
1167 1807 51 19 âme‘.
1224 1807 51 19 Nous
1283 1812 82 14 sommes
1373 1812 73 13 comme
1454 1808 29 17 les
1488 1811 58 14 mem-

1072 1833 45 18 bres
1125 1833 59 17 d’une
1191 1833 63 18 même
1263 1833 117 18 famille»....

1092 1858 23 18 Je
1124 1858 132 24 m’arrêtejçi.
1265 1858 50 18 Tous
1322 1858 30 18 les
1358 1858 85 18 lecteurs
1454 1858 23 18 de
1492 1857 54 19 Breiz

1072 1883 46 18 Alao
1125 1884 71 17 savent
1203 1884 87 18 combien
1299 1883 94 19 d'erreurs
1400 1885 21 16 et
1428 1884 24 17 de
1459 1887 87 14 menson-

1072 1912 34 18 ges
1114 1908 63 19 rècële
1184 1909 19 18 le
1212 1909 58 18 è'oirrs
1278 1909 46 18 d’un
1335 1909 122 18 instituteur.

1068 1939 6 15 ?
1093 1932 339 24 Ridicule-.mâison/tfePrgnorance,
1444 1934 65 22 érigée
1521 1938 24 14 en

1072 1959 71 21 temple
1151 1959 24 17 de
1182 1959 137 22 l’instruction,
1328 1959 54 18 école
1389 1959 78 18 sombre
1474 1960 21 17 et
1501 1959 44 18 tris-

1071 1985 20 17 te
1098 1984 24 18 où
1130 1985 20 17 le
1158 1984 156 18 Gouvernement
1325 1983 66 23 espère
1404 1984 91 21 façonner
1502 1984 11 18 à
1524 1988 21 14 sa

1071 2010 56 22 guise
1133 2009 58 19 l’âme
1199 2007 34 21 dès
1241 2010 80 22 peuples
1329 2010 49 22 qu’il
1386 2009 90 22 asservit,

1092 2034 53 19 Nous
1153 2035 19 18 la
1181 2035 128 22 démolirons,.
1318 2036 51 17 cette
1377 2039 84 17 masure,
1469 2036 21 17 et
1496 2039 49 14 nous

1071 2060 104 19 édifierons
1183 2061 12 17 à
1203 2065 22 14 sa
1232 2060 53 22 place
1293 2060 84 18 l’édifice
1385 2061 23 17 de
1415 2061 19 17 la
1441 2060 72 19 Vérité.

1093 2091 64 22 {Breiz
1163 2091 63 23 Atao).

1072 2131 110 20 Strade

1091 2161 25 19 Le
1123 2161 70 19 réseau
1199 2161 100 18 nationale
1311 2161 83 22 français
1408 2162 97 21 comporte
1512 2165 33 15 en-

1069 2187 57 18 viron
1133 2185 67 19 40.000
1207 2186 40 18 km.
1265 2187 22 18 de
1296 2186 65 18 routes
1369 2187 48 17 dont
1424 2187 19 17 la
1450 2186 94 19 réfection

1069 2216 48 18 pour
1124 2211 45 23 près
1184 2211 24 18 de
1220 2211 50 18 trois
1283 2212 74 21 quarts,
1372 2210 66 19 28.000
1454 2212 50 20 kms,
1513 2212 32 18 est

1069 2237 83 18 achevée
1160 2237 21 18 et
1188 2237 34 22 qui
1230 2237 96 18 sontdans
1331 2241 27 13 un
1363 2237 40 18 état
1411 2237 24 17 de
1438 2237 106 22 perfection

1069 2263 48 22 qu’il
1124 2263 31 18 est
1162 2262 84 20 difficile
1255 2263 24 17 de
1286 2266 102 18 surpasser
1394 2267 5 12 :
1407 2263 20 17 le
1435 2263 30 18 sol
1480 2263 25 18 de
1512 2267 32 14 ces

1068 2287 65 18 28.000
1142 2287 43 18 Km.
1194 2288 30 17 est
1231 2287 54 18 aussi
1298 2288 47 21 plat,
1357 2287 54 18 aussi
1427 2287 55 22 lisse,
1492 2288 52 18 aussi

1069 2313 34 18 net
1115 2313 60 21 qu’un
1186 2313 93 21 plancher
1298 2312 39 19 ciré
1351 2312 156 23 d’appartement.
1521 2314 23 17 Je

1069 2338 44 22 puis
1120 2337 44 18 dire
1177 2342 50 17 pour
1230 2342 36 14 .ma
1277 2339 42 21 part
1327 2342 37 18 que
1371 2338 34 22 j’ai
1413 2339 37 18 fait
1457 2338 38 19 l'an
1503 2339 42 18 der-

1069 2364 42 17 nier
1118 2363 52 21 Nice,
1186 2363 102 24 Marseille,
1304 2363 71 22 Nîmes,
1390 2364 101 21 Toulouse,
1501 2364 44 18 Bor-

1069 2389 68 20 deaux,
1146 2387 81 23 Nantesj
1234 2388 63 22 Paris,
1306 2388 57 23 Lyon,
1373 2389 96 18 Marseille
1477 2391 20 16 et
1507 2394 37 17 que

1068 2414 20 22 je
1094 2413 39 19 n’ai
1141 2417 35 18 pas
1184 2414 68 18 trouvé
1261 2418 34 14 sur
1302 2418 32 14 ces
1342 2413 55 19 2.500
1405 2415 40 17 km.
1455 2415 33 17 dix
1496 2415 48 18 kilo-

1069 2439 70 18 mètres
1147 2439 35 21 qui
1190 2443 26 14 ne
1219 2439 67 18 soient
1293 2439 88 21 parfaits.

1089 2464 17 18 Il
1114 2464 51 18 reste
1176 2464 49 19 donc
1233 2469 28 13 un
1269 2465 54 21 quart
1331 2465 26 17 du
1362 2465 69 18 réseau
1436 2465 11 18 à
1452 2466 91 17 remettre

1069 2493 23 14 en
1100 2489 47 18 état.
1157 2489 25 18 Le
1190 2488 69 19 réseau
1268 2490 23 17 de
1296 2490 19 17 la
1322 2489 60 19 Corse
1389 2490 30 18 est
1425 2490 19 18 le
1451 2490 45 22 plus
1504 2491 39 17 mal

1068 2519 24 13 en
1099 2515 61 21 point.
1168 2514 32 17 Au
1207 2518 59 14 cours
1274 2514 23 18 de
1313 2515 50 18 cette
1371 2515 62 18 année
1439 2515 16 18 il
1464 2516 30 17 est
1501 2520 42 18 pro-

1068 2540 56 17 bable
1131 2543 38 18 que
1177 2539 72 19 survies
1257 2538 64 19 40.000
1327 2538 40 19 km.
1374 2540 25 18 du
1407 2540 68 19 réseau
1482 2541 61 18 natio-

1068 2565 32 18 nal
1109 2565 14 17 il
1131 2569 25 13 ne
1164 2565 75 18 restera
1245 2569 40 17 que
1293 2565 28 18 les
1338 2564 54 19 1.500
1399 2566 34 17 km
1441 2566 25 17 du
1474 2566 69 18 réseau

1068 2594 54 14 corse
1128 2589 35 23 qui
1171 2588 45 19 séra
1219 2589 76 19 .oublié.

1089 2612 47 18 Mais
1145 2607 98 28 céiarpotÀ
1251 2612 28 18 lès
1287 2612 95 18 électeurs
1386 2611 23 20 dé
1417 2611 44 20 MSf.
1469 2613 76 23 Landry'

1068 2639 20 16 et
1094 2637 64 19 Pietrî
1163 2638 32 17 n’^
1205 2640 36 19 pas
1249 2637 144 22 d’importance.

1089 2659 26 20 Ce
1123 2660 33 22 qui
1164 2660 83 22 importe
1262 2660 47 18 c’est
1323 2660 25 18 de
1362 2660 66 18 savoir
1435 2661 40 21 qui,
1484 2661 24 18 de
1515 2661 26 18 M.

1067 2685 89 22 François
1165 2684 49 24 Goty
1224 2690 26 13 ou
1258 2685 56 18 de'M.
1328 2685 48 17 Paul
1391 2684 93 23 Lederlin,
1500 2690 43 14 sera

1067 2710 108 22 vainqueur
1179 2706 39 22 aux
1215 2706 8 15 1
1226 2710 112 22 prochaines
1344 2710 90 18 élections
1440 2710 103 19 sénatoria-

1067 2734 36 19 les-.
1111 2735 30 17 Ab
1147 2734 6 19 1
1164 2735 89 19 malheur
1259 2734 6 19 !
1295 2752 3 3 .

1087 2763 11 22 .(
1103 2763 26 18 La
1139 2762 54 19 Corse
1200 2762 119 23 Automobile)

1067 2797 212 29 Separatismu
1307 2808 6 4 -

1087 2836 26 16 La
1120 2835 90 22 question
1218 2835 25 18 de
1250 2835 160 23 l’augmentation
1419 2836 23 18 de
1453 2835 46 24 50-/.
1507 2841 35 14 sur

1066 2861 28 18 les
1108 2860 57 19 tarifs
1179 2860 76 19 actuels
1269 2861 35 18 des
1318 2862 111 22 transports
1436 2862 106 19 maritimes

1067 2886 53 17 entre
1127 2885 20 18 la
1156 2885 60 18 Corse
1224 2886 19 17 et
1250 2885 21 18 le
1278 2884 103 20 Continent
1391 2888 31 17 est
1429 2887 44 22 plus
1483 2891 59 18 grave

1066 2910 57 23 qu’on
1131 2915 26 14 ne
1164 2911 20 17 le
1192 2911 106 22 supposait.

1087 2933 40 18 Elle
1135 2933 114 22 empêchera
1257 2933 53 19 aussi
1317 2934 43 17 tout
1368 2938 110 17 commerce,
1487 2935 55 18 toute

1066 2958 96 18 industx-ie
1176 2957 20 20 ét
1210 2959 44 17 tout
1268 2958 78 23 progrès
1359 2959 25 17 de
1398 2963 23 14 se
1428 2959 114 23 développer

1066 2983 48 18 dans
1120 2983 49 18 l’Ile.
1206 2983 21 16 H

1087 3005 77 24 D’après
1173 3006 36 17 des
1214 3006 131 21 ^explications
1358 3007 65 18 nettes
1431 3007 20 17 et
1459 3006 83 23 précises

1066 3031 15 20 il
1089 3031 73 18 résulte
1170 3035 39 18 que
1214 3025 61 27 j’Etat
1282 3032 49 17 veut
1343 3031 89 22 spéculer
1438 3035 35 14 sur
1480 3032 20 17 la
1506 3032 37 18 mi-

1066 3055 42 19 sère
1115 3056 25 18 dé
1147 3056 56 17 notre
1209 3053 134 24 département
1350 3057 19 17 et
1383 3056 41 18 cela
1431 3061 25 13 en
1471 3056 71 19 faisant

1065 3085 58 17 payer
1130 3085 39 13 aux
1178 3079 70 19 Corses
1258 3081 41 18 tout
1314 3081 78 18 d’abord
1409 3081 34 22 ?•/•
1453 3081 89 20 d’intérêt

1066 3106 24 17 de
1096 3106 84 21 l’argent
1188 3105 52 22 qui-a
1248 3105 31 18 été
1284 3106 86 22 employé
1379 3106 12 17 à
1395 3106 111 18 construire
1512 3105 30 20 lès

1066 3130 99 18 nouvelles
1174 3128 65 20 unités
1247 3130 34 22 qui
1295 3132 33 16 ont
1336 3131 95 21 remplacé
1437 3132 31 17 les
1481 3131 60 18 vieux

1066 3155 63 18 sabots
1145 3155 24 18 de
1176 3155 23 17 la
1213 3154 116 24 Compagnie
1343 3155 112 22 Fraissinel,
1470 3157 20 17 et
1504 3156 37 22 5-/.

1065 3184 48 18 pour
1119 3179 174 19 l’amortissement
1300 3180 26 19 de.
1332 3184 33 14 ces
1380 3184 90 18 sommes,
1478 3185 23 14 ce
1508 3182 34 21 qui

1065 3205 68 19 fait.en
1141 3206 44 17 tout
1193 3204 46 26 12y,
1245 3209 38 18 que
1287 3204 57 19 l’Etat
1349 3206 69 21 patron
1423 3206 19 17 et
1447 3205 95 20 financier

1065 3227 48 20 veut
1119 3230 49 17 faire
1176 3234 104 18 payer.aux
1288 3234 86 18 usagers.
1384 3229 51 19 C’ést
1441 3230 49 18 donc
1497 3231 45 18 bien

1065 3255 89 21 compris,
1165 3255 86 21 pendant
1259 3254 22 18 60
1293 3259 34 14 ans
1337 3254 32 19 Tés
1386 3259 79 18 usagers
1478 3255 34 23 qui
1519 3260 23 14 se

1065 3276 377 25 serviront-dêsLtran'sports.maritimes
1449 3282 94 21 payeront

1064 3309 35 13 sur
1106 3304 18 17 le
1136 3303 89 23 chapitre
1231 3304 97 24 (ge&frais
1343 3305 23 18 de
1380 3309 74 18 voyage
1462 3305 45 22 12-/.
1516 3306 25 18 de

1065 3328 150 21 contributions.

1086 3346 28 22 En
1121 3349 75 22 réalité,
1208 3348 93 21 la’Corse
1314 3352 31 16 est
1358 3351 96 21 sacrifiée,
1466 3352 37 18 elle
1511 3354 30 16 est

1064 3375 111 18 considérée
1186 3379 74 15 comme
1267 3379 70 19 propre
1345 3376 11 17 à
1363 3376 42 18 être
1413 3376 94 22 exploitée
1516 3377 25 18 de

1064 3401 20 17 la
1091 3400 56 21 façon
1156 3400 19 17 la
1183 3400 49 22 plus,
1235 3401 76 19 intense

1086 3423 17 17 A
1110 3422 42 18 côté
1159 3423 25 17 de
1192 3424 47 20 cela,
1249 3423 16 18 il
1272 3420 61 21 éstun
1341 3423 55 18 autre
1403 3423 138 18 inconvénient

1064 3448 47 18 dont
1116 3447 19 18 la
1144 3447 77 22 gravité
1235 3452 26 14 ne
1268 3448 46 22 peut
1325 3447 94 23 échapper
1427 3448 11 17 à
1446 3452 95 18 personne

1065 3473 19 17 et
1091 3476 37 18 que
1137 3472 44 17 seul
1191 3471 23 20 Je
1222 3473 154 22 gouvernement
1385 3473 72 18 semble
1464 3473 78 18 vouloir

1064 3497 93 22 négliger,
1167 3497 49 20 c’e.st
1222 3498 19 18 le
1249 3497 61 23 grand
1326 3497 174 18 mécontentement
1507 3498 33 21 qui

1063 3526 25 13 va
1094 3525 22 14 se
1124 3522 91 21 produire
1226 3523 47 18 chez
1280 3523 29 17 les
1317 3521 77 22 Corses,
1407 3522 39 22 qui,
1457 3522 84 19 offensés

1063 3550 35 18 par
1107 3547 22 17 de
1138 3546 38 17 tels
1184 3547 129 21 traitements,
1324 3547 112 21 pourraient
1443 3551 23 14 se
1472 3547 70 18 laisser

1063 3571 68 17 hanter
1139 3575 35 17 par
1181 3571 19 18 le
1208 3571 151 23 séparatisme.Il
1367 3576 26 14 ne
1400 3572 43 17 faut
1451 3576 33 18 pas
1493 3572 49 18 croi-

1063 3599 23 14 re
1092 3599 38 18 que
1137 3596 30 17 les
1172 3595 71 20 Corses
1252 3597 45 17 sont
1304 3596 124 18 réfractaires
1435 3601 39 13 aux
1481 3597 60 18 senti-

1063 3620 63 18 ments
1133 3620 24 17 de
1165 3625 93 18 rancune,
1262 3622 24 16 de
1294 3621 61 18 colère
1363 3622 21 17 et
1391 3622 24 17 de
1423 3626 116 18 vengeance,

1063 3646 77 17 surtout
1152 3646 38 20 què
1200 3646 44 18 leur
1257 3645 138 23 tempérament
1407 3647 85 18 n’admet
1506 3652 34 18 pas

1063 3670 58 21 qu’ils
1128 3669 143 20 soientrtraités
1276 3675 27 14 en
1311 3671 108 18 esclaves...

1085 3700 7 22 (
1096 3699 73 21 L’Echo
1178 3700 27 18 de
1209 3701 20 18 la
1238 3701 53 19 Corse
1297 3702 8 22 )

1741 110 253 57 Impicci
2032 120 36 33 e
2118 105 255 60 mbrogli

1574 233 85 21 Scole

1597 269 69 22 Guasi
1681 268 60 21 tutt’i
1750 266 100 27 giurnali
1860 265 23 20 di
1899 264 93 21 Corsica
2007 263 39 20 ha-

1574 304 30 14 nu
1613 296 132 26 ripruduttu
1755 302 30 13 un
1795 293 101 21 articulu
1906 293 22 20 di
1941 292 104 20 madama

1574 324 100 21 Laurina
1691 323 80 23 Toma,
1780 321 117 21 direttrice
1912 320 23 20 di
1952 319 64 21 scola
2032 325 12 13 a

1574 351 103 22 Prunelli
1687 351 22 19 di
1719 349 134 22 Fiumorbu,
1862 348 118 25 publicatu
1988 347 29 19 da
2031 353 13 13 a

1573 379 79 20 rivista
1661 378 71 21 Notre
1739 377 75 21 Ecole.

1596 407 26 19 In
1631 405 137 24 st’articulu,
1778 411 12 14 a
1800 403 136 25 curaggiosa
1950 401 96 22 stitutri-

1573 441 25 13 cc
1605 434 51 20 face
1664 436 36 17 sta
1709 432 143 21 descrizione
1864 431 23 20 di
1896 437 14 13 u
1919 430 76 20 lucale
2008 429 35 20 chi

1573 461 119 21 Marianna
1703 464 71 17 mette
1788 460 20 20 a’
1822 458 158 26 dispusizione
1995 457 22 20 di
2032 463 13 13 e

1574 493 76 18 nostre
1658 488 140 22 femminelle
1805 495 6 13 :

1595 528 40 18 «La
1642 528 62 18 classe
1711 528 30 17 est
1749 531 38 14 une
1795 526 95 19 véritable
1898 524 88 24 glacière.
1998 524 47 18 Pen-

1574 554 45 17 dant
1625 553 19 18 la
1649 549 70 24 huit,la
1725 552 51 18 brise
1782 552 50 22 âpre,
1839 556 34 17 par
1878 551 29 18 les
1912 551 61 17 vitres
1977 550 68 18 absen-

1574 578 35 17 tes.
1619 582 24 13 en
1652 582 10 12 a
1671 576 90 18 souffleté
1769 577 29 16 les
1805 580 61 13 murs.

1594 602 50 17 Tout
1658 602 29 17 est
1698 601 60 18 transi
1765 605 5 13 :
1786 601 29 17 les
1822 600 70 21 caries,
1906 600 29 17 les
1948 599 66 21 bancs,
2026 598 19 17 la

1574 626 97 18 cheminée
1686 625 60 19 même
1755 625 24 18 où
1788 625 29 18 les
1825 625 87 18 flammes
1921 624 58 22 pâles,
1996 623 49 18 timi-

1574 652 83 21 dement,
1666 651 97 18 caressent
1769 651 29 17 les
1807 650 68 18 tisons.

1595 676 35 18 Les
1638 675 70 22 élèves,
1717 676 76 20 debout,
1802 676 19 17 le
1829 679 36 14 cou
1874 675 48 17 dans
1930 675 28 17 les
1967 673 77 23 épaules

1574 701 90 21 rentrées,
1680 701 93 18 soufflent
1781 705 33 14 sur
1821 701 54 18 leurs
1883 699 62 19 mains
1958 699 85 23 rougies.

1573 725 28 18 Un
1609 727 55 21 geste
1670 730 5 13 :
1685 726 48 18 elles
1738 726 105 22 s’asseyent
1852 725 75 18 n'osant
1932 729 56 18 poser
1991 725 53 17 leurs

1573 750 53 23 pieds
1634 751 71 23 gourds
1713 756 34 13 sur
1754 751 19 18 le
1781 751 91 21 plancher
1880 750 41 22 gelé
1928 754 37 18 que
1973 750 18 18 le
1998 750 47 18 vent

1573 776 124 18 violemment
1711 780 75 14 secoue.
1795 776 25 18 La
1827 776 62 22 porte,
1903 779 45 14 sous
1962 775 82 22 laquelle

1573 801 18 17 la
1598 801 60 18 rafale
1662 801 123 23 s’engouffre,
1795 801 96 18 tressaute
1898 805 34 13 sur
1940 804 31 14 ses
1975 800 68 22 gonds.

1574 826 34 18 Les
1621 827 62 18 cartes
1692 827 90 22 s’agitent
1789 831 37 14 aux
1835 830 55 14 murs
1896 831 5 16 ;
1914 830 27 14 un
1953 825 91 22 cliquetis

1573 850 83 19 infernal
1668 856 70 14 couvre
1751 856 31 13 ma
1796 851 52 22 voix,
1858 852 20 17 et
1884 851 29 18 les
1927 851 78 23 regards
2015 850 29 18 in-

1574 876 63 22 quiets
1648 877 24 17 de
1682 881 41 14 mes
1735 876 70 23 petites
1818 881 21 14 se
1850 876 82 22 portent,
1946 876 11 18 à
1972 876 72 21 chaque

1573 905 47 19 coup
1628 902 24 18 de
1661 903 50 20 vent,
1721 907 45 13 vers
1774 907 37 14 une
1819 902 73 18 fenêtre
1899 901 31 24 qui
1939 905 77 15 menace
2020 902 24 17 de

1573 927 84 18 s’ouvrir
1665 928 19 18 et
1692 928 23 18 de
1723 928 55 18 voler
1786 932 24 14 en
1818 928 67 18 éclats.

1593 952 36 18 J’ai
1636 957 48 17 peur
1691 953 54 18 aussi
1753 953 45 18 d’un
1806 953 94 18 accident.
1907 952 138 21 “Madame,re-

1573 978 126 22 gardez,cette
1706 980 68 21 poutre
1781 979 83 18 remue”.
1870 978 24 19 Et
1899 982 37 14 une
1941 978 67 18 enfant
2013 976 31 19 dé-

1573 1002 61 23 signe,
1650 1004 25 17 du
1684 1003 59 23 doigt,
1758 1009 24 14 au
1790 1004 83 23 plafond,
1888 1008 26 14 un
1929 1003 53 23 léger
1994 1002 52 19 écart

1573 1029 53 18 entre
1638 1030 52 18 deux
1697 1030 97 22 planches.
1807 1030 40 18 “Le
1856 1034 43 13 mur
1906 1029 73 23 penche
1987 1029 24 18 de
2023 1033 22 13 ce

1573 1054 57 23 côté”,
1640 1055 30 18 dit
1678 1059 37 15 une
1723 1056 62 18 autre.

1594 1079 28 19 On
1630 1080 85 23 inspecte
1723 1081 19 18 Ja
1749 1080 60 23 pièce,
1820 1081 114 18 lamentable
1941 1079 103 22 vraiment,

1573 1105 62 22 pleine
1643 1106 24 18 de
1675 1106 115 22 poussières,
1796 1106 33 23 qui
1838 1106 82 18 dansent
1925 1106 11 18 à
1939 1105 67 21 l’envi,
2013 1109 33 13 ve-

1573 1132 46 17 nant
1632 1132 34 17 des
1681 1136 56 14 caves
1751 1132 25 18 où
1784 1132 19 18 le
1816 1132 47 18 vent
1871 1131 36 19 fait
1915 1136 52 18 rage,
1979 1131 27 18 du
2014 1131 32 18 de-

1573 1157 45 18 hors
1625 1158 20 17 et
1653 1158 34 17 des
1695 1162 52 14 murs
1755 1157 85 23 décrépis
1849 1157 34 23 qui
1889 1157 123 19 s'émiettent.

1594 1183 25 18 La
1626 1183 61 21 leçon,
1695 1188 35 18 par
1737 1184 107 21 lambeaux,
1855 1184 42 18 tant
1904 1183 45 18 bien
1957 1187 38 18 que
2008 1181 37 19 mal

1573 1208 90 19 s’achève
1669 1207 5 19 !

1594 1234 95 22 —Allons,
1695 1234 80 22 écrivez,
1781 1239 40 14 mes
1828 1234 84 19 enfants.
1920 1243 23 5 —
1948 1233 24 19 Et
1979 1234 30 18 les
2014 1238 32 14 en-

1573 1259 51 18 fants
1634 1259 101 19 saisissent
1748 1260 20 18 le
1775 1260 132 23 porte-plume,
1916 1260 26 17 du
1950 1260 50 17 bout
2011 1259 34 18 des

1573 1285 70 22 doigts,
1658 1285 24 18 où
1691 1286 18 17 la
1722 1286 67 17 tenace
1797 1285 67 22 onglée
1871 1285 99 18 s’acharne
1976 1289 5 17 ;
1998 1284 47 18 elles

1573 1310 188 22 écrivent,souffrant
1767 1311 124 18 visiblement
1898 1310 24 18 de
1926 1309 120 23 l’atmosphè-

1572 1340 22 14 re
1601 1335 68 22 froide,
1685 1336 82 18 envahie
1775 1336 23 18 de
1806 1336 91 18 courants
1911 1335 70 18 d’air...
1997 1334 48 19 Sous

1572 1361 29 18 les
1608 1361 64 23 doigts
1686 1361 121 23 impatientés
1820 1362 20 17 et
1853 1361 125 21 souffreteux,
1994 1360 11 18 ù
2012 1360 34 18 l’a-

1573 1388 77 21 venant,
1658 1388 49 17 vont
1714 1387 28 18 les
1750 1387 81 22 plumes.

1594 1412 29 19 Un
1631 1413 48 17 banc
1687 1412 73 23 grince.
1767 1413 12 9 “
1786 1411 164 22 Madame,Jeanne
1955 1410 89 19 remue”.

1572 1437 156 22 EtJeanne,toute
1734 1442 89 18 rouge,ne
1829 1437 39 18 sait
1872 1437 94 18 comment
1970 1440 76 18 repren-

1572 1464 33 18 dre
1613 1468 35 13 son
1656 1463 93 22 équilibre
1757 1467 34 14 sur
1798 1463 19 18 le
1825 1463 54 20 banc,
1885 1462 40 22 qui,
1934 1462 24 18 de
1966 1461 62 18 droite
2033 1461 12 18 à

1572 1489 79 23 gauche,
1660 1493 22 14 se
1690 1489 76 18 balance
1775 1488 97 18 déhanché
1881 1489 19 17 et
1908 1488 91 18 titubant.
2007 1493 9 11 »

1597 1521 98 20 Baccalà
1707 1527 42 19 per
1758 1520 122 21 Corsica...

1573 1571 233 25 Cumparazione

1596 1609 45 21 Mai
1650 1609 80 20 ch'ella
1739 1609 42 23 sia,
1791 1608 23 20 di
1828 1607 54 21 vulè
1895 1607 148 25 disappruvà,

1573 1644 14 14 u
1595 1641 68 22 gestu
1671 1637 24 20 di
1704 1637 63 25 pietà
1780 1643 13 13 e
1808 1636 22 20 di
1844 1635 136 21 fratellanza
1995 1635 22 20 di
2031 1642 13 14 e

1572 1665 152 26 populazione
1732 1664 24 21 di
1771 1664 96 21 Francia
1885 1670 41 19 per
1939 1664 6 20 i
1960 1663 85 21 malab-

1573 1694 54 21 biati
1636 1693 24 21 di
1672 1700 16 13 u
1702 1693 130 20 Mezziornu
1846 1692 36 21 chi
1897 1692 61 20 hanu
1974 1695 70 17 avutu

1572 1726 65 16 tantu
1653 1722 78 20 dannu
1748 1721 23 20 di
1783 1721 64 25 jente
1862 1727 13 14 e
1888 1721 22 19 di
1929 1720 72 21 robba
2017 1720 27 20 da

1572 1750 113 21 l’orrenda
1702 1750 102 24 pienara.
1822 1750 20 19 A
1857 1748 92 21 Corsica
1964 1752 81 20 stessa,

1572 1782 151 22 quantunque
1732 1777 128 24 miseriosa,
1870 1783 31 14 un
1910 1777 19 21 sj
1944 1780 70 17 mette
2021 1777 23 20 in

1572 1807 114 20 darrettu.
1694 1806 114 20 Truvemu
1815 1805 55 21 dinô
1879 1805 59 21 bella
1946 1812 14 13 e
1968 1805 78 25 ghius-

1572 1839 22 17 ta
1604 1835 36 21 chi
1650 1835 6 20 i
1666 1834 49 26 capi
1729 1834 23 20 di
1769 1841 14 13 u
1797 1833 111 21 Guvernu
1922 1833 122 21 Francese,

1572 1864 19 21 si
1599 1864 68 20 sìanu
1676 1862 136 25 dispiazzati
1821 1868 40 19 per
1869 1862 109 25 ghiudicà
1985 1862 61 20 I’im-

1572 1898 81 15 mensa
1661 1895 62 16 stesa
1731 1891 23 20 di
1769 1897 11 13 a
1798 1893 101 22 stragge,
1908 1890 139 20 intenneris-

1572 1920 87 23 cesine,
1669 1926 13 14 e
1690 1923 53 17 tene
1752 1918 87 26 parolla
1849 1925 42 18 per
1904 1925 31 13 un
1948 1918 97 21 riscâttu

1572 1947 136 21 immediatu
1717 1954 13 12 e
1739 1953 46 14 non
1794 1946 134 21 miseriosu.

1597 1976 67 23 Però,
1673 1982 14 13 a
1696 1974 176 26 cumparazione
1886 1974 123 25 s’impone.

1597 2004 145 21 Unn’avemu
1756 2010 14 12 a
1784 2006 61 16 terne
1862 2009 13 13 e
1889 2003 77 23 piene,
1986 2002 37 20 chi
2037 2003 9 20 i

1572 2032 73 21 nostri
1654 2031 85 22 antichi
1748 2031 62 20 hanu
1819 2030 169 25 sempresceltu
1998 2030 48 21 J'al-

1571 2065 50 16 ture
1631 2067 42 18 per
1683 2059 112 25 piantacci
1805 2065 12 14 e
1831 2058 33 21 so’
1874 2065 59 17 case,
1948 2065 36 13 ma
1994 2065 51 14 ave-

1572 2095 38 14 mu
1618 2095 12 14 a
1640 2088 69 24 piena
1717 2087 23 20 di
1750 2094 13 13 e
1771 2087 87 20 zinzale
1871 2087 37 20 chi
1922 2087 20 20 ci
1957 2087 87 20 suffoca

1571 2117 61 25 dipoi
1637 2116 73 21 seculi
1716 2121 13 14 e
1734 2115 73 20 seculi
1814 2123 6 13 :
1829 2117 82 18 avemii
1916 2115 129 25 l’epidemie

1571 2151 13 14 e
1591 2144 124 21 l’infezioni
1730 2149 46 14 non
1790 2143 148 22 cumbattute,
1953 2147 69 17 centu
2031 2150 14 14 e

1571 2172 118 22 cent’altre
1697 2171 95 25 pienare
1801 2177 58 14 ancu
1868 2171 39 25 più
1922 2171 124 21 tradimen-

1571 2201 99 21 toseche
1678 2200 77 25 quelle
1767 2200 22 18 di
1801 2199 96 25 l'acque,
1907 2199 36 20 chi
1952 2200 21 19 si
1981 2206 64 18 para-

1571 2237 39 17 nu,
1625 2235 46 15 non
1686 2228 49 21 solu
1750 2228 119 20 centinare
1882 2227 23 20 di
1919 2227 74 25 Corsi,
2008 2235 35 14 ma

1571 2257 102 26 migliaie
1681 2263 13 14 e
1702 2256 109 25 migliaie.

1596 2287 18 20 E
1622 2285 154 22 cummisione
1785 2284 113 20 sbarcanu
1913 2291 13 13 e
1937 2284 108 21 sbarche-

1571 2321 58 15 ranu
1638 2314 56 21 dinô
1703 2320 42 18 per
1753 2312 103 21 esaminà
1864 2318 13 14 a
1887 2316 79 17 nostra
1974 2314 70 20 mala-

1570 2346 71 20 sorte,
1654 2348 38 15 ma
1700 2342 8 19 i
1721 2341 33 20 so’
1767 2341 93 25 penseri
1873 2341 23 19 di
1910 2340 132 22 fratellanza

1570 2378 13 14 e
1588 2371 24 20 di
1619 2371 96 20 riscâttu
1721 2375 84 14 seranu
1811 2374 91 19 sempre
1908 2375 65 14 cume
1980 2369 64 25 queî-

1570 2400 22 21 lu
1602 2399 22 21 di
1634 2406 15 12 u
1658 2399 63 20 biatu
1731 2397 121 21 Millerand
1861 2397 46 24 chi,
1922 2397 60 25 dopu
1999 2401 45 17 tra-

1570 2432 91 17 versai
1670 2433 12 14 a
1690 2426 87 20 furesta
1786 2425 107 21 d’Aitone
1905 2425 25 20 fù
1946 2425 97 25 quîstiu-

1570 2459 54 17 natu
1633 2461 68 19 sopra
1710 2460 13 14 a
1732 2454 33 20 so’
1779 2453 162 25 impressione,
1957 2460 14 14 e
1982 2454 60 20 ebbe

1569 2484 97 21 st’unica
1676 2483 101 23 risposta
1784 2486 6 15 :

1592 2522 27 5 —
1624 2511 55 22 Ah!
1686 2511 28 20 Je
1728 2517 15 13 n
1753 2509 116 21 oublierai
1879 2510 92 24 jamais
1984 2513 59 18 cette

1567 2541 61 25 forêt
1634 2538 137 22 defiadone!

1593 2568 112 21 Cum’ellu
1719 2567 52 20 avìa
1784 2569 85 18 tastatu
1888 2566 7 20 i
1909 2565 87 22 fiadoni
2017 2567 24 20 in

1570 2597 65 21 Evisa
1651 2602 13 14 e
1678 2596 19 20 si
1715 2594 75 21 n’avia
1811 2600 79 15 messu
1898 2594 83 21 anc'un
1991 2601 53 19 cop-

1569 2625 39 25 piu
1617 2625 23 20 in
1650 2624 86 20 istacca
1744 2621 37 26 (Ci
1795 2622 79 20 caschi
1883 2628 13 14 a
1904 2622 79 25 lingua
1993 2622 50 21 s’el-

1568 2654 23 19 lu
1609 2652 33 21 c’è
1663 2657 33 14 un
1714 2650 54 25 pelu
1790 2650 23 20 di
1828 2650 83 25 buggia
1920 2649 16 26 !)
1958 2651 59 20 tutt’i
2035 2651 7 20 i

1569 2680 89 25 bisogni
1667 2679 24 20 di
1699 2678 76 21 l’isula
1792 2678 72 21 sviata
1877 2678 20 21 si
1905 2678 138 21 cunfundia-

1570 2715 30 14 nu
1608 2708 24 20 in
1642 2707 48 21 ’ssu
1699 2710 61 17 rottu
1774 2706 23 20 di
1810 2706 157 21 zuccherame.

1568 2757 88 22 Bèuli
1663 2761 17 17 e
1687 2756 116 22 miàuli.

1593 2796 19 20 A
1624 2794 118 26 quistione
1757 2793 22 20 di
1795 2800 13 13 e
1824 2792 75 21 tariffe
1918 2793 125 21 marittime

1568 2823 112 22 cuntinua
1689 2822 28 20 ad
1732 2827 52 14 esse
1797 2821 140 20 ratacchiata
1950 2822 28 19 da
1993 2821 51 21 l’as-

1568 2849 127 24 suciazioni
1709 2855 73 18 corse,
1800 2849 99 24 amicali,
1914 2855 93 15 camere
2020 2850 23 20 di

1569 2879 126 22 cumerciu,
1704 2883 48 15 ecc.
1762 2883 57 17 ecc.,
1828 2877 25 20 in
1862 2878 23 19 le
1899 2878 38 24 più
1955 2878 88 20 variate

1568 2906 144 22 filastrocche
1721 2905 46 24 chi,
1781 2908 68 20 tutte,
1858 2904 112 22 finiscenu
1981 2906 62 25 dopu

1569 2935 60 21 c’unî
1638 2934 101 26 pochi.di
1748 2934 79 24 sporni
1836 2933 90 21 ch’omu
1940 2934 103 21 crederia

1568 2971 12 13 a
1591 2963 156 25 prim’accattu
1756 2961 151 24 liuneschî,in
1918 2962 80 21 ronchi
2007 2968 38 15 su-

1568 2991 84 22 merini
1662 2998 13 12 o
1685 2991 62 20 lecca
1756 2990 77 24 scarpi
1841 2990 128 25 jagherini.

1593 3020 33 20 Or
1634 3026 14 13 a
1657 3019 37 20 chi
1704 3019 41 24 prò
1755 3018 111 21 cuntinuà
1873 3024 14 14 a
1896 3018 127 21 cummedia
2032 3019 12 20 ?

1568 3049 18 19 A
1595 3047 37 21 chi
1642 3047 59 20 rima
1709 3046 24 20 di
1742 3046 54 20 vulè
1809 3047 43 19 avè
1865 3046 65 20 l’aria
1939 3046 24 20 di
1970 3046 72 24 minà,

1569 3075 140 25 quand’omu
1719 3074 70 20 unn’è
1797 3074 43 20 atti
1850 3073 43 21 che
1901 3074 29 20 ad
1939 3074 87 20 alliscià
2033 3074 12 21 ?

1594 3103 97 21 Cocus!.,
1701 3103 106 19 battus...
1821 3101 121 20 contents!

1592 3130 105 23 Oramai,
1706 3129 50 21 cusi
1765 3129 59 20 simu
1833 3129 152 25 scandagliati
2000 3130 27 19 da
2035 3130 7 19 i

1568 3159 98 25 pinzuti,
1676 3164 13 14 e
1703 3157 54 21 tutti
1773 3157 39 20 ’ssi
1826 3156 64 21 bèuli
1903 3163 13 14 e
1930 3157 90 23 miàuli,
2029 3164 14 14 o

1567 3185 157 25 cumpatriotti
1733 3185 23 19 di
1767 3190 56 20 poca
1831 3184 85 24 foa,un
1927 3191 62 18 ponu
1998 3191 46 15 ser-

1569 3220 27 15 ve
1605 3213 45 21 che
1656 3219 13 14 a
1679 3216 81 17 nostru
1770 3212 122 24 discàpitu.

1592 3241 18 21 E
1618 3244 89 22 quantu
1715 3240 100 21 sarebbe
1822 3240 41 26 più
1879 3240 73 26 capita
1961 3248 13 13 e
1982 3241 61 22 inte-

1568 3276 25 16 sa
1601 3269 62 20 forse
1671 3275 14 14 a
1695 3267 93 22 vecchia
1797 3268 158 25 espressione:
1967 3274 12 15 0
1993 3275 39 15 m..
2045 3285 3 3 .

1567 3304 13 14 o
1587 3298 108 20 bàrretta
1707 3295 94 22 rossa!-
1939 3306 6 3 -
1962 3306 5 4 -

1567 3345 170 22 Barintélla

1591 3383 19 19 U
1619 3382 93 20 duttore
1720 3381 103 24 Marcou,
1829 3382 25 20 in
1863 3389 32 13 un
1904 3386 95 17 recente
2006 3389 35 14 ar-

1567 3410 71 20 ticulu
1648 3409 112 21 medicale
1768 3416 100 18 apparsu
1879 3410 23 20 in
1912 3410 21 20 la
1941 3411 100 20 Nouvel-

1567 3437 22 21 le
1597 3437 69 21 Corse
1679 3437 46 20 tira
1734 3437 29 20 da
1771 3444 15 13 u
1796 3441 84 17 nostru
1893 3437 99 21 folklore
2005 3442 36 17 sta

1567 3471 72 18 prova
1653 3465 24 20 di
1687 3465 124 24 parintélla
1818 3468 36 17 tra
1862 3465 8 20 i
1880 3466 65 20 Corsi
1955 3472 13 13 e
1977 3466 7 19 i
1997 3466 44 20 Ru-

1567 3492 63 21 meni
1638 3499 7 13 :

1590 3536 8 10 «
1605 3529 43 19 Pax
1654 3535 75 14 romana
1736 3537 8 10 »
1756 3531 65 22 depuis
1829 3531 59 18 Rome
1896 3531 31 17 fut
1934 3531 17 17 le
1960 3531 46 18 rêve
2014 3532 23 18 de

1567 3556 43 17 tous
1617 3555 29 18 les
1654 3555 122 23 conquérants
1784 3556 67 22 depuis
1857 3555 133 24 Charlemagne
1998 3556 40 23 jus-

1567 3580 42 22 qu’à
1619 3580 99 22 Napoléon.
1727 3580 47 19 Mais
1782 3585 61 14 aucun
1851 3585 24 13 ne
1884 3582 32 17 sut
1923 3581 50 18 faire
1980 3582 60 17 durer

1567 3609 33 14 sur
1608 3609 39 14 une
1655 3605 82 18 étendue
1745 3606 22 17 et
1774 3610 27 13 un
1808 3606 43 21 laps
1859 3606 25 17 de
1891 3606 62 22 temps
1963 3606 17 18 si
1994 3606 46 23 long

1566 3630 29 18 les
1602 3630 92 18 bienfaits
1708 3631 25 17 de
1746 3631 19 17 la
1773 3630 51 22 paix.
1837 3630 18 17 Il
1866 3635 26 13 en
1900 3632 51 17 reste
1964 3631 75 23 jusqu’à

1566 3659 35 14 nos
1608 3655 54 22 jours
1670 3655 34 18 des
1710 3659 83 18 preuves
1801 3655 118 21 puissantes.
1933 3656 71 18 Toutes
2013 3661 25 14 ne

1566 3680 44 17 sont
1616 3683 35 18 pas
1659 3684 70 13 encore
1736 3684 92 14 connues.
1837 3680 72 23 Depuis
1917 3681 33 18 dix
1958 3686 36 14 ans
2002 3686 36 18 que

1565 3704 20 23 je
1592 3708 31 14 me
1631 3705 70 18 trouve
1708 3709 25 14 en
1741 3704 64 23 Corse,
1818 3705 34 23 j’ai
1859 3706 90 19 retrouvé
1965 3707 27 18 ici
2004 3708 34 17 des

2070 226 120 22 expressions
2198 227 109 21 populaires
2316 230 32 18 des
2356 236 81 17 paysans
2444 244 26 9 fn,

2071 252 25 17 du
2105 251 125 22 Bas-Danube,
2243 252 23 17 où
2275 252 34 23 j’ai
2317 256 54 20 passé
2380 263 43 15 mon
2432 247 95 36 enfi,malns

2093 277 28 17 Un
2129 276 63 18 dicton
2200 278 54 17 entre
2264 278 42 18 tous
2316 280 35 18 m’u
2360 281 64 22 franné
2437 273 72 30 n»rftCe'

2071 302 66 22 trange
2144 302 105 18 similitude
2255 307 5 13 :
2475 298 31 18 So“
2512 301 14 18 6-

2094 332 9 11 «
2110 326 31 19 S'a
2149 326 58 19 soldai
2211 332 28 17 pu
2247 332 45 14 curu
2301 327 19 19 in
2329 334 30 14 sus
2363 337 9 11 s
2380 333 65 21 disent
2452 340 17 14 io

2070 351 66 18 mains.
2459 346 19 14 es
2486 350 41 18 "°u-

2093 376 30 18 S’é
2134 376 85 23 sviglialu
2233 382 12 13 a
2255 377 42 19 culu
2306 378 20 18 in
2333 384 22 13 su
2362 387 8 10 »
2383 383 63 21 disent
2453 389 17 15 1«

2070 406 34 13 ses.
2460 395 19 15 es
2492 395 34 21 c<>r.

2092 426 71 22 (Eviter
2171 428 23 18 de
2203 432 109 17 prononcer
2319 429 11 18 à
2335 430 18 18 la
2361 431 93 26 française
2460 439 5 18 1
2472 442 6 17 i

2092 451 114 23 Remarquez
2217 453 43 17 tout
2268 454 23 17 de
2307 454 51 19 suite
2365 461 22 14 ce
2399 464 37 17 que
2444 466 45 18 cette

2071 477 85 21 pression
2163 482 99 14 commune
2271 480 109 21 représente
2388 484 23 18 de
2419 491 72 18 parenté

2072 502 28 18 tre
2113 502 49 18 deux
2170 503 77 18 nations
2255 503 89 23 séparées
2352 511 33 17 par
2399 510 42 20 pius
2449 514 22 19 ,je
2482 501 11 33 “j
2501 501 27 16 en'

2070 527 53 19 mille
2130 528 117 22 kilomètres,
2256 529 70 19 mêlées
2334 530 11 18 à
2354 532 33 19 des
2395 538 52 17 races
2454 540 16 18 si
2480 526 46 34 d-fU*

2070 553 65 18 rentés
2140 558 5 13 :
2153 553 27 18 les
2189 554 105 18 Roumains
2303 556 71 18 soumis
2383 558 11 17 à
2403 559 60 23 toutes
2471 567 5 17 1
2504 571 5 5 •

2071 577 75 18 vasions
2154 578 103 22 asiatiques
2266 579 26 17 du
2300 584 68 18 moyen
2375 581 35 24 âge
2418 586 20 17 et
2444 589 17 17 si

2069 606 39 13 aux
2116 602 71 22 Slaves,
2196 603 82 22 puisque
2286 603 23 19 30
2317 609 18 17 p.
2344 607 45 17 cent
2396 609 24 18 de
2427 596 92 38 leurs^16-
2518 603 8 14 8

2070 631 34 13 nés
2111 628 74 17 entrent
2192 628 48 18 dans
2247 629 19 17 la
2273 629 71 22 langue
2352 635 105 19 roumaine-
2467 641 15 16 tn
2495 623 16 34 a-
2515 623 11 18 1'

2070 656 37 17 que
2114 652 28 18 les
2151 652 66 19 Corses
2226 654 34 17 ont
2275 654 44 18 subi
2332 655 30 18 les
2376 650 103 33 Maures'et
2492 669 5 14 »
2507 651 20 14 'S'

2070 677 84 18 d’autres
2161 678 97 23 mélanges
2264 683 5 17 ;
2280 680 90 21 pourtant
2376 686 22 14 ce
2403 684 88 24 singuijer
2495 674 24 34 a*
2520 674 6 17 1

2071 702 31 18 ton
2110 702 42 19 leur
2158 704 52 17 reste
2217 708 25 14 en
2249 708 89 15 commun
2346 711 8 12 »
2495 699 33 16 aic*

2095 745 41 21 Chi
2146 753 13 13 u
2168 746 91 22 duttore
2269 748 92 22 Marcou
2370 751 58 22 facci
2437 758 70 22 attinz’

2070 780 29 14 ne
2105 781 7 17 ;
2121 775 71 23 pruvà
2206 774 79 27 ligami
2298 783 28 14 eu
2341 778 92 25 ghiente
2446 771 82 40 latinà°‘

2070 808 52 14 cosa
2130 803 128 24 periculosa
2274 811 41 19 par
2325 806 43 21 ’sse
2380 808 68 26 loghe
2461 801 66 36 dun/

2070 836 15 13 u
2102 833 71 18 mottu
2189 831 105 22 d’ordine
2312 834 113 24 dev’esse:
2447 840 55 25 Galli

2070 858 64 21 basta
2141 858 5 18 !
2467 855 6 7 ‘
2515 856 10 14 e

2169 969 57 38 Per
2240 970 198 42 l’Almanaccu
2449 1004 7 4 -

2158 1056 13 17 A
2180 1056 36 18 me’
2222 1057 71 23 eugina,
2307 1058 105 21 Vincensina
2421 1062 78 23 Ballesti.

2092 1091 45 19 Cara
2144 1093 73 23 eugina,
2228 1095 69 18 dentru
2306 1097 68 21 questu
2382 1103 66 19 paccu,

2092 1117 45 19 Incu
2145 1118 81 23 piacere,
2236 1124 64 18 speru,
2310 1122 85 19 truverai

2092 1143 23 17 Di
2122 1144 18 17 la
2147 1144 65 18 Muvra
2220 1150 15 13 u
2242 1146 78 19 valente
2327 1147 121 25 Almanaccu,

2093 1167 35 19 Chi
2135 1171 133 18 cummandatu
2277 1172 64 19 l’altru
2353 1173 57 23 jornu
2418 1176 63 19 m’hai.

2093 1232 22 18 Di
2123 1237 41 14 cose
2172 1233 50 19 belle
2230 1234 18 19 ci
2256 1235 31 18 n’è
2295 1236 58 22 pienu
2361 1242 27 13 un
2396 1242 56 15 saccu
2458 1245 6 16 ;

2093 1257 77 23 Leghjlu
2178 1260 46 20 pur’.
2230 1264 5 17 ;
2245 1261 83 18 cantà.lu
2336 1258 95 26 senterai,"
2495 1258 19 25 ÿ;

2093 1282 71 22 (Pienu
2173 1284 92 23 d’ardore,
2275 1290 55 14 senza
2339 1291 42 14 esse
2389 1288 76 25 fiaccu)

2092 1307 22 18 Di
2123 1307 76 20 Corsica
2206 1309 19 18 le
2233 1314 92 18 speranze
2331 1316 11 13 e
2351 1312 14 18 li
2374 1313 52 22 guai.

2094 1370 48 18 Veru
2151 1372 63 17 tesoru
2220 1372 21 18 di
2247 1372 116 23 litteratura,

2092 1395 56 21 Quest
2156 1397 121 22 ’almanaceu,
2283 1399 18 17 la
2310 1400 49 18 cos’è
2367 1400 71 24 sicura,

2092 1420 22 18 In
2122 1420 75 20 Francia
2204 1423 85 18 nunn’ha
2296 1424 23 18 lu
2328 1426 27 17 so’
2363 1427 128 23 sumiglienle.

2092 1483 40 18 Ellu
2141 1485 82 18 cuntene
2230 1485 78 19 l’anima
2316 1488 74 19 dolente

2091 1509 23 17 Di
2122 1509 56 22 quelli
2187 1510 32 18 chi
2227 1512 99 21 spendenu
2333 1514 20 18 la
2361 1515 28 18 so’
2396 1516 42 18 vita

2091 1534 37 19 Per
2133 1535 59 19 liberà
2199 1536 19 18 la
2227 1536 76 20 Corsica
2311 1540 75 18 tradita.

2179 1575 31 19 M.
2218 1576 133 21 Alessandri
2359 1580 24 18 di
2392 1580 119 22 Chidazzu.

2093 2008 23 4 —
2125 1998 57 19 Cumu
2190 2003 43 14 sera
2241 1999 30 18 chi
2279 2000 15 17 A
2303 1999 65 18 Muvra
2376 2004 27 13 un
2411 1999 41 18 loda
2459 2000 34 18 mai
2500 2000 26 18 de-

2071 2025 60 22 putati
2140 2024 23 18 nè
2171 2024 81 19 senatori
2258 2023 10 20 ?

2092 2059 25 4 —
2123 2049 15 18 E
2145 2050 65 18 Muvre
2218 2055 27 13 un
2253 2050 22 19 sô
2283 2055 53 18 câpre
2344 2050 5 19 !
2358 2050 153 19 Unn’ammettenu
2517 2056 9 12 a

2071 2075 104 23 pasturizia.

2071 2179 291 22 RAPPRISENTAZIONE
2383 2179 146 21 TEATRALE

2206 2218 35 23 In
2257 2216 142 26 Ucciani

2083 2261 8 21 i
2108 2260 25 22 18
2147 2266 13 16 e
2176 2267 25 22 19
2214 2261 91 26 Marzu,
2319 2268 12 14 a
2345 2261 14 22 8
2372 2267 43 16 ore
2431 2261 24 22 di
2469 2266 49 16 sera

2070 2306 29 16 eu
2111 2306 15 15 u
2138 2300 126 22 Cuncorsu
2276 2301 25 22 di
2316 2301 23 22 TJ
2351 2299 180 28 Sampetracciu

2200 2352 203 26 Programma

2081 2402 36 22 “I
2128 2402 114 23 Successi
2255 2403 28 22 di
2293 2403 89 22 Natale
2393 2401 129 24 Zuccone”

2101 2435 108 19 Cummedia
2219 2436 21 18 in
2247 2436 12 18 4
2267 2436 37 19 alti
2312 2437 19 17 di
2342 2436 16 19 U
2365 2436 137 23 Sampetracciu

2197 2470 115 22 Canzonfe
2330 2470 76 23 Corse

2068 2509 126 22 Puesied’i
2201 2509 207 28 megliuScrittori
2414 2508 117 24 Dialettali

2118 2553 12 16 2
2141 2555 40 14 ore
2193 2549 23 20 di
2230 2549 46 20 risa
2288 2556 13 14 a
2315 2549 133 26 sbillighéra
2455 2550 6 21 !
2468 2549 6 21 !
2479 2550 6 20 !

2096 2596 107 23 Ritinite
2216 2604 14 14 e
2243 2599 85 21 vostre
2338 2598 99 29 pio.gze,

2200 2630 43 22 chi
2256 2637 16 15 a
2286 2630 57 23 sala
2357 2630 12 23 è
2386 2629 122 30 chiugall

2107 2680 18 18 U
2135 2680 117 23 Pruduttu,
2264 2685 65 14 cume
2340 2685 96 19 sempre,
2446 2680 50 19 sarà

2153 2713 14 13 a
2177 2708 113 19 benefiziu
2302 2709 24 18 di
2336 2714 16 14 a
2362 2708 88 23 Chiesa,

2212 2743 39 18 Un
2263 2744 113 18 Maneate
2384 2743 6 19 !

2090 3120 25 4 —
2122 3111 33 19 Stu
2163 3112 54 23 eolpu
2225 3117 27 15 un
2260 3117 66 14 manca
2333 3111 82 24 giurnali
2422 3111 6 18 !
2514 3126 10 15 (.

2090 3145 24 5 —
2122 3137 33 18 Eu
2163 3137 64 23 casgiu
2236 3138 23 17 da
2267 3137 102 23 ingutuppà
2378 3137 12 18 è
2398 3135 41 20 cusi
2447 3136 71 17 scarsu.

2067 3238 184 23 L’Almanaccu
2262 3239 29 23 di

2183 3282 30 25 A
2226 3283 148 25 Barretta
2388 3279 110 31 Misé*a

2234 3327 53 26 Per
2308 3335 63 27 1930
2448 3340 21 13 t.-
2500 3352 3 2 .

2094 3387 28 21 32
2133 3383 86 27 pagine
2232 3383 23 21 di
2269 3383 95 27 puesie,
2379 3376 147 28 stalbatoghj»

2065 3416 71 25 mesi,
2150 3416 64 27 lune,
2231 3417 152 28 cronologia,
2399 3419 69 18 ecc...
2481 3412 45 18 ecc,

2066 3453 15 16 e
2092 3454 129 17 numerose
2234 3450 175 23 illustrazîone.

2170 3494 86 23 Prezzu
2267 3501 7 16 :
2285 3495 68 22 vinti
2363 3492 69 24 soldi

2127 3533 83 21 Ajacciu.
2220 3533 107 23 Stamperia
2334 3533 21 18 di
2362 3532 21 19 A
2391 3530 81 20 Muvra

2092 3636 79 23 Quelli
2182 3637 43 22 chi
2240 3637 120 22 ricevenu
2371 3635 26 22 A
2414 3632 48 22 MU
2464 3623 61 28 VBA

2062 3675 16 15 e
2093 3669 73 22 ch’un
2183 3670 24 22 si
2222 3670 95 22 volenu
2334 3669 81 21 micca
2432 3662 93 25 abhufla

2062 3702 128 23 unn’hanu
2198 3709 31 16 ca
2235 3709 15 16 a
2256 3702 119 23 ricusaîla
2381 3707 17 15 a
2402 3706 19 16 u
2425 3695 80 30 pedon
2506 3695 18 18 0.
