2620 3956
153 202 57 22 d’un
232 204 51 20 seul
304 202 105 23 homme,
431 200 19 20 il
469 198 41 28 n’y
530 199 41 19 eut
582 201 43 22 pas

151 234 81 20 même
252 238 78 15 aucun
351 228 86 24 blessé.
459 228 32 22 Le
516 225 109 23 Général

151 262 67 22 avoit
237 269 29 14 en
288 263 79 21 même
385 263 62 18 tems
469 256 97 24 marche
584 261 42 15 sur

152 292 105 26 Murato,
269 292 17 21 il
298 298 31 15 en
339 291 35 21 fut
382 288 97 23 bientôt
487 286 138 28 également

151 322 95 25 maître,
254 322 64 20 ainsi
327 326 45 22 que
384 319 28 21 de
420 320 53 19 tout
483 318 23 20 le
519 314 104 24 Nebbio,

151 352 23 21 6
181 353 47 20 alla
239 356 99 22 camper
345 350 12 21 à
366 349 33 21 St.
405 348 113 21 Nicolao.
529 345 20 21 Il
558 351 15 14 n
584 343 41 21 eût

151 382 60 20 dans
225 383 67 19 toute
305 381 63 20 cette
378 376 103 29 journée
494 374 75 28 qu’un
581 373 44 21 Of-

150 412 70 21 ficier
232 411 83 21 Suisse
325 408 48 26 tué,
387 413 29 15 un
429 404 162 28 d’Aquitaine
601 401 23 21 &

151 448 13 20 7
176 441 96 21 Soldats
284 437 101 23 blessés.

179 473 31 21 La
217 473 54 26 plus
279 471 91 27 grande
378 470 68 26 perte
454 466 72 29 qu'on
536 469 87 22 essuya

150 504 38 20 fut
200 503 32 21 du
241 500 54 23 côté
305 501 31 21 du
346 498 168 23 détachement
522 496 30 20 de
562 495 62 20 Dra-

150 539 65 21 gons
248 532 41 26 qui
322 530 67 21 avoit
410 527 39 22 été
475 523 96 29 envoyé
592 529 31 15 au

151 563 64 21 Pont
226 563 31 20 du
271 560 75 24 Golo,
362 559 33 21 M.
408 555 123 24 Fermond
543 554 43 27 qui
599 554 24 20 le

151 590 173 25 commandoit,
343 589 90 27 voyant
449 587 66 20 deux
529 584 14 21 à
559 583 63 21 trois

153 625 56 18 cent
227 621 91 21 Corses
336 619 59 21 dans
405 623 33 15 un
453 614 100 23 endroit
563 612 60 28 qu’il

150 658 32 16 ne
191 650 96 28 croyoit
296 655 43 21 pas
352 646 83 28 coupé,
444 646 87 21 voulut
539 648 84 22 passer

149 683 24 20 la
194 680 102 22 Rivière
312 678 13 21 à
339 678 22 20 la
380 682 69 21 nage,
472 674 22 21 &
514 672 109 22 donnant

150 716 62 16 avec
231 709 62 21 furie
306 713 43 15 sur
365 707 35 20 les
412 703 120 24 ennemis,
556 702 18 20 il
591 707 30 14 en

149 740 103 26 écharpa
264 736 100 23 d’abord
374 741 47 15 une
432 732 137 29 vingtaine,
579 730 42 27 qui

149 777 31 15 ne
193 769 88 27 purent
300 773 30 15 en
348 771 25 15 se
393 764 103 22 retirant
514 760 108 23 franchir

148 806 35 15 un
193 798 81 22 Ravin
284 803 6 19 ;
304 796 62 22 mais
377 801 29 15 en
422 793 121 27 avançant
554 791 18 21 il
583 795 39 16 re-

150 831 40 27 çut
202 835 32 14 un
246 833 61 21 coup
320 826 31 21 de
361 825 55 22 fusil
428 823 42 28 qui
483 823 23 21 le
520 825 102 18 renver-

150 866 26 15 sa
200 864 44 22 par
265 860 75 22 terre,
367 856 35 21 les
423 855 83 20 autres
530 851 91 22 Corses

150 889 95 22 étoient
256 884 144 29 embusqués
412 883 110 23 derrière
532 883 24 21 le
573 880 48 22 Ra^

147 921 54 24 vin,
214 919 24 21 &
248 917 115 23 faisoient
374 914 52 28 déjà
443 920 35 15 un
493 913 39 22 feu
550 910 72 23 terri-

150 951 50 20 ble.
230 948 78 22 Outre
346 947 37 20 cet
407 945 106 22 Officier
536 944 85 25 quatre

148 980 115 27 Dragons
277 978 82 21 furent
369 975 60 26 tués,
442 975 24 20 &
483 974 39 21 six
541 973 80 20 autres

148 1009 94 23 blessés
253 1015 6 19 ;
272 1009 70 20 toute
354 1008 22 20 la
388 1006 76 21 Pieve
475 1005 32 20 de
518 1003 104 22 Casinca

148 1041 56 21 vint
222 1040 24 21 le
256 1037 140 23 lendemain
414 1036 83 26 prêter
514 1034 108 21 serment

150 1071 31 21 de
191 1067 93 25 fidélité
292 1067 14 22 à
317 1067 33 22 M.
360 1067 23 21 le
395 1066 90 21 Comte
494 1065 30 20 de
533 1063 74 22 Vaux
614 1068 6 20 ;

148 1102 24 20 le
184 1100 79 21 même
278 1098 57 27 jour
348 1103 30 16 on
398 1095 100 23 marcha
509 1094 13 22 à
534 1094 86 24 Lento,

149 1131 23 21 &
183 1130 106 22 Rostino
300 1128 56 21 vint
366 1127 64 21 aussi
445 1126 63 21 faire
526 1126 23 20 la
566 1129 57 16 sou-

148 1161 115 21 mission.
283 1159 22 21 Il
317 1160 38 19 est
369 1158 110 21 constant
497 1161 47 21 que
556 1154 20 22 si
589 1159 32 16 on

148 1197 32 15 va
192 1190 111 27 toujours
315 1189 32 20 du
356 1188 77 21 même
441 1186 74 25 train,
526 1191 31 16 on
568 1190 54 15 sera

149 1221 14 22 à
175 1221 75 21 Corte
262 1225 58 16 sous
332 1218 86 27 quinze
425 1217 78 27 jours,
514 1215 109 28 quoique

150 1251 35 22 M.
198 1252 24 20 le
235 1250 87 21 Comte
332 1249 31 21 de
374 1248 70 21 Vaux
461 1253 33 15 ne
512 1246 48 22 soit
578 1251 44 22 pas

148 1282 101 22 homme
270 1279 14 22 à
304 1280 54 21 rien
377 1277 140 29 précipiter.
538 1276 41 21 On
598 1277 24 20 le

148 1321 72 15 verra
236 1314 112 27 toujours
365 1318 26 16 se
404 1311 111 22 soutenir
525 1311 99 27 partout

148 1348 33 22 où
193 1348 18 21 il
222 1353 130 15 avancera.
362 1346 65 21 Paoli
440 1351 27 15 se
475 1345 65 21 tient
551 1348 74 17 enco-

148 1387 27 16 re
188 1381 30 21 de
231 1380 57 25 loin,
299 1379 23 22 &
333 1379 79 22 recule
421 1378 14 22 à
443 1383 98 17 mesure
549 1377 75 28 qu'on

149 1420 32 15 va
192 1420 31 15 en
236 1415 75 20 avant
321 1419 5 19 ;
340 1412 60 22 mais
412 1410 135 29 quoiqu’on
556 1410 66 28 puis-

148 1454 29 15 se
189 1453 31 16 en
232 1447 60 25 dire,
308 1446 18 22 il
337 1446 78 27 paroit
435 1446 113 20 constant
564 1443 61 28 qu’il

151 1487 33 16 ne
195 1481 55 21 doit
260 1486 44 21 pas
319 1480 51 20 être
380 1485 47 21 peu
437 1476 139 24 embarassé
585 1484 5 19 ;
605 1477 21 21 il

150 1516 38 20 est
200 1514 64 22 enfin
278 1518 111 17 convenu
403 1513 30 20 de
444 1511 126 28 l’échange
582 1511 43 21 des

147 1548 156 28 prisonniers
323 1552 57 16 aura
396 1546 50 21 lieu
467 1552 31 15 au
518 1545 108 27 premier

146 1582 66 27 jour.
229 1581 123 21 Peut-être
374 1585 45 22 que
439 1580 37 20 les
496 1579 130 21 nouvelles

148 1614 146 22 ultérieures
322 1613 71 28 qu'on
404 1618 102 16 recevra
518 1612 109 22 contien-

150 1649 75 21 dront
236 1654 32 15 un
280 1648 55 27 plus
355 1647 77 27 ample
449 1645 76 22 détail
540 1646 30 21 de
586 1650 40 16 ces

149 1681 133 29 premières
304 1679 147 28 opérations,
471 1679 42 27 qui
524 1684 32 15 ne
566 1683 61 23 pou-

147 1715 90 22 voient
247 1716 52 20 être
311 1714 54 27 plus
376 1713 142 22 heureuses.

708 190 82 18 Numéro
799 191 26 16 du
834 187 95 19 Vendredi
938 186 22 18 19
968 185 36 18 Mai
1015 183 52 18 17G9.

846 221 26 16 De
880 220 76 17 Monaco
964 218 18 17 le
991 216 22 18 18
1021 214 45 19 Mui.

679 261 57 20 Aux
755 259 125 22 nouvelles
902 261 93 16 venues
1007 255 23 19 le
1049 258 24 15 n
1093 252 28 20 de

653 290 86 25 Corse,
752 296 31 14 en
799 290 43 20 ont
853 284 103 24 succédé
968 283 106 22 d’autres
1082 281 40 21 da-

651 319 52 22 tées
721 319 32 21 du
766 319 78 26 Camp
863 317 30 21 de
905 315 35 22 St.
955 312 104 22 Nicolao
1071 311 22 20 le
1108 310 13 21 6

650 355 30 15 au
700 349 60 21 soir.
776 348 63 21 Elles
854 345 99 28 portent
973 347 45 22 que
1030 342 24 20 le
1074 346 45 15 ier.

651 378 34 22 M.
699 378 30 21 de
742 376 124 23 Marboeuf
874 373 98 24 marcha
984 377 60 15 avec
1057 376 11 22 5
1078 370 43 21 Ba-

649 408 99 22 taillons
767 413 31 15 en
819 407 74 20 avant
904 404 31 21 de
952 403 22 20 la
986 400 92 22 rivière
1091 399 29 21 de

650 437 122 25 Revinco,
792 436 42 27 qui
854 436 37 20 est
902 433 13 21 à
929 430 144 24 mi-chemin
1092 429 29 20 de

650 466 112 28 Biguglia
774 465 13 22 à
800 465 93 24 Ortale,
906 463 23 21 &
941 460 57 29 qu’il
1009 466 17 22 y
1037 464 84 21 campa

649 497 24 21 le
684 496 59 21 soir.
757 495 32 22 Le
808 495 78 21 même
902 492 58 27 jour
970 491 23 21 le
1005 491 66 20 reste
1091 488 29 21 de

648 525 108 23 l’Armée
767 522 129 29 composée
905 522 30 21 de
943 526 28 20 24
979 519 140 23 Bataillons,

649 556 111 27 s’avança
780 554 67 21 aussi
859 553 21 21 &
892 552 37 21 fut
947 551 78 27 jointe
1040 553 45 23 par
1098 548 23 21 la

649 585 92 28 Légion
753 585 31 21 de
797 583 114 22 Lorraine
924 581 32 21 Le
967 587 13 21 3
992 579 23 22 &
1025 580 24 20 le
1061 584 14 20 4
1090 583 31 16 on

649 621 32 16 ne
691 615 28 21 fit
730 620 78 16 aucun
818 613 158 22 mouvement
985 617 6 19 ;
1003 608 118 23 l’Artille-

648 646 36 20 rie
696 645 73 26 qu’on
781 643 119 21 attendoit
911 642 30 20 de
954 641 90 20 France
1063 643 58 16 con-

649 674 81 21 sistoit
741 679 31 15 en
784 679 13 19 4
810 672 83 27 pièces
905 672 30 20 de
953 675 77 16 canon
1043 668 31 21 de
1088 666 14 22 8
1112 672 6 20 ;

650 705 18 20 il
682 710 30 15 en
733 704 82 21 arriva
835 702 65 21 deux
922 707 30 14 au
976 705 77 21 camp,
1078 697 41 27 qui

645 734 94 26 jointes
753 732 13 22 à
778 732 40 22 six
829 732 30 21 de
870 737 14 20 4
902 736 61 16 avec
974 735 14 16 2
1004 728 116 22 mortiers

647 763 24 22 &
689 764 65 21 deux
779 762 139 22 aubussiers
942 759 134 23 formèrent
1097 758 23 21 le

648 794 60 21 Parc
718 793 161 22 d’Artillerie.
892 792 32 21 Le
937 797 11 22 5
961 797 29 15 au
1007 790 78 21 matin
1097 789 23 21 la

648 824 80 21 Diane
748 824 78 21 servit
846 823 30 21 de
889 820 130 27 Générale,
1032 820 23 21 &
1072 825 48 16 une

647 854 75 22 heure
734 853 71 28 après
817 855 68 20 toute
897 851 108 23 l'Armée
1022 849 98 24 marcha

647 890 43 15 sur
709 884 65 21 deux
797 884 126 25 colonnes,
944 881 119 29 précédée
1076 887 44 21 par

650 921 56 15 1000
718 914 168 25 Volontaires,
903 915 25 20 et
944 912 61 23 1800
1024 911 96 23 Grena-

648 945 65 21 diers
725 950 32 16 ou
771 944 142 25 Chasseurs,
924 949 62 22 pour
997 949 26 16 se
1036 944 84 26 porter

648 981 43 16 sur
696 976 37 21 les
741 975 114 21 hauteurs
867 974 115 25 d’Oletta,
993 973 32 23 où
1034 973 85 28 depuis

648 1006 23 21 la
681 1006 76 21 veille
769 1005 81 22 s’étoit
862 1005 53 28 déjà
927 1004 70 29 porté
1008 1005 23 21 le
1046 1004 73 28 Régi-

647 1039 69 19 ment
726 1037 30 20 de
770 1036 153 28 Languedoc,
947 1036 44 22 afin
1010 1036 30 21 de
1060 1041 60 23 pou-

648 1067 57 21 voir
718 1067 137 21 descendre
866 1073 42 15 sur
927 1067 114 26 Olmetta,
1061 1067 59 21 dont

649 1097 34 21 M.
707 1097 154 22 d’Arcambal
883 1098 42 27 qui
949 1097 60 23 étoit
1034 1104 42 16 sur
1097 1098 23 21 la

649 1128 80 21 droite
746 1134 61 15 avec
820 1135 11 22 5
853 1128 135 23 Bataillons
1005 1128 36 22 ne'
1052 1129 68 21 tarda

648 1164 44 21 pas
704 1159 30 20 de
746 1165 26 15 se
784 1159 91 21 rendre
893 1160 86 21 maître
990 1160 63 21 ainsi
1074 1165 46 22 que

649 1189 30 21 de
691 1189 102 28 Rapalo,
816 1189 168 28 Valle-Caldo,
1004 1190 73 23 Sorio
1097 1192 24 20 et

649 1219 46 22 San
708 1219 91 28 Pietro,
816 1226 46 22 que
873 1221 110 22 l’Armée
994 1222 71 21 avoit
1079 1220 42 22 dé-

649 1250 85 27 passés
744 1257 6 20 ;
775 1254 25 19 et
820 1251 13 22 à
852 1252 23 21 la
898 1253 80 21 même
995 1253 87 24 heure,
1098 1252 22 21 le

650 1281 88 22 Comte
749 1282 32 21 de
796 1281 69 23 Vaux
876 1289 62 15 avec
949 1283 34 21 M.
998 1283 31 22 de
1045 1283 76 21 Bour-

650 1315 49 24 get,
715 1313 41 27 qui
778 1314 197 22 commandoient
992 1313 129 23 l'Arrière-

651 1343 91 26 Garde,
755 1350 27 15 se
802 1345 127 26 portèrent
946 1351 31 15 au
994 1343 127 23 débouché

651 1374 30 21 de
703 1374 85 26 Lento,
810 1376 108 26 pendant
938 1381 47 22 que
1006 1374 63 22 MM.
1090 1374 30 21 de

651 1405 109 23 Bouliers
773 1408 24 20 et
815 1407 187 22 d’Escouloubre
1020 1405 101 26 s’empa-

651 1436 82 22 rèrent
745 1437 30 21 de
790 1437 106 22 Murato.

833 1485 26 27 (à
874 1485 99 27 suivre)

686 1587 14 25 I
727 1585 90 26 nostri
842 1584 61 27 veri
922 1584 85 25 amici
1030 1592 42 18 un
1090 1586 30 23 sô

653 1626 90 25 micca
762 1623 92 36 quelli
882 1622 47 27 chi
947 1623 27 25 ci
996 1626 126 23 contanu

653 1663 179 27 chiacchiare
855 1670 47 18 ma
926 1662 92 34 quelli
1033 1662 48 25 chi
1097 1662 25 25 ci

652 1702 147 28 mandanu
811 1709 20 18 u
840 1708 31 18 so
895 1700 225 27 abbunamentu.

1149 181 113 38 Société
1273 181 53 36 des
1338 180 123 35 Courses
1477 174 147 47 d’Ajaccio

1148 270 148 22 Programme
1308 267 31 20 du
1348 265 99 23 Meeting
1455 263 30 20 du
1494 262 128 23 Printemps

1298 296 22 26 (7
1329 299 22 17 et
1364 300 25 19 14
1400 293 71 25 Avril)

1169 348 52 18 Voici
1239 348 18 17 le
1271 351 118 19 programme
1402 346 25 16 du
1436 344 83 22 meeting
1528 344 25 17 du
1567 342 54 23 prin-

1148 374 60 20 temps
1217 377 5 12 :
1236 373 89 22 organisé
1337 376 34 18 par
1379 371 18 17 la
1411 369 71 18 Société
1496 369 34 17 des
1541 367 80 18 Courses

1147 396 93 22 d’Ajaccio
1249 401 5 13 :

1170 420 106 20 Conditions
1286 420 98 24 générales.
1393 429 23 12 -,—
1429 419 36 18 Les
1486 417 134 23 engagements

1146 446 82 17 devront
1236 444 42 20 être
1286 445 95 19 adressés,
1396 448 47 18 pour
1457 443 18 17 la
1489 441 80 19 réunion
1575 441 26 16 du
1609 440 10 17 7

1146 469 56 22 avril,
1209 471 58 17 avant
1274 471 19 18 le
1301 469 72 19 samedi
1381 469 23 17 30
1409 472 56 16 mars,
1471 467 12 17 à
1488 465 52 21 midi,
1546 466 20 17 et
1573 469 47 18 pour

1146 495 48 17 celle
1202 494 26 17 du
1236 494 23 18 14
1267 495 57 21 avril,
1339 494 59 18 avant
1408 493 19 17 le
1444 491 72 19 samedi
1524 490 11 18 G
1543 490 56 21 avril,
1608 489 12 17 à

1146 519 54 21 midi,
1215 524 25 12 au
1254 520 100 22 président
1362 519 24 17 de
1401 518 18 17 la
1438 516 81 22 Société,
1535 515 30 22 17,
1585 519 34 14 rue

1146 543 132 19 Notre-Dame.

1168 568 26 18 En
1203 568 64 18 raison
1275 570 24 18 de
1306 567 155 23 l’augmentation
1469 567 34 18 des
1510 565 109 19 allocations

1145 593 105 18 attribuées
1256 599 38 13 aux
1298 593 94 23 gagnants
1398 593 32 18 des
1435 593 86 18 diverses
1526 592 93 22 épreuves

1146 618 24 17 de
1176 618 46 22 plat,
1229 618 88 18 l'échelle
1325 619 35 17 des
1368 618 54 22 poids
1430 619 30 17 est
1473 617 89 19 modifiée
1569 617 24 17 de
1600 616 19 18 la

1145 645 54 21 façon
1208 645 90 18 suivante
1304 650 5 13 :

1167 670 48 18 Tout
1223 671 85 22 gagnant
1316 671 48 18 d’un
1373 671 81 22 premier
1462 670 43 23 prix
1514 670 105 23 quelqu’en

1145 694 39 18 soit
1198 696 19 16 le
1232 696 92 22 montant,
1341 696 20 18 et
1373 696 74 23 jusqu’à
1463 699 125 15 concurrence
1595 695 24 17 de

1145 719 53 18 5.000
1211 720 72 22 francs,
1300 722 75 21 portera
1391 722 12 18 3
1409 722 50 18 kilos
1473 722 24 17 de
1510 720 107 22 surcharge.

1144 744 111 20 Au-dessus
1261 747 24 18 de
1289 746 55 19 5.000
1352 747 42 22 frs.,
1404 747 102 22 surcharge
1512 745 107 19 accumulée

1145 769 25 18 de
1177 769 10 18 1
1193 770 28 22 k.,
1227 775 34 18 par
1266 776 73 14 somme
1343 777 26 14 ou
1373 772 81 19 fraction
1459 773 24 17 de
1489 776 72 14 somme
1565 770 54 19 2.000

1145 794 35 18 frs.
1189 796 79 22 gagnée.

1167 820 120 20 N’entreront
1294 827 25 14 en
1327 824 74 22 compte
1408 828 37 18 que
1453 824 28 18 les
1495 827 81 14 sommes
1584 827 35 18 ga-

1145 845 59 22 gnées
1211 851 34 13 sur
1252 847 137 23 l’hippodrome
1397 850 24 17 de
1428 849 96 22 Vignetta.
1538 848 28 18 En
1573 848 43 22 plus

1146 871 33 18 des
1184 872 82 22 entrées,
1272 873 14 18 il
1295 878 44 14 sera
1347 879 56 18 perçu
1416 879 28 13 un
1457 874 50 18 droit
1515 874 39 18 fixe
1567 873 50 18 d’en-

1145 896 115 20 trainement
1265 899 24 17 de
1297 898 23 18 40
1328 899 35 22 frs,
1369 905 34 17 par
1416 900 78 22 journée
1510 899 24 18 de
1541 903 74 14 course.

1145 920 26 19 Le
1178 922 78 21 présent
1261 928 118 19 programme
1384 926 30 17 est
1418 925 65 22 publié
1487 929 44 14 sous
1539 924 77 18 réserve

1145 946 24 18 de
1174 947 137 23 l’approbation
1317 950 138 19 ministérielle.

1247 1011 118 24 Réunion
1376 1013 35 23 du
1422 1013 16 22 7
1449 1013 67 23 avril

1169 1054 47 19 Prix
1224 1055 73 25 Cyrnos.
1306 1067 24 4 —
1338 1057 53 19 1.000
1400 1058 70 22 francs,
1482 1058 67 18 offerts
1557 1061 33 19 par
1597 1057 18 17 la

1146 1079 73 20 Société
1232 1082 34 18 des
1274 1082 82 19 Courses
1369 1083 98 23 d’Ajaccio,
1477 1082 35 18 750
1520 1083 63 17 francs
1591 1087 23 12 au

1145 1105 83 22 premier
1234 1108 21 17 et
1261 1107 36 18 250
1305 1108 63 18 francs
1376 1113 24 13 au
1408 1108 105 18 deuxième.

1168 1130 70 20 Course
1247 1137 24 13 au
1281 1134 39 17 trot
1336 1134 58 17 attelé
1407 1138 49 18 pour
1466 1137 71 18 poneys
1553 1136 62 14 corses

1146 1155 47 19 dont
1195 1157 20 17 la
1222 1157 54 18 taille
1281 1163 25 13 ne
1310 1159 80 22 dépasse
1394 1163 33 18 pas
1434 1159 10 17 1
1453 1163 26 13 m.
1487 1158 23 18 40
1516 1163 24 13 au
1545 1158 70 22 garrot.

1145 1180 36 19 Les
1188 1186 71 19 poneys
1268 1184 24 17 de
1300 1183 66 19 lm.20
1373 1185 20 18 et
1400 1189 24 13 au
1432 1185 80 17 dessous
1524 1183 93 23 partiront

1146 1206 11 17 à
1165 1206 12 17 0
1182 1211 6 17 ;
1195 1207 24 18 de
1226 1208 38 17 lm.
1275 1208 23 18 20
1306 1209 12 18 à
1332 1209 37 18 lm.
1375 1209 30 22 25,
1414 1209 25 18 ils
1447 1209 110 18 reculeront
1563 1209 24 17 de
1594 1207 22 18 40

1146 1231 70 19 mètres
1222 1238 5 16 ;
1237 1238 26 13 au
1278 1234 69 18 dessus
1355 1235 23 17 de
1393 1235 37 17 lm.
1436 1234 23 18 25
1470 1234 69 22 jusquà
1550 1234 38 18 lm.
1595 1232 22 18 30

1146 1256 69 23 inclus,
1229 1258 26 18 ils
1263 1259 110 19 reculeront
1377 1261 24 17 de
1415 1259 23 18 80
1442 1259 78 19 mètres.
1528 1259 48 18 Tout
1581 1263 36 18 ga-

1146 1283 60 20 gnant
1209 1283 46 18 d’un
1258 1285 84 21 premier
1347 1285 42 22 prix
1395 1285 112 18 reculerade
1512 1284 23 18 50
1539 1284 77 18 mètres.

1146 1306 88 20 Distance
1241 1313 5 13 :
1255 1308 54 18 3.000
1314 1310 78 18 mètres.
1405 1310 68 18 Entrée
1480 1315 5 12 :
1493 1309 25 18 25
1525 1309 70 18 francs.

1169 1331 49 19 Prix
1232 1333 26 17 du
1278 1333 64 19 Casino
1367 1334 100 24 Municipal
1492 1334 97 23 d'Ajaccio.
1595 1343 23 4 —

1146 1355 19 18 5.
1171 1355 35 18 000
1210 1357 71 23 francs,
1291 1359 69 18 offerts
1365 1364 34 17 par
1409 1360 18 17 la
1435 1359 74 18 Société
1517 1359 25 17 du
1551 1358 67 19 Casino

1146 1380 109 24 Municipal.
1263 1382 54 20 3.500
1325 1384 64 18 francs
1401 1385 19 17 et
1426 1384 30 18 les
1464 1383 74 19 entrées
1551 1388 23 13 au
1583 1388 36 18 ga-

1147 1407 66 22 gnant;
1227 1412 24 13 en
1259 1410 62 21 outre,
1330 1408 54 19 1.000
1392 1409 63 18 francs
1463 1414 25 13 au
1495 1409 75 21 second,
1584 1408 34 18 500

1146 1430 65 20 francs
1218 1437 25 14 au
1251 1434 104 19 troisième.
1363 1435 51 17 Pour
1422 1434 100 23 pouliches
1525 1435 24 17 de
1557 1433 11 19 3
1576 1439 41 16 ans,

1146 1456 46 19 nées
1200 1459 20 17 et
1224 1458 76 20 élevées
1308 1465 25 13 en
1340 1460 64 22 Corse,
1410 1461 20 17 et
1437 1460 63 18 issues
1505 1460 25 18 de
1534 1459 84 22 juments

1146 1481 45 19 nées
1197 1484 20 17 et
1223 1484 75 19 élevées
1304 1490 25 13 en
1335 1485 84 22 Corse,et
1423 1485 92 18 d’étalons
1520 1485 100 22 possédant

1146 1511 26 14 au
1179 1509 62 18 moins
1246 1509 23 19 25
1274 1512 24 20 %
1302 1511 25 18 de
1334 1515 48 18 sang
1388 1511 62 17 arabe.
1459 1510 57 18 Poids
1524 1514 95 18 commun,

1147 1531 23 19 62
1178 1533 20 18 k.
1204 1534 97 24 Distance,
1308 1535 59 19 1.100
1373 1535 69 19 mètres
1448 1536 87 18 environ.
1544 1535 74 22 Entrée,

1146 1556 24 18 40
1177 1558 72 20 francs.

1169 1583 49 19 Prix
1233 1585 27 18 du
1275 1585 71 19 Conseil
1358 1585 78 24 général.
1443 1595 22 4 —
1473 1586 18 17 5.
1500 1585 35 18 000
1547 1585 70 22 francs,

1147 1607 68 20 offerts
1223 1615 35 17 par
1269 1612 20 17 le
1303 1611 77 18 Conseil
1391 1611 76 22 général
1481 1611 23 18 de
1519 1611 18 18 la
1553 1610 66 24 Corse;

1147 1632 54 20 3.500
1207 1637 19 16 et
1233 1636 30 18 les
1268 1636 76 18 entrées
1349 1641 25 13 an
1379 1637 88 22 gagnant;
1473 1641 24 13 en
1502 1637 62 20 outre,
1565 1635 55 19 1.000

1147 1665 26 13 au
1181 1663 75 19 second,
1262 1661 35 18 500
1305 1662 64 18 francs
1377 1665 25 14 au
1410 1661 155 18 troisième.Pour
1572 1666 50 18 pou-

1147 1686 50 18 lains
1205 1687 23 17 de
1236 1686 12 18 3
1255 1691 42 13 ans.
1304 1687 34 18 nés
1345 1688 20 17 et
1368 1687 63 18 élevés
1440 1691 23 14 en
1469 1686 64 22 Corse,
1546 1687 20 18 et
1570 1687 52 18 issus

1148 1713 25 17 de
1179 1712 86 22 juments
1272 1712 48 19 nées
1328 1713 20 17 et
1356 1712 74 19 élevées
1438 1717 25 14 en
1469 1712 64 22 Corse,
1542 1713 19 17 et
1565 1712 58 18 d’éta-

1650 169 41 18 lons
1700 169 100 22 possédant
1807 173 25 13 ou
1840 167 61 19 moins
1911 166 52 22 25%
1971 166 23 17 de
2005 169 46 17 sung
2056 163 62 19 arabe.

1650 193 56 18 Poids
1714 198 96 15 commun,
1819 192 23 18 G2
1850 192 19 18 k.
1879 192 34 17 Les
1930 191 82 22 hongres
2020 188 99 19 recevront

1650 217 31 18 lk.
1691 217 37 22 1/2.
1740 218 95 20 Distance,
1843 216 52 18 1.100
1903 216 70 18 mètres
1988 214 86 19 environ.
2083 213 35 17 En-

1649 242 47 22 trée,
1706 242 23 18 40
1734 242 71 18 francs.

1670 266 48 18 Prix
1731 266 26 18 du
1773 266 93 18 Ministère
1880 264 134 24 d’agriculture.
2025 273 23 4 —
2065 263 53 18 8.000

1648 291 69 21 francs,
1736 291 68 18 offerls
1821 295 33 17 par
1867 290 18 18 le
1896 289 149 19 Gouvernement
2061 288 23 17 de
2099 288 18 17 la

1647 315 124 22 République,
1781 316 20 16 et
1808 315 18 18 lo
1840 314 80 22 reliquat
1933 314 57 22 parla
2004 313 72 19 Société
2084 313 33 17 des

1647 339 91 22 Courses;
1754 339 53 18 G.000
1815 340 62 17 francs
1886 339 20 18 et
1913 339 29 18 les
1957 339 76 17 entrées
2046 343 24 13 au
2082 343 35 17 ga-

1646 365 66 21 gnant.
1722 369 24 13 en
1755 365 55 17 outre
1818 364 53 17 1.000
1887 364 64 18 francs
1965 369 24 13 au
1998 363 75 20 second,
2082 362 35 18 500

1646 389 64 17 francs
1723 394 25 12 au
1764 388 154 19 troisième.Pour
1933 391 43 16 tous
1993 389 84 18 chevaux
2092 388 24 18 de

1646 413 18 21 4,
1674 414 19 17 et
1701 413 11 17 G
1720 418 42 16 ans,
1772 414 34 17 nés
1819 415 20 17 et
1853 414 63 18 élevés
1925 420 24 13 en
1961 415 63 20 Corse,
2032 414 19 17 et
2064 413 51 17 issus

1646 438 24 17 de
1677 437 84 22 juments
1772 438 45 18 nées
1826 439 20 18 et
1860 439 63 18 élevés
1938 445 24 13 en
1971 439 62 18 Corse.
2049 438 65 18 Poids:

1645 461 12 18 4
1665 467 40 17 ans,
1712 462 22 18 G2
1743 463 19 18 k.
1770 468 5 17 ;
1785 463 11 18 5
1802 468 41 18 ans,
1849 463 42 19 G4k.
1897 469 5 17 ;
1908 464 11 18 G
1924 469 42 18 ans,
1973 464 22 18 GG
2000 464 64 18 k..Les
2070 463 46 18 hon-

1650 491 44 18 gres
1702 488 19 18 et
1734 488 29 18 les
1770 488 86 22 juments
1870 491 100 17 recevront
1975 489 37 18 lk.
2024 489 20 18 et
2058 488 56 18 demi.

1645 512 97 20 Distance:
1757 513 53 19 1.800
1820 515 69 19 mètres
1906 515 87 18 environ.
2007 514 74 22 Entrée,
2093 513 23 18 50

1645 537 70 20 francs.

1668 563 48 19 Prix
1720 564 22 19 de
1750 564 18 19 la
1773 564 69 20 Société
1847 566 177 23 d'Encouragement.
2030 574 23 5 —
2059 563 57 20 5.000

1645 588 71 20 francs.
1733 590 55 18 4.200
1799 591 63 19 francs
1880 592 69 18 offerts
1960 596 34 18 par
2007 592 19 17 la
2042 590 74 19 Société

1645 614 181 25 d’Encouragement
1837 618 20 17 et
1861 617 34 18 800
1900 617 64 18 francs
1972 622 34 18 par
2016 617 19 18 la
2042 615 74 19 Société

1645 642 33 18 des
1686 642 86 20 Courses.
1778 644 53 18 3.500
1839 645 63 18 francs
1910 646 20 17 et
1937 645 29 18 les
1973 644 75 18 entrées
2054 649 23 13 au
2084 648 32 18 ga-

1645 669 65 20 gnant,
1719 668 35 18 750
1768 669 63 19 francs
1845 675 24 13 au
1882 671 76 20 second,
1972 669 34 18 100
2014 670 63 17 francs
2091 674 24 12 au

1645 693 96 19 troisième
1750 695 19 17 et
1774 694 34 19 320
1813 695 25 18 fr.
1852 696 11 17 à
1878 696 92 18 l’éleveur
1983 695 25 17 du
2025 694 89 23 gagnant.

1644 718 51 18 Pour
1702 719 87 19 chevaux
1798 720 78 22 entiers,
1885 721 82 22 hongres
1976 721 20 17 et
2002 719 84 23 juments
2091 719 24 17 de

1644 743 12 18 4
1664 748 34 14 ans
1710 745 19 17 et
1734 749 25 14 au
1767 745 75 19 dessus.
1851 746 67 18 Poids:
1927 746 12 18 4
1947 751 42 17 ans,
1994 745 22 18 55
2022 745 27 21 k.;
2061 744 12 17 5
2081 748 34 14 ans

1644 769 21 18 et
1672 774 24 14 au
1704 770 75 23 dessus,
1788 771 23 18 58
1819 772 13 17 k
1840 776 5 17 ;
1862 772 113 22 surcharges
1989 769 124 21 accumulées,

1644 794 12 18 2
1664 794 20 18 k.
1695 800 49 18 pour
1749 796 73 23 chaque
1835 801 71 14 somme
1917 797 23 18 de
1957 795 35 19 500
2007 796 64 18 francs
2083 799 31 18 ga-

1644 820 54 22 gnée.
1704 820 94 23 Distance,
1804 821 54 19 2.000
1863 822 70 18 mètres
1945 821 86 19 environ.
2037 820 75 22 Entrée,

1644 844 23 18 50
1674 845 70 19 francs.

1745 895 139 22 Dimanche
1893 895 33 22 14
1941 894 66 23 avril

1664 932 49 19 Prix
1720 933 22 18 de
1750 933 18 18 la
1780 933 86 19 Chambre
1879 933 139 24 d’Agriculture.
2027 942 22 4 —
2058 932 54 19 3.000

1641 957 64 19 francs
1711 963 6 17 ;
1725 958 47 19 2000
1781 959 25 19 fr.
1813 959 67 18 offerts
1891 964 34 18 par
1936 959 19 18 la
1969 958 92 19 Chambre
2069 957 43 18 d’À-

1641 983 106 21 griculture
1758 985 24 17 de
1791 985 19 17 la
1819 984 56 19 Corse
1887 985 20 17 et
1924 985 20 17 le
1960 984 81 22 reliquat
2048 988 35 17 par
2092 983 19 17 la

1642 1007 72 19 Société
1721 1009 35 18 des
1764 1014 82 14 courses.
1855 1009 54 18 1.800
1916 1010 63 17 francs
1987 1014 24 12 au
2023 1008 86 23 premier,

1641 1032 35 18 800
1681 1033 25 18 fr.
1712 1039 24 12 au
1741 1034 98 18 deuxième
1845 1035 20 17 et
1869 1034 34 18 400
1908 1035 62 17 francs
1978 1039 24 13 au
2007 1033 103 19 troisième.

1664 1058 71 19 Course
1743 1064 24 13 au
1776 1060 39 17 trot
1828 1060 63 17 monté
1905 1060 20 17 et
1936 1059 59 18 attelé
2008 1063 48 18 pour
2066 1059 44 17 tous

1642 1082 85 19 chevaux
1735 1085 24 17 de
1766 1084 11 17 4
1783 1089 35 13 ans
1826 1085 20 17 et
1850 1085 106 20 au-dessus,
1969 1084 34 18 nés
2014 1084 20 17 et
2047 1083 63 18 élevés

1642 1112 24 13 en
1672 1108 121 19 Corse.Poids
1797 1114 5 13 :
1812 1109 11 18 4
1827 1114 40 17 ans,
1874 1109 22 18 62
1901 1110 27 21 k,;
1934 1109 12 17 5
1950 1114 41 17 ans,
1996 1109 22 17 65
2024 1109 27 21 k.;
2058 1108 11 18 6
2074 1113 35 13 ans

1642 1133 21 18 et
1672 1138 24 13 au
1707 1135 75 21 dessus,
1791 1134 22 18 67
1822 1135 19 17 k.
1849 1135 57 17 Poids
1914 1135 48 18 libre
1976 1139 47 18 pour
2030 1134 29 18 les
2067 1133 43 19 che-

1641 1162 51 14 vaux
1700 1159 75 18 attelés.
1789 1160 48 18 Tout
1846 1160 83 22 gagnant
1944 1160 85 18 reculera
2038 1160 25 17 de
2070 1159 41 18 cin-

1642 1185 71 20 quante
1716 1184 70 18 mètres
1791 1189 34 19 par
1830 1189 71 14 somme
1908 1185 24 18 de
1937 1185 43 22 cinq
1989 1186 52 17 cents
2046 1184 64 18 francs

1642 1209 79 23 gagnée.
1732 1210 36 18 Les
1782 1210 86 18 chevaux
1881 1210 68 18 attelés
1965 1211 115 17 avanceront
2087 1210 24 18 de

1642 1234 35 18 100
1684 1235 77 18 mètres.
1772 1235 94 22 Distance,
1881 1235 54 18 3.5C0
1951 1235 75 19 mètres.
2035 1235 74 21 Entrée,

1642 1259 23 18 40
1669 1260 69 18 francs.

1666 1285 48 19 Prix
1727 1285 23 19 de
1765 1286 19 18 la
1797 1285 69 23 Société
1881 1285 84 24 Sportive
1977 1286 130 23 d’Encourage-

1642 1312 55 18 ment.
1707 1311 92 18 —10.000
1811 1311 70 19 francs,
1894 1312 67 18 offerts
1969 1317 34 17 par
2010 1312 19 18 la
2038 1311 73 19 Société

1643 1336 86 23 Sportive
1739 1336 179 23 d’Encouragement
1925 1342 6 16 ;
1947 1337 53 18 7.000
2014 1337 23 18 fr.
2051 1338 20 16 et
2084 1337 29 17 les

1644 1359 73 18 entrées
1723 1363 23 13 au
1752 1360 82 21 gagnant
1840 1364 5 17 ;
1851 1364 23 13 en
1882 1360 62 20 outre,
1953 1359 53 18 2.000
2015 1360 63 18 francs
2088 1364 25 13 au

1643 1384 75 21 second,
1726 1383 35 18 500
1766 1384 65 18 francs
1841 1389 24 13 au
1879 1384 96 18 troisième
1983 1386 20 17 et
2009 1384 35 18 500
2050 1384 64 18 francs

1643 1409 12 17 à
1658 1409 92 18 l’éleveur
1758 1409 26 17 du
1792 1410 89 22 gagnant.
1890 1409 50 18 Pour
1949 1410 44 18 tous
2000 1410 87 22 poulains
2096 1410 19 17 et

1644 1434 97 22 pouliches
1746 1435 24 16 de
1775 1433 12 18 3
1792 1438 41 18 ans,
1841 1434 34 18 nés
1883 1435 20 17 et
1913 1434 64 19 élevés
1986 1439 23 14 en
2017 1435 63 22 Corse,
2094 1435 21 17 et

1644 1460 52 17 issus
1704 1459 24 18 de
1735 1459 85 22 juments
1828 1459 46 18 nées
1882 1460 19 17 et
1909 1459 74 19 élevées
1992 1465 23 13 en
2024 1459 63 22 Corse,
2097 1460 20 18 et

1644 1484 92 18 d’étalons
1750 1484 100 22 possédant
1864 1489 24 13 au
1901 1485 63 18 moins
1974 1485 53 22 25%
2032 1485 23 18 de
2069 1490 48 17 sang

1644 1509 62 18 arabe.
1713 1509 56 18 Poids
1774 1514 93 17 commun,
1875 1509 22 18 62
1903 1510 19 17 k.
1930 1510 36 18 Les
1970 1511 81 22 hongres
2061 1511 19 17 et
2087 1511 29 17 les

1645 1535 97 22 pouliches
1754 1535 100 18 recevront
1867 1534 10 18 1
1886 1535 39 17 kilo
1931 1536 20 16 et
1959 1535 55 18 demi.
2023 1535 93 21 Distance,

1645 1559 54 19 1.500
1703 1559 156 20 mètresenviron.
1868 1559 74 22 Entrée,
1952 1559 22 18 50
1980 1559 70 19 francs.

1669 1584 48 20 Prix
1721 1585 23 18 de
1752 1585 19 18 la
1783 1585 48 18 Ville
1845 1584 91 24 d’Ajaccio
1945 1586 18 17 et
1970 1585 26 18 du
2004 1585 64 19 Casino
2077 1585 42 18 Mu-

1646 1610 76 24 nicipal.
1730 1610 94 19 —10.000
1831 1610 64 18 francs
1902 1615 5 17 ;
1918 1610 54 18 5.000
1977 1611 63 19 francs
2048 1611 70 19 offerts

1647 1641 34 17 par
1687 1636 20 18 le
1712 1636 75 18 Couseil
1792 1636 102 22 municipal
1900 1637 20 17 et
1927 1635 55 19 5.000
1987 1636 63 19 francs
2062 1642 34 18 par
2102 1637 18 19 la

1647 1661 72 18 Société
1732 1662 26 17 du
1766 1661 67 18 Casino
1841 1661 108 23 municipal.
1962 1661 55 18 5.000
2025 1662 25 18 fr.
2061 1663 19 17 et
2092 1663 29 17 les

1647 1686 65 19 entrée
1720 1691 27 14 au
1755 1687 82 22 gagnant
1842 1691 5 17 ;
1857 1691 24 13 en
1889 1687 62 21 outre,
1960 1686 53 23 2,000
2021 1687 62 18 francs
2097 1693 24 12 au

1647 1713 70 17 second
1725 1713 20 17 et
1752 1711 35 18 500
1793 1712 63 18 francs
1866 1717 25 13 au
1905 1712 102 18 troisième.
2020 1713 51 18 Pour
2078 1713 43 18 tous

2145 160 84 19 chevaux
2233 162 23 18 de
2262 162 17 21 4,
2286 162 11 18 5
2303 162 19 18 et
2328 161 11 18 G
2342 166 40 17 uns,
2391 162 34 18 nés
2430 163 20 18 et
2456 163 64 20 élevés
2528 171 23 14 en
2557 169 41 23 Cors

2144 186 20 17 et
2172 185 51 19 issus
2231 187 23 18 de
2261 187 83 22 juments
2353 187 45 18 nées
2407 189 19 17 et
2434 188 76 19 élevées
2519 195 23 14 en
2551 193 51 23 Corse

2144 210 57 17 Poids
2208 215 4 13 :
2222 211 11 17 4
2243 217 40 16 uns,
2292 212 23 18 62
2321 211 20 19 k.
2350 217 5 17 ;
2364 211 12 19 5
2384 217 42 17 ans,
2432 212 22 19 G4
2460 213 20 19 k.
2487 218 4 17 ;
2499 214 11 18 G
2519 220 39 19 ans,
2564 219 31 22 CGk
2603 214 4 6 ‘

2143 235 36 18 Les
2187 235 79 22 hongres
2274 237 51 18 elles
2333 237 85 22 juments
2426 241 100 17 recevront
2530 241 11 18 4
2547 243 19 18 k.
2573 238 33 28 i/o'

2143 259 99 19 Distance:
2255 262 53 17 2.000
2321 262 70 18 mètres
2403 263 85 19 environ.
2505 265 66 23 Entrée
2582 255 25 33 /f,n

2142 284 69 19 francs.
2571 283 6 9 ’
2587 280 20 13 'u

2164 312 49 18 Prix
2229 313 21 18 de
2266 313 19 18 la
2301 315 69 19 Société
2386 316 32 19 des
2431 317 144 24 Slccple-Chases
2586 327 21 18 dp

2142 337 75 19 France.
2223 348 21 4 —
2249 338 53 18 5.000
2312 339 64 20 francs
2384 343 46 18 dont
2437 343 18 18 i.
2462 343 35 19 430
2510 348 56 19 parla
2574 350 32 19 So-

2142 362 49 19 ciété
2198 364 33 17 des
2239 363 161 24 Slecplcs-Chascs
2409 368 23 18 de
2441 369 76 23 France,
2530 372 19 17 et
2556 373 17 19 le
2580 381 20 15 rc

2141 387 62 23 üquat
2210 393 33 18 par
2250 389 17 18 la
2275 389 73 19 Société
2353 391 34 18 des
2393 392 79 20 Courses
2477 394 24 22 ;3.
2507 395 36 19 250
2548 397 58 23 francs

2142 417 23 13 au
2174 415 86 21 gagnant,
2276 414 34 18 900
2318 415 34 18 frs.
2362 421 23 13 au
2395 419 67 17 second
2478 420 20 17 et
2505 419 35 19 500
2547 423 59 23 francs

2141 442 23 13 au
2173 438 101 20 troisième.
2283 440 27 18 En
2319 442 61 21 outre,
2386 441 35 19 300
2427 442 63 20 francs
2496 445 11 17 à
2520 446 86 24 l’éleveur

2141 463 25 17 du
2175 465 80 21 gagnant
2262 466 19 17 et
2289 465 34 18 100
2334 466 64 19 francs
2406 468 11 17 à
2425 469 49 18 celui
2491 470 26 18 du
2534 476 64 19 second

2141 488 46 18 dont
2195 489 34 18 130
2242 490 62 18 francs
2320 491 67 19 offerls
2403 497 34 17 par
2452 494 18 18 la
2488 495 72 21 Société
2575 501 30 19 des

2141 513 165 23 Sleeples-Chases.
2320 517 70 18 Course
2399 518 24 18 de
2436 519 54 19 huies
2502 526 48 18 pour
2563 525 43 20 che-

2141 543 50 14 vaux
2199 540 23 18 de
2230 541 10 17 4
2248 546 34 13 ans
2290 542 20 18 et
2317 547 25 13 au
2348 543 75 21 dessus,
2442 544 34 18 nés
2486 546 20 17 et
2514 547 62 21 élevés
2584 556 21 15 en

2141 563 64 23 Corse,
2214 565 51 19 issus
2277 567 24 18 de
2317 567 84 23 juments
2418 568 44 19 nées
2472 570 20 18 et
2500 571 73 21 élevées
2583 581 22 15 en

2141 589 63 23 Corse,
2214 592 18 17 et
2237 592 91 19 d’étalons
2345 593 101 23 possédant
2459 600 24 13 au
2493 596 61 20 moins
2561 599 38 24 25y

2141 615 24 18 de
2173 621 48 18 sang
2233 618 61 18 arabe.
2312 618 56 23 Poips
2378 624 5 12 :
2392 619 12 18 4
2412 625 40 17 ans,
2459 620 47 22 051c,
2513 626 5 17 ;
2527 621 12 19 3
2546 628 33 15 ons

2140 645 24 13 au
2173 642 72 22 dessus,
2254 642 22 18 G8
2283 643 21 18 k.
2314 644 116 23 Surcharges
2444 647 123 23 accumulées,
2575 650 28 20 lk.

2141 671 33 17 par
2182 666 53 18 1.000
2248 668 61 18 francs
2323 670 77 21 gagnés.
2415 670 34 18 Les
2459 670 84 22 juments
2551 675 18 17 et
2579 676 26 20 les

2141 691 82 22 hongres
2231 694 112 17 recevront!
2351 694 20 17 k.
2378 694 92 23 Distance,
2480 696 54 19 3.200
2539 699 65 22 mètres

2141 717 84 18 environ.
2231 717 73 23 Entrée,
2313 718 24 18 40
2347 719 71 19 francs.

2139 858 350 35 L’ALMANACCU
2506 869 30 22 di

2172 907 30 25 A
2214 908 198 26 BARETTA
2426 911 144 28 MISGXA

2298 959 60 23 per
2369 952 76 27 1929

2165 1025 279 26 Cuntene:Calendariu
2452 1029 49 30 (me
2516 1033 31 26 si,
2554 1035 54 24 lune

2136 1058 103 29 feste)—
2249 1060 126 29 Pruverbj.

2162 1097 28 22 26
2202 1098 146 29 Stabatoghj
2361 1102 24 21 di
2399 1102 92 24 Matteo
2502 1105 100 26 Cirnen-

2136 1131 47 25 si,u
2195 1131 187 30 Sampetracciu,
2396 1135 80 24 Ceccu
2492 1138 100 26 Savériu

2135 1164 127 24 Nunziolu.

2166 1213 26 22 13
2199 1207 110 24 Canzone
2318 1216 14 15 e
2339 1210 92 23 Puesie
2440 1213 24 20 di
2472 1212 24 23 U
2508 1213 99 30 Sampe-

2138 1241 98 26 tracciu,
2247 1242 123 28 Minicale,
2381 1244 75 23 Petru
2476 1246 25 21 di
2526 1247 79 29 Niolu,

2139 1273 144 25 Codaccioni
2294 1275 40 30 (G.
2346 1277 44 29 P.).
2401 1278 26 22 F.
2437 1279 170 26 Franceschet-

2138 1308 26 26 ti,
2179 1308 23 22 U
2214 1308 144 30 Pappagallu
2369 1312 24 22 di
2407 1312 62 27 Péri,
2481 1313 32 22 G.
2525 1314 80 28 Rossi,

2138 1341 118 23 Natalellu
2268 1344 23 21 di
2307 1344 85 27 Rusiu,
2409 1345 127 23 Caiborru.

2166 1387 14 16 2
2191 1382 136 23 Racontidi
2338 1384 108 22 Martinu
2455 1385 152 30 Appinzapa-

2141 1415 33 25 lu,
2188 1415 22 22 U
2222 1415 190 29 Sampetracciu.

2169 1460 14 20 4
2194 1454 104 27 Disegni
2305 1456 25 23 di
2337 1456 68 29 Kyrn
2415 1464 13 15 e
2438 1457 30 23 G.
2476 1459 130 25 A.Canasi.

2170 1493 40 23 Un
2219 1494 105 22 Librettn
2333 1496 24 21 di
2364 1502 28 22 32
2399 1498 89 28 pagine,
2496 1501 65 21 sottu
2570 1507 39 16 cu-

2144 1528 93 26 partina
2249 1528 116 23 illustrata
2375 1536 6 15 :
2394 1530 33 22 20
2439 1531 75 23 soldi.

2176 1578 138 16 Asnministrazione
2318 1583 5 10 :
2331 1580 18 15 38
2357 1580 48 16 Corsu
2411 1581 77 16 Grandval
2493 1589 18 5 —
2517 1583 61 18 Ajaccia

2146 1669 96 22 Aiacciu
2250 1682 28 4 —
2290 1670 134 29 Slamparia
2436 1670 24 22 di
2472 1672 24 21 A
2507 1672 101 28 Muvra,

2147 1713 15 15 u
2172 1706 239 24 Direllore-Gerente:
2420 1707 70 23 Petru
2500 1708 109 25 ROCCA.

148 1833 176 49 Libraria
347 1833 38 47 di
399 1831 31 48 A
451 1828 169 51 MUVËÂ

200 1929 123 23 ULTIME
334 1926 235 25 PUBLICAZIONE

171 2000 97 19 Carlottî
273 2000 41 22 (D):
323 2009 24 4 —
354 1997 140 20 Manualettu
501 1995 120 19 diParlata

216 2028 76 18 Corsa.
302 2028 19 17 A
327 2027 60 23 prima
393 2025 120 24 grammatica
523 2023 97 18 dialettale

215 2060 53 14 corsa
275 2055 99 23 puhlicata.
386 2053 84 19 Cuntene
481 2058 11 13 e
502 2052 65 23 régulé
578 2051 20 17 di
607 2055 13 13 a

214 2084 72 21 parlata
294 2083 120 21 cismuntana,
422 2082 10 17 1
441 2081 40 18 vol.
489 2079 24 19 80
520 2085 19 17 p.
573 2078 14 18 5
595 2087 25 4 —

171 2137 137 18 Codaccioni
316 2136 30 23 (G.
351 2136 29 22 P.)
385 2144 22 5 —
412 2134 112 19 Canzone.
532 2132 88 18 Raccolta

215 2165 21 17 di
243 2169 10 14 e
260 2164 33 23 più
301 2165 88 22 populare
401 2163 65 22 puesie
478 2162 21 17 di
506 2161 86 18 l’anfarte
599 2159 20 18 di

215 2192 104 22 Proprianu
335 2191 76 23 (Satare,
428 2190 91 22 Lamenti,
535 2189 84 18 Canzone

215 2220 91 22 puìitiche
322 2219 61 23 ecc,..)
401 2219 43 18 c’un
462 2217 80 19 introitu
561 2216 19 17 di
599 2214 20 19 U

216 2247 174 23 Sampetracciu.
404 2247 11 17 1
423 2246 40 18 vol.
477 2244 39 19 in-8
527 2245 21 17 di
556 2243 23 18 96
587 2247 32 18 pa-

215 2276 50 22 gine.
574 2271 12 17 5

170 2325 57 19 Mini
229 2326 55 17 cale.
293 2335 24 4 —
325 2324 65 19 Musa
397 2324 112 19 d’Aitone.
517 2323 15 18 E
539 2322 32 23 più
580 2321 40 18 bel-

214 2354 20 17 le
240 2353 84 18 Canzone
331 2354 22 17 di
359 2358 12 13 u
377 2354 56 21 pueta
440 2352 82 18 d’Evisa.
526 2350 24 18 Di
557 2354 11 13 a
577 2348 43 19 Cul-

214 2381 69 18 lezione
295 2381 23 18 di
330 2380 86 24 l’Anfarli
426 2385 32 13 cor
457 2379 24 19 si.
496 2379 11 17 1
515 2378 39 18 vol.
568 2377 21 17 di
595 2375 24 18 80

213 2409 74 23 pagine.
572 2404 15 17 4

168 2458 84 20 L’Qrsu
260 2458 131 20 d’Orezza—
396 2454 223 22 Primizie.Raccoltadi

215 2492 11 13 e
234 2487 33 22 più
276 2488 51 18 belle
334 2486 64 24 puesie
405 2486 20 17 di
433 2485 87 18 l’anfarte
527 2484 21 17 di
555 2487 11 14 a
575 2482 44 18 Cas-

216 2516 100 21 tagniccïa.
330 2515 23 18 Di
364 2515 14 17 A
389 2512 112 20 Cullezzione
511 2511 20 18 di
537 2511 82 23 l’Anfar-

213 2543 54 18 corsi.
279 2544 10 17 i
297 2543 39 18 vol.
346 2543 20 17 di
373 2541 22 18 64
402 2546 19 18 p.
581 2537 38 19 3—

170 2594 89 18 Matteu
274 2593 103 19 Cirnensi
393 2592 71 22 (Mattel
478 2591 58 17 Torre
541 2598 23 4 —
568 2588 51 24 Que

215 2622 55 18 veut
286 2621 26 18 la
328 2620 78 18 Corse!
426 2618 60 19 Tutt’i
501 2616 55 24 punti
571 2616 21 18 di
606 2620 14 13 a

216 2650 14 10 “
236 2649 96 21 Quistione
341 2647 68 19 corsa”.
417 2646 64 18 Difesa
489 2650 12 13 e
508 2644 112 18 illustrazio-

216 2681 26 13 ne
249 2677 19 17 di
276 2681 14 13 u
298 2676 103 18 Cursismu.
409 2674 10 18 1
428 2674 40 17 vol.
477 2672 23 18 64
507 2677 18 17 p.

168 2727 66 18 Paoli
239 2727 23 17 di
266 2724 156 25 Taglio—Risa
426 2728 13 13 e
443 2721 158 20 Pianti.Sunetti
605 2725 12 14 e

213 2754 65 18 Poesïe
284 2754 53 17 varie
347 2752 90 23 (Cuntene
444 2756 15 12 u
473 2750 91 18 Lamentu
574 2749 22 16 di
605 2753 16 12 u

214 2782 95 21 Castagnu
320 2786 10 13 a
347 2785 12 13 u
367 2779 71 23 Corsu).
443 2779 11 17 1
464 2778 39 18 vol.
511 2775 40 20 in-8
559 2776 21 17 di
587 2776 35 17 112

215 2815 20 16 P-
577 2803 46 19 5-

169 2863 23 3 —
200 2853 63 18 Fiori
269 2857 14 13 e
291 2852 75 23 Spine,
372 2851 65 18 Puesie
445 2850 52 18 varie
505 2849 43 17 c’an
554 2848 68 18 introi-

214 2881 23 17 tu
243 2880 20 18 di
270 2880 70 17 Petru
348 2879 79 18 Roeca.
438 2878 11 17 1
458 2877 40 18 vol.
509 2876 19 17 di
539 2875 22 18 86
568 2875 53 22 pagi-

214 2912 31 14 ne.
421 2909 4 4 ’
574 2902 15 18 ^
596 2912 25 4 —

168 2952 71 19 Petru
247 2951 23 18 di
277 2951 78 18 Niolu.
360 2959 22 4 —
388 2949 108 19 Canofari
505 2952 12 14 e
524 2947 98 19 TrivulL.

213 2979 70 18 Puesie
301 2978 105 23 profumate
421 2977 78 22 quant’e
515 2977 7 16 i
538 2974 84 19 canofari

214 3006 102 19 salvaticbi
328 3005 21 18 di
359 3009 10 14 e
382 3005 47 17 cime
439 3004 22 18 di
471 3003 52 19 Cinti
536 3007 12 14 e
558 3003 21 17 di
588 3002 36 18 Pa-

216 3034 78 22 gliorba,
313 3037 11 14 e
334 3034 60 16 satara
407 3032 33 18 chi
450 3036 65 18 pugne
529 3031 76 21 quant’e
615 3029 9 18 i

214 3060 69 18 trivuli
290 3061 22 17 di
319 3065 13 12 u
340 3060 77 22 Tilerga.
423 3059 15 18 E
445 3059 55 18 virtù
508 3062 11 13 e
524 3062 12 14 a
544 3057 80 18 fierezza

213 3088 87 18 Niulinca
317 3088 72 17 cantata
404 3087 24 17 da
436 3086 94 18 l’Anfarte
541 3085 20 18 di
571 3085 53 18 Cala-

213 3115 96 18 cuecia.Di
315 3119 12 13 a
333 3114 99 18 Cullezione
438 3114 21 18 di
468 3112 87 23 l’Anfarli
563 3112 58 18 Corsi.

214 3143 11 17 1
235 3142 38 18 vol.
285 3142 21 18 di
314 3141 22 19 64
346 3142 70 22 pagine.
575 3139 14 18 3
597 3148 24 5 —

171 3187 19 18 U
199 3186 169 22 Sampetracciu
377 3185 146 23 (Ghiannettu
528 3184 93 23 Notïni.)

216 3214 64 17 Rime
289 3214 75 21 (Puesie
368 3213 57 22 varie,
433 3213 119 20 Strufulette,
560 3212 62 18 Punie

216 3242 20 17 di
244 3241 74 18 Minutu
326 3241 75 20 Grossu,
412 3240 92 22 Canzone,
515 3240 107 18 Induvinel-

216 3269 31 22 le).
265 3268 48 18 C’un
329 3268 76 18 introitu
416 3269 20 17 di
456 3268 68 18 Petru
538 3267 82 18 Rocca.

219 3297 10 17 1
239 3297 37 17 vol.
291 3296 21 18 di
322 3295 35 19 160
367 3296 72 22 pagine.
576 3294 14 18 8
598 3303 23 4 —

171 3345 23 4 —
208 3335 21 18 A
242 3335 105 19 Pulitica.
364 3335 108 18 Cnmmedia
489 3336 20 16 in
522 3334 11 18 4
548 3334 42 18 atti.
606 3333 16 18 E

216 3363 107 22 spurchizie
333 3363 22 18 di
364 3367 11 14 a
384 3362 121 18 Puliticaceia
514 3362 109 21 d’impurta-

216 3390 54 18 zione
281 3395 63 14 messe
354 3395 11 13 a
374 3391 52 16 nudu
435 3395 11 12 e
457 3389 109 19 scurticate.
577 3388 23 18 Di
609 3393 13 12 a

218 3417 102 19 Cullezione
326 3417 21 18 di
351 3423 13 12 u
370 3417 64 18 Tealru
439 3417 22 18 di
465 3417 15 18 A
487 3416 70 18 Muvra.
563 3416 12 17 1
581 3417 40 17 vol.

217 3445 22 17 di
246 3444 21 18 96
278 3445 76 22 pagine.
576 3442 14 18 6
598 3452 25 4 —

175 3494 24 4 —
206 3483 51 19 Una
263 3483 125 19 Manatella
398 3483 23 18 di
431 3483 112 18 Canzone.
555 3482 23 18 14
586 3486 36 14 can

215 3519 46 13 zone
270 3515 20 17 di
298 3515 20 18 CJ
323 3514 176 21 Sampetracciu.
508 3513 17 18 U
529 3512 37 18 miò
575 3513 48 17 Pae-

216 3544 20 13 se
243 3548 23 4 —
273 3539 16 17 A
297 3539 57 18 Moda
361 3548 23 4 —
390 3538 12 18 I
408 3538 67 18 Ricchi
481 3536 71 24 d’oghie
556 3547 23 3 —
584 3537 39 18 Zit-

217 3564 25 17 l’o
249 3563 63 18 Maria
319 3572 24 5 —
351 3562 91 19 Dumande
450 3562 22 18 in
479 3562 144 18 Matrimoniu—

218 3588 65 17 Primu
290 3589 67 17 Amore
363 3589 23 12 —:
393 3587 47 18 Lode
447 3586 74 19 a’Moda
529 3596 24 3 —
560 3586 63 18 Ritro-

216 3612 128 18 vi—Brindisi
349 3621 22 4 —
375 3613 15 16 A
399 3612 88 17 Donna—
490 3612 23 17 In
521 3611 73 17 Trennu
601 3620 22 4 —

217 3637 13 18 I
235 3637 129 18 Mercanluzzi.
371 3636 29 18 Un
407 3636 102 18 librettudi
518 3635 24 18 24
552 3636 70 21 pagine

217 3666 25 13 en
252 3667 14 12 u
276 3662 80 18 ritrattu
365 3661 20 17 di
394 3661 87 18 l’autore.
576 3659 14 18 5
598 3669 24 4 —

645 1843 474 157 fFLoîSïiïri

644 1977 40 62 ü
696 1993 133 30 CRÈME
848 2005 39 17 BS
905 1989 160 32 BEAUTÉ
1078 1977 40 64 J|

645 2033 70 61 ijjj^
730 2042 75 21 REND
814 2042 33 19 LA
858 2040 74 20 PEAU
938 2039 94 21 DOUCE

704 2226 106 27 Stmmenti
821 2225 88 26 Mnsicali
919 2224 64 31 d’ogni
994 2224 71 26 Genere

695 2283 58 50 V.
783 2281 293 53 Muraceiole

677 2361 142 22 Prufessore
825 2361 24 21 di
862 2360 94 22 Musica
965 2366 14 15 e
990 2359 103 22 Viulinu

749 2405 39 22 9-1
786 2405 24 21 9r
823 2400 40 20 Via
870 2400 66 20 Jules
945 2399 73 21 Cazoi

814 2431 52 22 Aies
876 2429 81 26 (Gard)

703 2489 79 21 Viulini,
787 2488 113 22 Mandulîne,
906 2487 104 23 Urganetti,
1014 2486 51 20 Fonp

755 2522 65 21 Piano,
828 2521 63 22 Banjo,
899 2521 65 18 Jazz...
973 2524 38 14 ece.

720 2569 86 24 Catalogu
814 2568 70 24 gralisi,
893 2568 59 23 sopr’a
960 2566 88 19 cumanda

766 2704 35 25 Per
818 2703 76 30 iscopre
911 2701 92 32 Snrgenti,

721 2740 66 31 lepe
807 2739 126 31 Sutterranee,
950 2737 93 27 linerali.

715 2797 110 30 Frété
851 2795 204 33 Casanova

720 2839 142 24 Pievami
876 2837 34 25 di
925 2837 122 26 Zicavu

680 2889 25 17 dà
712 2893 11 12 a
731 2888 145 18 cunuscimentu
883 2887 20 17 di
912 2886 60 23 quelli
979 2886 31 18 chi
1014 2886 19 17 ci
1037 2890 52 18 ponu

702 2914 57 18 truvà
766 2918 15 12 u
787 2917 22 13 so
817 2912 100 21 interessu,
924 2911 69 18 ch’ellu
1000 2915 66 18 scopre

703 2937 92 23 surgenti,
800 2941 60 18 acque
866 2937 115 20 sutteranee,
987 2936 80 18 minière

764 2961 145 23 xnetallurgiche
917 2961 24 18 ed
949 2961 53 18 altre.

681 2995 120 19 Infallibile
812 3004 23 4 —
846 2995 98 20 Pruvate
953 2998 14 14 e
976 2994 112 18 vidarete!

672 3128 182 27 CULLANA
871 3128 165 27 STORICA
1054 3128 43 26 DI

804 3168 31 24 A
853 3169 113 25 Muvra

678 3244 10 16 I
704 3250 29 4 —
749 3237 130 26 Napoléon
898 3238 151 24 Bonaparte.

654 3283 24 4 —
683 3271 79 22 Lettre
770 3277 14 15 a
791 3271 92 21 Matteo
899 3270 150 22 Buttafuoco.

654 3304 96 22 Préface
761 3305 30 21 de
804 3304 92 22 Matteo
908 3304 90 21 Rocca.

678 3343 62 23 1925.
755 3344 9 15 1
778 3338 51 20 vol.
842 3337 25 21 di
877 3343 30 21 32
917 3342 57 22 pag.
1060 3337 15 21 2
1086 3336 19 21 îi

678 3388 25 15 II
712 3393 29 4 —
745 3382 125 21 Processo
875 3380 109 22 Verbale
992 3380 60 21 dell’

654 3415 47 21 Ass
704 3413 221 23 embleaGenerale
935 3413 27 20 di
968 3412 83 22 Corsi-

654 3454 34 15 3a.
711 3447 95 21 Tenuta
822 3447 27 20 in
863 3445 76 22 Corte
952 3445 20 22 il
984 3450 34 20 10,
1037 3451 14 15 e

654 3480 76 28 giorni
755 3479 112 28 seguenti
893 3479 25 21 di
951 3477 99 28 Giugno

654 3518 60 23 1794.

678 3545 63 28 1928.
755 3551 9 16 1
776 3545 50 22 vol.
839 3545 26 21 di
875 3544 31 23 80
917 3550 58 22 pag.
1059 3544 17 23 4
1086 3544 19 21 fi

678 3595 38 16 m
726 3601 30 4 —
763 3589 38 21 La
813 3587 84 23 Stofia
908 3588 70 26 degli
987 3588 64 22 anni

654 3622 62 21 1732
728 3629 15 14 e
755 3622 76 21 1733.

677 3654 64 29 1928.
752 3661 10 15 1
771 3656 51 20 vol.
831 3654 25 21 di
867 3660 28 20 40
906 3660 55 22 pag.
1032 3654 71 22 2fr.5

334 3703 156 21 Dumandate
501 3707 17 15 u
525 3701 87 22 listinu
624 3701 23 22 di
660 3703 85 20 nostre
757 3702 178 27 publicazione.

1223 1871 145 59 Cyrnos
1374 1871 164 48 «Palace

1261 1975 249 97 âfofel

1251 2112 257 25 Mudernissimu

1227 2274 86 24 Grande
1328 2274 85 24 Fabrica
1427 2273 21 24 di
1459 2273 72 24 Mobili

1176 2347 160 27 MARTINU
1366 2346 216 25 BERNARDINI

1218 2386 39 18 San
1267 2386 59 18 Petru
1336 2385 21 19 di
1371 2385 68 19 Venacu
1449 2384 89 23 (Corsica)

1215 2453 84 19 Generi
1307 2452 104 23 semplici
1418 2456 13 14 e
1438 2452 25 18 di
1469 2451 73 19 Lussu

1319 2515 59 22 Legni
1387 2513 55 19 scelti

1247 2549 57 22 Noce,
1316 2547 99 26 Castagnu,
1426 2546 84 20 Lariceiu

1159 2607 113 23 Aperture
1284 2612 13 13 e
1305 2607 55 18 altri
1367 2606 75 19 lavori
1449 2610 41 19 per
1497 2604 102 20 fabriche

1283 2641 77 22 sopr’a
1367 2639 111 19 cumanda

1210 2702 66 15 Prezzi
1283 2701 67 15 ridntti
1358 2704 33 15 per
1399 2704 42 11 case
1449 2700 102 14 cumercali

1269 2729 81 15 Facilità.
1358 2729 19 14 di
1388 2728 104 19 pagamenti

2024 1846 81 26 avoir
2120 1846 127 35 toujours
2264 1846 49 26 des
2330 1846 130 35 produits
2478 1846 122 27 alimen-

2024 1889 86 26 taires
2134 1890 57 24 très
2210 1889 88 34 frais,
2327 1888 35 26 de
2385 1891 64 23 tout
2470 1889 129 34 premier

1758 1853 15 29 f
1787 1853 56 33 tofp
2024 1847 81 25 avoir
2120 1846 127 35 toujours
2264 1846 49 26 des
2330 1846 130 35 produits
2478 1846 88 27 alime

1669 1881 15 19 y
1694 1881 149 20 vUjUygÿ
2024 1889 86 26 taires
2134 1890 57 24 très
2210 1889 88 34 frais,
2327 1888 35 26 de
2385 1891 64 23 tout
2470 1891 96 32 premi

1663 1931 94 33 choix,
1772 1935 29 23 et
1815 1933 68 26 bien
1903 1933 131 26 meilleur
2049 1933 119 26 marché
2184 1942 54 26 que
2255 1936 115 32 partout
2386 1933 172 27 ailleurs?...

2040 1997 96 37 Faites
2161 2008 53 26 vos
2238 1997 100 36 achats
2363 1997 18 35 à
2406 1998 28 34 la

1738 2062 150 49 Grande
1916 2064 169 59 Epicerie
2115 2063 150 49 COSTA
2292 2063 62 48 ET
2382 2062 144 49 HEGEI

1921 2137 191 26 Boulevard
2129 2138 60 25 Roi
2204 2138 131 26 Jérome

1695 2240 93 25 Vous
1805 2241 177 25 réaliserez
1999 2241 74 25 ainsi
2090 2241 111 34 chaque
2218 2241 71 26 mois
2306 2250 67 17 une
2390 2242 173 25 économie

1871 2289 55 24 très
1946 2288 125 26 sensible
2089 2296 74 27 pour
2182 2291 77 23 votre
2278 2289 109 35 budget

1927 2381 189 26 Livraisons
2135 2382 20 25 à
2175 2382 153 25 domicile

1831 2476 33 48 A
1884 2476 225 49 LIBRARIÂ
2130 2477 49 49 B!
2201 2477 32 49 A
2253 2478 166 50 MUVËA

1724 2556 135 37 comptât

1643 2609 144 28 VEGCHJ
1802 2612 256 27 MANUSCRITTI
2073 2628 35 4 —
2125 2614 231 29 INCUNABULI
2376 2631 35 4 —
2424 2617 176 28 EDIZIONE

1737 2650 281 29 INTERESSANTE
2029 2667 36 6 —
2079 2653 168 28 VECCHJE
2259 2655 151 28 STAMPE
2421 2664 80 18 ecc...

1232 2852 98 22 Andate
1342 2858 14 16 a
1366 2852 96 22 vestevi
1477 2851 63 23 duve

1292 2897 42 25 DI
1352 2896 125 25 FABIO

1259 2947 27 15 12
1301 2942 71 20 Corsu
1383 2941 131 25 Napulione

1210 2982 30 19 Pè
1248 2987 17 13 u
1277 2983 14 9 “
1297 2982 52 18 chic
1355 2982 19 22 ”,
1386 2986 14 13 e
1411 2981 149 24 Stofefscelte,

1248 3016 10 18 i
1268 3016 78 22 prezzi
1357 3014 164 25 raggiunevuli.

1214 3151 86 24 Fabrica
1318 3150 106 24 d'Rrticuli
1443 3149 121 26 Orezzinchi

1220 3214 44 29 O-
1281 3213 38 29 F-
1340 3211 213 31 PIAZZOL!

1184 3259 48 18 Valle
1239 3258 94 23 d’Orezza,
1339 3263 36 19 per
1381 3257 107 19 Piedicroce
1494 3256 89 24 (Corsica)

1226 3317 45 22 Pipe
1280 3317 20 17 di
1306 3317 62 21 lussu,
1378 3315 69 22 Califfx,
1453 3315 89 19 Bucchini

1263 3344 61 23 Scopa
1332 3344 21 18 di
1359 3344 60 23 prima
1427 3344 70 22 qualité

1205 3393 97 23 Calamari,
1313 3394 57 18 Porta
1376 3398 68 18 penna,
1453 3393 64 22 Taglia
1524 3394 49 17 carta

1253 3450 112 22 Articuli
1376 3449 28 22 di
1415 3450 94 21 Tavula

1164 3498 95 19 Cucchiare
1269 3504 12 13 e
1288 3499 78 18 Furcbie
1375 3508 22 5 —
1402 3498 94 24 Ovaghioli
1500 3509 24 4 —
1528 3499 73 19 Zucche-

1175 3526 49 17 riere
1228 3535 24 4 —
1261 3526 88 23 Chiarchj
1357 3532 11 12 a
1377 3526 92 23 luvaglioli
1476 3536 23 5 —
1503 3527 88 19 Salinere.

1205 3579 142 18 Assurtimentu
1357 3580 21 17 di
1385 3580 71 18 scatule
1462 3581 103 19 sculturate

1164 3616 33 17 per
1206 3612 83 22 tahaccu,
1297 3613 78 22 polvera
1385 3613 20 18 di
1418 3614 62 22 risu,„
1494 3619 53 14 ecc...
1556 3620 44 14 ecc..

1187 3675 59 15 Ijavort
1252 3680 49 14 sopra
1308 3678 78 14 cumanda
1396 3678 18 15 in
1421 3682 50 15 scopa,
1479 3680 51 17 bussu,
1536 3680 43 14 olivu

1757 2709 60 29 Un
1835 2713 179 27 mancaie
2033 2711 39 29 di
2088 2713 165 29 scriveci
2269 2714 126 34 prima

1969 2761 125 30 vende
2113 2761 50 30 ad
2187 2761 92 31 altrL

1745 2899 147 26 Antichità
1910 2898 87 27 Corse

1656 2965 212 47 FraHeeseit
1910 2965 179 48 PlETEl

1662 3030 27 25 ■8,
1702 3030 84 22 Corsu
1799 3029 130 23 Grandval
1943 3042 29 4 —
1987 3030 104 23 Aiacciu

1655 3094 73 31 Cispre,
1752 3094 49 32 Stili,
1812 3094 77 32 Pistole,
1900 3095 108 32 FiancMne,
2017 3096 76 33 Stampe

1692 3133 58 25 Piatti
1762 3138 9 20 e
1783 3133 58 25 Tazze
1852 3138 24 21 en
1885 3133 9 26 i
1904 3134 88 30 proverbj
2004 3134 52 26 corsi

1742 3172 70 27 Zucche
1825 3177 23 22 eu
1857 3172 70 30 sugetti
1937 3172 59 27 locali

1681 3333 389 97 Tomasi

2050 3442 6 9 i

1784 3496 206 61 Fotografu

1655 3605 218 59 Aiacciu
1882 3635 21 14 «
1913 3607 191 55 Bastia

2224 2910 322 84 CasaJÌICCI

2176 3004 43 34 38,
2248 3005 91 28 Corsu
2354 3007 212 36 Napulione^38

2249 3074 33 5 —
2303 3061 141 26 Aiacciu
2462 3076 36 5 —

2195 3122 163 27 RICORDI
2379 3122 178 29 AIACCINI

2177 3165 99 28 ARTICULI
2293 3167 112 27 RELIGIOSI
2429 3180 34 5 —
2486 3166 85 28 CURONE

2256 3307 85 22 L’Arte
2355 3307 131 28 Religiosu

2194 3347 143 25 Damasu
2351 3347 197 26 Maestracci

2168 3389 83 19 Artista
2259 3389 191 22 scultore,allîevu
2458 3389 23 20 di
2490 3395 12 14 a
2511 3387 60 22 scola

2186 3416 28 19 d’i
2223 3416 14 10 “
2245 3416 74 20 Beaux
2328 3416 69 20 Arts”
2406 3416 23 20 di
2437 3415 129 26 Marseglia.

2216 3445 157 23 Occhiatana
2396 3445 132 29 (Corsica)

2149 3491 67 19 Statue
2220 3492 85 23 religiose
2311 3493 65 23 d’ogni
2380 3498 69 19 genere
2454 3499 10 14 e
2468 3492 119 20 dimensione.

2158 3517 37 18 Via
2201 3517 57 22 eruci,
2266 3519 82 21 cunsole,
2357 3519 101 22 batlisteri,
2466 3514 115 23 monumenti

2165 3541 103 23 fumerarii,
2279 3543 21 18 in
2307 3544 94 23 ghiesgiu,
2411 3546 71 20 stuccu,
2495 3542 81 20 cimentu

2178 3568 78 21 armatu,
2264 3568 58 18 simili
2329 3570 59 22 petra,
2396 3571 75 17 cartone
2478 3571 86 17 rumanu;

2156 3592 89 18 st’ultima
2250 3594 77 18 materia
2337 3595 10 17 è
2352 3595 128 18 ricuxnandata
2484 3594 29 23 pè’
2520 3593 64 19 chiese.

2167 3635 112 19 Monumenti
2286 3640 12 14 a
2302 3636 8 18 i
2314 3638 58 17 morti
2377 3637 18 18 di
2401 3642 73 18 guerra,
2481 3636 94 18 inbronzu

2226 3665 11 14 0
2244 3665 99 18 marmaru,
2350 3663 62 21 sopr’a
2421 3662 98 18 cumanda.

2162 3701 66 15 Prezzi
2234 3703 95 15 muderati.
2334 3704 79 15 Dumaaàà
2418 3707 11 11 n
2434 3704 70 17 catalogu
2509 3698 71 22 generale-
