2520 3862
205 153 119 79 Le
373 145 493 87 Corsisme

284 283 181 33 Réponse
484 281 51 22 au
559 266 252 39 “Quotidien”

90 388 40 22 Un
141 388 44 20 des
194 385 85 28 grands
288 386 102 23 organes
400 379 29 20 de
436 378 21 20 la
466 380 66 22 pres-

62 428 27 15 se
104 420 170 28 parisienne—
282 416 32 21 Le
324 411 137 30 Quotidien
503 418 3 3 -
519 412 13 14 a

62 452 122 25 consacré,
193 452 57 20 dans
263 454 44 16 son
321 444 100 23 numéro
434 442 31 20 du
474 447 13 20 3
499 441 34 18 lé-

61 487 74 24 vrier,
148 491 32 15 un
189 483 79 22 article
285 480 14 21 à
306 481 24 20 la
339 475 111 30 question
464 477 69 16 corse

63 517 130 28 envisagée
207 515 53 21 d'un
272 513 70 27 point
359 510 30 20 de
406 512 47 16 vue
474 510 61 15 nou-

64 558 61 15 veau
130 562 21 4 —
156 553 110 18 nouveau
272 549 63 23 pour
342 544 24 20 le
372 540 65 28 publi
441 544 12 16 c
458 543 45 16 con
509 543 15 14 n

64 572 472 38 neataI,s’eatend.(l)-L'auteurdecet-

63 618 25 19 te
95 608 226 30 étude,M.May,fait
332 604 122 39 ef|rt—et
460 602 17 20 il
486 601 51 20 mut

63 648 48 22 l’en
116 648 71 20 louer
194 654 28 4 —
228 646 59 23 pour
295 638 74 22 sortir
376 637 42 20 des
428 637 108 18 ornières

63 681 94 21 battues
165 679 25 19 et
195 675 82 22 laisser
286 672 29 21 de
328 668 53 23 côté
388 669 35 20 les
435 667 103 21 bateaux

63 711 128 24 habituels:
205 706 103 24 services
316 702 131 23 maritimes
459 697 79 22 défec-

65 749 83 21 tueux,
158 740 106 25 mauvais
270 738 85 23 réseau
364 733 99 24 routier,
474 732 65 20 insa-

65 776 90 25 lubrité
165 778 24 19 et
201 772 141 30 paludisme,
353 770 47 19 etc.
414 766 33 21 M.
458 764 80 27 Maya

67 810 134 23 découvert
218 805 55 28 qu’il
292 810 18 22 y
321 809 13 15 a
347 807 30 16 en
394 800 84 23 Corse,
495 797 43 20 des

68 845 89 21 Corses
169 839 107 28 capables
289 837 30 21 de
326 839 88 24 penser
421 837 43 22 par
483 836 57 15 eux-

68 878 100 23 mêmes,
177 874 30 21 de
219 878 25 16 se
256 870 106 28 dégager
370 867 29 21 de
406 864 92 27 l’esprit
510 863 30 20 de

68 910 61 29 parti
141 910 26 20 et
178 905 91 23 d’avoir
283 908 48 16 une
343 900 143 22 conscience
497 902 44 21 pu-

69 943 94 23 rement
174 945 75 17 corse.
267 937 73 22 Cette,
347 932 146 23 découverte
505 930 37 20 est

71 983 31 16 un
126 974 151 23 événement,
298 972 24 19 et
338 973 62 16 nous
420 964 122 27 l'enregis-

74 1013 68 19 trons
154 1012 61 18 avec
220 1004 88 29 plaisir.

104 1037 241 27 Malheureusement,
359 1037 38 18 cet
408 1037 84 16 article
507 1037 37 13 esi

70 1073 110 32 parsemé
188 1071 116 23 d’erreurs
312 1071 24 19 et
345 1063 200 26 d’inexactitudes

72 1116 46 22 que
131 1113 61 17 nous
213 1106 75 21 allons
300 1103 103 21 relever,
416 1099 59 21 dans
494 1096 52 21 l’es-

72 1143 55 28 poir
135 1146 47 22 que
189 1144 43 17 son
239 1139 85 20 auteur
332 1134 40 27 qui
382 1132 75 29 paraît
467 1127 80 24 animé

72 1174 159 24 d’intentions
247 1169 99 29 loyales,
360 1166 90 22 voudra
464 1164 35 21 les
513 1168 36 16 re-

73 1209 123 22 connaître
209 1206 30 20 -et
243 1205 34 21 les
288 1200 112 24 rectifier.
411 1199 28 21 Et
442 1199 54 22 tout
504 1196 46 22 d'a-

72 1242 70 25 bord,
149 1241 17 21 il
173 1239 60 22 croit
241 1240 22 19 et
274 1237 18 21 il
302 1234 94 23 déclare
407 1231 59 29 qu’il
472 1230 80 22 existe

74 1282 29 15 en
109 1274 76 23 Corse
198 1278 30 15 un
238 1270 57 28 parti
307 1262 244 34 régionaliste,gagné

78 1315 30 16 au
121 1307 110 22 fascisme
248 1303 83 22 italien
345 1304 23 18 et
380 1305 26 16 se
429 1299 89 21 livrant
538 1295 14 22 à

80 1347 46 17 une
135 1337 154 31 propagande
300 1341 31 16 en
346 1334 83 22 faveur
441 1332 30 21 du
482 1333 70 19 ratta-

79 1375 113 22 chement
204 1371 117 28 politique
333 1368 30 21 de
373 1368 20 20 la
405 1366 78 21 Corse
491 1371 13 14 a
513 1363 39 22 l’I-

80 1408 65 23 talie.
157 1406 66 22 Nous
235 1404 94 22 serions
341 1400 101 22 curieux
450 1398 30 22 de
492 1402 60 17 con-

78 1442 76 22 naître
169 1445 46 17 une
222 1438 64 22 seule
292 1436 110 28 ligne,un
412 1432 52 22 seul
477 1433 74 22 texte,

79 1481 47 16 une
130 1474 67 22 seule
203 1470 177 24 manifestation
387 1466 40 29 qui
435 1465 42 28 pût
483 1464 69 21 éclai-

79 1515 37 16 rer
130 1513 47 16 une
186 1506 56 22 telle
249 1502 153 24 affirmation,
415 1505 30 16 en
454 1498 99 22 démon-

79 1545 50 20 trer
135 1542 23 21 la
168 1538 84 23 vérité.
264 1533 235 29 Mais,Monsieur,le
509 1531 45 21 fas-

79 1577 74 21 cisme
167 1573 82 22 n’était
260 1576 41 23 pas
324 1573 88 18 encore
429 1566 30 22 né
472 1570 48 23 que
532 1565 21 20 la

82 1609 116 22 vaillante
218 1605 94 22 Muvra
335 1601 91 24 menait
449 1598 54 28 déjà
531 1598 22 21 le

82 1643 49 21 bon
139 1640 104 24 combat,
253 1643 46 22 que
312 1641 45 17 nos
366 1634 61 22 amis
436 1632 119 23 semaient

83 1675 13 22 à
118 1678 56 19 tous
202 1674 34 20 les
260 1672 73 20 vents
353 1670 21 20 la
401 1668 81 21 bonne
517 1670 37 15 se-

82 1713 84 17 mence
193 1704 154 29 régionaliste
361 1704 24 19 et
403 1699 111 23 corsiste.
527 1697 27 27 Je

83 1747 37 17 me
137 1741 56 22 hâte
214 1739 29 21 de
261 1738 52 21 dire
334 1741 45 22 que
393 1734 20 21 si
434 1736 55 19 tous
510 1737 44 16 nos

82 1775 61 22 amis
152 1775 57 20 sont
226 1772 52 21 unis
288 1775 43 23 par
341 1774 32 16 un
392 1767 78 22 même
480 1764 75 23 senti-

82 1810 66 21 ment
167 1807 105 21 d'amour
283 1808 61 23 pour
355 1803 22 20 la
394 1800 87 25 Patrie,
490 1804 32 16 ou
534 1797 20 22 si

82 1847 62 17 vous
153 1839 113 29 préférez,
286 1838 22 20 la
322 1835 87 22 Mairie
421 1838 78 19 corse,
514 1837 41 22 par

84 1881 46 16 une
150 1874 79 22 même
247 1868 100 25 volonté
357 1869 28 21 de
405 1867 54 22 voir
471 1868 85 20 triom-

85 1908 59 29 pher
157 1908 23 21 le
195 1905 113 23 corsisme
317 1901 140 24 c’est-àdire
467 1901 23 20 la
497 1898 59 28 plei-

85 1948 29 16 ne
127 1939 135 24 réalisation
279 1937 30 22 de
316 1938 22 20 la
348 1931 147 32 personalité
504 1937 52 16 cor-

85 1981 34 20 se,
140 1975 31 21 ils
187 1972 112 22 diffèrent
310 1970 106 22 souvent
424 1966 77 23 d’avis
517 1970 41 16 sur

85 2009 34 21 les
130 2004 126 25 modalités
262 2003 104 22 d’action
378 2003 26 20 et
410 2001 78 21 même
494 1998 63 22 d'or-

87 2040 135 29 ganisation
231 2040 23 19 et
265 2043 41 16 sur
318 2037 36 20 les
363 2034 84 23 détails
458 2033 31 21 de
502 2032 57 21 doc-

85 2075 71 21 trine.
165 2073 40 22 Un
212 2072 76 21 même
294 2068 63 23 idéal
368 2069 35 20 les
411 2066 79 29 guide,
497 2065 60 22 mais

87 2109 29 21 iis
134 2113 31 16 ne
184 2108 55 20 sont
251 2110 41 22 pas
303 2100 122 25 enfermés
434 2100 59 22 dans
512 2103 47 17 une

87 2142 84 27 prison
183 2138 141 24 doctrinale,
337 2136 29 21 ils
391 2140 29 16 ne
442 2135 55 20 sont
516 2137 43 22 pas

87 2173 93 23 écrasés
188 2172 67 28 parle
265 2171 61 27 joug
336 2168 72 23 d'une
419 2166 95 23 théorie
523 2168 36 25 ty-

88 2207 127 27 rannique,
228 2204 53 23 d’un
294 2201 162 30 dogmatisme
478 2198 80 23 étroit.

89 2241 19 22 Il
115 2243 44 20 ont
172 2241 21 20 la
205 2238 68 23 haine
284 2237 30 21 de
326 2235 92 28 l’esprit
424 2234 29 21 de
464 2232 61 29 parti
537 2234 22 19 et

89 2275 29 21 de
126 2275 61 23 clan,
198 2273 28 21 ils
231 2273 42 20 ont
280 2270 102 22 l’amour
394 2268 29 21 de
433 2268 52 21 leur
496 2268 63 19 terre

89 2313 77 20 corse,
177 2307 17 22 il
203 2305 95 22 veulent
306 2302 123 23 connaître
437 2303 80 20 toutes
527 2300 32 20 les

89 2345 145 19 ressources,
244 2340 78 19 toutes
331 2337 36 21 les
374 2332 149 31 possibilités
532 2332 27 20 de

91 2376 22 20 la
125 2379 54 17 race
192 2377 67 18 corse
268 2373 24 19 et
297 2369 125 22 travailler
433 2366 12 22 à
458 2368 53 20 leur
519 2366 40 20 uti-

91 2407 99 22 lisation
208 2407 23 20 et
248 2404 12 22 à
281 2405 52 20 leur
348 2400 211 28 développement.

91 2441 30 22 5e
131 2443 28 20 tu
168 2439 26 23 sè
204 2439 90 25 Cornu,
307 2436 29 26 fà
350 2435 32 22 da
394 2434 53 21 Cor
447 2439 40 16 su.
495 2432 64 22 Telle

91 2475 103 21 est.leur
206 2472 89 22 devise:
307 2469 25 22 Si
344 2471 26 20 tu
383 2474 25 15 es
422 2466 137 27 Corse,agis

94 2514 30 15 en
137 2506 86 23 Corse.

121 2540 36 23 Or
170 2541 22 21 la
202 2537 177 24 centralisation
390 2537 121 25 française
522 2538 40 21 qui

93 2573 57 28 pèse
158 2578 42 16 sur
212 2571 44 22 l’île
268 2569 93 22 étouffe
370 2569 21 20 la
402 2564 162 30 personnalité

93 2612 76 17 corse.
178 2605 82 22 Certes
267 2608 61 17 nous
335 2601 127 29 pourrions
469 2604 94 22 repren-

93 2644 42 21 dre
142 2643 31 21 ici
181 2643 64 20 toute
253 2640 21 21 la
281 2639 102 29 kyrielle
390 2637 42 21 des
439 2635 74 29 griefs
519 2640 45 22 que

94 2676 87 27 depuis
193 2675 43 20 des
244 2671 90 23 années
346 2677 31 16 on
391 2670 96 21 adresse
499 2667 13 22 à
523 2667 50 25 l'E-,

93 2712 34 19 tat
135 2706 138 24 souverain:
287 2703 154 24 insuffisance
448 2702 43 22 des
500 2707 66 16 com-

95 2741 159 24 munications
266 2739 48 21 soit
326 2743 58 16 avec
396 2737 22 21 le
431 2735 132 25 continent,

95 2776 47 22 soit
149 2775 61 22 dans
215 2772 130 23 l’intérieur
352 2771 28 21 de
388 2771 8 20 1
403 2770 41 24 île,
450 2768 116 22 situation

95 2808 142 23 lamentable
245 2806 28 21 de
288 2811 44 16 nos
340 2804 103 27 villages
451 2804 25 19 et
486 2802 80 21 même

96 2843 30 21 de
142 2847 46 18 nos
209 2840 78 25 villes;
305 2837 91 23 misère
415 2836 43 21 des
473 2835 93 27 plaines

95 2871 236 29 littorales,désolées
342 2876 44 22 par
399 2870 23 20 la
434 2868 99 23 malaria
543 2870 25 18 et

96 2906 167 25 abandonnées
270 2911 57 16 sans
334 2904 99 24 culture;
442 2901 125 28 irrigation

97 2942 49 23 très
154 2939 132 30 imparfaite
293 2940 26 20 et
323 2937 82 22 défaut
407 2936 20 22 d
436 2935 79 22 utilisa
519 2934 49 21 don

98 2976 42 21 des
154 2975 79 22 forces
244 2971 171 30 hydrauliques
422 2975 46 21 que
486 2966 82 29 possè-

99 3010 30 20 de
139 3010 25 20 la
175 3008 83 23 Corse,
272 3007 38 20 etc
326 3006 45 20 etc.

127 3036 22 23 Il
162 3042 18 22 y
191 3041 14 16 a
224 3035 41 21 des
285 3035 132 25 reprocùes
440 3035 56 16 Dien
518 3035 51 21 plus

99 3076 87 22 graves
197 3074 46 22 que
253 3068 36 20 les
300 3065 122 24 corsistes,
426 3063 29 22 de
464 3063 55 27 plus
531 3067 40 15 en-

99 3104 54 27 plus
171 3101 141 24 nombreux,
331 3098 53 22 font
395 3096 13 22 à
418 3097 24 21 la
452 3095 120 28 politique

99 3133 198 31 française.Ils.lui
307 3130 146 29 reprochent
460 3130 32 20 de
496 3127 77 23 main-

99 3170 73 23 tenir,
184 3166 162 23 d’entretenir,
361 3163 29 21 de
399 3162 150 26 développer
561 3159 13 22 à

101 3202 84 28 plaisir
192 3201 24 20 la
226 3197 137 23 déchéance
370 3196 90 22 morale
473 3196 24 20 et
504 3194 69 21 intel-

100 3234 114 23 lectuelle
234 3232 41 21 des
291 3230 97 22 Corses.
405 3228 40 23 Un
469 3227 105 29 système

102 3266 114 24 électoral
225 3264 109 25 absurde,
344 3262 183 28 dégradant,tue
539 3260 36 21 les

101 3300 80 22 forces
192 3299 69 21 vives
272 3298 32 21 du
317 3302 67 23 pa}^.
410 3295 43 22 Les
477 3294 99 28 popula-

101 3334 68 21 tions
174 3332 67 22 h’ont
247 3330 86 28 qu’une
339 3328 98 29 pensée,
444 3327 74 25 qu’un
524 3327 50 21 but:

103 3366 114 27 préparer
226 3365 35 20 les
281 3363 118 22 élections
418 3362 40 26 qui
470 3363 56 19 tous
541 3360 35 21 les

103 3400 84 24 quatre
196 3403 42 15 ans
246 3397 92 27 agitent
346 3396 36 21 les
394 3398 150 18 communes.
554 3392 23 21 A

106 3436 28 15 ce
141 3430 121 22 médiocre
274 3430 64 21 idéal
354 3434 25 16 se
387 3427 126 22 réduisent
527 3427 50 19 tou-

105 3464 37 20 tes
161 3464 36 20 les
209 3462 118 26 velléités,
342 3464 56 19 tous
410 3461 36 20 les
458 3459 79 22 désirs
549 3458 29 21 de

105 3496 24 21 la
140 3501 79 16 masse
228 3495 29 20 de
270 3501 45 15 nos
327 3494 179 27 compatriotes.
518 3492 61 21 Pour

105 3528 23 21 le
136 3527 117 22 satisfaire
269 3533 26 16 se
308 3530 156 20 commettent
471 3528 35 20 les
516 3526 63 27 pires

130 3590 56 22 (1)—
196 3589 95 18 Obéissant
304 3595 25 13 au
341 3592 39 16 mot
389 3590 72 19 «Tordre
475 3589 107 20 bassemerit

108 3617 79 18 sectaire
195 3616 41 18 delà
244 3616 62 18 Malfia
311 3618 24 17 de
339 3617 72 22 «goche
417 3624 17 11 ».
444 3624 8 9 a
459 3618 26 18 Le
490 3616 75 19 Radical
572 3618 9 10 a

107 3645 24 17 de
143 3644 97 18 Marseille,
247 3648 33 17 peu
287 3644 178 22 scrupuleusement,
472 3650 11 12 a
489 3644 92 23 publié,en

107 3672 92 22 première
216 3675 50 18 page,
283 3675 26 13 un
323 3670 83 24 grossier
420 3671 124 22 démarquage
559 3672 24 17 de

109 3699 79 18 l’article
193 3699 24 18 de
223 3698 25 18 M.
254 3698 45 23 May.

562 369 152 30 ignominies,
728 374 26 14 se
764 364 148 23 contraclent
919 362 36 20 les
968 364 61 16 mar-

562 404 53 21 ges
627 403 35 20 les
677 402 53 26 pius
746 398 144 22 avilissants.

587 435 20 23 Il
617 441 18 14 v
643 441 13 14 a
679 440 30 15 en
722 432 77 22 Corse
820 430 43 21 des
884 426 146 23 malfaiteurs

562 468 37 28 r[ui
619 468 119 25 occupent
755 465 42 20 des
814 461 122 23 fonctions
953 457 78 28 publi-

562 506 65 22 ques,
636 500 47 24 des.
690 500 82 25 postes
791 494 92 24 élevés;
903 493 16 21 il
933 498 18 21 y
962 497 13 15 a
990 491 42 20 des

562 534 86 21 maires
658 532 95 21 voleurs
760 532 24 19 et
790 527 122 23 criminels
920 525 49 27 qui,
978 529 54 17 con-

562 565 98 23 damnés
672 564 13 21 à
697 564 42 21 des
756 563 84 27 peines
852 559 142 22 infamantes
1004 562 30 15 ne

562 601 55 20 sont
630 599 23 20 ni
666 595 121 28 révoqués
795 600 42 22 par
846 594 22 20 le
879 591 120 24 ministre,
1010 590 24 20 ni

562 630 135 28 suspendus
712 634 42 21 par
764 629 23 19 le
799 625 123 23 Préfet:-il
934 625 37 19 est
980 623 15 20 d
1003 628 32 15 un

564 669 72 22 usage
660 662 109 21 constant
786 665 46 22 que
842 659 67 20 toute
921 657 22 21 la
961 655 75 27 partie

564 698 30 20 de
605 697 24 21 la
640 694 140 28 population
796 692 40 27 qui
849 693 36 19 est
896 687 140 24 considérée

564 735 94 17 comme
672 729 86 20 votant
766 728 83 19 contre
861 725 34 20 les
913 722 124 22 candidats

564 763 102 22 officiels
673 761 67 27 quels
748 758 69 29 qu’ils
824 758 80 21 soient
909 756 65 21 —du
981 754 57 22 Bloc

565 795 105 23 national
676 800 30 15 en
715 799 61 22 1919,
784 792 32 21 du
823 790 82 23 Cartel
914 796 29 14 en
953 794 86 22 1924—

566 832 36 19 est
613 827 187 27 complètement
820 822 110 24 sacrifiée
952 823 24 20 et
987 821 52 22 doit

566 869 26 16 se
600 862 55 22 voir
664 861 92 21 refuser
764 864 49 16 non
821 857 135 23 seulement
960 856 79 21 toutes

566 898 36 20 les
622 894 97 22 faveurs
730 893 61 21 mais
811 892 79 21 même
903 890 42 21 des
963 887 76 22 droits

568 928 135 23 essentiels.

594 962 66 22 Pour
671 962 103 20 faciliter
786 962 22 18 le
832 962 209 18 fonctionnement

569 997 30 21 de
611 1002 28 15 ce
659 993 112 30 système,
783 998 69 22 .pour
866 989 130 28 empêcher
1006 989 35 20 les

570 1029 95 23 enfants
676 1028 33 21 du
717 1033 59 22 pays
789 1025 92 22 d’avoir
894 1030 48 15 une
953 1021 89 29 pensée

571 1062 161 29 personnelle,
751 1066 47 15 une
817 1059 128 21 concience
966 1061 74 20 corse,

573 1105 31 16 on
613 1099 36 21 les
662 1096 139 28 embrigade
813 1096 59 21 dans
884 1094 42 21 des
941 1092 102 27 emplois

574 1133 72 21 civils
663 1137 31 16 ou
707 1130 133 24 militaires,
862 1133 32 16 on
903 1133 28 15 en
945 1126 43 21 fait
1002 1125 42 21 des

575 1172 61 22 gens
656 1163 73 30 payés
750 1169 43 22 par
811 1164 24 20 le
854 1160 193 29 gouvernement

576 1199 125 29 (honneur
719 1197 112 27 suprême
842 1195 26 28 !),
880 1195 58 21 bien
955 1193 90 24 mieux,

577 1239 32 16 on
643 1231 101 22 accorde
768 1231 23 21 la
809 1227 92 24 charité
936 1227 42 23 de.
995 1227 52 20 l'as-

577 1267 104 21 sistance
691 1265 114 27 publique
814 1262 14 22 à
836 1263 54 27 plus
899 1261 33 22 du
940 1261 58 21 tiers
1006 1260 46 21 des.

578 1300 120 22 habitants
705 1305 5 15 :
720 1298 42 21 des
778 1302 60 23 gens
854 1295 50 22 très
921 1294 58 21 bien
993 1298 56 22 por-

567 1335 82 24 tants,
671 1332 43 21 des
725 1329 171 30 propriétaires
915 1326 64 23 aisés
997 1328 50 19 tou-

578 1367 74 21 chent
662 1366 22 21 la
693 1365 114 26 modique
817 1361 127 23 allocation
957 1360 29 21 de
997 1356 53 25 i’as-

578 1401 104 21 sistance
709 1398 131 28 publique..
861 1394 138 23 Demandez
1021 1398 28 16 au

579 1433 113 23 Ministre
704 1432 29 21 de
745 1430 143 25 l’Intérieur,
902 1429 23 21 le
937 1428 60 21 total
1008 1426 42 21 des

579 1472 105 17 sommes
703 1465 178 22 annuellement
896 1460 131 23 attribuées
1038 1458 12 23 à

579 1507 28 15 ce
630 1499 95 23 service
742 1503 63 23 pour
818 1498 22 20 la
853 1496 85 25 Corse,
954 1499 25 17 et
989 1499 61 16 vous

579 1539 67 16 serez
664 1531 81 27 édifié,
774 1530 126 23 Monsieur
925 1528 66 28 Ma}r.
1016 1526 35 22 Ce

579 1567 140 27 diabolique
726 1565 107 29 système
842 1562 209 23 d’abrutissement

579 1601 79 21 voulu
682 1606 14 15 a
716 1605 30 15 eu
769 1598 30 22 de
826 1597 47 22 tels
893 1596 119 24 résultats,
1039 1600 13 14 a

580 1633 70 28 porté
665 1633 42 22 des
724 1632 70 22 fruits
806 1631 21 21 si
837 1636 65 16 murs
914 1635 48 21 que
973 1628 79 22 même

580 1669 31 20 de
622 1668 70 21 hauts
708 1665 191 23 fonctionnaires
911 1668 81 17 corses
1011 1662 42 21 ont

579 1702 79 27 perdu
667 1702 53 20 tout
731 1699 133 22 sentiment
875 1697 30 21 de
913 1693 140 25 nationalité

581 1740 77 20 corse,
667 1732 82 24 oublié
760 1733 53 21 tout
825 1730 153 29 patriotisme
986 1733 68 17 corse

581 1771 25 19 et
618 1774 31 15 en
667 1769 55 20 sont
741 1764 91 24 arrivés
849 1764 13 21 à
871 1770 26 15 se
912 1761 142 23 vanter—ô

581 1799 190 24 ironie!—d’être
778 1799 29 21 de
815 1798 69 22 vrais
891 1798 24 20 et
916 1796 65 29 fiers
987 1795 68 22 Gau-

582 1835 58 22 lois..

609 1868 71 22 Cette
714 1865 154 24 francisation
897 1863 157 25 outrancière,

582 1904 64 20 cette
656 1901 159 22 assimilation
838 1898 127 22 excessive
983 1898 23 20 et
1023 1896 31 22 ef-

582 1935 108 29 frayante
714 1932 160 28 commençait
885 1931 13 22 à
910 1931 154 24 emasculer,.

582 1975 13 16 a
605 1969 93 24 étioler,
713 1969 69 19 notre
799 1966 64 21 belle
879 1962 176 30 jeunesse—ô

582 2003 24 21 la
620 2002 63 21 belle
694 2001 114 27 jeunesse
821 2004 68 16 corse
911 1998 98 21 vibrant
1026 2002 29 15 en

583 2034 55 29 1768
646 2040 47 16 aux
700 2034 84 27 appels
790 2033 31 21 de
832 2031 66 23 Paoli
908 2032 24 21 ét
944 2031 30 21 de
982 2030 74 22 Char-

583 2070 36 21 les
632 2068 133 27 Bonaparte
776 2067 5 20 !
791 2078 29 3 —
833 2065 105 27 Lorsque
953 2064 102 22 heureu-

584 2103 96 21 sement
690 2102 24 20 et
725 2100 156 24 subitement,
894 2098 43 21 dès
954 2098 22 21 la
984 2097 32 22 fin
1026 2097 30 21 de

584 2136 23 21 la
618 2140 94 23 guerre,
732 2133 78 28 surgit
821 2133 21 21 A
858 2131 103 23 Muvra.

611 2169 24 21 A
649 2168 93 21 Muvra
753 2168 38 20 est
801 2166 109 21 corsiste.
919 2164 70 22 Vous
995 2169 62 16 vous

587 2203 117 28 plaignez,
719 2199 133 26 Monsieur,
863 2204 46 22 que
920 2198 47 22 l’on
974 2203 32 16 ne
1012 2198 46 20 sait

586 2242 44 21 par
649 2234 32 22 où
697 2233 54 22 finit
770 2234 23 20 le
816 2231 173 29 régionalisme
999 2237 6 19 ;
1027 2236 30 15 en

587 2268 97 26 France,
698 2268 18 21 il
729 2266 55 23 finit
801 2266 59 21 dans
877 2265 41 22 des
930 2265 127 27 banquets,

587 2308 61 16 avec
658 2301 124 24 .chansons
798 2299 32 22 du

588 2336 29 21 de
633 2335 55 22 vins
698 2339 30 17 ou
736 2334 31 21 de
777 2333 79 22 cidres
867 2333 97 24 locaux,
972 2331 86 22 vielles

588 2375 32 16 ou
632 2368 114 28 guitares,
763 2365 92 29 parfois
868 2365 149 22 exhibitions
1029 2365 30 21 de

589 2405 122 19 costumes
722 2399 169 29 provinciaux,
909 2401 24 19 et
950 2399 109 21 discours

588 2437 56 27 plus
661 2441 31 15 ou
711 2434 80 22 moins
811 2433 176 27 emphatiques.
1016 2431 43 22 Les

589 2468 101 29 députés
714 2468 91 21 aiment
825 2465 13 22 à
855 2466 131 27 participer
1005 2465 14 22 à
1032 2471 28 15 ce

589 2508 75 23 genre
684 2502 30 21 de
728 2499 194 23 manifestations
935 2498 126 23 inoffensi-

588 2543 54 15 ves.
656 2535 62 22 Mais
738 2535 18 21 il
767 2540 31 15 ne
817 2533 51 22 faut
876 2539 42 21 pas
938 2533 59 21 aller
1007 2533 53 27 plus

590 2570 59 22 loin.
664 2568 89 26 Quand
767 2568 36 21 les
817 2566 111 26 Bretons,
940 2566 36 21 les
992 2566 69 21 Alsa-

591 2604 75 25 ciens,
674 2602 37 21 les
724 2600 88 22 Corses
822 2599 132 22 réclament
962 2599 42 21 des
1009 2599 53 22 réa-

589 2636 65 23 lisât!
657 2635 77 22 ons.le
746 2633 193 22 rétablissement
947 2634 42 21 des
998 2633 63 22 Etats

591 2669 169 29 provinciaux,
787 2667 42 21 des
849 2666 99 22 libertés
965 2667 96 26 provin-

592 2703 82 24 ciales,
687 2702 22 21 le
727 2701 83 27 départ
823 2700 42 21 des
874 2699 188 22 fonctionnaires

591 2736 64 23 tarés
672 2735 72 27 qu’on
757 2735 51 20 leur
832 2738 93 23 impose
949 2739 61 21 pour
1027 2734 35 21 les

592 2769 113 23 humilier
717 2768 31 27 (la
761 2766 84 26 Corse,
859 2772 60 21 pour
935 2772 24 16 sa
969 2769 52 25 part
1032 2773 32 15 en.

592 2809 13 16 a
617 2809 29 15 eu
656 2807 30 16 un
697 2802 89 21 certain
799 2800 98 21 nombre
909 2800 50 27 qui,
969 2805 56 16 sous
1040 2801 22 21 le

594 2837 96 27 rapport
705 2835 29 20 de
744 2833 123 26 l’infamie,
885 2833 113 22 n’étaient
1011 2839 50 22 pas,

594 2874 94 18 comme
707 2873 31 16 on
751 2867 35 22 dit
801 2867 59 21 dans
879 2873 45 15 une
947 2869 115 20 musette:

595 2904 23 21 et
634 2903 46 21 elle
691 2907 31 15 en
734 2907 14 15 a
758 2905 89 17 encore
859 2898 15 30 !)
886 2900 75 22 Alors
972 2900 36 21 les
1021 2906 43 21 po-

594 2935 107 23 liticiens
727 2936 124 20 montrent
879 2934 36 21 les
943 2933 70 22 dents
1040 2936 24 20 et

595 2969 78 22 crient
682 2974 5 15 :
700 2973 27 15 ce
738 2967 62 21 n’est
808 2972 42 21 pas
862 2966 31 21 de
901 2967 42 27 jeu
952 2967 5 20 !

609 2998 23 21 A
640 2996 94 23 Muvra
745 3001 13 16 a
767 2997 95 20 montre
869 3000 48 16 aux
923 2996 90 20 Corses
1019 3001 46 21 que

597 3036 39 16 ses
644 3029 130 28 prétendus
781 3027 179 28 représentants
974 3027 13 22 à
999 3028 67 22 Paris

598 3063 121 25 n’étaient,
730 3061 55 22 sauf
791 3062 30 21 de
834 3061 138 22 rarissimes
981 3063 24 19 et
1013 3061 54 27 pré-

599 3097 93 21 cieuses
699 3095 128 28 exception
830 3100 18 20 s,
852 3100 46 21 que
903 3096 37 20 les
949 3094 51 22 élus
1008 3095 30 21 de
1044 3096 24 20 la

599 3129 90 24 fraude,
699 3129 30 21 de
739 3128 123 27 l’intrigue
877 3130 24 19 et
912 3128 31 21 de
954 3129 23 20 là
985 3134 84 15 suren-

601 3162 310 26 chère,même-reconnues
922 3163 25 19 et
963 3160 106 22 avouées

600 3202 44 22 par
674 3196 64 20 leurs
758 3194 157 22 malheureux
945 3193 124 22 électeurs.

602 3228 83 25 Aussi,
708 3233 47 16 aux
769 3226 116 22 élections
899 3227 30 21 de
952 3232 54 22 1924
1026 3232 44 17 son

601 3264 52 20 mot
662 3260 93 22 d’ordre
764 3260 36 22 fut
808 3260 105 21 entendu
919 3262 26 19 et
949 3265 81 22 30.000
1038 3261 34 20 ci-

601 3298 88 26 toyens
704 3299 81 16 corses
794 3293 156 22 s’abstinrent
955 3293 30 21 de
990 3293 80 22 voter!

602 3330 23 21 A
638 3327 94 23 Miwra
745 3330 24 19 et
777 3328 35 20 les
823 3326 123 22 Corsistes
958 3327 116 22 remirent

603 3368 32 15 en
653 3362 112 21 honneur
785 3360 92 27 l’usage
893 3360 30 20 de
944 3361 22 19 la
986 3360 88 27 langue

604 3399 77 19 corse,
693 3394 25 20 le
732 3393 63 21 culte
812 3392 30 21 de
854 3393 23 20 là
892 3391 85 28 poésie
997 3398 76 20 corse,

604 3427 90 23 l’étude
705 3428 23 19 et
747 3427 23 20 la
780 3425 162 28 glorification
960 3425 31 21 du
999 3425 77 27 -passé

605 3466 70 16 corse
684 3467 5 13 :
699 3461 56 19 tous
762 3460 36 21 les
807 3458 121 21 écrivains
938 3458 32 21 du
980 3459 96 25 terroir,

591 3485 3 27 !
605 3496 26 20 et
638 3494 37 21 les
686 3493 54 27 plus
752 3492 96 28 grands,
863 3494 54 19 sont
927 3497 80 16 venus
1019 3490 13 22 à
1044 3492 35 21 ei-

591 3534 4 13 !
605 3529 33 24 le;
648 3526 46 21 elle
706 3531 14 15 a
728 3524 14 23 à
752 3531 44 16 son
808 3525 61 21 actif
874 3531 47 15 une
933 3524 146 28 production

591 3551 6 30 !
608 3560 131 22 étonnante
748 3559 30 21 de
789 3559 76 21 livres
877 3557 204 28 spécifiquement

608 3598 90 20 corses,
717 3592 47 21 elle
783 3598 14 15 a
814 3590 84 28 publié
915 3592 22 20 la
960 3591 121 27 première

609 3625 145 29 grammaire
778 3629 78 17 corse.
869 3624 50 22 Elle
936 3630 14 15 a
969 3623 112 28 organisé

610 3661 43 21 des
688 3657 195 23 manifestations
921 3657 160 28 patriotiques

609 3698 95 17 comme
730 3691 185 28 l'inauguration
941 3690 33 23 du
992 3695 86 18 monu-

1051 116 64 21 ment
1126 118 51 16 aux
1193 112 76 21 morts
1285 108 29 21 de
1331 105 154 22 Pontenovu,
1496 100 23 20 la

1051 153 57 21 pose
1118 146 31 21 de
1165 146 23 19 la
1200 145 86 26 plaque
1305 135 215 26 commémorative

1051 181 28 20 de
1104 177 123 22 Padulella
1258 177 24 19 et
1299 173 22 20 la
1340 167 179 24 manifestation

1051 217 61 22 pour
1134 211 24 20 le
1182 208 91 21 second
1294 200 138 26 centenaire
1453 198 30 21 de
1496 197 24 20 la

1052 244 127 21 naissance
1200 241 30 20 du
1251 239 59 22 Père
1330 235 31 21 de
1384 234 22 19 la
1432 229 88 24 Patrie,

1053 275 84 22 Pascal
1149 274 74 24 Paoli,
1236 278 33 16 ou
1279 267 136 25 littéraires,
1428 266 95 18 comme

1053 310 35 20 les
1110 307 105 21 dînettes
1236 302 122 25 annuelles
1375 298 42 21 des
1440 295 84 28 poètes

1055 346 89 17 corses.
1165 339 29 21 Et
1213 340 22 20 la
1244 339 113 26 jeunesse
1374 328 151 27 intelligente

1055 381 14 14 a
1085 372 112 28 répondu
1209 371 13 22 à
1233 377 45 16 son
1290 366 78 30 appel'-
1378 370 12 15 c
1398 364 37 20 est
1444 367 46 15 une
1497 360 29 20 de

1057 412 38 16 ses
1104 404 85 23 fiertés
1198 406 24 19 et
1227 405 30 20 de
1265 408 39 17 ses
1310 395 164 26 consolations
1481 398 46 22 que

1058 441 39 20 cet
1108 438 192 27 empressement
1310 433 42 21 des
1369 430 85 27 jeunes
1465 426 14 21 à
1491 431 38 15 ac-

1059 472 81 22 courir
1151 476 58 16 sous
1217 471 36 20 les
1264 469 47 28 plis
1318 466 32 21 du
1364 464 103 25 drapeau
1484 458 12 22 à
1507 459 22 20 la

1058 507 50 20 tête
1118 505 31 21 de
1159 503 91 21 Maure.
1419 522 6 8 ,
1453 523 9 7 A

1088 533 32 22 La
1140 531 120 29 politique
1280 530 101 20 corsiste
1401 530 62 15 nesi

1065 564 189 29 anti-française;
1273 562 45 21 elle
1343 560 36 20 est
1392 554 141 29 -cependant

1065 598 106 28 opposée
1178 594 13 25 à
1203 598 23 20 la
1232 592 155 25 francisation
1395 587 136 24 excessive.

1065 632 47 21 Elle
1136 633 60 19 veut
1216 633 94 17 assurer
1330 626 22 20 le
1376 622 93 27 respect
1490 619 44 21 des

1065 665 107 28 origines
1180 665 25 19 et
1212 663 41 21 des
1261 658 129 23 traditions
1402 651 132 26 corses.Un

1065 699 47 21 bon
1125 697 78 22 Corse
1210 700 30 16 ne
1249 693 52 21 doit
1307 697 42 22 pas
1360 689 83 27 rougir
1452 686 31 22 de
1491 690 43 16 son

1065 731 199 24 ascendance;pas
1271 727 54 26 plus
1340 722 72 29 qu’un
1428 721 49 21 bon
1492 718 45 22 Ca-

1065 765 88 21 nadien
1176 768 31 16 ou
1230 766 32 15 un
1285 759 48 21 bon
1353 754 136 24 Mauricien
1506 756 31 16 ne

1065 798 103 21 doivent
1185 794 68 23 avoir
1276 792 74 21 honte
1372 789 29 21 de
1433 788 23 21 la
1476 787 60 21 leur.

1066 830 55 22 L’île
1134 830 39 21 n’a
1181 834 43 22 pas
1230 825 142 22 vainement
1383 819 109 30 éprouvé
1502 819 36 20 les

1067 864 114 21 bienfaits
1192 861 60 22 delà
1267 857 149 23 civilisation
1428 852 111 24 romaine

1068 900 25 19 et
1110 898 30 21 de
1161 898 24 20 la
1202 893 147 24 civilisation
1366 890 92 28 pisane,
1472 892 13 16 c
1493 886 47 20 est-

1067 931 78 22 à-dire
1156 932 106 20 toscane.
1283 925 30 22 La
1329 926 88 25 langue
1428 919 112 24 officielle

1068 965 58 21 était
1142 964 23 21 le
1179 965 88 21 toscan,
1281 961 24 19 et
1324 959 34 21 du.
1366 958 71 23 reste,
1458 955 23 20 le
1493 952 48 22 dia-

1068 999 63 21 lecte
1153 1002 70 16 corse
1243 995 37 20 est
1300 990 155 24 étroitement
1471 991 71 23 appa-

1069 1030 68 24 renté
1154 1036 32 15 au
1205 1032 92 20 toscan,
1317 1024 94 28 d’après
1432 1024 57 19 tous
1507 1020 36 20 les

1069 1065 155 29 philologues
1247 1058 159 29 compétents.
1423 1055 62 22 Mais
1496 1052 48 22 l’île

1071 1099 55 22 n’en
1139 1104 13 15 a
1164 1103 43 22 pas
1219 1095 80 23 moins
1310 1098 47 16 une
1375 1085 169 27 individualité

1071 1133 49 22 très
1132 1133 66 20 nette
1212 1136 5 20 ;
1227 1129 45 21 elle
1282 1128 36 20 est
1330 1126 73 21 avant
1419 1124 55 20 tout
1487 1120 57 22 Cor.

1072 1173 34 16 se,
1120 1170 97 17 comme
1226 1163 23 21 le
1261 1161 94 21 déclare
1369 1158 34 22 M.
1417 1156 93 31 Volpe..

1103 1195 48 21 Car
1179 1195 23 19 le
1224 1195 134 23 proiesseui

1077 1228 87 27 Volpe,
1179 1226 40 28 qui
1237 1226 37 20 est
1284 1229 33 16 un
1337 1222 43 21 des
1396 1219 98 23 maîtres
1510 1216 36 21 les

1077 1263 53 26 pius
1147 1257 178 29 remarquables
1343 1255 30 21 de
1388 1247 159 44 l'Uniyersité

1077 1296 115 21 italienne
1204 1295 24 19 et
1238 1292 14 21 à
1260 1291 40 28 qui
1312 1289 77 28 parait
1399 1284 149 24 s’intéresser

1077 1330 48 21 fort
1138 1327 35 22 M.
1185 1326 64 28 May,
1262 1331 14 15 a
1288 1330 28 15 su
1325 1323 111 21 dicerner
1450 1316 99 24 d’admi-

1077 1362 65 22 rable
1154 1362 70 26 façon
1235 1360 36 20 les
1279 1357 68 22 traits
1358 1356 36 21 les
1406 1354 54 27 plus
1469 1356 79 16 carac-

1077 1395 139 26 téristiques
1227 1393 31 20 de
1274 1391 70 22 l’âme
1355 1393 77 19 corse,
1444 1388 24 19 et
1484 1385 18 21 il
1513 1384 35 21 les

1077 1435 19 21 a;
1102 1426 111 24 dessinés
1224 1431 60 16 avec
1294 1429 47 17 une
1352 1419 91 24 netteté
1462 1418 41 28 qui
1518 1423 30 15 ne

1077 1463 74 22 laisse
1159 1462 54 21 rien
1220 1460 13 21 à
1242 1456 122 25 désirer.Il
1372 1454 37 22 n’a
1416 1459 43 22 pas
1466 1450 81 26 fondé,

1078 1501 96 17 comme
1182 1495 27 21 -lé
1224 1493 61 21 croit
1304 1489 101 28 M,May,
1415 1493 48 16 une
1474 1490 75 18 revue

1078 1527 103 30 appelée
1202 1527 114 24 Corsica\
1337 1528 57 20 non,
1419 1521 63 22 mais
1499 1519 19 22 il
1535 1524 14 15 a

1078 1563 84 31 publié
1175 1569 57 17 sous
1242 1569 27 15 ce
1277 1562 57 22 titre
1345 1566 33 15 un
1390 1557 91 23 recueil
1492 1555 59 24 d’ar-

1078 1603 70 22 ticles
1160 1601 31 21 de
1198 1602 54 20 tout
1267 1597 105 30 premier
1380 1595 71 22 ordre
1462 1591 87 31 (nj.Les

1080 1635 122 24 Corsistes
1208 1640 30 16 ne
1244 1632 106 29 peuvent
1355 1628 145 30 qu’admirer
1505 1631 44 17 son

1079 1670 77 22 talent
1167 1670 25 20 et
1203 1666 130 23 remercier
1343 1666 39 20 cet
1387 1663 47 22 ami
1444 1659 106 24 désinté-

1080 1702 75 23 ressé.

1109 1731 40 22 Du
1158 1731 65 21 reste
1229 1729 19 21 il
1255 1735 15 15 n
1280 1734 18 22 y
1305 1732 62 22 a-pas
1378 1731 32 22 qu
1419 1731 13 15 a
1439 1728 109 22 Ajaccio,

1082 1765 128 22 Monsieur
1221 1764 22 20 le
1260 1761 131 24 rédacteur,
1405 1756 146 29 qu'existent

1081 1799 159 27 des.groupes
1249 1796 29 21 de
1291 1793 120 23 corsistes.
1421 1792 23 21 A
1455 1791 96 21 Muvra
1561 1804 3 10 ,

1081 1832 77 28 paraît
1162 1832 59 20 dans
1225 1831 22 20 la
1258 1829 59 22 ville
1320 1828 30 21 de
1354 1823 196 31 Napoléon,mais
1561 1819 3 38 j

1082 1867 18 21 il
1107 1872 17 22 y
1132 1871 14 16 a
1152 1865 43 21 des
1207 1863 111 22 corsistes
1325 1862 95 27 partout
1430 1857 122 26 ailleurs,à

1082 1899 94 22 Bastia-
1187 1897 80 25 Corte,
1279 1895 106 25 Sartène,
1400 1892 150 24 Ile-Rousse,

1083 1933 80 25 Calvi,
1178 1932 58 21 dans
1250 1931 80 21 toutes
1345 1929 36 21 les
1399 1927 81 25 villes,
1493 1925 59 22 dans

1082 1968 36 20 les
1138 1965 123 23 moindres
1272 1963 110 27 villages.
1389 1961 60 21 Bien
1460 1960 91 24 mieux,

1081 2002 54 21 tout
1147 1999 48 22 bon
1201 1997 76 23 Corse
1289 1998 37 19 est
1340 1995 151 21 maintenant
1500 1998 53 16 cor-

1082 2035 68 21 siste.
1173 2032 31 21 La
1210 2029 155 30 propagande
1375 2028 30 22 de
1416 2028 22 21 A
1456 2026 96 23 Muvra

1082 2074 32 15 ne
1138 2066 58 22 s’est
1213 2071 42 22 pas
1274 2064 135 21 seulement
1420 2061 104 22 étendue
1540 2059 14 22 à

1083 2107 38 16 ses
1134 2099 129 23 adhérents
1278 2096 153 27 incrits;-eile
1443 2101 14 15 a
1475 2093 79 30 gagné

1082 2138 57 19 tous
1148 2135 36 20 les
1197 2137 85 20 coeurs;
1292 2130 71 23 l’idée
1375 2130 31 21 du
1414 2128 141 23 nationalis-

1083 2175 39 16 me
1135 2173 70 17 corse
1220 2165 56 23 s’est
1291 2164 124 28 répandue
1432 2168 62 16 avec
1507 2168 47 16 une

1084 2202 138 25 sûreté,une
1230 2198 103 29 rapidité
1342 2196 211 24 extraordinaires.

1084 2236 23 21 A
1118 2235 98 22 Muvra
1227 2234 37 21 est
1281 2232 114 22 attendue
1407 2236 58 16 avec
1480 2230 84 28 impa-

1083 2269 82 21 tience
1181 2273 49 16 non
1245 2266 134 21 seulement
1389 2265 60 21 dans
1460 2265 23 20 la
1495 2264 60 22 mai-

1085 2307 45 17 son
1146 2302 33 21 du
1197 2298 164 31 propriétaire,
1381 2298 60 22 mais
1458 2298 60 21 dans
1534 2298 22 21 la

1085 2339 91 22 cabane
1187 2338 31 21 du
1229 2337 94 27 berger,
1337 2335 60 21 dans
1404 2335 60 21 celle
1473 2334 30 22 de
1515 2333 41 23 l’a-

1085 2372 139 28 griculteur;
1230 2371 24 21 le
1262 2367 297 31 paysan,l’ouvrier,l’éco-

1084 2407 55 25 lier,
1151 2406 126 26 le.-prêtre,
1289 2404 24 21 le
1325 2402 177 23 fonctionnaire
1511 2402 48 21 mê-

1087 2446 38 16 me
1142 2440 23 20 la
1176 2439 74 21 lisent
1269 2439 25 20 et
1305 2437 92 21 chacun
1409 2436 30 21 de
1451 2441 40 16 ses
1514 2441 45 16 nu-

1083 2473 85 23 méros
1181 2474 25 19 et
1213 2472 50 21 vite
1275 2469 93 29 épuisé.
1400 2477 7 4 -

1116 2500 80 23 L’idée
1207 2500 43 22 fait
1264 2499 238 22 merveilleusement
1516 2502 44 17 son

1087 2535 97 22 chemin
1191 2541 6 19 ;
1211 2539 28 16 au
1251 2532 86 22 souffle
1348 2532 31 21 de
1393 2537 38 15 ses
1444 2536 116 19 semeurs,

1087 2569 30 21 de
1133 2567 101 28 l’apôtre
1246 2566 72 22 Pefr.u
1330 2565 81 22 Rocca
1430 2566 24 20 et
1473 2565 30 21 de
1524 2570 39 16 ses

1088 2606 173 23 compagnons,
1270 2599 49 22 elle
1339 2605 13 15 a
1363 2598 65 22 brisé
1451 2600 54 20 tous
1528 2599 36 20 les

1088 2635 120 23 obstacles
1218 2641 6 15 :
1242 2633 130 22 faudra-t-il
1391 2632 57 21 chez
1459 2637 63 17 nous
1531 2637 33 16 un

1089 2669 122 22 Mahatma
1230 2667 98 22 Candi?
1347 2665 140 22 Faudra-t-il
1507 2666 57 21 aller

1087 2698 101 32 j’usqua
1200 2703 21 20 la
1228 2699 215 28 non-cooperation
1459 2705 46 22 que
1516 2698 48 29 pré-

1089 2736 85 22 conise
1184 2735 98 22 fardent
1295 2734 101 27 patriote
1406 2733 103 28 qu’aime
1520 2732 44 22 Ro-

1089 2770 65 21 main
1168 2767 103 24 Roliand
1280 2767 13 22 ?
1303 2766 68 23 Nous
1380 2773 29 15 ne
1421 2768 23 20 le
1463 2771 101 24 croyons

1090 2811 50 21 pas.
1156 2809 40 16 car
1214 2800 73 24 l’Idée
1300 2801 100 22 corsiste
1414 2806 12 15 a
1444 2799 53 29 déjà
1511 2805 53 17 con-

1089 2838 56 27 quis
1159 2841 103 24 presque
1284 2837 52 19 tous
1355 2835 35 21 les
1414 2840 86 16 coeurs,
1516 2838 48 18 tous

1089 2870 36 23 les
1133 2870 100 29 exprits:
1243 2874 44 17 son
1296 2868 120 27 triomphe
1427 2871 37 19 est
1470 2868 90 28 proche

1387 2907 32 22 A.
1421 2907 26 21 S.
1449 2906 109 23 Franchi

1112 2965 12 17 2
1138 2974 22 3 —
1169 2964 25 18 La
1207 2962 69 23 Lingua
1294 2960 29 19 del
1329 2963 15 16 si
1358 2962 30 17 est
1403 2961 121 18 visiblement
1535 2964 38 15 une

1094 2993 92 17 inconnue
1196 2995 47 18 pour
1250 2989 25 18 M.
1283 2988 42 23 May
1331 2989 32 22 qui
1370 2989 35 18 fait
1409 2989 41 18 dire
1454 2994 10 13 a
1475 2989 45 18 l’on.
1530 2989 43 18 Vol-

1094 3025 20 18 pe
1122 3020 20 17 le
1152 3018 92 20 contraire
1252 3018 24 17 de
1284 3020 21 14 ce
1311 3017 45 22 qu’il
1363 3017 90 22 exprime.
1464 3016 30 19 Un
1512 3021 62 14 exem-

1094 3049 28 21 ple
1129 3053 6 12 :
1149 3047 136 18 Le-rédacteur
1306 3045 25 17 (lu
1342 3045 123 22 «Quotidien»
1484 3045 36 18 cite
1529 3048 44 15 sous

1094 3077 48 17 cette
1158 3076 60 17 forme
1226 3078 27 14 un
1266 3077 78 19 passage
1358 3073 24 18 de
1394 3073 20 18 la
1427 3073 108 18 conclusion
1550 3073 24 18 de

1209 3107 5 13 :
1222 3102 24 17 «11
1254 3101 32 22 n’y
1291 3105 12 13 a
1307 3105 32 18 pas
1345 3105 66 14 encore
1414 3105 27 13 un
1446 3100 129 19 irrédentisme

1094 3136 53 14 corse
1157 3136 35 17 par
1205 3129 74 23 rapport
1287 3128 13 18 à
1307 3128 67 19 l’Italie
1383 3134 5 16 ;
1403 3128 47 18 -mais
1460 3127 16 19 il
1491 3134 13 17 y
1518 3133 11 13 a
1544 3128 31 21 des

1095 3159 83 18 éléments
1199 3156 98 23 suffisants
1313 3162 48 17 pour
1391 3161 70 18 penser,
1494 3156 81 19 craindre

1096 3192 23 13 ou
1124 3186 70 23 espérer
1198 3190 33 19 que
1236 3183 72 20 demain
1312 3184 15 18 il
1329 3189 68 19 pourra
1403 3183 72 19 exister.
1488 3189 9 11 »
1510 3183 26 18 Or
1547 3183 27 21 M.

1096 3215 59 21 Volpe
1160 3214 47 18 écrit
1215 3212 38 19 ceci
1259 3217 6 12 :
1270 3217 9 11 «
1287 3211 40 19 Non
1341 3213 57 18 esiste
1409 3216 26 13 un
1446 3211 130 18 irredentismo

1098 3246 53 14 corso
1162 3246 35 17 per
1211 3240 85 23 rapporto
1302 3240 82 19 alTitâlia
1390 3245 5 12 :
1410 3239 24 18 nè
1442 3239 24 18 ho
1489 3239 87 21 élément!

1097 3269 73 18 fondati
1176 3273 35 18 per
1215 3270 82 20 pènsare,
1309 3268 70 19 tëmere
1388 3272 12 13 o
1410 3269 75 20 spërare
1495 3267 35 18 che
1545 3267 31 18 do.

1098 3296 52 19 mani
1159 3300 58 18 possa
1224 3296 82 18 esistere.
1318 3302 10 11 »

1120 3324 88 18 Excusez
1216 3324 24 17 du
1251 3328 36 17 peu
1295 3323 26 18 !...

1278 3403 127 25 Avvlsu
1420 3420 6 5 .

1132 3463 27 20 Ci
1166 3463 103 25 dispiace
1274 3464 28 20 di
1306 3463 28 25 fà
1339 3462 58 24 sapé
1405 3467 16 14 a
1426 3461 89 20 Vamici
1519 3468 12 13 e
1534 3465 43 20 pa-

1104 3488 62 21 renti
1169 3489 77 20 stretti
1249 3489 39 20 chi
1292 3489 104 20 ricevenu
1402 3486 18 20 A
1427 3486 79 20 Muvra
1512 3487 67 23 dipoi

1105 3514 73 23 longu
1186 3515 94 23 tempue
1289 3520 16 14 a
1313 3513 11 20 i
1331 3512 68 25 quali
1403 3518 30 13 un
1434 3512 37 19 né
1482 3512 49 20 mai
1541 3518 37 13 ve-

1105 3541 59 17 nulu
1173 3538 24 20 in
1204 3541 73 18 mente
1285 3539 27 20 di
1318 3536 125 22 mandatai
1455 3543 31 13 un
1495 3537 83 20 articu-

1105 3564 26 19 la
1143 3570 13 13 o
1174 3569 31 14 un
1218 3562 148 26 cinquinellu,
1382 3561 40 20 chi
1433 3567 13 13 s
1446 3563 25 18 tu
1480 3568 98 13 numaru

1105 3589 54 19 serà
1169 3587 98 22 i’ultimu
1275 3587 75 22 ch’eîli
1361 3585 139 24 ricîveranu,
1509 3586 69 20 alme-

1106 3619 34 14 nu
1147 3613 56 20 d'un
1209 3613 63 24 facci
1276 3619 81 16 cennu,

1132 3638 48 20 Pih
1196 3638 125 20 Tamicizia
1327 3644 14 13 o
1348 3643 18 13 a
1372 3635 110 26 parenùa
1494 3636 13 19 è
1515 3638 64 17 stret-

1107 3663 79 24 ta,più
1191 3666 37 18 sta
1236 3660 248 28 dispiacevulernisura
1491 3661 51 20 serà
1549 3661 31 20 ri-

1105 3694 96 19 gurosa.

1545 93 170 39 I.RTTÂKÂ
1726 105 37 24 oea
1775 104 19 23 u
1813 88 67 38 SAN
1899 81 116 42 CÂKLÜ

1626 200 20 20 U
1653 204 35 15 me
1698 201 55 15 caru
1762 190 116 24 Sisinellu,

1577 250 25 21 Ti
1607 250 57 25 fogu
1672 247 57 24 sapé
1738 244 36 21 M
1773 242 73 25 aghiu
1861 238 99 21 ricivutu
1971 241 15 14 a
1996 236 23 18 to

1553 280 59 21 bella
1626 279 84 20 leltara
1723 276 24 19 in
1762 279 28 14 eu
1804 274 23 17 to
1836 267 144 23 mandatellu
1995 267 24 17 di

1553 312 99 19 trecentu
1671 304 101 28 franchi.
1789 300 138 23 Anch'assai
1942 296 36 20 du
1996 297 23 17 tu

1553 341 62 20 chai
1632 339 103 25 pinsatu,
1751 333 81 26 perchi
1848 332 143 18 cummciavu
2006 331 14 13 a

1553 371 70 21 creda
1631 369 39 20 chi
1677 368 37 20 t’ei
1719 367 10 20 i
1735 363 141 23 rimaritatu.

1582 401 52 21 Cusi
1640 400 19 19 si
1669 398 38 20 chi
1723 397 19 19 ti
1754 393 85 26 voghiu
1853 392 36 20 hè.
1900 391 44 21 Sai
1957 394 65 15 comu

1555 431 89 26 l'aghiu
1665 426 108 27 impigati
1791 425 33 20 sti
1847 422 77 22 soldi?
1941 419 83 22 Subitu

1556 461 72 27 aghfu
1637 460 71 21 missu
1725 457 31 20 da
1766 458 71 18 cantu
1853 453 52 20 deci
1918 450 107 26 franchi:

1557 492 73 28 quisti
1637 498 30 14 un
1674 490 18 20 li
1699 486 151 25 tuccaraghiu
1858 483 54 21 mai.
1922 483 34 19 Po
1965 481 61 24 dopu

1559 524 71 26 aghiu
1648 527 51 15 resu
1723 520 75 19 trenta
1815 517 95 24 quattru
1925 511 101 26 franchi,

1559 553 93 23 ch’avili
1658 551 101 26 pigliatu
1772 549 24 19 in
1808 540 80 31 'presiu
1896 550 29 14 ne
1937 543 39 20 zia
1986 542 42 20 Sa-

1559 586 100 23 bellapa
1677 588 30 14 un
1725 580 73 20 micca
1807 578 71 19 metta
1895 575 25 20 in
1937 578 71 15 manu
2020 577 9 13 1

1560 615 74 21 nostri
1640 610 126 23 cuniimii...
1778 609 50 20 Unn
1835 605 71 26 aghiu
1910 604 64 25 fattu
1984 602 39 19 be.

1560 645 73 26 Eppb,
1643 648 65 15 comu
1723 641 18 19 ti
1748 639 71 21 Vaviu
1827 637 68 20 ditta,
1905 634 33 21 mi
1945 638 41 19 sog
1994 638 37 13 ac-

1562 677 90 20 cattatu
1661 674 10 19 i
1678 677 11 12 «
1696 673 97 20 boutons
1798 675 9 10 »
1815 671 33 22 pa
1858 663 111 25 l’arecchj
1972 669 9 17 ;
1994 668 38 14 cu-

1562 708 19 20 si
1590 704 72 23 belli!
1678 704 22 20 si
1707 705 25 18 tu
1740 701 10 20 i
1757 700 78 21 vedi...
1852 698 26 20 sò
1886 697 24 20 in
1920 701 51 14 orea
1985 692 47 26 (lis-

1563 741 62 18 tessa
1634 741 53 15 cosa
1701 733 42 21 che
1759 729 75 26 boni),
1849 729 60 21 in.eu
1924 725 43 21 dui
1970 726 61 23 peln

1564 767 130 23 armétisse.-
1699 763 87 25 l’aghiu
1800 764 32 22 po
1847 760 32 19 da
1891 757 28 26 fà
1936 755 96 22 arrabia

1564 807 16 14 a
1588 798 74 27 qui/la
1676 795 111 27 gnifretta
1796 792 27 20 di
1828 791 159 20 Juvannuccia
1996 786 37 19 chi

1553 838 2 10 i
1565 832 22 20 ci
1594 831 29 20 vò
1629 829 29 26 fa
1672 826 69 22 creda
1758 823 38 22 chi
1809 829 15 14 u
1839 820 85 22 maritu
1937 822 96 21 guagna

1553 859 2 22 I
1564 862 42 26 più
1614 861 27 20 di
1649 858 55 22 miJa
1711 854 95 28 franchi
1813 860 15 13 u
1837 851 57 22 mesi
1900 850 11 20 !
1924 848 64 22 s’ellu
1997 853 38 14 sa-

1564 892 67 26 pissi,
1639 897 15 14 u
1659 890 83 21 tintu...
1750 886 49 22 Ma,
1806 884 29 21 oh
1841 884 10 20 !
1857 878 178 30 g’arriguarda;

1567 930 27 14 eu
1604 929 31 14 un
1643 920 78 26 vogliu
1733 918 27 25 fà
1775 923 15 13 a
1800 916 63 20 bruit
1863 920 15 13 a
1891 912 105 24 lrngua...
2006 910 29 18 In

1568 955 87 24 quante
1662 951 27 21 di
1696 956 15 14 u
1727 950 61 19 resta
1797 947 16 20 f
1813 941 176 26 actattcrraghra
2004 945 31 14 un

1566 984 91 26 paghiu
1664 982 27 20 di
1696 981 108 20 chassons
1812 977 25 20 in
1842 976 112 23 drapupa
1963 976 72 21 quan-

1553 1000 7 35 I
1569 1016 38 20 d’e
1623 1017 26 18 tu
1665 1012 87 21 vinarè,
1765 1012 35 22 pa
1817 1014 15 14 a
1850 1012 64 16 casa,
1929 1003 83 21 listessi
2020 1007 15 13 a

1554 1032 6 34 I
1570 1045 77 27 quilli.
1651 1044 27 20 di
1693 1049 40 16 me.
1742 1040 89 21 cucinu,
1846 1036 82 21 vidarè
1944 1032 91 22 com'elh

1554 1067 7 30 I
1571 1074 133 24 t'andarani
1711 1074 29 19 bè
1746 1072 11 20 !

1597 1103 72 30 Éppò,
1683 1110 61 15 corne
1750 1102 32 21 t’a
1796 1103 44 20 sai',
1851 1103 83 16 avanu
1942 1102 97 17 Disognu

1572 1140 55 20 d’un
1640 1136 90 27 paghiu
1741 1134 26 20 di
1774 1132 84 21 buitim
1867 1136 16 14 a
1891 1129 86 20 baretîe
1982 1129 34 22 pa
2025 1131 16 13 a

1573 1169 128 22 dumenica.
1712 1165 64 23 Sarii
1783 1163 63 21 bellu
1855 1162 75 20 bravu
1937 1165 21 14 si
1971 1160 26 18 tu
2011 1162 31 14 mi
2052 1154 4 41 j

1573 1202 19 21 li
1598 1199 100 27 laghissi
1702 1196 117 22 accattà...
1830 1194 68 20 Cornu
1904 1196 57 19 sogu
1966 1189 61 20 sieur
2027 1193 15 14 a

1574 1233 39 22 chi
1626 1226 171 26 t’undumandi
1810 1223 91 26 meghiv
1910 1228 28 14 ca
1950 1219 26 21 di
1984 1219 60 25 fami

1572 1264 69 26 piacè
1645 1260 90 26 l'aghiu
1740 1257 81 25 dighià
1826 1253 110 28 pighiati.
1941 1251 21 21 A
1972 1256 36 15 me
2013 1255 32 14 un

1574 1296 33 20 mi
1619 1293 50 22 Vha
1680 1291 58 26 faüi
1748 1288 66 27 pagà
1823 1293 28 14 ca
1860 1286 93 20 uttania
1966 1286 80 20 çinqui

1572 1324 101 28 franchi.
1683 1321 65 22 M’ha
1755 1319 64 26 fattu
1827 1323 32 14 un
1866 1317 81 19 scontu
1960 1312 26 20 di
1997 1312 49 19 deci

1573 1355 101 28 franchi,
1678 1351 84 28 parchi
1767 1349 72 25 aghiu
1844 1348 61 20 vistu
1911 1345 39 20 chi
1957 1349 91 15 annan-

1575 1390 33 19 fa
1616 1386 91 22 tichetta
1716 1388 59 15 cera
1781 1380 32 26 95
1818 1375 187 30 franchi...Eppò
2013 1374 34 21 di-

1575 1419 64 21 darè
1648 1416 55 21 din'o
1711 1414 68 21 en’un
1787 1417 58 19 sogu
1853 1409 79 21 -micca
1939 1406 90 26 spenda
2039 1411 8 14 1

1575 1457 37 14 me
1622 1448 65 21 sordi
1693 1447 27 20 /..
1735 1445 22 21 P
1756 1451 16 14 a
1780 1450 15 14 u
1805 1447 88 20 magna
1901 1440 74 20 circar
1975 1436 72 26 aghiu

1576 1477 171 27 d’arragniami
1753 1481 65 15 cornu
1821 1470 152 29 pudaraghiu
1981 1469 28 20 ch
2016 1474 31 14 un

1575 1519 57 19 sogu
1638 1512 67 20 tantu
1711 1507 95 26 difficili.

1602 1543 44 22 Sai
1653 1549 12 14 c
1673 1540 72 26 aghiu
1753 1538 103 21 riisciutu
1864 1543 16 14 a
1892 1535 28 25 fà
1931 1533 93 26 ghienir
2033 1537 15 14 a

1576 1575 80 22 babbu
1664 1580 16 13 a
1686 1571 69 22 l’asile
1761 1570 40 20 des
1808 1566 121 23 vieillards.
1940 1565 34 20 Un
1979 1563 23 21 ci
2008 1569 40 14 vu-

1576 1607 35 20 lia
1620 1605 72 21 micca
1699 1602 72 22 andà,
1781 1606 38 15 ma
1829 1599 46 21 avà
1884 1597 33 22 mi
1919 1596 55 26 pari
1981 1594 28 21 ch
2018 1593 30 21 el-

1576 1638 24 21 lu
1609 1637 22 20 si
1640 1635 66 26 piaci
1713 1633 65 22 assai
1783 1635 48 22 par
1830 1630 65 21 ch'un
1904 1628 25 21 lu
1937 1632 59 20 vegu
2006 1625 43 25 più

1574 1669 62 25 fòra.
1644 1667 59 23 Cus'i,
1711 1672 15 14 u
1732 1665 67 22 tintu,
1805 1669 31 14 un
1842 1659 111 23 mancarà
1958 1657 90 21 dinien.

1576 1701 20 19 ti
1603 1706 12 14 e
1624 1699 33 21 mi
1661 1697 102 22 lasciarà
1771 1701 32 15 un
1806 1695 60 25 poeù
1872 1690 128 26 tranquiha
2009 1688 37 20 chi

1575 1738 58 16 sogu
1641 1729 171 24 bell’occupata.

1604 1762 52 27 Qui,
1665 1760 55 21 avà,
1729 1759 25 20 sò
1763 1759 10 19 i
1783 1757 57 25 fesii
1847 1756 25 20 di
1884 1759 100 15 ^armva
1992 1759 6 13 :
2007 1757 38 14 ma
2059 1761 3 28 j

1579 1794 90 20 sfanmi
1678 1798 15 14 u
1704 1789 97 22 carnivà
1812 1789 14 19 è
1836 1790 59 22 pocu
1906 1790 93 20 grassu.
2008 1782 43 36 Ma.
2059 1790 3 15 \

1579 1826 31 20 c’è
1621 1824 149 21 abbastanza
1783 1817 112 24 maschiri
1901 1823 14 13 e
1923 1816 10 20 i
1940 1813 109 23 maschin

1579 1857 24 20 sò
1608 1855 71 26 guasi
1686 1853 54 21 tutti
1746 1851 80 22 donni.

1604 1888 126 22 Dumeuica
1735 1887 100 24 passata
1839 1883 50 20 tutf
1890 1881 160 25 apalazzata:

1579 1919 144 22 Antünieüa,
1746 1916 87 25 Fifina,
1848 1913 103 22 Sabella,
1964 1912 35 19 An
2001 1910 49 26 gela

1579 1951 79 21 Maria
1664 1948 127 22 Dumenica
1798 1951 13 15 é
1816 1945 103 21 Paulina
1924 1950 21 14 si
1949 1944 25 20 sò
1980 1943 71 25 digui-

1579 1982 50 21 saîû
1647 1981 66 20 Erird
1724 1979 53 21 tutti
1784 1977 81 21 vistuti
1873 1976 32 20 da
1914 1974 88 21 masciu
2008 1973 38 25 for

1579 2020 29 13 ca
1616 2012 78 21 Maria
1699 2009 128 22 Dumenica
1835 2007 38 21 chi
1878 2007 72 20 t’avia
1957 2012 30 14 un
1991 2005 61 25 pier-

1579 2046 37 18 rot
1630 2052 12 11 «
1648 2041 132 22 choixchoix
1788 2039 51 21 ».Si
1846 2041 25 18 tu
1884 2037 87 26 sapissi
1974 2047 31 5 —
2008 2034 53 26 uhfi

1580 2075 39 21 chi
1626 2080 119 19 vargegna
1750 2072 41 21 !—
1796 2071 59 21 hani
1860 2070 63 25 fattu
1929 2069 10 20 i
1945 2068 55 21 setti
2006 2074 46 13 coi-

1579 2107 28 24 pi
1612 2106 93 25 sopr’au
1714 2103 148 22 Diamanti...
1872 2101 66 21 Hani
1945 2099 106 25 intrigatu

1580 2144 48 14 una
1638 2142 86 15 manza
1734 2135 25 21 di
1766 2134 102 21 mondu..
1877 2133 135 25 Sopratuttu
2018 2133 35 18 tre

1581 2165 116 24 vicchieiii
1706 2175 19 14 «.
1732 2172 85 15 comme
1830 2164 19 21 il
1856 2164 54 25 faut
1918 2172 12 11 »
1945 2161 109 26 impigati

1581 2200 40 21 d’u
1631 2204 111 20 guvernu,
1752 2197 38 20 chi
1800 2196 82 26 g'hani
1893 2201 65 14 corsa
1967 2194 86 20 aàdar-

1581 2233 50 19 reiu
1646 2230 51 21 tutf
1697 2236 15 13 a
1720 2229 75 20 sirata
1809 2227 81 25 g’hani
1903 2226 66 25 fattu
1982 2225 27 20 di
2022 2225 32 20 sti

1580 2261 184 27 prupuslzìoni...
1783 2258 47 21 uh!
1839 2258 119 21 Madonna
1967 2257 10 20 !
1995 2256 58 25 eppô

1582 2294 63 24 dòpu
1653 2292 22 21 si
1682 2292 18 20 li
1706 2291 27 20 sò
1742 2290 93 25 purtati
1842 2296 15 13 a
1867 2296 15 13 u
1894 2288 85 26 caffè...
1996 2288 57 20 Culà

1582 2324 44 26 ghi
1630 2323 84 25 faciini
1721 2322 40 20 bia
1774 2321 66 20 liccri
1844 2320 45 25 fini
1896 2327 12 13 e
1919 2319 66 26 fumà
1994 2319 59 25 siga-

1583 2355 55 21 retti
1645 2361 16 14 a
1675 2358 11 12 «
1692 2354 68 20 bouts
1767 2353 68 20 dorés
1889 2352 18 20 S
1906 2352 15 19 b
1933 2351 57 20 stati
2001 2350 53 25 fora

1583 2387 60 20 sin'a
1651 2384 111 22 ondic’ori
1769 2390 13 14 e
1790 2389 104 15 mezzu...
1907 2382 44 21 Chi
1958 2382 97 20 scandu-

1585 2418 38 20 lu!
1630 2416 67 21 Hani
1702 2416 63 25 fattu
1773 2414 85 21 intunti
1868 2413 67 26 quilli
1943 2413 54 21 thiti
2007 2419 48 14 vec-

1586 2448 39 21 chi
1631 2448 22 20 si
1658 2448 26 20 ni
1687 2448 26 19 sô
1719 2446 58 25 fatti
1778 2449 34 22 pa
1818 2452 32 19 qu
1850 2448 71 17 ayant
1921 2452 15 13 a
1942 2444 43 21 dui
1990 2444 66 25 fran-

1587 2480 39 20 chi
1637 2479 26 20 di
1671 2477 126 22 Binidittini
1806 2484 13 13 e
1827 2477 27 20 di
1860 2476 70 21 Marie
1939 2476 116 20 Bizzare...

1588 2510 51 21 Eu?
1646 2510 51 21 Mai
1704 2509 39 20 d’a
1750 2509 34 20 vit
1783 2515 16 13 a
1805 2515 15 13 a
1828 2507 27 26 fà
1865 2508 47 20 cosi
1917 2514 28 13 eu
1945 2508 44 19 si...
1997 2507 60 20 alan-

1588 2542 45 20 don
1643 2541 7 20 !
1658 2540 32 21 sti
1697 2539 114 22 cüialacci
1814 2539 36 20 !...

1613 2573 127 20 Dumenica
1762 2577 22 13 m
1790 2576 72 19 agmu
1891 2572 33 17 da
1951 2575 106 14 mascara

1594 2603 100 22 anch’eu,
1733 2608 38 13 ma
1805 2601 18 20 ti
1849 2603 116 22 prumettu
1996 2599 62 21 ch'eu

1594 2642 44 14 unn
1647 2634 71 25 aghiu
1724 2632 62 25 dafà
1791 2630 53 22 rida
1850 2638 15 14 u
1870 2632 84 20 mondu
1963 2638 29 14 ne
1996 2638 63 13 man-

1594 2673 26 14 cu
1627 2664 137 22 criticami...
1774 2663 80 20 Prima
1865 2663 39 20 chi
1908 2665 34 22 pa
1952 2663 107 20 ’tarruccà

1594 2705 14 13 a
1614 2698 36 20 mè
1657 2696 23 20 ci
1684 2696 25 20 ni
1719 2695 37 20 vo’
1764 2697 57 22 eppc
1830 2694 22 19 ci
1865 2694 25 20 ni
1897 2694 53 20 vò...
1961 2693 100 21 Sicondu

1594 2729 38 20 chi
1637 2725 182 27 scighiariaghiu
1828 2731 16 14 a
1852 2731 35 14 me
1895 2725 165 24 cumpagnia...

1596 2759 71 22 Terzu
1675 2757 39 21 chi
1721 2757 9 20 i
1737 2756 79 21 vecchi
1823 2756 11 20 î
1848 2755 159 25 lasciaraghiu
2022 2758 39 18 sia

1594 2790 57 21 belli
1666 2787 146 26 tranquilli...
1831 2786 36 21 Pa
1881 2793 14 14 u
1913 2789 62 18 restu
1997 2793 29 14 un
2045 2787 19 20 ti

1595 2823 71 19 metta
1683 2819 73 20 nienti
1771 2818 24 20 in
1804 2821 68 22 capu,
1884 2818 40 19 bè!
1940 2818 21 20 ti
1974 2817 89 25 l’aghiu

1595 2852 61 21 ditta
1665 2859 9 12 :
1681 2849 74 27 quillu
1768 2849 39 20 chi
1813 2849 50 20 Vha
1880 2849 32 20 da
1927 2849 62 24 fallu
1999 2855 15 14 a
2029 2850 35 19 mè

1597 2883 66 21 unn’è
1671 2886 62 16 ancu
1742 2883 84 18 natu...
1844 2879 78 25 Aghiu
1938 2880 77 20 iouatu
2033 2887 31 14 un

1598 2914 90 20 domino
1697 2913 24 19 in
1729 2914 57 21 seta,
1798 2910 92 26 ghiallu
1897 2917 14 13 e
1919 2917 71 16 rossu,
1996 2912 68 24 guasi

1596 2948 34 22 pa
1639 2943 79 22 nienti,
1727 2949 29 14 ne
1766 2942 127 21 Madalena
1902 2948 17 13 a
1927 2942 80 20 sarda.
2021 2942 43 25 Eu,

1598 2975 64 21 sordi
1666 2980 31 15 un
1703 2974 26 19 ni
1734 2973 59 25 jettu
1799 2972 10 20 !

1624 3006 38 21 Ah
1668 3005 11 20 !
1685 3019 23 6 ...
1718 3004 42 20 che
1768 3010 31 14 un
1808 3004 64 19 mini
1886 3004 78 20 scordi
1967 3011 9 15 ;
1984 3008 76 17 avant
2058 3005 10 20 i

1599 3035 137 22 d’arrimani
1747 3036 13 19 è
1773 3035 121 24 ghiunfun
1911 3035 123 24 gendarma
2050 3043 17 13 a

1600 3067 86 21 circati.
1698 3066 78 20 T’avia
1786 3072 31 13 un
1827 3068 62 17 carte
1895 3072 65 14 rossu
1966 3069 34 22 pa
2014 3069 54 18 met-

1601 3099 123 20 fannantu
1746 3103 31 13 au
1814 3096 121 21 to’libretîu
1966 3097 102 21 militaru

1599 3128 96 26 g’aghiu
1708 3128 61 20 ditiu
1786 3127 38 20 chi
1840 3129 24 18 tu
1879 3128 150 25 fravaghiavi
2044 3130 24 19 in

1601 3159 132 25 Marseghia
1739 3158 65 25 dipoi
1811 3164 31 14 un
1851 3159 62 19 mesi.
1921 3155 81 24 Âlïora
2008 3160 64 20 m’ha-

1601 3191 98 24 fisppstu
1707 3189 38 20 chi
1752 3190 22 19 ci
1786 3188 65 21 vulia
1861 3189 38 20 chi
1905 3192 25 17 tu
1938 3189 55 25 fissi
2000 3197 15 13 a
2037 3191 33 20 di-

1601 3220 145 21 chiarazioni
1752 3220 26 19 di
1788 3219 170 25 «changement
1968 3221 30 20 de
2003 3230 11 11 n.
2016 3223 28 19 ré
2042 3222 29 20 si-

1601 3252 74 20 danse.
1684 3260 11 11 »
1710 3257 13 14 e
1736 3250 53 20 subi
1788 3250 40 20 tu!
1839 3250 120 22 Madonna
1964 3252 35 20 !...
2015 3259 55 14 cosa

1601 3283 23 20 ci
1629 3283 57 20 sarà
1694 3281 12 20 ?
1712 3281 142 21 Sabillaccia
1863 3282 63 21 m’ha
1933 3283 61 20 ditiu
2004 3283 39 21 chi
2050 3285 22 19 ci

1601 3314 64 19 safia
1675 3320 15 13 a
1696 3319 84 19 guerra
1786 3314 104 23 presiu...
1912 3328 5 4 .

1626 3345 23 20 E
1655 3351 40 13 ver
1695 3350 14 14 a
1716 3343 12 20 ?
1737 3350 54 14 cosa
1800 3344 26 20 ni
1831 3345 72 23 penzi
1908 3347 24 18 tu
1941 3345 13 20 ?
1964 3346 58 20 Cosa
2037 3346 35 20 di-

1602 3375 48 20 cini
1662 3375 24 19 in
1695 3374 133 25 Marseghia
1837 3373 12 20 ?
1857 3374 20 20 U
1884 3381 36 14 me
1925 3382 39 13 cor
1963 3376 37 19 du
2016 3376 57 21 Sisi-

1602 3405 62 20 nellu
1672 3404 218 25 rispondiniipresiu
1897 3407 78 24 sopr’a
1982 3407 91 24 sfaffa-

1602 3435 46 20 rl...
1656 3434 72 21 S’ellu
1735 3436 22 19 ci
1760 3435 60 24 fussi
1827 3441 31 14 un
1867 3437 69 19 antfa
1950 3444 84 18 guerra
2051 3439 23 19 ci

1603 3466 26 19 ni
1637 3472 12 13 s
1650 3466 51 19 aria
1710 3464 143 21 allucazioni
1858 3465 13 20 ?
1877 3466 86 26 Crergu
1970 3468 28 21 di
2007 3469 66 22 si,n’è

1604 3503 40 13 ver
1644 3496 34 20 a?
1686 3496 40 19 Ma
1734 3502 52 13 cosa
1794 3499 31 21 po
1832 3496 15 25 f
1844 3496 40 20 à...
1897 3504 16 13 a.
1914 3505 16 13 n
1931 3505 38 14 cor
1970 3505 14 14 a
1997 3496 77 24 ck’elîi

1604 3527 59 20 âiini
1667 3526 16 20 f
1684 3526 147 23 allucazioni,
1836 3533 28 14 eu
1869 3534 31 13 un
1909 3529 92 20 vülariu
2008 3536 65 14 man-

1604 3563 27 14 cu
1638 3560 33 21 pa
1681 3557 63 20 màra
1753 3556 80 21 ch'ellu
1850 3559 22 19 ci
1882 3558 61 24 fussi
1954 3567 31 13 un
2003 3564 70 17 antra

1595 3602 3 2 ■
1602 3594 110 17 guerra...
1725 3587 33 20 Un
1766 3589 120 20 mancaria
1893 3591 43 23 più
1945 3598 28 13 ca
1985 3592 86 24 quista,

1605 3618 47 20 avà
1658 3618 10 20 !
1674 3619 32 19 cè
1717 3618 148 21 abbastanza
1875 3620 104 25 disgrazi
1989 3625 34 21 pa
2036 3625 37 18 stu

1605 3649 109 20 mondu...
1725 3646 93 24 îniuffi
1825 3651 51 20 casi
1881 3652 102 21 scrivimi
1994 3656 79 21 presiu

1602 3681 35 22 pa
1645 3679 186 26 tranquillizami
1837 3687 13 13 e
1864 3681 80 22 dimmi
1958 3689 15 15 a
1989 3683 70 22 virità
2064 3691 11 16 ;

2042 81 82 26 parchi
2130 81 22 20 si
2159 81 50 19 mcti
2216 83 37 17 sta
2263 81 50 24 fola
2323 85 44 21 e/la
2380 89 56 25 fUSSl-

2042 113 62 25 fana
2125 111 78 20 subitu
2218 113 129 22 pruvisioni
2367 119 26 20 di
2414 106 81 40 ^U^C>Q

2044 144 63 20 ch’eu
2120 148 29 14 un
2159 142 85 24 voghiu
2261 146 70 18 niella
2344 153 89 21 zaccari

2044 180 15 13 u
2073 180 34 13 me
2115 172 75 24 caffè!
2198 172 41 19 Ma
2247 175 68 21 speru
2323 176 100 27 ch'elVUn
2436 166 25 40 c?
2472 171 23 16 'le

2046 204 27 21 rà
2080 203 83 20 nienti:
2172 202 97 20 Sabella
2279 204 13 19 è
2300 211 47 15 una
2357 211 76 23 tonta!
2465 199 30 16 S°'

2073 233 60 21 Cos’o
2142 233 26 19 di
2178 232 39 20 chi
2224 233 48 19 fun
2290 236 32 19 mi
2331 240 64 21 parli
2407 248 44 19 mai
2473 254 10 8 ,,

2046 263 122 25 iravagliiu
2175 263 39 19 chi
2222 265 24 17 tu
2253 263 51 24 fai?
2314 267 146 32 SpieghiniUn
2468 264 27 38 /

2046 303 28 13 eu
2086 301 62 14 cume
2161 296 25 17 tu
2192 294 68 24 passi
2267 294 9 19 i
2283 298 23 17 to
2314 297 68 23 sirati
2388 302 23 21 in
2426 294 36 35 pj^
2480 294 17 14 0'

2046 327 62 25 ghia.
2122 325 42 20 Vai
2170 331 17 13 a
2193 324 60 20 veda
2262 332 16 13 a
2284 329 66 21 quali
2360 330 15 19 f
2376 335 67 22 aghiu
2448 317 39 40 Zm

2046 360 34 22 pa
2088 355 145 26 qiiill'affari.
2450 346 47 22 aiitu

2074 386 124 21 Manieniil
2208 392 29 13 sa
2237 392 39 17 nu,
2293 389 99 24 scrivimi
2407 400 56 22 subit

2050 416 122 22 attinzioni
2186 423 15 13 a
2216 423 15 13 u
2248 421 10 10 «
2266 419 75 20 trenta
2355 424 33 19 tre
2394 431 9 11 »
2417 431 56 21 mihi
2488 418 10 13 6

2051 448 125 21 scillaratu.
2489 449 8 11 0

2080 478 38 21 Tre
2126 482 66 17 centu
2201 480 15 19 b
2217 486 15 13 a
2233 479 42 24 sgi.

2312 522 187 43 müa.cuminetta.

2106 647 169 48 CfôBsca
2298 637 165 80 Âiaecja

2059 756 29 19 Pè
2100 760 14 13 a
2122 754 69 18 barca
2198 753 22 18 di
2231 757 127 15 succorsu...

2081 784 19 18 Si
2108 783 27 18 stà
2149 781 113 19 costruendu
2270 786 37 13 una
2320 783 67 18 casetta
2395 784 18 19 in
2422 791 44 19 pelra
2473 799 8 13 e
2487 797 5 4 •

2059 811 155 20 muttoniaccanlu
2222 809 88 18 al’antica
2317 809 74 20 baracca
2397 813 19 18 in
2422 815 46 25 legnu
2490 803 12 26 -D

2059 842 42 17 cinu
2108 839 29 23 a’ji
2139 837 82 20 ttata.Un
2224 837 82 22 piidemu
2310 841 20 14 ca
2335 838 94 24 ralligiacci
2432 845 27 19 ebi
2462 849 32 19 Tam

2060 867 135 21 ministrazione
2203 865 18 18 si
2229 865 34 21 sia,
2272 869 10 14 a
2294 865 19 17 la
2320 865 44 22 fine,
2374 872 66 17 accorsa
2446 875 24 19 chi
2476 863 26 35 stu'

2061 894 89 25 ir-ivagliu
2161 893 99 23 s’impunia
2265 893 49 22 dipoi
2319 893 57 23 longu
2385 897 60 23 tempu.

2082 926 34 21 Ma,
2125 924 11 19 è
2147 922 70 23 megiiu
2226 921 74 22 qualchi
2307 922 61 22 tempu
2377 928 21 14 ca
2408 928 33 17 mai
2446 929 5 18 !

2082 955 16 18 U
2106 957 45 20 gran
2158 951 72 23 piccalu
2239 949 64 18 èchiu
2312 949 68 24 hangar
2388 957 58 18 guasta
2452 963 43 20 *seve

2062 990 21 13 ra
2090 989 11 13 e
2111 980 107 24 impunente
2233 978 49 17 linea
2292 977 19 18 di
2321 982 12 13 a
2346 978 95 27 Cittadella,
2454 991 10 13 u

2063 1009 118 22 menuméntu
2193 1005 92 23 d’Ajacciu
2293 1006 30 17 chi
2331 1006 30 18 dìa
2368 1009 68 20 un’idea
2442 1014 44 22 d’av[e

2085 1040 29 18 Ma
2121 1038 19 19 di
2152 1037 51 18 l’arii
2213 1040 27 14 un
2250 1035 18 18 si
2277 1040 23 14 ne
2308 1036 46 22 parli
2363 1037 20 18 in
2392 1040 28 16 stu
2429 1044 46 18 paese
2482 1046 21 19 in-

2065 1070 48 17 duva
2120 1065 108 20 l’educalori
2235 1064 94 18 unn’hanu
2338 1065 37 18 mai
2384 1070 109 21 ammaestratu
2499 1076 6 17 i

2065 1096 80 20 ciarbelli
2154 1095 35 18 che
2197 1098 24 18 pe
2228 1098 11 13 a
2247 1092 121 23 cunquistadi
2376 1098 11 14 a
2394 1099 95 19 magnusça^

2067 1142 21 19 A
2097 1142 92 19 listessu
2203 1140 97 21 tempu...

2090 1167 128 25 L’impresariu
2227 1166 18 18 di
2253 1167 7 16 i
2269 1166 78 23 travagli
2353 1167 19 17 di
2378 1167 86 21 Solenzara
2470 1172 39 20 sbar-

2070 1204 49 14 razza
2126 1195 138 25 quoliulocudi
2273 1195 53 17 tutt’a
2333 1194 82 24 farraglia
2419 1197 61 20 ch’avìa
2484 1202 26 17 sir-

2070 1229 46 18 vutu
2124 1231 10 14 a
2141 1226 95 21 l’impresâ
2247 1222 71 19 Viviers.

2091 1256 14 18 E
2113 1256 36 17 due
2160 1254 97 18 baraccace
2268 1251 20 18 in
2295 1251 57 22 leguu
2362 1256 60 14 merzu
2433 1258 11 13 a
2456 1255 55 20 Tiutor-

2059 1284 2 26 j
2071 1290 25 14 nu
2108 1284 19 18 di
2137 1288 11 13 e
2156 1282 55 23 quale
2216 1279 94 19 i’Aiaccini
2317 1280 82 21 prudenti
2406 1281 106 25 avianuposta

2072 1311 90 21 centinaie
2172 1310 21 17 di
2205 1307 90 20 faziunèri
2307 1309 89 18 andarauu
2412 1310 81 25 distrutte,
2504 1319 8 13 e

2073 1341 45 21 cusi,
2126 1338 76 21 fôrsa,si
2210 1336 69 24 pudarà
2287 1336 48 18 cuïlà
2343 1338 53 17 nantu
2405 1342 11 14 a
2422 1338 53 22 jitlata
2480 1345 32 15 sea-

2073 1375 19 13 za
2101 1368 34 20 avè
2143 1367 81 22 bisognu
2230 1365 20 18 di
2256 1364 82 22 tappassi
2345 1365 7 17 i
2359 1366 59 17 nari...

2074 1421 58 19 Mau
2143 1418 129 20 mullizzu...

2094 1449 50 19 Colla
2152 1451 74 18 sempre
2233 1446 33 22 più
2273 1445 20 18 in
2301 1444 40 19 altu
2348 1445 61 18 vicinu
2416 1451 10 13 a
2432 1448 52 21 quelle
2490 1454 23 17 pa-

2074 1482 42 15 vare
2123 1481 41 14 case
2169 1475 21 19 di
2197 1480 14 13 u
2215 1474 92 23 quartiere
2311 1473 87 18 màrinaiu
2403 1479 6 12 :
2414 1474 41 19 tinta
2461 1476 50 24 direte,

2074 1508 60 22 fangu,
2144 1504 52 23 pezzi
2204 1503 21 18 di
2234 1503 93 22 legnamu,
2339 1502 82 18 slracci...
2433 1504 84 22 ealtreco-,

2074 1540 20 14 se
2099 1533 124 21 s’inzzuffanu
2230 1531 64 18 vicinu
2302 1530 7 18 i
2318 1530 47 18 mûri
2376 1530 29 18 ehi
2412 1531 15 17 si
2436 1536 21 14 ne
2466 1532 45 20 falaca

2074 1570 10 12 a
2094 1563 51 23 pezzi
2152 1562 30 18 d’a
2192 1559 94 23 vecchjaia
2300 1563 11 13 e
2321 1558 28 18 'da
2354 1558 89 19 Fumidità.

2095 1592 33 18 Stu
2133 1591 57 18 cantu
2196 1587 93 20 d’Aiaeciu
2294 1586 11 19 è
2309 1591 27 13 un
2341 1587 137 22 puzzicheghiu..
2489 1592 4 3 ‘

2075 1641 137 22 Camiuendu
2223 1642 107 20 sempre...

2095 1673 25 18 Pa
2125 1672 28 17 sta
2158 1670 60 18 calata
2224 1668 16 19 si
2248 1668 23 23 pò
2276 1668 47 17 vede
2335 1671 58 14 masse
2397 1667 18 17 di
2420 1667 61 18 biottali
2488 1669 22 17 chi

2075 1702 50 18 hami
2130 1700 23 17 da
2161 1699 53 22 parte
2220 1701 23 19 pa
2248 1701 12 13 a
2265 1695 72 23 Spagna
2343 1700 10 13 e
2357 1694 68 19 TItalia.
2429 1695 24 18 Da
2458 1700 11 13 u
2472 1696 39 18 stahV-

2074 1730 77 19 limentu
2155 1727 26 18 d’i
2185 1725 56 24 bagni
2245 1723 107 23 municipali
2356 1728 11 13 a
2371 1724 89 17 umarcatu
2463 1724 49 22 d’ipes-

2075 1758 17 19 ci
2097 1757 116 22 s’allonganu
2218 1753 59 19 monti
2282 1752 19 18 di
2307 1752 55 22 legnu
2367 1752 87 22 strappatu
2458 1752 19 17 da
2480 1756 9 14 e
2492 1752 22 18 iu-

2075 1787 48 18 reste
2133 1781 148 22 corse..Libertai
2292 1780 20 19 di
2316 1785 13 13 u
2336 1780 111 20 cummerciu,
2452 1784 20 13 va
2476 1780 18 18 bè
2498 1779 15 19 !..

2075 1815 28 18 Ma
2108 1813 66 19 ruvina
2183 1812 20 17 di
2208 1816 12 13 a
2225 1809 74 19 Corsica
2304 1808 31 19 chi
2341 1808 63 18 fin’ora
2407 1807 71 23 piattava
2483 1812 10 13 a
2499 1812 15 13 so

2076 1842 72 19 miseria
2154 1846 10 13 e
2169 1846 15 13 u
2190 1845 20 13 so
2217 1838 47 19 male
2270 1837 55 19 sott’u
2329 1836 107 18 frundulime
2440 1836 17 17 di
2460 1840 9 13 e
2473 1840 17 13 so
2494 1836 20 17 la-

2076 1873 54 19 reste,
2136 1875 12 14 e
2153 1869 30 19 chi
2190 1868 71 23 prestu,
2266 1866 30 18 ira
2302 1864 97 19 trent’anni
2405 1869 11 13 0
2421 1864 95 22 îracmquàn-

2076 1902 18 17 ta
2102 1904 25 14 un
2138 1897 57 20 avarà
2205 1900 66 15 mancu
2282 1894 33 23 più
2320 1898 27 13 un
2352 1894 59 17 steccu
2419 1892 20 18 da
2447 1891 65 31 egrassii

2076 1928 69 20 denti...
2152 1924 115 21 ch’ell’avarà
2273 1922 64 23 longbi
2342 1922 21 17 da
2369 1925 11 14 a
2390 1921 61 18 famé...
2460 1919 53 19 Maoaè

2078 1963 22 13 un
2109 1957 10 18 è
2125 1956 31 23 più
2166 1960 36 13 una
2208 1957 76 15 cronaca
2293 1950 78 19 aiaccina
2377 1955 5 16 ;
2389 1949 15 18 si
2409 1948 41 23 parli
2458 1948 56 22 dunque

2077 1986 39 17 di...

2080 2037 8 18 I
2098 2035 86 20 vinduli
2193 2031 118 21 niaccini...

2099 2066 6 17 1
2116 2064 50 23 quàli
2172 2068 26 13 un
2210 2062 78 23 porianu
2301 2059 49 18 forse
2355 2057 55 18 micca
2418 2061 10 13 a
2436 2055 59 18 Corsica
2503 2054 12 17 is

2079 2093 106 24 sprulondu,
2195 2090 62 21 masò,
2268 2093 34 19 per
2309 2086 80 21 Aiacciu,
2403 2090 22 12 un
2431 2088 39 14 veru
2481 2083 30 17 fno;

2079 2127 39 14 $ei‘a
2130 2121 4 18 î

2079 2137 8 5 ~
2099 2151 57 18 senza
2169 2148 53 23 parla
2232 2147 26 18 d’i
2267 2144 67 20 banebi
2344 2143 19 18 in
2374 2143 48 17 farru
2432 2139 83 19 ch’eü’haüu

2078 2180 61 23 jueatu
2146 2178 19 18 in
2171 2176 51 24 pezzi
2229 2180 10 14 e
2244 2175 7 18 i
2257 2175 17 18 si
2279 2178 24 14 ne
2309 2173 20 18 sô
2335 2170 67 24 purtali
2407 2170 18 17 in
2430 2166 85 23 casa(?)-du-

2079 2209 93 18 ranteuna
2181 2205 61 18 dicina
2250 2202 63 19 d’anni
2319 2204 55 15 senza
2379 2198 29 19 chi
2417 2196 34 20 mai
2455 2201 9 13 a
2467 2194 48 24 polina

2079 2237 42 18 abbi
2130 2235 81 23 pussutu
2224 2233 57 18 mette
2285 2235 28 14 un
2324 2228 77 20 termine
2405 2231 11 14 a
2421 2226 26 18 ste
2455 2222 60 20 faccecde

2080 2267 121 21 vargugnose,
2208 2258 138 22 diciaremucbi
2355 2256 32 23 qui
2392 2253 122 20 unsiîermanue

2080 2291 161 24 so’dipredazione.
2249 2300 12 4 -
2479 2309 3 2 .
2505 2292 3 3 '
2514 2306 3 2 .

2100 2323 16 17 A
2121 2311 12 28 u*
2139 2319 49 20 caffè
2192 2318 158 23 Napuliô—vanu
2353 2317 46 15 ancu
2404 2312 20 17 in
2427 2314 37 14 casa
2472 2309 42 16 vosfâ

2079 2361 22 3 —
2106 2351 48 22 dopu
2159 2349 24 18 ad
2191 2347 62 19 avessi
2257 2345 63 19 furatu
2326 2348 11 13 e
2343 2339 99 21 maneechie
2446 2338 17 18 in
2470 2336 44 22 pareil,

2079 2380 42 18 îana
2125 2378 19 18 di
2150 2382 10 14 e
2168 2377 55 22 porte
2231 2375 25 18 d’i
2261 2372 49 25 loghi
2317 2369 75 22 ccmudi,
2398 2369 17 17 si
2423 2371 22 14 ne
2451 2365 64 18 faraud

2085 2406 89 23 iampolle
2184 2403 97 20 elettriche
2290 2400 57 19 tutt’e
2353 2402 47 15 sere.
2407 2393 108 25 Queunhbfc-

2081 2436 61 20 lendu,
2152 2434 100 22 spiantonu
2256 2436 14 13 u
2280 2430 48 18 hazzi
2335 2428 20 18 di
2358 2432 14 13 u
2383 2425 108 29 !aYatLnu"'.
2504 2449 6 6 „

2102 2464 28 18 Un
2135 2462 52 24 parla
2188 2465 52 15 remu
2244 2460 21 18 di
2269 2457 72 20 l’alberi
2348 2454 70 20 Ironchi
2422 2457 9 13 e
2435 2451 17 18 di
2459 2451 57 17 aW

2082 2497 20 14 sa
2107 2491 158 22 ch’eil’aspettanu
2274 2491 36 14 cun
2316 2483 68 24 trepidi
2388 2482 60 18 îunosi
2455 2478 14 18 ai
2511 2484 5 3 -

2082 2523 33 16 ta..
2121 2525 9 13 0
2136 2520 21 17 in
2162 2519 57 23 pienu
2225 2516 111 19 mezziornu.
2342 2508 14 23 È
2361 2516 27 14 un
2391 2510 18 18 af
2410 2510 34 17 tare
2448 2510 27 19 piu
2478 2508 16 13 ca

2082 2550 41 18 lesu
2127 2548 32 19 chi
2163 2548 21 17 di
2189 2545 103 20 mimmoria
2300 2541 80 20 aiaccina
2385 2538 34 19 mai
2423 2541 9 13 s
2437 2540 10 14 e
2450 2538 24 30 ys
2480 2536 11 13 u

2083 2574 177 21 duzinad’aranciin
2266 2572 57 19 tutt’u
2331 2564 160 24 corsuNapuhocan
2512 2583 4 3 .

2084 2605 69 19 i’alberi
2164 2609 11 13 e
2184 2603 44 21 mai,
2238 2602 83 19 listessu,
2328 2603 27 14 un
2364 2597 46 18 fiore
2420 2596 33 15 neu
2461 2594 15 19 gi

2106 2662 28 18 Ma
2139 2661 102 18 diciaremu
2247 2658 30 19 chi
2286 2654 81 26 quindici
2374 2651 45 25 jorni
2426 2653 15 14 m

2087 2692 38 17 rata
2132 2699 21 4 --
2159 2693 52 14 corne
2219 2691 71 18 sempre
2299 2694 21 5 —
2326 2689 12 13 a
2345 2679 97 22 manecchia
2447 2679 17 13 es

2087 2724 10 13 a
2103 2720 51 21 porta
2162 2718 20 17 di
2187 2717 79 18 l'oifmu
2273 2715 17 18 di
2297 2719 10 13 e
2318 2713 54 18 Poste
2378 2715 10 14 e
2392 2708 68 21 TcltS™
2466 2707 14 16 i,
2490 2728 24 16 ^

2087 2747 78 23 ghiornu
2176 2744 121 21 scorsu,banu
2305 2742 48 17 rottu
2364 2735 100 22 esisô.fara

2087 2775 47 19 dutti
2143 2775 20 18 in
2168 2773 75 24 piombu
2250 2773 11 16 d
2266 2772 9 17 1
2283 2770 31 18 W.
2321 2768 21 19 C.
2349 2767 18 19 di
2373 2772 11 13 a
2389 2765 29 17 via
2425 2760 66 20 horelia.

2110 2804 6 18 1
2122 2802 89 19 vindaîini
2218 2801 19 18 in
2243 2799 73 20 Aiacciu
2323 2802 22 13 so
2350 2796 19 18 rè
2377 2795 4 17 !
2433 2814 42 7 ......
2479 2806 39 22 cbj0è

2110 2832 13 18 E
2128 2831 10 18 è
2146 2831 103 18 viramente
2255 2833 36 14 una
2301 2825 76 19 facenda
2383 2819 77 28 iacrca!“.

2088 2867 10 12 a
2108 2859 64 24 pulizia
2185 2859 37 22 (!!!)
2231 2857 22 19 nè
2262 2859 65 16 mancu
2338 2858 24 13 un
2371 2848 74 22 cuncitta
2456 2848 15 13 m

2090 2893 31 15 mu
2129 2888 79 23 pussutu
2218 2886 104 21 chiappane
2336 2878 109 22 unu.Slranu

2091 2939 30 20 Pa
2131 2943 13 14 e
2155 2939 58 18 reste
2220 2949 19 6 ...
2424 2955 4 3 .
2447 2952 5 4 .
2470 2949 4 4 •

2113 2967 17 19 Si
2136 2966 51 24 paria
2193 2966 31 18 chi
2233 2970 10 13 a
2251 2962 69 21 sucietà
2328 2961 18 18 U
2355 2958 52 23 Golfu
2413 2958 27 20 p>S
2457 2979 3 4 .
2486 2973 8 6 ,

2091 3001 25 14 nu
2126 2993 133 20 üniziativadi
2265 2992 69 18 distrae
2345 2993 23 14 un
2376 2988 43 21 Pocu
2424 2984 6 17 l
2435 2986 10 13 a
2457 2989 62 33 ‘,eCory.

2091 3025 42 18 cillé
2146 3023 94 22 impériale
2246 3027 10 13 e
2263 3021 18 17 di
2287 3025 11 12 a
2307 3017 80 20 stazione
2395 3013 69 17 in'e.n^
2514 3024 5 12 y

2115 3053 18 17 Di
2142 3051 91 19 cumitatn
2241 3049 20 19 di
2270 3049 81 18 fesleun
2361 3044 17 17 si
2384 3042 59 41 oe^
2457 3038 62 41 ^

2091 3080 38 18 vite
2139 3079 12 19 è
2157 3080 46 17 dura
2219 3078 59 22 èpô...
2291 3070 124 24 Tautomobib,
2426 3069 22 15 d
2456 3076 16 32 ^

2092 3109 84 22 magnate
2182 3108 49 21 dopu
2238 3110 59 13 mezza
2299 3108 22 14 no
2323 3104 27 16 lie
2357 3100 72 19 costanu
2437 3097 19 13 ca
2475 3118 12 10 ^
2492 3111 27 18 ^

2114 3136 60 18 lufiné
2180 3135 29 18 chi
2216 3135 16 18 si
2241 3137 17 15 le
2261 3135 26 16 .-te
2294 3132 17 17 ci
2319 3130 42 19 sarii
2371 3128 19 17 in
2400 3124 54 19 Aiaeci

2093 3165 17 18 si
2115 3165 89 17 divaranu
2212 3168 12 13 a
2229 3164 28 17 sta
2263 3161 48 18 bel'a
2319 3155 70 22 sucietà
2393 3159 11 13 a
2409 3154 32 18 o?a■
2454 3179 9 10 ^
2479 3170 5 4 .
2500 3170 8 13 ê
2514 3166 5 13 ;

2094 3191 93 20 l’Aiaccini
2202 3196 24 13 ne
2239 3194 67 14 saranu
2320 3187 49 18 forsa
2381 3181 73 20 ricuwac
2477 3203 14 14 ^

2094 3221 54 23 quale
2156 3220 57 18 indin
2217 3219 69 18 izzemu
2292 3221 11 14 e
2309 3211 62 23 nosire
2381 3209 70 20 felicdaz
2452 3209 6 12 1

2094 3271 86 18 Turisti
2390 3295 4 5 _
2455 3270 59 29 jjjarcri

2117 3299 25 19 Ne
2148 3299 16 21 è,
2171 3299 38 23 poi,
2218 3297 82 20 arrivatu
2313 3299 37 14 una
2357 3291 61 20 batte»
2419 3292 9 13 8
2500 3300 19 17 ^

2095 3327 104 19 mezziornu
2205 3332 5 16 ;
2218 3326 70 19 etull’a
2297 3324 55 18 siraia
2360 3319 70 20 aulomo
2442 3317 75 39 ^^jQ2J-3[e

2096 3357 19 17 ni
2126 3356 49 17 hanu
2183 3359 88 18 pc-rcorsu
2278 3357 11 14 e
2297 3352 62 18 nosire
2370 3345 59 21 strade
2434 3345 12 18 p

2096 3384 87 18 inseìiaLc
2188 3387 51 14 corne
2245 3381 42 19 mai.

2096 3434 18 19 E
2124 3434 114 18 sterline...
2441 3449 3 4 •
2464 3435 51 26 esô^
2516 3436 3 12 1

2118 3465 19 18 Si
2143 3465 22 18 sô
2169 3469 56 14 cuzze
2231 3464 18 18 in
2259 3464 59 17 siacca
2329 3459 24 18 d’i
2360 3454 99 27 guidatori--

2097 3493 115 18 ruen’elTun
2217 3489 93 22 andaranù
2316 3489 21 17 in
2345 3487 75 18 lemee..
2469 3491 50 25 et|'i<TJ

2118 3521 14 18 E
2136 3521 41 18 cusi
2190 3521 4 17 i
2207 3520 53 19 Corsi
2269 3528 20 4 -
2296 3518 29 17 for
2333 3507 131 42 diJ’ustag>ÿ
2474 3517 45 27 iQcSr:

2097 3549 59 18 daiori
2163 3558 23 4 —
2192 3549 74 19 dicenu,
2273 3544 86 25 pàrlendu
2366 3540 24 19 d'i

2096 3582 24 13 ne
2127 3576 59 23 aghiu
2195 3576 21 18 in
2229 3572 74 26 tapeAu
2313 3566 103 28 quand’ellu
2426 3566 9 14 c

2097 3602 75 23 pettine.
2181 3607 9 11 »

2119 3630 14 18 E
2137 3629 42 18 cusi
2186 3629 29 18 sia
2221 3628 6 18 !

2359 3678 20 19 U
2384 3673 60 22 Jattn
