2640 3956
112 480 36 30 A
165 479 38 30 îa
219 478 123 31 Santa
359 481 39 30 di
415 483 113 30 Niolu

122 525 42 25 Pè
175 532 21 17 a
208 525 113 29 qtainta
333 526 195 27 Merindella

34 590 161 29 CosVannn.rottu
203 588 108 22 sittembre,

35 625 18 19 Si
56 624 20 17 la
80 621 43 17 core
127 620 28 13 un
159 615 26 17 mi
190 618 121 18 scumpagna,

37 645 62 27 Apedi.
108 647 24 13 eu
137 641 19 18 le
161 640 38 18 miò
204 639 72 21 embre,

19 677 47 19 xfptte
70 671 24 19 mi
100 666 64 23 vogliu
173 665 20 18 in
201 669 104 17 campagna

92 693 52 19 cinta
149 695 12 13 e
166 690 129 22 tuvagliolu...

36 723 59 24 panda
98 715 146 22 ?Dunda?—Per
248 714 56 18 Niolu

37 769 9 12 A
53 757 99 26 cbiprn.mi
161 755 88 20 dicerete,

35 786 72 25 gcapulà
111 783 60 19 in’ssu
182 781 44 17 locu
234 780 76 21 elpanu,

34 819 19 17 I0
60 810 61 26 quelle
128 806 62 24 grotte
199 805 75 22 segrele

35 832 150 30 puveNiulincbe
192 831 57 18 stanu

36 861 82 25 Curendu
125 858 66 18 lanute
197 860 72 19 gregge

36 893 31 19 jra
73 883 79 22 l’arburi
160 882 108 22 cola-pegge
272 879 10 19 ?

35 928 59 25 Ogfaie,
113 929 11 13 e
136 923 50 19 belle
200 920 112 24 giuvanette

36 950 109 25 Cumeboi,a
158 948 39 18 miò
214 945 97 21 Culomba,

36 982 26 18 Un
69 976 100 21 rasentanu
176 977 11 14 e
194 972 78 18 scalette

34 1008 49 19 puve
96 1000 49 19 Golu
153 998 66 19 orridu
229 996 81 21 tromba,

35 1029 83 24 piglianu
123 1029 34 19 per
164 1023 93 19 Lavasina

35 1054 95 23 Comuda:a
138 1048 63 20 fior’di
209 1048 79 17 marina.

34 1093 64 24 perebè
103 1096 27 13 un
134 1090 39 18 fate
179 1089 68 18 cumed
260 1087 36 18 elle
301 1085 9 19 ?

35 1117 88 26 piecatevi
133 1116 21 18 in
164 1113 131 23 ïrinnighellu
305 1112 5 18 !

35 1148 22 19 Yi
62 1145 86 20 trinnega
152 1141 19 18 le
179 1139 75 19 budelle

36 1174 25 19 ya
67 1170 43 19 vola
117 1171 55 15 cume
179 1170 27 13 un
211 1164 68 21 acellu,

36 1194 103 24 Butulendu
147 1197 13 12 u
168 1196 21 13 so
198 1190 74 23 pallone

36 1225 54 18 Gumu
97 1219 42 18 face
145 1218 22 17 lu
174 1217 83 17 buvone.

36 1262 56 19 _Eiu
99 1259 66 18 franca
171 1256 44 19 lavi
223 1256 45 17 dieu
276 1260 5 12 :

36 1288 53 21 Portu
95 1286 19 17 le
122 1283 50 19 calze
179 1282 20 18 di
206 1282 48 20 seta,

35 1315 27 18 Ma
67 1313 21 17 lu
91 1310 47 23 pede
145 1307 58 24 agbiu
209 1312 12 12 a
225 1306 85 20 l’antieu,

35 1340 14 19 E
55 1338 19 19 di
80 1334 87 25 pruvallu
175 1333 22 18 sò
204 1332 46 20 leta,

36 1365 23 20 Pè
64 1363 15 19 li
83 1360 59 23 scogli
149 1364 11 13 e
167 1359 19 17 le
193 1357 52 19 viole

35 1391 21 19 pi
62 1390 17 17 le
85 1386 63 19 strade
155 1382 128 23 muntagnole.

35 1430 31 20 pià
72 1425 94 21 d’Aiacciu
174 1428 11 14 e
190 1424 20 17 di
218 1422 64 19 Bastia

36 1452 112 23 UDiamante
153 1455 12 13 e
171 1450 20 18 la
195 1449 99 20 Traversa,

35 1481 23 19 Mi
65 1479 42 19 vale
114 1478 19 17 la
141 1475 89 19 calmaria

35 1508 6 9 5
43 1506 27 19 Nu
76 1505 19 18 la
102 1506 102 19 campagna
216 1502 95 20 spapersa,

35 1532 24 19 Mi
64 1530 69 18 valenu
139 1528 16 18 li
162 1526 62 19 canali

35 1553 132 25 Sciappaleschi
171 1557 11 14 e
187 1550 94 25 pitturali.

36 1598 26 18 Ma
69 1595 34 19 s’io
111 1593 87 19 minevò
206 1592 22 18 in
235 1591 62 20 Niolu,

36 1623 53 18 Paese
97 1620 20 18 di
124 1619 16 19 li
147 1618 79 24 pastori,

35 1648 29 19 N’è
71 1646 79 23 cagione
163 1649 28 13 un
203 1641 111 23 russignolu

37 1673 32 18 Chi
76 1673 63 21 lampa
146 1669 50 19 trilli
201 1668 65 19 canori

36 1699 14 18 E
56 1703 24 13 eu
87 1697 20 18 la
115 1700 22 14 so
144 1699 47 15 voce
199 1698 75 14 arcana.

36 1724 43 19 Core
86 1723 22 18 in
113 1722 54 22 pettu
175 1720 27 19 mi
207 1721 84 20 trapana.

36 1764 43 20 Avà,
88 1762 21 18 in
117 1763 68 17 troncu
191 1760 20 18 di
223 1764 15 13 u
245 1759 68 20 calore,

19 1789 70 24 Quandu
93 1788 40 23 ’gni
137 1786 56 24 gridu
197 1784 117 20 s’ammanta,

41 1814 74 23 Quandu
123 1813 17 18 si
148 1816 54 14 secca
209 1811 22 17 lu
239 1810 48 18 fiore

38 1839 64 19 Sintite
109 1837 90 20 cum’ellu
206 1837 61 19 canta,

36 1865 106 21 Zirulendu,
151 1863 51 19 sottu
210 1865 61 17 rame,

37 1891 100 22 L’impettu
145 1889 19 18 di
171 1889 20 17 le
198 1886 101 20 so’chiame
305 1883 10 19 ?

36 1937 17 18 A
59 1937 19 17 la
86 1935 63 21 Santa,
151 1934 42 18 dice
201 1933 46 21 ellu,

34 1961 132 19 Cust’annu.in
173 1959 54 20 folia,
231 1957 63 19 vinite

25 1987 143 21 ..Gbi.sinterete
175 1986 21 17 lu
204 1984 55 18 bellu
265 1988 5 12 :

33 2012 57 19 Canti
98 2017 12 13 e
116 2016 44 14 cose
167 2010 92 19 inaudite,

33 2037 99 19 Suneranu
139 2037 20 17 le
166 2038 90 19 campane

34 2063 24 18 Di
65 2064 19 17 le
91 2066 56 14 muse
154 2061 88 18 cirneane
249 2058 5 18 !

35 2102 26 19 Or
69 2101 101 21 muvitevi,
176 2105 12 14 o
193 2098 75 20 eantori

35 2128 23 18 Di
62 2128 56 18 Punu
122 2132 12 13 e
138 2126 20 18 di
162 2126 65 18 l’altru
235 2125 42 17 latu
283 2122 5 18 !

36 2153 70 19 Veccbi
111 2157 12 13 e
130 2152 46 18 novi
183 2149 91 20 rimadori

35 2176 228 24 Amator’d’impravisatu
269 2173 5 18 !

36 2205 45 17 Fate
88 2204 49 18 vede
145 2208 11 13 e
164 2203 39 17 fate
211 2202 55 18 sente

38 2230 33 18 Giò
79 2229 74 19 clPelPè
160 2228 20 18 la
186 2228 66 18 nostra
259 2225 58 23 jente.

36 2270 76 23 L’aghia
121 2266 58 21 verdé
187 2267 31 19 chi
226 2265 93 20 s’attonda

37 2296 61 17 Nantu
107 2299 11 14 e
126 2293 101 19 radichedi
235 2291 48 18 Golu

37 2322 53 17 Duve
97 2321 20 18 la
125 2320 65 23 pinina
196 2318 69 18 fronda

37 2346 21 19 Si
64 2347 62 18 lustra
133 2341 53 23 cuìor
193 2344 20 18 di
218 2343 46 18 doln
269 2346 6 17 ;

37 2372 22 17 Di
66 2372 21 18 lu
95 2375 58 15 corsu
161 2370 20 18 in
189 2369 80 23 puetatu

37 2398 78 22 Aspetta
122 2396 63 19 Passai
187 2396 21 18 tu
215 2395 61 18 alatu.

38 2437 15 19 0
60 2436 107 24 Cumpagni
172 2436 43 18 dile
223 2434 55 22 rime,

38 2462 139 19 Labbri-tocchi
182 2461 25 18 da
213 2460 23 18 lu
244 2459 53 21 Fatu,

38 2489 111 18 ïntrunemu
157 2487 52 19 l’alte
216 2486 49 18 cime

39 2514 25 18 Da
70 2514 21 18 lu
103 2514 57 18 Cintu
165 2518 11 12 a
184 2517 14 13 u
210 2510 95 20 Tafunatu
313 2514 6 16 ;

39 2539 70 19 Ch’elle
121 2538 104 24 sgrandinu
233 2536 81 19 acuvine

39 2565 57 19 Cume
100 2565 75 18 lu’ranu
184 2563 79 23 spulatu
271 2560 5 19 !

39 2609 63 22 Canta,
111 2615 12 13 o
131 2608 64 24 deghu
205 2604 94 24 Minicàlé,
308 2606 3 4 '

23 2653 3 3 .
41 2634 34 20 Chi
82 2636 93 18 t’ascondi
188 2640 19 16 a.
213 2632 59 20 mezzi
281 2632 41 22 pîni

40 2661 118 19 Ver’d’Evisa
165 2659 118 20 occidentale
289 2662 6 18 ;

41 2686 76 22 Canta,o
125 2687 77 18 valente
208 2684 67 19 Notini
279 2688 6 17 ;

41 2710 77 20 Cantate
126 2717 11 13 o
145 2711 63 19 fior’di
221 2709 101 23 l’Acquale,

40 2736 54 20 Pueti
102 2738 64 23 d’ogni
173 2736 82 19 cunfini.

42 2777 50 19 Ind’a
99 2779 61 22 punta
167 2777 127 21 arcisuprana,

41 2802 51 20 Duve
98 2803 57 19 Cintu
164 2802 60 19 unicu
232 2802 60 20 trôna,

40 2827 58 24 Vegu,
107 2829 61 18 forma
174 2828 83 20 aeriana,

40 2853 17 18 A
64 2853 71 19 Cirnu
139 2854 22 18 in
166 2854 46 22 pede
227 2857 12 13 e
245 2854 79 20 persona

41 2878 75 20 Scettru
120 2880 52 18 rottu
176 2879 79 17 ind’una
262 2880 61 16 mana,

41 2903 21 18 ïn
75 2905 107 23 quell’altra
193 2908 39 14 una
248 2905 76 16 curona.

41 2947 17 17 A
65 2947 71 24 Regina
146 2947 124 20 sbandunata,

45 2971 22 19 Di
71 2974 59 22 guaiu
140 2973 77 18 ricolma
225 2976 12 14 e
245 2972 79 22 sdegnu,

43 2996 86 24 Ingirona
137 3003 39 13 una
183 2998 103 23 sgnardata

44 3021 56 25 Sopra
110 3024 23 18 lu
140 3024 86 22 so’persu
242 3022 68 24 Regnu
317 3026 6 17 ;

27 3045 79 22 L’occhiu
118 3049 69 21 fiaccu,
194 3047 131 25 guasispihtn,

24 3070 56 22 Pensa
84 3079 12 13 a
101 3074 92 24 Pasquale
197 3079 11 13 e
217 3073 107 19 Ghiacintu,

41 3115 33 19 Poi
82 3117 18 18 si
108 3118 41 18 cala
155 3116 61 19 ver’di
226 3121 14 13 u
248 3116 76 22 Campu,

44 3140 52 20 Batte
107 3147 13 13 a
127 3143 47 18 fiera
185 3147 11 12 a
204 3143 59 17 centu
271 3145 55 15 seene

25 3163 69 23 Meazz’a
98 3172 28 14 un
130 3167 194 23 populuinabbampu,

26 3188 30 21 Tre
61 3193 76 22 ghiorni
151 3198 11 13 e
166 3194 31 17 tre
203 3193 55 17 notte
262 3192 62 21 piene,

42 3216 74 21 Ascolta
121 3218 40 19 rise
172 3223 11 13 e
192 3218 89 22 prighere

43 3241 33 20 Tra
84 3244 7 17 î
99 3244 82 18 runconi
189 3243 20 18 di
214 3243 21 18 le
242 3243 46 18 fere.

43 3282 78 23 Quandu
129 3286 20 18 di
156 3286 74 18 Pumile
234 3285 65 19 chiesa

44 3307 44 22 Esee
95 3317 12 12 a
112 3312 99 18 infilarata
218 3312 38 22 pia,

43 3332 37 21 Pur
82 3337 58 19 tendu
148 3337 62 19 lesula
217 3337 41 17 lésa

43 3358 16 17 A
66 3362 69 18 statula
143 3363 21 18 di
167 3362 67 18 Maria.

44 3382 56 23 Cume
109 3392 11 13 a
128 3388 8 17 i
143 3387 60 23 tempi
210 3386 116 18 d’unavolta

45 3407 21 19 Si
70 3415 59 19 segna
136 3418 12 14 e
155 3413 16 18 li
178 3413 17 18 si
204 3412 72 18 rivolta
280 3416 5 12 :

44 3446 67 23 Benedi
119 3452 66 23 bogliu
192 3452 22 18 lu
223 3452 42 17 ditu

44 3471 67 22 Benedi
119 3477 65 23 bogliu
191 3478 19 17 la
218 3482 58 13 manu

44 3496 23 19 Di
73 3500 31 18 chi
112 3502 54 22 signò
173 3508 15 13 u
197 3502 40 18 miò
250 3501 77 24 granitu

45 3521 27 20 Cu
78 3525 21 18 lu
110 3526 64 24 Segnu
181 3528 101 20 cristianu,

45 3546 147 27 Scumpartendu
199 3559 12 12 a
221 3553 17 18 li
245 3552 38 19 miô
289 3551 39 18 cari

44 3570 15 18 E
64 3573 80 21 lucende
151 3577 20 18 di
177 3578 13 17 P
191 3579 19 17 al
210 3579 45 17 tari.

44 3609 29 20 Ma
78 3613 22 18 lu
107 3619 44 15 core
158 3617 60 22 aghiu
224 3617 105 19 imbuccitn

45 3633 14 19 E
66 3637 102 21 imbuccitu
178 3642 61 21 aghiu
246 3643 22 18 lu
280 3646 49 14 senu

72 3662 47 21 bede
127 3666 22 17 lu
155 3666 61 19 Corsu
223 3668 63 18 infidu

46 3683 62 23 Ver’di
116 3689 51 20 Gesù
174 3691 105 23 Nazarenu,

50 3709 78 23 C’acelln
136 3720 11 13 a
154 3716 22 17 lu
182 3718 57 17 santu
247 3718 49 18 nidu

44 3734 23 17 Gi
72 3738 31 17 vol
105 3739 18 17 ta
137 3741 20 17 di
164 3745 58 14 menu
233 3742 24 18 in
267 3747 57 14 menu

339 590 78 21 Quandu
425 591 8 17 i
440 592 66 18 bronzi
513 593 21 17 in
540 594 103 18 ciccunera,

359 615 51 18 balià
418 616 82 18 facenui
508 618 74 22 perdati

359 640 132 20 Suttrimendu
504 644 46 21 ogni
559 644 75 18 vatrera

360 666 69 23 Briaga
436 667 21 17 di
465 668 85 21 serinati,

359 691 56 23 Vegu
424 697 11 12 a
443 693 63 21 piazza
512 693 58 18 d’omi
578 698 60 14 nera..

359 716 31 18 Ma
397 717 32 18 chi
436 718 22 18 sò
464 717 10 18 ?
479 718 41 18 Pâli
526 718 65 18 ficcati
596 718 6 18 !

360 765 39 18 Una
408 770 82 14 mamma
503 767 49 17 State
564 771 11 13 a
584 767 60 20 sente,

360 790 14 18 O
379 790 71 23 figlioli
456 791 111 18 sduttrinati
572 791 5 18 !

359 815 9 18 I
375 816 64 18 toschi
448 817 22 17 di
478 822 12 12 u
499 816 114 18 Cuntinente

359 841 46 18 Boni
415 846 28 13 un
451 842 51 22 sòpè
509 842 8 17 i
522 842 62 18 nostri
588 842 41 18 lati.

360 866 78 24 Seguite
444 872 12 13 a
461 867 33 18 via
501 867 75 18 lucente

360 891 59 19 Cume
426 892 17 18 li
451 892 63 18 vostri
519 892 92 18 antenati.

339 937 14 18 U
358 938 114 22 so'sguardu
475 936 168 23 s’èabbughiatu...

360 963 35 18 Chi
403 967 68 18 scorge
475 962 10 18 ?
489 963 21 17 Li
516 962 48 18 muti
570 966 12 14 e
592 961 52 19 sordi

359 988 35 18 Chi
402 988 59 18 d’ella
469 993 11 13 e
486 988 23 18 lu
516 992 22 14 so
546 987 76 22 parlatu

358 1013 21 19 Si
386 1018 124 18 vergognanu
518 1017 11 14 e
545 1013 20 17 sò
574 1012 69 18 scordi.

358 1039 41 21 Poi,
409 1043 39 14 eun
456 1043 63 13 amore
528 1037 85 23 fideghia

359 1064 35 18 Chi
401 1069 35 18 per
443 1064 38 18 ella
491 1062 107 24 pueteghia.

358 1113 16 18 U
382 1114 58 17 cantu
448 1112 21 18 di
476 1112 15 18 li
499 1111 70 23 so’figli

339 1138 33 18 Chi
379 1143 12 13 a
399 1138 6 18 i
411 1138 30 18 so’
445 1138 44 22 pedi
495 1138 78 17 tremma
578 1140 12 14 e
594 1135 48 18 bola:

358 1163 75 19 Odor’di
440 1163 88 18 mucchiu
534 1160 107 23 ed’erbigli,

359 1189 23 18 Di
390 1189 66 18 rosule
464 1193 11 13 e
483 1188 20 18 di
510 1187 58 19 viola.

357 1215 64 18 Nantu
435 1219 14 12 u
457 1218 22 14 so
486 1213 74 21 voltu,a
567 1212 15 18 li
590 1211 52 23 gigli-

358 1241 72 22 Vampa
438 1240 50 17 l’oru
496 1238 31 18 chi
535 1237 87 19 cunsola.

358 1286 14 18 E
380 1286 19 18 la
407 1290 23 13 so
438 1289 47 14 voce
493 1284 100 22 d’argentu

357 1311 22 18 Si
386 1315 50 18 voga
444 1310 22 17 in
474 1310 22 16 lu
502 1309 44 17 celu
562 1311 69 18 sporgu
637 1310 6 12 :

357 1336 78 23 Figlioli
442 1334 50 19 ch’io
499 1337 51 19 vegu
556 1332 18 23 |e
582 1332 61 19 sentu,

358 1363 16 17 A
382 1362 15 18 li
405 1361 40 19 cori
454 1361 44 17 date
505 1363 72 19 sgorgu
582 1362 6 16 ;

358 1383 82 23 Àduniti
447 1386 21 18 in
475 1383 115 21 merendella

357 1413 99 21 Cantate,o
463 1411 74 19 sehiera
545 1407 98 20 muvrella!

359 1464 175 23 Dunque,cantemu
542 1466 34 19 per
585 1461 37 18 ella

340 1501 4 3 •
359 1500 23 4 —
389 1490 33 19 Sia
429 1490 67 18 chiaru
504 1493 11 13 o
520 1487 89 19 nivulatu
614 1494 23 4 —

359 1517 17 18 A
383 1517 20 17 la
410 1516 68 18 nostra
485 1517 81 15 mamma
573 1511 51 19 hella

359 1543 61 17 Demu
427 1545 48 14 voce
480 1544 12 14 e
500 1540 57 17 demu
564 1537 56 18 fiatu.

359 1567 58 19 Forse
425 1565 95 20 cambierà
527 1564 21 18 la
555 1563 57 19 Stella

360 1592 121 19 Ch’incatena
489 1590 22 18 lu
519 1594 22 14 so
549 1589 53 17 Fatu.

364 1630 114 21 Culomba
488 1630 24 18 di
519 1628 105 19 Vivariu.

409 1668 80 21 Vivariu,
498 1666 25 19 i2
528 1667 53 18 aoslu
591 1664 32 18 28.

412 1750 162 31 CCJMI5510Ï1E

361 1820 55 23 Aghj’
425 1824 40 14 una
471 1817 122 20 cumissione,

362 1846 16 19 U
386 1846 39 18 miò
433 1850 47 14 caru
489 1843 103 19 Direttore;

362 1872 18 18 A
386 1872 23 18 vi
417 1870 66 23 vogliu
494 1869 19 18 îà
521 1868 72 23 prestu,

362 1897 64 18 Tutt’a
433 1897 50 17 fattu
491 1894 20 18 di
518 1895 38 17 bon
563 1896 44 14 core
613 1896 5 12 :

363 1923 64 23 Aghiu
435 1920 104 20 scuntrat’a
546 1918 67 18 Divota

363 1948 72 22 Questa
442 1946 72 19 matina
524 1950 12 13 a
543 1943 84 19 Palbore.

363 1996 50 19 M’ha
422 1996 55 18 dettu
482 1994 33 19 chi
521 1991 119 23 Rimaglione

363 2022 46 18 L’ha
417 2021 89 18 mandatu
512 2024 13 13 u
532 2023 22 13 so
561 2017 78 18 ritrattu

364 2046 58 24 Eppoi
430 2046 40 18 l’ha
477 2045 65 18 dettu:
551 2041 76 21 «Avale,

363 2072 27 18 Mi
397 2070 107 24 cumprerpi
511 2074 11 14 a
530 2070 38 17 bon
576 2067 53 23 pattu

364 2097 81 22 Quattru
451 2099 66 21 grosse
522 2094 21 19 di
547 2094 29 18 tin
576 2094 63 19 tenue;

364 2123 26 18 Fà
396 2123 37 18 che
441 2122 29 18 sia
477 2119 121 20 suddisfattu.

364 2171 36 19 «Ne
407 2170 68 23 vogliu
482 2170 19 18 fà
508 2174 14 13 u
529 2171 69 15 museu

366 2197 22 18 Di
397 2197 52 17 tutta
456 2196 20 18 la
483 2195 46 18 roba
536 2197 55 15 corsa
596 2197 5 17 ;

364 2222 31 18 D’i
402 2222 39 18 miô
449 2220 72 20 fratelli
527 2218 55 24 pueti

365 2247 52 24 Sogu
425 2248 20 17 la
453 2247 40 18 sola
500 2246 77 18 risorsa.
605 2247 5 5 '

366 2272 85 20 Cullerai
458 2272 53 18 tuttu
518 2271 22 18 in
547 2269 56 19 Niolu

366 2298 35 19 Chi
409 2298 117 23 empieremu
533 2296 20 18 la
559 2295 63 19 bor.sa.

366 2353 10 11 «
382 2347 22 18 Ti
412 2348 63 21 tengu
482 2350 45 14 caru

366 2372 58 19 A'ssai
431 2372 35 23 più
474 2372 44 17 d’un
529 2369 78 19 fratellu
612 2373 7 17 ;

367 2398 30 19 Un
405 2402 50 19 sogu
463 2401 66 17 avaru,

367 2424 32 19 Sla
406 2428 25 14 eu
439 2423 70 23 questu
516 2426 12 14 o
537 2420 76 24 quellu;

367 2449 16 19 E
390 2450 18 18 si
416 2450 23 17 tu
446 2448 33 18 hai
487 2448 87 22 bisognp,

367 2475 64 18 Trovu
439 2479 12 13 o
459 2473 60 19 facciu
525 2470 128 20 matrimoniu.

368 2530 9 10 «
383 2524 82 21 Dunque
472 2522 19 23 jè
498 2522 61 18 ’ntesa
564 2525 5 13 :

368 2549 62 18 Busca
436 2548 21 18 le
464 2546 115 24 tupaghiole,

369 2575 61 17 Busca
437 2574 16 17 li
461 2572 63 22 stacci,

369 2600 26 18 Le
403 2599 76 19 secchie
487 2603 11 13 e
505 2598 19 18 le
532 2596 94 24 paghiole,

369 2624 90 19 Buscami
465 2624 19 18 le
496 2622 115 23 minatoghie

369 2651 16 17 E
391 2650 8 18 i
407 2650 47 18 testi
461 2649 23 23 pè
491 2649 19 18 le
516 2647 88 23 fasgiole,

370 2705 9 11 «
384 2699 9 18 I
400 2698 104 21 cavizzoni,

370 2725 27 18 Le
404 2724 59 22 euffe,
472 2723 15 18 li
495 2721 86 24 cernigli,

371 2750 68 20 Sellini
451 2753 12 14 e
471 2748 75 18 ’mbasti

370 2775 57 23 (Nota
435 2775 51 18 duve
493 2773 16 18 li
515 2772 63 24 pigli),

370 2801 85 20 Aecette,
464 2798 73 24 pignuli
546 2802 11 14 e
563 2796 54 21 ferri,

370 2825 95 23 Trappule
472 2824 24 23 pè
503 2824 14 18 li
525 2822 78 22 cunigli.

371 2880 10 12 «
387 2875 61 17 Busca
455 2872 98 23 carreghe,

372 2899 24 19 Se
404 2899 39 23 poi,
451 2897 68 19 rocche
527 2901 12 14 e
546 2896 49 21 fuse,

371 2925 16 19 E
394 2925 15 18 li
415 2923 96 24 spurtelli,

371 2950 85 19 Bilancie
464 2953 11 14 a
482 2948 113 18 tatt’accuse
600 2950 5 17 ;

371 2977 18 17 A
395 2974 92 20 Particuli
494 2972 90 24 pippagh]

372 3001 30 20 Un
408 3001 18 20 lf
432 3000 53 18 femu
494 3002 67 14 mancu
568 3000 61 15 scuse.

372 3056 10 11 «
389 3049 43 19 Cun
440 3049 53 17 tanta
501 3047 46 19 roba

372 3076 98 17 Averemu
477 3076 92 15 cuncorsu

372 3101 36 21 Tu,
417 3098 86 20 striterai

373 3125 36 18 Chi
417 3124 30 19 sai
454 3124 53 23 parla
514 3126 62 16 corsu,

373 3150 28 19 Ed
408 3150 33 18 eiu
449 3154 26 13 eu
481 3149 20 18 la
508 3146 109 20 mandulina

373 3175 96 23 Feraghiu
475 3174 19 17 la
502 3172 112 19 zilimbrina.
620 3176 8 11 »

373 3221 36 21 Ma,
419 3225 11 13 a
438 3220 43 22 què,
491 3218 68 19 Divota

372 3246 56 18 Disse
434 3250 5 13 :
445 3251 10 11 «
460 3244 35 19 Stu
503 3242 121 23 Rimaglione,

372 3272 60 18 Forse
439 3270 29 18 mi
474 3269 58 23 piglia

372 3296 27 18 Pè
406 3301 29 13 un
442 3299 49 14 veru
499 3295 118 21 stagnerone,

373 3321 90 19 Ch’abbia
469 3321 24 16 da
501 3319 50 18 cullà
556 3318 22 18 in
586 3317 60 20 Niolu,

372 3346 68 19 Teneli
447 3350 15 13 u
469 3343 132 20 cudacciulonè
608 3341 6 18 !

373 3396 16 22 È
396 3405 29 13 un
432 3398 118 20 birbantellu

373 3425 59 19 Goffu
440 3428 56 15 cume
501 3428 11 14 a
519 3426 95 19 seugnura
620 3426 6 16 ;

373 3450 103 23 Apress’ad
484 3449 39 18 ellu

373 3475 82 19 Vedemi
460 3474 10 18 ?
477 3474 30 18 Un
514 3473 29 19 c’è
550 3476 59 19 peura
615 3471 6 18 !

374 3501 77 19 Benchè
458 3500 69 18 nimica
535 3498 21 18 di
563 3496 69 22 l’Orsu,

374 3526 17 18 ü
398 3525 112 24 preferisc’a
516 3529 14 12 u
540 3526 98 15 cuncorsu.

375 3581 24 17 Di
406 3585 13 12 a
426 3579 60 18 Petru
493 3579 61 18 Rocca
558 3581 5 4 '

376 3605 75 19 Ch’ellu
460 3604 89 18 m’averti
555 3602 72 23 prestu,

377 3630 43 21 Chi,
429 3629 43 18 soin
480 3629 25 17 ad
512 3629 39 18 ellu

377 3656 27 20 Mi
411 3655 50 18 cedu
469 3658 10 13 e
487 3654 27 17 mi
520 3654 17 17 li
545 3653 72 23 prestu.

377 3681 60 19 S’elln
445 3679 41 21 fera
493 3684 14 13 u
516 3679 101 18 Direttore,

379 3707 51 22 Sogu
439 3705 69 22 pronfa
514 3708 36 19 per
557 3705 97 16 cuncorre.

536 3736 104 20 Sussinu,

730 484 92 31 Risposta
841 490 12 19 a
864 485 20 26 L.
893 485 23 26 E

693 540 69 19 Avanti
770 542 21 17 di
798 542 136 21 prununciabbi

693 564 24 17 Vi
724 569 60 19 pregu
791 567 72 17 riflelta
873 568 81 20 ’ntantu,

693 589 34 17 Chi
735 590 21 17 in
764 591 58 17 titulu
829 591 20 17 di
857 591 91 22 vargogni

693 614 36 18 ’Eti
735 616 77 21 purtatu
820 616 20 17 lu
848 617 67 17 vantu.

692 639 72 19 Pinzeti
773 645 11 13 a
791 641 16 17 li
814 641 79 18 scartati

693 664 47 19 D’un
748 666 88 22 diputatu
844 667 25 17 da
876 667 63 17 cantu.

694 705 13 9 11
711 705 103 24 Equivoque
821 711 12 13 a
841 706 78 23 dissiper
921 706 11 8 ”

693 729 22 18 Ni
724 731 68 17 mireta
799 736 38 13 una
845 731 87 22 risposta.

692 754 94 19 D’insultà
793 755 143 22 Pautonomisti,

693 780 20 17 L.
722 780 27 18 M.
758 785 12 13 a
777 780 38 18 îaei
823 782 78 21 apposta
904 786 6 16 ;

693 805 29 17 Ma
730 805 70 18 ch’ellu
807 806 55 22 pensi
870 811 12 12 a
889 806 16 18 li
912 806 45 22 guai

693 829 36 19 Chi
734 830 18 18 si
757 835 49 13 sonu
814 831 74 18 miss’in
895 831 60 22 posta.

693 875 22 18 Di
720 876 41 18 ’ssu
767 876 57 18 tristu
831 876 114 22 articulellu,

694 900 55 22 Quali
756 901 22 17 ni
785 902 43 17 sarà
835 902 77 17 l’autori
916 900 10 18 ?

692 926 16 17 A
716 926 123 18 sottuscriv’u
850 931 22 13 so
883 926 52 18 nomi

693 950 21 19 Ci
722 956 11 13 a
740 952 76 17 truvatu
821 951 80 19 russori.

693 976 53 23 Sog’è
752 977 91 17 marcanti
851 976 20 18 di
878 974 68 20 lardu?

693 1000 14 19 0
715 1001 37 18 faci
759 1002 23 17 lu
789 1001 97 23 parcittori
892 1000 10 19 ?

692 1046 28 18 Un
728 1047 125 23 disprizzemu
861 1046 74 21 Pltalia,

692 1072 16 18 A
712 1072 8 17 i
726 1072 91 18 Tedeschi
823 1077 27 12 un
857 1071 88 23 pinzemi,

692 1097 14 18 E
713 1098 50 17 untu
771 1101 57 19 presu
835 1101 12 13 a
854 1097 8 17 i
870 1096 71 18 suldati

692 1122 110 18 Cumed’elli
813 1127 27 13 un
847 1121 22 18 ni
877 1121 102 23 magnemi,

692 1148 67 17 Parchi
768 1152 54 13 semu
832 1147 40 18 omi
879 1147 21 17 di
907 1146 39 18 cori

692 1173 14 18 E
711 1178 35 17 par
751 1172 50 19 soldi
807 1177 27 13 un
840 1172 18 18 ci
865 1171 92 19 vindemi.

692 1218 42 18 Omi
741 1218 55 18 tirati
803 1222 24 18 pa
835 1222 11 13 a
854 1217 48 18 funa

692 1243 14 18 E
713 1243 74 22 purtati
793 1248 24 18 pa
824 1247 12 13 a
843 1241 102 24 quattrina,

693 1268 88 18 Parletici
792 1266 131 21 chiaramenti,

692 1293 28 18 Un
729 1293 125 17 barbattet’in
861 1291 76 18 surdina

692 1316 142 19 Ch’unn’avemi
839 1316 40 18 mai
886 1315 81 18 vindutn

692 1342 36 18 Noi
736 1346 65 19 grassa
808 1341 97 18 maialina.

693 1387 20 19 Si
720 1387 99 19 cunoscini
825 1392 12 13 a
843 1387 22 18 lu
873 1387 44 17 belu

693 1413 50 19 Certi
751 1413 71 24 agnelli
833 1412 20 18 di
861 1411 84 19 miisinu.

693 1439 14 18 E
715 1440 42 18 cusì
766 1439 37 18 seti
810 1438 32 19 voi
850 1438 47 18 altri

693 1464 27 19 Cu
728 1465 68 17 vostru
801 1464 57 18 tristu
865 1463 79 21 distinu,

694 1490 27 19 Cu
727 1490 22 18 lu
756 1491 68 17 vostru
832 1493 68 18 magru
906 1487 62 23 îogliu

693 1516 51 18 Untu
752 1516 21 18 di
780 1515 54 18 lardu
842 1514 87 23 purcinu.

819 1548 21 19 J.
849 1548 24 18 F.
884 1547 71 19 Olmo.

672 1624 19 24 T\
700 1622 99 25 Canzona
806 1622 20 24 di
836 1622 5 23 i
851 1618 126 27 Lavuradori

698 1681 105 20 Pruteste
808 1686 14 13 e
827 1677 150 23 chiaccbiare,

697 1708 80 22 Scritti
786 1714 13 14 e
806 1706 104 24 lamenti,

698 1737 84 24 Amici,
791 1743 31 14 un
831 1734 121 22 cambianu

700 1766 19 20 A
728 1769 80 17 nostra
817 1767 70 18 sorte.

700 1794 34 21 Cu
744 1800 13 14 e
767 1796 77 18 vostre
852 1790 119 27 prediche,

702 1822 36 21 Cu
747 1822 7 20 i
764 1821 73 21 nostri
847 1819 73 26 pienti

702 1850 33 21 Pô
744 1850 85 25 aspittà
838 1855 13 14 a
860 1847 94 21 Corsica

701 1880 19 19 A
729 1879 141 20 malamorte.

700 1907 37 20 Ma
745 1906 42 24 c’è,
796 1904 129 23 infallibile,

701 1935 46 25 Qui
756 1941 13 13 a
779 1933 117 23 midicina,

701 1963 43 21 Chi
754 1963 30 21 da
793 1962 96 24 Falgina

701 1991 27 21 Ci
737 1990 99 21 salbarà.

727 2033 82 22 Corsu,
818 2030 100 22 finiscila

702 2062 29 19 Di
739 2061 23 20 fà
772 2068 14 13 u
795 2060 85 21 stifale.

702 2089 84 23 Corsu,
795 2086 136 23 arricordati

703 2117 84 21 Ch’ind
795 2123 14 14 e
817 2121 24 16 to
850 2114 63 22 mani

704 2146 64 20 L’hai
776 2149 25 17 tu
808 2152 16 13 u
833 2143 98 22 rimediu

703 2175 19 20 A
730 2178 66 16 tantu
806 2173 67 21 male.

703 2203 20 20 A
732 2201 37 22 chi
778 2203 43 24 prò
829 2201 7 20 i
846 2199 78 22 sonnii

704 2230 114 22 Fumosi.e
827 2229 54 21 vani
887 2228 13 20 ?

704 2259 74 25 Quale
785 2258 40 24 se’,
834 2255 104 23 mostrati

702 2287 61 21 Omu
772 2287 23 19 di
806 2285 79 26 vaglia
892 2291 7 14 :

703 2316 50 24 Ajò,
763 2314 123 25 travaglia,

704 2343 18 21 E
730 2344 46 20 tira
789 2343 22 20 là
819 2342 6 20 !

730 2386 89 25 Aspetti
827 2385 7 20 i
843 2383 86 22 torduli

704 2414 88 24 Grassi,
800 2412 114 23 allardati,

704 2442 83 21 Ch'elii
795 2442 18 20 ti
822 2441 104 25 piovinu,

704 2471 71 23 Cotti,
784 2470 24 20 in
816 2469 92 21 buttinu
914 2468 13 20 ?

705 2498 90 25 Aspetti
803 2504 13 13 a
825 2496 87 22 sèmula

708 2528 34 20 Da
750 2528 7 19 i
769 2525 106 27 diputati,

706 2556 43 21 Chi
758 2556 19 20 ti
787 2553 115 26 risparmii

707 2584 65 20 Soldi
780 2589 14 14 e
802 2582 89 21 mulinu
899 2580 11 20 ?

709 2611 104 22 Unn’avè
821 2610 62 20 furia
890 2616 7 12 :

705 2641 104 24 Aspetta,
818 2640 91 23 aspetta
916 2636 6 20 !

706 2668 71 21 S’ella
783 2666 159 24 unn’impetta,

707 2696 143 26 Tijugnarà.

734 2738 19 21 O
764 2738 82 22 Corsu,
856 2736 81 22 mirala

707 2767 40 21 Sta
755 2770 62 16 terra
826 2770 73 18 corsa,

707 2795 107 22 Ridente,
822 2793 79 20 fertile

708 2824 43 20 Più
762 2829 26 14 ca
797 2829 14 13 a
821 2822 128 20 Pruvenza.

707 2853 19 22 A
734 2851 22 21 fà
767 2850 134 21 bundevule

708 2880 84 24 D’ogni
801 2879 87 21 risorsa

706 2908 19 18 A
735 2913 70 14 manu
815 2906 96 25 prodiga

707 2936 30 20 Di
744 2942 13 14 a
768 2934 165 22 Pruvvidenza.

706 2964 114 23 Tèmpara
829 2969 13 13 a
852 2966 93 16 vomara
955 2966 7 13 :

706 2991 74 25 Apriii
789 2997 15 14 u
814 2996 58 15 senu
879 2996 7 17 ;

708 3020 18 20 E
734 3026 12 14 a
756 3025 68 15 saccu
833 3018 70 25 pienu

696 3063 3 2 .
707 3048 30 20 Ti
745 3047 101 20 rindarà.

735 3089 43 22 Chi
786 3092 64 17 tante
858 3087 71 21 storie
938 3087 6 21 !

709 3118 26 22 Si
742 3124 14 13 a
765 3121 61 16 terra
834 3117 14 21 è
856 3116 64 23 dura,

709 3145 107 21 Turnarà
824 3144 95 20 umbule

709 3173 34 21 Cu
752 3180 16 13 u
777 3176 23 16 to
809 3171 93 21 sudore.

709 3202 69 20 Basta
787 3200 42 19 avè
837 3199 69 24 laziu,

708 3230 79 21 Sennu
796 3235 13 14 e
817 3228 112 25 primura.

709 3258 46 20 Oui
765 3257 35 20 stà
808 3262 14 14 a
829 3255 83 21 divizia
917 3263 7 12 :

709 3285 46 26 Qui
765 3285 36 19 stà
809 3284 95 20 l’onore.

710 3314 107 24 Dunque,
823 3310 145 21 sfruttemula

710 3342 39 19 Sta
756 3346 58 19 gran
823 3339 101 23 minera;

710 3369 19 21 E
737 3366 163 25 Mammapiera

711 3395 134 23 ’Nafantarà
855 3394 6 20 !

784 3431 24 20 U
819 3429 140 23 Babbuziu.

1126 151 71 59 Le
1239 149 194 56 Procès
1474 149 71 55 du
1588 144 245 71 Complot

1018 231 376 60 Autonomiste
1434 228 508 60 Alsacien=Lorraiu

1435 314 92 29 (Suite)

1025 412 76 20 L’idée
1109 412 29 19 du
1145 417 11 10 «
1164 411 139 21 Volksbote»
1310 409 34 21 fut
1352 411 82 20 bonne.
1441 411 32 19 Le

1002 441 48 19 vrai
1064 440 92 20 homme
1170 447 58 18 pour
1242 440 22 19 le
1278 445 10 10 «
1298 438 63 21 Neue
1377 439 77 20 Elsass
1461 446 11 11 »

1001 469 75 19 aurait
1084 469 37 19 été
1127 469 31 19 M.
1168 469 90 19 Dahlet.
1267 466 25 21 Si
1305 471 65 16 notre
1383 472 91 14 mouve-

1002 501 62 16 ment
1072 503 14 13 a
1098 496 81 25 perdu,
1193 497 55 19 c’est
1261 495 71 25 qu’on
1340 501 13 14 a
1367 495 108 19 lamenta-

1002 524 100 21 blement
1110 525 75 24 dirigé
1190 524 22 20 le
1220 526 153 18 mouvement.

1026 552 110 20 Théâtre:
1147 552 31 20 Le
1186 552 54 24 plan
1249 550 60 22 suivi
1318 551 54 19 était
1383 550 62 20 faux.
1454 548 20 19 U

1003 578 72 21 fallait
1091 580 97 19 cultiver
1204 580 21 19 la
1246 580 83 23 langue
1349 575 126 23 allemande

1003 607 51 25 plus
1067 613 46 18 que
1124 607 59 20 l’art.
1193 607 44 20 Les
1244 606 190 26 représentations
1447 603 29 19 de

1003 635 22 20 la
1032 638 83 21 troupe
1122 642 9 10 «
1139 635 63 20 Pons
1208 641 10 11 »
1228 639 41 16 ont
1276 634 43 20 fait
1326 633 77 21 fiasco.
1409 632 19 20 Il
1435 630 42 21 fal-

1003 663 41 20 lait
1064 664 41 20 des
1125 663 197 25 représentations,
1339 660 137 26 populaires,

1004 692 38 25 qui
1051 692 124 25 plaisaient
1182 698 30 13 au
1219 690 91 26 peuple.
1317 690 31 20 Le
1356 689 85 20 théâtre
1447 687 30 19 de

1004 719 91 21 l’Union
1109 720 37 19 n’a
1160 725 42 19 pas
1209 719 29 20 de
1246 718 86 25 public.
1342 716 82 21 L’essai
1437 715 40 19 des

1004 751 93 21 troupes
1110 747 133 20 bavaroises
1256 746 15 19 à
1282 746 87 22 l’Eden,
1383 748 94 21 prouve,

1004 776 55 24 qu’il
1068 782 14 18 y
1090 775 77 21 aurait
1174 776 14 19 à
1202 774 57 20 faire
1272 774 99 24 quelque
1384 771 75 21 chose.
1467 776 9 10 »

1267 804 75 24 Signé
1344 810 9 12 :
1362 802 86 21 Scliall.

1029 837 20 20 S
1047 836 29 21 ch
1077 836 36 20 ail
1117 844 9 13 :
1133 836 68 21 Cette
1214 835 67 20 lettre
1290 839 94 20 prouve,
1398 832 55 25 qu’il
1464 838 15 18 y

1004 865 62 20 avait
1079 865 41 20 des
1136 863 124 21 différends
1277 862 57 20 dans
1350 861 22 20 le
1387 866 93 14 mouve-

1005 896 63 17 ment
1082 893 30 19 du
1122 890 162 22 Heimatbund.
1294 889 30 21 M.
1333 887 91 21 Ricklin
1438 893 41 18 par

1005 920 110 24 exemple,
1120 919 95 21 s’avoua
1219 917 166 21 franchement,
1392 920 89 14 comme

1005 949 99 19 clérical.
1111 947 57 21 Mais
1175 951 66 16 notre
1249 947 147 18 mouvement
1403 943 78 24 englo-

1006 976 48 20 bait
1060 976 63 20 aussi
1131 976 41 19 des
1180 973 131 26 politiciens
1324 971 96 21 d’autres
1433 970 48 24 opi-

1005 1004 68 20 nions
1082 1009 88 15 comme
1178 1002 47 20 moi
1231 1007 41 19 par
1280 999 109 24 exemple-
1395 999 86 19 Certai-
1488 1011 3 10 i

1006 1039 40 13 nés
1054 1031 180 21 contradictions
1244 1029 84 20 étaient
1336 1028 59 19 donc
1409 1026 72 20 inévi-

1006 1060 82 20 tables.
1097 1059 79 25 Quant
1182 1059 15 19 à
1204 1057 22 20 la
1239 1056 107 25 question
1354 1055 30 19 du
1392 1054 89 20 théâtre

1006 1088 29 20 M.
1043 1087 74 20 Pinck
1125 1093 37 14 me
1170 1086 34 20 dit
1211 1084 66 21 avoir
1284 1090 31 14 vu
1324 1081 157 22 leDr.Wentz-

1005 1115 34 21 ler
1046 1115 42 25 qui
1095 1115 87 25 dirigea
1190 1114 35 19 les
1232 1110 193 27 représentations
1433 1109 48 20 d’u-

1005 1150 29 14 ne
1054 1147 83 21 troupe
1161 1141 130 21 viennoise.
1313 1139 32 20 Ce
1366 1138 115 19 directeur

1005 1172 62 19 avait
1087 1170 114 21 demandé
1225 1168 101 21 certains
1350 1165 131 24 renseigne-

1005 1202 75 17 ments
1094 1200 13 19 à
1122 1198 29 20 M.
1163 1196 74 22 Pinck
1252 1202 41 14 sur
1309 1194 22 20 le
1347 1193 87 21 théâtre
1449 1198 30 14 en

1006 1227 89 20 Alsace.

1029 1254 138 21 Président:
1184 1250 117 25 Pourquoi
1323 1252 57 17 cette
1398 1247 82 25 phrase

1006 1283 29 19 «à
1043 1282 101 20 détruire
1152 1281 67 23 après
1226 1279 88 21 lecture
1324 1284 19 12 ».

1028 1308 76 20 Schall
1112 1315 6 13 :
1124 1307 166 24 L’explication
1295 1304 90 20 estbien
1391 1302 87 25 simple.

1005 1336 63 21 Ceux
1075 1336 40 25 qui
1122 1335 148 21 connaissent
1278 1332 30 21 M.
1319 1331 71 21 Pinck
1397 1334 83 17 savent

1004 1365 55 26 qu’il
1066 1364 62 20 avait
1136 1362 126 22 l’habitude
1270 1361 29 20 de
1307 1359 173 25 communiquer

1005 1397 63 17 toute
1082 1392 108 21 nouvelle
1207 1392 13 20 à
1237 1397 37 14 ses
1292 1388 186 21 connaissances.

1005 1422 18 21 11
1036 1421 106 21 m’aurait
1156 1421 37 20 été
1202 1417 146 26 désagréable
1357 1417 18 20 si
1385 1422 48 14 mes
1442 1421 37 14 ex-

1004 1450 122 26 plications
1135 1455 40 15 sur
1188 1448 34 20 les
1228 1445 122 23 différends
1367 1445 56 19 dans
1438 1449 41 14 no-

1004 1483 34 16 tre
1053 1480 148 19 mouvement
1214 1475 105 21 auraient
1324 1472 92 22 conduit
1426 1472 14 20 à
1450 1471 29 20 de

1005 1507 118 21 nouvelles
1130 1505 132 22 difficultés.

1029 1536 18 19 Il
1061 1542 16 19 y
1093 1542 13 13 a
1120 1534 92 21 ensuite
1227 1538 47 15 une
1294 1529 127 22 discussion
1439 1533 40 15 sur

1003 1563 149 26 l’expression
1161 1562 78 20 fausse
1252 1558 140 23 déclaration
1405 1556 28 20 de
1446 1555 33 20 lo-

1003 1592 96 25 yalisme
1116 1590 78 22 Schall
1210 1589 97 22 déclare,
1330 1592 45 20 que
1390 1584 89 26 d’après

1004 1626 42 15 son
1055 1620 95 25 opinion
1159 1626 31 14 on
1196 1617 98 22 n’aurait
1301 1622 41 19 pas
1351 1615 29 20 dû
1388 1613 91 24 répéter

1004 1650 13 19 à
1024 1652 51 17 tout
1088 1648 89 21 instant
1189 1650 61 18 cette
1258 1643 139 23 déclaration
1409 1641 30 20 de
1445 1640 34 20 lo-

1004 1677 96 26 yalisme
1107 1677 31 20 du
1147 1676 68 21 cadre
1222 1676 29 20 de
1258 1675 22 20 la
1289 1674 94 20 France.
1391 1671 30 20 La
1429 1674 51 20 pre-

1004 1706 71 20 mière
1083 1705 75 21 aurait
1165 1704 31 21 dù
1205 1702 64 23 suffir
1277 1708 59 20 pour
1343 1699 111 26 toujours.

1030 1734 31 20 Le
1075 1733 121 26 président
1209 1738 25 14 se
1248 1729 120 23 demande,
1384 1728 20 20 si
1419 1730 61 17 cette

1004 1762 135 25 expression
1147 1768 30 14 ne
1185 1760 77 21 devait
1268 1764 43 21 pas
1320 1756 102 27 signifier
1434 1760 46 16 une

1004 1791 140 20 déclaration
1153 1790 40 25 qui
1204 1788 81 22 n’était
1293 1793 41 19 pas
1342 1785 97 22 sincère.

1030 1819 39 21 Me
1078 1819 69 21 Peter
1151 1826 9 13 :
1167 1818 33 21 M.
1208 1818 23 20 le
1244 1816 126 27 président,
1383 1815 99 24 permet-

1005 1848 91 21 tez-moi
1111 1848 28 19 de
1153 1853 60 14 vous
1225 1846 50 20 dire
1283 1850 47 20 que
1343 1843 56 20 dans
1405 1842 23 20 la
1436 1844 46 17 tra-

1005 1876 94 21 duction
1107 1876 17 20 il
1130 1882 16 19 y
1153 1882 14 14 a
1175 1880 85 16 encore
1268 1880 46 14 une
1320 1878 84 15 erreur.
1410 1869 72 26 (Fais-

1006 1905 41 20 che
1056 1903 253 27 Loyalitatserklarung
1317 1901 58 20 dans
1387 1905 26 15 ce
1427 1904 55 15 sens

1006 1939 28 14 ne
1043 1937 56 16 veut
1106 1938 42 20 pas
1161 1932 50 20 dire
1219 1930 118 26 loyalisme
1350 1928 61 23 faux,
1423 1926 60 21 mais

1006 1961 140 21 déclaration
1155 1957 126 28 déplacée).

1030 1989 125 20 Président
1159 1995 9 13 :
1173 1988 95 20 Venons
1276 1993 29 13 au
1315 1986 86 20 théâtre
1407 1991 6 13 :
1420 1984 62 21 Vous

1007 2017 65 21 aviez
1081 2017 61 20 donc
1154 2016 130 20 l’intention
1292 2012 148 22 d’introduire
1453 2018 28 13 en

1007 2044 202 22 Alsace-Lorraine
1222 2047 64 16 toute
1293 2043 22 19 la
1330 2042 88 20 culture
1430 2039 54 21 alle-

1007 2074 85 20 mande
1099 2073 13 21 ?

1034 2101 84 21 Schall
1122 2108 6 13 :
1137 2101 29 20 Je
1180 2100 49 21 suis
1238 2101 48 19 très
1300 2098 84 21 étonné
1398 2102 46 20 que
1452 2095 32 21 M.

1008 2131 22 20 le
1042 2129 120 25 président
1178 2128 65 26 parle
1259 2125 178 23 d’introduction
1454 2125 31 19 de

1008 2162 60 17 cette
1081 2158 91 20 culture
1185 2163 29 14 en
1228 2156 94 23 Alsace;-.
1330 2154 33 21 Ce
1374 2154 57 19 n’est
1443 2158 42 20 pas

1006 2186 70 26 juste,
1084 2189 52 17 tout
1145 2185 92 21 homme
1245 2184 45 21 sait
1298 2189 45 19 que
1351 2183 21 19 la
1381 2181 104 25 majorité

1009 2215 41 20 des
1061 2214 118 25 journaux
1194 2216 53 18 sont
1260 2212 119 25 imprimés
1387 2216 28 14 en
1430 2209 56 20 alle-

1010 2243 70 20 mand
1088 2248 45 19 que
1141 2242 30 20 de
1179 2245 50 17 tout
1236 2245 85 21 temps,
1330 2240 73 20 même
1415 2241 71 17 avant

1009 2271 58 25 1870,
1074 2269 30 22 ôn
1117 2271 63 20 avait
1187 2270 23 20 le
1223 2269 89 21 théâtre
1329 2266 155 22 allemand-en

1009 2299 90 21 Alsace.
1107 2299 35 20 Du
1152 2301 68 20 reste,
1226 2298 35 20 les
1268 2296 165 21 autonomistes
1440 2294 47 20 n’é-

1009 2328 74 20 taient
1090 2333 41 19 pas
1138 2326 63 21 seuls
1209 2327 14 19 à
1231 2324 126 22 démander
1364 2324 40 20 des
1410 2322 76 25 repré-

1010 2356 128 20 sentations
1146 2354 150 21 allemandes.
1305 2352 30 21 M.
1346 2352 109 22 Peirotes,
1464 2350 22 19 le

1010 2384 165 25 député-maire
1191 2383 29 20 de
1237 2381 146 25 Strasbourg,
1400 2379 85 25 auquel

1010 2419 30 14 on
1050 2419 30 14 ne
1088 2415 56 22 peut
1151 2415 74 17 certes
1231 2416 41 20 pas
1281 2409 58 21 faire
1345 2409 22 20 le
1376 2407 111 26 reproche

1010 2441 70 20 d’être
1089 2447 30 14 un
1134 2439 103 21 mauvais
1253 2438 107 25 patriote,
1368 2444 12 13 a
1394 2436 42 20 fart
1449 2435 38 20 de-

1011 2469 51 24 puis
1071 2468 52 26 1918
1130 2469 42 20 des
1180 2467 135 21 démarches
1323 2472 58 18 pour
1388 2465 21 20 le
1424 2463 63 21 théâ-

1011 2501 34 17 tre
1065 2497 125 21 allemand.
1213 2495 64 21 Nous
1298 2494 104 20 n’avions
1422 2491 65 21 nulle

1010 2525 115 21 intention
1139 2524 152 20 d’introduire
1305 2522 98 25 quelque
1416 2520 71 20 chose

1011 2553 28 21 de
1053 2552 63 24 neuf,
1131 2559 61 14 nous
1206 2558 30 14 ne
1244 2550 150 21 demandions
1406 2554 45 19 que
1463 2548 23 19 le

1011 2582 111 20 maintien
1138 2581 29 20 de
1184 2580 88 20 vieilles
1293 2578 120 21 traditions
1428 2576 60 20 alsa-

1011 2610 102 20 ciennes.
1123 2608 63 21 Nous
1194 2614 30 14 ne
1232 2608 90 20 faisons
1330 2612 40 19 pas
1378 2606 22 20 le
1405 2604 40 26 jeu
1458 2604 29 19 de

1011 2637 160 25 l’Allemagne;
1176 2642 89 14 comme
1270 2642 31 13 un
1308 2634 78 21 Suisse
1392 2635 95 18 causant

1011 2664 129 21 l’allemand
1149 2668 56 22 peut
1218 2663 124 21 demander
1350 2662 27 20 de
1390 2660 97 26 pouvoir

1011 2693 95 21 assister
1134 2693 76 20 même
1236 2697 29 14 en
1285 2690 79 22 Suisse
1393 2693 94 16 romane

1012 2723 13 19 à
1031 2728 48 14 une
1087 2720 183 25 représentation
1285 2719 134 22 allemande,
1435 2716 53 20 l’Al-

1011 2750 77 20 sacien
1097 2756 13 13 a
1119 2749 21 20 le
1149 2748 61 21 droit
1217 2748 29 20 de
1253 2747 126 21 demander
1387 2752 30 14 un
1426 2744 63 21 théâ-

1012 2782 35 16 tre
1054 2777 117 21 allemand
1180 2777 13 19 à
1202 2776 149 24 Strasbourg.

1037 2809 56 21 Plus
1100 2809 49 19 loin
1159 2814 41 14 sur
1208 2813 47 15 une
1260 2806 111 22 demande
1379 2806 30 20 du
1418 2804 72 25 prési-

1013 2838 61 22 dent,
1081 2836 77 21 Schall
1165 2835 92 21 déclare
1262 2842 45 18 que
1314 2836 22 20 la
1343 2832 144 26 bourgeoisie

1013 2866 35 19 n’a
1062 2870 41 20 pas
1117 2864 82 20 besoin
1216 2864 30 19 du
1262 2863 88 20 théâtre
1363 2861 122 23 allemand,

1014 2894 149 23 comprenant
1170 2890 166 24 suffisajnment
1346 2890 22 20 le
1379 2888 106 25 français.

1013 2921 51 21 S’ils
1073 2924 42 17 ont
1123 2919 99 21 défendu
1230 2923 60 17 cette
1297 2919 59 23 idée,
1366 2918 55 20 c’est
1428 2917 59 20 dans

1013 2949 99 21 l’intérêt
1118 2948 29 20 de
1154 2948 23 19 la
1185 2946 87 27 grande
1277 2952 75 16 masse
1360 2946 30 20 du
1395 2945 91 25 peuple.

1037 2977 39 20 Me
1084 2976 69 20 Peter
1158 2982 9 14 :
1175 2974 186 22 Permettez-moi
1369 2974 28 20 M.
1407 2974 21 20 le
1437 2973 51 24 pré-

1013 3005 77 20 sident
1096 3005 30 19 de
1133 3003 59 21 faire
1201 3009 134 18 remarquer
1342 3008 46 19 que
1402 3002 20 20 le
1437 3007 48 20 pro-

1013 3032 90 21 fesseur
1116 3031 117 21 Wentzler
1247 3037 13 14 a
1274 3037 29 14 eu
1317 3031 21 21 la
1351 3029 135 27 permission

1013 3060 29 20 de
1057 3061 91 19 donner
1164 3059 41 20 des
1225 3058 192 25 représentations
1433 3057 55 20 alle-

1014 3088 95 20 mandes
1117 3088 14 20 à
1139 3087 149 24 Strasbourg,
1301 3088 68 24 grâce
1376 3086 13 20 à
1402 3085 86 20 l'inter-

1013 3116 96 20 vention
1123 3115 29 20 de
1169 3114 31 21 M.
1210 3115 57 19 Paul
1289 3115 76 21 Vallot
1380 3117 23 17 et
1418 3113 29 20 de
1455 3113 31 20 M.

1014 3143 85 22 Briand
1116 3147 23 16 et
1156 3148 47 14 non
1220 3148 40 14 sur
1276 3141 167 22 l’intervention
1458 3141 29 20 de

1014 3171 53 21 MM.
1077 3171 76 20 Schall
1162 3174 24 16 et
1194 3170 74 20 Pinck
1276 3168 122 27 (Hilarité).

1038 3199 84 21 Schall
1125 3206 9 13 :
1142 3199 185 20 Permettez-moi
1341 3203 82 15 encore
1432 3197 54 22 MM.

1014 3231 34 20 les
1053 3230 67 25 jurés
1128 3229 39 24 d’y
1175 3228 91 26 ajouter
1276 3235 45 18 que
1329 3229 30 23 M-
1368 3228 119 22 Millerand

1013 3258 78 26 quand
1103 3257 18 20 il
1135 3257 57 20 était
1205 3256 157 21 commissaire
1372 3257 93 25 général
1474 3263 13 14 a

1013 3286 147 24 Strasbourg,
1181 3285 63 19 avait
1264 3284 93 21 élaboré
1371 3291 30 13 un
1422 3289 65 17 vaste

1013 3314 53 25 plan
1081 3319 59 19 pour
1153 3312 65 20 créer
1230 3318 32 14 un
1270 3311 88 22 théâtre
1370 3313 117 24 populaire

1012 3340 124 23 allemand,
1143 3340 40 25 qui
1191 3340 78 20 devait
1274 3346 25 13 se
1307 3346 116 20 composer
1430 3341 58 21 d’ar-

1012 3369 66 20 tistes
1083 3367 148 23 autrichiens,
1237 3367 86 20 suisses
1328 3372 22 16 et
1354 3368 132 23 allemands,

1013 3400 23 17 et
1042 3396 41 25 qui
1091 3396 90 20 devrait
1186 3395 69 25 jouer
1262 3395 57 20 dans
1326 3400 71 16 toutes
1404 3396 34 21 les
1446 3396 42 21 vil-

1012 3425 35 20 les
1053 3424 30 20 de
1090 3424 107 20 l’Alsace-

1036 3458 40 19 Me
1083 3457 95 25 Jaegléz
1187 3457 30 20 Je
1223 3457 86 24 dépose
1318 3457 13 19 à
1338 3458 24 19 la
1375 3458 63 20 Cour
1444 3459 43 20 des

1013 3485 147 21 conclusions
1165 3491 59 18 pour
1232 3484 86 23 savoir,
1324 3485 19 19 si
1351 3486 21 19 la
1380 3486 106 25 question

1013 3513 28 20 de
1049 3513 132 20 «Théâtre»
1190 3518 14 14 a
1220 3512 78 20 affaire
1305 3518 57 15 avec
1373 3514 23 20 le
1410 3519 79 14 «com-

1014 3541 75 24 plot».
1101 3540 183 20 Permettez-moi
1297 3539 31 20 M.
1336 3540 22 20 le
1371 3541 117 24 président

1013 3568 29 22 4e
1050 3574 59 17 yous
1118 3568 107 25 rappeler
1233 3573 46 21 que
1292 3573 58 14 nous
1359 3573 91 16 sortons
1456 3568 31 21 du

1015 3596 111 22 «cadre»,
1136 3596 40 23 qui
1185 3601 59 17 nous
1257 3601 94 21 occupe.
1361 3596 30 20 Le
1400 3603 10 11 «
1419 3597 69 22 cadre

1013 3623 98 20 théâtral
1118 3631 11 11 »
1138 3625 36 17 est
1182 3622 173 20 international.

1037 3650 125 21 Président
1168 3656 9 13 :
1190 3650 122 20 Etes-vous
1329 3650 57 21 dans
1398 3652 38 20 «le
1452 3657 36 14 ca-

1014 3678 41 20 dre
1064 3685 10 10 »
1085 3678 28 20 de
1122 3684 43 13 vos
1174 3676 166 21 conclusions?

1038 3706 40 20 Me
1086 3705 96 24 Jaeglé:
1190 3705 54 23 Oui,
1251 3705 25 24 je
1288 3704 132 27 développe,
1429 3706 59 21 mais

1012 3734 95 24 j’avoue
1114 3733 14 19 à
1136 3732 55 20 MM.
1200 3733 34 20 les
1240 3732 65 25 jurés
1313 3738 46 18 que
1365 3733 22 20 la
1394 3734 93 20 défense

1498 413 37 25 n’y
1543 412 126 25 comprend
1678 412 50 24 plus
1738 412 59 19 rien.

1524 440 96 21 Schall:
1632 440 29 20 Je
1675 440 61 20 tiens
1744 440 14 19 à
1773 444 142 19 remarquer,
1929 443 45 18 que

1498 468 35 19 les
1542 468 119 24 questions
1670 467 28 20 de
1706 467 31 20 M.
1746 467 22 19 le
1777 466 117 25 président
1901 471 30 14 ne
1938 470 37 14 me

1498 496 87 24 gênent
1591 496 131 19 nullement.
1724 495 29 20 Je
1761 494 49 20 suis
1818 494 45 19 très
1868 492 61 21 ferré
1936 498 40 14 sur

1500 523 21 20 la
1530 527 108 21 question
1647 522 112 21 théâtrale
1773 526 23 15 et
1802 521 25 25 je
1835 520 93 25 pourrai
1942 519 33 20 lui

1500 551 115 24 répondre
1622 557 41 13 sur
1676 550 121 25 n’importe
1811 548 77 25 quelle
1900 548 75 24 pièce:

1501 578 77 24 opéra,
1587 578 104 20 comédie
1700 584 28 13 ou
1744 578 102 23 opérette
1853 573 124 27 (Hilarité).

1525 605 124 20 Président
1653 612 10 13 :
1672 605 61 19 Vous
1741 605 60 19 étiez
1809 603 102 20 membre
1919 602 29 19 de
1955 602 22 20 la

1504 639 9 10 «
1522 632 168 26 Schutztruppe
1699 640 19 12 ».
1727 632 63 20 Vous
1798 637 55 14 avez
1867 630 48 25 pris
1926 633 52 21 part

1502 661 14 19 à
1523 661 22 19 la
1554 661 98 24 bagarre
1660 661 29 20 de
1697 659 110 21 Colmar?

1503 702 37 21 La
1552 702 100 21 Brücke

1528 741 84 21 Schall
1616 748 9 14 :
1640 741 31 20 M.
1685 741 23 19 le
1724 741 118 25 président
1865 746 57 14 vous
1943 745 36 14 me

1504 770 133 19 demandiez
1651 772 51 17 tout
1709 769 11 19 à
1737 769 87 19 l’heure
1840 768 40 20 des
1895 767 86 20 rensei-

1504 801 122 21 gnements
1637 803 42 14 sur
1692 797 21 19 la
1722 801 11 11 «
1740 796 88 20 Brücke
1834 804 19 11 ».
1861 796 24 24 je
1900 796 59 19 tiens
1966 795 14 19 à

1504 826 34 19 les
1546 825 88 20 donner
1642 824 102 21 d'abord.
1754 825 63 19 Dans
1830 830 41 14 scr.
1886 826 95 22 rapport

1505 852 29 21 M.
1551 852 81 21 Mitton
1654 851 64 26 parle
1739 852 150 24 longuement
1909 851 30 20 de
1958 856 23 14 :a

1506 888 11 12 «
1525 880 91 20 Brücke
1624 885 12 11 »
1645 884 25 16 et
1676 879 33 20 lui
1717 879 78 21 donne
1804 885 45 14 une
1857 880 125 23 importan-

1505 914 26 14 ce
1538 908 119 25 exagérée.
1668 906 32 21 Ce
1712 907 82 20 n’était
1807 906 70 26 qu’un
1892 906 90 25 supplé-

1505 939 65 17 ment
1583 936 114 19 littéraire
1710 934 28 20 de
1752 934 23 21 îa
1789 942 11 11 «
1808 933 103 21 Zukunfî
1919 938 11 12 »
1945 940 38 18 pa-

1506 963 99 20 raissant
1611 967 53 16 tous
1672 962 34 20 les
1718 962 68 21 mois.
1800 962 107 20 L’accusé
1914 968 30 14 en
1956 961 27 20 lit

1505 991 113 24 quelques
1631 990 68 20 titres
1715 989 31 20 du
1762 990 94 20 dernier
1871 991 111 18 numéro:

1507 1024 11 12 «
1526 1019 134 19 Beethoven
1674 1018 46 20 und
1734 1018 43 20 wir
1785 1022 12 12 »
1808 1022 12 11 «
1829 1017 42 21 Die
1886 1017 98 20 Allema-

1506 1052 52 14 nem
1567 1046 47 19 und
1623 1046 43 20 das
1680 1045 76 21 Elsass
1763 1053 11 12 »
1784 1049 44 16 etc.
1837 1045 64 20 Dans
1914 1044 23 20 la
1951 1045 33 19 bi-

1507 1073 142 25 bliographie
1654 1079 29 14 on
1691 1073 63 24 parle
1759 1074 30 19 de
1795 1080 6 13 :
1809 1081 11 11 «
1827 1073 46 20 Der
1880 1072 104 20 dilluvia-

1505 1101 22 20 le
1535 1101 106 20 Mensch»
1649 1101 56 20 «Die
1710 1100 71 25 Vogel
1790 1100 192 25 Mitteleuropas».

1507 1136 11 11 «
1524 1129 34 20 Au
1567 1129 49 20 soir
1624 1129 55 20 d'un
1688 1132 89 20 mont»,
1785 1137 10 10 «
1802 1128 104 25 Hygiène
1913 1128 69 20 inter-

1507 1156 118 20 nationale
1637 1160 24 16 et
1668 1157 22 20 la
1704 1155 23 21 S.
1738 1156 28 20 D.
1777 1156 26 20 N.
1814 1164 11 11 »
1834 1164 12 11 «
1856 1155 74 21 Etude
1943 1162 40 14 sur

1506 1185 96 20 Oberlin
1613 1191 20 12 ».

1530 1210 124 22 Président
1659 1219 9 13 :
1676 1212 45 24 Qui
1730 1218 29 13 en
1768 1212 88 20 étaient
1863 1212 34 20 les
1906 1211 77 21 rédac-

1506 1244 64 16 teurs
1577 1240 13 20 ?

1530 1267 84 21 Schall
1617 1274 9 14 :
1631 1267 32 21 M.
1670 1267 73 21 Pinck
1751 1271 24 17 et
1783 1267 30 20 M.
1820 1266 75 21 l’abbé
1903 1267 78 21 Zemb.

1506 1296 57 20 Mais
1577 1295 180 24 permettez-moi
1772 1295 53 19 MM.
1834 1295 34 20 les
1880 1295 65 24 jurés
1953 1295 29 20 de

1506 1329 57 15 vous
1578 1323 49 20 dire
1641 1329 46 19 que
1702 1323 57 19 dans
1771 1323 85 19 l’ordre
1868 1323 30 18 de
1910 1326 73 16 trans-

1506 1351 96 21 mission
1615 1351 30 20 de
1657 1350 30 20 M.
1697 1350 82 20 Mitton
1795 1356 29 14 on
1837 1350 65 25 parle
1913 1350 70 20 d'une

1504 1379 67 21 lettre
1577 1379 29 20 du
1611 1378 132 25 professeur
1748 1378 127 20 Schmidlin
1882 1379 13 19 à
1899 1378 82 20 Pinck.

1505 1407 66 21 Cette
1575 1407 69 20 lettre
1649 1409 36 17 est
1690 1406 68 20 datée
1763 1406 30 19 du
1800 1405 26 21 25
1831 1406 95 20 octobre
1931 1410 50 21 1927

1504 1439 24 17 et
1535 1435 103 21 contient
1645 1434 23 20 la
1674 1434 83 24 phrase
1763 1440 6 13 :
1776 1441 11 11 «
1792 1433 128 21 Continuez
1928 1440 54 14 avec

1504 1463 22 21 la
1533 1462 141 26 publication
1684 1462 57 20 delà
1748 1460 97 24 Brücke,
1852 1467 58 15 vous
1918 1468 63 14 serez

1504 1495 110 17 soutenus
1622 1490 80 20 d’ici».
1712 1489 43 23 Or,
1770 1489 92 20 déclare
1872 1489 108 24 l’accusé,

1504 1519 22 20 le
1533 1518 94 21 dernier
1635 1518 96 20 numéro
1740 1517 29 20 de
1777 1517 22 20 la
1806 1516 90 22 Brücke
1903 1523 13 14 a
1925 1524 55 18 paru

1506 1553 28 14 en
1545 1552 62 15 mars
1616 1550 60 21 1927.

1527 1574 67 22 Cette
1601 1575 69 20 lettre
1677 1577 35 17 est
1719 1573 180 26 inexplicable...

1528 1603 125 21 Président
1657 1609 10 13 :
1671 1602 159 20 N’aviez-vous
1838 1608 42 19 pas
1888 1601 40 21 des
1936 1602 46 21 col-

1504 1632 144 20 laborateurs
1656 1630 146 21 allemands?

1528 1660 104 21 Accüsé:
1645 1659 63 21 Avec
1720 1658 22 21 la
1756 1658 119 21 meilleure
1889 1659 92 20 volonté

1505 1689 30 20 du
1545 1688 85 21 monde
1635 1687 26 26 je
1669 1694 30 14 ne
1707 1687 51 25 puis
1768 1687 114 25 répondre
1894 1687 14 20 à
1920 1690 61 17 cette

1505 1716 116 27 question.
1629 1716 28 21 Je
1666 1722 29 14 ne
1703 1715 139 26 m'occupais
1855 1715 126 21 nullement

1506 1746 27 20 de
1541 1745 22 20 la
1571 1744 128 21 rédaction.
1711 1744 29 21 Je
1748 1744 47 20 sais
1803 1750 46 19 que
1854 1743 23 21 la
1888 1743 93 26 plupart

1505 1774 40 20 des
1553 1773 91 21 articles
1651 1773 87 20 étaient
1746 1772 58 21 écrit
1811 1779 41 18 par
1860 1771 31 21 M.
1899 1771 80 21 Pinck.

1507 1803 35 20 Du
1550 1806 62 16 reste
1619 1801 31 21 M.
1656 1801 74 21 l’abbé
1738 1801 71 21 Zemb
1818 1800 94 21 viendra
1920 1806 61 15 com-

1506 1837 36 14 me
1551 1830 94 21 témoin.

1683 1866 140 26 (Cuntinua)

1578 2069 71 74 y
1728 2091 3 3 ■
1747 2081 125 40 Produit
1927 2069 20 78 g

1554 2126 132 64 JBA
1722 2134 182 47 hygiéaiqae
1928 2128 19 46 8

1547 2174 142 65 jpPjMI
1697 2180 224 50 iâ&peasable
1929 2187 20 42 g

1547 2230 59 63 1*4C0Sl
1669 2234 19 18 Igl
1801 2234 15 10 ■**

1569 2248 115 37 KSÎîfê*
1761 2258 102 20 EXIGER
1929 2245 20 30 I

1709 2286 90 24 L'ALCOOL
1812 2285 18 22 de
1838 2282 82 24 HEKTHB
1930 2276 20 29 É

1805 2314 21 16 <3e
1931 2301 29 37 g.

1536 2357 4 3 .
1710 2332 211 34 miOQlAE8
1932 2338 20 36 P

1658 2428 6 7 Il
1679 2426 5 8 »
1764 2427 2 8 I
1772 2423 31 14 ll~ll

1511 2460 152 25 Exposition
1674 2460 112 26 agricole
1791 2460 32 22 de
1828 2460 73 27 Lyon
1906 2460 36 22 du
1947 2460 32 22 29

1538 2494 148 25 Septembre
1694 2500 33 16 au
1738 2494 16 21 7
1767 2493 184 23 Octobiel928
1970 2512 5 3 .

1532 2546 27 19 La
1566 2546 116 24 Compagnie
1689 2547 22 19 P.
1719 2548 21 18 L.
1758 2548 26 18 M.
1801 2548 84 22 prépare,
1894 2549 12 17 à
1921 2548 59 23 Lyon,

1511 2572 143 23 Porganisation
1671 2574 83 21 agricole
1771 2574 86 18 destirée
1873 2574 11 17 à
1897 2573 48 19 faire
1959 2573 23 18 de

1511 2597 44 23 plus
1562 2602 25 14 en
1594 2598 43 22 plus
1645 2599 97 18 connaître
1749 2600 21 17 et
1784 2599 96 23 apprécier
1895 2599 30 18 les
1941 2603 42 18 pro-

1512 2622 52 19 duits
1571 2624 95 22 agricoles
1674 2624 34 18 des
1715 2624 78 22 régions
1800 2624 107 18 désservies
1915 2628 34 18 par
1964 2624 19 18 le

1512 2648 73 18 Réseau
1592 2648 22 18 P.
1622 2648 21 18 L.
1649 2648 25 18 M.

1531 2674 19 17 A
1557 2674 50 18 cette
1615 2674 111 22 exposition,
1736 2674 33 22 qui
1778 2678 21 14 se
1812 2674 79 18 tiendra-
1902 2674 47 18 dans
1964 2674 19 18 le

1512 2698 62 19 Palais
1582 2699 24 18 de
1613 2699 20 18 la
1640 2699 56 18 Foire
1704 2700 10 17 à
1722 2699 60 23 Lyon,
1791 2700 26 17 du
1832 2699 24 19 29
1873 2699 110 23 Septembre

1513 2728 24 14 au
1543 2724 11 18 7
1563 2724 79 18 Octobre
1650 2724 96 23 prochain,
1755 2725 19 17 la
1783 2724 112 24 Compagnie
1903 2724 20 19 P.
1930 2725 20 18 L.
1957 2725 25 17 M.

1513 2754 11 13 a
1531 2749 60 19 offert
1597 2750 11 18 à
1615 2750 20 18 la
1643 2749 115 23 Compagnie
1774 2750 34 18 des
1817 2750 19 18 C.
1843 2750 21 18 F.
1870 2750 22 18 D.
1902 2750 23 18 de
1935 2750 48 18 faire

1514 2775 102 23 participer
1623 2776 19 17 la
1649 2774 59 19 Corse
1715 2777 20 17 et
1742 2777 23 17 de
1773 2776 98 22 présenter
1878 2776 12 19 à
1897 2776 51 22 Lyon
1954 2775 29 19 les

1513 2800 89 22 produits
1610 2801 24 17 de
1641 2800 42 19 Pile
1690 2801 29 17 les
1727 2801 43 22 plus
1780 2801 132 18 intéressants.

1532 2825 42 19 Une
1581 2825 71 23 galerie
1661 2826 84 22 spéciale
1760 2830 44 17 sepa
1820 2826 89 19 réservée
1925 2827 12 18 à
1952 2830 31 14 ces

1512 2850 92 23 produits,
1622 2851 46 18 dont
1683 2851 20 20 la
1718 2851 121 23 dégustation
1855 2852 57 18 devra
1935 2851 47 22 être,

1511 2870 45 24 Èien
1564 2876 89 22 entendu,
1663 2876 94 19 autorisée
1764 2881 35 17 par
1812 2876 29 18 les
1853 2877 130 22 producteurs.

1533 2900 53 19 Ceux
1594 2901 24 18 de
1626 2905 35 14 nos
1678 2902 133 22 compatriotes
1827 2902 34 22 qui
1876 2902 108 18 désireront

1512 2926 81 22 prendre
1608 2927 43 22 part
1667 2927 11 17 à
1694 2927 51 18 cette
1758 2927 72 22 grande
1842 2927 143 19 manifestation

1512 2951 88 23 agricole,
1608 2953 45 16 sont
1660 2951 71 19 invités
1739 2952 12 18 à
1757 2956 84 18 envoyer
1844 2953 43 17 leur
1894 2953 90 18 adhésion

1512 2976 12 18 à
1538 2977 20 17 la
1573 2976 98 19 Direction
1695 2977 33 18 des
1746 2977 165 19 Chemins-de-Fer
1927 2978 24 18 de
1965 2978 19 18 la

1513 3000 57 20 Corse
1575 3002 12 18 à
1592 3002 69 22 Bastia,
1670 3002 35 22 qui
1711 3002 43 18 leur
1761 3002 86 18 fournira
1855 3003 75 18 ensuite
1941 3004 43 17 tons

1513 3027 28 18 les
1554 3027 163 23 renseignements
1732 3028 60 18 utiles
1814 3032 34 14 sur
1862 3028 122 23 l’expédition

1516 3053 19 17 et
1549 3052 132 18 l’installation
1697 3052 24 21 de
1728 3053 54 18 leurs
1792 3053 86 22 produits
1886 3053 12 19 à
1905 3053 58 23 Lyon.

1580 3124 119 29 Quinta
1713 3125 204 26 Merendella

1540 3182 13 22 I
1563 3182 83 22 nostri
1656 3183 77 21 amici
1743 3183 114 23 bramosi
1867 3184 28 22 di
1904 3184 80 26 pigiià

1512 3217 73 24 parte
1592 3215 118 25 a’Quinta
1716 3217 155 22 Merendella
1876 3217 37 22 d’i
1920 3217 64 23 Pue-

1512 3249 21 23 ti
1545 3249 80 27 Corsi,
1634 3256 18 16 u
1663 3250 16 21 9
1691 3250 136 23 settembre
1833 3250 24 22 a’
1867 3251 78 21 Santa
1956 3251 28 21 di

1512 3282 84 27 Niolu,
1610 3283 29 22 sò
1653 3283 101 26 pregati
1767 3283 192 23 d’annunciassi
1968 3290 16 16 a

1513 3315 113 27 Sabiani,
1639 3316 162 25 albergatore
1811 3317 29 21 iu
1852 3317 132 22 Casamac-

1513 3348 70 27 cioli,
1602 3348 29 22 di
1643 3348 77 22 modu
1734 3355 16 15 a
1763 3349 100 22 facilita
1874 3356 19 15 u
1906 3352 79 20 contu

1512 3382 215 25 apprussimativu
1752 3382 29 22 di
1806 3389 14 14 e
1839 3382 86 27 piazze
1949 3383 34 22 ad

1512 3415 82 22 riténe
1601 3415 29 22 in
1636 3417 95 24 tempu.

1689 3460 3 7 1
1735 3458 39 13 <Ss_

1585 3492 125 26 TERRE
1721 3493 51 25 DE
1785 3493 125 30 CORSE

1513 3557 42 18 par
1567 3552 31 20 M.
1603 3551 23 21 J.
1636 3551 27 20 B.
1672 3551 154 21 A1ARCAGGI
1840 3556 36 16 est
1889 3552 22 21 le
1925 3552 57 21 livre

1513 3588 65 14 corse
1585 3588 41 20 par
1633 3581 129 21 excellence
1774 3588 46 19 que
1827 3586 51 17 tous
1886 3583 34 20 les
1929 3582 54 21 Cor-

1513 3618 37 13 ses
1555 3612 114 21 voudront
1673 3612 110 25 posséder
1786 3613 56 20 dans
1847 3613 51 21 leur
1903 3613 80 21 biblio-

1513 3642 92 25 thèque.
1613 3643 35 20 Un
1657 3643 48 20 vol.
1713 3642 23 20 in
1747 3643 24 20 16
1777 3643 96 21 illustré.
1882 3644 65 20 Prix:
1956 3649 26 16 lô

1513 3672 84 24 francs,
1605 3673 55 21 chez
1674 3673 160 24 ROMBALD1,
1843 3674 94 24 éditeur,
1946 3675 34 24 48,

1513 3703 74 20 Cours
1593 3703 125 25 Napoléon,
1727 3703 100 25 Ajaccio,
1835 3707 24 18 et
1867 3704 55 21 chez
1929 3708 52 18 tous

1513 3733 34 21 les
1554 3732 112 24 libraires.

1988 142 46 22 TJn
2048 140 113 27 esempiu

2087 193 149 45 Manifestu
2251 193 122 38 Bretons

2020 270 87 21 Nous
2121 268 129 20 voulons
2267 274 47 17 que
2322 269 35 20 les
2377 270 98 21 Bretons

1996 298 78 20 soient
2081 297 64 20 enfin
2153 296 128 24 respectés,
2288 296 70 25 qu’ils
2366 304 30 13 ne
2404 299 77 19 soient

2000 327 52 24 plus
2061 331 88 15 comme
2158 325 40 19 des
2215 325 121 24 étrangers
2353 325 58 21 dans
2428 327 53 19 leur

2001 361 83 18 propre
2092 359 55 20 pays
2155 356 24 17 et
2194 351 69 26 qu’ils
2271 352 118 24 jouissent
2406 354 41 20 des
2454 355 28 19 li-

2001 383 76 20 bertés
2087 382 39 25 qui
2139 383 54 18 sont
2203 386 131 14 reconnues
2351 388 14 13 a
2381 386 52 16 tous
2446 383 37 19 les

2002 411 108 24 peuples;
2119 416 45 19 que
2172 409 22 19 la
2203 409 125 24 Bretagne,
2338 410 40 24 qui
2386 416 12 14 a
2405 417 76 13 connu

2002 439 64 20 mille
2078 445 42 13 ans
2138 436 206 24 d’indépendance,
2354 438 45 20 soir
2412 438 72 20 admi-

2002 467 87 19 nistrée
2106 472 41 18 par
2163 465 41 19 des
2222 464 107 21 Bretons,
2336 471 40 14 eu:
2383 466 32 19 iui
2430 472 52 13 ren-

2002 494 98 20 drontsa
2109 492 127 26 prospérité
2245 493 81 21 passée
2336 500 7 16 ;
2350 500 45 18 que
2402 494 32 19 les
2440 494 44 19 lois

2003 523 40 24 qui
2050 528 60 14 nous
2119 524 140 18 concernent
2268 521 78 19 soient
2360 521 66 21 faites
2443 528 41 17 par

2003 552 41 19 des
2062 551 108 22 Bretons,,
2177 549 183 20 conformément
2369 556 42 14 aux
2427 550 59 20 inté-

2003 580 46 19 rêts
2062 579 30 19 du
2103 579 84 23 peuple
2195 578 91 22 breton,

2029 607 87 20 NOUS
2122 606 128 20 voulons
2256 612 46 18 que
2310 606 33 19 !es
2349 607 69 21 ’mpôt
2423 613 10 13 s
2438 613 45 17 que

2004 641 60 14 nous
2074 641 86 18 payons
2167 638 94 16 servent
2277 634 77 20 d'abc:
2362 642 11 12 c.
2402 641 12 13 n
2426 641 59 13 ture

2016 669 15 13 n
2037 663 80 19 valeur
2123 667 66 15 notre
2196 669 63 18 pays,
2268 668 27 13 ai-
2306 676 3 4 ■
2323 670 5 10 =
2337 669 8 12 1
2359 662 68 20 c’êvre.
2438 669 45 13 em-

2015 692 80 24 ployés
2103 692 12 19 à
2124 697 68 19 payer
2201 691 39 19 des
2254 690 50 19 sbvé
2321 698 12 12 u
2340 707 3 2 .
2348 699 7 10 <
2397 697 28 13 ux
2433 691 51 20 Mé-

2012 720 129 23 ridionaux,
2156 726 29 13 ou
2194 720 13 19 à
2216 718 138 25 développer
2373 725 33 14 .es.
2421 725 64 19 ports

2009 748 31 20 du
2048 748 76 20 Havre
2133 754 30 14 ou
2173 746 182 21 deMarseiJleau
2364 747 122 21 détriment

2008 776 42 20 des
2059 777 78 19 nôtres
2146 784 6 16 ;
2163 782 59 13 nous
2233 783 6 7 '
2247 781 29 14 Ci:
2290 781 39 14 -..xis
2340 781 33 14 .es
2382 775 104 21 chemins

2006 803 29 21 de
2042 804 35 20 fer
2085 804 121 26 rationnel/
2225 820 4 3 .
2245 811 4 2 '
2349 807 134 22 •-manquent,

1990 832 6 10 :
2006 832 41 20 des
2053 839 63 14 car.?.'
2168 838 5 14 :
2260 849 3 2 .
2277 847 3 2 -
2335 847 3 4 .
2360 837 64 20 ports
2432 839 52 14 zno-

1991 861 6 29 |
2007 860 28 20 de
2036 861 83 20 misés.

1992 883 5 37 |
2031 889 96 20 NOUS'
2149 894 7 14 :
2189 905 5 3 .
2211 893 39 16 '::î
2256 895 28 13 c-c
2290 895 13 14 e
2316 897 4 4 •
2356 888 127 21 oertéd’ex-

2008 920 79 20 porter
2096 923 41 14 nos
2147 923 37 13 V-T
2190 924 21 12 i.-
2260 923 53 15 aru:
2327 933 3 3 .
2363 917 122 23 primeurs,

2008 944 77 23 bétail,
2095 945 106 24 miner..;
2212 946 27 19 cé
2248 944 133 26 dépendent
2388 945 52 24 plus
2452 945 33 19 du

2008 973 46 19 bon
2062 973 91 19 vouloir
2161 973 40 19 des
2207 976 195 22 gouvernements
2408 973 28 20 de
2443 973 43 20 Pa-

2009 1000 18 20 ri
2033 1007 6 17 ;
2047 1000 184 25 quelecharbon,
2241 1001 33 20 les
2284 1002 103 24 engrais,
2395 1001 35 20 les
2435 1007 48 14 ma-

2008 1028 80 20 chines
2097 1029 56 19 dout
2160 1034 60 15 nous
2227 1034 75 15 avons
2314 1028 90 24 besoin,
2421 1028 65 26 puis-

2009 1060 52 16 sent
2068 1060 79 16 entrer
2155 1062 28 14 en
2191 1057 115 24 Bretagne
2313 1062 56 15 sans
2385 1063 72 19 payer
2470 1063 15 14 a

2008 1084 23 19 la
2045 1083 98 25 France,
2157 1090 55 14 sous
2228 1084 74 21 forme
2319 1085 29 20 de
2365 1085 71 20 droits
2454 1085 29 20 de

2008 1113 102 23 douane,
2118 1113 40 20 des
2167 1117 123 21 courtages
2298 1112 98 22 abusifs.

2033 1141 86 20 Nous
2132 1142 128 20 voulons
2272 1142 102 20 délivrer
2394 1142 22 20 la
2428 1141 55 21 Bre-

2008 1172 69 21 tagne
2081 1170 29 19 de
2117 1170 22 20 la
2145 1170 147 21 tuberculose
2298 1174 23 17 et
2326 1170 159 24 l’alcoolisme,

2008 1197 71 24 parla
2089 1198 133 24 supression
2231 1198 41 20 des
2278 1198 129 26 logements
2423 1198 63 20 insa-

2007 1224 81 21 lubres
2097 1229 23 16 et
2127 1226 22 20 le
2157 1226 143 20 relèvement
2316 1226 43 20 des
2371 1226 96 21 salaires
2477 1233 8 17 ;

2007 1258 59 14 nous
2069 1253 98 21 voulons
2172 1260 45 19 que
2222 1254 109 20 l’ouvrier
2337 1254 80 20 breton
2423 1258 64 16 trou-

2008 1286 29 14 ve
2044 1280 30 19 du
2083 1281 83 20 travail
2171 1288 29 13 au
2206 1288 64 18 pays,
2277 1288 29 14 en
2313 1282 81 20 dotant
2399 1282 22 21 la
2429 1282 56 20 Bre-

2007 1310 69 22 tagne
2084 1309 40 19 des
2133 1309 125 21 industries
2265 1310 58 20 dont
2327 1310 21 20 la
2354 1310 132 20 main-mise

2007 1335 112 25 française
2125 1337 108 25 empêche
2240 1338 22 20 la
2273 1338 111 21 création.

2031 1370 86 20 Nous
2124 1363 129 29 voulons
2267 1378 46 19 que
2330 1372 155 21 l’instruction

2007 1397 31 20 du
2043 1399 82 24 peuple
2133 1405 29 14 ne
2171 1400 46 20 soit
2225 1400 51 25 plus
2285 1401 103 23 sabotée,
2397 1401 88 25 malgré

2007 1425 22 20 le
2036 1425 153 23 dévouement
2196 1428 41 20 des
2246 1429 94 20 maîtres
2349 1435 42 19 par
2398 1429 22 20 la
2437 1433 49 17 stu-

2006 1453 71 25 pidité
2085 1455 41 20 des
2134 1462 158 19 programmes
2297 1457 90 25 rédigés
2391 1464 13 14 a
2410 1457 73 25 Paris;

2006 1487 47 18 que
2060 1482 22 20 le
2090 1483 81 21 breton
2177 1485 45 20 soit
2229 1491 105 15 reconnu
2342 1486 84 25 langue
2434 1486 51 20 offi-

2006 1510 67 20 cielle
2079 1511 14 20 à
2101 1512 50 20 côté
2158 1512 212 26 dufrançaisetsoit
2375 1514 110 25 enseigné

2006 1538 14 20 à
2025 1538 82 22 l’école
2115 1546 28 14 en
2153 1541 74 21 même
2234 1545 76 22 temps
2319 1548 46 19 que
2374 1542 40 24 lui,
2424 1548 61 14 com-

2006 1572 37 14 me
2049 1566 16 20 il
2072 1573 29 14 en
2109 1569 70 20 estdu
2185 1570 137 25 malgacheà
2327 1570 157 26 Madagascar,

2006 1594 29 20 de
2042 1594 86 22 l’arabe
2135 1603 29 14 au
2174 1597 86 24 Maroc,
2277 1598 29 21 de
2313 1599 131 19 l’allemand
2453 1605 30 14 en

2005 1623 219 26 Alsace-Lorraine/
2240 1632 62 14 nous
2322 1627 99 19 voulons
2439 1633 56 19 que.

2005 1657 53 17 tous
2066 1661 42 14 nos
2115 1655 182 22 fonctionnaires
2305 1657 77 21 soient
2386 1658 99 20 Bretons

2006 1686 23 17 et
2033 1683 147 22 connaissent
2187 1685 23 20 le
2215 1685 90 21 breton.

2029 1711 87 21 Nous
2120 1713 128 21 voulons
2252 1714 23 20 la
2281 1714 84 21 liberté
2373 1718 23 17 et
2403 1715 22 20 le
2432 1720 53 20 pro-

2005 1741 41 25 grè
2055 1747 41 18 par
2108 1740 202 22 l’A.utonomie
2326 1743 29 20 de
2363 1743 22 20 la
2399 1742 85 22 Nation

2006 1769 116 21 Bretonne
2138 1770 58 20 dans
2204 1776 47 15 une
2265 1771 88 20 France
2367 1778 46 14 non
2430 1771 54 25 plus

2005 1797 107 25 unitaire,
2120 1799 58 20 mais
2185 1799 13 20 à
2206 1798 76 21 forme
2289 1798 127 22 fédérative
2423 1806 61 14 com-

2005 1833 37 14 me
2048 1827 21 20 la
2076 1827 86 25 Suisse,
2177 1827 21 21 la
2205 1828 91 22 Russie,
2306 1828 37 21 les
2351 1828 132 21 Etats-Unis

2005 1855 142 26 d’Amérique
2151 1863 31 14 ou
2186 1856 106 25 l’empire
2298 1856 186 25 Britannique,—

2005 1890 29 14 en
2041 1885 120 20 attendant
2168 1885 24 20 la
2197 1884 136 22 Fédération
2338 1885 42 20 des
2384 1885 100 24 Peuples

2004 1913 136 24 européens,
2149 1913 41 25 qui
2199 1913 145 25 supprimera
2353 1913 35 21 les
2395 1914 89 20 armées

2004 1945 24 16 et
2035 1941 35 20 les
2077 1948 104 19 guerres.

2028 1970 87 20 Nous
2130 1974 38 16 ne
2184 1974 133 16 sommes
2329 1974 58 21 pas
2394 1969 36 21 les
2437 1976 42 14 en-

2005 1998 73 20 nemis
2092 1998 29 20 du
2139 1999 84 24 peuple
2236 1998 111 25 français,
2367 2004 42 20 pas
2427 1998 56 25 plus

2005 2032 46 19 que
2067 2032 58 15 ceux
2141 2027 41 20 des
2198 2030 77 17 autres
2287 2026 112 26 peuples;
2417 2030 63 16 nous

2004 2061 101 14 sommes
2121 2059 80 17 contre
2223 2055 23 21 le
2269 2055 151 21 centralisme
2445 2055 33 20 de

2003 2083 70 21 l’Etat
2080 2083 99 25 français
2187 2084 39 25 qui
2235 2090 61 14 nous
2304 2083 108 26 exploite,
2421 2088 60 15 nous

2004 2112 74 20 brime
2086 2116 23 16 et
2117 2118 58 14 nous
2184 2112 98 25 pourrit.

2029 2141 48 20 La
2085 2140 133 21 derniere
2223 2144 107 22 guerre
2338 2146 13 14 a
2361 2140 67 21 coûté
2436 2140 14 20 à
2456 2139 24 20 îa

2005 2171 117 23 Bretagne
2136 2169 59 21 deux
2218 2169 53 21 ceint
2289 2169 118 25 quarante'
2419 2168 63 20 mille

2005 2202 80 19 morts,
2094 2204 30 14 un
2130 2198 104 20 habitant
2239 2198 39 20 tué
2286 2204 41 14 sur
2336 2203 59 20 14,—
2400 2197 21 20 îa
2429 2196 53 25 pins

2004 2227 61 22 forte
2074 2227 134 26 proportion
2218 2227 30 21 du
2255 2227 93 21 monde.
2354 2238 26 4 —
2389 2225 50 26 Que
2449 2225 33 20 lui

2004 2264 13 12 a
2026 2256 109 25 rapporté
2143 2262 26 14 ce
2176 2255 105 21 sacrifice
2291 2256 113 20 immence
2412 2254 10 20 ?
2437 2254 45 20 Par.

2005 2291 45 14 une
2058 2290 60 15 once
2127 2284 26 20 de
2163 2283 91 22 liberté.
2265 2284 61 20 Pour
2335 2290 45 14 eue
2389 2284 21 20 le
2424 2288 57 14 sa:."

2005 2313 80 21 breton
2105 2317 43 15 sc".
2166 2313 96 25 ménagé
2279 2313 12 19 à
2301 2312 97 20 Vz'-’er.ir
2414 2318 9 14 .'
2446 2312 36 18 Ar-

2006 2347 66 14 mons
2081 2341 191 25 énergiquement
2283 2355 4 3 -

2030 2369 47 20 Z.-a
2083 2368 150 21 IBreta-.mo
2240 2373 19 15 a
2312 2369 40 19 L•.:
2357 2373 37 14 -:
2402 2371 37 17 ns
2452 2368 5 18 !

2085 2463 50 29 Fè
2153 2472 25 20 v.
2197 2462 207 31 Cuncorsu

2028 2524 113 23 Quist’anau
2149 2526 6 18 i
2163 2526 37 18 mio
2209 2526 100 22 cumpagni
2318 2526 92 17 cnilarete

2028 2551 52 18 Tutti
2088 2556 11 13 a
2108 2553 53 16 canta
2169 2556 22 13 cu
2202 2552 18 18 le
2228 2555 46 14 voce
2282 2555 76 16 sonore,

2029 2577 52 17 Tutti
2089 2581 11 13 a
2108 2577 53 18 cantà
2169 2582 23 13 en
2202 2577 18 18 le
2229 2577 55 20 rime,
2297 2577 59 22 pueti,

2029 2604 16 16 A
2053 2602 63 18 fianeu
2126 2602 19 18 di
2154 2602 19 18 lu
2182 2604 66 16 costru
2257 2602 104 18 Direttore.

2029 2627 37 18 Per
2073 2628 74 17 discute
2155 2627 19 17 di
2184 2627 50 18 Palta
2247 2626 66 22 puesia

2030 2652 14 18 U
2055 2656 47 14 veru
2110 2653 58 17 tondu
2177 2656 10 13 e
2195 2653 18 16 la
2222 2652 54 18 dolce
2286 2652 95 19 jimurria,

2030 2677 65 22 Quelia
2103 2677 30 18 chi
2143 2678 51 22 place
2203 2682 11 12 a
2223 2677 73 19 Puce:.'-
2319 2677 13 17 li
2344 2690 8 3 ..
2363 2677 76 17 iettore.

2029 2722 78 23 Dunque
2116 2723 54 17 l’oUu
2179 2723 161 18 sllio-aDi
2349 2735 6 4 .
2365 2722 71 20 brame.

2029 2748 22 18 Ci
2061 2750 115 19 truvaremu,
2185 2753 11 13 0
2205 2750 100 21 cumpagni
2318 2748 62 21 lidati,

2029 2773 51 18 Tutti
2088 2777 11 14 a
2109 2773 17 18 la
2135 2773 56 18 Santa
2199 2774 66 22 eppi>,a
2273 2774 76 17 ìistessr.
2356 2773 83 20 chiama*

2030 2797 110 19 Cantai-emu
2148 2803 23 13 eu
2181 2799 5 17 i
2196 2799 49 17 versi
2255 2799 33 22 più
2297 2799 16 17 ri
2336 2805 3 4 ■

2031 2823 78 19 Frescbi
2115 2824 54 21 trilli,
2181 2828 55 13 serz:.
2245 2825 54 17 nisur
2325 2824 22 17 i..
2356 2823 28 22 .ti,

2030 2848 100 19 Sfiurencu
2139 2853 22 14 an
2171 2854 10 12 v
2199 2854 10 12 a
2220 2849 21 17 ad
2252 2853 40 13 «au
2300 2848 15 18 U
2324 2848 87 23 suggelti

2030 2874 36 18 Chi
2073 2874 24 18 da
2104 2874 15 18 li
2127 2875 67 22 grandi
2203 2874 18 18 ci
2231 2878 71 14 seranu
2309 2874 49 18 daU.

2030 2918 22 19 Ci
2060 2919 43 18 sarà
2110 2918 131 24 Parapasglolu
2250 2923 11 14 e
2271 2922 15 13 u
2295 2918 112 18 Caeeiadore

2030 2944 29 18 Cu
2065 2944 112 20 MinìeheUu
2184 2945 69 17 d’Ascu
2260 2948 12 14 e
2278 2943 48 19 Mini
2328 2943 46 21 cale,

2030 2969 15 18 E
2053 2969 131 23 Strampalatu,
2193 2974 14 13 u
2216 2969 54 18 dolee
2276 2969 97 18 rioeadcre

2029 2995 18 17 A
2053 2995 81 17 l’uttave
2141 2995 85 17 chiarine
2233 2998 12 14 e
2253 2995 95 20 aaturaie,

2031 3019 28 19 Cu
2066 3020 46 18 Leca
2119 3020 22 18 di
2147 3025 13 13 u
2169 3020 82 18 Fiircatu
2259 3024 11 13 e
2278 3018 118 22 Codaecioni;

2031 3044 143 20 N’aîfaeearàda
2181 3044 47 18 tutti
2231 3044 17 18 li
2255 3044 92 23 rughioci

2030 3070 35 18 Noi
2072 3070 45 18 altri
2124 3070 94 18 faleremu
2225 3070 25 18 da
2257 3070 106 22 PÀequale.

2030 3116 24 18 Di
2061 3115 58 19 Cirnu
2127 3116 107 18 canteremu
2242 3116 16 17 li
2266 3116 76 20 malori,

2030 3140 24 18 Di
2061 3140 57 19 Cirnu
2127 3142 108 17 canteremu
2242 3141 20 17 le
2269 3140 91 22 bellezze,

2030 3166 8 17 I
2046 3170 23 15 so
2077 3166 58 19 tirani
2142 3171 11 13 e
2161 3170 21 14 so
2190 3166 123 21 benefattori,

2030 3190 64 23 Quelli
2101 3192 32 18 ebi
2139 3191 18 19 si
2165 3193 91 21 prestonu
2264 3196 25 13 cu
2297 3191 88 18 dulcezza

2030 3216 15 18 E
2053 3217 61 22 sopr’a
2120 3217 55 18 tuttu
2182 3217 110 22 parleremn-
2297 3221 28 12 un
2332 3220 50 18 poen

2029 3241 28 19 Ne
2065 3242 65 21 quellu
2138 3242 106 22 degnu,piu
2253 3246 11 14 e
2274 3242 58 17 santu
2340 3241 51 21 locu,

2029 3267 23 17 Di
2060 3268 26 20 te,
2095 3266 74 22 Cirnea,
2177 3267 82 18 l’ultime
2269 3267 113 22 allegrezze,

2387 3302 73 19 Tiolu.

2029 3433 75 17 Avemu
2116 3432 60 18 avutu
2189 3436 47 18 gran
2251 3432 106 22 dispiacere
2365 3433 20 18 di
2398 3438 12 13 a
2422 3435 62 17 morte

2006 3458 109 21 prematura
2123 3457 19 17 di
2150 3462 14 12 u
2173 3456 45 23 Sgiô

2140 3490 70 18 Petru
2218 3490 131 20 AltisaccM

2007 3524 71 23 euginu
2086 3525 74 17 carnale
2167 3525 21 17 di
2195 3525 131 19 madamicella
2339 3527 100 19 Battistina
2446 3529 39 17 An-

2007 3549 51 21 drea,
2068 3549 102 23 impiegata
2178 3550 17 17 a’
2202 3550 16 17 A
2226 3550 73 19 Muvra.

2028 3574 22 17 A’
2055 3574 86 22 famiglia
2145 3574 113 19 addnlurata
2266 3580 15 14 n
2285 3578 69 18 nostra
2358 3578 77 23 mîglior
2442 3579 44 22 pin-

2006 3602 43 15 zere
2057 3598 21 18 di
2085 3599 97 18 ennfortu.

2006 3700 102 22 Aiaeeia
2116 3713 29 5 —
2156 3700 136 33 Sfcamparia
2303 3705 26 23 di
2342 3707 23 22 A
2376 3708 105 29 Muvra,

2006 3740 16 15 u
2033 3733 233 29 Diretlope—Çerenle
2273 3745 8 18 ;
2294 3739 72 25 Petru
2375 3741 105 27 ROCCA
