2568 3927
236 103 138 47 Carnet
408 101 51 47 du
479 101 254 60 Régionalisée

356 208 23 37 V
405 209 211 45 Sampetracciu.

67 313 25 15 us
113 305 56 18 o°us
185 301 97 17 sommes
303 296 88 19 donnés
413 301 58 18 pour

10 333 13 17 '<
43 345 7 12 t
69 334 27 21 de
111 326 92 25 n'écrire
217 329 54 14 sous
283 325 58 17 cette
358 322 113 25 rubrique,

75 362 20 20 la
110 354 70 29 gloire
196 351 29 21 de
245 357 42 14 nos
303 349 77 21 lettres
398 355 74 14 corses

48 393 35 20 des
96 386 99 21 hommes
203 377 40 27 qui
251 378 33 20 les
293 377 121 20 illustrent.
422 377 51 20 Voi-

24 403 15 20 et
53 411 93 29 Auçijpoi
154 409 16 21 il
184 412 57 16 nous
254 405 85 21 semble
361 408 115 21 opportun.

42 429 125 39 ^consacrer
180 431 140 29 aujourd’hui
338 440 27 13 ce
373 433 100 20 modeste

24 456 61 41 ^rnet
99 471 14 19 à
130 465 105 22 l’homme
267 461 39 26 qui
336 464 35 17 est
396 460 78 25 appelé

10 487 6 36 j
24 485 27 39 fr
55 506 39 18 par
106 497 23 20 le
136 495 39 19 but
183 489 55 28 qu'il
247 490 53 20 s’est
307 488 52 24 fixé,
368 489 14 19 à
388 488 86 21 donner

24 532 78 18 •notre
115 524 80 22 langue
216 521 62 17 toute
303 517 22 20 la
340 516 132 26 popularité,

24 545 9 15 *
52 563 20 16 te
86 555 21 20 la
122 547 112 24 diffusion,
241 548 49 18 tout
297 544 22 20 le
327 545 71 20 lustre
406 543 69 26 qu’el-

24 567 28 19 t0U
55 581 81 23 mérite.
154 576 42 21 Cet
210 574 91 20 homme
317 572 23 20 là
359 575 35 17 est
418 572 57 20 Jean

23 594 107 42 IJÓTTINI
142 604 28 26 (U
182 599 175 28 Sampetracciu)
374 600 40 24 qui
422 605 55 14 avec

33 652 13 11 n
63 639 92 21 courage
171 635 23 17 et
210 636 46 14 une
272 628 31 21 foi
320 629 57 19 dont
393 633 30 15 on
448 633 30 14 ne

40 667 53 25 urait
108 668 49 18 trop
171 660 21 20 le
212 658 72 22 louer,
310 657 56 19 s’est
390 655 87 21 attaché

22 680 19 30 f
45 701 42 17 une
102 693 108 20 immense
231 685 106 24 besogne,
356 687 23 17 et
396 691 26 13 ce
437 682 40 21 fai-

23 710 10 15 2
55 730 9 17 t
84 730 14 13 a
106 717 70 25 réussi
188 716 14 20 à
210 720 59 15 nous
277 713 64 21 doter
355 712 54 20 d’un
417 711 62 21 théâ-

22 762 27 14 tre
68 754 62 18 corse
149 742 122 23 ambulant,
293 741 39 25 qui
355 741 32 19 ira
411 740 67 20 d’une

34 785 44 18 ’ève
93 779 14 20 à
128 775 75 20 l’autre
230 769 87 22 raviver
342 768 23 21 la
388 767 91 21 flamme

23 794 54 38 Prête
92 808 13 19 à
124 799 115 24 s’éteindre
266 798 72 25 qu’est
350 796 55 21 chez
413 796 67 20 beau-

23 821 49 39 coup
88 835 91 20 l’amour
195 827 28 21 de
237 827 22 20 la
276 825 81 25 langue
383 829 63 15 corse
459 825 23 17 et

23 862 182 27 aiouterons-nous
214 854 58 21 celui
280 853 29 20 de
320 854 22 20 la
351 852 71 26 patrie
434 857 49 14 cor-

31 903 13 13 e
66 892 29 21 lié
117 894 28 15 au
167 883 97 28 premier
289 887 88 15 comme
394 885 66 20 vigne
467 885 15 14 a

24 926 90 21 ormeau.
139 915 64 23 Pour,
219 919 32 13 un
277 911 90 20 homme
389 908 94 21 d'action

62 948 27 21 de
117 941 127 24 réalisation
267 938 30 21 tel
322 944 46 19 que
401 938 39 22 lui,
461 938 22 18 la

10 962 8 32 !
24 978 57 22 tâche
88 975 34 21 n’a
136 977 40 20 pas
190 969 36 21 été
246 971 51 21 trop
313 966 78 20 ardue.
418 963 66 22 D’ail-

10 993 2 31 I
24 1010 53 18 ,eurs
92 1002 17 21 U
131 1004 56 16 nous
204 1004 14 13 a
232 995 75 22 donné
327 1000 32 14 un
383 993 102 24 exemple

24 1037 24 19 de
66 1037 40 15 son
124 1028 120 21 étonnante
269 1022 97 23 activité,
384 1027 28 14 au
438 1025 47 15 mo-

24 1063 54 20 ment
85 1059 29 23 de
120 1057 22 20 la
158 1051 98 25 seconde
271 1049 146 27 Merindellg,
426 1048 60 20 alors

26 1085 118 30 qu’accablé
153 1090 40 19 par
206 1081 59 21 deux
282 1079 73 21 deuils
365 1075 118 23 successifs

26 1120 13 21 d
52 1124 13 14 a
84 1117 49 19 tout
157 1112 28 21 de
202 1116 73 15 meme
283 1107 72 22 réussi
376 1107 14 20 à
407 1108 78 18 mettre

24 1152 33 17 sur
80 1141 58 28 pied,
156 1144 23 17 et
189 1138 48 22 celà
246 1144 28 14 en
296 1136 76 20 moins
386 1134 28 20 de
422 1133 65 26 quin-

25 1181 21 16 ze
59 1172 71 25 jours,
152 1168 21 21 le
189 1169 82 22 coquet
295 1164 58 26 petit
368 1162 84 21 Teatru
460 1161 27 21 di

63 1200 91 21 Muvra,
177 1195 39 27 qui
225 1194 22 21 le
253 1194 52 25 jour
313 1192 29 21 de
354 1190 65 22 Saint
426 1189 61 21 Pier-

26 1237 24 16 re,
65 1225 95 23 dressait
181 1226 25 19 sà
223 1222 119 21 silhouette
366 1218 98 22 bariolée
471 1218 14 20 à

25 1256 86 25 l’ombre
135 1252 84 22 fraîche
243 1251 39 20 des
303 1248 183 24 châtaigneraies.

26 1286 113 22 Montants,
156 1282 74 20 scène,
246 1278 84 23 rideau,
339 1277 86 22 décors,
439 1277 50 17 tout

25 1312 71 24 sortait
120 1309 29 20 de
165 1309 22 19 la
199 1307 63 21 main,
272 1306 133 23 'enchantée,
415 1303 29 21 de
452 1305 37 17 cet

26 1341 70 23 artiste
112 1344 29 14 en
158 1336 39 26 qui
219 1335 63 21 brûle
295 1334 23 20 le
331 1334 39 20 feu
387 1332 70 21 sacré.

47 1369 29 21 La
96 1365 102 22 dernière
217 1364 85 21 Muvra
318 1368 59 15 nous
397 1361 92 26 apporte

26 1400 27 19 les
73 1395 68 21 échos
163 1394 29 19 de
209 1392 21 20 la
254 1391 99 22 seconde
373 1389 115 26 représen-

25 1425 72 23 tation,
126 1422 88 20 donnée
230 1427 41 18 par
287 1426 27 13 ce
330 1419 86 21 théâtre
424 1419 14 18 à
451 1417 38 21 Ri-

25 1452 95 25 véntosa.
147 1449 69 21 Foule
247 1446 141 23 nombreuse.
421 1444 37 22 On
476 1453 14 13 a

24 1484 27 21 dû
65 1480 84 22 refuser
174 1478 29 20 du
221 1476 82 22 monde
311 1476 6 20 !
337 1476 28 20 Et
373 1475 33 20 les
420 1473 70 27 privi-

24 1510 65 25 légiés
113 1507 39 26 qui
176 1509 42 18 ont
237 1506 31 26 pii
280 1504 93 21 assister
380 1503 15 20 à
411 1503 21 20 là
454 1509 35 13 re-

24 1536 153 29 présentation,
182 1534 77 21 furent
270 1531 178 22 enthousiasmés
458 1529 6 20 !

28 1581 3 3 .
47 1567 102 23 Presque-
174 1565 74 19 toutes
274 1559 34 22 lès
317 1573 5 3 -
331 1560 112 24 phansons
466 1562 24 16 et

24 1595 99 25 saynètés
139 1591 106 21 chantées
266 1593 23 17 et
298 1588 10 25 j
310 1587 70 23 buées
405 1594 39 13 sur
464 1593 28 14 ce

23 1623 90 23 théâtre,
134 1620 83 21 étaient
232 1619 31 20 de
277 1617 59 21 Jean
358 1616 85 21 Notfini
460 1621 31 15 ou

24 1652 26 21 de
63 1657 42 14 son
121 1648 45 22 ami
174 1651 23 17 et
213 1646 132 25 concitoyén
354 1644 23 21 J.
387 1643 103 24 Olivier!,

505 296 60 19 joète
583 295 86 23 délicat,
687 296 39 25 qui
746 303 14 13 a
775 303 40 18 par
831 297 91 20 ailleurs
934 304 39 18 ap-

505 323 59 20 porté
585 323 64 21 l’aide
665 324 21 19 la
708 325 51 23 plus
781 324 72 21 ferme
861 328 23 16 et
889 325 21 20 la
918 325 54 24 plus

507 350 65 25 oyale
589 351 14 20 à
620 355 56 16 cette
688 352 123 20 étonnante
835 352 135 21 réalisation.

525 377 34 21 Ce
580 379 121 24 répertoire
724 385 127 14 savoureux
868 383 23 16 et
910 379 62 21 varié

505 412 9 13 1
531 405 44 21 mis
592 406 32 20 les
637 409 138 22 spectateurs
798 413 29 13 en
845 406 75 20 délire.
930 406 43 20 Ce-

505 433 16 20 ;i
539 439 58 14 nous
616 440 83 17 prouve
715 434 54 25 qu'à
789 433 21 20 la
827 433 53 20 voix
892 434 28 19 de
928 440 44 14 nos

505 460 85 24 bardes,
613 464 51 17 tour
679 468 14 13 a
707 464 52 17 tour
774 461 101 20 vibrante
896 464 23 17 et
927 461 46 20 mé-

505 488 99 21 lodieuse
624 489 74 24 quand
720 488 29 21 ils
770 487 105 21 chantent
892 489 21 19 la
935 494 39 14 na-

505 519 48 17 ture
570 516 29 20 de
616 516 86 25 Cyrnos
711 523 7 17 ;
736 516 118 26 angqissée
868 520 23 17 et
907 515 68 21 décli-

505 547 67 17 nante
590 550 87 14 comme
689 550 32 14 un
741 544 106 23 lamento,
862 544 75 24 quand
945 544 29 20 ils

505 573 23 21 sè
542 574 115 25 plaignent
673 575 29 19 de
716 574 61 21 l’état
801 575 134 20 lamentable
944 575 30 19 où

505 608 58 14 nous
588 602 142 26 croupissons
739 610 7 17 ;
769 602 97 26 inspirée
884 606 22 17 et
926 608 51 19 pas-

505 630 95 21 sionnée
619 630 75 25 quand
710 630 29 21 ils
765 631 88 25 parlent
881 631 28 20 de
934 637 43 14 nos

505 659 94 25 espoirs,
617 659 85 21 chacun
720 663 36 17 est
780 659 81 23 séduit,
877 660 101 25 emporté

505 693 40 14 sur
562 687 33 20 les
609 687 54 21 ailes
679 688 29 19 de
725 688 61 20 leurs
808 694 75 14 muses
900 693 78 15 ensor-

507 714 108 21 celeuses.

532 742 61 21 Tout
597 745 75 23 espoir
679 744 28 20 de
717 745 193 24 régénerescence,
920 743 59 21 n’est

507 777 41 18 pas
557 771 96 27 défendu
662 773 14 20 à
680 790 4 3 .
692 779 32 14 un
744 773 81 25 peuple
838 772 39 25 qui
894 775 34 19 est
940 777 40 15 en-

508 806 53 13 core
576 800 97 25 capable,
683 804 22 16 et
714 801 48 25 çelà
771 801 84 25 malgré
867 801 67 24 qu’on
949 806 31 16 ne

508 827 33 20 lui
566 828 32 20 ait
625 828 85 25 jamais-
732 830 90 19 montré
848 829 21 19 le
885 827 90 21 chemin

509 856 29 20 de
553 862 38 15 ces
608 863 89 14 sources
711 857 29 20 de
756 857 44 22 vie,
817 858 72 24 qu’est
894 857 22 20 la
928 857 53 24 poé-

510 885 35 19 sie
563 885 132 25 jaillissante
711 886 31 20 du
760 885 102 21 tréfonds
878 885 29 20 de
914 884 66 21 l’âme

509 913 54 20 d’un
585 914 87 25 peuple,
694 917 50 17 tout
764 914 77 25 espoir
858 913 58 21 n’est
936 918 44 19 pas

510 941 99 21 défendu
629 943 14 19 à
656 949 28 13 ce
706 941 82 26 peuple
809 942 40 25 qui
865 945 35 17 est
916 947 66 15 enco-

511 976 25 14 re
553 970 92 25 capable
658 971 68 20 d’être
745 970 73 21 séduit
837 976 40 19 par
898 969 23 21 la
930 969 53 21 voix

510 998 29 20 de
561 1005 25 14 sa
611 1002 57 17 race!
689 998 28 20 Et
734 999 40 20 dès
796 1005 46 19 que
854 1004 26 14 ce
900 998 83 25 peuple

506 1031 61 16 iaura
584 1026 64 25 puisé
663 1028 15 19 à
692 1033 38 14 ces
747 1033 92 14 sources
866 1027 118 24 régénéra-

511 1055 76 24 trices,
607 1055 21 20 le
650 1055 40 21 lait
706 1056 118 23 maternel,
847 1060 26 14 ce
889 1054 41 21 lait
949 1054 35 20 lui

511 1083 101 20 donnera
626 1083 22 21 la
663 1083 63 22 force
741 1087 24 17 et
779 1083 22 20 le
816 1083 56 25 goût
887 1083 29 20 de
936 1088 47 14 res-

512 1115 35 17 ter
572 1111 84 25 malgré
673 1115 52 17 tous
746 1112 34 20 les
800 1111 77 21 efforts
893 1110 52 21 faits
953 1116 29 14 en

511 1152 55 14 sens
591 1144 116 22 contraire,
732 1143 67 20 fidèle
814 1149 31 14 au
860 1142 67 24 génie
942 1147 43 14 an-

512 1173 90 22 cestral.
822 1194 15 6 ...
877 1194 3 3 .

539 1202 25 21 Si
579 1208 31 14 un
626 1201 31 20 tel
681 1200 42 20 but
743 1202 34 18 est
792 1198 82 25 jamais
895 1196 88 24 atteint,

513 1235 23 16 et
551 1236 58 15 nous
624 1234 98 19 pensons
731 1227 54 26 qu’il
804 1228 22 19 le
842 1232 50 15 sera
909 1226 14 19 à
937 1224 48 21 brè-

514 1266 29 13 ve
565 1257 117 22 échéance,
699 1255 18 20 il
731 1262 30 14 ne
778 1255 79 20 faudra
878 1259 40 20 pas
944 1259 41 13 ou-

515 1287 58 21 blier
589 1291 44 20 que
647 1290 57 15 nous
722 1284 105 20 n’aurons
841 1282 31 20 dû
890 1287 24 14 sa
923 1281 62 20 réus-

514 1315 51 24 site,
589 1319 44 20 que
650 1313 67 25 grâce
730 1313 22 19 à'
769 1310 40 22 des
814 1310 102 21 hommes
924 1315 62 14 com-

515 1350 38 14 me
575 1341 92 23 Nottini,
683 1340 39 25 qui
753 1339 83 21 faisant
855 1337 72 22 litière
956 1337 30 20 de

515 1377 53 17 tous
593 1370 102 27 préjugés
703 1375 26 15 se
749 1371 52 18 sont
809 1367 118 21 consacrés
933 1371 56 14 avec

514 1402 24 20 le
559 1401 51 26 plus
625 1399 67 20 noble
717 1397 213 21 désintéressement
943 1394 14 19 à
967 1394 20 21 la

514 1429 75 23 tâché,
609 1427 86 26 ingrate
711 1424 92 27 parfois,
821 1422 127 22 d’instruire
967 1422 22 20 le

516 1457 83 27 peuple
618 1459 22 17 et
652 1455 28 20 de
688 1455 23 19 le
727 1453 121 21 maintenir
864 1458 39 14 sur
907 1451 22 20 le
937 1449 52 21 che-

516 1486 52 20 min
579 1484 53 26 qu’il
645 1490 30 14 ne
686 1486 55 22 peut
763 1480 145 22 abandonner
932 1484 55 14 sans

517 1513 134 27 préjudices.

725 1538 97 22 Matleo
835 1533 123 24 Cirnensi.

517 1570 193 22 L'observateur
717 1567 35 22 du
755 1566 30 22 28
790 1563 125 30 septembr
915 1569 13 15 e
932 1567 30 23 iç>
963 1568 27 22 25

125 1777 365 81 Corsica
545 1789 51 61 e
649 1769 238 79 Roda

284 1916 85 30 Due
386 1913 109 34 isule,
513 1911 67 31 dui
597 1909 138 31 destini

49 2017 103 29 Quandu
165 2016 20 22 A
200 2012 94 25 Muvra
304 2014 74 20 mette
391 2012 22 21 in
427 2015 67 22 para-

25 2060 59 22 gone
96 2051 38 23 ciò
142 2051 44 21 che
199 2049 51 22 face
260 2047 93 24 lTtaiia,
362 2050 43 23 per
415 2051 14 14 a
441 2043 51 21 Sar-

26 2088 81 27 degna,
117 2092 14 15 e
144 2084 38 22 ciò
194 2083 45 22 che
251 2089 12 15 a
276 2080 97 23 Francia
383 2078 30 23 ha
435 2076 57 23 fattu

25 2127 40 23 per
79 2127 13 15 a
105 2119 96 22 Corsica
215 2117 41 21 uni
270 2114 71 29 pochi
358 2113 24 21 di
403 2111 89 22 sumeri

25 2153 139 28 impinzutiti
175 2152 18 22 li
205 2154 107 19 roncanu
319 2152 114 23 appressu
440 2150 53 16 mu-

25 2187 101 29 ghiendu
139 2185 83 23 ch’elîa
235 2184 63 21 voile
319 2179 78 29 lampà
414 2186 13 15 a
441 2179 52 22 Cir-

25 2228 29 15 nu
63 2221 25 22 in
101 2220 95 22 bracciu
205 2224 13 16 a
232 2216 136 23 Mussolini.

50 2254 23 23 Si
82 2255 30 22 sti
121 2253 89 23 sumeri
222 2250 112 24 avessinu
348 2254 32 16 un
395 2253 60 23 pocu
468 2247 23 21 di

25 2295 67 16 sensu
150 2287 122 22 sumerinu
280 2282 156 24 duvrebbenu
444 2281 48 27 spi-

25 2323 79 21 tarizzà
116 2327 58 16 ancu
188 2323 85 19 contru
285 2324 14 15 a
320 2324 14 15 u
348 2316 65 22 Petit
421 2315 72 22 Mar-

24 2356 94 22 seillais
126 2358 71 25 postu
209 2353 85 22 ch’ellu
309 2352 55 21 dice
376 2356 58 16 ancu
444 2350 47 20 ellu

26 2390 41 21 che
74 2389 83 23 l’italia
165 2389 49 22 face
223 2393 30 16 ne
261 2393 14 15 u
284 2385 120 28 prossimu
413 2383 80 22 orien-

27 2426 20 19 te
58 2429 13 15 e
81 2423 192 22 massimamente
285 2425 30 16 ne
326 2418 74 22 l’isula
412 2417 23 22 di
445 2416 49 22 Ro-

24 2457 30 21 da
65 2458 29 22 de
102 2457 25 21 la
135 2456 64 22 belle
206 2457 23 20 et
250 2454 70 22 vraie
336 2451 158 23 civilisation

25 2494 91 19 mentre
127 2490 44 22 che
184 2486 157 26 Mariannona
350 2486 76 22 face...
439 2490 14 16 e
467 2490 28 16 so

24 2524 140 23 chiachiare.
172 2522 98 29 Leghjte
283 2528 6 14 :

107 2574 48 19 Une
166 2571 127 22 Université
304 2571 108 19 italienne

123 2603 56 19 dans
190 2602 22 18 le
223 2600 86 19 Proche
322 2599 79 19 Orient

51 2641 131 26 L’esprit'de
199 2640 58 20 suite
268 2642 22 17 et
299 2637 22 21 là
337 2635 122 23 continuité
469 2634 28 20 de

520 2007 82 21 l’effort
607 2006 75 21 italien
690 2010 40 15 sur
736 2004 32 20 les
775 2002 122 21 territoires
905 2001 28 20 de
942 2001 53 20 l’an-

520 2036 49 20 cien
586 2035 87 24 Empire
689 2037 100 16 ottoman
803 2035 51 17 sont
868 2035 126 19 remarqua-

520 2064 57 20 bles.
595 2063 60 20 Nous
670 2067 98 15 sommes
782 2059 47 21 loin
843 2058 30 21 du
882 2063 73 20 temps
963 2058 30 20 où

521 2098 31 14 un
561 2090 158 22 ambassadeur
736 2088 75 21 italien
822 2090 82 17 venant
913 2086 81 20 rendre

520 2120 66 21 visite
594 2120 12 19 à
614 2119 21 20 la
642 2117 88 22 colonie
734 2118 28 20 de
771 2117 96 25 Smyrne
876 2115 53 21 était
937 2114 56 21 obli-

520 2149 29 25 gé
556 2148 29 21 de
593 2148 21 19 la
622 2146 127 25 haranguer
759 2145 58 21 dans
832 2144 22 21 la
870 2144 82 25 langue
966 2142 28 21 de

520 2177 92 20 Racine.
614 2175 92 26 Depuis,
713 2174 65 26 quels
784 2173 93 25 progrès
879 2175 115 18 constants

519 2208 24 17 et
555 2203 121 22 silencieux
683 2203 6 20 !
708 2203 34 20 Ce
750 2202 76 20 furent
836 2201 35 20 lès
877 2201 76 24 lycées
965 2200 29 20 dé

515 2231 198 25 'Constantinople,
722 2231 29 20 de
756 2229 159 25 Salonique,de
919 2228 76 26 Smyr-

514 2260 43 25 he,
563 2261 41 20 des
612 2259 115 27 hôpitaux,
745 2259 40 20 des
793 2259 108 23 banques,
911 2257 41 20 des
960 2262 35 14 as-

520 2289 120 21 sociations
659 2288 119 20 littéraires
794 2293 31 14 ou
839 2285 154 26 patriotiques,

520 2318 41 21 des
573 2315 143 27 compagnies
724 2315 29 20 de
760 2314 136 26 navigation,
905 2314 41 20 des
957 2320 39 19 pa-

520 2346 90 24 roisses,
619 2349 23 16 et
649 2344 61 21 enfin
719 2343 152 21 l’installation
881 2343 31 20 de
918 2346 78 21 postes

512 2374 126 21 ^italiennes
646 2373 58 20 dans
711 2373 23 20 le
741 2372 84 20 levant.
837 2371 44 21 Ces
893 2370 103 25 magnifi-

521 2409 58 19 ques
599 2401 104 21 résultats
714 2400 91 21 avaient
813 2400 35 20 été
856 2400 96 20 obtenus
966 2406 29 14 en

521 2431 75 21 moins
607 2429 29 21 de
646 2430 41 20 dix
692 2435 51 14 ans.

548 2461 56 22 Mais
613 2461 58 21 voici
679 2461 22 20 la
709 2466 81 19 guerre
802 2459 145 26 italo-turque
956 2459 39 26 qui

523 2496 92 15 menace
620 2490 28 20 de
657 2493 49 17 tout
714 2491 179 22 compromettre.
903 2488 43 20 Les
955 2488 42 20 Ita-

522 2519 59 20 liens
597 2519 29 20 de
641 2518 101 24 Turquie
758 2520 53 18 sont
822 2517 110 25 expulsés,
939 2520 24 16 et
974 2516 21 20 la

523 2552 151 16 concurrence
687 2547 116 23 étrangère
824 2545 78 25 espère
918 2544 79 21 s’enri-

524 2575 49 21 chir
581 2575 28 20 de
615 2575 73 20 riches
696 2574 132 26 dépouilles.
837 2573 57 20 Mais
902 2573 22 20 la
932 2579 66 18 guer-

524 2610 25 14 re
556 2607 36 17 est
598 2603 44 21 vite
649 2603 117 23 terminée,
773 2606 22 17 et
800 2602 69 20 chose
876 2601 122 20 extraordi-

525 2632 70 22 naire,
604 2637 52 15 sans
673 2630 79 21 laisser
762 2630 41 21 des
820 2629 79 21 haines
910 2629 88 21 incura-

1003 99 42 21 bles
1053 99 54 21 chez
1118 100 34 21 les
1166 100 100 21 vaincus.
1276 99 42 21 Les
1331 100 90 21 Italiens
1436 106 33 14 re-

1003 131 104 21 prennent
1115 127 51 21 bien
1179 127 46 21 vite
1239 128 49 20 leur
1299 127 63 25 place
1370 135 29 13 en
1413 127 56 21 Tur-

1003 155 54 25 quie,
1067 155 50 25 plus
1126 156 106 25 prospère
1241 161 44 19 que
1291 155 88 24 jamais.

1024 182 86 21 L’Italie
1124 185 33 18 est
1172 182 22 21 la
1208 183 63 20 seule
1279 181 119 26 puissance
1406 189 64 14 euro-

1003 211 82 23 péenne
1096 210 40 25 qui
1153 210 105 20 demeure
1275 212 62 17 toute
1354 210 115 24 puissante

1003 239 47 24 près
1062 238 28 20 de
1098 244 38 14 ces
1148 239 62 19 côtes
1223 236 74 21 d’Asie
1314 237 102 21 Mineure
1430 238 39 24 qui

1003 268 36 18 mt
1046 265 53 20 failli
1109 265 32 20 lui
1149 264 79 21 échoir
1235 271 28 14 en
1274 267 98 22 partage.

1023 293 32 20 Ce
1059 299 45 19 que
1108 293 34 21 les
1150 292 91 22 Italiens
1250 294 40 18 ont
1295 291 40 20 fait
1342 292 29 21 de
1380 292 89 21 Rhodes

1003 324 30 17 îst
1044 321 129 23 admirable,
1182 323 24 17 et
1217 321 46 19 l’on
1283 326 29 13 ne
1329 320 84 20 saurait
1425 326 45 18 que

1003 349 28 20 les
1042 355 28 14 en
1080 348 94 20 féliciter
1188 347 156 21 sincèrement.
1360 348 33 20 Ce
1405 347 36 20 fut
1448 348 20 20 là

1003 377 25 19 ie
1034 376 21 20 la
1061 375 58 21 belle
1125 379 22 16 et
1156 375 62 20 vraie
1223 374 142 21 civilisation.
1375 375 19 20 II
1400 375 70 20 fallait

1003 403 85 20 i’abord
1093 402 119 20 s’attacher
1220 409 45 14 une
1277 402 131 24 population
1419 402 51 20 hos-

1003 430 34 20 Jle
1042 431 55 19 dont
1104 429 33 20 les
1147 429 105 26 préjugés
1261 429 29 20 de
1295 435 51 14 race
1360 437 30 13 ou
1399 430 28 19 de
1437 436 33 14 re-

1003 457 64 25 ligion
1073 457 91 20 allaient
1168 457 91 25 jusqu'à
1267 456 99 25 préférer
1374 458 22 19 le
1404 457 67 20 crois-

1003 489 47 16 sant
1055 485 127 20 musulman
1195 485 14 20 à
1218 485 23 20 la
1246 484 62 20 croix
1315 483 77 26 latine,
1399 485 51 24 puis
1457 486 14 18 à

1003 515 76 18 mettre
1089 519 33 14 en.
1130 512 78 20 valeur
1216 511 40 20 des
1264 514 70 17 terres
1342 511 129 24 délaissées,-

1003 541 19 20 le
1030 544 50 17 tout
1086 546 54 15 sous
1149 540 22 20 le
1179 539 80 26 regard
1266 538 41 22 des
1312 540 96 24 grandes
1413 540 59 25 puis-

1003 575 77 14 sances
1091 569 40 23 qui
1143 566 167 22 n’admettaient
1320 568 14 19 à
1342 574 73 13 aucun
1424 568 49 24 prix

1003 602 43 19 que
1060 595 153 21 l’installation
1228 595 40 20 des
1282 595 88 20 Italiens
1387 595 57 20 dans
1452 595 20 19 le

1003 624 144 21 Dodécanèse
1155 623 35 20 fut
1198 623 122 21 définitive*

1029 652 42 21 Les
1077 651 90 22 Italiens
1177 658 25 14 se
1207 655 52 18 sont
1264 651 99 21 attachés
1368 651 33 20 les
1406 650 69 21 Grecs

1003 681 39 21 des
1049 681 42 20 îles
1099 687 41 18 par
1151 687 46 14 une
1207 681 83 24 longue
1300 679 103 26 patience
1415 679 30 20 où
1452 679 22 20 la

1003 709 146 21 mansuétude
1160 712 23 17 et
1191 708 110 21 l’autorité
1309 711 81 17 eurent
1396 708 22 19 la
1427 713 49 18 pre-

1004 737 70 21 mière
1086 737 72 25 place,
1174 740 115 22 appuyant
1306 742 46 15 une
1368 734 108 27 politique

1004 765 71 21 douce
1087 764 29 21 de
1124 771 52 19 sage
1184 765 136 21 autonomie.

1031 793 89 21 Rhodes
1129 800 14 14 a
1155 794 36 19 été
1206 793 158 21 littéralement
1371 790 106 22 transfor-

1005 822 57 20 mée.
1072 821 260 24 Musées,écoles,hôtels,
1338 819 139 23 boulevards,

1006 856 125 14 commerce
1143 849 121 24 florissant,
1284 849 71 26 joints
1363 854 29 14 au
1403 846 75 21 climat

1007 877 48 22 sain
1061 881 23 17 et
1092 884 45 14 aux
1151 877 118 21 souvenirs
1284 876 144 22 merveilleux
1439 875 40 20 des

1006 905 122 21 chevaliers
1135 912 29 14 en
1172 905 51 24 fqnt
1229 911 45 14 une
1280 905 41 20 des
1331 904 44 20 îles
1386 903 35 20 les
1429 903 49 24 plus

1008 934 149 26 pittoresques
1165 934 29 20 de
1199 934 22 20 la
1227 932 171 22 Méditerranée.

1032 961 155 26 Aujourd’hui,
1194 961 91 21 Rhodes
1293 963 35 18 est
1333 959 53 21 bien
1395 964 45 15 une
1450 958 30 20 île

1006 990 107 21 italienne
1122 994 23 16 et
1155 996 88 14 comme
1252 989 22 20 la
1283 987 95 27 capitale
1386 987 41 20 des
1434 993 46 14 oeu-

1008 1025 51 14 vres
1070 1018 118 21 italiennes
1209 1024 30 14 en
1254 1015 182 23 Proche-Orient.
1454 1014 27 21 Et

1009 1047 57 20 voici
1072 1053 46 19 que
1121 1052 57 20 pour
1187 1045 121 25 compléter
1317 1047 35 17 cet
1364 1042 115 22 ensemblé

1009 1081 29 15 on
1044 1081 28 14 va
1080 1074 56 21 faire
1141 1074 29 20 de
1176 1073 90 21 Rhodes
1272 1079 45 15 une
1323 1073 54 19 base
1382 1070 98 21 intellec-

1009 1103 75 20 tuelle.

1037 1133 30 18 Le
1072 1133 182 18 sous-secrétaire
1261 1133 16 16 d
1283 1133 50 17 fctat
1342 1134 45 14 aux
1395 1133 86 14 anaires

1010 1159 135 24 étrangères,
1163 1157 31 21 M.
1205 1157 85 20 Grandi
1305 1157 62 20 vient
1379 1155 38 25 d’y
1427 1154 55 21 faire
1491 1152 4 27 |

1011 1193 31 14 un
1056 1187 55 24 long
1122 1186 84 25 séjour,
1219 1186 14 19 à
1245 1185 76 21 l’issue
1334 1183 90 26 duquel
1430 1186 30 17 On
1469 1189 13 13 a

1012 1215 71 20 rendu
1088 1214 109 25 publique
1206 1213 65 20 l’idée
1281 1214 33 19 de
1318 1212 22 20 là
1352 1211 76 21 future
1435 1210 48 21 uni-

1013 1242 80 21 versité
1097 1242 107 20 italienne
1211 1247 58 19 pour
1273 1240 23 21 le
1300 1238 181 24 Proche-Orient,
1492 1246 3 15 ;

1012 1271 39 24 qui
1060 1275 50 15 sera
1118 1268 110 25 installée,
1234 1268 46 20 l’an
1288 1267 115 26 prochain.

1038 1298 40 23 Or,
1082 1297 58 21 voici
1147 1297 104 26 qu’après
1255 1295 140 21 l’université
1399 1294 85 20 hébraï-

1012 1332 45 19 que
1062 1325 29 21 de
1101 1325 134 24 Jérusalem,
1245 1331 29 14 va
1287 1323 74 25 surgir
1375 1329 47 14 une
1433 1328 51 14 con-

1008 1360 112 22 currence
1132 1354 52 26 plus
1197 1353 105 21 sérieuse.
1320 1351 73 21 Grâce
1400 1357 44 14 aux
1452 1356 33 15 re-

1007 1375 89 33 ligieux
1108 1382 97 24 italiens,
1211 1382 22 20 la
1242 1381 83 25 langue
1334 1380 106 21 italienne
1452 1382 33 17 est

1014 1412 76 19 entrée
1107 1410 177 21 définitivement
1300 1415 29 14 en
1346 1414 70 19 usage
1429 1407 55 21 dans

1014 1443 49 17 tout
1068 1440 22 20 le
1096 1451 4 7 :
1105 1439 145 20 Dodécanèse
1257 1440 24 17 et
1293 1443 39 14 sur
1340 1436 32 21 les
1382 1437 67 22 côtes,
1457 1436 28 20 de

1014 1468 21 20 la
1054 1467 164 21 Méditerranée
1235 1465 114 23 orientale,
1373 1464 113 26 parallèle:

1015 1499 62 18 ment
1081 1496 15 19 à
1104 1495 86 25 l’usage
1197 1495 32 20 du
1242 1499 61 20 grec,
1312 1493 31 20 du
1357 1492 96 24 français
1463 1495 23 16 et

1015 1524 31 20 du
1054 1527 58 17 turc.
1119 1523 92 21 D’autre
1217 1525 57 23 part,
1284 1522 22 20 la
1311 1521 128 26 navigation
1447 1520 39 20 ita-

1015 1552 82 24 lienne,
1105 1551 39 26 qui
1152 1549 130 22 s’intensifie
1291 1550 29 20 de
1325 1549 54 25 jour
1386 1555 29 14 en
1428 1548 56 25 jour,

1016 1587 13 13 a
1042 1579 79 27 repris,
1133 1586 59 19 pour
1203 1585 42 14 son
1258 1580 95 23 compte,
1361 1576 126 22 l’ancienne

1017 1609 110 20 influence
1136 1608 40 20 des
1193 1606 142 25 navigateurs
1347 1605 109 21 vénitiens
1465 1608 22 16 et

1016 1636 87 26 génois.
1110 1636 31 20 Lé
1149 1636 84 20 terrain
1239 1634 85 21 semble
1332 1634 92 25 propice
1429 1633 58 20 donc

1017 1672 57 18 pour
1081 1665 23 20 le
1118 1664 74 26 projet
1205 1662 163 22 universitaire.
1380 1661 107 26 Ajoutons

1018 1700 44 19 que
1070 1693 33 20 les
1116 1693 130 24 émigrants.
1254 1691 96 23 italiens,
1359 1691 29 21 de
1401 1690 50 26 plus
1459 1696 28 14 en

1018 1722 50 24 plus
1084 1721 126 21 nombreux
1224 1726 29 14 en
1271 1719 91 26 Egypte,
1371 1725 30 14 en
1414 1717 71 23 Crète,

1018 1756 28 14 en
1053 1749 110 25 .Turquie,
1171 1748 162 22 fournirontun
1342 1746 147 26 premier.élé-

1019 1781 62 17 ment
1088 1777 28 20 de
1125 1776 55 22 fond
1189 1777 39 26 qui
1234 1776 89 21 attirera
1332 1775 33 21 les
1373 1775 115 24 indigènes

1019 1810 22 17 et
1048 1806 33 20 les
1095 1805 121 22 Levantins
1232 1811 53 14 sans
1297 1808 100 20 compter
1407 1803 34 20 les
1450 1803 39 20 La-

1020 1833 46 22 tins
1073 1833 30 20 de
1114 1837 74 17 toutes
1196 1832 99 26 origines
1302 1831 41 26 qui
1354 1830 107 27 peuplent
1467 1830 22 21 le

1022 1862 92 21 Levant.
1124 1860 178 22 L’architecture,
1309 1860 23 21 la
1339 1858 115 22 médecine
1467 1862 23 17 et

1020 1889 148 26 l’agriculture
1181 1892 77 18 seront
1277 1889 33 21 les
1323 1888 121 25 premières
1458 1886 30 21 fa-

1020 1919 71 20 cultés
1107 1921 118 20 ouvertes,,
1234 1919 23 18 et
1271 1917 48 21 cela
1335 1915 114 25 témoigne
1461 1915 29 20 de

1019 1946 85 26 l’esprit
1117 1946 105 26 pratique
1233 1945 39 25 qui
1286 1944 91 26 préside
1385 1945 13 19 à
1412 1943 23 20 la
1442 1943 49 21 fon-

1019 1974 76 21 dation
1104 1974 28 20 de
1138 1977 36 17 cet
1179 1973 98 21 Institut.

1044 2003 60 20 Tout
1117 2001 186 22 Méditerranéen,
1322 2004 51 16 tout
1389 1999 63 21 Latin
1465 2005 25 14 se

1019 2030 97 26 réjouira
1124 2030 29 20 de
1158 2033 59 17 cette
1225 2028 104 21 nouvelle
1339 2028 112 25 conquête
1461 2027 29 20 de

1019 2059 21 21 la
1051 2058 143 23 civilisation,
1217 2058 29 20 de
1268 2064 27 14 ce
1308 2062 104 15 nouveau
1428 2055 62 25 foyer

1019 2088 87 21 destiné
1113 2088 14 20 à
1135 2087 120 24 régénérer
1262 2085 102 21 l’Orient.

1047 2125 93 24 L’italia
1150 2125 14 21 è
1172 2131 45 21 per
1227 2130 14 15 e
1256 2130 28 16 so
1295 2124 61 21 isule
1369 2126 72 19 cume'
1448 2128 43 22 per

1020 2167 13 15 e
1041 2166 27 17 so
1077 2160 95 22 culunie
1184 2165 48 15 una
1239 2163 57 16 vera
1304 2162 111 20 mamma,
1425 2162 66 16 men-

1019 2196 36 20 tre
1066 2193 46 22 che
1123 2200 14 15 a
1145 2192 99 22 Francia
1252 2191 14 22 è
1274 2197 45 22 per
1329 2191 42 22 nòi
1381 2195 47 17 una
1434 2195 56 16 vera

1020 2223 125 27 matrigna.

1048 2255 86 28 Qual’è
1149 2261 18 15 u
1179 2254 78 23 Corsu
1268 2253 39 22 chi
1318 2259 34 15 un
1366 2252 92 22 brama:
1466 2251 29 21 di.

1020 2291 60 21 vede
1092 2295 14 16 a
1118 2289 98 22 Francia
1228 2287 23 22 fà
1263 2293 42 21 per
1316 2293 14 15 a
1343 2286 97 23 Corsica
1453 2286 37 20 cio

1021 2325 43 22 che
1076 2322 83 23 l’Italia
1172 2322 30 22 ha
1218 2322 58 21 fattu
1291 2327 14 15 e
1317 2320 51 22 face
1381 2325 42 23 per
1435 2319 56 22 -Ro-

1020 2353 47 22 da?
1080 2351 67 22 Ma...

1048 2385 77 26 Corsi,
1139 2384 160 23 dumandemu
1311 2382 153 23 l’autonomia
1472 2382 4 20 !

1414 2420 22 19 S.
1446 2421 22 19 c.

1559 103 25 37 A
1601 116 20 24 u
1637 104 46 36 mè
1695 105 105 40 amicu,
1818 102 24 37 l
1863 102 36 36 N.

1536 165 163 45 Prufìssore
1718 164 30 36 di
1769 164 156 37 Francesu.

1527 254 68 20 Posta
1601 254 35 20 chi
1643 257 24 17 tu
1674 255 25 19 sè
1707 254 80 23 dicisu,

1526 284 43 21 Chi
1577 288 25 16 tu
1611 286 25 19 sè
1641 284 76 25 dighià
1726 284 114 25 ingagiatu

1526 314 25 20 Ti
1560 321 88 18 auguru
1657 314 45 21 bon
1712 314 89 25 viaghiu

1527 345 32 20 Lu
1568 351 38 14 me
1615 344 73 21 amicu
1697 345 102 24 garbatu.

1526 375 36 20 Ma
1571 378 59 17 tuttu
1639 375 35 19 ciò
1683 375 42 20 che
1733 374 16 20 ti
1764 381 70 19 pregu

1527 406 116 19 Cunserva
1651 405 24 20 lu
1682 408 23 17 to
1711 405 94 25 parlatu.

1527 452 24 21 Si
1556 456 24 16 tu
1586 452 44 21 faci
1638 452 35 20 cio
1682 452 42 21 che
1731 452 52 20 dieu

1527 483 75 20 Avarè
1613 484 24 20 lu
1642 490 37 13 me
1687 489 118 18 cuncorsu,

1528 513 31 21 Mi
1567 513 165 21 devi'cunoscia
1741 513 51 21 béni

1529 544 48 20 Ghe
1586 550 56 19 sogu
1651 550 56 14 cane
1715 544 111 20 dimorsu.

1530 574 18 20 E
1556 575 59 19 tuttu
1623 575 35 19 ciò
1664 574 42 21 che
1712 574 18 20 ti
1739 581 70 18 pregu

1530 605 28 19 Di
1568 605 105 19 scrivami
1681 604 110 25 sempr’in
1805 611 75 14 corsu.

1532 652 101 21 Durante
1641 652 36 20 chi
1683 656 27 17 tu
1719 652 42 21 stai
1770 653 23 20 in
1801 652 101 23 Francia,

1532 683 74 25 Quisti
1615 684 26 20 sò
1649 684 47 20 cosi
1704 683 112 25 cumpresi

1533 714 66 20 Parla
1607 714 174 25 pur’amiricanu

1532 744 68 21 S’eliu
1609 751 47 14 nun
1665 745 62 20 basta
1737 744 105 24 francesi;

1534 775 125 20 Bast’ad’un
1669 775 93 25 parlallu
1771 775 69 25 quici,

1535 806 98 25 Quandu
1642 809 24 17 tu
1674 805 109 26 ghiunghi
1792 806 25 20 in
1826 805 70 25 paesi.

1535 854 37 20 Ma
1581 854 16 19 ti
1606 859 99 15 cunoscu
1714 853 106 26 incapace

1536 885 19 20 A
1563 884 57 20 facci
1629 884 22 20 di
1660 884 68 25 quisti
1737 883 70 23 offesi,

1537 916 47 19 Ben
1590 915 37 20 chi
1635 918 25 16 tu
1673 915 28 20 sii
1710 915 103 23 struvitu,

1537 945 132 21 Prufessore
1681 945 23 21 di
1713 945 104 24 francesi,

1538 976 97 25 Sapemu
1643 976 30 21 bè
1680 977 42 19 che
1727 975 28 21 da
1765 976 46 20 teiii

1527 1020 5 4 •
1538 1007 93 21 Saremu
1641 1007 102 20 ascultati
1752 1013 13 13 e
1773 1006 74 20 intesi.

1539 1055 61 21 D’un
1608 1055 98 20 truvacci
1715 1054 85 26 paisani

1538 1085 62 26 Sogu
1609 1086 36 20 chi
1653 1089 24 16 tu
1686 1086 51 20 n’ha
1745 1085 106 24 rimorsu,

1539 1116 44 21 Chi
1592 1119 32 22 tu,
1631 1117 21 19 la
1660 1123 50 14 sera
1723 1123 14 13 e
1745 1115 21 21 la
1775 1116 61 20 manî

1540 1147 114 21 Pariaristi
1660 1147 105 25 sempr’in
1774 1153 66 14 corsu

1541 1178 32 20 Pa
1582 1178 21 20 la
1612 1182 75 16 nostra
1694 1177 134 26 caralingua

1541 1208 80 21 Faristi
1629 1208 130 26 qualunqua
1765 1208 85 21 sforsu.

1541 1256 29 21 Di
1583 1257 23 19 tè
1614 1263 47 13 nun
1673 1256 24 21 in
1706 1256 115 20 dubitemu

1542 1287 34 20 Ne
1589 1288 20 19 ci
1617 1287 53 20 terni
1672 1293 38 14 mu
1719 1287 83 22 niente,

1541 1318 40 20 Stu
1590 1318 97 20 truvessi
1694 1325 13 13 a
1716 1317 62 25 parla
1787 1323 66 14 corsu

1542 1349 114 21 Pariaristi
1665 1349 188 24 ghiurnalmente;

1542 1379 28 22 Ti
1583 1381 26 19 sè
1617 1380 114 20 abbunatu
1739 1386 13 13 a
1760 1377 23 23 la
1791 1380 85 20 Muvra

1543 1411 44 21 Par
1595 1411 76 21 tenalu
1680 1410 83 26 sempri
1772 1417 13 13 a
1794 1410 79 21 menti.

1544 1465 91 24 Quaniu
1649 1471 57 19 vegu
1713 1463 145 22 cursacchiòli

1543 1495 44 22 Chi
1595 1496 109 20 sbarcanu
1717 1502 14 13 a
1743 1495 22 20 la
1774 1495 77 23 calata,

1544 1526 103 21 Dicendu
1654 1526 60 21 tutti:
1726 1525 72 24 Tiens,
1808 1526 67 23 tiens,
1886 1531 6 17 ;

1543 1558 141 20 Fendus’una
1693 1557 130 21 sfrancisata
1833 1563 7 17 ;
1872 1558 13 13 *

1544 1589 27 24 E,
1581 1588 134 22 cuminciatu
1724 1588 16 20 li
1749 1588 64 25 bagi,

1545 1620 80 21 TandU
1633 1620 58 20 senti
1700 1620 20 19 la
1727 1618 75 21 risata.

1545 1668 35 20 Or
1591 1668 70 21 tandu
1673 1667 101 25 bisogn’a
1785 1666 49 21 rida

1546 1699 45 20 Par
1599 1700 42 20 avè
1649 1705 31 14 un
1688 1701 74 18 mortu
1771 1698 24 20 in
1808 1697 44 21 tòla
1859 1704 7 18 ;

1546 1730 90 21 Ghienti
1646 1736 44 14 cun
1698 1730 61 20 hanu
1768 1729 45 21 mai
1827 1729 59 20 vistu

1547 1761 37 20 Un
1593 1761 33 21 soi
1628 1768 15 13 u
1652 1760 97 26 ghiornu
1758 1760 23 20 di
1790 1759 62 21 scôla

1547 1792 18 20 E
1574 1792 97 21 un’hanu
1680 1791 126 21 cunisciutu

1546 1822 50 21 Che
1604 1823 23 20 lu
1635 1823 55 20 zòzu
1699 1829 14 14 e
1720 1822 21 21 la
1750 1821 112 27 paghiôla.

1547 1870 126 25 Quand’elli
1681 1871 110 20 sbarcanu
1801 1869 61 25 quici

1546 1902 63 21 Tutti
1617 1901 65 25 puliti
1688 1908 13 14 e
1713 1901 86 21 sticcati

1548 1933 52 20 Nun
1615 1933 19 20 si
1641 1933 118 20 ricordanu
1768 1932 40 25 più

1547 1964 82 20 Mancu
1637 1963 89 21 duv’elli
1734 1963 25 20 sò
1768 1961 54 25 nati;

1547 1995 66 20 Ancu
1620 1995 29 19 da
1661 1994 15 20 li
1687 1994 40 25 più
1735 1993 84 21 ricconi

1549 2025 85 21 Volenu
1642 2024 171 21 essesbarittati.

1548 2062 86 25 Tempu
1649 2061 56 21 iunti
1714 2067 13 14 a
1736 2060 15 20 li
1761 2067 25 14 so
1795 2060 45 20 casi

1550 2093 18 20 E
1576 2092 121 22 rientrat’in
1707 2092 68 25 paesi,

1550 2124 17 20 E
1576 2124 67 20 s’unu
1653 2123 14 20 li
1675 2123 61 26 parla
1749 2128 66 15 corsu

1548 2155 25 20 Si
1582 2154 97 21 credenu
1688 2153 50 21 tutti
1747 2153 63 21 offesi
1825 2159 6 17 ;

1550 2186 65 20 Hanu
1625 2185 49 20 tutti
1682 2185 109 21 l’albascia

1551 2217 27 20 Di
1589 2217 51 20 vulè
1650 2216 61 25 parlà
1719 2214 105 22 francesi.

1550 2265 51 20 Nun
1611 2264 117 21 ebiamanu
1736 2264 47 24 più:
1793 2269 14 13 o
1818 2262 31 21 Bà

1549 2295 62 21 Tutti
1616 2295 84 21 dicinu:
1710 2301 52 13 mon
1769 2295 62 24 père,

1552 2326 80 21 Dicinu
1639 2341 5 5 .
1650 2326 116 20 Comment
1771 2331 29 19 ça
1809 2330 31 15 va
1848 2324 13 20 ?

1552 2358 92 21 Comme
1656 2357 20 20 il
1685 2363 17 14 a
1713 2356 90 25 grandi
1814 2361 54 15 mon
1882 2354 77 25 frère!

1552 2389 18 20 E
1578 2389 38 24 più
1624 2388 53 20 volti
1687 2388 20 20 la
1717 2386 68 21 filetta

1554 2420 28 20 La
1589 2420 118 20 chiamanu
1715 2417 142 26 fourragère.

1552 2468 33 20 Da
1593 2467 94 26 fougère
1695 2473 12 13 a
1715 2465 135 25 fourragère

1554 2499 29 20 La
1592 2498 106 21 diversità
1706 2498 96 23 ègrossa

1553 2525 17 25 É
1579 2529 28 21 da
1615 2533 62 17 tantu
1687 2528 47 21 ch’e
1745 2528 22 20 ni
1777 2526 50 21 ridu

1552 2560 30 21 Mi
1592 2559 76 27 iunghi
1678 2559 82 24 sempri
1767 2560 19 18 la
1793 2562 69 17 tossa,

1552 2592 36 20 Ma
1598 2591 66 21 credu
1674 2590 36 21 chi
1720 2590 27 20 sti
1756 2589 94 21 canzoni

1554 2623 24 20 Li
1588 2627 120 21 purtaranu
1718 2627 12 14 a
1740 2621 20 20 la
1770 2620 68 20 fossa.

2028 96 80 21 Par’un
2118 102 49 14 esse
2175 95 42 21 che
2227 93 104 26 spazzini,

2027 127 20 20 O
2056 127 20 20 si
2085 127 50 25 puri
2145 125 135 22 biccamorti,

2029 157 26 20 Ni
2064 164 26 13 so
2098 156 51 21 tutti
2158 159 86 22 quantu
2250 155 48 20 fieri

2028 187 105 21 Cuntenti
2141 187 23 19 di
2173 187 23 20 la
2203 192 27 14 so
2237 185 64 21 sorti.

2029 216 36 23 Ma
2075 217 144 26 viparlan'un
2228 215 100 21 francese

2030 250 42 21 Chi
2080 248 55 21 facci
2145 247 48 21 rida
2201 247 16 20 li
2226 246 69 25 sporti
2302 246 6 19 !

2030 309 26 20 Ti
2066 314 76 19 pregu,
2149 312 53 14 caru
2211 310 133 20 cumpagnu,

2032 338 111 22 D'ascultà
2152 337 23 20 lu
2184 342 36 14 me
2229 333 110 25 cunsigliu

2031 369 42 21 Chi
2082 372 24 17 tu
2115 369 25 19 sè
2152 365 84 27 sempri
2244 364 75 22 zitellu

2032 400 18 21 E
2063 406 46 14 nun
2118 397 92 22 cunosci
2218 395 95 26 perigliu
2320 399 6 19 ;

2032 431 51 20 Nun
2092 430 16 20 ti
2118 429 104 25 piaciaria
2229 427 70 20 micca

2033 462 19 19 A
2060 464 63 17 senta
2132 463 64 16 tantu
2205 457 112 26 bisbigliu.

2173 499 21 21 O

2034 519 25 21 Li
2072 520 91 19 n’est-ce
2178 522 47 21 pas
2232 516 14 21 ?
2253 517 16 20 ii
2277 521 85 19 voyons
2371 515 7 20 l

2034 549 78 21 Mettili
2118 549 50 25 puri
2177 549 29 20 da
2219 551 74 20 cantu,

2035 580 89 21 Parlarè
2132 580 22 20 la
2162 580 77 24 lingua
2247 579 78 22 Corsa,

2034 610 75 25 Quilla
2118 610 35 21 chi
2164 613 63 22 porta
2235 609 24 21 lu
2268 612 77 17 vantu.

2035 641 30 21 Sà
2073 641 28 21 bè
2106 641 37 20 chi
2151 640 29 21 da
2188 640 17 21 li
2214 639 84 26 pinzuti

2035 672 123 21 Nun.semu
2166 671 84 21 stimati
2260 673 68 17 tantu.

2106 712 90 19 Giuvan
2203 712 72 18 Panlu
2282 710 138 20 Codaccioni

2197 740 21 18 di
2225 739 82 24 Prupriù

2057 855 47 49 GI
2107 853 89 51 VHS
2193 853 75 49 ALI
2301 851 127 51 CORSI

2030 965 62 20 Voilà
2106 965 21 19 la
2136 963 77 21 vérité.
2229 963 63 21 Nous
2304 962 21 20 la
2342 961 76 21 crions
2427 960 53 20 bien

2005 995 118 24 fort,parce
2132 994 81 25 qu’elle
2221 997 35 17 est
2263 994 22 20 la
2295 993 77 20 vérité,
2377 994 24 17 et
2409 990 71 27 qu’el-

2006 1027 22 20 le
2035 1026 47 20 doit
2090 1026 47 20 être
2144 1024 121 21 entendue.
2280 1024 64 20 Cette
2351 1023 129 20 désastreu-

2007 1064 25 14 se
2036 1056 179 21 administration
2224 1061 44 18 que
2276 1055 22 19 la
2306 1054 86 20 France
2400 1058 60 15 nous
2468 1058 13 14 a

2006 1089 106 24 imposée,
2122 1087 22 20 la
2153 1086 71 21 Corse
2232 1087 51 19 n’en
2291 1088 54 17 veut
2352 1084 60 25 plus.

2032 1118 70 21 Henri
2114 1116 126 26 Pierangeli
2257 1117 28 20 l’a
2302 1116 45 20 crié
2360 1121 29 14 au
2408 1113 75 22 Prési-

2007 1150 55 20 dent
2069 1148 30 21 du
2117 1147 100 22 Conseil:
2226 1152 23 16 et
2263 1152 58 15 nous
2337 1146 23 21 le
2376 1145 106 21 redisons

2007 1181 65 24 après
2099 1180 40 20 lui:
2149 1183 12 12 «
2168 1179 63 20 Nous
2255 1183 97 15 sommes
2373 1176 30 20 de
2424 1176 59 20 bons

2008 1211 110 23 Français,
2128 1213 23 17 et
2158 1215 57 15 nous
2233 1215 29 14 ne
2278 1208 95 20 voulons
2396 1213 47 20 que
2461 1206 22 20 la

2005 1241 87 26 justice.
2100 1241 57 20 Mais
2165 1246 58 15 nous
2241 1239 93 21 voulons
2347 1238 22 21 la
2390 1237 92 26 justice.

2009 1273 126 20 N’attendez
2144 1278 48 18 pas,
2201 1277 58 19 pour
2269 1276 58 14 nous
2344 1269 21 20 la
2383 1268 97 22 donner,

2009 1310 45 18 que
2065 1303 44 21 soit
2117 1309 60 13 venu
2182 1298 25 24 le
2220 1304 99 18 moment
2327 1301 30 20 où
2375 1299 35 21 les
2428 1299 56 20 Cor-

2009 1340 36 14 ses
2060 1333 50 21 n’en
2119 1333 113 20 voudront
2243 1332 58 26 plus.

2027 1368 226 29 "L'Eveil-^O-p-55.

2087 1442 41 20 AU
2140 1441 119 20 CONSEIL
2269 1435 134 25 GÉNÉRAL

2036 1498 55 21 Mais
2107 1497 48 21 cela
2172 1503 30 14 ne
2212 1495 41 22 fait
2271 1502 45 19 que
2333 1494 82 21 rendre
2433 1493 51 25 plus

2010 1529 133 21 lamentable
2173 1533 81 15 encore
2282 1525 143 25 l’incroyable
2450 1530 36 14 su-

2011 1559 117 28 percherie.
2136 1558 108 26 politique
2256 1558 56 20 dont
2325 1563 29 14 on
2362 1562 61 14 nous
2431 1555 54 20 don-

2012 1597 29 15 ne
2057 1591 21 20 le
2090 1589 111 26 spectacle
2214 1595 45 14 non
2283 1587 64 26 point
2360 1587 127 20 seulement

2013 1622 119 20 renouvelé
2139 1620 58 21 mais
2209 1619 102 21 renforcé
2320 1626 7 14 :
2341 1618 30 21 M.
2387 1617 29 21 A.
2431 1617 55 21 Lan-

2012 1653 41 24 dry
2069 1652 80 21 ancien
2174 1650 102 22 ministre
2301 1649 29 21 de
2346 1647 64 22 M.M.
2435 1647 49 21 Mil-

2013 1682 77 22 lerand
2106 1686 26 18 et.
2143 1682 82 21 Marsàl
2250 1682 55 20 dont
2313 1680 33 21 les
2367 1683 66 17 votes
2446 1679 14 20 à
2465 1678 21 21 la

2012 1715 105 20 chambre
2122 1724 27 4 —
2160 1717 24 17 et
2197 1719 58 15 nous
2274 1712 43 20 l’en
2336 1710 114 21 félicitons
2461 1720 27 5 —

2014 1749 51 17 sont
2071 1746 55 20 d’un
2134 1743 190 22 anti-cartellisme
2333 1741 97 24 notoire,
2435 1746 53 15 con-

2014 1777 62 20 tinue
2089 1776 51 26 plus
2154 1782 46 19 que
2209 1774 81 26 jamais
2309 1780 29 14 en
2364 1773 81 23 Corse,
2466 1771 21 20 la

2014 1807 99 21 comédie
2130 1813 45 19 que
2187 1806 48 20 l'on
2251 1805 44 21 sait
2306 1809 23 16 et
2342 1803 63 26 quia
2425 1803 63 20 cessé

2014 1840 29 20 de
2063 1845 58 15 nous
2146 1836 112 27 stupéfier.

2040 1869 138 23 Bénéficiant
2195 1868 28 20 de
2236 1874 25 14 ce
2277 1873 52 19 que,
2348 1873 29 13 en
2392 1871 26 15 sa
2435 1870 54 20 qua-

2015 1903 38 20 lité
2069 1902 29 20 de
2119 1899 114 27 président
2246 1899 16 20 il
2278 1904 29 14 ne
2324 1901 52 17 vote
2392 1903 50 19 pas,
2472 1895 16 21 il

2015 1933 67 21 laisse
2097 1932 116 25 présenter
2219 1939 27 5 —
2256 1935 42 19 par
2315 1935 30 14 un
2362 1931 67 22 pacte
2445 1926 45 21 évi-

2015 1965 54 20 dent
2079 1975 28 5 —
2114 1969 32 13 un
2169 1961 66 21 ordre
2254 1960 31 20 du
2294 1959 56 25 jour
2375 1958 41 25 qui
2429 1963 60 15 com-

2015 2001 85 14 mence,
2107 2000 41 18 par
2165 1999 46 14 une
2234 1991 66 21 basse
2316 1994 23 17 et
2352 1989 82 21 inutile
2451 1988 39 21 fla-

2015 2025 103 26 gornerie
2130 2030 30 13 au
2173 2023 73 20 Cartel
2255 2021 110 25 expirant.
2376 2020 43 20 Les
2429 2020 61 20 hom-

2017 2062 47 15 mes
2080 2055 39 26 qui
2129 2059 41 16 ont
2187 2054 51 20 voté
2257 2059 56 19 pour
2330 2052 31 20 lui
2375 2055 23 16 et
2416 2050 40 26 qui
2469 2050 20 21 le

2017 2087 140 22 considèrent
2175 2090 87 15 comme
2280 2084 48 20 leur
2342 2081 53 22 chef
2407 2082 29 20 de
2446 2080 42 24 file,

2017 2120 105 19 viennent
2136 2117 29 20 de
2175 2116 73 21 saluer
2261 2115 21 21 le
2295 2113 112 26 triomphe
2426 2113 30 19 du
2467 2117 20 16 u

2017 2150 69 21 Mai...

2043 2181 26 20 Et
2086 2185 112 20 personne
2222 2177 56 21 dans
2298 2181 57 16 cette
2387 2174 104 21 enceinte

2017 2218 56 19 pour
2090 2212 48 19 leur
2153 2210 57 20 crier
2220 2215 6 13 :
2234 2217 11 11 «
2254 2208 44 20 Tas
2311 2207 28 20 de
2354 2206 102 21 farceurs
2465 2206 6 19 !
2479 2213 10 10 »

2059 2241 36 23 La
2103 2239 120 24 Nouvelle
2235 2239 75 25 Çorse
2323 2238 33 22 du
2369 2243 25 21 3-
2396 2241 68 23 10-25

2034 2573 237 29 Aiacciu-Stamparia
2289 2572 24 21 di
2336 2573 22 20 A
2386 2571 93 22 Muvra

2021 2609 19 22 U
2054 2609 216 25 direttore-gerente
2277 2614 6 13 :
2310 2605 69 23 Petru
2391 2602 102 24 ROCCA

26 2783 105 23 S?uglittirm
137 2784 20 18 di
161 2783 23 19 A
191 2782 81 20 Muvra
275 2780 117 20 —-n-14—di
398 2785 14 12 u
418 2777 84 20 11-10-23

57 2841 243 55 PASQUALE
333 2837 145 51 PAOLI

232 2906 65 20 OSSIA

76 2943 39 37 La
133 2944 79 37 Rotta
231 2943 30 37 di
275 2942 176 36 Pontenuovo

34 3002 156 24 RACONTO
195 3001 111 25 CORSO
313 3000 59 24 DEL
380 2997 123 25 SF.COLO

224 3037 84 26 XVIII

256 3076 24 18 DI

137 3109 37 34 |F.
177 3110 36 24 D.
217 3107 177 28 Guerrazzi

200 3145 124 31 (Seguito)

49 3184 29 23 Se
84 3188 25 21 vi
116 3188 101 27 riputate
223 3187 40 28 più
271 3190 87 24 capace
365 3184 22 21 al
393 3183 113 26 bisogno,

37 3220 99 22 venitee
147 3221 139 23 comandate
298 3219 80 25 voi;se
389 3215 118 24 invecevi

36 3255 88 23 paressi
135 3255 42 27 più
189 3254 103 23 adattato
304 3252 122 26 io,venite
437 3256 14 15 e
462 3250 47 22 mi-

38 3284 64 24 litaté
110 3290 63 20 sotto
191 3289 23 21 le
229 3286 115 23 bandiere
355 3285 62 22 délia
425 3285 83 20 vostra

37 3315 81 29 pàtria.
132 3321 45 23 Più
193 3321 70 26 tardi,
272 3320 92 21 cessata
379 3318 22 21 la
413 3322 93 23 guerra,

38 3351 153 30 ripiglierete,
204 3360 27 16 se
241 3354 26 22 vi
284 3350 122 25 sembrerà
417 3349 90 30 giùsto,

35 3384 21 21 al
75 3389 81 21 vostro
176 3388 58 22 odio
256 3393 14 16 e
287 3384 170 24 vendicherete
468 3383 40 22 nel

35 3419 53 22 auio
98 3420 19 22 il
132 3427 89 23 sangue
240 3421 25 22 di
278 3420 87 21 Mario.
387 3418 121 22 Frattanto

36 3456 28 16 20
76 3453 26 21 in
113 3455 194 22 considerazione
320 3454 82 20 vostra
419 3450 91 24 ritardo

37 3482 50 25 Sùo
98 3493 14 15 a
123 3489 97 27 maggio
231 3489 22 21 la
261 3492 115 22 rassegna
389 3485 62 22 delle
463 3484 46 22 mi-

38 3516 62 29 li2ie,
118 3522 88 25 perché
228 3520 111 24 desidero
359 3519 44 22 che
422 3525 14 15 a
454 3517 57 29 quel

39 3549 89 31 tempo,
140 3555 100 22 facendo
253 3556 23 21 la
288 3554 117 22 chiamata
416 3551 40 23 dei
473 3551 38 22 di-

41 3581 87 27 fensori
154 3589 62 21 délia
237 3588 84 29 patria,
344 3584 166 31 qualcheduno

42 3620 53 19 esca
107 3625 14 16 a
129 3623 117 20 mostrare
257 3623 58 20 viva
325 3623 24 21 la
364 3620 82 23 nobile
457 3619 55 22 stir-

40 3652 30 22 Pé
89 3652 64 29 degli
176 3654 103 23 Alando.
304 3656 49 21 Dio
371 3656 24 21 vi
412 3653 68 22 aiuti.
490 3651 22 22 il

39 3685 84 22 Vostro
138 3688 157 27 compatriota
310 3688 96 22 Paoli.»
424 3687 34 21 Lo
473 3686 39 21 zio

529 2783 50 16 non
587 2776 63 22 disse
658 2775 83 28 parola
747 2780 5 19 ;
766 2773 52 23 fece
830 2774 48 21 atto
902 2772 46 22 che
968 2771 33 29 gli

529 2810 108 28 porgessi
655 2809 21 21 la
694 2808 93 24 lettera,
804 2808 23 20 la
850 2807 70 26 quale
931 2807 80 21 avuta^

529 2843 72 29 piegò
613 2849 14 15 e
637 2843 20 22 ri
660 2848 59 22 pose
731 2841 25 22 in
769 2846 78 20 seno,.
859 2840 40 27 poi
917 2845 86 16 accen-

530 2883 32 16 no
574 2877 45 22 che
630 2877 25 21 io
665 2875 93 22 uscissi.
767 2874 47 22 Per
823 2876 38 19 tre
872 2873 81 28 giorni
967 2873 37 21 in-

530 2911 46 22 teri
588 2916 48 15 non
645 2914 84 23 aperse
738 2908 75 22 bocca
820 2912 69 22 sopra
900 2907 22 21 la
935 2906 70 22 lette-

531 2950 27 16 ra
566 2951 7 19 ;
585 2950 28 15 su
623 2943 70 22 l’alba
709 2942 39 21 del
760 2943 84 26 quarto
865 2940 17 21 il
893 2940 111 26 caporale

531 2977 116 22 Tahcredi
655 2976 34 22 mi
699 2974 94 29 svegliò
800 2981 15 15 e
823 2974 34 22 mi
864 2974 63 21 disse
935 2978 7 16 :
955 2979 14 15 «
973 2972 32 22 Su

532 3013 48 24 via,
589 3011 82 27 signor
681 3011 110 23 tenehte^
801 3007 45 22 chè
858 3006 147 22 l’illustrissi-

532 3051 42 16 mo
591 3045 83 26 signor
694 3042 137 23 colonnello
843 3041 25 21 lo
879 3040 101 27 aspetta.
991 3045 14 14 »

533 3078 79 22 Andai
624 3083 13 16 e
648 3075 114 23 rinvenni
775 3075 23 22 lo
810 3074 37 22 zio
862 3080 13 15 a
886 3074 60 21 letto
958 3077 47 17 con

533 3113 34 26 gli
576 3110 67 23 occhi
655 3110 63 21 rossi
730 3115 14 15 e
754 3109 20 20 il
784 3109 56 21 viso
855 3106 89 28 pallido
963 3105 43 29 più

533 3145 40 22 deî
584 3146 124 22 consueto,
723 3142 62 22 notai
798 3142 19 22 il
830 3141 66 21 lume
911 3144 95 23 sempre

534 3183 84 18 acceso
629 3184 13 15 e
654 3179 23 20 le
685 3176 109 22 lenzuola
803 3174 131 23 macchiate
946 3173 61 21 d’in-

535 3213 119 22 chiostro:
678 3211 19 21 il
716 3215 94 23 ppvero
820 3208 38 22 ziò
874 3212 79 17 aveva
964 3210 43 17 ve-

533 3247 75 27 gliato
621 3246 60 22 lutta
689 3244 23 21 la
720 3245 74 24 notte,
801 3242 64 22 forse
872 3245 60 18 anco
940 3240 67 28 pian-

535 3282 34 20 to.
582 3279 88 26 Quello
679 3277 60 27 perd
755 3276 45 22 che
812 3276 33 21 mi
865 3274 52 22 fece
932 3279 75 16 mara-

534 3313 74 28 viglia
615 3312 24 21 fu
648 3310 63 22 ch’io
720 3312 24 20 lo
756 3309 78 22 tròvai
849 3307 87 22 vestito
945 3306 62 22 délia

535 3352 43 17 sua
589 3346 74 21 assisa
670 3344 25 21 di
704 3344 54 28 gala
770 3349 45 16 con
827 3342 27 21 in
863 3345 60 23 capo
936 3339 19 23 il
966 3339 40 22 tri-

527 3384 83 19 -corno
615 3379 122 28 gallonato
749 3383 14 15 e
774 3374 232 30 piumato.'Perman

536 3415 33 22 mi
581 3418 69 23 prese
657 3410 111 23 tostochè
777 3410 34 22 mi
822 3409 36 22 fui
869 3407 138 23 avvicinato

537 3449 23 21 al
569 3448 66 25 letto,
646 3452 15 15 e
672 3444 52 22 cosi
733 3444 33 22 mi
778 3442 88 23 favellô
878 3447 47 17 con
945 3446 63 17 voce

535 3482 71 27 piana
614 3485 7 16 :
632 3478 150 25 «Altobello,
791 3477 36 22 fra
839 3475 82 22 un'ora
936 3474 72 28 parti-

536 3522 27 15 ra
574 3519 43 23 per
627 3514 103 21 Ancona
737 3512 19 21 il
763 3509 138 29 hrigantino
912 3509 24 22 le
944 3508 65 22 Ani-

536 3555 41 16 me
592 3547 41 23 del
645 3539 168 37 purgaiorwf
833 3543 111 28 capitano
961 3541 48 22 Ga-

536 3581 86 24 briellô
633 3577 149 31 Tagliàferro
789 3585 7 15 :
809 3577 43 22 voi
865 3577 26 21 vi
901 3575 108 23 c’imbar-

538 3616 94 22 cherete
644 3618 80 23 sopra,
742 3612 125 22 d’Ancona
881 3615 45 22 per
947 3611 63 20 terra

538 3655 32 16 ve
587 3654 32 16 ne
637 3647 99 22 andrete
747 3652 15 15 a
774 3645 106 22 Livorno
898 3649 14 15 e
926 3642 82 28 quinci

539 3682 112 29 partirete
661 3686 45 22 per
717 3685 62 16 casa.
790 3686 14 14 »
817 3678 24 21 A
854 3678 85 23 questo
950 3682 60 22 pun-

1026 2773 34 25 to,
1077 2771 106 21 volendo
1201 2771 25 22 io
1240 2770 50 22 fare
1305 2769 100 28 qualche
1417 2765 80 25 avvér-

1026 2807 75 23 tenza,
1112 2805 48 27 egli
1170 2805 34 21 mi
1217 2804 87 21 strinse
1315 2802 62 22 forte
1393 2803 24 20 la
1428 2806 69 18 mano

1027 2845 14 15 e
1053 2837 111 29 aggrottò
1187 2838 24 21 le
1230 2837 73 27 ciglia
1320 2835 162 22 continuando
1490 2840 7 15 :

1028 2879 14 14 «
1049 2871 97 26 Quanto
1170 2871 45 21 alla
1228 2871 97 24 licenza,
1348 2869 82 22 eccolâ
1444 2874 52 21 qua,

1028 2906 23 21 la
1057 2904 138 27 repubblica
1200 2910 32 15 ve
1248 2904 23 21 la
1280 2903 106 22 concédé
1394 2902 105 27 ampissi-

1028 2945 39 15 ma
1077 2943 47 16 con
1135 2938 23 20 la
1178 2942 124 22 promessa
1315 2936 24 21 di
1350 2934 147 23 mantenervi

1030 2972 18 22 il
1060 2971 75 28 grado
1158 2975 69 17 senza
1246 2969 148 29 pregiudizio
1406 2968 94 22 dell’an-

1029 3003 87 24 zianità
1127 3006 88 25 quante
1223 3004 66 21 volte
1305 3003 25 21 vi
1342 3002 91 28 piaccia
1441 3001 58 28 ripi-

1030 3033 84 33 gìiarla
1124 3044 6 19 ;
1146 3036 176 29 imperciocchè
1331 3041 69 17 corne
1415 3035 7 21 i
1434 3035 66 28 prin-

1030 3071 57 28 cipi,
1098 3070 106 22 sebbene
1211 3070 36 22 fra
1254 3070 52 22 loro
1314 3067 94 30 càpitali
1425 3068 76 22 nemi-

1031 3105 30 26 ci,
1070 3105 22 20 si
1108 3104 134 21 accordano
1254 3103 176 22 mirabilmente
1438 3102 62 21 dove

1032 3138 20 22 si
1063 3138 66 21 tratti
1140 3137 144 22 conservafe
1296 3137 8 21 i
1316 3136 85 28 popoli
1420 3135 25 22 in
1454 3141 47 16 ser-

1030 3171 62 26 vitù,
1104 3170 52 22 cosi
1162 3171 23 21 le
1192 3169 157 28 repubbliche
1362 3169 98 21 avrieno
1471 3168 30 21 ad

1032 3204 132 23 intendersi
1189 3209 45 24 per
1250 3205 82 20 tenere
1349 3209 29 15 su
1395 3203 26 20 in
1436 3202 64 28 piedi

1030 3239 24 22 la
1064 3237 87 23 libertà
1158 3243 6 16 :
1174 3243 41 16 ma
1227 3237 34 27 gli
1275 3236 94 22 uomini
1383 3241 94 22 sempre
1487 3242 13 14 e

1032 3272 34 28 gli
1078 3272 55 21 stati
1145 3273 89 25 troppo
1252 3275 84 23 spesso
1351 3271 84 26 queste
1447 3274 54 17 cose

1032 3305 129 27 capiscono
1178 3304 71 25 tardi,
1259 3309 14 15 e
1291 3305 66 20 temo
1377 3303 62 21 forte
1458 3302 44 22 che

1033 3338 134 23 Veneziale
1178 3337 71 22 abbia
1264 3341 101 22 apprese
1384 3335 43 28 più
1441 3335 59 22 tardi

1033 3372 45 23 che
1089 3371 70 22 altrui
1168 3377 6 20 ;
1189 3370 31 22 ad
1229 3369 57 28 ogni
1299 3370 73 22 modo
1380 3370 23 21 le
1415 3368 30 23 ha
1465 3374 37 16 ca-

1032 3406 59 28 pitë,
1104 3405 32 22 ed
1155 3404 14 22 è
1179 3402 83 31 perciô
1285 3402 45 22 che
1348 3404 27 21 vi
1399 3402 103 22 concédé

1033 3440 22 21 la
1065 3439 100 22 licenza.
1171 3437 96 28 -Questa
1279 3437 85 21 lettere
1375 3442 128 22 consegne-

1033 3473 34 22 rai
1075 3473 25 21 in
1109 3473 106 21 Livorno
1235 3470 22 21 al
1273 3470 86 27 signor
1369 3470 65 22 Santi
1448 3469 55 22 Gia-

1034 3506 99 26 comini,
1151 3505 45 22 che
1213 3504 25 22 vi
1250 3503 143 27 procaccerà
1406 3504 17 21 il
1433 3508 70 23 passo

1034 3541 80 21 sicuro
1125 3545 45 23 per
1177 3537 109 25 Corsica;
1301 3539 84 24 queste
1397 3537 57 22 altre
1467 3542 37 16 so-

1033 3579 33 17 no
1078 3571 40 30 pèi
1128 3572 82 28 cügini
1225 3570 25 22 di
1270 3575 55 16 casa
1331 3577 7 19 ;
1363 3572 82 26 queste
1463 3570 40 27 poi

1035 3606 124 24 rimitterai
1178 3605 63 22 nelle
1264 3604 98 26 proprie
1382 3604 63 21 mani
1466 3603 38 21 del

1035 3641 110 28 generale
1155 3639 74 24 Paoli,
1243 3637 24 21 in
1280 3639 96 25 proprie
1388 3637 71 24 mani,
1467 3642 37 15 ca-

1036 3673 67 28 pisci,
1114 3679 13 15 e
1142 3677 45 17 con
1201 3675 51 18 essa
1273 3671 78 26 questi
1371 3670 65 22 mille
1454 3675 50 15 zec-

1523 2766 75 25 chini,
1618 2770 74 17 senza.
1699 2764 52 21 dire
1766 2764 91 25 niente,
1873 2761 89 28 perché
1979 2761 19 22 il

1524 2800 90 21 denaro
1627 2798 54 22 dato
1693 2798 26 21 al
1727 2797 67 21 Paoli
1810 2796 14 21 è
1840 2797 88 20 denaro
1941 2796 56 20 dato

1524 2834 46 21 alla
1578 2832 75 27 patria
1660 2837 7 15 :
1677 2837 14 15 a
1701 2833 25 19 te
1734 2836 57 16 ecco
1797 2831 22 20 la
1825 2829 73 28 spada
1910 2830 23 21 di
1941 2829 59 21 Ale-

1524 2867 38 21 rio
1574 2865 92 23 fratello
1682 2865 58 25 mio,
1757 2864 45 22 che
1813 2863 27 22 fu
1852 2865 43 20 tuo
1907 2863 73 28 padre
1991 2869 5 19 ;

1525 2900 48 27 egli
1594 2900 23 21 la
1640 2897 93 23 illustré
1762 2896 169 23 combattendo
1955 2902 45 21 per

1525 2934 73 27 gente
1607 2937 52 16 non
1671 2937 50 19 sua,
1740 2931 25 21 io
1777 2930 110 28 procurai
1907 2931 92 21 mante-

1525 2966 68 22 nerla
1607 2970 69 16 senza
1699 2965 109 27 ruggine,
1821 2965 26 20 tu
1865 2963 42 28 più
1918 2963 80 26 felice,

1526 3000 113 26 adoprala
1657 3004 45 21 per
1721 3003 53 16 casa
1790 2999 49 19 tua.
1857 2996 96 22 Damini
1967 3003 31 15 un

1526 3033 70 21 bacio
1608 3038 14 15 e
1633 3032 86 21 andate
1730 3037 44 21 per
1784 3032 84 20 vostro
1877 3030 96 22 dovere.
1984 3037 13 14 »

1526 3066 36 22 Ed
1570 3071 49 20 ora,
1626 3065 74 27 padre
1712 3064 155 26 Bernardino,
1876 3064 42 21 voi
1929 3065 71 20 avete

1526 3102 86 25 saputo
1624 3104 69 16 corne
1707 3104 14 15 e
1733 3097 88 28 perché
1839 3098 25 21 io
1883 3098 33 21 mi
1933 3098 66 21 trovi

1527 3133 129 22 imbarcato
1679 3132 39 27 qui
1740 3137 46 17 con
1808 3132 42 21 voi
1872 3131 44 21 alla
1933 3131 67 21 volta

1527 3167 63 21 délia
1607 3165 107 22 Corsica.
1846 3165 22 23 Q

1555 3211 30 4 —
1596 3199 95 27 Sangue
1709 3199 23 21 di
1746 3198 94 22 Alando
1852 3204 49 15 non
1912 3200 89 26 poteva

1527 3233 110 25 méntire,
1651 3232 129 22 benedetto
1797 3232 88 21 ne’tuoi
1898 3231 102 29 figliuoli

1527 3273 15 15 e
1558 3267 39 21 nei
1618 3265 101 28 figliuoli
1731 3265 89 22 de'tuoi
1833 3265 108 28 figliuoli.
1958 3266 44 21 Al-

1527 3300 96 25 tobello,
1639 3300 22 20 la
1684 3299 94 21 fortuna
1801 3299 49 26 pué
1868 3299 86 21 levarti
1967 3300 34 26 gli

1528 3333 75 26 averi,
1616 3338 39 16 ma
1664 3332 85 22 levarti
1760 3333 23 20 la
1792 3332 63 21 fama
1868 3333 75 21 ormai
1950 3338 50 16 non

1528 3365 47 23 istà
1586 3365 42 29 più
1637 3366 25 21 in
1674 3372 42 15 sua
1728 3364 110 29 podestà.

1557 3400 29 15 —:
1596 3399 90 22 Vedete
1695 3406 32 14 un
1739 3399 91 27 po’che
1841 3405 63 16 razza
1912 3400 25 21 di
1942 3405 60 22 gen-

1528 3435 26 20 te
1570 3439 62 16 sono
1644 3433 78 27 questi
1739 3433 76 21 -Corsi
1822 3432 6 21 i
1851 3432 46 22 Chi
1913 3433 48 22 mai
1976 3433 25 22 lo

1528 3467 107 21 avrebbe
1645 3469 103 25 pensato
1755 3466 13 22 ?
1780 3478 29 4 —

1558 3499 22 23 Il
1594 3501 85 27 signor
1688 3500 115 25 Boswell,
1831 3500 115 22 comechè
1964 3506 38 15 ur-

1529 3533 133 22 banissimo
1674 3534 74 25 fosse,
1760 3538 73 24 preso
1847 3534 40 21 dal
1901 3539 102 16 consue-

1528 3569 29 19 to
1577 3569 165 25 svagamento,
1772 3567 76 22 lascié
1879 3567 122 27 scapparsi

1530 3603 83 25 questa
1620 3600 167 22 osservazione
1794 3600 24 21 di
1825 3601 73 21 bocca
1905 3606 46 16 con
1958 3605 45 16 vo-

1530 3639 28 16 ce
1570 3633 42 27 più
1631 3634 47 20 alta
1690 3633 45 21 che
1757 3638 47 16 non
1818 3633 103 22 avrebbe
1939 3633 64 22 desi-

1530 3667 95 21 derato:
1639 3671 43 21 per
1694 3666 22 20 la
1739 3666 70 27 quale
1828 3671 55 16 cosa
1896 3665 33 22 fra
1946 3666 56 21 Ber-

2023 2755 108 24 nardino,
2139 2753 18 22 il
2168 2752 70 28 quale
2249 2756 40 17 era
2298 2756 63 22 vago
2371 2750 40 22 dei
2422 2749 75 22 fores-

2023 2789 55 22 tieri
2090 2792 70 17 corne
2178 2786 18 21 il
2211 2791 59 16 cane
2292 2784 64 22 delle
2367 2789 86 19 mazze,
2465 2782 32 22 fa-

2024 2822 77 21 cendo
2113 2825 94 23 grugno
2220 2817 123 29 interrogé
2354 2817 125 22 Altobello
2489 2823 7 15 :

2051 2866 30 5 —
2086 2854 90 22 Donde
2196 2852 40 22 hai
2260 2854 84 19 cavato
2362 2851 28 21 tu
2404 2852 92 20 cotesto

2025 2894 57 16 coso
2088 2889 17 23 ?.
2120 2885 139 24 Corn’entra
2277 2886 63 21 nelle
2357 2886 83 20 nostre
2452 2883 46 22 fac-

2024 2922 75 21 cende
2114 2920 79 22 costui
2202 2920 13 20 ?
2224 2931 30 4 —

2052 2955 76 21 Padre
2140 2953 147 22 Bernardino
2303 2953 87 21 adesso
2410 2951 87 22 veniva

2025 2995 14 15 a
2055 2993 101 17 movere
2168 2987 38 21 sul
2216 2986 100 22 Boswel
2326 2985 82 28 quella
2418 2985 80 22 mede-

2026 3023 60 21 sima
2098 3020 120 22 domanda
2228 3019 45 23 che
2284 3019 18 22 il
2314 3019 101 22 Boswel
2422 3024 76 16 aveva

2027 3061 62 22 poca
2102 3060 43 16 ora
2153 3054 79 28 prima
2242 3053 58 21 fatta
2309 3054 37 21 sul
2357 3053 62 22 frate
2426 3059 6 20 ;
2447 3054 51 20 tan-

2024 3089 27 21 té
2062 3094 60 16 vero
2132 3087 45 22 che
2188 3088 24 21 le
2230 3088 101 26 bisogne
2347 3092 90 16 umane
2448 3092 50 18 pre-

2027 3124 100 20 sentano
2138 3126 85 23 spesso
2230 3121 18 21 il
2259 3120 112 22 rovescio
2392 3119 53 23 cosi
2460 3125 39 22 ap-

2026 3156 102 27 puntino
2141 3154 87 27 uguale
2236 3154 39 21 col
2282 3154 55 21 loro
2351 3153 93 26 diritto,
2456 3153 43 22 che

2026 3188 31 22 né
2069 3188 74 22 anche
2156 3188 39 21 chi
2206 3188 79 26 primo
2294 3187 18 21 li
2320 3187 53 21 fece
2382 3186 117 28 saprebbe

2027 3222 151 28 distinguerli
2184 3228 6 14 :
2201 3227 40 15 ma
2250 3220 87 28 poichè
2345 3221 24 21 la
2381 3221 119 22 domanda

2025 3256 220 26 fratescapalësava
2256 3255 138 21 intenzione
2406 3254 92 26 acerba,

2028 3289 131 22 dubitando
2171 3288 123 21 Altobello
2318 3287 45 22 che
2383 3288 26 20 di
2431 3293 69 21 paro-

2027 3323 23 20 la
2061 3322 25 22 in
2097 3322 83 27 parola
2188 3326 49 16 non
2250 3320 139 22 diventasse
2396 3321 52 25 lite,
2460 3326 39 16 era

2028 3356 37 21 sul
2077 3357 77 26 punto
2169 3355 25 21 di
2214 3359 111 22 rompere
2340 3359 48 16 con
2400 3354 100 28 qualche

2028 3395 43 16 suo
2089 3391 97 20 trovato
2198 3388 19 21 il
2234 3388 129 27 colloquio,
2377 3388 95 27 quàndo
2484 3388 18 21 il

2028 3424 109 25 capitano
2164 3420 143 23 Franceschi
2329 3422 25 21 lo
2376 3427 126 17 sovvenne

2028 3458 74 20 molto
2114 3457 219 27 opportunamente
2339 3455 120 27 gridando
2465 3455 38 21 dal

2028 3490 93 22 timone
2129 3495 7 15 :

2055 3535 30 4 —
2096 3522 130 22 Ammaina
2235 3523 25 20 le
2271 3522 56 22 vele
2337 3528 6 20 ;
2354 3522 8 21 i
2374 3527 130 22 passegge-

2028 3557 20 21 ri
2061 3557 113 21 abbasso.
2183 3566 31 5 —

2209 3599 17 11 —1
2248 3604 3 2 -
2271 3603 4 3 -
2473 3606 4 3 -

2202 3634 10 26 (
2215 3632 141 28 Cuntinua)
