2664 3910
120 349 27 48 U
175 351 128 61 Sogîiw
328 354 38 46 di
389 354 68 48 Ziu
482 357 96 47 Sasà

68 441 88 21 l'ischia
165 442 21 20 la
197 447 152 20 tramuntana,
359 450 13 13 o
382 451 41 18 per
432 448 119 22 momenli,

68 472 134 24 Bianchina,
211 475 81 18 strecci
302 481 12 12 a
323 475 89 24 strecci,
426 476 23 19 in
458 477 48 19 aria
516 478 63 24 vola;

70 503 17 20 U
98 503 18 20 ri
119 503 63 20 tarda
186 503 17 20 ri
206 510 13 13 u
233 504 27 20 dà
270 505 23 19 di
304 511 67 14 manu
380 506 20 19 a’
409 506 69 24 piola,

67 533 111 21 S’arbbede
187 534 35 20 chi
232 535 34 19 eu’
275 534 81 21 l'reddu
365 537 26 19 sò
400 538 121 20 turmenti.

69 576 18 20 U
98 579 67 16 venin
176 575 47 21 face
232 577 92 20 subissu
338 577 22 20 in
371 578 22 19 lu
403 578 58 24 celu,

70 607 17 19 U
97 606 48 21 sole
153 607 31 20 s’è
192 607 109 20 affaccatu
312 608 115 25 rabbiosu,

68 637 35 21 Ma
112 638 107 25 quaghiò,
229 645 30 13 un
269 639 104 20 nulaeciu
384 640 137 25 bugbjcosu,

70 668 55 21 Près
129 671 31 20 tu,
170 669 18 19 si
198 673 68 16 mette
275 669 98 21 innanzu
383 677 27 14 eu
413 678 36 13 me
458 678 30 13 un
498 672 61 20 velu.

69 711 17 20 A
94 709 65 26 jente
168 710 143 26 incuraggita
325 719 38 13 era
372 713 93 23 surtita;

69 740 118 24 Sfasciate,
196 748 12 13 e
217 741 109 21 zitellette
338 743 26 19 sò
377 743 20 19 a'
404 742 97 21 funtana
511 750 6 16 ;

69 771 83 22 Manda
162 777 65 14 cunie
236 779 30 13 un
276 772 81 23 frezza,
366 780 13 12 a
388 777 155 21 tramuntana,

70 804 18 20 A
96 802 102 25 ’ragnola
208 802 35 20 chi
253 807 63 16 scole
325 803 54 25 ogni
389 804 90 24 pertita.

70 846 8 20 I
88 844 66 25 chjrli
163 848 116 16 senterete
289 845 34 24 pe’
331 845 22 19 lu
363 852 66 13 corsu
438 853 5 16 ;

71 877 7 19 i
88 874 113 27 grombuli
210 875 91 20 asciutti
310 875 68 20 falan’
386 876 23 19 in
419 877 84 24 gobbiu
511 884 6 17 ;

70 907 16 19 E
95 905 70 21 robba
175 911 62 14 tunn
247 913 13 12 e
268 912 46 18 que
322 906 36 20 chi
367 907 27 20 da
405 907 125 24 i’allobbiu,

72 936 84 23 Perche
164 939 99 17 tornanu
272 942 73 19 acqua
351 937 62 25 junl’
421 938 21 20 in
453 938 79 20 dossu.

72 982 24 20 In
105 979 73 26 piezza
189 985 30 13 un
229 978 30 21 c’è
268 979 39 24 più
317 979 61 21 nimu
386 987 6 17 ;
402 980 51 20 nev’
460 987 12 13 a
483 981 64 20 beru.

73 1013 17 20 A
99 1011 20 20 la
128 1010 65 22 lesta,
203 1016 76 18 ognun
290 1011 31 19 s’è
331 1010 127 21 intafonatu
466 1019 6 16 ;

74 1043 17 20 U
102 1039 101 24 vecchiu,
213 1047 30 13 un
254 1041 61 20 bellu
324 1041 51 20 focu
385 1042 29 20 ha
423 1042 131 26 inceppatu,

72 1073 35 21 Ma
115 1073 13 19 è
136 1071 75 23 tristu,
220 1071 18 20 si
248 1072 58 20 vede
315 1072 63 21 ch’ha
388 1080 14 13 u
412 1079 109 19 penseru.

71 1151 26 5 —
102 1138 116 24 Ch’avete,
229 1146 12 13 o
251 1139 36 20 ziu
298 1140 63 23 Sasà,
372 1140 35 20 chi
417 1141 44 19 site
470 1141 25 19 in
505 1140 76 25 pena?

70 1180 26 5 —
102 1169 72 21 ’Ndeh
182 1170 32 20 !...
225 1177 29 13 un
265 1171 53 20 bedi
327 1177 68 14 cumu
405 1171 58 20 colla
473 1173 22 18 la
506 1171 115 25 bughiura
631 1171 6 20 !

70 1202 33 20 Ne
112 1201 73 20 fiocca
194 1208 12 13 a
216 1201 144 24 rivucchera,
370 1208 20 17 e,
400 1202 63 19 s’ella
473 1202 68 22 dura,

72 1232 133 21 L’elementi
214 1232 52 20 ’nde
275 1232 40 20 noi
325 1233 52 24 quel
388 1233 43 19 Dio
439 1232 89 25 sgher.a
536 1233 5 19 !

67 1275 75 25 Aghiu
152 1274 84 21 fatt’un
246 1274 126 26 sugnacciu
382 1278 65 17 notte
454 1274 95 23 andate,

70 1305 17 20 E
97 1312 27 14 ne
134 1305 49 20 vidi
193 1306 22 19 di
225 1312 14 13 u
249 1305 86 20 mondu
345 1306 21 19 la
376 1305 65 20 ruina
449 1312 6 13 :

69 1336 17 21 E
95 1343 54 14 case
158 1336 105 21 trafaîate
271 1337 36 19 ’na
317 1336 109 20 vadina...

69 1367 81 21 Nunda
160 1367 39 25 più
208 1368 21 20 ci
237 1367 103 20 fermava
349 1367 24 20 in
382 1371 35 16 ste
426 1371 115 16 cuntrate.

67 1422 26 4 —
98 1410 34 21 Ne
141 1414 62 16 terau
212 1410 105 20 anch’eiu
324 1410 6 19 !
340 1410 18 20 A
367 1416 58 14 neve
430 1410 25 25 jè
463 1409 147 20 tremenda...

69 1441 25 20 Li
103 1441 63 20 disse
175 1441 116 25 so’nipote
299 1441 129 20 maliziosu.

67 1471 74 26 (Sasà,
150 1479 31 13 un
191 1478 101 14 avarone
301 1471 75 25 diggià
385 1477 99 18 annosu,

71 1503 32 20 CJn
114 1504 15 19 li
139 1503 59 20 dava
207 1502 85 26 giamai
301 1508 45 13 una
355 1502 126 25 merenda).

69 1545 39 20 C’è
116 1545 28 20 da
153 1545 76 23 trimà,
238 1550 14 14 o
260 1544 20 20 zi
288 1543 6 20 !
305 1538 17 25 È
330 1543 145 20 afiniscenda

70 1576 28 20 Di
107 1583 14 13 u
130 1582 85 19 genere
223 1581 86 14 uraanu
319 1574 23 20 in
352 1577 80 22 questa
442 1578 73 16 notte.

69 1607 73 20 Demu
152 1613 58 18 puru
220 1606 21 19 di
252 1612 70 13 manu
331 1605 101 20 a’vostra
442 1605 65 19 botte

69 1638 17 20 E
95 1637 84 21 femuci
189 1643 43 14 una
242 1636 84 20 bomba
335 1635 21 20 di
371 1635 109 25 puienda.

69 1680 63 24 Cusi,
141 1680 20 20 si
171 1680 73 19 n’emu
254 1686 13 12 a
276 1679 63 22 raor’,
347 1685 18 13 s;
373 1684 80 19 morga
461 1677 76 25 tecchj
545 1677 5 20 !

68 1711 136 20 Chiamemu
213 1717 12 13 a
235 1710 108 20 Ghiuvan
354 1709 75 20 Lucca
437 1715 14 14 e
459 1708 137 21 Ors’Andria

68 1742 80 21 Ch’elli
157 1742 19 19 si
187 1740 156 25 rifugieghjnu
352 1746 46 14 una
408 1739 58 24 cria;

68 1773 138 24 Ghiugnenu
216 1773 27 18 da
252 1771 122 23 Panimaii,
383 1769 125 26 scutecchj.

67 1815 188 21 Manc’un’oretta
265 1814 71 24 dopu,
345 1819 12 14 a
366 1813 23 19 iu
398 1812 94 22 fucone,

66 1847 19 19 A
95 1845 105 25 paghicla
208 1851 43 14 cun
261 1845 87 23 l’acqua
355 1843 38 25 già
403 1843 69 20 bullia
481 1850 6 16 ;

67 1877 44 20 Per
118 1877 42 19 avè
169 1875 96 25 figatelli
274 1874 109 21 s’insislia
390 1881 6 12 :

66 1907 44 20 «Ci
118 1907 30 20 ha
156 1907 28 20 da
194 1906 107 25 suppellì,
310 1909 36 16 stu
355 1904 180 25 nivaghione!...
543 1913 11 10 »

67 1949 106 20 S’affaeca
182 1949 35 20 ziu
228 1948 63 20 Sasà.
302 1948 66 19 Disse
376 1955 6 12 :
393 1955 10 11 «
411 1947 92 20 Stasera

66 1975 17 24 È
92 1979 95 20 I’ultimà
194 1980 6 19 !
210 1979 20 20 O
239 1978 87 25 figlioP,
336 1981 107 22 magnate
451 1984 69 18 puru,

66 2010 64 20 Berte
138 2017 11 13 a
160 2010 95 20 buluntà
262 2010 24 19 !..
297 2009 33 20 Ne
339 2009 25 20 sò
373 2009 85 21 sicuru,

65 2035 18 25 È
91 2047 13 13 a
112 2040 46 21 fine
166 2041 23 19 di
199 2048 13 12 u
222 2040 95 23 mondu,
325 2046 12 13 a
347 2046 58 13 neve
414 2040 13 19 è
435 2039 68 20 nera!
513 2046 9 9 »

64 2083 19 19 A
92 2083 81 20 bomba
182 2082 23 20 fù
215 2082 67 25 majò,
291 2082 6 19 i
307 2081 93 25 figatelli

64 2113 138 20 Muscavanu
212 2119 13 14 e
234 2120 13 12 u
258 2113 55 19 vinu
326 2112 127 23 trizinava;

63 2143 25 21 Si
98 2144 58 25 beija
166 2144 62 25 dipiù
237 2144 68 19 ch’un
314 2143 20 20 si
343 2149 140 18 magnava...

62 2174 20 20 O
87 2175 118 20 jaich’unu
214 2174 105 20 s’affaccò
326 2181 6 12 :
342 2174 91 19 c’eranu
443 2173 6 19 i
460 2173 73 20 sleili.

65 2217 50 23 Poi,
125 2217 18 19 si
153 2217 183 24 mossel'acqua,
346 2215 48 26 poi.
404 2222 14 13 u
429 2219 79 19 ventu,

64 2247 50 24 Poi,
123 2248 21 19 la
153 2251 150 16 tramuntana
312 2247 124 24 spurguîô;

65 2278 34 20 Un
107 2283 121 20 stagnone,
239 2284 41 19 per
289 2284 64 17 casu,
364 2278 89 19 bultulo

64 2309 16 20 E
89 2309 36 20 ziù
134 2309 58 20 Sasà
200 2309 19 20 si
228 2309 90 20 sbenne
326 2309 27 19 da
363 2315 15 13 u
387 2312 122 21 spaventu.

63 2351 137 20 Ouand’ellu
210 2351 74 20 rivent
294 2350 79 21 er’altu
380 2350 34 25 jet
419 2356 31 13 nu
457 2357 7 16 ;

63 2382 33 20 Ne
104 2388 139 14 surnaccava
252 2382 23 19 in
285 2381 115 20 chierchiu
410 2381 19 19 a’
438 2384 123 19 camerata,

61 2414 19 19 A
90 2413 62 20 botte
161 2420 38 13 era
209 2413 64 24 guasi
283 2412 174 23 scaccavellata,

62 2445 18 19 A
91 2444 74 20 media
174 2443 112 21 richiedia
295 2443 80 20 d’andà
385 2449 11 13 a
407 2449 14 13 u
430 2442 78 20 fornu.

63 2486 108 25 Pienghja
181 2486 37 20 ziu
228 2486 64 23 Sasà,
302 2486 23 19 lu
336 2485 131 25 sciaguratu
476 2485 6 20 !

61 2518 19 19 A
82 2517 36 20 via
127 2517 35 20 c.hi
172 2523 71 20 pensa
251 2517 25 20 !..
288 2517 31 20 La
329 2520 77 16 mente
416 2515 105 25 inquiéta

62 2548 77 20 D’esse
147 2552 61 16 stniu
217 2548 48 19 cusi
275 2547 67 20 tristu
352 2546 99 26 prufeta,

62 2579 66 20 Disse
135 2586 6 12 :
150 2585 8 10 «
167 2578 165 24 Ouantunque,
339 2584 29 13 un
378 2577 70 20 m’era
455 2577 46 19 mai
507 2576 138 24 sbagliatu!»

384 2609 66 21 L’Or
450 2614 32 16 su
492 2608 125 22 d’Orezza.

680 352 117 20 Slalbnto^lij

684 397 31 29 O
731 402 79 29 mal
823 404 38 29 di
875 414 109 21 mare

704 473 68 19 Njenle
780 476 19 17 di
814 482 55 13 menu
884 479 65 18 sicuru
964 486 20 12 ca

683 501 23 12 un
718 499 58 17 marin
778 504 11 13 a
791 505 21 12 ru
827 501 85 22 ajaccinu
926 510 59 16 quan-

682 521 62 18 dYlPu
754 524 57 17 lascia
819 530 11 12 a
838 528 51 16 cosla
897 533 33 16 per
943 529 42 17 J’in-

683 546 60 18 lernu.
762 548 73 21 QuanLu
850 550 11 17 è
873 553 112 22 curaggiosu

682 569 18 18 in
710 571 18 17 la
734 571 87 23 limpesla
827 576 79 22 marina,
912 582 49 17 quan
965 579 20 17 lu

682 595 130 24 s’impeurisce
826 599 56 20 facile
899 602 19 17 di
934 603 51 18 l’ele-

682 622 59 17 menli
750 625 107 20 qiiaiid’eliu
873 627 17 18 si
906 628 54 18 trova
967 627 17 19 a’

682 650 109 20 campagna.

704 675 20 17 lu
732 676 57 22 tempi
798 678 91 19 ch’ell’un
903 681 17 17 si
933 681 51 18 vidia

682 699 69 19 barelie
759 701 19 17 di
792 707 55 17 pesca
861 709 11 12 a
886 707 77 20 mofore,
978 706 6 17 i

682 724 76 22 giovani
772 728 91 18 marinari
879 730 75 18 facianu
971 736 13 13 u

683 749 81 23 trageltu
781 757 11 12 a
809 753 43 21 pedi
869 755 22 17 da
909 755 49 18 Lava
974 761 11 12 a

682 773 84 23 Ajacciu,
776 779 94 19 passendu
884 780 29 21 pe’
922 785 10 12 a
941 780 45 19 Boo-

682 803 21 13 ca
711 800 19 17 di
739 805 12 12 u
761 801 72 23 I’runu,
842 803 45 19 siasi
896 810 90 17 perpur-

684 825 17 16 la
710 825 6 17 i
726 826 50 21 pesci
791 832 10 12 a
810 828 67 21 bende,
894 830 46 17 siasi
952 835 33 17 per

683 850 47 17 aiidà
738 855 12 12 a
757 851 50 18 circà
816 854 113 20 pruvisioni.
942 855 42 18 Unu

683 874 18 17 di
709 876 63 20 questi
781 876 31 18 chi
821 878 94 19 falavaun
923 880 63 22 giiior-

683 904 24 12 nu
717 904 57 14 YCPSU
782 906 12 12 a
808 902 53 22 cilla,
877 905 107 21 Irutluloni,

682 924 54 17 c’una
743 929 55 18 spasa
806 927 57 22 biota,
872 930 75 17 sconlra
959 935 26 13 un

683 949 78 21 paisanu
770 951 24 17 da
801 953 75 18 cavallu
883 958 12 13 a
903 959 37 13 una
946 959 40 14 mu-

683 974 23 20 la,
717 979 11 12 u
737 975 62 22 quale,
808 981 64 14 mossu
881 983 11 13 a
900 983 86 18 cumpas-

682 1003 55 14 sione
751 1005 33 16 per
792 1001 6 17 i
808 1003 27 16 so’
848 1003 43 21 pedi
903 1005 83 18 earchia

682 1023 172 26 ineappucciature,
881 1033 11 13 u
915 1029 14 18 li
944 1030 42 18 face

682 1050 50 17 cullù
740 1049 20 18 in
768 1055 77 19 groppa.

703 1087 23 3 —
734 1077 15 18 0
764 1079 69 22 cjuillo,
855 1081 63 22 pianu'
926 1082 46 19 mire
978 1084 9 17 !

682 1102 28 17 Mi
714 1102 43 23 jira
764 1108 13 13 u
785 1109 48 18 capu
849 1110 10 13 e
867 1106 27 18 mi
901 1107 66 24 kappa
973 1113 12 13 a

681 1127 57 23 Ipasa,
747 1128 18 18 si
774 1130 27 17 vo’
814 1130 37 23 feti
862 1136 53 14 corra
923 1138 12 12 a
949 1133 36 18 vol-

681 1153 29 17 Ira
718 1153 49 18 mula
774 1154 29 18 !...
821 1155 41 18 fece
876 1162 12 12 u
903 1158 82 18 marina-

681 1178 50 17 rellu
744 1180 178 21 arrampichendusi
936 1187 25 14 eu
973 1188 10 13 a

682 1207 56 13 manu
746 1203 59 19 libéra
813 1209 12 13 a
833 1210 13 12 u
854 1206 77 19 darrelu
946 1208 20 17 di
973 1213 11 12 a

681 1228 53 17 seila.

701 1252 30 17 Ma
739 1257 11 12 a
759 1254 51 17 mula
817 1255 113 23 truttulava,
946 1261 11 14 e
970 1262 14 12 u

680 1280 48 18 pocu
732 1279 108 22 cavaglieru
845 1280 140 20 zitellonemos-

680 1306 20 13 se
708 1307 12 12 a
729 1303 89 22 l’ughiuli
826 1309 5 13 :

700 1339 24 4 •—
730 1330 43 19 inno
780 1332 9 17 !
796 1332 49 23 innò,
855 1338 10 13 o
874 1333 59 24 rjuillu
942 1335 41 23 pui-

678 1360 20 12 sa
704 1362 9 14 ;
721 1355 111 24 balchelimi,
840 1358 106 19 balchelimi
953 1360 30 18 chi

679 1380 26 17 mi
712 1381 36 18 rcli
756 1387 12 12 u
775 1382 38 19 mal
823 1383 21 18 di
851 1383 49 18 mari
905 1385 8 17 !
919 1385 62 22 Balla,

678 1405 50 19 balta
733 1406 29 18 !...
770 1407 28 18 mi
805 1407 20 18 ni
837 1409 66 23 voghiu
908 1410 50 18 andà
970 1416 12 12 a

676 1431 43 22 péri
724 1432 21 17 !..
755 1432 86 22 arrilleii,
850 1434 109 19 arrìlleti!..

699 1459 17 18 U
730 1460 85 23 paisanu,
825 1462 74 18 tecehiu
908 1463 18 17 di
935 1463 45 21 rise,

678 1489 13 12 u
704 1486 64 17 varcò.
782 1486 87 18 Ghiuntu
882 1488 51 17 cusli
947 1493 12 12 a
973 1489 6 16 i

678 1510 53 21 ponli
738 1511 20 16 di
767 1516 10 12 a
786 1511 92 22 Gravona,
891 1517 45 13 eccu
950 1513 31 18 chi

678 1540 13 12 u
699 1536 68 17 noslru
778 1536 97 18 marinaru
888 1537 93 18 riscontra

679 1564 25 13 un
718 1561 27 17 so’
760 1561 83 22 giovanu
859 1562 74 23 cullega
950 1563 31 17 chi

678 1584 48 19 faeîa
734 1585 21 18 in
764 1590 57 14 sensu
830 1586 79 19 inversu
923 1592 12 13 a
948 1588 33 18 lis-

679 1611 51 16 lessa
739 1611 70 22 slrada,
818 1616 11 13 e
837 1611 15 18 li
860 1614 54 16 conta
923 1618 12 12 u
945 1613 37 18 fal-

678 1636 28 16 lu:

699 1669 24 4 —
729 1660 46 18 Innh
782 1661 8 17 !
803 1666 10 13 o
821 1661 61 22 Fallu,
893 1667 25 13 un
932 1662 16 18 li
961 1663 20 18 ni

677 1684 43 23 rigu
727 1685 51 18 nulla
783 1686 8 17 !
800 1686 34 18 Chi
842 1692 73 13 marosu
923 1693 12 12 a
945 1688 37 18 bol-

677 1710 25 17 du
709 1711 18 16 u'
736 1711 49 17 mula
794 1716 14 13 r
816 1717 15 12 u
837 1712 78 22 paisanu
923 1713 9 17 !
936 1712 44 19 S’el-

677 1735 38 18 l’un
719 1736 34 16 ni’a
755 1738 26 15 via
786 1736 105 19 valcatu.mi
894 1737 87 24 pighiava

677 1765 13 12 u
697 1759 66 24 rijetlu
769 1761 28 18 !...

848 1792 20 19 U
880 1792 75 23 Samp.

677 1916 128 25 Pedons
830 1917 151 26 Muvrinu

698 1985 20 18 S.
729 1986 24 17 A.
764 1986 80 22 (Algeri)
852 1995 23 4 —
883 1986 14 17 E
905 1991 76 17 percosa

675 2010 38 17 no?
734 2010 34 17 Voi
785 2015 55 13 cume
861 2011 43 17 lulti
924 2011 57 18 l’allri

675 2035 134 22 cumpatriotli.
821 2035 30 18 fra
859 2036 7 17 i
874 2036 51 21 quali
936 2037 45 16 unn’

674 2064 68 13 avemu
758 2060 37 17 mai
808 2060 49 17 fallu
871 2060 109 19 differenze.

674 2085 47 20 (Bon
740 2085 136 22 cumpalriolli,
896 2085 86 18 inlendi-

674 2110 51 17 muci
731 2109 5 18 !
744 2111 7 21 )

695 2154 75 18 PETRü
784 2154 99 18 CARDI—
898 2155 53 22 Dopu
970 2160 10 13 a

673 2181 64 16 vostra
754 2181 95 20 parlenza,
870 2180 16 17 si
904 2180 77 22 ripiglia

674 2209 32 18 per
721 2204 98 18 abitudine
835 2210 12 11 u
857 2209 56 18 passa
928 2205 20 17 di
960 2205 21 17 lü

671 2229 52 23 jorni
731 2232 26 15 la.
766 2229 21 18 Ci
795 2230 89 22 dispiace,
893 2235 11 12 a
912 2230 69 18 duvelc

673 2255 63 21 crede,
749 2259 36 16 ma,
796 2255 31 18 clii
835 2255 34 17 fà?

694 2300 23 17 A.
729 2299 21 18 F.
762 2299 102 18 FRANCHI
875 2309 22 3 —
907 2299 16 19 U
933 2304 47 14 vos-

672 2325 94 17 tr’ultiaitl
773 2324 81 18 arlieulu
866 2329 43 13 sera
915 2330 33 17 per
956 2330 25 13 un

672 2354 81 13 numaru
765 2350 19 17 di
792 2350 68 22 iugliu.
871 2350 110 22 Riugrazia-

672 2375 67 17 menti.

694 2419 88 18 L’ORSU.
791 2429 20 4 —
818 2419 61 18 Cumu
888 2419 11 18 è
907 2420 70 18 st’affa-

673 2444 33 18 re?
715 2445 43 21 Aiò,
767 2445 30 17 aiò
804 2444 4 18 !
818 2445 57 17 demu
884 2450 26 13 un
919 2445 61 18 calciu

672 2470 55 17 a’ssu
733 2470 154 22 scuraggimentu
894 2470 86 18 davanL’a

672 2500 38 13 una
719 2495 119 18 malatiuccia
846 2494 5 19 !

694 2540 20 17 S.
723 2539 105 18 ARR1GEI.
835 2549 23 4 —
867 2540 112 18 Riceverete

671 2569 13 12 u
693 2569 59 17 paccu
761 2565 17 16 di
788 2565 7 16 I
803 2565 58 17 libbri
866 2565 74 17 chiesli.
948 2565 32 17 Yï-

671 2590 65 17 derele
744 2589 32 18 chi
784 2594 24 13 ne
814 2594 69 13 avemu
892 2590 88 21 rimpiaz-

671 2615 43 16 zalu
724 2614 34 17 dui
767 2614 86 17 esaurili.
864 2614 73 18 Grazie.

1013 133 103 23 Cullana
1125 135 99 22 Storica
1236 135 27 21 di
1274 135 24 21 A
1307 135 90 23 Muvra

1067 201 23 35 A
1109 203 156 45 Cunquisia
1283 203 142 37 Francese

1147 258 30 35 di
1194 270 17 23 a
1231 258 119 35 Corsica

1061 314 46 24 (Dq
1118 318 31 15 un
1165 314 121 21 Giurnale
1298 314 24 19 di
1335 314 7 20 1
1352 314 86 28 Epuca)

1177 377 131 28 (Seguitu)

1055 428 81 19 Numéro
1145 430 25 17 du
1179 431 94 18 Vendredi
1282 430 23 17 28
1313 431 65 18 Juillet
1387 432 50 18 1769.

1022 460 54 19 Suite
1084 462 33 18 des
1125 463 102 18 Nouvelles
1236 465 23 16 de
1267 463 61 18 Gènes
1336 465 24 16 du
1370 465 22 17 lü
1399 465 71 18 Juillet.

1039 493 102 23 Suivant
1152 497 35 20 les
1200 497 129 21 nouvelles
1341 498 72 26 qu’on
1425 506 13 13 a
1449 498 30 21 ici

1011 523 30 20 de
1054 523 84 27 Corse,
1152 526 23 20 le
1188 526 103 22 Conseil
1304 527 40 26 qui
1357 528 124 21 résidoità

1010 552 24 21 la
1054 552 82 23 Bastia
1148 561 13 14 a
1173 554 39 22 été
1233 556 72 21 établi
1318 556 13 21 à
1352 558 82 25 Cortc,
1454 564 26 15 ce

1011 582 41 27 qui
1065 583 41 22 lait
1119 585 56 20 voir
1192 591 47 21 que
1260 589 63 19 cette
1345 587 65 22 Ville
1430 594 50 15 sera

1010 613 116 27 regardée
1138 614 13 22 à
1162 615 105 22 l’avenir
1275 623 95 16 comme
1378 619 23 20 la
1410 618 72 27 Capi-

1009 644 50 20 tale
1080 645 29 20 de
1127 645 75 22 l'Isle.
1229 646 38 22 On
1292 648 112 21 travaille
1427 655 54 15 sans

1010 674 97 21 relâche
1119 674 13 22 à
1144 676 23 21 la
1178 677 89 21 rendre
1280 684 47 15 une
1340 678 70 21 Place
1422 679 59 21 delà

1010 704 114 22 dernière
1144 705 162 28 importance,
1331 708 22 21 &
1375 708 48 22 l’on
1447 709 34 22 dit

1011 740 46 21 que
1082 735 36 21 les
1145 735 182 24 Fortifications
1356 739 126 22 coûteront

1010 765 55 26 plus
1077 765 29 21 de
1120 771 42 22 500
1172 767 69 20 mille
1251 768 77 21 livres
1337 775 6 18 ;
1363 769 16 20 il
1398 775 17 22 3-
1426 775 54 16 aura

1011 794 44 21 des
1066 796 222 23 communications
1300 797 109 28 établies,
1429 799 52 29 éga-

1010 825 92 22 lement
1113 826 69 21 sûres
1194 829 25 19 et
1228 829 150 24 commodes,
1389 830 29 21 de
1427 832 54 20 tous

1011 856 37 20 les
1066 855 148 28 principaux
1236 858 110 22 endroits
1366 860 31 21 de
1418 860 63 22 l’Isle

1011 885 77 22 situés
1099 892 43 15 sur
1154 888 35 20 les
1201 888 76 22 bords
1288 890 30 20 de
1335 891 23 20 la
1369 893 72 24 Jmer;
1459 893 22 20 le

1012 916 162 22 Couverneur
1191 918 99 27 général
1311 921 40 26 qui
1362 927 18 21 y
1390 921 50 22 fera
1456 928 25 15 sa

1011 946 137 27 résidence,
1174 954 89 20 pourra
1290 949 141 24 facilement
1452 959 29 14 en

1011 978 77 21 douze
1099 977 90 22 heures
1200 979 31 21 de
1242 982 63 19 tems
1317 986 111 23 envoyer
1443 988 38 16 ses

1011 1008 85 21 ordres
1108 1010 108 25 partout,
1229 1009 23 22 &
1264 1011 18 20 il
1293 1010 42 29 n’y
1354 1017 55 15 aura
1429 1014 52 25 plus

1011 1038 14 22 à
1036 1039 23 20 la
1070 1038 81 22 Bastia
1163 1039 74 27 qu’un
1250 1040 163 23 Gouverneur
1431 1049 50 21 par-

1010 1069 106 22 ticulier.

1054 1119 82 19 Numéro
1144 1121 25 17 du
1178 1121 95 18 Vendredi
1280 1121 23 18 28
1311 1122 67 18 Juillet
1385 1122 52 19 1769.

1210 1154 27 18 De
1245 1154 54 18 Paris
1307 1155 19 18 le
1335 1155 22 18 lü
1364 1155 72 18 Juillet.

1039 1186 79 22 Toute
1129 1187 23 21 la
1165 1187 102 21 Famille
1279 1188 102 28 Royale,
1392 1189 13 21 à
1416 1190 21 21 la
1445 1189 35 22 ré-

1010 1222 72 16 serve
1100 1217 31 21 de
1153 1217 112 21 Madame
1284 1218 23 21 &
1326 1219 31 21 de
1369 1219 111 23 Madame

1010 1246 132 26 Elisabeth,
1157 1253 12 15 a
1181 1248 167 27 accompagné
1366 1250 23 21 le
1410 1250 45 22 Roi
1467 1251 13 21 à

1011 1277 164 28 Compiègne,
1189 1278 32 21 où
1240 1277 24 22 S.
1278 1278 35 22 M.
1332 1281 37 20 est
1387 1280 94 23 arrivée

1009 1315 32 15 en
1053 1309 83 21 bonne
1148 1308 68 22 santé
1227 1315 6 20 ;
1254 1315 40 16 ces
1314 1310 65 22 deux
1395 1311 85 27 jeunes

1010 1339 142 22 Princesses
1171 1341 58 20 sont
1248 1339 92 22 restées
1352 1340 12 22 à
1377 1341 103 23 Versail-

1008 1371 45 21 les.
1067 1369 23 22 S.
1100 1369 34 22 M.
1142 1369 127 29 témoigna
1280 1376 30 15 au
1323 1370 53 23 Duc
1388 1373 30 20 de
1426 1373 55 22 Lau-

1007 1407 54 19 zun,
1075 1401 41 26 qui
1127 1402 40 19 est
1177 1406 66 16 venu
1255 1406 123 17 annoncer
1388 1402 92 23 l’entiè-

1007 1437 27 16 re
1045 1431 148 21 soumission
1203 1431 31 21 de
1242 1431 24 21 la
1275 1430 85 27 Corse,
1368 1434 111 22 combien

1008 1462 49 21 Elle
1077 1461 63 22 étoit
1159 1461 118 22 satisfaite
1290 1468 29 14 en
1339 1464 142 25 particulier

1007 1493 31 20 de
1050 1493 23 20 la
1084 1491 110 22 manière
1206 1492 62 22 dont
1279 1492 17 21 il
1309 1492 37 29 s’y
1363 1497 37 18 est
1416 1500 65 16 com-

1007 1521 80 29 porté,
1097 1528 31 15 en
1139 1523 25 20 le
1175 1524 127 20 nommant
1312 1525 53 20 tout
1377 1525 30 20 de
1418 1525 62 22 suite

1008 1552 133 23 Chevalier
1152 1553 30 20 de
1195 1552 35 22 St.
1244 1553 82 22 Louis.

1051 1602 81 18 Numéro
1141 1603 26 17 du
1175 1602 96 19 Vendredi
1280 1602 22 19 28
1310 1603 67 19 Juillet
1385 1605 50 18 1769.

1188 1636 27 18 De
1223 1636 71 18 Toulon
1303 1637 19 17 Je
1329 1637 24 18 18
1362 1638 74 18 Juillet.

1036 1672 41 22 Un
1089 1672 119 22 Courrier
1219 1672 84 22 arrivé
1315 1672 96 24 Samedi
1420 1675 59 22 delà

1008 1702 69 22 Cour
1087 1704 72 25 porta
1171 1703 74 21 ordre
1257 1703 14 22 à
1283 1703 34 22 M.
1331 1704 98 23 Ilurson
1441 1706 39 21 In-

1006 1734 103 20 tendant
1121 1734 31 20 de
1165 1734 24 20 la
1198 1733 96 22 Marine
1307 1734 30 21 de
1349 1734 60 23 faire
1428 1736 52 27 pré-

1006 1770 73 21 parer
1089 1764 43 21 des
1145 1763 126 22 Bâtimens
1285 1770 64 21 pour
1359 1768 121 26 transpor-

1006 1797 40 18 ter
1069 1800 29 15 en
1127 1793 91 22 France
1238 1800 28 16 22
1282 1795 133 23 Bataillons
1438 1798 41 21 des

1006 1824 112 27 Troupes
1139 1825 41 26 qui
1205 1827 60 19 sont
1284 1831 31 16 en
1338 1826 92 27 Corse;
1453 1834 26 15 ce

1008 1854 119 23 Courrier
1137 1855 71 27 après
1220 1856 72 21 avoir
1302 1857 75 21 remis
1394 1858 24 21 le
1429 1864 52 21 pre-

1007 1885 64 21 mier
1092 1888 92 24 paquet
1206 1885 154 29 s’embarqua
1383 1894 42 15 sur
1448 1895 31 15 un

1007 1916 90 21 Bâteau
1111 1916 31 21 de
1155 1915 74 22 Poste
1240 1922 64 21 pour
1320 1923 84 21 passer
1422 1919 57 22 dans

1008 1949 64 19 cette
1086 1946 58 26 Isle,
1158 1946 22 22 &
1191 1946 48 22 l’on
1252 1948 64 21 croit
1328 1954 47 21 que
1387 1950 36 21 les
1440 1949 40 22 dé-

1006 1977 91 27 pêches
1109 1977 59 26 qu'il
1180 1979 38 19 est
1231 1977 88 28 chargé
1340 1979 40 28 d’y
1398 1985 82 21 porter

1007 2013 32 15 en
1051 2007 131 27 regardent
1193 2008 23 20 le
1230 2007 167 24 Gouverneur
1408 2010 73 27 géné-

1007 2038 44 24 ral,
1064 2037 40 27 qui
1117 2037 54 21 doit
1181 2037 73 22 avoir
1266 2037 38 22 été
1325 2039 81 22 donné
1419 2040 12 21 à
1444 2041 34 21 M.

1007 2071 24 20 le
1043 2067 88 22 Comte
1143 2068 31 21 de
1187 2067 81 22 Vaux.
1282 2068 106 23 Comme
1406 2071 17 20 il
1440 2071 40 28 n’y

1007 2104 14 15 a
1032 2103 43 22 pas
1087 2097 35 22 ici
1143 2103 67 16 assez
1225 2098 30 21 de
1274 2098 126 23 Bâtimens
1420 2107 61 21 pour

1006 2129 24 21 le
1040 2130 126 25 transport
1177 2129 30 20 de
1219 2134 41 15 ces
1269 2135 27 15 22
1307 2129 132 24 Bâtaillons
1448 2138 30 15 on

1006 2165 13 14 a
1031 2158 96 28 envoyé
1148 2158 13 22 à
1182 2158 126 23 Marseille
1327 2166 62 21 pour
1398 2167 18 22 y
1427 2168 52 21 sup-

1006 2188 76 28 pléer.
1096 2188 35 22 M.
1145 2190 23 20 le
1181 2189 110 27 Marquis
1304 2190 30 21 de
1347 2191 109 23 Bouliers
1466 2200 12 14 a

1007 2218 55 29 déjà
1073 2219 98 23 repassé
1184 2219 30 21 de
1231 2219 77 22 Corse
1328 2227 30 15 en
1380 2221 98 29 France,

1006 2250 23 21 &
1040 2249 87 28 depuis
1141 2256 24 22 15
1176 2250 71 27 jours
1257 2250 18 22 il
1283 2251 83 22 arrive
1377 2259 101 22 presque

1006 2280 221 22 continuellement
1239 2281 43 21 des
1303 2281 115 23 Officiers
1437 2285 40 26 qui

1006 2313 62 19 vont
1084 2317 31 15 en
1136 2310 133 23 Semestre.
1291 2312 31 21 La
1344 2313 93 28 Barque
1448 2316 31 21 du

1006 2341 49 22 Roi
1068 2341 171 22 l’Hirondelle
1250 2342 22 22 &
1283 2343 24 21 le
1319 2342 126 25 Schebeck
1456 2347 22 20 le

1005 2371 75 26 Rusé,
1090 2372 42 27 qui
1145 2375 43 19 ont
1203 2373 50 27 pris
1266 2373 43 22 des
1321 2375 85 21 vivjes
1419 2382 60 21 pour

1006 2409 29 20 40
1042 2403 78 28 jours,
1134 2409 28 15 se
1173 2404 129 27 disposent
1314 2404 13 22 à
1339 2405 60 22 faire
1415 2407 63 22 voile

1007 2433 31 21 de
1048 2439 114 16 nouveau
1175 2440 63 21 pour
1249 2435 23 21 la
1282 2434 85 23 Corse.

1070 2483 83 18 Numéro
1162 2484 25 17 du
1196 2484 60 18 Mardi
1267 2485 30 18 1er
1305 2485 109 19 Août'1769.

1174 2518 26 17 De
1209 2517 62 19 Gênes
1279 2519 18 17 le
1306 2518 23 18 22
1336 2519 75 19 Juillet.

1033 2549 170 23 L’Assemblée
1215 2552 44 21 des
1271 2551 109 28 Députés
1389 2553 30 21 de
1427 2556 50 19 tou-

1005 2582 37 19 tes
1061 2582 35 19 les
1114 2580 90 22 Pièves
1224 2582 31 21 de
1272 2583 22 20 la
1308 2582 77 22 Corse
1397 2583 80 22 n’aura

1004 2610 51 21 lieu
1068 2616 47 21 que
1126 2612 24 20 le
1164 2618 8 15 1
1187 2612 92 22 d’Août
1295 2619 44 21 par
1355 2617 98 24 rapport
1463 2614 13 21 à

1505 142 48 16 une
1564 135 177 28 indisposition
1754 140 121 17 survenue
1887 134 13 22 à
1910 135 34 21 M.
1954 135 22 20 le

1506 166 88 23 Comte
1606 167 30 21 de
1649 166 80 21 Vaux.

1561 222 82 17 Numéro
1652 221 25 17 du
1687 220 93 18 Vendredi
1790 221 9 17 \
1810 220 50 18 Août
1870 221 51 17 17G9.

1664 255 24 17 l)e
1697 253 85 18 Londres
1791 254 17 16 le
1817 253 23 17 lü
1848 254 74 18 Juillet.

1535 286 34 22 M.
1583 287 108 26 Boswel,
1704 287 41 27 qui
1759 293 12 14 a
1783 286 84 27 publié
1882 287 30 22 ici
1929 294 48 15 une

1506 317 112 21 Histoire
1630 317 63 21 delà
1707 316 77 22 Corse
1793 322 61 16 avec
1861 323 47 16 une
1920 318 58 21 Car-

1506 350 23 19 te
1542 348 30 21 de
1590 350 64 19 cette
1675 348 57 24 Isle,
1750 348 22 21 &
1783 347 74 27 qu'on
1879 349 99 21 connoit

1507 383 62 22 pour
1578 384 33 15 un
1623 378 76 27 grand
1709 378 109 21 Partisan
1828 378 32 21 du
1872 378 106 23 Général

1508 408 67 21 Paoli
1588 408 22 21 &
1622 409 29 20 de
1671 411 56 18 tous
1747 414 39 15 ses
1807 408 138 27 Adhérons,’
1965 416 13 15 a

1507 444 56 21 reçu
1576 438 29 21 de
1617 438 33 21 lui
1664 444 46 15 une
1725 438 77 22 Lettre
1814 445 44 20 par
1876 440 102 26 laquelle

1507 475 28 14 ce
1546 469 76 27 grand
1637 467 137 23 Défenseur
1793 470 30 24 çle
1842 470 22 20 la
1883 470 95 21 Liberté

1507 499 31 21 de
1550 505 26 14 sa
1588 499 78 26 patrie
1687 505 110 16 annonce
1817 506 44 15 son
1883 506 95 22 voyage

1507 529 61 21 dans
1581 529 21 20 la
1615 529 240 28 Grande-Bretagne,
1867 531 22 21 &
1900 537 31 15 on
1942 533 37 19 est

1508 559 31 21 ici
1552 559 49 21 fort
1613 559 101 21 curieux
1727 560 29 20 de
1768 561 22 20 le
1802 561 65 20 voir.

1579 617 82 18 Numéro
1668 618 26 16 du
1703 617 60 18 Mardi
1771 618 11 17 8
1790 618 51 18 Août
1848 618 52 19 1769.

1518 650 57 18 Suite
1582 651 34 17 des
1624 650 103 19 Nouvelles
1735 652 24 17 de
1767 651 53 18 Paris
1828 652 26 17 du
1865 652 23 17 22
1895 652 74 18 Juillet.

1536 686 40 22 On
1595 693 14 14 a
1621 692 55 22 reçu
1700 686 65 22 l’état
1782 688 42 20 des
1847 691 132 19 cantonne-

1508 723 69 15 mens
1598 717 44 20 des
1663 716 111 28 Troupes
1795 718 31 21 du
1848 718 47 22 Roi
1919 719 60 21 dans

1508 746 66 22 l’Isle
1591 747 31 20 de
1639 746 88 26 Corse,
1749 753 59 16 avec
1819 749 24 20 le
1858 754 58 16 nom
1936 749 43 21 des

1509 776 189 22 Commissaires
1717 778 30 20 de
1766 777 94 22 Guerre
1878 778 102 28 chargés

1508 807 64 21 de-la
1580 806 83 22 Police
1672 807 44 20 des
1724 807 117 22 différons
1847 808 132 28 Régimens

1508 837 40 27 qui
1561 838 37 20 les
1611 840 152 23 composent.
1786 838 30 21 La
1838 838 91 29 Légion
1949 840 30 20 de

1508 867 104 22 Soubise
1625 866 12 21 à
1652 866 85 26 Calvi,
1746 868 22 20 la
1778 867 96 22 Marine
1884 869 13 21 à
1912 869 68 22 Olet-

1507 899 36 23 ta,
1556 897 144 22 Tournaisis
1714 896 14 22 à
1749 897 113 25 Omessa,
1875 905 57 16 sous
1943 900 35 21 M.

1509 927 34 22 M.
1556 927 135 22 Blanchard
1706 926 23 22 <&
1744 927 45 22 Pas
1802 928 30 21 de
1845 928 66 28 Loup
1926 930 52 25 fils;

1507 958 134 27 Rouergue
1652 957 22 21 <&
1687 957 88 22 Medoc
1787 958 59 21 dans
1863 960 22 20 la
1902 960 78 21 Bala-

1504 995 54 21 gna
1568 993 61 16 avec
1642 987 34 22 M.
1690 987 106 22 Greffier
1806 989 30 20 de
1848 990 22 20 la
1884 990 94 26 Grave;

1507 1019 149 27 Bourgogne
1676 1017 14 22 à
1713 1018 77 22 Calvi
1809 1025 61 16 avec
1893 1020 34 22 M.
1949 1022 30 20 de

1508 1049 170 21 Montcarville
1689 1055 5 19 ;
1723 1048 169 27 Soissonnois,
1919 1051 61 22 Ros-

1507 1084 115 17 common
1634 1078 23 22 &
1668 1079 119 28 Bulkeley
1798 1079 14 22 à
1832 1080 78 23 Corte
1918 1088 10 20 ;
1950 1082 28 21 La

1508 1110 84 21 Marck
1603 1109 14 21 à
1632 1109 108 26 Venaco,
1755 1110 30 20 La
1797 1110 183 23 Marche-Prin-

1507 1146 27 15 ce
1547 1140 13 21 à
1577 1140 105 21 Vivario
1695 1140 22 21 &
1728 1145 44 22 300
1791 1140 158 23 Volontaires
1966 1142 13 22 à

1510 1170 111 21 Chisone
1633 1175 59 16 sous
1705 1170 35 21 M.
1754 1170 71 22 Milin
1840 1172 30 20 de
1884 1172 96 22 Grand-

1509 1201 94 21 Maison
1616 1207 5 18 ;
1644 1200 158 27 Champagne
1820 1201 13 21 à
1855 1202 125 23 Cervione

1507 1231 22 21 &
1546 1231 147 26 Languedoc
1712 1230 14 21 à
1746 1230 20 21 T
1766 1230 86 22 alloue
1867 1238 59 16 sous
1943 1234 34 21 M.

1508 1261 98 22 Palleau
1617 1261 29 21 de
1655 1260 185 29 Ve)rmeranges
1851 1269 5 18 ;
1869 1264 111 26 Aquitai-

1507 1298 32 15 ne
1550 1291 13 21 à
1576 1291 95 26 Zuani,
1692 1291 139 27 Erbayolo,
1854 1293 91 29 Bo^gio
1957 1294 23 21 &

1507 1322 104 22 Albitro
1624 1327 58 16 sous
1702 1321 35 22 M.
1750 1323 30 20 de
1793 1323 47 21 Pas
1852 1324 30 21 de
1896 1324 67 28 Loup
1973 1332 5 19 ;

1507 1352 176 29 Royal-Italien
1696 1351 13 22 à
1721 1352 170 29 Merosaglia,
1904 1355 22 22 &
1935 1355 44 28 Ep-

1507 1383 86 27 tingen
1607 1383 12 20 â
1631 1383 23 21 la
1668 1383 112 21 Casinca
1793 1389 59 16 sous
1869 1384 34 22 M.
1916 1385 74 22 Dro-.

1506 1415 108 20 lenvaux
1624 1419 5 19 ;
1643 1414 22 20 la
1677 1413 92 28 Légion
1790 1414 30 21 de
1839 1415 117 22 Lorraine
1966 1416 13 21 à

1507 1444 94 28 Borgo,
1623 1443 22 22 &
1666 1443 116 27 Dauphin
1806 1444 14 22 à
1843 1446 22 20 la
1888 1446 91 22 Bastia

1507 1481 57 15 sous
1577 1474 33 21 M.
1626 1475 31 20 de
1668 1474 160 28 Longmesnil
1841 1483 5 18 ;
1859 1476 120 29 Bretagne

1506 1505 22 22 <&
1537 1504 235 29 Royal-Roussiilon
1782 1505 13 21 à
1804 1507 108 26 Ajaccio
1922 1514 58 16 sous

1507 1536 35 21 M.
1553 1535 82 27 Jadart
1644 1541 6 18 ;
1669 1535 126 22 Anhalt'à
1816 1536 130 24 Bastelica
1958 1538 23 22 &

1506 1566 156 27 Bogogna.no
1696 1572 56 15 sous
1776 1566 33 21 M.
1836 1567 76 22 Denis
1923 1576 6 15 ;
1958 1569 22 22 &

1508 1598 127 20 Provence
1656 1595 13 22 à
1687 1596 106 22 Sartene
1804 1596 24 22 &
1839 1597 140 30 Bonifacio

1506 1634 58 16 sous
1577 1627 34 21 M.
1626 1627 84 21 Iiulîin
1725 1628 29 21 de
1768 1627 166 29 Champroux.
1945 1631 33 21 M.

1506 1660 24 20 le
1541 1658 89 22 Comte
1642 1658 31 21 de
1688 1657 70 22 Vaux
1769 1665 13 14 a
1803 1659 83 22 donné
1906 1661 74 22 ordre

1506 1689 14 22 à
1530 1691 57 19 tous
1599 1688 35 21 M.
1647 1688 33 21 M.
1693 1689 37 21 les
1743 1689 189 23 Commissaires
1950 1692 30 21 de

1505 1719 100 22 vérifier
1627 1720 23 20 la
1670 1719 110 27 quantité
1804 1721 43 21 des
1870 1721 110 23 Maisons

1506 1750 58 28 qu’il
1576 1756 17 22 y
1603 1755 14 15 a
1629 1750 60 21 dans
1701 1750 93 27 chaque
1808 1751 96 28 Village
1916 1752 23 22 &
1950 1753 29 21 de

1506 1782 36 20 les
1552 1780 61 21 faire
1625 1779 143 23 numéroter
1779 1787 63 21 pour
1853 1788 29 15 en
1896 1783 85 22 savoir

1506 1812 22 20 le
1537 1810 103 22 nombre
1649 1810 22 21 &
1680 1816 30 15 en
1717 1811 80 22 même
1804 1814 64 19 tems
1875 1813 22 21 la
1907 1819 72 21 quan-

1505 1840 45 23 tité
1569 1841 43 20 des
1633 1840 122 22 Habitons
1775 1842 30 21 de
1824 1842 94 28 chaque
1938 1850 43 15 en-

1507 1871 74 22 droit.
1594 1870 36 22 Ce
1643 1870 106 23 Général
1762 1878 30 15 va
1813 1878 88 17 encore
1919 1874 61 22 faire

1507 1901 126 22 éxaminer
1653 1903 22 20 le
1696 1903 100 26 produit
1811 1903 32 22 du
1854 1905 92 21 terrein
1959 1905 21 22 &

1507 1933 58 21 voir
1576 1931 87 28 qu’elle
1681 1933 78 21 seroit
1777 1934 23 21 la
1821 1934 109 23 branche
1950 1936 30 21 de

1507 1962 146 22 Commerce
1666 1963 74 26 qu'on
1761 1965 114 26 pourroit
1894 1965 88 22 établir

1507 1993 205 27 respectivement
1733 1994 71 27 après
1824 2001 28 15 ce
1870 1996 109 26 produit.

1507 2023 39 21 On
1565 2025 97 25 compte
1680 2024 61 21 dans
1759 2024 65 21 l’Isle
1843 2032 25 21 57
1882 2025 97 27 Pièves,

1508 2059 27 16 10
1545 2053 181 26 Juridictions,
1737 2054 79 28 26.336
1825 2055 67 26 feux,
1899 2062 80 22 32.322

1506 2084 112 21 hommes
1628 2090 32 14 en
1672 2083 49 22 état
1741 2085 29 20 de
1787 2087 86 25 porter
1891 2088 35 20 les
1943 2093 36 16 ar-

1506 2120 61 20 mes,
1582 2114 21 21 &
1619 2114 93 27 130.6S0
1726 2115 74 21 âmes.

1572 2172 83 19 Numéro
1664 2174 24 16 Gu
1698 2173 60 18 Mardi
1768 2174 20 17 iü
1796 2175 52 17 Août
1856 2174 50 19 1769.

1705 2207 27 17 De
1741 2206 60 19 Gênes
1808 2208 20 17 le
1837 2208 11 17 ü
1856 2208 56 18 Août.

1533 2242 44 21 Les
1587 2242 92 22 Lettres
1693 2243 30 21 de
1736 2242 77 23 Corse
1825 2247 100 24 portent
1933 2251 46 21 que

1505 2273 23 20 le
1536 2282 4 4 •
1550 2272 86 22 Comte
1655 2273 29 21 de
1705 2273 74 22 Vaux
1798 2281 13 14 a
1830 2274 39 22 été
1883 2275 97 22 nommé

1506 2302 165 23 Gouverneur
1683 2303 21 22 &
1717 2303 181 24 Commandant
1907 2305 73 29 géné-

1505 2334 34 21 ra)
1552 2334 31 21 de
1594 2336 55 20 tout
1659 2335 24 20 le
1696 2334 126 29 Royaume
1832 2342 6 19 ;
1861 2336 69 27 qu'on
1948 2343 31 15 va

1505 2364 34 21 lui
1551 2365 137 21 construire
1701 2371 31 15 un
1746 2365 80 22 Balais
1839 2366 12 21 à
1864 2366 75 22 Corte
1948 2367 30 22 où

1506 2395 17 20 11
1534 2394 51 22 fera
1595 2401 28 15 sa
1634 2394 130 23 résidence
1776 2396 22 21 &
1810 2396 59 27 qu’il
1883 2399 96 26 compte

1505 2425 38 28 s’y
1554 2425 88 22 établir
1654 2432 60 15 avec
1728 2432 24 15 sa
1765 2426 101 23 Famille
1877 2428 22 21 &
1910 2433 18 23 y
1935 2427 44 22 fai-

1504 2461 27 16 re
1543 2456 30 21 de
1584 2457 106 27 grandes
1701 2457 172 27 acquisitions.

1571 2515 81 18 Numéro
1660 2516 25 17 du
1695 2515 60 18 Mardi
1765 2516 20 17 lü
1793 2516 52 18 Août
1852 2516 53 19 1769.

1692 2549 26 17 De
1727 2549 73 18 Toulon
1808 2550 18 17 le
1835 2549 12 18 3
1854 2550 56 18 Août.

1533 2584 44 21 Les
1601 2584 137 28 Régimens
1761 2586 30 20 de
1814 2586 116 27 Dauphin
1955 2587 22 21 &

1503 2614 143 28 d'Eptingen
1668 2615 84 22 Suisse
1773 2616 139 22 arrivèrent
1924 2617 54 22 hier

2005 131 31 21 ici
2059 133 91 19 venant
2168 132 30 21 de
2219 132 86 25 Corse,
2327 132 23 21 &
2361 132 120 27 partirent

2003 163 55 20 tout
2069 162 29 21 de
2110 162 65 21 suite
2188 169 61 20 pour
2259 163 36 21 les
2308 162 133 27 Quartiers
2451 163 29 21 de

2004 192 227 22 rafraichissemens
2244 193 70 27 qu’on
2329 194 55 21 leur
2395 200 13 15 a
2426 194 55 21 des-

2004 221 74 22 tinés.
2092 223 72 21 Deux
2174 223 133 22 Bataillons
2320 224 30 21 de
2363 224 117 27 Dauphin

2004 255 55 19 sont
2070 252 59 22 allés
2141 252 13 21 à
2167 253 23 21 la
2202 253 73 22 Seine
2287 254 21 21 &
2325 254 66 22 deux
2403 254 12 21 à
2430 254 49 22 Ou-

2004 283 111 24 lioulles;
2140 283 36 21 les
2199 284 65 21 deux
2287 283 146 29 d’Eptingen
2453 292 26 14 se

2005 315 57 19 sont
2073 313 90 22 rendus
2175 313 13 22 à
2199 315 21 21 la
2234 315 118 26 Vallette,
2363 316 30 21 ils
2404 322 17 22 y
2431 322 49 15 res-

2005 346 81 19 teront
2094 345 74 27 jusqu
2177 352 14 14 a
2202 346 22 20 la
2238 352 74 15 revue
2324 347 31 21 de
2367 346 115 28 l’inspec-

2004 376 62 23 teur,
2079 375 71 27 après
2161 376 106 27 laquelle
2286 377 115 28 Dauphin
2420 379 34 21 ira
2467 377 12 22 à

2003 404 157 29 Strasbourg,
2173 412 63 21 pour
2244 407 30 21 où
2285 408 17 21 il
2312 407 63 23 étoit
2384 408 96 22 destiné

2005 437 74 19 avant
2090 441 48 21 que
2151 436 29 21 de
2192 443 86 20 passer
2297 444 37 15 en.
2350 439 78 22 Corse
2440 446 5 18 ;
2458 439 23 22 &

2006 465 119 28 Eptingen
2135 467 105 26 prendra
2249 468 22 21 la
2281 471 70 19 route
2365 470 30 21 de
2408 470 74 22 Sche-

2005 496 88 21 lestadt
2104 496 32 21 où
2150 497 17 20 il
2178 497 52 22 doit
2241 499 60 21 aller
2312 506 29 14 en
2353 501 126 27 garnison.

2005 528 45 21 Les
2060 531 82 19 autres
2155 529 135 29 Régimens
2302 533 74 26 qu’on
2396 534 84 21 attend

2005 564 88 16 encore
2104 559 31 21 de
2149 559 77 23 Corse
2239 565 83 19 seront
2342 563 138 28 également

2005 589 133 22 cantonnés
2148 596 29 15 en
2188 591 108 23 arrivant
2305 593 41 26 ici,
2360 601 63 20 pour
2428 596 53 26 jus-

2006 619 112 28 qu'après
2129 622 23 20 la
2165 627 77 17 revue
2259 624 30 21 de
2309 624 171 29 l’Inspecteur.

2006 649 35 22 M.
2054 651 30 20 de
2096 650 107 23 Bourcet
2213 653 270 26 Lieutenant-Général

2006 680 22 21 &
2041 680 64 21 Chef
2115 682 31 21 du
2161 682 79 23 Génie
2253 684 83 23 s’étoit
2348 687 133 28 embarqué

2005 710 13 21 à
2030 711 62 21 bord
2103 712 32 21 du
2148 712 127 24 Schebeck
2287 716 23 21 le
2323 716 141 24 Séduisant
2471 725 11 20 ;

2007 741 17 20 il
2044 740 121 29 débarqua
2184 744 17 21 il
2219 750 18 22 y
2255 751 13 15 a
2285 746 55 22 huit
2350 748 70 27 jours
2432 755 50 15 aux

2007 771 61 21 Isles
2079 771 114 24 d’IIières
2202 781 5 19 ;
2221 775 22 21 &
2255 776 71 25 après
2338 779 72 21 avoir
2427 786 56 21 pas-

2006 800 27 22 sé
2045 802 31 21 ici
2090 808 30 15 un
2132 803 65 27 jour,
2211 805 17 21 il
2241 808 38 19 est
2291 809 62 25 parti
2367 815 29 15 en
2410 813 71 23 poste

2006 837 63 21 pour
2079 833 22 20 la
2115 832 77 23 Cour.
2207 841 40 16 120
2260 837 120 23 Hommes
2392 840 30 21 de
2436 840 46 22 Ca-

2007 862 90 21 valerie
2109 864 44 21 des
2166 864 105 29 Légions
2283 868 30 21 de
2329 868 118 23 Lorraine
2459 871 23 21 &

2006 892 31 20 de
2049 891 103 23 Soubise
2165 894 181 30 débarquèrent
2358 899 13 22 à
2388 906 41 15 ces
2447 901 34 21 Is-

2006 922 36 21 les
2062 928 61 16 avec
2142 925 44 25 lui,
2208 926 23 21 &
2250 933 31 16 0n
2302 930 38 20 les
2359 936 14 15 a
2390 931 48 22 mis
2450 938 32 15 en

2007 951 116 26 Quartier
2134 953 13 22 à
2161 954 110 25 Souliers
2283 958 21 22 &
2316 959 13 21 à
2344 959 86 24 Cuers.
2445 961 34 22 M.

2007 981 114 24 Chardon
2135 984 128 25 Intendant
2272 988 100 28 général
2381 992 30 21 de
2419 992 62 22 l’Ar-

2006 1011 55 22 mée
2072 1013 29 21 de
2111 1014 78 23 Corse
2198 1017 21 21 &
2229 1017 253 27 Premier-Président

2007 1042 30 21 du
2062 1043 102 24 Conseil
2184 1046 118 29 Suprême
2323 1054 38 19 est
2381 1054 100 20 attendu

2006 1072 56 22 d’un
2075 1078 108 20 moment
2194 1076 13 22 à
2218 1078 86 23 l’autre
2316 1081 94 23 devant
2421 1084 61 21 aller

2006 1102 13 21 à
2032 1103 67 22 Paris
2108 1113 7 18 ;
2129 1112 32 15 on
2172 1113 14 15 a
2197 1109 87 22 amené
2293 1113 118 26 quelques
2421 1113 60 22 Cor-

2006 1138 39 16 ses
2058 1136 147 23 condamnés
2216 1145 49 16 aux
2278 1140 112 24 Galères.

2058 1195 80 19 Numéro
2147 1198 25 16 du
2181 1198 95 20 Vendredi
2285 1201 22 18 18
2315 1203 52 17 Août
2375 1203 52 19 1769.

2190 1232 26 17 De
2223 1232 43 19 Man
2269 1234 42 19 loue
2319 1236 20 17 le
2347 1236 12 17 3
2367 1237 56 18 Août.

2033 1266 67 22 Nous
2112 1274 78 17 avons
2202 1277 29 15 eu
2244 1272 32 21 ici
2289 1275 109 25 pendant
2414 1279 67 21 quel-

2006 1301 61 21 ques
2076 1298 70 27 jours
2159 1300 23 21 le
2194 1301 100 24 fâmeux
2307 1304 84 23 Pascal
2413 1307 68 23 Paoli

2007 1326 104 24 Général
2123 1329 44 23 des
2180 1331 90 24 Corses
2282 1334 22 21 &
2315 1336 23 20 le
2352 1336 130 28 Capitaine

2007 1357 92 23 Centili
2109 1366 6 18 ;
2129 1360 32 22 ils
2172 1361 94 24 étoient
2277 1365 70 28 logés
2360 1373 48 16 aux
2419 1370 62 21 trois

2007 1387 154 29 Couronnes,
2173 1393 37 21 les
2221 1393 111 24 Maisons
2348 1397 92 24 d’Arco
2459 1400 23 21 &

2006 1418 30 21 de
2045 1418 115 29 Canossa,
2168 1423 53 22 leur
2229 1426 178 29 avoientprêté
2415 1430 67 21 leurs

2006 1447 141 31 équipages,
2169 1453 21 21 &
2210 1460 30 15 en
2264 1460 99 23 partant
2384 1459 31 22 ils
2439 1463 43 19 ont

2006 1480 51 25 pris
2068 1481 22 21 la
2102 1485 72 19 route
2186 1484 30 21 de
2229 1485 103 24 Venise.

2058 1542 81 19 Numéro
2148 1545 26 17 du
2183 1545 94 20 Vendredi
2286 1548 21 18 18
2315 1550 51 18 Août
2375 1551 53 18 1769.

2179 1579 26 18 De
2213 1580 95 20 Livourne
2317 1584 19 17 Je
2345 1584 10 17 7
2364 1585 58 18 Août.

2034 1614 94 28 Depuis
2142 1619 123 26 plusieurs
2285 1623 92 22 années
2394 1625 22 21 la
2435 1626 47 21 Na-

2006 1645 53 22 tion
2071 1646 129 29 Françoise
2211 1657 32 14 ne
2255 1651 72 24 fêtoit
2335 1655 73 26 point
2416 1656 31 21 ici
2458 1658 23 20 le

2003 1675 57 27 jour
2071 1677 30 21 de
2113 1679 23 20 la
2149 1678 33 22 St.
2196 1680 73 23 Louis
2282 1682 12 22 à
2303 1689 75 17 cause
2390 1686 32 21 du
2434 1694 48 20 peu

2007 1706 30 21 de
2050 1713 39 16 ses
2101 1708 125 25 Bâtimens
2239 1714 41 25 qui
2299 1714 184 29 fréquentoient

2006 1739 71 20 notre
2089 1738 58 23 Port
2156 1747 6 15 ;
2175 1742 62 22 mais
2249 1750 26 14 sa
2288 1744 98 24 Marine
2406 1751 76 25 ayant

2006 1769 154 23 maintenant
2166 1772 125 30 beaucoup
2298 1778 131 26 augmenté
2438 1785 45 21 par

2006 1803 100 23 rapport
2126 1807 48 16 aux
2193 1802 125 25 Bâtimens
2338 1807 101 28 Corses,
2456 1811 25 20 le

2007 1831 92 23 Consul
2111 1834 30 21 de
2154 1834 90 24 France
2255 1844 13 15 a
2281 1840 51 25 pris
2348 1842 23 20 la
2389 1842 92 23 résolu-

2006 1862 52 22 tion
2070 1863 29 21 de
2111 1864 101 24 rétablir
2229 1867 105 25 l’ancien
2353 1877 77 23 usage
2440 1881 6 19 ;
2459 1874 23 22 &

2007 1893 16 20 il
2034 1899 19 22 y
2063 1900 12 15 a
2089 1900 27 16 eu
2130 1901 63 22 pour
2204 1900 52 20 cela
2269 1901 58 22 chez
2339 1903 34 21 lui
2387 1910 48 15 une
2445 1911 38 15 as-

2006 1924 106 23 semblée
2124 1926 43 22 des
2179 1928 141 25 Nationaux
2332 1932 23 22 &
2366 1934 44 21 des
2422 1935 61 22 Cor-

2007 1960 39 15 ses
2058 1956 40 26 qui
2111 1963 27 15 se
2150 1962 57 18 sont
2226 1960 109 24 déclarés
2356 1965 78 27 sujets
2451 1967 32 21 de

2006 1987 22 20 la
2050 1985 99 24 France.
2171 1989 94 24 L’Abbé
2285 1992 81 27 Zerbi,
2388 1996 23 21 &
2431 1998 53 26 plu-

2007 2015 79 22 sieurs
2097 2020 81 20 autres
2191 2020 202 31 Ecclésiastiques
2405 2033 18 22 y
2440 2031 44 18 ont

2006 2047 97 26 assisté,
2116 2048 22 21 &
2150 2050 18 21 il
2179 2056 13 15 a
2207 2051 38 22 été
2263 2053 67 29 réglé
2339 2047 84 32 "qu’on
2443 2065 40 15 so-

2006 2077 131 23 lemnisera
2149 2083 64 20 cette
2225 2081 57 24 Fête
2290 2091 62 16 avec
2361 2089 54 20 tout
2422 2089 61 28 Tap-

2007 2108 77 26 pareil
2097 2109 59 27 qu'il
2168 2117 53 16 sera
2234 2115 120 25 possible.

2036 2141 48 21 Des
2097 2142 115 25 Matelots
2223 2147 30 21 de
2264 2148 66 23 l’Isle
2340 2151 31 21 de
2379 2151 104 29 Capraia

2006 2173 41 25 qui
2060 2178 25 16 se
2099 2176 118 22 trouvent
2232 2177 30 22 ici
2279 2182 43 19 ont
2336 2187 111 18 reconnu
2459 2186 24 20 la

2007 2202 114 23 Gondole
2138 2205 125 27 qu’amena
2284 2216 40 16 ces
2336 2212 71 27 jours
2428 2215 55 21 der-

2006 2239 67 16 niers
2087 2240 31 15 un
2132 2235 120 25 Vaisseau
2266 2241 116 28 Anglois,
2403 2245 41 23 qui
2459 2247 23 20 la

2005 2268 129 19 rencontra
2149 2272 56 17 vers
2219 2270 23 20 la
2257 2269 103 25 Meioria
2370 2280 6 19 ;
2392 2275 31 21 ils
2439 2279 44 19 ont

2006 2295 35 21 dit
2050 2300 45 22 que
2103 2297 24 20 le
2135 2296 84 24 Patron
2230 2303 111 21 revenait
2350 2304 30 21 de
2389 2305 91 28 Gênes,

2006 2327 31 22 où
2056 2329 17 20 il
2087 2330 69 21 avoit
2176 2333 67 26 porté
2262 2335 43 21 des
2321 2337 113 23 denrées.
2458 2340 23 21 &

2006 2358 109 27 qu’outre
2139 2362 26 21 le
2191 2363 112 24 Pavillon
2331 2367 107 30 françois
2465 2371 18 22 il

2005 2390 62 21 etoit
2085 2392 69 21 muni
2170 2393 55 22 d’un
2239 2401 129 23 passeport
2388 2400 30 21 de
2431 2401 52 21 l’A-

2006 2420 111 23 mirauté.

2163 2478 11 26 (
2177 2477 146 32 Cuutinua)

2005 2579 98 24 Aiaceiu
2113 2594 28 4 —
2154 2583 135 30 Slamparia
2302 2587 25 22 di
2341 2590 24 21 A
2376 2590 105 29 Muvra,

2005 2625 14 14 u
2031 2618 29 23 Di
2063 2627 25 15 i*e
2091 2623 33 20 llo
2127 2622 113 24 re-Geren
2244 2627 22 20 le
2269 2633 7 14 :
2285 2625 72 24 Fetru
2368 2628 112 25 ROCCA.

14 2720 101 24 Fugliltimi
124 2723 19 17 di
150 2721 104 19 AAlavra
257 2731 20 3 —
281 2721 55 18 fl.127
343 2730 14 3 -
366 2721 19 17 di
391 2725 11 12 u
410 2719 73 19 1Ü-6-29

39 2786 241 53 mmMAE
315 2784 143 49 rmu

216 2863 27 19 OS
244 2863 37 18 SIA

61 2904 36 35 La
114 2906 77 38 Roth
208 2908 29 36 di
252 2907 176 36 Ponknmvô

19 2964 270 29 RACONTOCORSO
295 2965 187 26 DELSECOLO

204 3009 84 22 XVIII

237 3052 23 17 DI

107 3089 33 24 F.
154 3090 37 24 B.
209 3088 174 27 Querr&zzi

41 3156 49 23 Voi
97 3158 102 23 fremete
205 3159 56 22 tutti
267 3159 61 21 d’ira
338 3164 13 15 e
357 3158 24 21 di
388 3156 84 22 rabbia
477 3155 6 20 1

16 3191 34 20 sta
59 3191 71 27 bene,
144 3193 32 21 ed
185 3193 25 21 io
223 3198 58 21 pure
290 3198 27 15 se
326 3197 49 16 non
385 3190 35 21 mi
427 3190 59 21 trat-

15 3225 85 21 teneva
110 3226 24 21 la
145 3231 129 16 reverenza
295 3223 125 22 dell’abito
440 3222 46 21 che

15 3260 78 23 porto,
105 3258 68 21 avrei
188 3258 24 21 di
225 3263 31 15 un
267 3258 98 20 coltello
373 3257 113 25 spaccato

17 3288 14 22 il
42 3296 73 16 cuore
124 3290 123 27 all’émpio
258 3289 175 21 calunniatore.
441 3287 45 21 Pe-

16 3323 24 22 rò
48 3324 25 21 in
83 3323 88 22 siffatte
177 3320 309 24 aventurel’iranonrime-

17 3355 34 23 dia
60 3358 73 25 nulla,
145 3363 31 15 ne
188 3357 23 21 le
220 3356 130 28 pugnalate
359 3354 21 22 si
388 3354 98 21 ricevo-

16 3393 28 17 no
56 3396 45 21 per
111 3395 80 22 prova
201 3396 6 15 :
226 3389 42 22 voi
282 3388 60 29 però
354 3390 69 19 tanto
435 3386 50 22 Dio

16 3426 56 22 ama,
83 3422 44 22 che
137 3423 25 20 vi
172 3423 31 20 ha
215 3424 147 20 conservato
373 3426 48 16 uno
430 3426 56 21 spe-

17 3453 78 24 diente
107 3456 23 20 di
141 3455 94 21 ridurre
248 3455 24 21 in
286 3460 88 16 cenere
383 3459 46 16 con
437 3457 49 17 una

16 3490 108 22 parola...
136 3493 47 16 una
192 3489 84 26 parola
285 3488 53 21 sola
344 3488 99 21 cotanto
449 3487 37 20 vi-

16 3520 102 27 tuperio.
130 3533 27 5 —
167 3520 50 26 Qui
235 3522 77 19 trasse
333 3520 69 21 fuora
421 3520 64 20 dalla

16 3555 91 22 nianica
119 3561 33 16 un
164 3554 81 22 rotolo
257 3553 26 21 di
297 3555 62 19 carta
372 3553 18 21 il
404 3553 78 24 quale,

17 3584 60 29 dopo
98 3589 83 20 averlo
202 3586 121 28 spiegato,
343 3591 46 15 con
407 3586 77 21 molta

16 3620 118 23 solennité
145 3622 65 21 lesse
220 3626 7 15 :
235 3626 14 15 «
261 3619 17 21 il
288 3620 87 19 nostro
381 3620 102 19 attacca-

510 2722 90 24 mento,
614 2726 13 15 e
639 2720 17 21 il
665 2722 86 20 nostro
769 2720 104 27 rispetto
892 2721 40 27 pel
943 2720 37 22 Re

510 2754 25 21 di
548 2753 102 22 Francia
662 2759 63 16 sono
733 2759 97 21 sempre
837 2754 43 27 più
889 2754 70 21 umili
968 2759 13 16 e

510 2787 157 26 inalterabili,
681 2793 13 15 e
703 2793 13 15 a
723 2787 34 21 lui
766 2786 123 23 al'fidando
897 2788 85 21 lenos-

509 2823 37 19 tre
559 2827 114 21 speranze
686 2826 48 16 non
748 2826 101 16 avremo
858 2820 43 28 più
908 2821 73 27 luogo

510 2860 13 15 a
544 2854 111 22 dubitare
677 2854 23 21 in
727 2860 116 21 appress.o
859 2854 64 21 délia
939 2859 42 16 sua

510 2888 172 27 compassione
692 2894 5 19 ;
710 2893 40 16 ma
762 2893 25 15 se
807 2893 45 21 per
863 2887 119 28 disgrazia

510 2923 66 19 tanta
587 2921 89 21 fiducia
688 2921 21 21 ci
723 2921 100 21 venisse
836 2926 12 15 a
860 2926 120 20 mancare,

511 2959 50 17 non
572 2954 21 21 ci
606 2954 93 21 rimane
711 2955 64 20 altro
796 2953 45 22 che
858 2954 124 21 abbando-

511 2987 66 22 narci
598 2987 65 21 nelle
682 2987 95 21 braccia
801 2987 40 20 del
853 2986 48 22 Dio
917 2987 63 27 degli

511 3021 108 25 eserciti,
633 3026 13 15 e
655 3021 40 20 noi
708 3020 22 21 ci
741 3025 138 16 armeremo
898 3020 25 21 di
935 3025 47 16 una

512 3054 121 27 disperata
640 3053 145 22 risoluzione
792 3053 22 21 di
823 3053 160 27 morirepiut-

511 3089 66 20 tosto
590 3087 193 28 gloriosamente
796 3087 23 20 in
832 3091 96 22 guerra,
938 3085 45 22 che

512 3121 250 27 ignomimosamente
768 3119 66 22 servi
839 3125 34 19 re,
879 3119 30 21 ed
918 3125 66 15 esse-

513 3160 26 15 re
550 3153 127 28 spettalori
690 3153 106 21 deimali
809 3152 174 22 innumerabili

514 3187 43 21 che
569 3187 19 21 si
601 3186 230 22 tramancierebbero
846 3186 45 21 alla
901 3187 83 20 nostra

514 3219 116 30 postérité
642 3226 5 15 :
659 3221 88 20 laonde
760 3221 175 21 termineremo
946 3220 38 22 col

513 3254 149 21 sentimento
678 3253 39 21 dei
731 3253 124 22 Maccabei
863 3260 5 15 :
892 3252 93 23 melius

513 3288 37 19 est
558 3286 69 21 mori
638 3286 27 20 in
674 3285 67 22 bello
754 3291 76 22 quenn
839 3286 73 21 vider
912 3292 12 14 e
932 3292 53 15 ma-

513 3318 28 21 la
557 3318 86 28 gentis
659 3319 113 20 nostrae.
782 3325 14 13 >
816 3317 61 22 Così
888 3318 8 21 i
914 3318 70 27 padri

513 3353 78 22 vostri
612 3351 161 23 décretarono
792 3352 41 21 nel
853 3357 53 21 17^3
917 3358 6 18 ;
942 3356 42 16 ora

513 3387 121 26 chiunque
645 3387 92 19 accetta
754 3387 84 25 questa
856 3384 92 21 eredità
964 3385 19 20 si

512 3419 126 23 manifesta
649 3417 114 28 figiiuolo
774 3418 124 27 legittimo
922 3423 13 15 e
956 3417 29 21 ad

513 3459 33 16 un
557 3454 74 26 punto
644 3451 108 27 pietoso;
766 3451 38 22 clii
819 3452 22 20 la
853 3451 80 21 ricusa
949 3450 36 21 di-

512 3487 81 21 chiéra
607 3485 44 21 che
674 3484 100 21 intende
792 3489 82 16 essere
899 3486 85 19 tenuto

513 3526 13 15 e
538 3519 119 22 chiamato
670 3517 123 22 bastardo.

540 3552 24 21 E’
573 3552 25 21 fu
608 3557 69 16 corne
689 3553 104 19 mettere
801 3550 75 22 fuoco
885 3551 45 20 alla
937 3550 47 21 mi-

511 3591 41 20 na;
564 3585 63 21 dallo
640 3584 102 27 scoppio
752 3584 65 26 degli
828 3583 46 22 urli
884 3583 24 21 fu
918 3583 65 21 visto

509 3617 168 22 tentennareil
687 3615 81 23 Ctisto
778 3616 132 22 dell’altare
919 3621 65 22 mag-

1006 2721 80 27 giore,
1099 2727 70 16 corne
1180 2728 26 15 sc
1222 2724 98 21 volesse
1336 2724 141 29 schiodarsi,

1007 2755 118 21 scendere
1135 2755 42 28 giù
1189 2756 62 21 dalla
1264 2762 69 17 croce
1346 2764 13 15 e
1371 2759 107 21 mettersi

1007 2793 14 15 a
1036 2790 67 25 parte
1123 2789 63 20 délia
1202 2784 159 28 difesa'délia
1379 2791 98 25 liberté;

1007 2821 35 27 gli
1054 2821 124 22 stendardi
1196 2823 87 27 appesi
1295 2825 23 20 al
1339 2824 140 23 cornicione

1007 2860 101 21 presero
1126 2856 31 20 ad
1167 2855 103 28 agitarsi
1287 2858 192 21 violentemente

1008 2888 69 26 quasi
1088 2887 147 28 drappellati
1248 2889 30 21 da
1286 2891 67 21 mani
1365 2890 115 22 invisibi-

1008 2921 17 20 li
1035 2926 6 15 :
1053 2921 24 20 le
1089 2921 130 28 immagini
1233 2922 39 21 dei
1285 2924 71 25 santi,
1369 2924 23 20 le
1403 2924 75 27 lapi.di

1009 2954 65 21 delle
1085 2955 125 27 sepolture
1223 2955 20 21 si
1265 2956 175 22 circondarono
1455 2957 23 21 di

1009 2992 33 15 un
1054 2987 93 22 nuvolo
1160 2987 24 21 di
1194 2988 102 27 polvcre
1307 2996 6 19 ;
1323 2990 6 21 i
1340 2990 139 26 campanelli

1009 3020 64 21 délia
1088 3020 84 21 chiesa
1192 3022 79 21 scossi
1291 3022 108 22 dall’aria
1417 3025 62 20 rotta

1009 3058 121 17 sonarono
1141 3059 5 20 ;
1169 3053 94 28 l’acqua
1283 3058 70 19 santa
1364 3055 21 21 si
1397 3055 83 28 spinse

1009 3086 172 27 impetuosa.di
1200 3090 87 19 contro
1307 3089 34 27 gli
1353 3088 45 21 orli
1418 3089 61 21 delle

1009 3120 86 27 pilette
1116 3125 13 15 e
1150 3120 19 21 li
1188 3120 90 27 superò
1288 3127 6 20 ;
1314 3123 23 20 le
1352 3120 128 23 fiammelle

1010 3153 65 21 delle
1085 3153 112 27 lampade
1208 3159 85 16 accese
1306 3154 97 21 davanti
1417 3154 16 21 il
1444 3161 36 15 sa-

1010 3188 126 20 cramento
1142 3187 118 21 ventilate
1268 3187 169 22 sfavilîarono:
1444 3188 37 21 in-

1010 3225 93 16 somma
1116 3225 57 16 cose
1181 3220 127 21 animatee
1320 3219 160 23 inanimateal

1010 3258 70 16 sacro
1092 3253 72 26 grido
1175 3253 25 21 di
1215 3253 90 22 liberté
1315 3253 163 28 palpitavano.

1039 3285 30 20 La
1081 3285 42 26 più
1135 3287 68 24 parte
1215 3286 40 21 dei
1264 3286 153 27 procuratori
1427 3292 52 20 pro-

1010 3323 78 21 ruppe
1100 3317 65 21 fuori
1178 3318 62 21 dalla
1254 3319 90 23 chiesa,
1367 3319 112 21 esultanti

1011 3355 70 16 corne
1090 3351 36 26 gli
1136 3352 107 25 apostoli
1258 3352 116 21 uscirono
1387 3352 39 21 dal
1437 3352 44 21 Pa-

1010 3384 101 25 raclefo,
1121 3389 13 15 e
1147 3389 70 16 corne
1226 3385 34 27 gli
1267 3384 104 28 apostoli
1381 3385 19 20 si
1410 3385 70 21 diffu-

1011 3422 56 16 sero
1084 3416 34 22 fra
1137 3417 23 21 la
1181 3417 159 22 moltitudine
1356 3423 12 15 a
1380 3418 99 21 bandire

1011 3449 161 28 Pevangelio;
1186 3449 180 29 imperciocchè
1379 3451 21 20 ai
1412 3456 67 17 mon-

1009 3483 78 21 tanari
1100 3483 65 21 côrsi
1174 3483 137 22 l’annunzio
1324 3482 62 22 délia
1393 3489 85 22 guerra

1010 3521 102 16 sonasse
1123 3517 102 26 proprio
1238 3516 63 22 lieta
1312 3516 103 21 novella
1421 3523 11 20 ;
1444 3519 34 19 ta-

1009 3549 61 22 luno
1082 3548 59 28 però
1153 3551 104 20 staccate
1268 3550 23 21 le
1310 3549 116 22 bandiere
1441 3550 38 21 dal

1010 3582 143 21 cornicione
1167 3582 63 21 délia
1248 3583 81 21 chiesa
1347 3582 19 21 si
1386 3583 51 21 fece
1454 3583 24 20 in

1010 3614 72 22 fretta
1095 3621 13 15 a
1126 3615 163 27 drappellarle
1300 3621 26 14 su
1341 3615 23 20 in
1387 3616 60 21 cima
1457 3616 22 21 al

1506 2728 62 19 tetto
1579 2732 5 19 ;
1596 2727 56 20 altri
1662 2726 20 21 si
1695 2726 93 23 attaccô
1798 2728 48 21 aile
1854 2727 52 22 funi
1919 2729 63 22 delle

1506 2765 118 22 campane
1631 2759 101 22 tirando
1741 2759 43 28 giù
1793 2761 46 21 alla
1849 2761 131 28 disperata,

1506 2793 50 20 anzi
1569 2792 25 21 vi
1609 2792 22 21 fu
1644 2793 47 20 taie
1703 2792 46 22 che
1759 2795 74 20 tratto
1844 2794 64 22 fuori
1919 2795 62 22 dalla

1505 2826 99 26 passion
1609 2831 13 15 e
1629 2825 186 22 dimenticandc
1822 2828 83 21 mollai
1911 2829 23 20 le
1941 2834 41 15 an-

1506 2857 31 23 dò
1546 2864 13 15 a
1570 2858 56 21 dare
1634 2858 26 21 di
1668 2859 98 26 picchio
1773 2860 103 27 colcapo
1883 2861 21 20 al
1911 2862 70 26 palco

1506 2891 97 27 quando
1617 2893 20 20 la
1651 2897 118 22 campana
1781 2893 71 21 volse
1861 2894 121 27 impetuo-

1506 2926 110 20 samente
1640 2925 23 21 la
1688 2925 73 21 bocca
1777 2925 97 23 all’insù
1883 2935 7 18 ;
1902 2928 79 21 venti-

1506 2957 57 22 mila
1576 2958 84 21 labbra
1671 2963 103 22 presero
1785 2965 13 15 a
1808 2965 88 16 cavare
1909 2962 72 21 suoni

1507 2991 39 21 dai
1556 2990 112 22 colombi
1678 2991 31 21 da
1719 2992 107 21 cacciare
1836 2993 7 20 i
1851 2995 74 20 morti
1932 2995 49 21 dal-

1506 3025 23 20 le
1536 3025 125 26 sepolture
1670 3031 13 14 a
1689 3025 64 22 dieci
1761 3026 86 27 miglia
1855 3027 125 28 dintorno,

1507 3063 12 15 e
1530 3057 128 21 ventimila
1666 3057 50 22 dita
1727 3059 20 20 al
1759 3061 76 24 punto
1846 3062 135 21 stessotoc-

1507 3092 54 19 cato
1568 3090 16 21 il
1591 3091 110 27 grilletto
1710 3097 135 21 spararono
1853 3094 127 22 ventimila

1506 3125 37 19 Ira
1555 3123 113 28 schioppi
1682 3130 14 15 e
1707 3125 91 26 pistole
1809 3131 13 16 a
1831 3127 150 22 mardodis-

1507 3158 69 25 petto
1587 3157 40 20 del
1646 3157 75 26 padre
1740 3157 134 23 Casacconi
1889 3159 44 22 che
1945 3166 36 16 ar-

1507 3190 132 27 rangolava
1648 3195 5 15 :
1662 3189 197 29 —Risparmiate
1865 3193 23 20 la
1897 3194 84 26 polve-

1507 3228 80 21 re,per
1592 3222 49 22 Dio
1648 3226 79 23 santo,
1737 3224 154 27 risparmiate
1897 3226 23 21 la
1928 3227 53 26 pol-

1507 3261 59 15 vere
1577 3261 6 19 ;
1609 3261 38 15 ma
1667 3261 50 16 non
1738 3257 25 21 lo
1777 3258 138 25 sentivano,
1934 3265 13 15 e
1967 3266 13 14 a

1506 3288 145 27 giudicarne
1658 3288 38 21 dai
1705 3289 65 26 gesti
1776 3289 125 22 furibondi
1909 3292 24 20 io
1944 3292 37 26 pi-

1505 3320 117 27 ‘gliavano
1635 3326 44 21 per
1690 3321 119 22 lunatico.
1830 3322 55 23 Non
1898 3329 41 16 era
1950 3325 30 21 da

1507 3353 106 22 credersi
1626 3353 44 22 che
1683 3354 17 21 il
1710 3356 103 21 castello
1826 3356 25 21 di
1862 3355 75 24 Corte
1944 3357 36 22 fra

1505 3388 69 25 tanto
1590 3386 109 22 fracasso
1723 3388 130 27 eleggesse
1871 3392 109 20 starsene

1505 3419 57 22 zitto
1573 3425 5 20 ;
1586 3419 86 22 invero
1680 3425 93 22 appena
1783 3421 64 22 mirò
1855 3424 125 21 sventola-

1506 3458 26 15 re
1542 3453 23 20 le
1578 3453 115 20 bandiere
1705 3454 38 20 sul
1750 3456 61 19 tetto
1823 3454 26 21 di
1859 3454 45 23 San
1915 3456 65 21 Mar-

1506 3485 64 21 cello
1581 3491 71 20 prese
1663 3491 11 14 a
1688 3486 134 27 esprimere
1833 3488 24 20 la
1869 3494 41 16 sua
1922 3494 58 17 con-

1505 3519 105 20 tentezza
1621 3523 12 15 a
1645 3520 145 20 cannonate.
1799 3519 180 24 Ilbombardie-

1506 3556 26 15 re
1545 3555 14 16 0
1572 3550 65 21 fosse
1659 3556 74 16 uomo
1753 3552 24 21 di
1795 3558 63 21 poca
1871 3560 106 20 creanza,

1505 3588 92 16 ovvero
1609 3583 22 21 la
1643 3584 131 21 soverchia
1786 3585 67 27 gioia
1861 3587 34 27 gli
1901 3587 79 22 faces-

1505 3621 26 16 se
1544 3615 55 22 dare
1612 3617 22 20 la
1644 3617 77 25 volta,
1735 3617 72 27 sparò
1826 3619 18 20 il
1865 3625 113 17 cannone

2008 2730 81 23 dietro
2097 2733 24 21 le
2128 2735 75 25 spalle
2214 2736 39 21 del
2263 2736 68 24 Paoli
2345 2745 13 15 e
2371 2740 40 22 del
2422 2741 61 23 Val-

2008 2765 122 22 croissant
2142 2773 70 16 senza
2224 2772 131 21 avvertirli
2376 2775 106 22 ond’essi

2008 2797 144 27 spiccarono
2163 2806 30 16 un
2204 2803 62 22 salto
2279 2809 70 17 corne
2369 2809 113 26 caprioli.

2073 2830 52 23 Che
2147 2834 113 27 significa
2278 2840 86 24 questa
2384 2842 76 21 storia
2469 2843 13 20 ?

2008 2864 122 27 dpmandô
2142 2867 19 21 il
2173 2867 169 26 Valcroissant
2361 2874 63 21 tutto
2443 2875 39 21 in-

2007 2896 105 24 tronato.

2035 2942 28 5 —
2071 2931 117 29 Significa
2212 2938 159 26 certamente,
2397 2940 45 22 che
2458 2942 24 21 la

2009 2964 118 23 Consulta
2137 2967 33 22 ha
2182 2968 83 23 deciso
2285 2971 103 23 doverci
2404 2974 79 22 difen-

2008 2997 58 22 dere
2078 2999 165 29 dagl’i.ngiusti
2255 3005 83 21 assalti
2344 3005 52 23 fmo
2406 3007 76 22 all’ul-

2007 3031 59 21 tima
2077 3033 87 26 goccia
2175 3034 25 21 di
2208 3040 100 23 sangue.

2034 3075 29 4 —
2070 3064 55 23 Non
2137 3067 22 20 ci
2173 3067 13 21 è
2195 3068 114 28 rimedio,
2319 3077 64 17 sono
2396 3074 69 21 matti
2474 3075 5 20 !

2033 3109 29 4 —
2070 3097 113 28 Silenzio,
2197 3101 108 28 signore,
2327 3105 111 22 allorchè
2449 3107 32 27 gV

2008 3129 91 28 ïnglesi
2107 3132 71 22 vinto
2189 3133 23 22 in
2220 3135 43 26 più
2273 3136 118 29 battaglie
2398 3139 18 21 il
2421 3145 60 16 vos-

2007 3165 39 20 ti'0
2066 3166 101 25 popolo,
2185 3172 83 17 scorse
2281 3170 24 20 le
2318 3174 88 18 vostre
2416 3175 67 20 terre

2007 3197 93 26 occupé
2114 3197 90 30 Parigi;
2217 3207 46 15 una
2275 3208 94 21 povera
2388 3205 93 22 villana

2006 3235 84 18 mosse.
2101 3237 13 14 a
2126 3232 121 23 sollevare
2258 3235 35 27 gli
2305 3237 73 26 spirli
2395 3231 87 30 "abbat-

2006 3263 57 25 tuti,
2071 3266 172 24 promettendo
2251 3269 23 19 la
2286 3269 104 22 vittoria
2401 3271 24 21 in
2438 3278 45 15 no-

2006 3301 40 15 me
2058 3296 23 21 di
2095 3295 73 23 Colui
2180 3298 44 21 che
2235 3301 73 20 esalta
2321 3303 71 21 umili
2402 3305 29 20 ed
2440 3305 42 21 ab-

2006 3328 65 22 batte
2084 3329 8 21 i
2104 3331 108 26 superbi,
2223 3333 24 21 la
2256 3333 135 24 chiamaste
2407 3340 75 19 matta

2005 3362 43 21 voi
2061 3363 54 21 altri
2125 3364 12 20 ?
2148 3363 55 27 Ciô,
2212 3365 45 22 che
2267 3372 27 15 su
2303 3368 23 20 le
2336 3370 95 25 sponde
2440 3371 42 22 de-

2006 3395 63 21 della
2076 3394 80 23 Senna
2166 3399 154 22 considerate
2329 3398 97 30 divin0,
2437 3409 42 16 con

2006 3428 55 26 quai
2074 3429 95 26 pudore
2180 3431 163 28 oltraggerete
2354 3440 68 17 corne
2436 3436 46 22 fol-

2005 3459 32 22 lia
2050 3467 27 15 su
2089 3463 80 25 quelle
2180 3464 39 21 del
2240 3464 145 30 Tavignano
2394 3469 13 20 ?

2173 3591 156 31 (Cuntinua)
