2584 3885
55 125 152 58 Apathie
232 115 205 51 criminelle

45 234 38 17 res
91 228 56 24 ?ens
161 218 39 28 qui
219 222 30 15 ne
262 214 101 21 veulent
380 218 42 22 pas
446 212 29 21 de

18 254 143 33 l’autonomie
183 251 30 21 de
232 249 22 21 la
276 246 76 22 Corse
372 246 105 27 peuvent

18 298 44 21 fort
68 293 54 23 bien
131 293 26 16 se
163 285 87 21 classer
259 287 30 15 en
302 280 64 21 deux
384 277 93 28 catégo-

72 332 5 5 •
97 324 34 21 les
142 316 136 24 adorateurs
287 313 33 21 du
331 311 105 28 pouvoir
446 316 31 16 ou

18 334 184 53 [^exploiteurs
218 347 30 21 de
258 348 23 20 la
305 345 114 22 situation
441 350 37 15 ac-

19 395 70 24 cise,
102 388 23 22 et
135 378 216 31 les'pusillanimes.

19 409 15 16 4
45 428 41 21 Les
94 416 113 33 premiers
217 416 55 19 sont
280 411 156 22 intraitables.
447 410 32 22 Ils

20 468 28 16 ne
53 453 131 27 voientque
203 452 43 23 par
253 447 36 21 les
300 451 65 22 yeux
377 444 30 22 de
427 445 53 21 leur

21 492 57 24 'dole
85 495 6 19 ;
107 486 29 22 ds
152 481 67 23 n’ont
231 479 101 22 d’autres
349 478 66 22 idées
434 482 47 22 que

20 525 65 25 celles
97 518 40 29 qui
151 515 94 23 roulent
264 513 59 22 dans
340 512 23 21 la
383 512 50 21 tête
451 511 30 21 de

18 562 49 21 leur
74 550 93 26 fétiche.
181 547 37 22 Ne
228 547 52 21 leur
300 546 77 27 parlez
392 550 43 21 pas
451 543 30 21 de

8 594 59 22 -rien
75 587 102 23 changer
191 580 13 22 à
222 581 22 20 la
254 579 97 22 marche
363 576 119 24 ordinaire

22 627 38 21 des
66 617 98 25 affaires,
180 614 41 28 d’y
229 612 132 23 introduire
372 612 23 21 la
403 610 79 22 moin-

20 660 39 21 dre
68 652 72 30 petite
147 646 173 26 modification,
334 645 29 22 de
372 645 52 22 rien
430 646 53 20 ten-

22 696 34 18 ter
61 687 77 23 contre
142 683 40 23 .les
194 680 100 23 intérêts
302 680 34 21 du
347 679 54 21 dieu
414 677 69 28 qu’ils

22 720 98 28 adorent,
133 722 31 16 ou
183 715 30 21 de
227 714 33 20 lui
273 717 84 17 causer
372 713 23 20 la
405 711 78 21 moin-

22 759 38 21 dre
77 750 73 31 petite
165 747 79 29 peine.
260 745 34 22 En
307 745 105 27 agissant
422 743 61 21 ainsi

21 793 57 20 vous
98 784 86 23 mettez
205 777 238 24 incontestablement
460 775 24 21 le

20 824 37 22 feu
71 823 46 18 aux
134 814 111 30 poudres,
257 816 62 17 vous
340 813 143 23 provoquez,

21 857 54 21 chez
82 857 40 17 ces
130 854 67 24 gens,
209 847 24 21 la
243 846 53 27 plus
308 843 108 22 violente
425 841 60 22 crise

20 891 29 21 de
60 885 90 25 colère..
406 908 5 4 .
428 907 6 7 ,
465 906 6 9 ,

50 919 67 24 Cette
136 912 169 29 intempestive
315 910 122 21 nervosité
448 913 16 15 n
472 913 14 15 a

21 956 51 22 rien
81 949 144 25 d’étonnant.
237 945 64 22 Tout
307 949 27 16 ce
352 941 88 23 monde
449 940 37 22 vit

22 985 135 26 au-râtelier
165 983 30 22 de
204 972 74 31 l’État.
287 976 22 22 Il
317 977 37 21 est
367 973 97 24 habitué
472 973 14 22 à
510 982 4 6 •

22 1024 49 20 être
89 1015 91 26 comblé
200 1015 30 21 de
241 1012 106 24 ..faveurs
358 1010 25 21 et
404 1007 84 22 d’hon-

22 1059 78 19 neurs,
122 1050 13 22 à
146 1046 115 26 recevoir;
277 1044 31 21 de
325 1044 23 21 la
366 1042 88 28 galette
473 1040 14 22 à

23 1087 90 29 pleines
121 1083 100 24 mains,a
227 1077 120 24 recueillir
354 1075 63 23 enfin
426 1076 61 21 cette

23 1125 85 19 manne
124 1114 146 25 malfaisante
289 1111 42 27 qui
353 1109 94 28 pourrit
465 1109 23 21 le

24 1158 64 18 coeur
117 1151 24 20 et
173 1148 82 27 frappe
275 1145 103 22 souvent
397 1142 92 28 l’esprit

23 1183 134 27 d’amnésie.
166 1181 35 22 Eii
213 1179 145 23 combattant
371 1176 118 22 l’autoho-

23 1221 48 22 mie
81 1218 19 23 il
110 1214 107 27 travaille
228 1218 62 22 pour
297 1218 28 15 sa
339 1216 88 22 propre
436 1215 52 17 cau-

24 1260 32 20 se,
81 1252 16 21 il
117 1248 88 23 défend
218 1246 113 24 l’assiette
343 1251 29 15 au
394 1244 94 25 beurre,

23 1288 24 21 le
57 1285 55 29 pain
132 1283 31 21 de
184 1287 39 16 ses
234 1280 75 22 vieux
326 1278 76 29 jours'.
415 1276 22 23 Il
452 1282 37 16 sa-

24 1319 64 23 crifie
109 1316 68 25 ainsi,
193 1314 39 22 de-
243 1312 62 30 gaîté
323 1313 31 21 de
368 1317 73 20 coeur,
453 1310 36 22 les

25 1351 95 25 intérêts
140 1349 31 22 de
190 1349 23 21 la
225 1347 76 23 Corse
324 1352 31 16 au
376 1345 63 23 culte
458 1344 32 22 du

26 1391 58 18 veau
99 1383 59 26 d’or,
173 1381 14 23 à
198 1387 48 17 une
262 1380 117 29 politique
391 1379 100 22 alimen-

26 1421 63 22 taire.
99 1417 50 22 Pas-
156 1421 89 23 moyen
252 1415 29 21 de
287 1413 138 23 s’entendre,
431 1417 59 17 avec

29 1454 37 22 des
77 1457 58 23 gens
143 1451 30 21 de
185 1455 27 17 ce
230 1449 88 21 calibre
328 1448 6 21 1
353 1446 93 23 Ventre
456 1445 35 22 af-

28 1484 57 26 famé
94 1484 39 23 n’a
143 1489 43 23 pas
198 1481 114 27 d’oreille,
336 1481 35 22 dit
382 1486 33 16 un
427 1479 62 23 vieil

29 1521 75 26 adage.
128 1518 28 21 Et
180 1517 58 22 c’est
260 1514 231 25 malheureusement

12 1555 67 21 -bien
88 1552 60 22 vrai.

42 1581 4 3 ’
52 1588 42 22 Les
105 1584 165 29 pusillanimes
292 1582 100 21 veulent
403 1580 56 22 bien
468 1581 23 20 le

30 1620 140 23 relèvement
187 1617 30 21 de
235 1617 24 21 la
277 1614 78 23 Corse
371 1617 25 20 et
412 1614 80 21 même

28 1661 41 15 son
78 1651 145 24 autonomie.
237 1649 33 22 Ils
282 1650 95 21 sentent
388 1653 46 23 que
450 1652 41 17 no-

8 1685 12 13 *
22 1690 39 21 dre
67 1692 59 23 pays
137 1690 26 16 se
176 1685 80 21 meurt
269 1681 180 29 d’épuisement,
462 1680 30 22 de

28 1720 91 25 misère,
131 1718 31 22 de
177 1718 74 22 luttes
266 1715 127 23 intestines
404 1719 87 24 engen-

31 1749 67 29 drées'
111 1758 42 23 par
170 1753 23 21 la
207 1751 126 28 politique.
347 1748 32 23 Ils
402 1748 91 29 perçoi-

31 1790 53 21 vent
94 1787 55 22 bien
156 1786 36 22 les
207 1785 62 22 râles
281 1783 30 23 de
316 1782 144 28 l’agonisant
469 1784 25 19 et

33 1823 25 22 ils
69 1820 138 24 constatent,
220 1823 57 20 non.
281 1822 62 19 sans,
348 1817 79 27 peine,
447 1820 46 22 que

8 1857 4 5 ‘
32 1859 119 25 personne,
172 1872 3 3 .
186 1852 150 22 absolument
374 1854 120 23 personne

32 1889 57 22 n’est
93 1887 24 22 là
127 1893 30 15 au
168 1885 87 23 chevet
262 1884 31 23 de
303 1890 29 16 ce
345 1882 94 23 malade
452 1882 41 24 qui

8 1911 53 34 trva
70 1921 69 28 périr.
152 1920 31 22 Le
192 1919 191 28 gouvernement
394 1922 26 17 se
433 1916 60 22 croi-

33 1963 25 15 se
64 1956 34 22 les
109 1955 52 22 bras
178 1955 24 20 et
212 1952 73 22 laisse
300 1952 24 21 le
333 1953 78 25 temps
427 1952 25 20 et
458 1950 36 21 les

8 1990 15 24 f
33 1990 77 28 agents
116 1988 29 22 de
154 1986 140 23 dissolution
305 1984 130 28 accomplir
442 1984 52 21 leur

8 2011 10 41 I
37 2028 74 16 oeuvre
118 2020 95 24 infâme.
226 2019 67 23 Nous
299 2020 105 25 restons,
410 2018 36 21 les
453 2023 41 22 pu-

9 2046 10 40 |
38 2056 120 22 sillanimes
171 2055 23 22 le
205 2052 189 26 reconnaissent,
406 2050 88 29 perdus

37 2090 54 21 dans
99 2090 22 20 la
133 2086 180 26 Méditerranée,
327 2084 168 29 superbement

38 2121 143 28 drapés'dans
198 2122 72 21 notre
288 2119 124 28 splendide
423 2118 73 23 isole-

37 2157 68 21 ment.
112 2155 46 23 Ces
171 2160 66 24 gens,
257 2158 166 24 pertsez-vous,
434 2153 62 21 vont

38 2190 54 27 agir,
103 2189 92 28 publier
208 2193 40 17 ces
259 2186 89 23 vérités
366 2186 40 28 qui
418 2185 78 23 bouil-

36 2223 94 22 lonnent
143 2222 57 22 dans
210 2223 53 21 leur
282 2226 74 21 coeur,
376 2221 36 21 les
435 2219 62 23 crier

38 2262 37 16 sur
84 2257 34 21 lès
136 2257 64 25 toits,
212 2256 36 22 les
257 2255 62 28 jeter
339 2254 14 22 à
370 2255 22 21 la
403 2252 52 23 face
466 2253 30 21 de

27 2310 4 4 .
37 2291 52 20 tous
95 2295 37 17 ces
143 2289 191 28 saltimbanques,
353 2288 30 21 de
390 2289 56 20 tous
458 2292 39 16 ces

18 2331 10 14 ?
37 2322 127 22 charlatans
175 2324 24 21 et
209 2328 39 17 ces
259 2321 139 24 comédiens
406 2321 42 27 qui
456 2326 42 16 ex-

38 2356 98 27 ploitent
151 2357 23 21 la
192 2356 80 23 bonne
294 2355 35 23 foi
345 2355 33 22 du
399 2354 96 29 peuple.

26 2410 4 2 .
40 2390 69 23 Hélas
117 2392 7 21 !
142 2391 213 29 détrompez-vous.
370 2389 68 23 Cette
462 2395 38 16 ca-

40 2424 87 28 tégorie
135 2424 143 23 d’individus
289 2424 102 23 tremble
402 2423 30 22 de
440 2429 60 22 peur

42 2458 18 21 si
70 2463 58 17 vous
150 2458 80 23 élevez
248 2465 32 15 un
294 2465 48 20 peu
352 2458 24 21 la
392 2457 68 26 voix,
479 2456 20 22 si

41 2496 57 17 vous
107 2497 57 16 avez
181 2492 51 22 l’air
243 2492 30 22 de
294 2497 64 17 vous
369 2493 130 25 emporter,

41 2524 28 22 de
80 2525 78 23 lâcher
165 2526 114 28 quelques
296 2531 57 22 gros
361 2526 64 21 mots
440 2524 15 22 à
462 2523 39 22 l’a-

42 2557 74 24 dresse
123 2558 42 23 des
173 2559 96 22 forbans
277 2559 30 22 de
317 2559 25 22 la
349 2558 124 28 politique.

68 2590 43 25 Ces
130 2593 156 22 malheureux
308 2593 42 26 qui
370 2593 55 20 sont
447 2591 56 22 chez

44 2629 55 17 nous
119 2624 90 30 légion,
240 2627 152 24 concourent,
415 2630 54 16 sans
479 2625 24 21 le

43 2659 82 26 savoir,
138 2658 14 23 à
162 2664 116 24 aggraver
294 2659 24 21 le
334 2660 52 21 sort
393 2659 30 22 de
434 2660 69 21 notre

43 2690 113 24 infortuné
166 2692 172 28 département.
358 2691 61 24 Leur
429 2692 75 28 pusil-

42 2723 103 24 lanimité
152 2731 140 23 encourage,
302 2725 89 24 fortifie
396 2725 108 23 l’audace

44 2757 39 22 des
104 2759 153 27 exploiteurs,
277 2760 42 22 des
335 2759 127 29 profiteurs
472 2759 32 22 du

44 2793 105 23 pouvoir.
169 2792 69 23 Ceux
256 2794 39 27 qui
317 2795 33 20 né
368 2794 75 22 crient
463 2799 41 21 pas

45 2823 104 28 risquent
157 2826 57 26 fort,
224 2827 84 22 ici-bas
319 2827 32 23 de
369 2827 92 23 mourir
475 2826 31 22 de

45 2854 61 25 faim.
112 2858 43 21 Les
161 2859 137 28 audacieux,
308 2862 41 26 qui
360 2863 44 20 ont
414 2861 23 21 le
449 2865 57 17 cou-

45 2894 54 24 rage
107 2891 30 21 de
147 2892 52 21 tout
204 2897 62 22 oser,
274 2894 29 21 de
320 2895 63 22 crier
393 2899 60 17 avec
470 2893 35 21 les

44 2922 68 28 loups
130 2925 25 20 et
170 2926 77 22 même
268 2928 54 27 plus
341 2928 50 22 fort
408 2932 47 23 que
470 2926 36 22 les

27 2969 12 10 v-
46 2954 67 29 loups
131 2960 54 20 sont
194 2965 100 23 presque
316 2962 54 22 sûrs
380 2960 124 23 d’aboutir.

46 2987 54 23 Une
119 2990 110 25 minorité
241 3016 3 4 .
251 2995 119 28 agissante
381 2995 58 22 vaut
452 2993 55 28 plus

47 3021 83 27 qu’une
137 3026 111 28 .majorité
256 3028 125 23 endormie
400 3029 25 21 et
434 3032 75 23 apeu-

48 3054 46 28 rée,
103 3057 22 22 le
134 3064 111 24 royaume
262 3062 42 22 des
314 3061 86 27 Gieux,
413 3060 95 22 lui-mê-

46 3093 48 23 me,
107 3091 60 23 n’est
185 3093 96 24 réservé
301 3094 71 28 qu’au
392 3094 115 22 violents.

49 3120 32 24 Ce
89 3123 54 27 jour
154 3126 30 22 où
194 3133 46 17 nos
247 3128 176 27 .compatriotes
440 3127 68 22 saisi-

48 3158 51 19 ront
107 3157 55 23 bien
172 3166 39 16 ces
227 3161 97 26 vérités,
340 3162 26 20 -le
373 3162 54 26 jour
437 3160 34 22 où
479 3160 30 21 ils

49 3192 28 17 en
95 3195 78 20 seront
188 3194 57 22 bien
262 3192 121 30 pénétrés,
391 3194 118 21 l’autono-

48 3222 47 21 mie
105 3225 60 23 delà
174 3228 76 23 Corse
257 3233 53 17 sera
321 3232 49 17 une
383 3226 73 22 chose
468 3225 41 23 fai-

47 3254 31 22 te.
90 3255 59 26 Mais
159 3267 61 21 pour
232 3262 51 21 cela
290 3261 19 23 il
316 3260 52 23 faut
377 3260 98 22 vouloir
486 3261 26 20 et

49 3290 88 24 vouloir
145 3298 54 18 sans
208 3300 60 21 peur
279 3297 24 19 et
314 3299 55 18 sans
382 3293 98 23 crainte.

269 3339 89 23 Pierre
368 3339 113 26 Ignotus.

88 3419 180 28 Commercants
281 3428 25 20 et
320 3424 150 24 Industriels

76 3491 41 25 Les
127 3499 117 24 membres
255 3501 31 21 de
293 3502 24 21 la
328 3501 120 22 Chambre
455 3504 58 21 syn-

50 3522 70 40 dicale
132 3524 41 23 des
192 3527 180 30 Commerçants
392 3530 23 20 et
429 3526 83 24 Indus-

53 3549 60 21 triels
123 3551 119 30 d’Ajaccio
251 3559 56 20 sont
316 3555 66 29 priés
392 3555 122 23 d’assister

101 3577 99 27 réunion
208 3585 41 22 qui
256 3590 54 16 sera
317 3584 95 22 donnée
421 3583 92 22 diman-

65 3607 29 14 ue
101 3609 13 20 7
122 3605 86 26 février
219 3612 63 27 1956,
292 3612 13 22 à
315 3618 26 20 14
350 3613 93 24 heures,
454 3612 59 20 dans

66 3633 29 16 ne
106 3634 54 21 sabe
170 3637 33 22 du
212 3638 103 24 Théâtre
327 3638 185 24 Saint-Gabriel.

54 3661 99 42 n?r(ïe
160 3669 104 28 dui°ur:
276 3673 170 28 Organisation
455 3672 59 21 delà

53 3717 76 23 verses
138 3699 27 17 ^
183 3697 125 28 S^adicale
318 3717 7 10 ’
337 3702 121 23 Questions
478 3699 37 21 di-

549 112 22 36 A
583 113 94 42 Rocca,
689 113 115 46 frateilu
820 115 31 36 di
864 114 67 46 fede

526 202 66 23 liicevi,
599 203 38 18 intô
643 208 43 13 caru
691 208 10 13 e
707 202 59 25 degnu
770 204 65 21 Rocca,

526 230 11 18 I
545 229 47 20 dolci
597 230 65 23 auguvi
667 230 20 18 di
693 231 64 19 L’annu
764 230 30 20 chi
800 237 51 13 corre

528 258 21 18 Ti
553 257 97 25 ringrazia,
656 259 13 23 f
668 259 52 22 ralel,
727 259 21 18 di
752 260 49 18 lullu
808 264 53 14 cuore

527 287 26 17 La
558 286 37 18 mia
600 285 54 20 Musa
661 288 86 18 scarsetta
752 293 10 12 e
766 292 61 14 mezza
832 287 74 18 sciocca.

527 327 18 22 È
550 336 24 13 un
579 331 107 24 bigliellinu,
692 337 38 14 nun
740 337 33 13 son
777 332 46 18 delli
830 337 12 13 a
848 332 58 20 bocca,

529 358 104 20 Gradiscilli
637 359 21 19 di
662 365 88 16 cuor,nun
756 359 20 19 ci
782 360 10 17 è
797 358 107 25 impustura,

530 387 26 18 Ta
563 387 30 18 chi
598 387 57 23 riposi
662 387 48 18 nella
719 387 59 22 fresca
787 387 61 18 allura

529 415 54 21 Duve,
588 417 77 19 suvente,
675 415 64 18 bianca
750 420 42 14 neve
803 415 61 23 fiocca.

531 460 94 23 T'auguru,
632 459 63 24 quanti
699 459 43 24 fìori
747 460 64 22 spunla
819 459 85 22 inpralu,

531 487 75 19 Ghiomi
610 486 60 23 felici,
679 492 10 13 e
694 487 34 18 chè
738 487 17 17 la
766 486 64 19 Muvra
841 485 28 19 sia

532 515 87 19 UïCIdolu
628 514 89 19 dìvin’dai
723 514 50 18 Corsi
780 514 70 18 amalu.

531 561 62 18 Cresca
599 566 10 12 e
612 560 24 22 pò
641 564 69 18 sempre
714 563 61 13 cresca
779 562 13 13 a
801 555 111 25 Cumpagnia

531 587 25 19 Di
562 593 15 12 u
582 588 64 18 noslru
653 588 47 17 lullu
705 587 69 22 quanlu
777 585 103 23 parenlalu.

533 615 22 19 Ti
559 615 61 18 saluai
624 614 21 19 di
651 618 59 17 cuore,
717 618 10 13 e
735 618 38 13 cusi
777 612 35 18 sia.

760 649 199 25 Paoli-di-Taglio.

788 684 115 20 iO-J-1926.

745 759 97 19 Raconti
848 758 23 18 di
875 757 23 19 A
902 757 82 18 Muvra

571 806 69 37 Fola
653 807 80 35 corîa
751 816 16 24 e
784 803 130 38 vecchia.

544 893 24 23 U
587 892 87 29 aptellu
697 892 66 26 dopu
794 888 44 23 avè
859 888 125 22 ascultatu

513 927 59 22 duie
578 925 52 28 foie
642 924 91 25 lonçhe
745 923 90 27 longhe
847 927 70 16 cume
928 920 57 22 Ma-

510 960 66 29 ghiu
589 960 74 21 disse:

541 992 132 25 —Alloua,
690 992 47 28 gia
759 989 42 23 chi
820 996 13 15 e
857 989 82 21 vostre
955 987 28 22 sb

514 1028 104 26 compie,
629 1032 13 15 0
655 1023 108 25 mamm'o
776 1023 26 22 vi
818 1028 32 17 ne
869 1023 117 21 cuntera-

513 1062 64 28 ghiü
589 1066 52 17 una
653 1059 41 22 eiu
703 1057 64 23 ch’io
781 1056 78 29 aghiu
867 1057 58 26 amp
927 1060 59 17 ara-

515 1097 29 21 tu
553 1096 96 21 erisera
661 1093 27 22 in
701 1097 59 17 casa
769 1091 27 22 di
807 1097 18 16 u
836 1090 89 22 Pilatu

543 1139 30 6 —
584 1128 80 26 Zittu,
678 1132 13 16 0
695 1124 87 30 figliòl
793 1123 24 23 XJ
823 1123 87 23 Pilatu
921 1130 13 14 e
951 1127 36 16 un

516 1167 120 24 cuqnome
647 1167 13 15 e
669 1165 36 16 un
712 1159 26 22 si
749 1158 58 22 deve
819 1156 38 24 âil
868 1156 118 23 Chiama-

516 1196 29 22 lu
556 1196 97 28 sempre
660 1195 33 27 pe
705 1199 18 16 u
734 1197 28 17 so
774 1197 73 17 nome
860 1191 33 21 da
900 1188 87 30 %itellu

517 1229 16 22 h
533 1235 32 17 en
588 1228 134 23 educatu...
743 1232 17 16 u
777 1230 27 16 so
825 1229 75 18 nome
918 1230 13 14 e
945 1216 65 34 qiuY

514 1262 120 24 Paulone.
643 1261 24 23 E
676 1261 41 22 sai
725 1258 93 24 ch’ell’è
825 1257 49 30 più
882 1256 106 25 pecchiu

517 1298 44 22 che
578 1302 47 17 me:
641 1294 75 23 averà
728 1294 29 21 di
771 1293 90 23 sicuru
876 1291 113 22 nuvanta
999 1285 5 43 J

518 1330 93 30 quattr’
613 1330 62 21 anni
709 1328 31 22 ed
762 1327 41 22 eiu
825 1331 39 17 un
885 1323 104 30 n’aghiu
999 1318 5 27 1

518 1371 65 16 ancu
601 1366 73 21 toccu
692 1363 103 21 uttanta
818 1358 172 25 trè..Sintimu

517 1400 41 21 cio
571 1396 91 24 ciïellu
673 1396 51 23 fha
732 1396 77 22 eontu
815 1395 9 21 !

545 1444 29 5 —
581 1431 71 23 M’ha
663 1432 76 21 contu
760 1427 85 31 quella
863 1427 27 22 di
909 1426 82 28 Bagia

519 1474 16 17 a
543 1466 147 24 Francia....
707 1463 56 24 Una
780 1462 70 23 volta
873 1461 65 22 c'era
955 1465 37 17 un

518 1500 139 23 sumerettu
670 1497 41 22 chi
721 1498 25 22 si
757 1496 125 23 n’andava
897 1501 15 15 a
922 1496 69 27 spas-
1001 1489 5 43 J

517 1541 33 16 su
558 1533 50 30 phi
619 1531 105 24 biottuli
732 1537 32 16 eu
780 1536 17 16 u
808 1536 28 16 so
847 1530 144 27 cumpagnu

513 1568 132 29 JîdatUjUn
649 1562 140 32 purchetfu
799 1562 69 24 bellu
879 1570 13 15 e
898 1567 94 24 grassu

519 1599 236 25 codi-inturchiatu.
776 1598 23 22 U
812 1597 138 29 purchettu
968 1596 25 21 si

519 1635 133 23 chiamava
674 1632 84 30 Bagia
774 1637 17 17 a
811 1631 111 22 Francia
942 1635 13 16 e
975 1635 17 16 u

519 1675 98 16 sumere
631 1668 24 21 si
665 1666 133 23 chiamava
803 1665 79 22 Mena
889 1670 17 15 a
913 1663 36 22 Fr
949 1659 58 26 an-\

519 1704 78 21 cia....
613 1701 137 23 Giravanu
766 1701 94 21 inseme
884 1703 18 17 u
921 1703 70 23 mequ

519 1736 105 23 mondu.
638 1734 161 29 U.nghiornu
813 1734 22 21 ti
850 1726 157 34 iunghienu\

521 1769 90 23 ind'un
627 1774 70 24 gran
723 1767 78 24 boscu
811 1772 67 17 neru
888 1771 13 17 e
914 1766 77 21 sente-

520 1810 37 16 nu
566 1809 36 16 un
612 1802 97 29 rughiu
721 1801 132 23 tremendu
873 1798 117 24 d’anima-

521 1837 31 22 le.
569 1837 115 22 Entrenu
695 1834 146 30 curaggiosi
861 1834 28 21 in
906 1831 86 29 quellu

520 1871 147 22 macchione
678 1868 55 23 altu
747 1874 71 16 cume
830 1873 38 17 un
884 1866 107 29 palo,^yu

521 1911 13 15 e
541 1907 85 25 sapete
637 1904 39 22 cio
688 1902 85 23 ch’elli
780 1902 96 21 vedenu
883 1901 11 22 ì
1001 1895 6 28 I

552 1938 41 23 Un
602 1938 66 22 lione
677 1937 9 21 l

548 1983 29 5 —
585 1971 83 22 Vinite
685 1971 93 27 quinci,
793 1969 64 22 disse
873 1975 17 16 u
911 1967 65 23 lione
984 1967 9 21 !

521 2006 42 22 Mi
568 2005 94 27 piacite
674 2004 68 22 assai
755 2002 146 25 tremindur,
910 2007 43 16 ma
975 2007 18 16 u

519 2039 49 29 più
579 2039 42 22 chi
628 2039 37 21 mi
673 2038 73 28 pia.ee
756 2037 13 21 è
777 2043 31 16 su
829 2035 147 24 tundulettu
984 2035 10 20 !

526 2073 90 25 Vinite,
626 2072 86 25 vinite,
724 2070 53 29 qui,
786 2069 78 29 fada
881 2075 31 17 eu
926 2075 17 16 a
964 2074 29 16 so

521 2108 97 28 qampa.

549 2141 17 22 I
581 2140 47 22 dui
653 2138 138 29 cumpagni
808 2137 187 29 s'.agguardonu
1005 2130 5 43 |

523 2180 50 17 cun
585 2174 58 22 aria
652 2173 29 23 di
689 2172 26 23 di
724 2179 8 15 :
744 2172 43 22 chi
794 2172 24 21 si
823 2173 58 25 face
888 2171 10 22 !

550 2220 30 5 —
584 2207 59 27 Eiu,
654 2207 65 22 disse
737 2205 82 30 Bagia,
839 2211 16 16 a.
876 2204 119 26 Francia,
1005 2198 5 28 \

524 2241 159 30 andero,ghiu
693 2247 17 15 a
726 2239 122 30 bagiallu.
864 2239 36 22 Tu
908 2238 36 29 pb
956 2239 42 21 sai

524 2276 40 22 ciò
577 2276 70 22 chiti
661 2274 157 23 cumbìene...
1008 2276 2 20 I

551 2309 24 23 E
582 2308 62 27 cusi,
649 2309 86 28 pianu
741 2306 257 30 pianu,s’abbicina-
1007 2300 3 36 j

525 2350 37 16 nu
574 2344 29 21 di
612 2349 18 16 u
643 2342 67 23 lione
719 2341 44 23 chi
784 2341 116 22 cacciava
913 2346 16 15 a,
948 2337 62 28 Un-\

522 2383 56 23 gua
592 2377 27 23 di
621 2376 68 30 fora
699 2382 12 15 e
718 2375 35 29 fis
754 2381 13 16 s
769 2381 29 16 av
801 2381 15 16 a
826 2380 32 17 eu
866 2374 15 22 à
889 2379 28 17 so
928 2373 70 23 occhi
1007 2368 3 35 \

526 2412 29 22 in
564 2410 92 30 focuu
671 2409 153 24 tundulettu.
828 2407 95 29 Quellu
934 2408 64 28 spic-

527 2452 31 15 co,
564 2451 36 17 nn
607 2443 69 24 saltu
686 2443 21 23 li
717 2449 23 17 si
750 2443 87 28 lampa
844 2442 29 22 in
891 2443 81 21 cresta
986 2447 13 15 e

527 2486 18 15 u
557 2480 23 21 ti
590 2478 117 29 chiappa,
724 2479 33 27 pe
778 2482 17 17 u
805 2496 3 3 .
814 2474 150 29 muccighile
986 2481 14 14 e

529 2512 66 23 da,lli
602 2519 16 15 .e
625 2512 66 22 dalli
698 2512 10 21 !
712 2511 78 22 Mena,
803 2517 15 15 a
825 2509 111 24 Francia
948 2508 22 23 li
976 2509 25 21 si

530 2546 86 28 lampa
637 2552 28 16 in
687 2546 28 21 de
737 2547 100 26 rupere,
858 2550 14 14 e
882 2542 118 30 frumba,

524 2581 109 29 frumba
648 2586 31 16 eu
689 2579 84 28 ipedï.
781 2578 24 23 E
815 2577 54 23 cusi
878 2576 122 24 tumbonu

530 2621 17 16 u
557 2614 67 24 lione
631 2614 43 22 chi
679 2614 25 21 si
714 2611 71 24 vulia
805 2611 93 27 maqnà
912 2610 33 22 ad
957 2608 46 23 elli

557 2647 171 31 Folafuletta,
738 2646 52 22 dite
799 2645 25 22 la
834 2643 136 24 vostrachi
976 2642 26 23 la

529 2688 58 16 mea,
597 2689 13 15 e
618 2681 67 23 detta
693 2681 9 21 /

669 2720 113 23 Martinu
792 2716 181 29 Appinzapalu.

530 2800 50 48 Le
596 2799 132 49 Comité
741 2798 47 48 du
803 2795 201 50 Centenaire

557 2890 34 21 Le
598 2888 88 23 Comité
695 2889 29 20 du
731 2887 134 22 Centenaire
879 2886 28 21 de
914 2886 23 20 la
945 2888 59 18 mort

532 2919 28 20 de
578 2919 115 27 Napoléon
709 2917 54 21 s’est
777 2915 62 21 réuni
849 2914 21 21 le
880 2913 124 22 Dimanche

532 2947 24 20 3i
566 2947 94 22 Janvier
673 2947 14 20 à
696 2950 12 15 2
715 2945 82 20 heures
809 2943 55 21 dans
872 2942 23 21 la
901 2942 55 20 salle
964 2941 41 21 des

533 2975 65 21 Fêtes
615 2976 28 20 de
649 2975 21 20 là
678 2973 85 23 mairie,
777 2977 51 16 sous
833 2971 23 21 la
873 2970 131 26 présidence
1014 2965 3 28 |

533 3003 29 21 de
570 3003 31 21 M.
615 3004 57 20 Jean
681 3000 74 23 Lanzi,
767 3000 54 21 Vice
836 2998 118 22 Président
975 3004 30 13 en
1014 2998 3 36 j

532 3031 112 22 l’absence
661 3031 29 20 de
699 3049 4 4 .
708 3029 30 21 M.
747 3028 82 21 Marcel
848 3026 74 24 Levie,
933 3025 73 21 Prési-
1014 3021 3 26 I

533 3059 56 21 dent
604 3056 189 24 démissionnaire.

562 3088 93 21 Lecture
668 3090 35 17 est
713 3085 89 21 donnée
819 3084 28 20 de
854 3083 21 20 la
885 3083 63 20 lettre
965 3087 41 20 par

534 3117 21 21 la
573 3114 74 27 quelle
664 3121 25 14 ce
702 3112 89 21 dernier
806 3117 84 19 expose
908 3116 44 19 que
969 3115 37 15 ses

533 3144 147 22 nombreuses
703 3140 143 25 occupations
862 3142 24 17 et
911 3144 36 14 ses
963 3137 44 20 fré-

535 3175 81 23 quents
630 3170 164 25 déplacements
806 3167 117 24 l’obligent
930 3166 13 20 à
957 3166 51 25 pré-

534 3203 76 18 senter
627 3204 26 15 sa
666 3196 123 22 démission
804 3194 29 22 de
846 3194 118 22 Président
975 3193 31 20 du

536 3227 94 22 Comité.
649 3226 123 23 Hommage
785 3226 35 18 est
833 3222 61 22 alors
910 3221 71 21 rendu
993 3222 16 19 à

536 3257 31 19 M.
581 3254 81 21 Marcel
674 3253 68 21 Levie
750 3257 57 19 pour
824 3250 105 21 l’activité
949 3252 24 18 et
986 3249 22 21 le

535 3283 50 21 zèle
598 3281 54 26 qu’il
660 3281 36 19 n’a
704 3279 61 21 cessé
777 3279 29 19 de
813 3278 105 24 déployer
927 3277 82 20 durant

536 3316 26 15 sa
575 3308 145 22 Présidence.

562 3337 31 21 M.
606 3337 96 21 Zevaco,
715 3335 54 21 Vice
781 3332 117 23 Président
906 3332 104 26 explique

537 3365 89 22 ensuite
632 3370 45 20 que
681 3364 24 20 le
712 3363 85 20 bureau
804 3362 32 20 du
846 3360 89 22 Comité
942 3363 68 23 ayant

537 3392 109 26 accompli
660 3392 33 20 les
712 3391 57 20 deux
790 3389 121 26 premières
927 3388 83 26 parties

537 3423 30 20 de
571 3429 27 14 sa
602 3418 237 24 mission-célébration
847 3416 123 22 solennelle
978 3416 32 20 du

537 3451 128 20 centenaire
676 3454 30 15 en
722 3450 60 22 1921,
794 3446 66 21 achat
867 3449 23 17 et
898 3447 113 23 transport

537 3479 16 20 à
566 3477 90 25 Ajaccio
671 3477 30 20 de
712 3475 23 20 la
743 3477 73 18 statue
835 3480 30 14 en
877 3473 84 21 bronze
981 3471 31 20 de

537 3503 172 27 l’Empereur-il
717 3509 30 14 ne
754 3506 59 17 reste
822 3502 49 25 plus
877 3500 52 26 qu’a
938 3499 74 25 ériger

538 3537 60 18 cette
602 3536 72 18 statue
681 3538 39 15 sur
727 3531 23 20 la
762 3530 65 25 place
844 3528 31 21 du
883 3529 97 20 Casone.
988 3526 21 21 Il

538 3561 50 21 faut
595 3561 13 20 à
620 3564 35 18 cet
671 3559 53 22 effet
736 3558 77 21 réunir
826 3557 39 21 des
882 3555 74 24 fonds,
965 3561 47 14 une

538 3595 89 15 somme
634 3586 174 27 appreximative
817 3585 28 20 de
860 3584 26 21 80
895 3585 15 19 à
917 3583 37 21 loo
962 3582 51 22 mil-

538 3618 23 20 le
569 3617 82 21 francs.
663 3615 63 21 Aussi
734 3615 34 20 les
771 3613 112 21 membres
892 3612 29 20 du
926 3611 85 21 bureau

539 3644 78 22 ont-ils
624 3644 70 25 pensé
702 3649 45 19 que
753 3641 84 21 devant
840 3643 60 18 cette
909 3638 105 21 nouvelle

539 3677 24 17 et
570 3673 136 24 importante
718 3669 67 21 tâche
795 3669 16 21 il
820 3668 68 21 serait
902 3670 53 23 peut
964 3666 49 21 être

539 3702 48 20 bon
595 3700 29 20 de
631 3698 131 22 renouveler
770 3701 31 20 et,
809 3697 93 20 suivant
910 3694 105 26 l’expres-

539 3729 52 21 sion
600 3728 29 20 de
644 3727 31 21 M.
685 3726 95 23 Zevaco,
795 3724 28 21 de
830 3724 32 21 lui
879 3722 87 22 infuser
983 3728 31 14 un

997 118 57 19 sang
1063 118 110 15 nouveau.
1183 113 36 20 Du
1226 113 66 21 reste,
1299 111 30 21 M.
1338 111 94 24 Zevaco,
1438 110 32 21 lui

999 141 73 19 même
1080 144 22 17 et
1117 140 30 21 M.
1160 139 97 21 Antoine
1271 138 129 24 Tessarech,
1419 138 51 21 Tré-

998 171 78 22 sorier,
1093 170 115 20 déclarent
1219 168 54 26 qu’il
1289 169 50 20 leur
1351 169 68 20 serait
1434 169 37 20 ab-

999 198 111 21 solument
1118 197 137 26 impossible,
1265 202 30 14 vu
1302 196 49 21 leur
1359 196 111 26 multiples

999 226 151 25 occupations,
1164 225 30 20 de
1205 224 117 21 continuer
1334 224 14 20 à
1356 224 72 24 siéger
1440 230 29 13 au

1000 254 92 22 bureau,
1109 260 26 13 ce
1151 253 39 23 qui
1199 258 29 15 ne
1240 252 33 19 les
1282 251 130 25 empêchera
1431 256 38 18 pas

1000 281 29 20 de
1038 281 118 25 participer
1174 286 45 14 aux
1229 282 93 17 travaux
1330 278 31 20 du
1376 277 93 21 Comité.

1026 308 31 20 M.
1066 309 96 20 Antoine
1183 305 121 23 Tessarech
1314 306 55 20 rend
1386 305 84 21 ensuite

1001 339 88 22 compte
1101 336 29 20 de
1138 336 22 20 la
1171 334 106 22 situation
1291 333 121 21 financière
1421 340 7 13 :
1436 332 33 20 les

1002 366 93 18 recettes
1112 366 22 17 et
1142 363 33 20 les
1189 363 108 24 dépenses
1306 366 25 14 se
1352 363 51 18 sont
1411 360 61 24 équi-

1002 391 89 21 librées.
1103 391 58 19 mais
1168 390 17 20 il
1194 396 29 14 ne
1237 391 59 17 reste
1312 388 51 25 plus
1376 387 30 20 de
1427 393 44 14 res-

1003 424 91 14 sources
1109 416 145 26 disponibles.
1271 415 54 21 Puis
1342 416 44 20 l’on
1395 414 76 21 décide

1003 446 14 19 à
1026 444 140 21 l’unanimité
1182 445 29 20 de
1227 448 102 15 nommer
1355 442 116 21 Président

1004 473 129 20 d’Honneur
1149 471 30 21 du
1194 470 94 22 Comité,
1301 470 51 24 Mgr
1360 469 111 21 Simeone,

1005 500 91 24 Evêque
1113 499 120 26 d’Ajaccio,
1241 499 15 19 à
1270 498 50 19 coté
1327 497 41 20 des
1381 497 91 19 anciens

1005 528 88 22 Maires,
1106 526 54 21 MM.
1170 526 84 25 Bodoy,
1265 523 173 26 Pugliesi-Conti
1451 525 22 17 et

1006 554 51 21 Péri
1065 557 23 17 et
1095 554 31 20 du
1134 554 70 20 Maire
1211 551 80 23 actuel,
1301 551 97 26 M.Dque
1404 549 69 22 Paoli.

1031 583 71 23 Après
1108 588 45 13 une
1158 584 76 17 courte
1239 578 125 22 discussion
1372 579 15 20 à
1392 577 83 26 laquel-

1006 609 22 21 le
1036 612 111 22 prennent
1154 611 50 23 part
1213 607 117 21 MM..Jean
1338 605 68 23 Maki,
1416 604 59 21 Marc

1007 637 77 23 Salîni,
1101 636 117 22 Albertini,
1237 635 32 20 Dr
1283 635 42 20 Del
1342 632 131 26 Pellegrîno,

995 678 2 7 ,
1008 665 68 21 Louis
1084 664 110 22 Carbone,
1208 663 63 21 Jules
1281 661 110 22 Lucciani,
1401 667 30 14 on
1440 660 35 20 dé-

1008 693 50 20 cide
1069 693 28 20 de
1110 697 78 20 passer
1196 697 28 15 au
1238 694 52 17 vote
1303 696 57 19 pour
1367 687 108 22 l’élection

995 712 3 30 I
1007 721 32 20 du
1047 726 102 15 nouveau
1165 719 92 22 bureau,
1266 719 15 19 à
1288 717 74 21 mains
1369 716 81 20 levées.

1033 747 31 21 M.
1074 747 64 26 Dque
1156 745 179 26 Pugliesi-Conti,
1348 743 79 22 ancien
1436 742 41 20 Dé-

1008 775 54 25 puté
1067 778 24 17 et
1102 775 76 23 Maire,
1191 774 117 20 Président
1320 773 29 20 de
1357 772 21 20 la
1398 771 79 20 Cham-

1009 804 40 20 bre
1065 803 28 20 de
1107 802 137 22 Commerce,
1263 804 34 18 est
1310 800 38 21 élu
1365 797 113 21 Président

1008 831 33 20 du
1048 830 87 21 Comité
1146 835 41 21 par
1195 828 152 22 acclamation.
1365 826 55 21 Puis
1428 828 51 18 sont

1009 859 49 20 élus
1065 865 6 14 :
1081 856 196 22 Vice-Présidents:
1284 855 53 21 MM.
1345 855 58 20 Jean
1412 853 66 20 Lanzi

1009 890 23 17 et
1040 886 56 20 Paul
1103 884 104 22 Graziani
1216 891 7 17 ;
1245 883 124 22 Secrétaire
1383 880 96 21 Général

1010 914 29 20 M.
1049 912 164 26 Jean-Baptiste
1221 911 118 26 Marcaggi,
1352 907 125 23 Trésorier:

1010 942 31 20 M.
1053 941 66 21 Fiori.
1136 940 112 21 Membres
1256 947 7 13 :
1273 939 54 21 MM.
1342 938 61 20 Leon
1411 936 68 21 Maes-

1010 969 52 22 trati
1073 975 23 15 et
1107 968 69 21 Henri
1187 968 102 20 Omessa.

995 988 6 39 J
1036 997 31 21 M.
1076 995 172 27 Pugliesi-Conti
1257 995 71 25 prend
1343 993 60 21 alors
1417 991 63 25 place

1011 1032 28 14 au
1048 1024 91 22 fauteuil
1147 1024 29 20 de
1184 1023 23 21 la
1215 1022 141 22 Présidence.
1366 1021 62 20 Dans
1436 1025 43 14 une

995 1043 6 39 J
1011 1053 125 24 allocution,
1142 1052 70 21 brève
1225 1051 59 20 mais
1299 1047 158 24 substantielle,
1463 1047 17 20 il

1012 1081 105 21 remercie
1133 1085 56 16 avec
1205 1079 97 21 émotion
1317 1078 22 20 le
1352 1075 88 22 Comité
1452 1074 28 21 de

996 1101 6 36 j
1012 1109 76 22 l’avoir
1101 1107 71 23 choisi
1188 1113 87 14 comme
1294 1104 117 22 Président
1426 1106 24 18 et
1464 1103 15 19 il

1012 1138 56 21 tient
1080 1138 14 19 à
1110 1136 99 20 déclarer
1221 1134 55 26 qu’il
1286 1136 89 22 accepte
1384 1135 35 17 cet
1427 1131 54 21 hon-

1013 1172 57 15 neur
1078 1167 87 19 surtout
1172 1169 41 19 par
1221 1162 155 22 dévouement,
1385 1165 38 14 car
1430 1158 18 21 il
1452 1165 29 14 ne

1013 1200 24 14 se
1046 1192 114 22 dissimule
1175 1197 40 19 pas
1231 1190 34 21 les
1283 1188 117 22 difficultés
1413 1187 28 21 de
1459 1187 22 20 la

997 1211 81 32 i-tâche
1094 1220 53 26 qu’il
1157 1225 96 15 assume.
1267 1217 20 22 Il
1295 1216 56 22 rend
1365 1216 117 24 hommage

1013 1257 29 14 au
1063 1250 47 20 zèle
1129 1247 128 26 infatigable
1273 1245 95 26 déployé
1382 1249 41 20 par
1440 1249 41 14 son

998 1267 6 31 I
1014 1278 111 25 distingué
1157 1275 169 22 Prédécesseur,
1352 1272 30 21 M.
1402 1271 80 21 Marcel

999 1295 5 40 j
1015 1306 75 24 Levie,
1099 1305 38 27 qui
1147 1304 35 21 n’a
1190 1303 70 24 céssé,
1269 1308 55 15 avec
1332 1300 22 20 la
1363 1299 119 22 collabora-

1015 1338 48 21 tion
1090 1337 28 20 de
1133 1335 94 22 l’ancien
1248 1334 92 21 bureau,
1360 1331 28 21 de
1402 1333 80 21 .mettre

1014 1369 63 18 toute
1082 1371 42 16 son
1132 1363 90 22 activité
1229 1368 29 15 au
1266 1360 86 22 service
1363 1360 28 20 de
1403 1359 21 20 la
1432 1358 51 22 mis-

1000 1383 5 32 I
1015 1395 50 21 sion
1080 1393 37 27 qui
1128 1393 31 21 lui
1168 1392 60 21 avait
1234 1392 35 19 été
1286 1387 93 23 confiée.
1388 1388 19 19 Il
1423 1393 61 15 assu-

1016 1430 25 14 re
1047 1424 22 20 le
1077 1422 88 21 Comité
1185 1426 45 20 que
1243 1419 22 21 le
1279 1423 103 16 nouveau
1400 1416 82 20 bureau

1001 1449 5 33 j
1016 1450 124 23 s’efforcera
1148 1450 29 21 de
1185 1448 91 22 réaliser
1281 1446 56 20 dans
1345 1446 23 20 le
1378 1445 51 27 plus
1435 1443 50 21 bref

1016 1480 58 21 délai
1088 1478 97 27 possible
1197 1477 33 21 les
1239 1480 129 17 ressources
1376 1472 108 23 nécessai-

1017 1515 37 15 res
1061 1507 14 21 â
1083 1506 139 22 l’édification
1234 1504 31 21 du
1282 1503 60 21 socle
1358 1509 40 14 sur
1413 1500 71 26 lequel

1001 1540 6 29 {
1017 1539 102 25 s’érigera
1130 1538 86 21 bientôt
1229 1536 21 20 la
1267 1538 72 18 statue
1347 1534 29 20 de
1391 1533 94 24 l’Empe-

1017 1574 60 15 reur.
1087 1567 60 21 Pour
1154 1565 48 22 cela
1215 1564 39 21 des
1270 1562 161 25 souscriptions
1447 1566 39 19 pu-

1017 1596 95 24 bliques,
1120 1595 40 20 des
1169 1592 117 23 tombolas,
1295 1591 39 21 des
1343 1589 56 22 fêtes
1410 1591 76 18 sèront

1017 1623 135 27 organisées.
1170 1621 45 21 Sur
1231 1626 35 15 ses
1280 1618 89 27 paroles
1381 1616 103 26 d’espoir,

1017 1652 191 21 chaleuresement
1223 1648 136 27 applaudies,
1375 1647 22 21 la
1407 1646 79 21 séance

1017 1684 35 17 est
1056 1680 70 21 levée.

1104 1743 298 31 SOUSCRIPTION

1054 1797 76 36 pour
1143 1785 147 38 l'érection
1307 1781 39 38 du
1362 1781 87 37 Buste

1093 1836 36 38 de
1146 1833 140 40 PASCAL
1302 1830 111 39 PÂÔL1

1140 1884 21 25 à
1180 1879 193 32 Morosaglia

1115 1949 278 30 TROISIÈME-LISTE

1045 2007 43 29 J-B
1102 2006 93 24 etS.de
1205 2004 102 23 Caraffa-
1392 2008 42 16 200

1047 2041 111 23 Coloniel
1171 2039 104 23 Ordioni
1395 2041 39 16 ÏOO

1048 2074 107 23 Docteur
1166 2072 110 26 Carlotti,
1287 2076 55 17 con-

1077 2108 81 22 seiller
1169 2106 97 29 général
1408 2109 27 23 50

1049 2142 123 23 Canonicu
1186 2139 123 23 Anîonelli
1406 2142 28 23 30

1051 2175 86 24 Comte
1147 2175 24 22 F.
1180 2174 29 22 de
1223 2172 134 28 Limperani
1408 2176 27 23 50

1051 2209 131 29 Santiaggi,
1192 2209 84 21 avocat
1283 2205 14 23 à
1306 2205 59 23 Nice
1408 2210 28 23 50

1049 2244 70 23 Amis
1127 2243 30 22 de
1168 2242 108 27 Bologna
1396 2244 38 22 137

1051 2276 134 26 Maestraci,
1191 2275 13 23 à
1215 2274 110 29 Magenta
1406 2278 28 16 10

1052 2311 93 23 Pelioni
1412 2312 25 16 10

1052 2344 192 26 Paoli,Douanes
1256 2341 66 23 Oran
1422 2346 10 22 5

1053 2378 66 23 Mme
1127 2377 68 23 Paoli
1422 2380 11 22 5

1051 2412 92 23 Nicolai
1149 2411 13 22 à
1173 2409 86 23 Bentré
1414 2413 25 16 10

1054 2446 39 23 Un
1106 2450 92 24 groupe
1207 2443 105 23 d’élèves
1323 2443 31 21 du

1083 2478 75 31 Lycée
1173 2478 104 22 Galvani
1296 2475 56 29 (Bo-

1081 2513 80 29 logna}
1402 2514 39 16 !°°

1056 2547 31 23 D.
1101 2547 65 22 Paoli
1416 2549 24 22 15

1054 2580 107 29 Marsily,
1174 2578 86 29 (Oran)
1429 2583 11 21 5

1056 2613 129 29 Pellcgrini
1202 2610 98 31 (Maroc)
1414 2614 28 16 20

1056 2648 66 23 Paoli
1138 2645 125 30 (Clamart)
1417 2648 27 16 10

1057 2680 124 24 Gabriellu
1195 2678 79 23 Rocca
1415 2682 27 22 25

1058 2714 107 24 Serafmu
1174 2713 80 22 Rocca
1415 2715 27 23 25

1057 2748 90 23 Matteu
1161 2747 78 21 Rocca
1414 2749 26 23 25

1056 2780 140 25 Ghiuvanni
1209 2779 79 22 Rocca
1416 2782 26 23 25

1057 2815 90 28 Marsilj
1158 2812 118 31 (Ajaccio)
1416 2816 29 16 20

1057 2850 28 22 B.
1097 2849 26 22 P.
1133 2848 13 22 à
1160 2846 99 28 Ajaccio
1417 2849 28 16 20

1059 2882 53 28 D.J.
1124 2881 93 22 Muselli
1227 2879 91 29 (Levie)
1433 2883 10 22 5

1058 2916 82 23 Marcu
1148 2912 186 28 Troncarocchja
1347 2918 13 14 e

1086 2947 129 24 Ghuvanni
1229 2945 111 23 Donzella
1417 2950 29 16 20

1060 2983 28 23 P.
1102 2983 26 22 P.
1138 2982 72 22 Porte
1433 2984 12 22 3

1059 3016 58 23 Mlle
1124 3016 28 21 de
1161 3016 22 21 la
1193 3014 89 22 Rossât
1395 3018 4 3 '
1419 3017 26 16 10

1060 3050 64 23 Prof.
1137 3049 63 22 Nc-sa
1209 3046 111 30 (Coggia)
1433 3051 12 21 7

1058 3083 122 24 Transmis
1201 3086 41 23 par
1251 3080 29 23 N.
1294 3080 20 26 J.
1326 3078 69 23 Mon-

1087 3118 18 21 ti
1116 3115 112 31 (Cannes)
1243 3120 5 15 :

1061 3147 306 29 Colombani,pharmacien
1419 3150 28 17 20

1061 3183 134 28 Quilichini
1434 3185 11 22 3

1062 3216 116 25 Grimaldi
1435 3218 11 22 5

1060 3251 20 23 N
1083 3252 48 21 ami
1434 3252 12 22 3

1063 3284 77 22 Monti
1433 3285 11 22 5

1062 3316 31 24 N.
1106 3316 66 23 Paoli
1436 3318 10 22 5

1063 3351 26 22 P.
1103 3350 65 22 Paoli
1436 3352 10 22 5

1062 3383 140 30 Squariconi
1436 3385 11 22 5

1062 3417 113 23 Vincenti
1437 3419 11 22 5

1064 3450 83 23 Orsini
1437 3452 11 21 3

1387 3493 62 22 1.059

1066 3519 74 24 Total
1148 3520 41 21 des
1198 3518 65 22 deux
1273 3519 107 26 premiè-

1092 3554 41 16 res
1145 3547 69 22 listes
1223 3552 6 15 :
1384 3547 104 24 4óQ7ó°

1096 3594 72 23 Total
1175 3592 107 31 général
1294 3598 6 13 :
1388 3589 103 29 5.566.30

1066 3650 44 21 Les
1136 3645 174 29 souscriptions
1336 3643 100 22 doivent
1458 3643 49 21 être

1037 3682 123 23 adressées
1177 3687 14 15 a
1209 3680 34 22 M.
1265 3678 83 26 Roger
1356 3675 120 26 Palmieri,
1494 3681 12 21 7

1040 3716 78 22 Cours
1128 3712 130 26 Grandval,
1264 3710 99 28 Ajaccio

1564 114 89 40 Qu’en
1670 111 217 48 pensez-vous?
1977 111 5 37 I

1522 209 75 22 Notre
1610 208 108 23 confrère
1734 208 125 23 «l’Eveil»
1874 208 60 21 dont
1944 207 23 21 la

1496 248 145 22 courageuse
1654 248 130 21 campagne
1796 242 83 21 contre
1893 241 22 21 la
1928 239 39 27 pè-

1495 281 44 22 gre
1549 276 42 26 qui
1605 275 72 21 mène
1690 276 23 21 le
1725 280 60 23 pays
1799 274 14 22 à
1823 273 97 22 l'abîme
1931 274 38 19 est

1495 308 80 22 suivie
1583 307 59 22 dans
1648 310 69 19 notre
1728 307 31 22 île
1766 312 59 16 avec
1839 313 33 15 un
1882 304 86 23 intérêt

1497 342 125 25 croissant,
1637 341 79 21 donne
1728 341 59 21 dans
1804 345 46 16 son
1868 337 100 24 numéro

1496 374 33 21 du
1548 374 26 21 18
1584 374 98 27 Janvier
1693 380 32 15 un
1738 378 136 17 savoureux
1882 371 87 22 extrait

1497 406 70 22 d’une
1581 407 123 22 circulaire
1716 406 111 22 adressée
1836 411 43 22 par
1889 406 23 20 le
1927 403 43 22 Di-

1496 442 94 20 recteur
1607 439 98 28 général
1727 440 43 21 des
1790 438 178 23 contributions

1497 473 103 22 directes
1621 473 13 22 à
1654 479 38 16 ses
1705 473 148 22 contrôleurs

1525 543 12 11 «
1547 534 117 21 L’examen
1673 535 40 20 des
1722 534 190 24 renseignements
1920 537 51 20 par-

1499 571 71 14 venus
1582 565 90 25 jusqu’à
1688 570 27 15 ce
1729 564 53 25 jour
1790 565 13 19 à
1812 562 159 22 l’Administra-
1980 557 5 39 J

1499 596 47 20 tion
1564 595 41 20 fait
1622 595 109 23 craindre,
1753 594 153 21 relativement
1921 594 14 19 à
1949 591 21 21 la

1500 625 126 22 confection
1635 626 39 20 des
1684 625 60 21 rôles
1758 624 28 22 de
1802 624 88 25 l’impôt
1903 628 39 16 sur
1949 621 22 21 le

1500 664 92 17 revenu,
1600 663 46 18 que
1653 656 21 20 le
1681 659 106 18 montant
1792 655 41 21 des
1841 653 129 22 cotisations
1981 650 6 22 i

1501 687 122 25 comprises
1640 687 56 20 dans
1712 686 23 20 la
1744 685 110 26 première
1867 684 57 21 série
1932 683 40 20 des

1500 718 105 21 matrices
1615 717 146 25 n’atteignent
1768 722 41 18 pas
1816 715 23 21 le
1846 714 79 21 chiffre
1932 713 40 20 des

1501 755 95 14 revenus
1599 748 63 20 surle
1665 747 52 25 quel
1722 753 30 14 on
1759 745 214 26 étaitlégitimement

1502 786 29 14 en
1544 779 60 21 droit
1620 778 28 20 de
1666 780 107 22 compter.
1787 777 23 20 Il
1821 776 96 25 importe
1928 780 46 19 que
1982 777 6 33 j

1502 812 51 18 tout
1559 810 46 20 soit
1612 809 45 21 rnis
1663 815 27 13 en
1706 813 77 15 oeuvre
1795 813 58 19 pour
1865 804 108 22 remédier

1503 841 14 20 à
1525 843 58 18 cette
1591 838 105 22 situation
1705 841 23 17 et
1736 838 88 20 obtenir
1832 837 52 24 qu’à
1899 836 22 19 la
1930 834 45 21 clô-

1502 874 51 17 ture
1561 870 28 20 de
1601 869 114 21 l’exercice
1723 868 34 21 les
1773 873 98 15 sommes
1879 865 95 25 compri-

1503 907 37 15 ses
1556 901 56 20 dans
1627 901 32 20 les
1675 900 60 20 rôles
1744 904 29 16 ne
1789 905 25 13 se
1822 900 104 18 trouvent
1934 901 40 18 pas

1503 931 133 21 inférieures
1652 936 57 20 pour
1723 928 129 22 l’ensemble
1870 927 30 21 du
1912 925 63 22 terri-

1503 963 57 20 toire
1568 968 44 15 aux
1621 960 139 22 évaluations
1774 958 141 26 budgétaires
1931 956 45 20 ins-

1504 993 67 21 crites
1584 993 15 20 à
1614 992 61 20 l’état
1686 991 28 21 G,
1728 991 87 20 annexé
1831 990 15 19 à
1863 989 21 21 la
1898 988 30 20 loi
1944 987 31 20 du

1504 1024 26 20 i3
1533 1023 74 26 juillet
1616 1022 51 25 1925
1675 1030 11 11 »

1534 1078 34 22 M.
1588 1077 76 23 Henri
1685 1076 105 23 Omessa
1808 1075 103 22 termine
1930 1078 45 16 son

1505 1112 82 22 article
1606 1116 32 16 en
1655 1109 138 23 établissant
1816 1114 33 17 un
1866 1105 110 31 parallèle
1987 1127 2 3 ,

1505 1148 68 20 entre
1593 1146 35 21 les
1646 1144 172 28 groupements
1838 1139 138 24 industriels
1986 1137 3 30 j

1506 1181 25 20 et
1542 1177 180 24 commerciaux
1739 1176 31 21 de
1785 1175 23 22 la
1830 1173 92 26 Sarthe,
1938 1171 39 22 dé-

1505 1213 137 27 partement
1653 1210 76 25 riche,
1746 1209 42 28 qui
1803 1208 123 22 montrent
1941 1206 36 21 les
1986 1208 3 13 1

1506 1246 70 22 dents
1592 1250 30 17 au
1640 1243 53 22 Fisc
1710 1244 25 20 et
1745 1243 36 21 les
1800 1239 176 24 contribuables

1507 1284 81 17 corses
1598 1278 41 27 qui
1651 1277 82 29 paient
1744 1276 54 22 tout
1806 1280 28 16 ce
1845 1273 73 28 qu’on
1925 1273 53 21 leur

1507 1312 118 24 demande
1637 1317 55 16 sans
1704 1309 131 24 sourciller.

1536 1346 68 23 Nous
1612 1345 163 28 n’ajouterons
1782 1347 62 23 pour
1851 1341 69 22 notre
1926 1340 53 27 part

1508 1386 77 17 aucun
1612 1377 172 24 commentaire
1808 1380 49 17 aux
1877 1371 101 31 paroles

1508 1415 35 21 du
1567 1421 13 14 «
1587 1412 124 29 FranpoÂs
1722 1411 92 27 Moyen
1822 1416 14 14 »
1855 1408 79 27 lequel
1944 1406 35 22 dit

1509 1448 57 22 bien
1576 1453 28 16 ce
1620 1446 58 28 qu’il
1689 1447 58 21 veut
1759 1444 51 22 dire
1830 1444 24 20 et
1869 1447 27 17 ce
1908 1439 71 29 qu’on

1508 1482 54 22 doit
1572 1481 79 22 dire...

1538 1515 62 22 Mais
1612 1519 62 17 nous
1690 1518 32 17 ne
1733 1515 111 24 pouvons
1857 1513 61 19 nous
1930 1512 50 17 em-

1510 1549 90 29 pêcher
1611 1548 32 21 de
1662 1550 138 23 remarquer
1811 1545 47 27 qué
1870 1543 24 22 la
1906 1542 75 22 circu-

1509 1584 61 22 laire
1577 1580 106 30 précitée
1694 1581 56 21 sent
1761 1584 45 17 son
1814 1577 78 23 ukase
1902 1575 14 22 à
1928 1575 53 28 plu-

1510 1619 78 21 sieurs
1604 1616 77 23 lieues
1698 1616 25 20 et
1741 1618 48 23 que
1799 1612 58 22 bien
1868 1609 67 30 pâles
1944 1609 38 39 ^et

1510 1652 59 22 bien
1581 1648 86 25 effacés
1680 1653 63 18 nous
1763 1645 119 24 semblent
1893 1642 16 23 à
1927 1640 54 24 côté

1511 1685 71 23 d’elle
1596 1685 36 22 les
1652 1682 70 27 édits,
1743 1680 56 23 d’un
1811 1677 127 24 Mussolini
1950 1681 33 17 ou

1512 1719 56 23 d’un
1576 1718 82 23 Primo
1670 1716 29 22 de
1711 1713 108 26 Riveira,
1828 1714 51 20 tant
1891 1708 91 25 décriés

1512 1753 84 29 parles
1609 1749 104 30 pontifes
1722 1749 31 21 de
1765 1749 22 22 la
1799 1745 150 29 démagogie.

1580 1831 38 36 La
1643 1830 83 36 Corse
1745 1826 170 44 Touristique

1536 1913 51 19 Voici
1595 1914 18 17 le
1622 1911 96 20 sommaire
1724 1910 25 18 du
1763 1913 18 15 n-
1791 1909 23 18 de
1821 1907 75 24 janvier
1901 1911 5 13 :
1925 1905 60 19 Edito-

1513 1942 42 22 rial,
1565 1940 19 20 C.
1595 1941 20 18 T.
1620 1950 25 4 —
1649 1938 113 23 Impression
1768 1937 45 19 d’un
1817 1940 72 19 voyage
1894 1939 25 14 en
1923 1933 61 21 Corse,

1513 1968 49 20 Paul
1568 1968 69 24 Mesplé
1645 1977 22 5 —
1675 1963 192 26 Napoleonade,tfenri
1874 1960 109 24 Pierangeli,
1995 1955 4 38 |

1513 1998 27 18 La
1544 1996 110 23 Biscia,/.fi.
1662 1993 66 20 Nalali
1734 2003 15 4 -
1755 1991 153 21 Porto-Vecchio,
1911 1990 76 22 Jaques
1996 1994 3 25 |

1512 2025 106 19 Luciani—
1630 2024 28 18 De
1666 2021 137 20 Mademoiselle
1810 2021 23 18 de
1841 2019 51 19 Blois
1899 2018 12 18 à
1921 2017 64 23 Davia,
1996 2012 3 34 j

1513 2054 48 18 Fille
1566 2054 23 17 de
1596 2052 65 21 Corse,
1665 2050 119 23 Impératrice
1791 2049 26 18 du
1833 2047 67 22 Maroc,
1915 2045 73 20 Charles

1512 2079 106 19 Maurevert
1666 2076 40 21 Une
1713 2075 109 20 conférence
1833 2078 34 14 sur
1879 2074 20 17 la
1912 2072 57 18 Corse
1976 2071 12 18 à

1513 2107 51 21 Nice,
1574 2105 59 20 Emile
1644 2104 73 20 Leclerc
1722 2113 26 6 ---■
1751 2103 73 19 L’Allée
1834 2102 34 18 des
1883 2101 105 18 Tombeaux

1513 2135 88 23 (sonnet),
1612 2133 46 19 Max
1663 2133 58 24 Roger
1726 2142 23 4 —
1754 2133 26 18 Le
1785 2131 36 19 Roi
1828 2131 25 18 de
1862 2131 64 21 Rome,
1938 2127 51 20 Jules

1514 2164 78 19 Dumont
1596 2172 23 6 —
1628 2162 96 19 Gallochio
1730 2161 85 23 (roman),
1821 2159 59 20 Henri
1885 2159 102 19 Pierhome.

1543 2206 132 23 Sommaire
1691 2204 49 29 qui,
1748 2208 94 18 comme
1852 2207 32 17 on
1893 2202 22 21 le
1927 2200 60 26 voit,

1515 2244 37 19 est
1566 2240 47 22 fort
1621 2238 150 23 substantiel.

1544 2273 67 23 Nous
1630 2279 31 16 ne
1676 2272 109 22 saurions
1800 2273 55 24 trop
1876 2273 114 19 encoura-

1516 2314 43 23 ger
1582 2312 45 18 nos
1645 2306 170 28 compatriotes
1835 2303 14 22 à
1868 2304 43 21 lire
1928 2304 61 20 cette

1518 2341 157 23 intéressante
1701 2339 146 28 publication
1879 2336 59 23 dont
1968 2336 22 21 la

1518 2376 81 22 bonne
1616 2377 71 19 tenue
1699 2372 115 23 littéraire
1829 2372 24 21 le
1870 2370 96 28 dispute
1977 2368 13 22 à

1518 2408 103 26 l’utilité,
1632 2409 25 20 ni
1667 2413 65 16 assez
1743 2405 101 23 faciliter
1866 2409 43 17 son
1932 2403 58 21 vail-

1519 2445 50 20 lant
1581 2442 125 25 directeur,
1721 2439 33 24 M.
1777 2438 110 28 François
1908 2437 81 25 Pietri,

1519 2477 32 22 de
1559 2476 146 28 l’impulsion
1717 2473 59 28 qu'il
1787 2478 13 16 a
1815 2478 29 16 su
1852 2472 34 21 lui
1898 2471 93 22 donner

1520 2509 90 29 malgré
1630 2509 36 21 les
1686 2509 94 20 avatars
1799 2511 45 23 que
1853 2517 27 4 —
1893 2504 59 22 dans
1969 2504 22 21 le

1521 2544 60 27 goût
1593 2543 30 22 de
1635 2541 62 23 celui
1710 2541 58 27 qu’il
1781 2545 60 16 nous
1853 2543 69 17 narre
1934 2538 58 22 dans

1521 2582 44 17 son
1585 2575 110 23 éditorial
1707 2585 27 5 —
1747 2574 174 27 fréquemment
1943 2570 48 22 l’on

1522 2613 136 20 rencontre.

1554 2708 154 45 Stsmparia
1733 2706 32 36 di
1786 2704 24 37 k
1831 2702 130 39 MUVM

1549 2804 173 22 S’annuncianu
1737 2803 27 21 di
1770 2802 113 25 prossima
1891 2799 103 27 publica-
2004 2794 6 43 j

1523 2837 69 20 zione
1599 2842 9 14 :

1643 2867 231 25 RÏSAEPIANTI

1645 2903 73 19 Sunetti
1729 2907 11 14 e
1751 2901 65 23 puesie
1823 2900 52 19 varie

1750 2930 20 18 di
2005 2920 6 40 J

1666 2957 62 20 Paoli
1741 2958 23 18 di
1776 2956 80 25 Taglio

1539 3020 24 22 A
1578 3019 140 24 CtJMUNA
1729 3018 35 22 DI
1776 3015 207 26 PARAPIGLIA

1660 3052 107 19 Cummedia
1779 3052 19 18 iu
1809 3051 11 18 4
1828 3051 35 18 atti

1752 3080 20 18 di

1703 3107 117 20 Maistrale

1539 3179 71 23 UNA
1619 3179 96 22 FILZA
1722 3178 35 23 DI
1766 3175 219 25 FRANCESISMI

1588 3212 48 19 Colti
1644 3212 49 18 nelle
1702 3211 69 24 parlate
1784 3210 87 19 dialeltali
1880 3213 52 15 corse

1754 3240 23 18 da
2010 3229 3 31 I

1692 3267 19 19 U
1721 3267 116 18 Babbnziu
2011 3260 2 36 j

1565 3337 234 23 STALBATOGHJ
1813 3336 20 22 E
1845 3334 118 24 PUESIE
2011 3328 2 39 j

1754 3370 19 18 di

1666 3398 108 20 Jannettu
1786 3397 76 19 Notini

1686 3426 17 19 U
1712 3425 134 24 Sampelrucciu

1558 3496 149 23 LETTARE
1722 3496 23 22 A
1760 3493 212 24 LUMBRICONE

1756 3528 19 18 di

1707 3556 118 19 Maistrale

1559 3629 82 24 Quelli
1658 3629 44 22 chi
1714 3629 121 21 ricevenu
1849 3628 25 21 A
1883 3626 121 24 MUVRA

1531 3675 14 15 e
1560 3668 74 23 ch’un
1652 3668 25 21 si
1697 3667 94 22 vôlemi
1807 3667 66 21 mica
1893 3665 110 28 abbunà,

1532 3713 35 16 un
1575 3706 69 22 hanu
1652 3712 31 16 ca
1691 3712 16 15 a
1716 3705 122 23 r-icusalla
1847 3711 16 16 a
1878 3711 18 16 u
1906 3705 94 26 pidone

1993 106 42 51 A
2059 105 232 53 Cumuna

2163 189 51 52 di
2237 186 228 69 Paraglia

2047 315 196 26 Cummedia
2260 316 34 23 in
2311 314 21 25 4
2352 316 56 23 atti

2082 371 33 26 di
2134 370 244 26 MAISTRALE

2169 479 17 16 n
2194 473 85 23 Merru

2024 516 77 23 Cumu
2116 518 21 21 si
2150 517 96 27 pudarìa
2259 517 21 22 fà
2290 519 12 21 ?

2181 563 109 21 Duratea

2025 605 55 23 Fate
2093 606 6 21 i
2112 606 56 22 balli
2179 607 114 27 publichi;
2318 607 149 28 organizzate

1996 639 61 22 assai
2070 639 67 26 feste,
2150 640 24 21 di
2188 642 36 20 ste
2236 641 62 21 belle
2316 640 61 23 feste
2389 645 76 20 corse;

1996 672 113 22 lasciateli
2122 673 67 22 cantà
2202 679 13 15 e
2233 676 86 20 nostre-
2335 674 70 22 dolce
2428 679 40 21 pa-

1998 706 87 26 ghielle
2093 708 63 20 sottu
2165 712 13 16 e
2191 710 80 19 nostre
2277 707 191 25 finestre;lascia-

1998 740 39 20 teli
2048 744 62 17 vene
2129 745 13 16 a
2156 740 49 22 noi.

2181 791 17 16 u
2203 785 85 23 Merrn

2028 828 34 22 Mi
2075 829 53 22 date
2141 835 45 17 una
2198 830 117 22 bôn’idea.

2178 875 112 22 Duratea

2028 918 54 22 Fate
2095 919 73 22 infîne
2180 919 37 22 chi
2228 920 39 22 noi
2283 920 106 27 possimu
2402 920 68 21 avvi-

2000 952 89 22 cinacci
2102 952 29 21 da
2144 953 6 21 i
2163 953 118 27 givanotti

2181 1003 17 16 u
2209 997 85 22 Merru

2030 1042 22 20 A
2065 1043 86 26 stoppa
2162 1043 83 21 vicinu
2257 1048 34 16 au
2302 1042 54 22 fòcu
2365 1043 13 21 ?

2184 1088 109 21 Duratea

2030 1130 33 26 Si,
2077 1136 12 16 a
2102 1132 93 26 stoppa;
2209 1137 37 17 ma
2257 1138 13 16 a
2283 1135 85 24 stoppa
2391 1132 24 22 di
2431 1132 40 21 noi

2002 1164 59 21 altre
2078 1169 76 22 corse,
2167 1164 14 22 è
2193 1171 13 15 a
2227 1167 80 20 nostra
2319 1165 153 28 intilligenza,

2002 1203 13 16 e
2025 1200 81 20 nostre
2117 1198 64 22 virtù
2193 1198 23 22 di
2226 1198 112 29 famiglia.

2178 1249 18 16 u
2210 1243 85 22 Merru

2032 1286 16 23 E
2057 1287 31 27 pò
2100 1292 13 16 a
2125 1290 81 20 vostra
2216 1288 120 22 billezza...

2186 1333 108 22 Duratea

2032 1378 175 28 Ringraziendu
2223 1384 12 16 a
2254 1386 14 14 u
2283 1379 99 28 signorc
2393 1384 14 16 e
2424 1385 12 15 a
2453 1379 22 21 la

2005 1417 61 16 razza
2083 1416 75 21 corsa,
2178 1412 21 21 ci
2223 1412 102 27 pudemu
2339 1411 112 28 cumparà
2463 1418 12 15 a

2005 1447 61 20 tutte
2083 1445 73 22 l’altre
2176 1446 132 28 givanotte.
2328 1444 27 23 In
2378 1445 98 23 Corsica

2005 1479 35 22 c’è
2046 1484 89 23 sangue
2140 1484 63 23 puru
2209 1484 15 16 e
2229 1479 134 22 sintimenti
2371 1479 106 22 schietti.

2185 1533 18 16 u
2213 1527 86 22 Merru

1990 1570 5 29 I
2034 1571 18 28 È
2063 1577 58 24 bera
2130 1584 6 20 ;
2150 1577 42 28 qui
2203 1577 32 28 pô
2246 1583 33 17 un
2291 1578 34 22 c’è
2342 1579 66 21 tante
2430 1582 48 17 ma-

2006 1612 105 22 latiacce.

2190 1656 109 22 Duratea

2036 1704 20 23 E
2067 1704 34 28 pò
2116 1710 87 16 avemu
2221 1710 17 15 u
2252 1703 99 23 stimûhi
2362 1709 14 17 e
2386 1702 95 24 l’amor-

2009 1738 94 28 pròpiu,
2113 1744 16 15 u
2140 1738 141 23 sintimentu
2301 1738 25 21 di
2337 1743 15 15 a
2363 1737 116 29 fâmiglia.

2010 1773 41 22 Un
2070 1772 106 29 giovanu
2199 1770 38 24 chi
2249 1771 139 23 s’immarita
2399 1770 52 23 fòra
2468 1770 14 22 è

2009 1813 34 16 un
2054 1805 60 23 òmii
2122 1810 72 23 persu
2203 1811 31 22 pa
2242 1811 15 16 a
2265 1804 107 23 Corsica.
2386 1803 40 23 Gu.
2436 1810 46 16 una

2010 1840 25 23 di
2046 1840 50 27 noi,
2111 1839 77 23 Tômu
2203 1841 67 26 parte
2286 1839 101 22 luntanu
2397 1844 40 16 ma
2450 1838 33 22 ri-

2011 1876 70 21 torna
2092 1880 14 15 a
2114 1879 16 15 u
2140 1878 73 23 paese
2221 1872 67 23 c’una
2302 1872 139 22 bandarella
2458 1871 24 22 di

2010 1902 72 23 zitelli
2095 1901 37 23 chi
2145 1901 19 22 si
2187 1901 125 22 chiamanu
2324 1906 70 17 cume
2407 1900 6 21 i
2427 1900 57 22 bab-

2011 1936 57 23 boni
2082 1941 66 17 cume
2161 1940 13 16 e
2187 1939 143 20 mammone,
2340 1934 71 22 zitelli
2426 1933 57 22 facci

2011 1969 67 23 tondi
2091 1976 14 15 e
2117 1969 84 28 grassi.

2188 2026 17 16 n
2217 2019 83 22 Merru

2041 2068 41 23 Oh
2093 2069 5 21 !
2112 2067 69 23 Cumi
2207 2068 31 22 bo
2249 2068 88 27 parlate
2353 2067 38 26 bè,
2405 2067 15 22 ò
2437 2072 48 16 ma-

2014 2102 122 23 damicella
2151 2102 6 21 !

2195 2148 110 21 Duratea

2044 2192 141 23 Pudariamu
2197 2194 66 25 parte
2284 2198 60 16 ancu
2355 2192 43 22 noi
2417 2197 16 16 e
2451 2191 35 27 pi-

2014 2226 49 30 glià
2072 2233 27 16 se
2107 2225 99 23 Franciè
2213 2233 6 19 ;
2229 2232 44 21 par
2283 2231 29 16 su
2327 2225 99 26 mondu,
2440 2230 47 16 una

2017 2260 76 23 Corsa
2103 2266 33 16 un
2146 2260 15 21 è
2172 2260 25 21 in
2207 2265 63 22 pena
2287 2259 24 22 di
2323 2258 79 23 truvà-
2415 2258 73 22 mari-

2015 2293 34 23 tu'
2060 2294 41 22 Ma
2105 2299 88 17 avemu
2200 2300 16 15 u
2220 2293 142 22 sintimentu
2371 2292 25 22 di
2409 2298 14 16 a
2431 2297 56 16 nos-

2015 2330 36 20 tra
2062 2328 147 27 riputazione
2220 2333 15 15 e
2247 2333 17 15 u
2275 2326 140 22 sintimentu
2438 2325 24 21 di
2475 2332 13 14 a

2015 2361 148 28 riputazione
2173 2360 26 22 di
2208 2366 14 16 a
2232 2361 83 21 nostra
2323 2358 88 23 Patria.
2423 2358 66 23 Cosa

2016 2394 131 23 diciarìanu
2157 2394 25 22 di
2203 2400 14 16 a
2229 2393 106 26 Corsica,
2352 2393 21 21 si
2385 2392 103 22 dumane

2016 2428 67 23 mille
2094 2428 124 28 givanotte
2227 2432 67 17 corse
2305 2426 151 28 piglìassìmu
2474 2432 16 15 u

2017 2462 89 22 batellu
2115 2467 44 22 par
2169 2460 62 23 andà
2240 2466 13 16 a
2264 2459 63 23 circà
2335 2459 89 22 maritu
2431 2460 14 21 ?
2464 2459 25 21 di

2018 2496 81 22 sicuru
2112 2494 38 22 chi
2163 2494 8 23 î
2194 2493 70 23 Corsi
2282 2493 24 22 di
2318 2499 17 16 u
2344 2492 95 23 mondu
2454 2493 37 21 in-

2016 2530 66 21 tieru
2089 2534 32 16 ne
2133 2527 114 23 avarianu
2257 2532 132 23 vargogna.

2047 2568 41 22 Ma
2111 2573 32 16 un
2165 2566 95 22 abbiate
2278 2572 47 21 pur
2342 2566 100 27 pinseru
2453 2565 5 21 !
2473 2565 18 22 E

2019 2601 80 23 donne
2112 2605 75 20 corse,
2202 2600 25 22 in
2238 2601 83 25 tempu
2332 2598 160 29 anticu,ghiu-

2018 2635 63 22 rònu
2092 2634 56 21 d’un
2158 2632 153 23 immaritassi
2330 2633 63 22 mica
2404 2638 44 22 par
2458 2638 33 16 un

2021 2668 23 22 fà
2055 2667 101 22 schiavi.

2049 2706 56 23 Avà
2116 2711 14 16 e
2141 2706 81 23 donne
2243 2711 67 17 corse
2329 2705 164 29 preferiscenu

2019 2741 56 22 d’un
2091 2739 69 23 truvà
2168 2740 63 22 mica
2236 2740 88 21 maritu
2335 2740 119 26 piuttostu
2465 2745 30 16 ca

2008 2782 2 9 :
2020 2774 24 22 di
2055 2776 65 26 parte
2133 2779 12 16 a
2158 2772 185 29 invargugnisce
2354 2778 13 16 a
2381 2771 110 23 Corsica.

2191 2830 19 15 u
2221 2823 92 23 Merru.

2008 2865 3 41 |
2050 2873 49 23 Oh!
2107 2874 62 22 cumi
2179 2873 31 22 bo
2217 2874 87 26 parlate
2316 2872 30 22 bè
2356 2872 6 21 !
2373 2877 39 17 ma
2423 2877 70 17 cume

2021 2909 30 21 bo
2064 2910 51 20 sete
2125 2906 99 23 distinta
2237 2906 6 21 !

2200 2951 109 22 Duratea

2051 2995 18 23 E
2086 2996 32 27 pò
2133 2996 40 22 noi
2186 2995 87 27 quandi
2296 3000 32 16 no
2343 2993 151 23 c’immarite-

2025 3036 40 16 mu
2078 3030 13 21 è
2104 3034 42 23 par
2154 3028 22 23 fà
2188 3028 106 28 famiglia
2301 3028 61 21 mica
2372 3032 43 23 par
2424 3027 22 22 fà
2459 3027 36 22 in-

2023 3064 117 22 crôccule.

2052 3102 11 23 I
2075 3101 85 27 nostri,
2182 3101 8 21 i
2200 3100 80 27 zitelli,
2301 3100 128 28 qüand’elli
2441 3105 55 23 pas-

2008 3128 6 30 I
2024 3142 66 20 sanu,
2115 3136 75 21 saluta
2210 3141 17 15 u
2244 3134 93 22 mondu
2353 3134 91 22 intieru
2451 3139 8 6 *
2473 3134 22 21 si

2025 3169 125 22 chiamanu
2157 3167 172 23 Sambucucciu
2338 3167 6 21 !
2356 3166 138 29 Sampieru!

2008 3193 7 31 I
2025 3203 30 22 de
2066 3202 67 22 Paoli
2144 3202 6 21 !
2164 3200 133 29 Napulione
2309 3201 6 21 !

2109 3258 18 17 u
2132 3252 87 22 Merru
2227 3251 186 29 (emuqiunatu)

2009 3288 6 30 I
2053 3296 126 23 Tuccatela
2187 3296 43 28 qui
2239 3295 7 22 !
2269 3294 28 24 sô
2308 3295 61 22 fiera
2390 3295 27 23 di
2428 3298 70 20 sente

2027 3332 36 20 ste
2079 3331 82 26 parole
2173 3329 84 23 divine
2264 3330 6 21 !
2292 3328 93 23 Evviva
2401 3335 16 15 e
2435 3335 64 17 sem-

2010 3355 6 30 I
2028 3369 42 23 pre
2082 3364 88 21 evviva
2180 3369 14 16 e
2199 3364 84 21 nostre
2292 3361 76 24 Corse
2382 3363 6 21 !

2186 3451 104 23 SCENA
2302 3452 38 23 IV

2054 3534 19 16 u
2087 3528 86 22 Merru
2184 3538 29 5 —
2233 3534 18 16 u
2262 3529 80 23 Pueta
2352 3535 77 17 corsu

2210 3588 20 16 u
2239 3582 81 23 Pueta

2056 3619 50 23 Pan
2115 3620 6 22 !
2134 3620 50 23 Pan
2194 3621 6 21 !

2208 3667 20 15 u
2238 3660 85 23 Merru

2057 3702 90 21 Avanti
2157 3702 6 21 !

2058 3763 17 12 -.
2093 3764 2 2 ■

1739 2668 4 3 .
1747 2663 13 11 •»
