2572 3960
261 171 377 55 GIURNALI
671 167 239 53 CORSI

93 315 99 24 L’Eveil
199 315 33 22 de
242 314 26 22 la
280 313 73 22 Corse
363 323 29 4 —
403 315 91 22 12-2-25

246 367 163 25 BULLETIN

123 452 58 20 C’est
191 453 50 22 par
247 449 32 20 de
294 452 84 19 vagues
392 441 172 25 communiqués

95 483 30 20 de
137 484 79 23 presse
231 485 46 20 que
290 483 57 15 nous
359 480 72 16 avons
445 472 81 25 appris
541 471 23 20 le

95 512 113 25 naufrage
216 510 34 20 du
264 511 87 22 vapeur
365 505 91 24 Saigon,
466 502 43 26 qui
518 501 46 20 dis-

93 544 74 24 parut
173 543 68 22 corps
248 541 25 18 et
285 538 70 22 biens,
367 535 20 21 il
396 541 17 19 y
420 541 17 13 a
454 532 111 26 quelques

95 573 121 21 semaines,
229 569 99 26 quelque
333 568 57 24 part
397 565 64 20 dans
470 562 95 22 l’Extrê-

96 611 36 14 me
142 602 87 21 Orient.

122 640 43 21 Les
167 638 120 25 journaux
293 636 115 23 signalent
413 636 78 20 quuy
499 636 66 13 avau

99 672 17 19 à
127 669 60 22 bord
190 668 54 22 huit
251 664 167 23 missionnaires
435 664 24 18 et
474 661 91 25 quatre-

98 701 65 24 vingt
178 701 85 23 quatre
276 696 121 24 indigènes.
407 693 37 20 La
461 689 105 22 nouvelle

97 739 14 12 e
115 733 24 18 st
157 728 164 22 certainement
345 722 134 25 incomplète
486 734 6 5 •
514 720 22 19 il
550 725 16 18 y

97 757 67 25 avait
174 760 43 20 des
231 762 131 21 passagers,
379 755 32 22 et,
417 751 82 26 parmi
513 755 50 16 eux,

97 792 110 26 quelques
223 786 165 27 compatriotes.
417 783 37 20 On
473 781 93 20 connaît

98 823 22 20 le
128 827 52 15 nom
188 821 34 20 du
228 818 87 22 second
323 817 32 20 du
364 814 89 23 navire,
453 813 60 20 Jean
523 811 43 20 Sd-

98 852 77 23 biani;
191 857 31 14 on
237 849 94 22 connaît
344 845 129 26 également
481 842 22 20 le
513 847 53 14 nom

98 884 55 21 d’un
161 885 67 18 autre
239 876 189 27 Corse,M.André
436 871 131 24 Tessarech;

98 915 21 20 il
128 914 57 21 était
198 913 23 20 le
235 917 73 17 neveu
320 909 30 20 de
364 907 34 21 M.
409 903 130 24 Tessarech,
550 902 16 20 à

99 945 42 26 qui
147 950 59 15 nous
219 943 136 25 présentons
367 938 32 20 ici
409 943 45 14 nos
464 933 104 23 condolé-

99 982 68 15 ances
171 976 85 19 émues.
263 973 61 20 Sans
331 970 67 20 doute
404 975 13 12 s
423 973 29 14 en
459 964 109 22 troiivait-

100 1007 20 20 il
123 1006 18 21 d
146 1008 78 18 autres
230 1007 80 17 encore
315 1007 5 13 :
327 1005 56 16 nous
391 996 177 27 Vapprendrons

99 1043 33 15 au
137 1037 44 24 gré
186 1035 44 21 des
232 1034 74 25 jours,
315 1032 17 20 à
339 1030 73 21 moins
417 1034 48 20 que
472 1032 59 15 nous
538 1031 30 15 ne

99 1068 23 20 le
126 1066 108 22 sachions
237 1063 88 27 jamais
335 1060 147 21 exactement.

125 1098 33 21 Lé
163 1099 91 22 vapeur
261 1101 17 14 a
286 1094 37 20 été
329 1090 100 27 englouti
434 1092 49 22 par
494 1094 34 14 un
536 1089 32 22 ty-

98 1129 73 25 phon;
178 1126 52 21 cela
234 1131 31 15 ne
269 1123 119 26 pardonne
393 1124 54 22 pas,
451 1117 116 27 paraît-il,

99 1159 61 24 et,de
174 1157 55 25 fait,
250 1161 30 15 on
296 1153 39 21 n’a
353 1155 52 22 pas.
420 1149 107 22 retrouvé
543 1148 25 20 la

100 1188 101 22 moindre
209 1188 82 24 épave.
302 1182 116 25 Toutefois,
428 1181 44 20 des
481 1178 88 22 marins

100 1220 117 27 affirment
234 1223 46 20 que
299 1215 22 20 le
332 1213 79 21 navire
419 1211 61 21 était
492 1210 75 23 vieux,

100 1250 51 22 mal
156 1256 28 14 en
199 1248 78 25 point,
293 1248 24 18 et
332 1250 44 20 que
387 1249 37 15 ses
438 1242 131 21 armateurs

101 1282 22 20 ri
123 1280 108 22 auraient
231 1281 49 22 pas
284 1276 32 21 dû
324 1275 21 21 le
352 1274 82 21 laisser
437 1279 31 14 en
475 1271 92 21 service.

100 1312 117 21 D'aucuns
225 1308 106 25 ajoutent
341 1311 50 20 que,
408 1303 40 22 s'il
454 1302 68 22 avait
533 1303 37 18 été

101 1341 65 23 muni
171 1341 30 20 de
209 1339 30 21 là
247 1339 21 20 T
269 1337 72 23 .S.F.,
350 1336 20 20 il
380 1334 81 22 aurait
472 1337 35 22 pu
519 1333 51 20 lan-

101 1380 38 14 cer
142 1372 41 21 des
186 1369 85 27 appels
277 1369 30 21 de
314 1367 129 23 détresse,et
448 1364 119 26 peut-être,

102 1403 88 25 malgré
195 1401 24 21 le
228 1399 93 27 typhon,
334 1404 36 14 ses
383 1400 128 22 passagers
528 1400 42 14 au-

102 1432 115 23 raient-ils
230 1432 40 19 été
281 1434 104 16 secourus
398 1427 17 20 à
432 1428 75 22 temps
522 1427 48 22 par

102 1464 101 27 quelque
208 1462 82 21 navire
291 1460 54 25 plus
351 1458 118 22 résistant.

127 1499 70 23 Est-il
210 1496 134 23 admissible
359 1495 71 27 qu’au
448 1494 122 23 vingtième

102 1531 117 24 siècle,des
222 1527 130 27 paquebots
356 1526 111 20 assurant
470 1524 22 20 le
497 1525 74 19 trans-

100 1564 54 24 port
165 1561 29 20 de
206 1564 128 21 voyageurs
346 1557 72 20 soient
425 1554 114 21 autorisés
554 1553 16 20 à

103 1591 161 26 entreprendre
267 1596 44 14 une
316 1585 184 24 traversée,alors
503 1583 69 27 qu’ils

103 1624 62 21 n'ont
174 1624 49 23 pas
240 1621 39 20 été
293 1619 64 22 dotés,
371 1618 30 20 de
417 1617 25 20 la
457 1615 23 21 T.
490 1615 26 22 S.
524 1614 47 23 F.?

103 1655 43 24 N’y
153 1660 16 14 a
173 1652 43 22 Ml
218 1656 49 21 pas
274 1657 45 14 une
331 1649 76 24 loi,n’y
413 1647 67 22 a-t-il
485 1649 48 22 pas
540 1649 33 17 un

104 1684 124 25 règlement
235 1682 44 26 ’efui
285 1687 29 14 en
322 1678 118 23 décident?
446 1678 20 21 S
472 1677 20 21 U
498 1679 17 19 h
519 1682 16 20 y
543 1682 28 14 en

105 1723 16 13 a
127 1718 52 22 pas,
185 1714 21 20 il
210 1713 57 26 faut
273 1719 26 14 se
313 1711 65 20 hâter
391 1710 30 20 de
429 1710 95 24 réparer
538 1708 35 19 cet

104 1745 67 22 oubli.
181 1745 31 21 Et
224 1743 39 22 s’il
267 1750 16 18 y
287 1749 28 14 en
324 1749 22 15 a,
356 1751 24 4 —
388 1747 26 14 ce
424 1740 45 25 qui
481 1741 36 18 est
520 1741 53 22 pro-

104 1776 67 21 bable
176 1787 27 4 —
211 1775 35 20 les
254 1775 125 19 armateurs
387 1769 126 27 coupables
524 1768 47 21 doi-

104 1809 53 19 vent
165 1808 47 20 être
223 1803 130 27 poursuivis
366 1805 23 18 et
400 1802 73 25 punis
488 1801 86 20 sévère-

105 1840 67 18 ment.

123 1868 110 21 Sanction
242 1864 159 24 tardive,hélas
409 1865 25 19 et
441 1862 44 26 qui
489 1868 29 14 ne
525 1867 49 14 ren-

105 1900 43 19 dra
157 1902 47 21 pas
213 1898 26 20 la
248 1897 37 20 vie
292 1897 16 19 à
314 1902 40 14 nos
360 1894 151 21 malheureux
517 1898 57 15 com-

103 1930 138 25 patriotes...
251 1928 63 21 Nous
327 1933 28 14 ne
366 1929 107 22 pouvons
484 1923 89 25 aujour-

106 1960 65 23 d’hui
177 1959 147 26 gu'adresser
331 1964 30 13 un
374 1957 107 24 suprême
489 1954 63 21 salut
558 1954 16 19 à

107 1992 48 21 leur
169 1989 114 24 mémoire,
299 1991 23 18 et
335 1987 132 26 frissonner
479 1992 30 14 en
524 1991 51 14 son-

105 2024 71 24 geant
190 2022 16 19 à
219 2021 28 20 la
258 2022 59 19 mort
337 2017 124 26 effroyable
477 2022 45 19 que
534 2015 42 21 dut

106 2055 46 18 être
156 2052 24 21 la
189 2052 78 21 leur...

133 2128 36 21 La
179 2125 157 24 Démocratie
352 2124 73 22 Corse
445 2135 31 4 —
487 2121 92 25 10-2-26

132 2179 66 20 Notre
216 2184 59 16 race,
297 2180 61 16 notre
374 2175 84 24 nation,
477 2177 63 17 notre
548 2173 29 20 île

108 2213 50 18 sont
173 2208 153 25 représentées
344 2213 27 14 au
385 2204 188 22 Palais-Bourbon

109 2247 39 19 par
160 2243 78 22 quatre
254 2236 183 27 parlementaires.
447 2235 66 21 Trois
525 2238 51 18 sont

108 2271 38 21 des
166 2270 164 25 représentants
342 2267 27 20 de
381 2267 20 20 la
416 2267 93 22 France,
518 2269 23 17 et
549 2264 28 21 ils

108 2300 187 27 prétendent-aux
317 2298 49 25 plus
383 2298 79 20 hautes
484 2296 92 25 charges

108 2332 28 20 de
156 2331 71 20 l’Etat.
252 2330 58 20 C’est
319 2329 47 21 leur
381 2328 67 24 droit,
458 2328 55 20 c'est
523 2333 52 14 sans

108 2369 70 14 aucun
201 2361 69 20 douté
298 2360 47 20 leur
370 2359 85 23 devoir,
483 2358 56 20 mais
556 2357 21 20 la

110 2393 81 20 France
203 2397 74 19 passe,
312 2397 55 18 pour
384 2397 50 15 eux,
462 2392 67 17 avant
555 2388 22 20 la

109 2423 74 20 Corse.
213 2422 84 21 Toutes
324 2421 32 20 les
373 2420 156 26 protestations
546 2419 29 20 du

109 2453 80 21 monde
206 2453 37 24 n’y
266 2452 133 25 changeront
412 2452 49 20 rien
481 2457 29 14 ou
525 2449 51 21 bien

114 2490 55 15 nous
182 2487 133 22 pousseront
324 2483 13 19 à
343 2481 94 22 affirmer
451 2481 65 26 qu’ils
525 2487 52 18 pen-

109 2518 49 18 sent
179 2515 13 19 à
203 2514 136 20 eux-mêmes
356 2517 66 16 avant
441 2512 30 21 de
497 2518 80 19 penser

110 2547 13 18 à
138 2545 21 20 la
172 2545 93 23 France,
288 2543 49 26 puis
354 2544 12 19 à
382 2543 21 21 la
418 2543 78 21 Corse.
517 2542 61 21 Nous

110 2575 134 26 ajouterions
268 2575 71 20 même
359 2574 64 25 qu’ils
446 2576 132 23 supportent

111 2606 151 21 malaisément
291 2610 43 20 que
351 2605 38 20 des
415 2604 104 21 bienfaits
541 2609 37 14 ex-

110 2635 212 27 traparlementaires
353 2635 115 21 s’abattent
498 2641 38 14 sur
557 2633 21 20 la

111 2667 74 21 Corse.

136 2703 60 20 Nous
204 2709 72 14 avons
284 2703 57 20 donc
350 2702 52 20 trois
414 2702 164 25 représentants

590 308 30 19 du
639 307 83 25 peuple
738 307 14 19 à
768 305 21 20 la
798 304 110 21 Chambre
925 302 38 25 qui
972 305 40 17 ont
1021 302 42 21 été,

588 341 53 17 sont
658 344 29 13 ou
708 339 75 18 seront
807 335 121 20 ministres.
938 332 61 21 C’est
1006 337 59 20 pour

588 374 58 14 nous
663 374 32 13 un
712 366 71 25 grand
790 366 111 20 honneur,
919 362 142 26 quelquefois

588 405 46 13 une
651 398 48 25 joie
713 396 148 26 personnelle,
880 395 54 20 c'est
950 396 114 18 rarement

588 435 32 13 un
641 431 110 21 avantage
767 433 57 19 pour
839 426 23 20 la
874 425 77 21 Corse.

616 563 104 21 L’avenir
734 565 33 18 est
779 562 141 21 lourdement
934 561 67 24 grevé
1021 565 41 19 par

589 594 161 21 l’indiftérence
774 592 28 21 de
828 595 52 18 tous
910 597 41 14 nos
973 596 90 19 compa-

590 624 78 21 triotes
684 627 24 18 et
721 624 22 20 le
759 622 139 27 scepticisme
914 622 29 20 de
960 627 42 14 nos
1013 626 50 20 par-

589 655 153 21 lementaires.
760 654 92 21 Chacun
868 653 64 20 d’eux
945 652 35 21 n’a
993 651 71 26 pensé

591 687 51 24 qu’à
658 686 115 20 lui-même
799 691 30 13 ou
844 685 14 19 à
881 690 25 13 sa
915 683 111 22 clientèle,
1035 681 30 20 de

591 719 61 18 sorte
684 722 46 18 que
751 721 58 14 nous
834 714 116 20 subissons
973 718 90 18 encore,

591 753 29 14 en
637 746 72 25 partie
734 748 49 17 tout
804 751 29 14 au
851 744 82 23 moins,
946 743 34 21 les
1000 743 64 20 effets

591 777 29 20 de
632 776 55 21 trois
709 782 87 14 erreurs
815 774 113 21 mortelles
937 781 7 13 :

617 813 21 18 l*
651 810 31 20 La
695 809 75 21 hâtive
783 808 135 25 intégration
936 808 29 20 de
980 807 21 20 la
1010 807 55 20 Cor-

592 848 25 13 se
636 841 58 20 dans
709 841 23 20 le
747 839 66 22 cadre
830 837 159 22 administratif
1005 837 61 21 fran-

592 872 54 24 çais.
660 870 153 22 L’Assemblée
835 869 116 22 Nationale
970 869 28 20 de
1014 868 51 25 1789

592 910 15 18 y
626 903 35 20 fut
680 902 113 21 entraînée
812 907 42 19 par
873 900 33 21 les
924 900 81 20 Corses
1014 905 53 14 eux-

591 934 95 20 mêmes.
708 932 33 21 Ce
753 932 34 21 fut
794 938 46 14 une
857 931 60 20 faute
930 929 135 26 déplorable,

592 971 46 14 une
658 963 144 25 anticipation
821 961 125 25 téméraire,
968 967 38 14 car
1016 959 52 21 Tîle

593 995 54 20 était
664 995 51 25 trop
741 997 100 22 exangüe
866 999 58 20 pour
947 991 121 27 participer

593 1025 165 21 normalement
774 1026 15 19 à
809 1025 23 20 la
857 1023 38 22 vie
911 1023 28 20 de
951 1023 23 20 la
986 1022 83 21 métro-

594 1057 59 25 pole.

619 1091 21 17 2*
653 1086 174 26 L’organisation
840 1085 62 22 Miot,
914 1085 56 20 fixée
981 1090 41 19 par
1027 1084 41 19 des

595 1118 84 21 arrêtés
702 1117 98 21 célèbres
816 1119 24 18 et
861 1114 140 22 détestables.
1025 1113 43 20 So-

593 1148 73 21 lution
687 1148 30 20 de
737 1153 90 20 paresse
832 1154 8 17 ;
859 1146 33 20 La
914 1145 70 21 Corse
1006 1145 63 21 étant

595 1182 51 23 trop
676 1185 85 19 pauvre
775 1184 58 19 pour
841 1183 68 20 payer
931 1181 38 15 ses
976 1175 90 25 impôts,

593 1212 18 21 il
631 1209 72 23 fallait
718 1209 23 20 la
760 1208 106 22 secourir,
888 1207 33 20 lui
934 1206 88 21 donner
1031 1205 35 20 les

593 1247 95 20 moyens
711 1240 29 20 de
756 1245 84 20 gagner
858 1238 51 26 plus
930 1243 57 20 pour
999 1242 70 20 payer

592 1273 61 26 plus.
663 1272 38 21 On
717 1271 112 20 l’exonéra
836 1267 42 22 dés
886 1268 92 25 charges
985 1267 82 26 qu’elle

594 1311 31 14 ne
641 1302 93 27 pouvait
751 1303 125 24 supporter.
891 1299 78 21 C’était
981 1298 22 20 la
1016 1304 53 14 con-

595 1335 94 21 damner
714 1334 15 19 à
741 1339 30 14 un
797 1331 134 21 enlisement
949 1330 56 20 dont
1026 1328 44 21 elle

594 1366 63 21 n’est
682 1369 40 20 pas
749 1369 82 14 encore
863 1361 104 25 dégagée.
988 1359 82 21 C’était

595 1396 33 21 lui
650 1394 107 22 interdire
769 1396 62 18 toute
842 1391 142 22 réclamation
995 1397 36 14 en.
1035 1389 33 21 lui

594 1429 112 24 opposant
724 1424 81 26 qu’elle
828 1422 125 22 bénéficiait
972 1421 52 21 d’un
1035 1421 35 20 ré-

594 1458 62 25 gime
679 1456 62 21 fiscal
754 1456 29 20 de
796 1455 67 20 basse
876 1453 85 21 faveur.

621 1489 21 20 3*
661 1488 31 21 Le
707 1487 84 25 régime
799 1485 108 21 douanier
916 1485 102 24 étranger
1028 1482 41 26 qui

596 1519 87 22 mettait
700 1522 63 17 entre
778 1518 34 20 les
834 1516 101 26 produits
954 1520 77 15 corses
1046 1516 24 17 et

595 1551 35 21 ■les
647 1549 108 22 .marchés
773 1546 175 27 métiopolitains
969 1552 32 14 un
1018 1550 52 15 mur

596 1585 51 17 tout
660 1580 86 21 hérissé
760 1580 27 19 de
808 1582 89 17 tessons
910 1576 29 21 dé
952 1575 118 22 bouteilles

596 1611 132 27 impossible
753 1611 14 20 à
783 1609 100 22 franchir
904 1611 23 18 et
945 1605 126 23 interdisait

597 1644 22 20 la
633 1642 133 26 production
779 1641 39 20 des
847 1639 100 26 produits
961 1639 16 19 à
992 1643 79 19 expor-

597 1678 43 17 ter.

625 1704 74 24 Enfin,
722 1707 56 17 cette
798 1702 146 21 indifférence
962 1702 110 22 coupable

598 1742 59 15 nous
669 1742 16 14 a
693 1735 44 20 mis
751 1734 56 21 dans
825 1733 23 22 la
868 1731 105 23 situation
993 1730 32 20 du
1033 1735 39 20 pa-

598 1770 52 17 rent
675 1772 85 19 pauvre
784 1763 83 26 auquel
883 1769 30 14 on
929 1761 79 22 -refuse
1024 1767 47 13 me-

598 1804 38 14 me
649 1797 23 20 le
688 1795 99 22 bénéfice
794 1795 30 20 de
837 1795 23 20 la
872 1794 52 25 plus
936 1791 80 22 banale
1028 1791 46 22 dis-

600 1828 116 21 tribution.
734 1827 57 20 Cent
803 1826 120 25 cinquante
939 1827 22 17 et
987 1829 45 14 une
1047 1821 26 21 li-

600 1865 55 20 gnes
668 1859 29 20 de
715 1857 99 22 chemins
840 1857 30 20 de
885 1855 33 21 fer
930 1854 82 21 étaient
1024 1853 49 26 pré-

601 1896 55 14 vues
668 1896 28 14 au
703 1894 139 21 programme
852 1885 119 22 Fraissinet
979 1885 28 20 de
1015 1883 58 26 1878.

600 1921 59 21 Cent
675 1920 120 25 cinquante
801 1919 73 25 lignes
879 1915 193 23 sontconstruites,

601 1952 18 21 Il
639 1958 28 15 en
679 1957 97 19 manque
790 1956 45 14 une
853 1952 21 18 et
886 1948 53 21 c’est
954 1953 29 15 en
1003 1947 71 20 Corse

601 1983 80 26 qu’elle
699 1988 130 18 manque..,.

814 2016 89 22 Pierre
926 2012 119 24 Bonardi.

661 2125 137 51 ALTKl
829 2123 189 51 JVOAU

631 2236 123 23 L’Action
764 2234 135 27 Française

631 2282 36 22 Le
692 2280 201 23 Gouvernement
911 2277 38 23 dit
959 2283 52 16 aux
1018 2282 58 16 mu-

602 2315 60 23 tilés
670 2321 7 16 :
706 2321 11 14 «
719 2315 92 23 Berner
812 2313 120 22 dez-vous
941 2310 8 23 !
960 2318 15 14 »

631 2355 37 20 On
685 2354 47 21 lira
738 2353 55 26 plus
806 2353 49 21 loin
863 2353 34 20 les
907 2350 85 22 détails
999 2350 34 21 du
1037 2349 41 21 dé-

602 2386 45 21 bat
660 2385 43 26 qui
712 2391 17 14 a
737 2391 28 14 eu
773 2384 46 21 lieu
831 2384 52 20 hier
896 2383 16 20 à
921 2382 24 21 la
962 2381 116 22 Chambre

603 2423 33 15 au
652 2416 63 26 sujet
730 2415 32 21 du
790 2414 165 26 réajustement
971 2412 42 21 des
1020 2414 57 23 pen-

603 2448 64 21 sions
679 2447 43 21 des
738 2446 91 21 mutilés
840 2452 34 15 au
890 2445 53 21 coût
961 2444 31 21 de
997 2443 26 21 la
1030 2442 47 21 vie.

603 2479 65 21 Nous
675 2484 75 15 avons
756 2479 117 19 rarement
880 2482 31 14 vu
918 2475 99 26 quelque
1025 2474 53 21 cho-

602 2517 26 14 se
641 2509 30 21 de
685 2508 56 26 plus
754 2508 96 25 pénible
866 2509 24 19 et
896 2507 31 21 de
936 2506 56 25 plus
1005 2507 74 20 écoeu-

603 2543 63 18 rant.

629 2577 36 20 En
687 2575 124 25 définitive,
825 2575 35 20 les
867 2573 90 22 mutilés
969 2573 23 21 ri
991 2573 88 21 obtien-

603 2609 58 19 nent
677 2613 50 14 rien
744 2612 45 19 que
805 2606 43 20 des
858 2609 129 22 promesses
997 2606 25 19 et
1036 2604 43 20 des

601 2637 96 26 paroles
709 2637 81 20 vaines
797 2637 43 25 qui
855 2643 31 14 ne
901 2635 117 22 vaudront,
1032 2641 47 20 que

601 2672 48 21 par
665 2668 62 21 leurs
749 2667 78 25 efforts
841 2666 134 27 personnels
982 2666 23 21 si
1018 2666 61 21 leurs

604 2699 159 23 associations,
775 2701 48 22 par
831 2704 31 14 un
874 2699 111 23 emprunt,
994 2703 26 14 se
1025 2700 54 22 pro-

1093 160 79 20 curent
1180 158 35 20 les
1224 161 128 17 ressources
1359 152 141 23 nécessaires
1504 153 61 22 pour

1092 193 50 19 leur
1155 191 74 21 servir
1246 191 26 20 la
1285 187 140 27 Majoration
1440 186 16 20 à
1464 183 102 26 laquelle

1092 223 30 20 ils
1138 225 40 17 ont
1189 222 71 20 droit.
1278 217 144 26 Redoutable
1443 213 123 23 inconnue!

1116 253 33 20 Le
1173 252 180 25 gouvernement
1374 255 26 14 se
1415 247 76 25 refuse
1508 245 16 20 à
1532 245 32 20 in-

1091 284 70 20 scrire
1178 290 33 13 au
1227 283 91 25 budget
1330 281 34 21 les
1379 278 65 22 i.5oo
1466 276 101 21 millions

1090 314 146 20 nécessaires.

1115 339 32 20 Le
1160 339 108 20 ministre
1281 338 41 21 des
1338 336 122 21 Finances,
1467 339 16 14 a
1491 337 76 15 avoue

1089 369 58 25 qu’il
1167 369 60 20 était
1243 367 130 27 incapable,
1394 365 124 21 lui-même,
1538 362 29 19 de

1089 402 91 18 trouver
1198 402 60 18 cette
1278 404 86 16 somme
1380 397 64 20 dans
1455 395 24 20 le
1505 396 62 22 pays

1088 437 29 14 en
1130 430 95 25 faisant
1234 430 75 25 appel
1319 435 32 15 au
1358 427 73 21 crédit
1439 424 86 27 public
1532 430 35 14 au

1088 467 53 14 nom
1155 460 30 20 de
1192 460 85 21 l’Etat.
1292 460 24 21 Il
1326 466 16 14 a
1350 457 119 22 demandé
1483 461 33 15 au
1526 455 32 20 Co

1088 491 55 21 mité
1158 491 118 21 d’entente
1292 490 42 22 des
1343 488 104 27 grandes
1464 486 101 21 associa-

1088 522 59 20 tions
1151 521 30 20 de
1189 527 27 14 se
1223 522 100 25 charger
1333 520 29 20 de
1369 517 136 26 l’opération
1519 515 45 26 qui

1088 558 51 15 sera
1152 551 110 26 effectuée
1278 555 48 22 par
1336 547 188 24 l’intermédiaire
1531 545 31 21 de

1088 583 25 21 la
1122 583 97 20 “Caisse
1227 583 44 20 des
1276 577 183 31 pensions”dont
1463 577 26 21 la
1497 577 63 20 créa-

1089 614 47 21 tion
1141 616 35 18 est
1183 615 96 23 prévue,
1294 612 59 21 mais
1361 610 43 26 qui
1412 616 30 16 ne
1448 607 113 27 fonction-

1088 652 31 14 ne
1128 648 47 22 pas
1184 651 90 14 encore.
1287 643 24 21 Il
1321 643 22 20 ri
1343 649 16 14 a
1370 645 48 22 pas
1440 640 49 26 fait
1505 639 60 22 tant,

1090 677 31 20 de
1136 675 127 25 difficultés
1280 673 83 26 quand
1377 672 21 21 il
1405 669 120 27 s'agissait
1537 668 30 20 de

1089 711 87 20 relaver
1191 709 24 19 le
1223 706 134 21 traitement
1367 703 29 20 de
1402 703 101 23 citoyens
1508 699 59 20 dont

1090 742 27 20 la
1124 742 99 20 créance
1238 739 26 20 ri
1263 736 68 22 avait
1338 734 48 21 rien
1398 733 30 20 de
1434 729 130 28 privilégié.

1091 773 63 21 Mais
1166 772 21 20 il
1197 772 37 20 est
1242 768 81 23 arrivé
1334 766 16 20 à
1361 771 26 14 ce
1394 762 60 27 qu'il
1467 759 97 22 voulait',

1088 804 62 25 faire
1160 801 156 22 abandonner
1320 800 48 22 par
1372 796 34 20 les
1413 792 153 24 associations

1090 835 23 20 le
1129 833 121 26 paiement
1261 827 103 26 intégral
1370 826 42 21 des
1416 822 112 28 pensions
1536 827 29 14 en

1090 864 138 23 numéraire.
1245 862 38 20 De
1292 861 61 19 sorte
1368 863 46 20 que
1426 861 44 15 nos
1488 858 78 15 cama-

1091 896 70 21 rades
1177 901 30 15 ne
1226 891 135 23 toucheront
1379 894 30 15 en
1424 885 99 25 -espèce?
1540 882 27 21 ni

1089 927 55 26 plus
1158 926 27 21 ni
1195 924 77 22 moins
1285 928 33 19 gu
1324 921 79 20 avant.
1421 917 65 20 Pour
1492 915 11 20 l
1509 919 57 20 aug-

1092 956 127 23 mentation
1237 954 31 21 de
1283 952 56 24 1,80,
1348 957 30 14 on
1392 949 51 20 leur
1455 947 109 20 remettra

1092 989 42 20 des
1146 986 94 22 “bons”
1256 984 44 26 qui
1306 981 116 22 vaudront
1432 977 62 22 Dieu
1518 977 49 20 sait

1092 1019 57 26 quoi
1155 1019 19 22 !.

1119 1056 34 21 En
1166 1054 101 21 résumé,
1291 1051 23 20 si
1324 1057 47 15 nos.
1379 1055 67 17 amis,
1460 1050 106 22 pension-

1094 1088 42 19 nés
1149 1086 30 21 de
1202 1089 91 21 guerre,
1316 1081 90 21 veulent
1422 1079 31 20 de
1466 1077 101 24 l’argent

1093 1118 21 21 il
1118 1117 55 26 faut
1197 1113 105 23 d’abord
1329 1112 67 26 qu'ils
1409 1117 26 15 se
1451 1111 23 20 le
1485 1111 82 22 procu-

1093 1151 52 18 rent
1160 1147 147 21 eux-mêmes.

1120 1184 92 27 “Qu’ils
1227 1183 93 25 fassent
1330 1187 31 15 un
1366 1178 118 27 emprunf’

1122 1234 40 21 Du
1172 1230 82 24 même

1122 1278 68 21 Toute
1210 1277 26 20 la
1255 1276 89 21 France
1358 1274 98 20 honnête
1475 1274 92 22 pousse-

1093 1317 29 14 ra
1137 1316 32 15 un
1183 1309 35 20 cri
1241 1307 121 21 d’horreur
1373 1304 89 23 devant
1472 1302 23 21 le
1502 1300 65 24 récit,

1094 1341 45 21 des
1147 1341 80 20 scènes
1236 1339 52 26 qui,
1296 1336 67 23 lundi
1368 1335 54 24 soir,
1438 1335 42 20 ont
1487 1337 82 16 ensan-

1095 1373 44 25 gla
1142 1373 43 20 nié
1192 1371 25 21 la
1222 1370 56 21 ville
1283 1369 31 20 de
1317 1365 172 24 Marseille.Des
1496 1363 72 21 Fran-

1094 1403 50 26 çais
1161 1402 44 26 qui
1230 1399 135 27 exerçaient
1380 1400 32 17 iin
1423 1395 63 21 droit
1492 1399 77 16 recon-

1093 1441 34 14 nu
1143 1434 16 20 à
1176 1433 53 20 tous
1245 1431 36 21 les
1295 1430 97 25 citoyens
1408 1432 29 16 en
1447 1425 78 21 allant
1532 1431 37 14 as-

1094 1466 70 21 sister
1177 1464 16 20 à
1210 1469 47 15 une
1271 1460 101 24 réunion,
1387 1457 120 22 d’ailleurs
1520 1455 49 25 pri-

1094 1499 48 22 vée,
1153 1496 30 20 de
1197 1495 26 20 la
1235 1492 139 23 Fédération
1389 1488 121 23 nationale
1531 1494 38 14 ca-

1095 1527 110 25 tholique,
1222 1527 43 19 ont
1285 1525 38 20 été
1340 1521 111 22 attendus
1475 1519 62 21 dans
1543 1519 26 20 la

1095 1566 50 17 rue,
1170 1556 114 24 assaillis,
1300 1554 103 25 frappés,
1418 1554 24 19 et
1453 1550 117 27 plusieurs

1095 1589 166 23 mortellement
1280 1585 91 23 blessés,
1378 1587 48 22 par
1444 1589 47 15 une
1504 1581 67 26 foule

1095 1621 202 24 révolutionnaire.

1126 1655 30 20 Ce
1180 1658 122 16 massacre
1322 1657 16 14 a
1343 1656 29 14 eu
1393 1649 48 20 lieu
1461 1653 55 15 sous
1536 1646 34 21 les

1096 1685 111 26 auspices-
1217 1684 31 20 de
1260 1684 27 20 la
1299 1680 159 25 municipalité
1468 1678 102 22 socialis-

1097 1720 23 18 te
1138 1717 58 20 dont
1212 1715 23 20 le
1256 1713 62 26 chef,
1339 1712 25 21 le
1381 1709 190 23 sénateur-maire

1097 1747 139 22 Flaissières
1253 1744 69 22 avait
1334 1743 48 26 fait
1395 1740 128 27 placarder
1531 1740 40 21 l'o-

1097 1779 80 21 dieuse
1212 1776 89 25 affiche
1322 1773 157 27 provocatrice
1503 1772 68 25 qu'on

1097 1810 46 21 lira
1157 1809 57 26 plus
1221 1808 76 21 loin...

1123 1845 123 26 L'ignoble
1254 1845 68 20 scène
1329 1842 49 21 doit
1387 1841 79 21 ouvrir
1473 1840 34 21 les
1512 1846 61 19 yeux

1099 1884 48 14 aux
1171 1876 114 21 honnêtes
1305 1880 64 19 gens.
1392 1873 46 21 Les
1459 1871 117 25 Français,

1099 1909 65 21 n’ont
1175 1908 56 25 plus
1246 1906 72 26 qu'un
1334 1910 90 15 recours
1433 1908 7 13 :
1455 1909 26 15 se
1495 1902 78 25 défen-

1099 1939 42 21 dre
1154 1939 142 21 eux-mêmes
1306 1939 23 18 et
1335 1936 18 20 J
1353 1935 120 25 organiser
1475 1937 61 22 pour
1540 1939 34 14 ce-

1099 1971 33 20 la.

1129 2043 35 22 Le
1179 2041 106 23 Gaulois

1127 2107 43 21 Les
1177 2106 149 21 aristocrates
1340 2104 144 24 provoquent
1491 2101 23 20 le
1519 2103 55 22 peu-

1099 2139 41 25 ple
1153 2137 48 21 rien
1219 2142 47 20 que
1282 2138 48 22 par
1347 2134 50 21 leur
1413 2139 61 17 nom,
1488 2132 34 21 les
1536 2138 38 14 ca-

1099 2168 117 26 pitalistes
1228 2170 49 22 par
1284 2167 51 20 leur
1341 2165 100 25 fortune,
1454 2164 34 20 les
1505 2164 71 24 géné-

1102 2206 59 14 raux
1174 2202 48 22 par
1233 2198 53 21 leur
1300 2195 118 26 uniforme,
1441 2195 34 20 les
1486 2195 90 24 prêtres

1099 2234 48 22 par
1167 2230 52 21 leur
1235 2230 99 20 soutane
1363 2225 34 22 tes
1433 2225 143 25 catholiques

1098 2265 49 22 par
1157 2261 51 21 leur
1224 2259 157 22 attachement
1390 2258 20 20 à
1424 2263 46 15 une
1480 2256 96 26 religion

1099 2292 108 26 périmée.
1245 2291 72 23 Nous,
1340 2289 85 25 peuple
1444 2287 131 24 souverain,

1101 2329 59 15 nous
1175 2322 94 26 faisons
1282 2321 42 21 des
1340 2320 50 24 lois,
1407 2319 57 21 elles
1470 2320 55 19 sont
1539 2324 39 15 sa-

1101 2355 69 22 crées,
1178 2359 59 15 vous
1250 2353 84 20 n’avez
1339 2354 46 23 pas
1398 2351 22 21 le
1428 2350 62 21 droit
1506 2349 30 21 de
1544 2349 34 21 les

1101 2385 116 24 critiquer.
1236 2384 66 21 Votre
1317 2382 128 21 résistance
1452 2383 37 19 est
1501 2387 32 17 un
1541 2382 37 19 at-

1102 2418 76 19 tentat
1188 2415 16 20 à
1219 2415 26 20 la
1263 2413 100 26 majesté
1375 2413 35 20 du
1425 2412 103 21 nombre.
1540 2412 38 20 In-

1102 2446 143 22 clinez-vous
1263 2451 31 14 ou
1310 2450 58 15 nous
1380 2449 59 15 vous
1459 2449 120 15 casserons

1102 2477 26 21 la
1144 2477 87 25 figure,
1246 2478 26 19 et
1283 2476 24 21 si
1318 2481 57 14 vous
1386 2476 77 19 sortez
1475 2480 42 14 vos
1524 2480 55 14 can-

1102 2515 42 14 nes
1160 2507 85 26 quand
1254 2513 61 15 nous
1320 2505 157 22 brandissons
1479 2511 43 14 nos
1530 2511 47 14 ma-

1103 2541 102 22 traques,
1221 2544 59 15 vous
1296 2543 66 15 serez
1369 2537 34 20 les
1410 2535 131 23 assassins;
1545 2535 35 21 les

1102 2569 104 23 bandits,
1223 2571 24 18 et
1256 2574 60 15 nous
1327 2574 58 15 vous
1401 2569 111 19 mettrons
1525 2566 55 21 hors

1103 2601 26 20 la
1137 2600 39 21 loi.

1116 2651 4 3 .
1128 2634 36 23 En
1175 2635 107 23 passant
1286 2651 4 3 ,
1299 2632 180 22 condamnation
1495 2638 42 14 sur
1546 2631 34 22 les

1104 2665 120 24 tragiques
1236 2664 144 20 évènements
1397 2663 30 20 de
1452 2662 125 23 Marseille,

1104 2696 23 20 le
1138 2695 94 21 cabinet
1245 2697 24 18 et
1277 2695 28 20 la
1310 2693 107 26 majorité
1422 2694 31 21 de
1461 2694 25 20 la
1497 2693 82 21 Cham-

1590 148 41 20 bre
1648 148 42 18 ont
1707 146 79 19 ouvert
1794 145 11 18 l
1811 149 38 13 ere
1865 145 30 16 de
1903 145 25 16 la
1935 145 82 19 guerre
2032 145 31 12 ci-

1590 177 46 22 vile
1643 177 12 20 !

1591 211 37 22 La
1637 207 103 24 Liberté

1616 251 21 20 A
1647 253 59 20 tous,
1713 249 25 20 la
1746 244 146 25 catastrophe
1897 243 83 25 paraît
1987 240 22 21 si
2016 245 47 15 cer-

1592 282 63 20 taine
1663 286 46 19 que
1718 279 60 20 leurs
1786 273 171 24 conversations
1961 271 100 26 portent',

1591 319 47 14 non
1649 317 42 14 sur
1706 310 34 20 les
1753 313 91 20 moyens
1856 305 29 21 de
1896 304 94 22 l'éviter,
2003 300 61 21 mais

1591 349 41 15 sur
1638 342 26 21 la
1673 341 56 21 date
1736 340 30 20 où
1770 339 19 21 il
1794 337 90 26 faudra
1888 335 25 21 la
1918 334 73 21 subir:
2001 337 63 15 sera-

1592 380 25 14 ce
1625 379 50 14 aux
1677 372 66 25 jours
1747 368 127 28 prochains
1882 366 33 21 du
1926 364 135 26 printemps,

1591 410 88 15 sera-ce
1684 406 62 22 pour
1752 400 83 26 juillet,
1852 397 144 26 pourra-t-on
2008 393 56 20 traî-

1592 441 43 15 ner
1638 433 98 26 jusqu’à
1744 431 25 21 la
1772 430 35 26 fin
1815 429 30 20 de
1853 425 109 23 l'année?

1616 465 46 20 Les
1669 462 124 22 industries
1805 459 58 21 dont
1874 457 25 21 la
1915 454 93 23 marche
2024 453 40 20 de-

1591 496 64 19 vient
1667 493 56 25 déjà
1735 492 23 21 si
1769 489 101 27 difficile,
1885 488 18 20 J
1903 486 113 26 effondrer
2015 485 47 19 ont.

1593 526 32 20 Le
1633 529 123 16 commerce
1767 522 18 21 J
1785 522 111 20 arrêtera.
1909 518 45 21 Les
1966 514 99 27 agricul-

1593 559 62 18 teurs
1663 561 31 15 ne
1702 554 131 21 trouveront
1841 551 62 25 plus,
1916 552 61 22 pour
1984 546 12 21 l
2001 548 64 19 écou-

1593 587 86 21 lement
1690 585 30 21 de
1733 584 60 21 leurs
1806 581 115 27 produits,
1936 580 25 21 la
1979 579 86 20 contrer

1589 618 79 27 partie
1673 615 125 23 monétaire
1805 614 43 26 qui
1855 613 34 21 les
1897 609 126 24 indemnise
2035 608 30 20 de

1591 650 63 20 leurs
1662 651 109 18 travaux.
1788 645 160 24 Conséquence
1955 640 110 22 inélucta-

1592 680 46 21 ble'.
1647 679 103 21 troubles
1757 677 103 22 sociaux,
1865 671 199 26 désorganisation

1592 711 29 20 de
1635 710 25 20 la
1678 708 93 25 défense
1791 703 121 24 nationale
1925 702 88 21 devant
2031 699 34 21 les

1589 741 76 25 forces
1673 738 128 22 combinées
1809 737 30 20 de
1859 741 43 14 nos
1917 731 101 23 ennemis
2034 730 31 21 de

1590 771 133 22 l'extérieur
1738 771 23 19 et
1775 768 31 21 de
1821 767 62 21 leurs
1900 763 121 27 complices
2034 758 31 24 de

1591 802 135 21 l’inférieur.

1616 840 73 21 Notre
1694 841 61 23 pays
1759 839 16 18 à
1784 835 105 22 traversé
1895 832 56 26 déjà
1959 831 42 22 des
2010 830 55 21 heu-

1591 878 37 14 res
1632 869 117 27 pareilles.
1763 868 29 21 Je
1799 873 31 15 ne
1838 865 63 26 puis,
1911 863 83 27 quand
2005 861 14 26 j
2025 867 39 14 en-

1591 902 69 21 tends
1671 901 36 21 les
1717 898 179 22 annonciateurs
1907 895 30 21 de
1948 894 28 21 la
1982 893 83 24 tempê-

1592 936 29 21 te,
1626 931 151 26 m’empêcher
1790 929 31 21 de
1828 934 84 19 songer
1927 932 33 15 au
1968 924 97 21 tableau

1591 969 47 21 que
1644 964 103 25 Jacques
1750 959 120 24 BàinviUe
1886 965 17 14 a
1924 957 70 22 tracé,
2003 954 62 21 dans

1590 1002 43 14 son
1641 993 97 22 Histoire
1751 992 28 21 de
1787 991 91 22 France,
1897 988 42 21 des
1947 986 118 26 angoisses

1591 1029 24 18 et
1628 1026 42 21 des
1683 1024 109 26 légèretés
1804 1040 3 3 .
1813 1021 43 22 des
1867 1021 87 20 années
1970 1016 57 27 1788
2041 1017 25 19 et

1595 1057 59 26 1-189.

1617 1091 252 27 Aujourd'hui,comme
1876 1088 21 20 il
1900 1094 17 19 y
1926 1093 16 14 a
1948 1088 51 19 cent
2006 1090 59 20 qua-

1592 1127 67 19 rante
1672 1122 60 25 ansf
1740 1122 33 21 les
1785 1118 112 26 Français
1918 1115 145 24 descendent,

1593 1161 56 15 avec
1666 1161 46 14 une
1728 1153 86 24 allègre
1836 1149 161 22 inconscience,
2013 1152 52 15 vers

1593 1188 36 19 cet
1643 1185 100 21 inconnu
1757 1183 43 26 qui
1824 1180 94 22 recelait
1930 1179 63 21 alors
2004 1181 61 22 pour

1593 1223 45 15 eux
1650 1216 76 21 douze
1742 1220 44 16 ans
1800 1213 31 21 de
1839 1211 134 23 révolution,
1990 1209 74 25 vingt-

1593 1248 55 21 trois
1656 1253 46 15 ans
1715 1246 29 21 de
1754 1250 94 21 guerres
1873 1245 24 18 et
1913 1249 32 14 un
1961 1239 104 22 ébranle-

1593 1281 62 19 ment
1664 1278 30 21 de
1702 1276 129 27 l'équilibre
1839 1272 109 24 national
1958 1272 107 26 qu’après

1591 1309 55 27 plus
1651 1309 57 20 d'un
1717 1307 67 22 siècle
1792 1303 51 25 îeùr
1856 1308 61 23 pays
1928 1304 23 21 ri
1953 1305 16 19 à
1978 1306 35 23 pu
2026 1308 39 15 en-

1593 1348 51 14 core
1651 1343 141 18 retrouver...

1875 1378 162 25 L’Humanité

1624 1428 89 28 Quand
1722 1434 31 15 on
1765 1427 48 21 sait
1820 1432 46 20 que
1881 1426 23 21 le
1914 1425 48 20 mot
1974 1421 90 27 justice,

1594 1469 48 14 aux
1649 1460 105 22 colonies,
1762 1459 91 26 signifie
1862 1455 147 28 prostitution
2017 1459 49 15 aux

1595 1494 96 21 maîtres
1697 1492 33 21 du
1744 1491 53 24 lieu,
1803 1497 31 14 on
1842 1496 31 14 ne
1876 1490 59 24 peut
1942 1487 50 21 rien
2000 1486 65 25 espé-

1594 1531 43 18 rer,
1651 1524 28 21 ni
1684 1522 136 22 convaincre
1833 1524 115 23 personne
1952 1531 27 4 —
1986 1524 80 15 encore

1594 1556 76 21 moins
1682 1557 58 18 cette
1768 1552 88 22 Justice
1864 1559 11 12 »
1880 1563 28 5 —
1915 1551 30 20 de
1961 1548 107 23 l'inanité

1595 1587 42 20 des
1644 1586 98 25 charges
1749 1585 58 20 dont
1813 1584 23 21 le
1846 1582 174 22 Tout-Puissant
2024 1583 42 22 po-

1594 1620 77 19 tentat
1679 1616 95 22 accable
1781 1616 34 21 les
1822 1614 104 22 victimes
1933 1612 58 27 qriil
2004 1611 63 22 choi-

1594 1649 39 21 sit.

1620 1680 50 21 Des
1674 1679 69 26 juges
1756 1684 48 15 aux
1820 1676 117 22 colonies?
1947 1675 36 21 Où
1999 1680 68 15 avez-

1595 1717 70 15 vous--
1669 1717 32 14 vu
1719 1709 50 22 cela
1774 1708 15 22 ?
1796 1709 60 23 Non,
1873 1708 43 21 des
1932 1705 136 22 auxiliaires

1595 1742 69 25 stylés
1686 1741 43 21 des
1749 1740 201 21 administrateurs
1971 1737 97 25 conqué-

1596 1775 78 22 rants,
1683 1772 58 21 dont
1748 1772 22 21 le
1777 1771 48 21 rôle
1832 1773 37 18 est
1875 1770 31 21 de
1912 1767 156 27 sauvegarder

1596 1805 35 20 les
1639 1804 95 21 intérêts
1743 1802 30 21 de
1782 1802 75 22 classe
1873 1801 42 22 des
1926 1799 142 22 aventuriers

1597 1834 122 26 bourgeois
1726 1834 43 26 qui
1776 1833 95 26 édifient
1878 1832 51 21 leur
1933 1832 93 25 fortune
2038 1836 30 15 en

1596 1866 93 26 faisant
1697 1870 68 16 «suer
1768 1865 24 21 le
1797 1865 103 21 burnous
1905 1872 12 12 »
1927 1863 69 26 après
2003 1861 65 22 avoir

1596 1897 113 26 pratiqué
1715 1903 27 15 en
1756 1896 80 25 grand
1842 1894 25 22 fa
1876 1895 58 25 rafle
1947 1894 41 21 des
2003 1893 65 21 biens

1597 1928 107 25 fonciers,
1709 1931 47 22 par
1772 1927 135 26 l’expulsion
1915 1925 97 21 violente
2028 1924 40 21 des

1597 1959 111 26 premiers
1713 1962 149 22 possesseurs.

1626 2004 10 9 «
1646 1996 36 20 La
1687 1996 101 20 Justice»
1794 1996 114 20 coloniale
1915 2001 13 14 c
1933 1996 34 18 est
1974 1996 23 18 le
2004 1996 66 18 chien

1599 2027 30 21 de
1635 2027 76 24 garde
1718 2027 41 20 des
1767 2026 90 21 voleurs
1864 2026 43 25 qui
1913 2025 119 24 craignent
2039 2030 32 14 un

1599 2060 79 18 retour
1685 2057 96 26 offensif
1786 2057 42 21 des
1835 2057 70 21 volés.
1916 2056 59 21 C’est
1985 2055 24 21 là
2022 2057 50 19 tout

1599 2089 21 21 le
1628 2091 74 19 secret
1708 2089 30 20 de
1749 2088 25 22 la
1784 2088 115 26 politique
1914 2086 155 26 impérialiste.

1624 2120 33 21 Le
1664 2120 86 25 régime
1751 2120 30 21 de
1788 2119 25 21 la
1816 2119 89 21 France
1905 2119 6 9 1
1915 2118 138 26 ‘protectrice
2060 2117 12 9 ”

1600 2158 28 14 en
1641 2151 89 21 Tunisie
1740 2154 35 17 est
1784 2151 57 21 d’un
1854 2149 144 27 symbolisme
2008 2149 65 26 frap-

1598 2185 75 23 pant:
1694 2182 26 21 la
1735 2182 139 21 civilisation
1899 2181 22 21 ri
1921 2183 96 24 apporte
2036 2186 37 15 ses

1600 2213 112 26 bienfaits
1720 2214 56 25 qu’à
1791 2213 177 24 l'envahisseur;
1980 2212 45 21 elle
2040 2211 35 21 les

1601 2245 76 25 refuse
1685 2251 34 15 au
1723 2244 85 27 peuple
1816 2244 83 27 qu’elle
1905 2243 101 26 prétend
2019 2249 55 18 vou-

1601 2275 45 22 loir
1654 2276 77 21 élever
1740 2279 32 19 du
1785 2282 61 19 rang
1862 2276 42 21 des
1917 2273 78 23 auires
2017 2277 57 23 peu-

1599 2307 52 26 ples
1656 2307 17 10 “
1678 2307 98 21 civilisés
1780 2307 12 22 l
1798 2307 18 10 ”

1629 2345 61 21 C’est
1696 2344 23 21 le
1726 2345 84 25 régirhe
1817 2343 34 22 dû
1855 2344 80 21 Maroc,
1943 2346 23 20 et
1972 2343 30 21 de
2014 2343 60 22 l'Al-

1600 2377 72 24 gérie.
1682 2376 61 21 Sous
1744 2377 110 24 prétexté
1856 2375 38 26 d’y
1910 2375 126 21 combattre
2048 2375 25 20 la

1602 2407 111 21 barbarie
1727 2409 23 19 et
1767 2407 147 25 l'ignorance,
1925 2413 30 14 on
1968 2413 17 19 y
2005 2412 70 15 ouvre

1603 2438 129 26 largement
1743 2438 34 21 lés
1780 2440 81 23 portes
1868 2444 49 14 aux
1924 2437 149 23 aventuriers,

1603 2476 49 14 aux
1658 2475 59 20 gens
1723 2469 38 21 .de
1768 2476 42 14 sac
1820 2472 23 17 et
1848 2469 30 21 de
1885 2469 75 20 corde.

1629 2501 46 20 Bel
1681 2501 101 24 exemple
1787 2503 61 22 pour
1853 2500 23 21 le
1882 2500 85 25 peuple
1975 2500 99 21 tunisien

1604 2532 43 25 qui
1652 2538 75 15 saura
1736 2532 54 20 tirer
1797 2532 25 20 la
1827 2531 87 21 morale
1929 2531 30 21 de
1975 2538 26 14 ce
2010 2531 66 26 juge-

1604 2566 70 18 ment.

1633 2594 36 21 On
1672 2594 64 21 .croit
1743 2594 62 21 ainsi
1811 2594 113 25 endiguer
1929 2594 26 21 la
1963 2600 76 19 vague
2046 2594 30 21 de

1605 2627 202 19 mécontentement
1821 2626 43 25 qui
1880 2628 76 19 monte
1971 2626 42 21 des
2025 2632 51 14 cou-

1605 2657 53 20 ches
1667 2657 34 20 les
1709 2657 55 24 plus
1772 2657 126 25 profondes
1908 2657 30 21 de
1954 2663 25 14 ce
1992 2657 85 26 peuple

1604 2690 94 23 martyr.

2117 133 36 21 On
2168 130 107 25 n'extirpe
2282 131 50 22 pas
2349 128 65 20 aussi
2427 130 109 36 facile^

2088 163 58 21 d’un
2157 167 94 15 cerveau
2267 166 46 14 une
2330 158 51 21 idée
2397 162 65 19 aussi
2478 167 57 28 tenQc

2088 200 46 20 que
2139 192 54 21 celle
2206 191 29 20 de
2242 190 25 21 la
2275 188 124 23 libération
2412 190 42 21 des
2463 196 80 32 Peupi^

2088 224 120 26 opprimés.

2116 256 31 20 Ce
2162 255 52 20 sont
2223 253 41 20 des
2286 253 117 18 écumeurs
2418 251 47 24 [des
2488 261 55 28 terr^

2088 284 190 25 nord-africaines
2287 288 47 20 que
2347 281 21 21 le
2385 282 43 21 trio
2440 285 96 34 Steeg.j^

2089 315 232 26 autey-Saintapour
2335 312 93 22 mission
2441 316 29 20 de
2483 311 60 39 prof~ê

2086 353 44 19 ger
2137 348 23 18 et
2168 346 28 20 de
2203 345 141 24 représenter
2351 350 87 15 comme
2446 347 40 22 des
2490 355 35 20 pi0
2535 345 7 5 '

2088 378 51 20 nier
2138 383 13 14 s
2155 375 79 22 hardis
2245 375 71 21 d’une
2329 374 137 24 civilisation
2486 388 41 19 ava

2089 406 78 26 cée(!)
2527 397 15 13 n'

2117 439 30 20 Ce
2160 439 52 20 sont
2231 443 36 14 ces
2283 438 85 19 mêmes
2384 438 115 25 écumeurs
2510 453 33 19 qU(_

2089 475 59 15 nous
2159 469 134 24 dénonçons,
2307 473 46 20 que
2366 468 34 21 les
2413 472 94 24 peuples
2516 485 23 19 op

2087 500 87 26 primés
2181 499 123 26 méprisent
2310 501 25 18 et
2341 498 112 24 haïssent.
2456 503 41 22 Ces
2501 509 39 24 peu

2088 531 53 26 pies
2145 533 41 19 ont
2192 537 44 15 tme
2251 530 104 21 manière
2359 533 86 23 propre
2458 533 30 21 de
2499 526 46 39 nou]

2090 563 51 21 dire
2152 569 26 14 ce
2185 561 68 26 qu’ils
2261 563 101 23 pensent
2366 561 31 20 de
2404 562 26 20 la
2443 564 99 30 civilisaa

2090 602 30 14 on
2128 594 69 26 qu’on
2205 593 48 21 leur
2258 599 16 14 a
2283 594 116 24 apportée.
2408 593 95 25 N’étant
2508 604 38 22 pQs

2090 632 79 15 encore
2174 631 65 15 assez
2242 625 62 25 forts
2308 627 62 22 pour
2376 631 26 14 se
2410 624 137 33 débarrasser

2088 658 58 21 d'un
2155 661 138 21 oppresseur,
2304 657 66 21 muni
2380 656 30 20 de
2418 658 51 20 tout
2472 665 30 16 un
2514 670 33 21 ap,

2086 688 81 26 pareil
2179 688 30 20 de
2221 689 127 24 répression
2359 687 105 25 violente,
2488 692 27 22 Us
2528 705 19 15 Se

2089 721 100 23 vengent
2202 723 85 16 comme
2301 718 29 21 ils
2335 721 109 22 peuvent.
2459 721 88 28 Oserait,

2089 757 30 14 on
2127 751 50 20 leur
2188 750 49 21 nier
2247 750 22 20 le
2282 749 64 21 droit
2359 750 30 20 de
2404 750 106 27 critiquer
2528 767 19 15 ^

2088 782 69 25 qriils
2168 783 133 24 supportent
2310 784 49 22 par
2376 783 126 23 contrainte
2508 788 13 20 ?
2524 784 23 29 fi

2089 820 26 14 se
2123 813 86 26 peut-il
2210 812 60 26 qu’il
2269 819 18 19 y
2291 812 37 21 ait
2332 812 42 21 des
2381 812 113 27 Français
2497 821 50 23 pOUt

2089 844 87 26 refuser
2188 845 16 20 à
2219 844 103 21 d’autres
2333 843 102 22 hommes
2451 852 26 14 ce
2489 852 57 23 qu%

2090 882 30 15 ne
2126 875 156 26 souffriraient
2285 878 50 22 pas
2339 878 62 22 pour
2406 880 129 24 eux-mêmés
2539 894 6 13 ;

2089 908 68 25 qu'on
2167 907 49 20 leur
2229 906 79 21 enlève
2327 906 23 20 le
2362 906 63 21 droit
2435 907 30 21 de
2475 912 70 25 penser

2090 939 95 21 d’écrire
2192 940 24 19 et
2222 938 30 20 de
2256 937 84 26 parler
2344 937 13 20 ?

2115 970 24 20 Il
2150 969 55 25 faut
2216 968 41 22 dès
2270 971 149 18 maintenant
2441 970 23 20 le
2478 975 60 24 croire

2087 1001 123 25 puisqu’on
2216 1000 128 21 condamne
2351 1006 29 15 en
2390 1000 97 27 Tunisie,
2496 995 50 36 p0ùr

2090 1039 32 15 un
2130 1031 77 22 dessin
2215 1031 113 26 satirique
2336 1031 67 26 qu'on
2411 1032 82 25 définit
2498 1043 47 18 corn,

2089 1070 37 15 me
2134 1070 31 14 un
2171 1065 93 23 outrage
2276 1069 34 16 au
2322 1063 158 25 représentant
2486 1067 28 20 de
2528 1071 17 21 la

2089 1095 89 22 France
2185 1095 32 20 du
2221 1094 56 21 Bloc
2284 1094 44 21 des
2344 1093 111 22 Gauches.
2462 1095 87 28 L'esprit

2089 1127 31 20 de
2131 1126 112 21 tolérance
2256 1125 43 21 des
2314 1125 103 21 hommes
2433 1126 34 21 du
2482 1128 65 26 Cartel

2090 1160 79 19 trouve
2182 1164 44 14 une
2231 1157 46 25 fois
2288 1157 31 21 de
2324 1156 56 26 plùs
2392 1157 17 20 à
2416 1163 27 15 se
2453 1160 93 25 manifes-

2090 1191 35 19 ter
2138 1188 60 22 dans
2218 1188 41 21 des
2274 1188 131 21 conditions
2421 1190 25 19 et
2461 1189 41 22 des
2515 1194 31 21 cir-

2089 1222 134 19 constances
2227 1223 48 22 peu
2285 1219 139 21 honorables
2431 1223 64 22 pour
2505 1229 40 18 eux,

2114 1252 36 21 La
2155 1254 112 23 personne,
2278 1251 58 20 d’un
2353 1250 103 21 résident
2465 1254 82 24 général

2090 1285 36 19 est
2132 1284 84 23 sacrée,
2224 1289 17 19 a.
2245 1282 122 25 proclamé
2369 1281 24 22 le
2400 1282 105 24 tribunal
2509 1292 37 16 cor

2089 1314 124 22 rectionnel
2218 1314 30 22 de
2254 1314 77 22 Tunis.

2403 1340 41 22 Du
2454 1339 74 26 même

2116 1383 36 21 La
2159 1382 66 22 Livre
2237 1389 17 14 a
2274 1383 98 22 terminé
2386 1383 130 22 avant-hier
2526 1394 21 15 en

2091 1414 89 21 Bourse
2187 1415 16 20 à
2212 1419 67 20 90,70
2288 1414 24 20 le
2319 1414 77 20 dollar
2403 1414 17 20 à
2432 1419 33 20 19.

2115 1445 34 21 Ils
2154 1446 120 20 terminent
2277 1444 151 27 aujourd’hui
2436 1446 16 20 à
2462 1447 63 24 91,82
2531 1453 18 18 et

2094 1482 60 21 19,20

2115 1509 65 21 Nous
2191 1514 96 15 sommes
2304 1508 47 21 loin
2362 1507 43 22 des
2425 1508 81 22 chants
2525 1512 22 21 de

2091 1540 93 22 victoire
2190 1539 44 22 d’il
2236 1546 17 20 y
2257 1547 16 13 a
2287 1539 112 26 quelques
2409 1541 118 26 semaines,
2531 1547 16 17 et

2090 1571 35 22 les
2131 1578 57 19 gens
2203 1571 42 26 qui
2264 1573 85 19 savent
2362 1573 54 19 sont
2434 1571 54 26 déjà
2506 1574 40 24 pris

2091 1603 162 26 d’inquiétude.

2120 1635 61 21 C’est
2190 1641 47 20 que
2243 1635 35 20 les
2282 1634 62 26 faits
2347 1635 53 19 sont
2407 1633 36 22 là:
2454 1634 23 21 le
2490 1634 55 25 franc

2092 1667 78 21 baisse
2177 1669 24 18 et
2207 1666 20 22 il
2234 1668 34 19 est
2282 1666 18 20 à
2312 1666 26 20 la
2349 1664 67 22 veille
2430 1665 31 20 de
2472 1666 18 20 J
2490 1666 55 25 effon-

2092 1698 60 22 drer.
2161 1698 44 21 Les
2212 1698 111 25 capitaux
2328 1697 84 25 fuient,
2421 1699 25 19 et
2458 1697 34 21 lès
2503 1698 42 25 plus

2092 1730 125 26 optimistes
2222 1728 120 22 déclarent
2349 1734 46 20 que
2416 1733 27 16 10
2456 1728 92 23 millards

2092 1769 34 15 au
2133 1762 73 21 moins
2212 1763 40 19 ont
2259 1760 46 21 mis
2317 1762 65 19 entre
2395 1760 25 21 la
2433 1760 85 21 France
2532 1764 16 18 et

2092 1800 47 15 eux
2144 1800 44 14 une
2195 1793 113 25 prudente
2315 1791 112 21 distance.

2119 1826 68 21 Dans
2194 1824 33 22 les
2234 1823 84 22 cercles
2330 1823 126 25 financiers
2463 1825 24 18 et
2498 1823 50 22 dans

2094 1864 58 15 ceux
2158 1857 32 20 du
2192 1855 103 27 pouvoir,
2304 1855 62 21 deux
2379 1854 115 21 doctrines
2503 1855 45 25 s'af-

2092 1889 103 25 frontent
2199 1895 9 14 :
2214 1886 109 27 Inflation
2332 1893 29 14 ou
2365 1889 49 23 pas
2419 1885 119 26 inflation?

2119 1919 137 26 L’inflation,
2285 1918 57 21 c’est
2363 1917 150 22 évidemment
2534 1917 15 21 le

2095 1951 90 22 remède
2191 1950 125 27 provisoire
2322 1950 18 21 à
2348 1949 24 21 la
2382 1949 59 21 crise
2454 1948 95 21 économi-

2096 1989 46 20 que
2151 1983 43 25 qui
2199 1982 17 21 J
2216 1987 113 18 annonce;
2341 1981 53 20 c’est
2400 1980 25 21 la
2439 1979 111 26 satisfacti-

2097 2021 30 15 on
2136 2016 125 24 apparente
2267 2013 90 21 donnée
2369 2015 48 20 par.
2431 2018 36 16 un.
2469 2017 81 20 gouver-

2097 2049 91 18 nement
2194 2045 29 21 de
2233 2044 136 26 démagogie
2382 2050 49 14 aux
2447 2043 103 21 chômeurs

2097 2078 43 25 qui
2147 2078 141 20 menaceront
2298 2075 95 22 bientôt.

2122 2109 62 21 Mais
2191 2109 52 20 c’est
2246 2108 23 21 le
2277 2113 107 16 nouveau
2395 2106 66 21 bond
2479 2105 40 22 des
2527 2105 23 21 in-

2098 2141 69 24 dices,
2175 2140 22 21 le
2202 2141 200 20 mécontentement
2407 2137 143 27 généralisé...

2098 2175 23 18 et
2126 2172 42 26 qui
2174 2172 46 21 sait
2227 2171 128 21 l’échéance
2363 2169 93 22 terrible
2468 2171 81 23 rappro-

2099 2204 54 21 chée
2158 2204 111 21 d’autant.

2140 2620 126 28 Imprimerie
2277 2619 90 27 spéciale
2380 2619 27 21 de
2420 2619 18 21 A
2446 2616 85 23 MUVRA

2185 2649 32 21 38.
2224 2648 65 22 Cours
2296 2648 68 22 Grand
2365 2648 40 22 val,
2413 2646 81 22 Aiâccio

2141 2693 126 22 Le.Gérant
2271 2700 9 14 :
2286 2692 136 26 Dominique
2431 2691 72 22 Massa

309 2975 117 123 Si
489 3011 149 85 vo
701 2975 99 119 ci
863 2973 381 121 vulete
1307 2973 321 123 aiutà

2109 3099 2 2 ■
2133 3099 3 2 ■

481 3131 3 3 •
503 3129 3 3 •
748 3124 2 3 '
809 3125 2 2 ‘
830 3125 3 3 '
1020 3126 3 3 '
1135 3129 3 3 '
1264 3122 3 2 '
1341 3133 5 3 -
1609 3138 4 3 .
1671 3132 4 3 •
1682 3142 3 3 .
2109 3124 3 3 '
2212 3123 3 3 ’

765 3341 495 115 Cumprate
1309 3343 29 93 i
1373 3339 297 95 nostri
1721 3339 223 95 libri.

1435 3463 3 3 .
1453 3460 3 3 •
1459 3460 4 6 ;
1465 3454 14 9 >"*
1487 3455 2 4 '
1503 3459 2 6 :
1519 3457 3 3 '
1528 3457 3 8 :
1543 3460 3 3 «
1579 3457 4 8 ;
1841 3454 4 3 '
1886 3453 3 3 '
2113 3456 4 3 -
2173 3459 5 3 -
2219 3455 5 4 .
2238 3453 2 2 •
2332 3456 4 3 -

397 3493 225 67 Fateci
693 3491 271 81 stampà
1037 3493 211 69 ciochi
1319 3513 85 49 vo
1475 3495 139 67 fate
1683 3497 271 87 stampà
2003 3499 69 69 in
2117 3501 191 73 altrô.
