2572 3926
231 198 68 57 Le
342 198 196 55 Procès
580 192 70 53 du
694 188 244 66 Comptat

122 278 375 56 Autonomiste
534 265 510 61 Alsacien-Lorrain

537 349 91 28 [Suite)

98 468 38 21 La
145 467 181 26 3ch.utztru.ppe

123 501 122 19 Président
249 507 8 11 :
271 500 51 24 Que
339 499 138 19 savez-vous
491 493 29 19 de
542 490 21 19 la

98 527 185 25 Schutztruppe?

125 555 96 20 Schall:
230 555 44 20 Dès
285 555 22 19 le
315 553 72 20 début
395 551 27 20 de
435 549 21 20 la
465 547 102 21 création

96 584 29 19 de
131 586 66 16 notre
206 584 211 18 moavement.noas
425 576 76 20 étions
508 575 61 21 sujet

97 611 14 20 à
120 610 27 20 de
156 610 146 20 nombreuses
311 611 110 26 attaques^
428 607 22 17 et
458 604 13 19 à
479 602 41 19 des
527 600 42 19 let-

97 642 48 16 tres
155 638 29 19 de
193 642 100 15 menace.
305 636 31 19 La
350 632 113 26 première
474 632 94 19 attaque

98 668 40 17 eut
141 664 46 21 lieu
191 664 22 20 le
219 664 13 19 3
239 664 90 20 octobre
336 666 51 19 1920
393 661 78 18 contre
477 657 7 19 1
492 656 78 22 impri-

97 692 71 20 merie
176 692 30 20 de
215 695 65 16 notre
284 689 93 26 journal
386 688 13 19 à
407 686 111 20 Saverne.
526 683 43 18 Les

98 725 107 15 menaces
213 717 157 21 continuaient
378 713 111 24 toujours.
500 710 31 19 La
536 713 34 30 ^si-

98 747 91 20 tuation
201 745 136 26 s'aggravait
345 750 29 12 au
384 743 100 18 moment
491 737 30 20 où
536 741 33 14 ies

98 774 120 25 royalistes
221 773 112 20 entraient
339 767 168 23 officiellement
512 764 57 19 dans

98 803 23 19 la
130 801 36 21 vie
174 801 112 26 politique
298 800 14 19 à
321 796 146 23 Strasbourg,
478 793 18 19 il
504 798 14 18 y
530 794 40 16 eut

99 830 88 20 bientôt
194 834 45 14 une
247 828 95 24 bagarre
350 829 56 15 avec
414 822 34 20 les
461 819 110 21 camelots

99 858 30 19 du
138 857 35 20 roi
182 858 14 18 à
209 861 68 15 cause
290 854 72 20 d'une
371 849 106 23 réunion,
487 853 39 19 qui
542 851 29 13 ne

98 889 42 21 put
153 884 65 21 avoir
227 883 54 20 lieu.
294 882 42 19 Les
346 877 165 22 communistes
527 879 43 14 eux

99 914 87 19 mêmes
200 914 41 17 ont
252 916 45 14 une
309 912 83 20 troupe
404 904 90 21 d’ordie
508 906 64 15 nom-

98 941 50 20 mée
156 941 67 18 Arac.
233 938 41 20 Les
279 936 131 21 socialistes
419 936 23 16 et
447 931 87 20 même!
544 931 25 17 U.

98 967 117 22 P.R.N.A,
223 972 23 14 se
255 965 32 20 vit
295 963 90 24 obligée
394 961 28 19 de
430 959 88 20 former
526 962 46 13 une

98 995 96 22 pareille
211 991 154 27 organisation
389 990 13 18 à
424 986 146 22 Strasbourg.

99 1023 75 20 Parmi
182 1017 231 28 tous,cependant,les
421 1015 110 20 camelots
541 1012 30 19 du

98 1051 34 20 roi
141 1054 54 16 sont
203 1049 32 20 les
243 1049 49 23 plus
298 1045 97 24 forts,ils
403 1047 41 17 ont
452 1047 47 15 une
507 1045 65 15 vraie

98 1077 158 26 organisation
265 1073 116 23 militaire.
390 1067 181 25 Permettez-moi

98 1107 29 19 de
135 1105 106 26 rappeler
249 1110 44 18 que
308 1100 113 22 «l’Action
431 1098 140 23 Française»

99 1134 67 20 mène
177 1138 46 15 une
237 1135 125 21 campagne
374 1130 79 18 contre
462 1126 22 20 la
498 1125 75 23 Répu-

101 1161 85 25 blique,
194 1165 88 15 comme
290 1165 31 13 un
328 1155 89 22 Bulach
429 1155 74 19 même
511 1159 14 13 n
534 1157 39 14 au-

99 1190 45 19 rait
158 1194 42 20 pas
215 1194 27 14 eu
250 1187 22 20 le
279 1191 101 19 courage
393 1183 28 20 de
430 1182 21 19 le
460 1181 66 21 faire,
542 1179 29 19 lis

98 1217 119 20 déclarent
230 1216 160 19 ouvertement
397 1209 69 27 qu’ils
480 1209 93 20 deman-

100 1246 56 19 dent
169 1245 23 20 le
206 1242 183 22 rétablissement
402 1239 29 19 de
444 1238 22 20 la
483 1241 88 16 monar-

101 1273 59 20 chie.

101 1314 34 20 Le
146 1310 113 26 Complot

126 1344 96 22 Schall:
228 1343 95 21 J’arrive
329 1342 142 20 maintenant
478 1345 29 14 au
512 1342 62 15 com-

102 1374 55 23 plot.
175 1370 163 26 L'explication
357 1374 51 16 sera
422 1367 47 20 très
487 1366 86 23 longue

101 1407 58 19 pour
166 1401 71 24 qu’on
245 1399 77 25 puisse
331 1395 159 27 comprendre,
499 1399 28 14 je
535 1398 37 14 me

100 1429 52 20 vois
160 1428 65 21 forcé
233 1428 28 19 de
273 1426 79 25 parler
360 1422 96 23 d’abord
464 1423 29 20 de
502 1422 22 19 la
534 1420 40 20 ba-

99 1463 68 19 garre
176 1457 29 19 de
218 1454 91 21 Colmar
317 1453 31 20 du
357 1457 26 16 22
391 1452 54 20 août
455 1449 58 26 1926.

123 1484 125 21 Président
253 1490 8 13 :
270 1482 81 21 Parlez
359 1481 30 20 de
396 1480 22 20 la
425 1479 148 21 Schutztrup-

100 1519 37 19 pe.

125 1540 103 22 Accusé.:
241 1539 29 20 M.
283 1538 22 20 le
313 1537 127 25 président,
448 1534 31 26 j’y
488 1538 86 15 arrive-

99 1569 42 22 rai,
155 1568 60 21 mais
222 1567 21 20 la
251 1567 98 24 bagarre
363 1565 29 20 de
400 1563 94 20 Colmar
502 1565 36 16 est
550 1560 23 19 le

100 1596 48 20 vrai
158 1594 68 22 motif
239 1594 28 20 de
275 1595 21 19 la
305 1593 102 21 création
422 1591 27 20 de
458 1592 21 19 la
491 1594 81 19 troupe

100 1625 29 19 de
142 1624 102 21 défense.

125 1652 31 20 Le
168 1650 116 27 président
299 1650 53 20 n’en
361 1651 54 18 veut
423 1647 48 20 rien
486 1644 86 23 savoir,

98 1680 59 21 mais
165 1685 54 15 tous
225 1679 32 20 les
265 1681 94 17 avocats
365 1676 109 21 insistent
484 1679 90 15 ensem-

99 1708 45 21 ble.
161 1708 23 20 le
197 1706 116 26 président
330 1710 72 19 coupe
411 1703 20 20 la
441 1702 79 25 parole
528 1701 14 19 à
550 1700 22 20 la

99 1727 108 29 Défense’.
218 1734 26 20 Et
252 1734 30 20 Me
290 1733 84 20 F&illet
382 1732 28 20 de
419 1730 97 21 s’écrier
523 1736 6 12 :
541 1728 31 20 La

101 1763 53 21 voix
163 1763 30 20 de
200 1762 23 20 la
237 1764 115 19 sonnette,
362 1766 30 14 ne
406 1764 87 15 couvre
501 1763 41 17 pas
550 1756 22 20 la

100 1792 53 19 voix
161 1791 30 20 de
199 1790 22 20 la
230 1789 71 20 vérité
310 1790 6 19 !
330 1808 3 3 .

126 1819 31 20 Le
175 1817 117 26 président
308 1816 56 21 cède
382 1819 23 16 et
419 1814 76 21 Schall
511 1818 62 15 com-

100 1853 83 14 mence
190 1845 162 25 l’explication.

103 1886 37 22 La
149 1885 109 26 bagarre
268 1884 31 22 de
312 1883 101 22 Colmar

127 1920 31 21 Le
168 1919 25 21 i3
202 1918 62 24 Juin,
273 1918 52 24 déjà
336 1924 31 13 un
377 1915 126 22 honorable
509 1913 64 21 habi-

100 1952 51 16 tant
157 1949 31 19 de
196 1945 146 27 Lapoutrcie,
350 1945 31 20 M;
389 1945 23 19 le
420 1944 40 19 Dr.
470 1944 73 19 Bruar
550 1945 23 16 et

99 1982 25 14 sa
135 1976 67 20 dame
215 1974 78 21 furent
300 1974 106 24 attaqués
415 1976 22 16 et
446 1970 127 22 maltraités

100 2010 41 19 par
146 2004 42 20 des
195 2003 96 24 engagés
298 2000 140 21 volontaires
446 2005 58 19 pour
509 1997 62 20 avoir

100 2032 65 24 signé
183 2032 21 19 le
223 2029 121 21 manifeste
361 2029 31 19 du
410 2025 161 22 Keimatbund.

101 2060 92 20 Bientôt
209 2059 74 23 après,
298 2057 21 20 le
327 2058 183 23 gouvernement
524 2059 49 18 pre-

101 2090 49 20 nait
158 2091 36 19 les
202 2089 205 20 sanctions-contre
418 2086 34 19 les
465 2084 108 26 sïgnatai-

100 2117 70 24 rès,et
175 2118 21 20 le
200 2121 25 16 22
229 2117 52 20 août
287 2115 95 26 1926,les
386 2111 187 23 Heimatbündier

100 2146 94 20 avaient
202 2145 78 20 décidé
294 2145 29 18 de
331 2142 58 21 faire
398 2143 13 19 à
421 2140 92 22 Colmar
527 2146 46 13 une

100 2175 97 20 réunion
214 2173 28 20 de
263 2171 150 26 protestation
434 2173 81 17 contre
535 2173 38 15 ces

100 2202 129 20 sanctions.
239 2199 35 22 On
283 2199 112 21 demanda
404 2195 168 27 la.permission

101 2231 13 19 à
123 2231 22 19 la
155 2229 136 21 Préfecture,
306 2231 24 17 et
338 2227 21 21 le
368 2225 76 22 Préfet
459 2225 85 20 Gasser
550 2225 23 19 la

101 2259 78 19 donna
184 2264 40 19 par
232 2255 136 22 écriî.Entre
373 2259 73 19 temps
452 2260 30 13 on
488 2256 84 21 apprit,

103 2293 46 19 que
156 2287 35 19 les
199 2285 110 21 camelots
317 2284 31 20 du
356 2283 35 21 roi
400 2286 23 16 et
431 2284 33 18 les
472 2281 101 24 engagés

100 2314 139 21 volontaires
245 2312 77 21 faisait
331 2311 78 21 courir
416 2311 22 19 le
447 2310 70 21 bruit,
528 2315 46 18 que

99 2343 34 20 les
142 2341 164 22 autonomistes
321 2339 116 21 verraient
449 2338 31 20 du
493 2338 58 19 beau
560 2337 13 19 à

99 2370 101 21 Colmar.
215 2370 18 20 A
243 2373 59 16 cette
313 2367 118 23 nouvelle,
447 2373 30 14 or.
487 2365 25 20 ht
526 2371 47 13 une

101 2399 99 20 réunion
218 2399 12 19 à
250 2397 139 24 Strasbourg
406 2399 22 16 et
442 2401 30 14 on
493 2393 80 21 décida

100 2427 123 25 d’envoyer
229 2424 26 22 35
263 2425 105 20 hommes
381 2425 12 19 à
408 2422 93 21 Colmar
516 2427 58 19 pour

101 2456 108 24 protéger
216 2454 21 20 la
247 2453 105 20 réunion.
364 2451 95 21 Ceux-ci
465 2449 110 21 n’étaient

101 2483 126 21 nullement
235 2482 83 19 armés.
334 2480 30 20 Le
370 2479 122 21 dimanche
500 2477 72 20 matin

99 2513 13 18 à
127 2515 24 16 10
163 2511 91 22 heures,
273 2510 41 19 des
332 2507 119 22 individus
468 2505 107 21 s'étaient

99 2539 52 25 déjà
159 2539 78 20 réunis
252 2538 85 20 devant
345 2536 35 21 les
394 2535 179 21 Catherinettcs.

101 2567 83 25 Quand
198 2567 23 19 le
234 2565 40 20 Dr.
285 2564 92 21 Ricklin
390 2563 76 20 arriva
481 2563 13 19 à
509 2561 64 23 midi,

99 2596 16 19 ii
124 2595 36 21 fut
169 2593 86 22 assailli
263 2595 12 18 à
285 2593 22 20 la
315 2599 56 19 gare
377 2596 22 15 et
408 2592 166 19 sérieusement

99 2624 86 20 blessé.
204 2622 103 20 Derrière
323 2621 43 23 lui,
381 2626 31 14 un
427 2618 102 21 invalide
545 2616 29 20 de

102 2657 91 20 guerre,
203 2654 68 20 ayant
280 2649 73 25 perdu
363 2654 29 14 un
403 2648 53 19 bras
461 2647 36 20 fut
504 2645 71 20 insul-

101 2680 23 19 té
134 2679 72 20 d'une
214 2678 64 22 façon
288 2676 139 21 lamentable

126 2706 123 20 Président
254 2712 6 13 :
270 2704 118 21 N’était-ce
397 2709 41 18 pas
448 2701 103 22 Zadock?

126 2733 93 21 Schall:
225 2732 92 24 Si,mais
325 2732 49 20 cela
382 2737 30 14 ne
420 2730 88 26 change
515 2729 58 21 rien.

127 2763 34 20 Me
171 2760 80 23 Feillet
256 2768 9 13 :
280 2760 84 20 C’était
381 2766 32 13 un
430 2758 111 23 invalide,
558 2758 17 19 il

591 456 55 20 était
659 455 104 24 toujours
781 454 65 19 sacré
855 453 13 20 à
877 451 101 26 quelque
988 449 77 20 armée

590 483 54 24 qu’il
653 482 123 25 appartint.

619 510 85 24 Quand
712 509 17 20 il
746 509 128 20 arrivèrent
890 511 53 14 vers
957 506 34 19 les
1007 504 59 19 deux

594 537 84 20 heures
698 537 84 19 devant
802 536 34 19 les
854 532 175 22 Catherinettes,
1044 530 22 20 la

594 565 57 20 salle
666 565 55 20 était
738 564 108 23 occupée.
864 563 17 20 Il
891 563 135 22 essayèrent
1039 558 28 20 de

594 592 134 20 rentrer.Un
737 597 59 18 coup
805 591 29 19 de
840 589 71 21 sifflet
915 587 94 21 retentit
1014 589 22 16 et
1040 592 26 14 ce

594 619 35 20 fut
633 619 117 24 l'attaque.
761 619 43 20 Les
813 616 168 21 autonomistes
991 614 76 20 furent

594 646 99 21 assaillis
701 653 13 13 a
728 652 58 18 coup
800 646 29 19 de
842 650 92 15 cannes,
946 643 29 19 de
987 644 81 17 matra-

595 680 57 19 ques
657 678 23 16 et
685 674 29 19 de
720 679 71 18 coups
796 673 30 19 de
831 672 82 24 poings
922 668 145 21 américains.

596 702 30 19 La
633 701 160 24 gendarmerie
802 704 23 16 et
832 700 22 19 la
862 698 75 26 police
952 696 87 21 étaient
1045 695 22 20 là

595 734 54 14 sans
666 728 134 20 intervenir.
811 727 35 20 Un
863 727 92 20 homme
968 724 35 19 fut
1010 722 58 25 griè-

596 760 91 16 vement
696 756 74 20 blessé
776 759 22 17 et
803 754 129 25 transporté
938 754 13 19 à
957 750 110 26 l’hôpital,

595 784 30 19 où
631 784 16 19 il
655 784 35 20 fut
698 787 79 21 quatre
783 783 66 25 jours
858 788 54 15 sans
920 780 149 22 connaissan-

596 818 34 14 ce.
641 811 42 21 Les
689 811 137 26 gendarmes
834 811 64 20 n’ont
907 809 48 21 rien
965 808 40 21 fait
1011 812 57 20 pour

596 841 108 23 protéger
711 839 21 20 la
741 839 83 20 liberté
830 838 29 20 de
865 837 107 22 réunion.
981 836 32 19 Ce
1024 834 46 20 n’é-

597 867 41 20 tait
645 873 43 18 pas
706 867 28 19 de
742 866 50 21 leur
808 865 68 24 faute,
887 866 29 20 ils
933 864 107 21 obéirent
1056 862 13 19 à

596 895 40 19 des
644 894 80 21 ordres
732 894 140 25 supérieurs.
883 892 118 26 Quelques
1006 893 63 17 auto-

597 922 112 21 nomistes
717 922 78 20 furent
803 922 87 20 arrêtés
899 924 22 17 et
930 918 139 22 condamnés

597 951 13 19 à
618 951 57 20 trois
683 954 24 16 et
715 953 84 21 quatre
808 949 66 24 jours
884 949 27 20 de
922 947 89 26 prison.
1026 946 43 20 Par

597 981 86 20 contre,
695 979 34 19 les
737 977 64 21 chefs
809 977 40 20 des
863 981 134 22 agresseurs
1005 973 65 21 n’ont

596 1012 41 20 pas
645 1007 37 19 été
691 1006 140 24 poursuivis.
842 1005 50 21 Une
900 1005 75 24 partie
982 1003 41 20 des
1031 1008 39 13 au-

597 1034 145 23 tonomistes,
760 1038 38 16 120
806 1034 14 19 à
829 1033 48 24 i5ô,!
893 1038 24 15 se
926 1035 55 17 sont
989 1030 80 21 retirés

597 1063 58 19 dans
664 1063 21 19 îe
691 1061 77 26 jardin
777 1061 30 20 du
816 1062 74 20 cercle
898 1061 34 19 St.
942 1059 90 21 Martin.
1040 1058 30 21 La

597 1096 84 15 encore
694 1090 29 19 ils
731 1089 77 21 furent
819 1090 105 24 attaqués
939 1088 57 20 mais
1005 1087 15 20 il
1030 1093 40 18 pu-

597 1122 52 16 rent
657 1124 25 14 se
691 1117 117 21 défendre.

622 1146 110 21 L'accusé
745 1145 28 21 lit
790 1145 88 21 ensuite
896 1151 31 14 un
945 1143 80 21 article
1043 1142 28 20 de

597 1174 44 20 «La
660 1173 118 26 Dépêche»
796 1173 38 25 qui
852 1172 124 27 protestait
991 1174 81 18 contie

598 1206 59 17 cette
664 1203 66 24 façon
737 1202 81 25 d’agir.
829 1202 30 20 Le
873 1201 94 26 journal
981 1199 90 21 déclare

597 1237 45 19 que
658 1231 58 21 c’est
724 1238 30 13 un
764 1230 104 21 bonheur
874 1235 46 19 que
928 1229 36 20 les
975 1231 94 17 autono-

598 1259 79 21 mistes
685 1259 62 20 aient
754 1259 37 20 été
799 1264 55 14 sans
859 1259 214 21 armes,autrement

597 1287 18 20 il
622 1294 14 18 y
645 1287 75 20 aurait
728 1293 28 14 eu
770 1286 59 20 «des
837 1289 87 17 morts»
940 1285 13 19 à
962 1290 68 15 cause
1043 1283 28 21 de

598 1314 22 21 la
635 1315 159 25 gendarmerie
815 1313 40 26 qui
872 1313 135 20 n’intervint
1021 1317 49 18 pas.

599 1343 31 20 Le
645 1343 90 24 journal
749 1341 210 22 radical-socialiste
980 1338 93 28 qualifie

599 1372 84 20 «d’acte
691 1371 28 20 de
727 1370 119 21 brutalité»
856 1369 133 26 l'agression
994 1370 79 18 contre

598 1400 21 19 le
628 1399 40 20 Dr.
678 1399 99 20 Ricklin.
787 1398 31 20 M.
827 1398 76 20 Schall
913 1397 28 20 lit
949 1402 85 15 encore
1041 1401 30 14 un

597 1427 78 21 article
684 1427 28 20 de
720 1427 22 19 la
751 1427 96 20 «Presse
856 1426 79 20 Libre»
944 1425 76 20 disant
1027 1429 46 18 que

597 1460 53 16 tous
666 1456 33 20 les
708 1456 70 24 partis
787 1455 29 20 de
824 1453 89 27 gauche
928 1456 55 17 vent
991 1453 50 19 être
1050 1458 23 14 o-

598 1484 73 25 bligés
687 1484 28 20 de
731 1483 137 25 s’organiser
885 1488 59 19 pour
966 1480 107 27 protéger

599 1513 33 19 les
639 1512 117 21 réunions.

622 1540 74 24 Après
705 1546 27 14 ce
747 1538 134 23 Dimanche,
898 1545 29 14 on
938 1537 79 21 décida
1034 1542 39 14 en-

599 1568 30 20 fin
638 1568 22 20 la
669 1567 124 21 formation
800 1567 69 20 d’une
877 1565 160 26 organization
1045 1565 28 19 de

597 1595 102 22 défense.
709 1595 57 21 Mais
780 1596 41 20 dès
830 1595 21 20 la
861 1594 114 26 première
991 1593 79 22 heure,

598 1624 17 20 il
622 1624 36 21 fut
666 1624 89 21 déclaré
764 1624 70 25 qu’on
844 1629 29 14 ne
880 1622 50 21 fera
937 1621 82 26 jamais
1026 1626 46 15 une

597 1656 94 22 attaque
704 1656 80 16 contre
798 1651 40 20 des
853 1651 71 25 partis
939 1649 132 25 politiques,

598 1680 24 20 ni
630 1684 80 17 contre
724 1680 40 21 des
779 1685 99 20 organes
891 1679 27 19 de
933 1677 86 21 l’oidre
1031 1682 42 19 pu-

598 1708 52 21 blic.

624 1736 86 23 Schall,
727 1742 28 14 en
773 1742 46 14 vue
827 1735 29 20 de
863 1735 87 21 former
959 1737 59 18 cette
1038 1738 35 15 or-

597 1765 138 25 ganisation,
744 1764 77 21 étudia
830 1764 58 20 celle
896 1763 41 19 des
945 1761 126 26 royalistes,

597 1793 40 24 qui
650 1797 36 16 est
702 1792 100 20 étendue
810 1798 40 14 sur
865 1795 65 16 toute
938 1791 21 19 la
977 1790 93 19 France.

598 1820 18 20 Il
633 1820 21 21 la
671 1820 67 26 copia
754 1819 247 26 presqu’enîièrement
1016 1822 57 15 avec

599 1851 59 18 cette
672 1847 124 23 différence
813 1846 55 25 qu’il
883 1846 33 21 lui
933 1846 76 20 donna
1026 1850 46 14 une

598 1876 111 20 tendance
716 1876 52 24 plus
782 1876 184 22 démocratique.
975 1883 26 4 —
1008 1872 64 21 Nous

598 1904 106 20 voulions
709 1904 72 20 éviter
786 1904 34 20 les
825 1903 67 20 excès
897 1906 23 17 et
927 1907 29 15 ne
962 1901 110 25 pensions

598 1938 42 18 pas
648 1936 114 20 attaquer.
772 1932 46 20 Des
826 1930 83 21 choses
923 1929 107 25 pareilles
1043 1935 30 14 ne

598 1963 54 17 sont
660 1966 42 19 pas
709 1959 58 21 dans
776 1965 44 14 nos
833 1958 122 20 traditions
964 1956 109 22 alsacien-

599 1994 49 14 nes.
658 1988 64 21 Nous
730 1987 97 21 n’avons
840 1992 41 19 pas
891 1986 81 21 besoin
985 1986 28 19 de
1026 1991 47 14 ma-

598 2021 102 20 traques.
715 2015 63 21 C’est
785 2020 57 15 avec
857 2015 34 20 les
899 2020 75 15 armes
982 2014 28 20 de
1022 2013 51 20 l’es-

599 2044 55 25 prit,
662 2050 46 19 que
717 2049 58 14 nous
784 2048 60 15 nous
853 2043 93 20 battons
953 2042 6 20 !

599 2082 96 22 Séance
705 2081 32 22 de
748 2080 103 23 Samedi
861 2081 81 22 matin

625 2117 31 20 La
680 2116 102 20 matinée
804 2114 168 27 d’aujourd’hui
989 2120 29 14 ne
1037 2113 35 21 fut

599 2144 86 25 qu’une
706 2144 60 20 suite
788 2144 185 23 ininterrompue
994 2142 79 21 d’inci-

599 2173 68 20 dents
676 2173 14 19 à
698 2172 20 20 la
728 2172 61 20 suite
798 2171 29 20 de
840 2171 147 20 conclusions
1004 2170 70 25 dépo-

598 2201 52 20 sées
658 2204 24 16 et
690 2199 100 21 refusées
798 2200 13 20 à
820 2203 52 16 tour
887 2199 29 20 de
925 2199 60 20 bras.
996 2198 37 20 On
1046 2198 27 21 fi-

599 2228 50 20 nira
662 2229 23 20 la
693 2227 100 21 matinée
807 2233 54 14 sans
875 2227 65 20 avoir
957 2227 115 25 interrogé

600 2262 75 15 aucun
688 2256 41 20 des
737 2255 108 25 inculpés
858 2258 23 17 et
890 2261 53 14 sans
953 2254 65 21 avoir
1031 2254 42 21 fait

599 2284 57 21 faire
665 2291 31 13 un
705 2289 41 19 pas
760 2290 30 14 au
799 2284 88 24 procès.

623 2313 94 20 D’autre
727 2316 58 20 part,
795 2312 22 19 le
827 2310 121 22 Président
957 2310 116 23 du.Minis-

599 2341 49 19 tère
665 2340 84 20 devant
762 2340 89 20 arriver
864 2339 91 20 demain
970 2340 13 19 à
1000 2339 73 20 Stras-

600 2369 81 24 bourg,
707 2371 24 16 et
751 2368 85 20 devant
852 2367 77 25 parler
945 2367 30 21 du
992 2368 81 23 procès

599 2395 161 23 autonomiste,
774 2396 22 19 la
813 2395 83 20 séance
910 2395 50 20 doit
975 2396 48 19 être
1032 2395 42 20 im-

600 2427 106 22 portante
720 2429 58 17 pour
792 2423 32 20 lui
838 2422 90 21 fournir
942 2423 22 21 la
977 2423 96 20 matière

600 2453 27 19 de
637 2458 43 14 son
689 2451 68 25 sujet.

624 2479 41 25 Or,
684 2480 21 19 la
723 2479 93 20 défense
832 2484 51 15 sera
900 2485 65 15 assez
986 2478 87 21 adroite

600 2514 58 19 pour
671 2507 58 20 faire
737 2508 122 20 continuer
875 2507 33 20 les
915 2507 88 21 débats,
1013 2513 61 15 com-

600 2543 37 13 me
645 2536 29 20 ils
683 2538 40 17 ont
731 2536 140 22 commencé,
881 2535 57 20 mais
947 2542 29 14 en
986 2541 24 15 se
1024 2536 51 20 bor-

601 2569 57 15 nant
672 2564 14 19 à
701 2563 41 20 des
759 2562 54 21 faits
836 2563 75 24 précis
933 2568 141 16 concernant

600 2592 21 20 le
633 2591 109 25 complot,
752 2595 23 17 et
784 2591 46 20 elle
838 2597 29 14 ne
877 2591 95 21 laissera
981 2598 42 19 pas
1037 2591 38 21 dé-

601 2625 69 20 poser
687 2625 32 13 un
732 2619 87 21 témoin
837 2619 12 20 à
858 2619 84 25 charge
960 2626 53 14 sans
1030 2625 44 19 que

600 2647 124 21 l’occasion
740 2648 32 19 lui
782 2647 46 20 soit
845 2647 89 20 donnée
942 2648 132 24 d’exploiter

600 2677 12 18 à
623 2674 55 22 fond
686 2675 36 20 les
729 2675 143 25 dépositions
880 2675 28 20 de
918 2681 38 15 ses
966 2675 107 21 témoins.

625 2702 60 21 Mais
693 2706 51 16 tout
752 2702 102 24 d’abord,
863 2703 23 20 la
894 2702 64 21 Cour
965 2703 28 20 lit
999 2709 33 14 un
1040 2710 35 14 ar-

601 2731 35 19 rêt
650 2731 98 24 rejetant
757 2731 34 19 les
806 2730 147 21 conclusions
965 2731 110 25 déposées

602 2759 21 19 la
630 2759 69 20 veille
707 2764 42 18 par
755 2758 31 21 Mc
793 2758 87 25 Jaeglé,
886 2765 28 13 en
922 2759 53 24 quoi
982 2759 20 20 la
1009 2765 67 19 ques-

1093 181 47 19 tion
1159 180 30 19 du
1208 178 89 20 théâtre
1307 183 26 14 se
1349 173 103 22 rattache
1460 179 29 13 au
1508 177 61 14 com-

1093 208 57 24 plot.
1169 207 31 19 La
1210 205 62 21 Cour
1280 212 24 13 se
1313 202 90 21 déclare
1412 200 157 24 incompéten-

1093 239 30 15 te.

1133 278 43 21 Me
1186 276 79 23 Klein
1275 277 100 22 résume
1385 273 38 21 les
1435 271 91 23 débats

1257 307 31 21 de
1299 306 17 21 4
1324 304 74 26 jours

1116 346 35 19 Me
1158 344 70 21 Klein
1234 344 85 26 dépose
1327 342 90 20 ensuite
1426 341 41 19 des
1475 339 92 21 conclu-

1093 373 65 19 sions
1165 372 40 24 qui
1215 371 116 21 résument
1339 367 133 22 l’ensemble
1481 367 39 20 des
1528 366 39 20 dé-

1093 399 51 20 bats
1152 398 84 25 depuis
1244 398 34 21 les
1286 399 81 24 quatre
1376 396 66 24 jours
1451 401 45 18 que
1509 394 57 19 dure

1092 426 21 20 le
1121 427 92 23 procès.
1223 424 42 22 Les
1275 423 58 23 voici
1342 429 29 14 en
1380 422 75 20 entier
1462 429 7 12 :

1113 466 93 18 «Attendu
1214 465 85 23 qu’après
1307 464 67 22 quatre
1381 463 53 22 jours
1442 462 124 21 d’interroga-

1092 491 47 18 toire
1146 491 29 18 les
1183 490 85 21 inculpés
1276 495 23 14 ne
1306 489 45 17 sont
1359 488 85 21 toujours
1452 491 33 17 pas
1496 491 25 12 en
1525 486 37 17 état

1093 516 23 17 de
1134 515 97 18 connaître
1248 514 28 19 les
1292 513 45 19 laits
1354 513 33 22 qui
1404 512 116 17 constituent
1535 510 29 18 les

1092 540 91 18 éléments
1191 540 27 16 du
1224 540 80 21 complot
1311 537 34 22 qui
1354 537 42 18 leur
1404 537 29 17 est
1446 535 90 24 reproché
1544 537 20 16 et

1094 570 47 17 pour
1146 564 62 22 lequel
1218 563 24 17 ils
1251 566 41 16 sont
1300 562 82 18 traduits
1391 566 24 13 en
1426 561 50 18 Cour
1490 560 74 18 d’Assi-

1092 595 38 14 ses.

1115 621 10 10 «
1131 614 84 18 Attendu
1227 617 24 14 en
1260 613 45 18 effet
1310 616 37 18 que
1355 613 28 17 les
1392 611 116 18 discussions
1517 611 47 17 d’or-

1093 641 33 16 dre
1139 638 100 23 politique,
1256 637 91 19 littéraire
1357 638 19 16 et
1392 636 106 22 artistique,
1508 636 57 21 ayant

1092 663 90 24 jusqu’ici
1190 663 31 18 été
1228 662 65 22 l’objet
1300 662 35 17 des
1342 661 160 21 interrogatoires,
1512 660 53 17 n’ont

1092 689 78 22 apporté
1188 692 63 13 aucun
1264 687 34 18 fait
1317 685 33 23 qui
1372 685 71 22 puisse,
1470 685 17 17 si
1504 688 61 18 vague

1092 713 60 21 fût-il,
1167 713 74 22 figurer
1248 711 59 23 parmi
1321 712 29 16 les
1359 710 90 19 éléments
1457 711 45 16 d’un
1516 712 50 15 com-

1093 740 47 22 plot.

1117 764 99 18 «Attendu
1232 767 43 18 que,
1291 762 72 18 d’autre
1375 761 48 23 part,
1432 761 19 17 la
1464 761 67 20 troupe
1543 758 23 18 de

1093 789 105 22 protection
1203 793 25 13 ne
1236 787 71 19 saurait
1312 788 65 17 entrer
1385 791 24 13 en
1417 785 52 22 ligne
1476 786 23 16 de
1504 788 63 17 comp-

1093 816 20 16 te
1121 814 10 17 à
1140 816 31 16 cet
1183 814 63 23 égard,
1255 818 46 18 pour
1309 813 19 17 le
1342 812 42 18 seul
1393 810 54 19 motif
1455 814 37 19 que
1506 809 60 23 parmi

1094 840 29 17 les
1139 840 69 21 quinze
1224 838 84 22 inculpés
1325 837 86 23 présents
1428 836 12 17 à
1455 835 111 21 l’audience,

1094 865 51 18 deux
1153 865 107 18 seulement
1265 864 33 18 ont
1305 863 37 18 fait
1349 862 60 23 partie
1420 861 24 18 de
1451 862 53 17 celle
1513 861 55 16 trou-

1093 894 31 18 pe,
1132 891 63 17 tandis
1203 889 47 23 qu’il
1262 890 29 17 est
1298 888 66 22 acquis
1372 887 60 23 qu’un
1440 886 58 23 grand
1512 889 56 14 nom-

1094 916 35 17 bre
1142 915 60 22 parmi
1209 915 30 18 les
1251 914 58 19 treize
1323 914 65 18 autres
1401 912 99 18 n’avaient
1508 910 60 18 même

1094 945 35 18 pas
1145 940 134 19 connaissance
1294 940 25 17 de
1327 943 35 14 son
1378 938 102 20 existence,
1495 939 73 15 comme

1094 971 35 18 par
1136 966 85 22 exemple
1230 965 44 19 M.le
1281 964 68 23 député
1357 963 58 19 Rossé
1421 968 5 16 ;
1436 966 24 15 en
1468 962 50 23 plus,
1524 960 45 19 neuf

1094 993 65 17 autres
1168 991 92 18 membres
1273 991 23 17 de
1304 991 51 17 celle
1363 990 73 21 troupe,
1445 988 34 22 qui
1492 986 77 19 avaient

1095 1017 32 18 été
1142 1017 72 18 arrêtés
1223 1017 21 18 et
1258 1015 110 24 poursuivis
1376 1019 47 18 pour
1432 1012 86 23 complot,
1536 1012 33 17 ont

1095 1042 93 19 bénéficié
1197 1043 56 17 d’une
1258 1042 119 18 ordonnance
1385 1040 23 17 de
1416 1039 91 18 non-lieu.

1120 1077 93 18 «Attendu
1222 1080 37 18 que
1270 1076 30 18 cet
1307 1075 40 18 état
1355 1075 23 17 de
1386 1073 67 18 choses
1464 1072 40 19 met
1511 1072 19 17 la
1539 1070 31 19 dé-

1097 1103 54 17 fense
1159 1103 47 17 daus
1213 1100 148 24 l’impossibilité
1369 1100 23 17 de
1402 1098 98 23 présenter
1514 1096 56 18 utile-

1096 1128 54 17 ment
1158 1132 30 14 ses
1197 1126 117 19 conclusions
1327 1130 6 13 :

1119 1153 61 18 «Pour
1188 1157 32 13 ces
1237 1152 70 21 motifs,
1318 1151 76 18 conclut
1401 1150 10 17 à
1420 1153 22 14 ce
1455 1148 46 23 qu’il
1510 1147 61 23 plaise

1096 1179 11 17 à
1114 1178 20 18 la
1143 1177 50 20 Cour
1200 1178 25 18 de
1233 1177 72 18 donner
1311 1177 43 17 acte
1362 1176 11 18 à
1380 1176 20 18 la
1410 1174 79 19 Défense
1496 1178 6 13 :

1119 1213 18 18 1-
1146 1213 27 18 De
1184 1217 22 13 ce
1214 1216 37 18 que
1263 1212 19 17 la
1292 1210 81 19 Défense
1384 1210 85 18 constate
1484 1207 47 23 qu’il
1539 1207 30 18 n’a

1096 1238 76 23 jusqu’à
1179 1242 22 14 ce
1208 1237 44 23 jour
1259 1242 33 18 pas
1300 1236 30 19 été
1338 1235 54 23 porté
1399 1236 12 16 à
1418 1235 19 17 la
1450 1233 120 19 connaissan-

1097 1268 23 14 ce
1127 1264 35 18 des
1170 1262 86 23 inculpés
1264 1262 53 23 quels
1325 1262 44 17 sont
1380 1261 29 17 les
1417 1259 46 18 faits
1471 1259 34 22 qui
1518 1262 53 14 cons-

1097 1289 72 18 tituent
1176 1289 30 18 les
1214 1288 89 18 éléments
1311 1287 26 17 du
1350 1286 80 22 complot
1438 1285 65 18 contre
1513 1283 19 18 la
1540 1283 30 17 sû-

1097 1313 41 19 reté
1146 1315 24 17 de
1178 1313 63 21 l’Etat,
1251 1316 71 15 comme
1329 1313 42 16 acte
1380 1310 33 23 qui
1421 1311 43 17 leur
1472 1310 31 17 est
1510 1312 62 18 repro-

1098 1339 42 19 ché.

1118 1364 19 18 2-
1142 1364 27 18 De
1174 1368 22 14 ce
1202 1368 37 18 que
1243 1363 19 19 la
1267 1363 78 18 Défense
1352 1361 83 23 exprime
1440 1360 19 19 le
1468 1364 44 14 voeu
1520 1359 47 22 qu’il

1097 1389 39 19 soit
1149 1389 80 23 précisé,
1243 1389 39 18 tant
1293 1391 37 14 aux
1338 1386 77 19 accusés
1431 1385 43 22 qu’à
1481 1384 44 18 MM.
1542 1384 28 18 les

1096 1414 61 23 jurés,
1163 1414 55 23 quels
1226 1415 44 17 sont
1277 1414 27 17 les
1313 1412 91 19 éléments
1412 1411 26 17 dii
1446 1410 87 22 complot,
1540 1413 33 14 no-

1097 1441 94 17 tamment
1199 1439 54 22 quels
1261 1439 42 18 sont
1311 1438 29 17 les
1348 1437 46 18 faits
1401 1436 34 22 qui
1448 1435 122 20 constituent,

1098 1470 39 13 aux
1146 1466 71 18 termes
1226 1465 25 17 de
1258 1465 19 18 la
1290 1463 32 22 loi,
1330 1463 20 17 la
1361 1460 104 20 résolution
1473 1459 59 24 d’agir
1540 1464 33 17 par

1099 1491 34 18 des
1142 1494 79 18 moyens
1236 1489 82 23 illégaux
1331 1488 48 18 dans
1388 1487 18 17 le
1414 1487 35 17 but
1457 1487 23 17 de
1488 1484 85 19 détruire

1097 1516 19 18 le
1124 1516 174 18 Gouvernement.»

1123 1556 28 20 Et
1159 1556 35 21 M"
1202 1555 84 25 Jaeglé
1295 1554 28 20 de
1332 1553 100 25 prendre
1445 1552 22 20 la
1476 1550 80 26 parole
1566 1558 6 12 :

1097 1585 65 20 Nous
1171 1590 30 14 ne
1208 1588 99 16 sommes
1316 1580 110 26 pas,dit-il
1436 1586 30 14 un
1476 1579 97 24 congrès

1096 1612 168 23 autonomiste,
1271 1616 58 15 nous
1337 1616 30 14 ne
1375 1614 102 16 sommes
1495 1613 42 20 pas
1553 1607 21 20 là

1098 1637 171 29 pour'discuter
1281 1640 33 19 les
1322 1637 100 21 théories
1436 1634 140 27 philosophi-

1097 1674 59 19 ques
1165 1672 23 17 et
1196 1667 125 26 politiques
1334 1671 40 15 sur
1390 1663 185 23 l’autcnomisme

1096 1696 40 25 qui
1147 1697 59 20 n’est
1213 1701 78 20 pasun
1300 1693 104 21 crime,ni
1412 1691 162 22 undélit.Nous

1096 1730 102 15 sommes
1206 1724 22 20 là
1236 1729 58 18 pour
1308 1722 101 20 discuter
1425 1726 40 14 sur
1481 1720 35 19 les
1529 1718 46 21 élé-

1098 1756 77 17 ments
1183 1749 143 23 constitutifs
1338 1754 23 16 et
1371 1748 129 26 juridiques
1520 1747 54 20 d’un

1096 1779 172 26 complot,dont
1275 1779 21 20 le
1304 1778 41 20 but
1353 1781 36 17 est
1397 1776 30 20 de
1435 1776 103 21 détruire
1553 1776 23 20 le

1096 1810 194 24 gouvernement.
1299 1805 62 21 Tout
1369 1806 23 19 le
1404 1805 84 20 monde
1502 1807 35 17 est
1553 1804 21 20 là

1097 1842 60 19 pour
1170 1835 114 21 entendre
1292 1833 76 26 parler
1376 1833 30 20 du
1416 1832 107 26 complot.
1538 1831 36 21 On

1097 1870 61 15 nous
1165 1870 14 14 a
1188 1863 65 25 parlé
1261 1863 29 20 du
1297 1861 127 23 théâtre,de
1431 1861 21 19 la
1461 1859 113 22 «Brücke»

1096 1892 30 20 de
1134 1895 51 17 tant
1193 1895 22 16 et
1224 1894 52 17 tant
1289 1890 28 20 de
1333 1889 90 20 choses.
1436 1887 36 21 On
1491 1894 12 14 a
1518 1889 56 23 posé

1097 1920 42 20 des
1148 1918 129 27 questions,
1284 1923 25 15 ce
1326 1917 59 20 n’est
1401 1922 41 20 pas
1459 1922 59 15 nous
1535 1917 39 23 qui

1097 1954 74 14 avons
1185 1947 95 20 soulevé
1296 1951 38 14 ces
1357 1945 97 24 thèmes,
1477 1945 56 20 c’est
1552 1945 21 20 la

1097 1976 72 20 Cour.
1176 1975 28 20 Et
1211 1980 59 19 pour
1278 1974 52 20 bien
1339 1973 104 24 préciser
1451 1978 44 15 nos
1503 1972 72 21 inten-

1096 2004 65 20 tions
1170 2003 29 20 de
1207 2006 74 17 rester
1288 2007 40 14 sur
1341 2001 22 20 le
1376 2001 67 20 fonds
1456 2001 29 20 du
1497 2000 76 24 débat,

1097 2037 62 15 nous
1168 2031 142 24 déposerons
1318 2035 29 14 au
1357 2029 72 20 début
1441 2029 29 19 de
1486 2028 89 24 chaque

1097 2060 85 20 séance
1190 2058 34 20 les
1231 2059 85 19 mêmes
1322 2056 156 21 conclusions.

1123 2087 29 21 Et
1167 2086 105 26 pendant
1281 2091 46 20 que
1343 2085 31 20 Me
1388 2084 81 26 Jaeglé
1483 2085 90 21 discute

1097 2122 42 14 sur
1147 2116 22 20 la
1178 2114 126 21 fermeture
1317 2113 56 21 d'un
1391 2113 97 20 vasistas
1498 2117 22 16 et
1533 2120 39 14 sur

1097 2145 35 19 les
1146 2143 122 26 questions
1286 2142 123 25 d’hygiène
1424 2141 151 22 élémentaire

1097 2178 59 19 pour
1169 2172 22 20 la
1201 2169 108 24 Défense,
1319 2169 31 24 M,
1361 2170 84 20 Fachet
1454 2176 24 14 se
1493 2170 51 20 lève
1551 2174 23 17 et

1097 2200 35 20 dit
1148 2206 48 19 que
1213 2199 35 19 les
1256 2198 149 21 conclusions
1422 2204 30 14 ne
1465 2202 53 17 sent
1533 2204 41 19 pas

1097 2228 59 20 dans
1164 2228 22 20 la
1200 2227 149 24 compétence
1356 2227 29 19 de
1398 2226 23 20 la
1430 2226 71 21 Cour.
1510 2226 18 21 Il
1537 2227 38 20 de-

1098 2255 84 21 mande
1194 2255 195 20 immédiatement
1397 2254 69 25 qu’on
1474 2255 101 20 entende

1097 2284 35 21 les
1142 2283 107 21 témoins.

1125 2312 33 20 M.
1168 2311 90 21 Fachot
1270 2310 91 22 déclare
1369 2311 67 25 après
1445 2317 31 14 un
1486 2314 49 17 mot
1543 2311 30 20 du

1098 2340 133 24 président:
1250 2339 39 21 «Je
1298 2339 50 20 suis
1360 2339 109 21 d'accord
1483 2345 58 14 avec
1552 2340 22 20 la

1099 2367 102 21 Défense
1218 2373 58 18 pour
1292 2367 51 20 dire
1358 2373 46 20 que
1413 2373 43 14 nos
1469 2367 107 26 palabres

1097 2396 86 21 durent
1189 2396 82 25 depuis
1279 2399 81 21 quatre
1367 2396 66 25 jours
1442 2401 54 15 sans
1504 2396 72 20 résul-

1098 2428 43 16 tat.
1150 2423 26 21 Je
1184 2424 50 20 suis
1242 2423 103 22 heureux
1352 2424 29 20 de
1389 2424 51 20 voir
1449 2430 46 19 que
1503 2424 21 19 la
1533 2423 43 21 Dé-

1098 2452 67 21 fense
1176 2458 37 14 me
1224 2457 98 21 propose
1329 2452 111 20 d’activer
1456 2452 20 20 le
1486 2452 88 24 procès.

1097 2480 139 21 J’attendais
1252 2484 60 17 cette
1320 2480 114 20 demande
1449 2484 23 16 et
1478 2480 25 24 je
1519 2485 57 15 vous

1099 2514 110 19 propose,
1219 2507 169 24 Messieurs,'de
1394 2507 58 21 faire
1464 2508 111 20 entendre

1099 2536 198 21 immédiatement
1305 2536 34 20 les
1354 2536 100 21 témoins
1461 2536 13 21 à
1483 2536 91 25 charge.

1124 2564 76 21 Toute
1213 2564 23 20 la
1245 2564 98 21 Défense
1357 2571 26 14 se
1391 2565 52 19 lève
1456 2564 119 25 indignée,

1100 2599 59 19 pour
1175 2596 121 22 protester.
1308 2593 46 21 Des
1369 2599 105 15 rumeurs
1484 2599 25 14 se
1526 2591 50 22 font

1100 2621 114 21 entendre
1228 2620 57 21 dans
1292 2622 23 19 la
1324 2622 65 20 salle.
1405 2621 120 20 Plusieurs
1537 2621 39 20 dé-

1099 2649 109 20 fenseurs
1221 2649 107 20 bouclent
1337 2649 51 21 leur
1403 2649 103 21 dossiers
1516 2654 60 20 pour

1099 2677 81 24 partir.
1190 2673 36 24 Àfe
1232 2676 102 21 Berthon
1349 2678 34 19 les
1391 2677 104 24 rappelle
1503 2677 13 20 à
1525 2676 52 20 leur

1100 2705 82 20 devoir
1190 2708 24 16 et
1230 2704 35 21 dit
1272 2711 45 19 que
1334 2709 59 17 cette
1401 2704 67 24 façon
1486 2705 29 20 de
1524 2710 52 19 pro-

1100 2736 71 17 tester
1188 2738 30 14 ne
1231 2733 100 21 rendrait
1345 2739 74 15 aucun
1427 2733 88 20 service
1532 2738 44 14 aux

1100 2761 117 25 inculpés.

1613 170 36 20 Mc
1657 169 120 22 Fourrier
1788 167 70 27 parle
1871 167 35 21 du
1916 166 137 23 Président

1759 202 35 21 du
1803 199 101 22 Conseil

1618 238 73 23 Après
1704 238 115 24 plusieurs
1837 237 99 19 minutes
1945 236 29 20 de
1988 234 78 21 confu-

1593 265 58 21 sion,
1665 266 35 19 Mc
1707 266 109 20 Fourrier
1823 264 85 19 réussit
1915 264 13 19 à
1938 263 97 25 prendre
2043 262 22 20 la

1593 292 85 25 parole.
1693 300 11 10 «
1714 292 61 21 Nous
1785 297 89 15 venons
1883 291 132 20 d’entendre
2022 289 43 20 dit-

1592 319 23 23 il,
1625 319 30 19 M.
1665 319 82 20 Rickin
1757 320 41 24 qui
1807 322 35 16 est
1850 318 56 20 soit-
1913 318 77 20 disant
1997 317 68 20 l’âme

1592 347 29 19 du
1631 346 108 24 complot.
1748 347 60 20 C’est
1816 345 140 20 l’Eminence
1963 345 66 20 Grise
2037 344 28 20 de

1592 374 21 19 la
1630 374 128 24 prétendue
1766 372 168 25 conspiration.
1948 373 31 20 M.
1989 371 75 22 Schall

1591 404 35 16 est
1630 401 175 25 l’organisateur
1813 400 102 20 matériel
1921 400 30 20 du
1957 400 107 24 complot.

1591 428 85 20 Toutes
1685 429 34 20 les
1727 427 147 22 accusations
1883 428 91 24 portées
1986 430 79 17 contre

1591 462 45 13 eux
1645 459 40 17 ont
1698 457 36 19 été
1743 455 102 21 réduites
1853 455 13 20 à
1881 457 70 19 néant
1960 461 41 19 par
2014 454 51 21 leur

1590 483 159 24 explications.
1772 483 19 20 Il
1809 482 59 21 n’est
1886 483 48 20 rien
1957 483 61 19 resté
2038 481 28 21 de

1589 510 147 21 l’accusation
1753 517 29 13 au
1794 510 61 24 sujet
1866 511 29 19 du
1911 510 84 20 «cadre
2004 509 29 19 de
2043 509 22 20 la

1590 538 93 20 France.
1691 544 11 11 »
1712 538 46 20 Nos
1766 538 82 20 clients
1856 542 40 17 ont
1904 538 88 24 prouvé
1999 536 67 25 qu’ils

1589 565 125 25 agissaient
1721 565 138 25 loyalement
1867 566 57 20 dans
1932 565 22 19 le
1963 564 68 20 cadre
2038 563 28 21 de

1589 593 21 20 la
1625 593 102 21 France..
1743 593 24 21 Si
1783 600 59 13 nous
1859 592 156 26 rapprochons
2030 591 35 20 les

1589 620 151 25 explications
1757 621 38 25 qui
1805 627 59 14 nous
1872 624 40 16 ont
1920 620 37 19 été
1964 619 102 21 données

1591 654 41 18 par
1652 655 39 14 ces
1704 648 60 20 deux
1784 648 115 24 inculpés,
1916 647 41 20 des
1975 646 91 25 paroles

1589 676 144 24 prononcées
1749 682 42 18 par
1800 675 31 20 M.
1845 675 113 20 Poincaré
1966 675 22 19 le
1997 678 24 15 12
2035 673 32 20 fé-

1591 702 61 20 vrier
1659 704 13 18 à
1681 703 138 24 Strasbourg
1826 708 6 13 :
1843 702 116 21 «L’Alsace
1964 708 51 14 sera
2020 704 47 17 stu-

1591 730 93 25 péfaite,
1691 731 41 20 des
1741 731 106 21 vilénies,
1855 730 38 26 qui
1902 730 32 20 lui
1944 733 78 17 seront
2030 729 38 20 dé-

1592 758 94 21 voilées.
1697 758 48 21 Elle
1759 758 94 21 frémira
1862 759 29 20 de
1905 758 120 20 connaître
2033 757 34 20 les

1591 790 61 17 actes
1661 787 29 20 de
1706 787 111 20 démence
1826 787 41 20 des
1875 787 117 23 accusés,»
2007 792 59 14 nous

1592 815 87 20 devons
1687 821 86 15 avouer
1789 821 45 18 que
1848 814 100 21 l’Alsace
1956 818 36 17 est
2008 814 59 20 vrai-

1595 846 63 18 ment
1667 842 132 26 stupéfaite,
1818 849 46 15 non
1873 849 41 19 pas
1922 843 29 20 de
1964 849 26 14 ce
1998 842 40 25 qui
2053 848 12 14 a

1593 872 37 20 été
1638 872 84 22 révélé,
1731 872 60 20 mais
1799 872 29 20 de
1836 878 29 14 ne
1874 871 49 21 rien
1937 870 129 26 apprendre

1594 906 39 14 sur
1641 905 26 15 ce
1675 900 91 21 fameux
1774 899 109 26 complot,
1901 900 66 24 après
1984 902 81 22 quatre

1591 928 66 25 jours
1663 927 116 22 d’assises.

1620 955 158 26 Remarquons
1791 962 46 19 que
1851 959 59 18 cette
1926 955 140 21 déclaration

1594 983 112 26 publique
1717 984 28 21 de
1754 985 30 20 M.
1795 984 112 21 Poincaré
1914 990 13 14 a
1937 984 37 20 été
1981 983 56 21 faite
2044 983 23 20 le

1595 1016 25 16 12
1626 1012 94 20 Février
1728 1012 58 25 1928.
1797 1013 31 20 Le
1835 1017 12 15 2
1854 1012 72 22 Avril,
1936 1013 130 24 soitquatre

1595 1041 115 20 semaines
1719 1041 51 25 plus
1787 1041 60 22 tard,
1857 1047 13 14 a
1879 1041 37 20 été
1932 1040 110 21 transmis
2054 1041 12 19 à

1595 1068 21 21 la
1626 1068 114 21 Chambre
1751 1070 41 20 des
1801 1069 71 20 mises
1880 1075 29 14 en
1921 1068 147 21 accusations

1595 1098 22 19 le
1634 1097 96 21 résultat
1738 1097 41 21 des
1793 1097 147 20 instruction.
1950 1097 51 24 Que
2017 1096 50 20 dire

1595 1126 29 19 de
1642 1130 60 16 cette
1717 1125 145 25 atmosphère
1877 1125 108 26 générale
1998 1124 69 25 qu’on

1596 1155 52 19 crée
1661 1157 79 17 contre
1755 1154 41 20 des
1811 1153 127 24 Alsaciens,
1947 1159 46 20 que
2009 1158 59 15 nous

1595 1188 73 14 avons
1676 1183 101 20 entendu
1787 1182 79 20 traiter
1872 1188 42 19 par
1921 1181 24 20 le
1953 1181 76 21 Préfet
2037 1180 30 21 du

1596 1210 130 21 Haut-Rhin
1742 1210 28 21 de
1787 1215 11 11 «
1808 1210 75 20 bande
1896 1210 139 20 encanaillée
2043 1209 26 21 »?

1597 1239 43 20 Les
1647 1239 113 20 électeurs
1769 1242 41 17 ont
1816 1238 103 25 répondu
1925 1238 13 20 à
1947 1244 27 14 ce
1979 1238 91 25 préten-

1597 1267 30 20 du
1634 1267 102 25 complot
1740 1273 88 15 comme
1833 1266 30 21 ils
1867 1266 108 21 devaient
1979 1267 21 19 le
2005 1265 64 21 faire!

1621 1295 159 21 Nous-mêmes
1797 1301 73 14 avons
1878 1293 81 22 fouillé
1968 1295 34 19 les
2019 1294 51 21 dos-

1597 1323 67 21 siers.
1673 1323 63 21 Nous
1748 1323 124 21 attendons
1878 1323 35 20 les
1920 1329 108 19 preuves,
2036 1323 34 20 les

1597 1352 112 19 éléments
1722 1351 130 24 juridiques
1866 1351 29 19 du
1909 1351 71 20 crime
1988 1351 39 24 qui
2036 1354 35 17 est

1597 1379 115 20 constitué
1729 1385 41 17 par
1787 1385 45 13 une
1849 1378 126 21 résolution
1983 1378 88 20 arrêtée

1598 1407 81 24 d’agir,
1688 1413 45 14 une
1743 1407 93 20 volonté
1850 1406 106 26 positive,
1966 1412 46 14 non
2030 1412 40 19 pas

1598 1435 40 20 des
1647 1441 74 17 voeux,
1730 1435 24 20 ni
1760 1435 47 22 .des
1816 1440 113 17 menaces,
1939 1434 23 20 ni
1972 1435 40 19 des
2020 1440 51 19 pro-

1596 1464 56 24 jets,
1665 1467 50 17 tout
1723 1464 49 20 cela
1787 1469 29 14 ne
1829 1463 145 20 constituant
1982 1468 42 19 pas
2040 1468 30 15 un

1598 1495 98 17 attentat
1704 1492 13 19 à
1725 1492 22 19 la
1755 1491 77 21 sûreté
1840 1492 30 19 de
1882 1490 75 21 l’Etat.
1966 1491 37 20 Où
2018 1495 53 15 sont

1599 1526 39 14 ces
1645 1522 210 19 commencements
1863 1519 144 21 d’exécution
2014 1518 12 20 ?
2034 1518 36 21 Où

1599 1551 36 17 est
1648 1552 60 17 cette
1720 1548 93 20 volonté
1827 1547 107 21 arrêtée?
1947 1547 45 25 II.y
2006 1554 14 13 a
2040 1553 30 14 un

1600 1576 107 25 complot,
1721 1576 58 20 mais
1788 1576 54 20 c’est
1855 1576 23 20 le
1886 1576 186 20 Gouvernement

1600 1604 39 25 qui
1646 1611 14 13 a
1668 1604 100 21 fomenté
1777 1610 26 14 ce
1811 1604 108 25 complot.

1625 1632 31 21 Le
1674 1631 130 22 Président:
1823 1631 132 24 Messieurs,
1973 1632 23 25 je
2014 1638 57 14 vous

1601 1660 103 25 rappelle
1713 1660 55 25 qu’il
1777 1664 35 17 est
1826 1660 38 20 dix
1872 1660 93 23 heures,
1975 1664 22 16 et
2013 1666 59 15 nous

1600 1695 29 14 ne
1636 1695 99 14 sommes
1741 1695 40 18 pas
1789 1694 83 15 encore
1883 1689 75 20 entrés
1967 1689 57 20 dans
2037 1688 34 21 les

1601 1718 88 21 débats.

1625 1745 31 21 Mc
1665 1746 90 25 Jaeglé:
1772 1746 62 20 Nous
1842 1752 72 15 avons
1929 1745 22 20 le
1959 1749 83 22 temps,
2052 1746 15 20 il

1600 1774 49 20 faut
1658 1781 45 19 que
1708 1774 86 24 justice
1800 1774 47 20 soit
1855 1773 54 21 faite
1916 1774 7 19 !

1625 1802 31 20 Me
1663 1802 99 21 Berthon
1773 1810 6 12 :
1787 1802 28 20 Et
1826 1802 116 21 n’oubliez
1950 1808 50 20 pas,
2010 1802 29 20 M.
2049 1803 20 20 le

1601 1830 174 24 Président.que
1784 1830 46 21 moi
1836 1830 25 25 je
1870 1830 97 25 parlerai
1977 1830 93 21 encore!

1625 1859 31 20 Me
1663 1858 80 25 Jaeglé
1752 1858 112 21 continue
1873 1865 6 13 :
1887 1857 23 21 Si
1920 1859 34 20 les
1972 1859 100 20 témoins

1599 1887 169 21 maintiennent
1776 1893 26 14 ce
1811 1887 69 24 qu’ils
1889 1890 41 17 ont
1946 1886 94 24 affirmé,
2050 1891 22 17 et

1600 1922 57 14 vous
1665 1915 34 21 les
1707 1921 55 14 avez
1771 1915 122 23 entendus,
1902 1920 57 15 vous
1969 1921 28 14 ne
2011 1918 61 18 trou-

1600 1950 66 14 verez
1675 1943 49 20 rien
1734 1943 30 21 du
1774 1946 51 17 tout
1832 1942 57 21 dont
1897 1948 58 16 vous
1971 1943 102 26 puissiez

1600 1978 59 14 nous
1664 1971 57 21 faire
1726 1977 31 14 un
1763 1971 79 20 crime.
1850 1971 60 21 C’est
1917 1977 47 15 une
1973 1971 99 22 certaine

1600 2005 80 19 presse
1693 1999 39 26 qui
1741 2005 13 14 a
1763 1999 97 20 commis
1874 2000 22 19 la
1904 2000 88 24 grande
2000 1999 71 22 faute.

1600 2028 18 20 Il
1626 2034 15 18 y
1650 2034 13 14 a
1672 2027 40 21 des
1723 2027 150 25 journalistes
1886 2027 40 25 qui
1944 2034 15 14 n
1968 2031 41 17 ont
2022 2027 49 22 rien

1599 2056 101 25 compris
1705 2055 114 26 jusqu’ici
1833 2061 30 15 au
1877 2055 119 26 problème
2013 2060 22 16 et
2049 2057 23 24 je

1599 2084 47 20 sais
1655 2084 56 24 qu’il
1719 2090 15 19 y
1742 2090 13 14 a
1764 2084 42 20 des
1815 2089 130 20 personnes
1953 2084 41 25 qui
2011 2090 60 15 com-

1599 2116 106 17 mencent
1713 2113 129 19 seulement
1850 2112 132 21 réellement
1990 2112 14 20 à
2013 2118 59 15 com-

1599 2141 99 24 prendre
1706 2146 26 14 ce
1741 2146 45 19 que
1795 2140 57 21 c’est
1860 2146 46 19 que
1914 2140 23 20 le
1948 2140 125 26 journalis-

1600 2175 45 14 me.
1661 2168 83 26 Quand
1761 2170 14 18 à
1784 2174 66 17 vous,
1865 2168 31 21 M.
1913 2169 22 19 le
1944 2169 127 24 Président,

1599 2203 57 15 vous
1664 2203 29 14 ne
1702 2203 87 18 pouvez
1795 2196 169 21 sérieusement
1972 2203 58 15 nous
2039 2204 34 14 re-

1599 2225 99 26 procher
1706 2225 86 21 d’avoir
1801 2224 111 26 prolongé
1921 2225 34 21 les
1963 2226 79 20 débats
2051 2230 21 16 et

1599 2254 88 21 d’avoir
1695 2253 63 25 parlé
1766 2253 29 21 de
1803 2252 73 25 sujets
1885 2252 189 22 ridicules.N’est-

1599 2288 27 14 ce
1633 2288 42 19 pas
1685 2287 58 15 vous
1750 2282 40 25 qui
1805 2287 56 14 avez
1869 2282 118 25 interrogé
1994 2288 42 14 sur
2052 2283 21 19 le

1599 2309 107 22 théâtre?
1720 2309 101 21 N’est-ce
1834 2315 40 19 pas
1893 2315 58 15 vous
1960 2310 40 26 qui
2017 2316 56 15 avez

1599 2338 81 21 fouillé
1697 2337 58 21 dans
1772 2338 22 20 le
1802 2339 69 24 passé
1884 2337 27 21 de
1926 2337 31 21 M.
1967 2338 107 22 Ricklin?

1601 2367 97 21 N’est-ce
1711 2372 43 19 pas
1762 2372 59 15 vous
1835 2366 39 25 qui
1887 2373 58 14 avez
1961 2367 113 22 demandé

1599 2396 42 19 des
1654 2395 152 25 explications
1815 2400 41 15 sur
1863 2394 34 21 les
1914 2395 159 25 suppléments

1600 2423 132 23 littéraires,
1741 2426 23 17 et
1772 2423 40 24 qui
1820 2422 67 21 faites
1896 2429 31 14 un
1942 2423 111 26 reproche
2059 2426 14 19 à

1601 2451 31 20 M.
1640 2451 99 21 Solveen
1748 2451 90 20 d’avoir
1847 2451 83 25 esposé
1938 2457 29 15 en
1976 2452 98 21 Allema-

1599 2486 46 18 gne
1658 2480 42 20 des
1716 2479 128 24 peintures,
1854 2485 27 14 ce
1894 2485 45 19 que
1945 2479 52 21 font
2012 2480 62 22 d’ail-

1600 2508 64 20 leurs
1672 2511 54 17 tous
1734 2507 34 21 les
1776 2507 104 25 peintres
1889 2507 116 25 français?
2014 2508 17 20 Il
2040 2514 33 17 est

1602 2537 49 20 vrai
1659 2542 45 19 que
1713 2541 26 14 ce
1747 2536 41 25 qui
1805 2539 35 17 est
1849 2536 86 24 permis
1943 2543 44 14 aux
2005 2536 70 22 Fran-

1601 2564 47 24 çais
1656 2564 28 20 de
1693 2564 126 20 l’intérieur
1825 2570 30 15 ne
1863 2564 52 20 l’est
1925 2570 42 19 pas
1972 2565 102 25 toujours

1600 2598 45 15 aux
1652 2592 127 21 Alsaciens.
1788 2592 80 25 Quant
1875 2593 14 20 à
1897 2592 53 22 MM.
1960 2594 34 20 les
1999 2594 74 25 jurés,

1601 2624 115 17 comment
1724 2620 138 24 peuvent-ils
1870 2621 49 20 être
1925 2620 67 27 juges
2001 2622 27 20 de
2036 2629 38 18 pa-

1601 2649 66 20 reille
1675 2648 147 22 discussion?
1830 2648 32 22 Ils
1876 2656 28 13 ne
1914 2654 54 16 sent
1976 2656 42 20 pas
2034 2651 40 20 des

1601 2681 99 20 experts,
1710 2677 31 20 ils
1754 2681 55 17 sont
1816 2677 22 20 là
1848 2684 58 18 pour
1910 2678 70 25 juger
1988 2685 31 14 un
2031 2680 43 19 cri-

1601 2711 36 14 me
1643 2706 7 20 !
1660 2705 37 20 Où
1705 2708 36 17 est
1748 2705 23 20 le
1777 2705 90 21 crime?

1777 2762 140 26 (Cuntinua)

2095 154 425 45 FRANCE...RÉPUBLIQUE

2171 191 298 37 SÉPARATISME.?

2112 254 15 17 Il
2136 254 28 17 est
2173 255 123 17 consternant
2304 254 23 17 de
2334 254 44 17 voir
2385 260 37 17 que
2433 258 33 19 des
2479 266 53 17 orcan

2090 282 62 14 corses
2160 278 105 22 éprouvent
2269 280 18 17 le
2292 278 98 21 besoin,de
2396 281 60 23 temps
2463 289 22 14 en
2492 288 34 19 tem
2535 274 18 14 GS

2090 304 23 17 de
2120 307 46 13 nous
2179 303 87 22 rappeler
2274 308 37 18 que
2319 307 49 15 nous
2377 309 81 17 sommes
2471 297 80 35 franea^’

2089 328 24 17 de
2120 328 18 17 le
2146 328 105 21 proclamer
2259 329 11 18 à
2278 329 72 21 chaque
2364 329 95 25 tournant,
2474 336 39 19 afjn
2531 322 20 19 ls’

2090 357 24 13 ne
2125 357 46 13 nous
2185 352 109 20 déroutions
2308 353 53 22 point
2370 354 75 19 chemin
2458 358 66 23 faisant
2543 349 9 13 6

2112 374 25 18 La
2150 375 56 18 Jeune
2221 375 53 19 Corse
2288 376 81 22 ignorait
2386 377 46 21 qu’il
2447 383 12 17 y
2475 382 32 19 e-ul
2525 378 4 4 '

2090 399 84 22 question
2182 400 112 21 séparatiste
2301 401 98 18 bretonne.
2414 401 39 19 Elle
2460 395 82 35 s’imagin
2542 395 10 13 6

2091 429 35 17 que
2134 424 18 18 le
2160 424 121 23 séparatisme
2289 427 67 17 breton
2368 427 45 17 date
2421 427 25 17 du
2454 423 70 28 procès*
2531 420 21 32 /

2091 449 103 19 Colmar.Le
2201 450 121 22 séparatisme
2330 452 66 18 breton
2405 453 30 16 est
2445 454 41 20 plus
2493 444 54 36 vieux*
2546 445 5 12 1

2091 475 12 17 à
2109 478 46 17 coup
2163 479 78 18 sur,que
2249 475 18 18 le
2275 475 112 23 journaliste
2395 476 68 21 étonné
2468 482 31 20 qui
2507 476 33 28 noà
2546 477 5 8 ’

2091 499 35 18 fait
2132 501 41 19 part
2181 500 23 17 de
2210 504 35 13 son
2253 501 82 22 ingénue
2348 501 91 22 surprise.
2449 503 44 21 Plus
2498 509 54 22 vieux

2091 528 36 19 que
2135 524 33 21 lui,
2177 525 43 21 plus
2228 524 59 19 vieux
2295 530 36 18 que
2342 526 60 17 moi...
2412 530 70 18 comme
2490 526 63 28 l’autoL

2092 549 88 18 nomisme
2188 553 54 14 corse
2249 550 34 22 qui
2288 552 30 16 est
2326 555 25 13 un
2360 551 36 17 fait
2404 551 28 17 lui
2439 556 57 17 aussi.
2503 558 15 17 Il
2526 561 21 18 aa

2092 575 19 17 te
2118 574 24 17 de
2149 574 67 18 1342...
2224 573 41 22 Que
2272 575 37 17 l’on
2317 579 24 13 en
2348 576 71 22 gradue
2432 577 121 27 l’importance

2091 604 23 12 au
2123 599 133 18 thermomètre
2260 604 37 17 que
2304 600 37 17 l’on
2347 601 71 18 voudra
2424 607 5 17 ;
2436 606 54 19 qu’on
2498 612 23 13 ne
2527 610 25 19 lui

2091 624 76 17 accorde
2180 624 112 18 d’attention
2305 629 38 17 que
2356 626 48 18 dans
2412 627 18 17 la
2444 633 72 17 mesure
2531 637 21 17 où

2091 649 70 17 chacun
2169 654 23 12 en
2201 649 86 22 apprécie
2295 651 20 16 et
2324 650 68 18 évalue
2404 652 19 17 le
2430 653 81 24 danger..
2532 664 20 13 0»

2091 673 87 21 l’intérêt,
2186 674 19 22 je
2213 679 52 13 veux
2272 674 50 18 bien.
2331 674 47 20 Mais
2387 676 24 18 de
2417 676 18 18 là
2449 678 11 18 à
2473 682 50 18 avoir
2538 686 14 14 h

2092 697 103 23 prétention
2215 699 24 18 de
2258 700 50 17 dire:
2332 699 123 24 Séparatisme
2475 705 77 23 breton?

2092 722 94 22 Qu’esl-ce
2197 728 37 18 que
2243 725 47 18 c’est
2298 729 36 18 que
2342 730 22 16 ça
2371 725 10 19 ?
2390 726 40 21 Que
2438 730 75 20 veulent
2525 739 27 14 ce-

2092 748 133 22 énergumènes
2232 748 10 19 ?
2250 750 16 18 11
2272 755 12 18 y
2289 755 11 13 a
2307 750 19 17 la
2331 750 84 19 distance
2420 752 33 21 qui
2461 755 62 22 sépare
2530 764 22 15 un

2093 779 9 10 «
2109 773 83 22 vulgaire
2200 774 79 19 humain
2287 781 9 11 »
2303 776 24 17 de
2335 777 51 17 celui
2394 777 33 21 qui
2433 781 20 14 se
2461 782 41 16 sent
2510 783 44 21 «fort

2091 799 20 17 et
2115 798 58 19 ferme
2181 803 24 14 en
2213 803 32 14 scs
2253 800 85 18 desseins
2344 807 9 9 »
2361 806 72 14 comme
2440 802 19 20 le
2467 806 52 20 poète

2112 823 22 18 Je
2140 823 60 23 lisais,
2210 825 51 18 cette
2268 825 89 19 semaine,
2368 831 27 13 un
2403 827 65 20 article
2476 830 23 19 de
2505 835 48 19 notre

2091 848 95 22 quotidien
2194 849 86 20 confrère
2289 855 33 13 sur
2330 852 50 18 cette
2395 853 87 20 question
2489 856 25 18 du
2528 861 26 17 sé-

2092 874 97 22 paratisme
2197 875 67 19 breton
2271 875 33 24 qui
2316 876 29 17 lui
2360 877 77 18 donnait
2449 880 80 22 prétexte
2542 887 10 17 à

2091 903 37 14 une
2136 900 86 18 nouvelle
2235 900 115 19 affirmation
2362 903 24 17 de
2394 903 96 22 loyalisme
2505 912 47 17 corse

2091 925 31 18 vis
2129 925 11 17 à
2148 926 31 18 vie
2184 925 24 18 de
2216 925 18 18 la
2242 925 77 19 France.

2113 948 43 18 Ah!
2170 948 79 22 qu’elles
2263 950 43 17 sont
2318 949 169 24 dangereusement
2498 954 55 21 inter-

2092 972 90 23 prétables
2190 974 35 17 des
2233 974 78 21 phrases
2319 979 71 14 comme
2400 976 85 19 celles-ci
2493 983 5 13 :

2114 1003 36 21 Qui
2157 1009 22 13 ne
2186 1004 37 18 sail
2230 1009 35 18 que
2270 1005 26 18 les
2303 1005 79 23 finances
2389 1006 102 22 françaises
2495 1013 29 16 ont
2530 1014 23 18 été

2091 1028 108 20 amoindries
2207 1025 169 24 considérablement
2388 1036 37 18 par
2432 1034 44 17 celle
2489 1035 64 22 funeste

2092 1059 62 19 guerre
2158 1054 11 18 ?
2176 1054 51 19 Nous
2235 1060 55 14 avons
2298 1057 38 16 tout
2344 1055 66 19 intérêt
2418 1057 11 17 à
2438 1060 56 17 rester
2501 1061 53 20 Fran-

2092 1079 37 22 çais
2139 1084 57 19 parce
2207 1085 35 18 que
2251 1081 17 18 la
2280 1081 71 18 France
2364 1082 87 23 n’eslpas
2456 1088 98 22 surpeuplée

2093 1110 64 14 comme
2164 1105 69 18 t’Italie
2239 1108 18 16 et
2262 1111 55 18 parce
2322 1111 34 18 que
2361 1108 44 17 c’est
2412 1107 19 18 là
2435 1111 72 17 seconde
2509 1114 45 20 puis-

2093 1135 52 14 sance
2152 1130 86 19 coloniale
2245 1131 26 18 du
2281 1131 70 18 monde.
2362 1132 97 20 D'ailleurs
2466 1135 41 18 c'est
2519 1142 36 15 avec

2094 1156 26 18 les
2127 1155 86 23 Français
2217 1161 36 18 que
2256 1161 44 14 nous
2304 1158 132 23 sympathisons
2441 1159 43 22 plus
2491 1162 64 22 qu'avec

2094 1182 38 17 tout
2138 1183 51 16 autre
2194 1181 73 23 peuple.
2278 1182 57 21 Qu'on
2346 1183 19 18 le
2371 1183 55 18 sache
2439 1189 22 13 en
2477 1186 52 19 llalie
2539 1193 17 15 et

2093 1205 122 24 spécialement
2222 1208 12 16 à
2247 1207 89 19 Livourne
2343 1214 8 11 :
2359 1213 46 14 nous
2418 1213 74 16 sommes
2505 1212 51 20 Fran-

2094 1231 36 22 çais
2137 1233 18 16 et
2161 1231 148 20 nous'entendons
2325 1232 17 19 le
2357 1235 58 17 rester
2431 1234 81 20 d'autant
2526 1243 30 18 que

2095 1261 43 14 nous
2144 1262 81 17 sommes,
2232 1257 63 24 depuis
2303 1258 85 23 quelques
2396 1260 57 17 année
2453 1266 15 16 s,
2470 1260 86 22 heureuse-

2095 1283 47 17 ment
2148 1283 76 23 engagés
2230 1282 46 19 dans
2284 1283 19 18 la
2308 1283 40 18 voie
2351 1284 26 18 du
2381 1289 81 18 progrès.

2115 1307 110 19 Vraiment?
2234 1308 50 19 Nous
2296 1314 58 14 avons
2363 1311 48 17 donc
2422 1310 69 19 intérêt
2500 1312 12 17 à
2526 1314 29 18 de-

2095 1338 73 14 meurer
2175 1333 102 22 Français?
2287 1335 121 22 Voyez-vous
2417 1340 21 17 ça
2447 1335 5 19 !
2462 1337 22 17 Et
2492 1341 64 18 comme

2096 1359 13 17 il
2117 1359 30 17 est
2153 1360 70 21 urgent
2229 1359 25 18 de
2258 1360 19 17 le
2285 1360 103 21 proclamer
2397 1361 5 17 !
2409 1361 16 17 II
2432 1365 12 17 y
2453 1366 11 13 a
2475 1363 46 18 donc
2527 1365 29 19 des

2096 1383 64 18 Corses
2168 1384 33 21 qui
2209 1388 25 13 ne
2243 1384 86 18 tiennent
2336 1389 34 17 pas
2377 1386 13 17 à
2398 1387 62 17 rester
2467 1387 75 23 français
2547 1391 8 18 ?

2095 1408 46 18 Mais
2146 1412 116 15 savez-vous
2270 1413 37 18 que
2315 1409 40 18 cela
2364 1411 30 17 est
2402 1414 53 15 assez
2471 1417 77 17 nouveau

2096 1435 19 16 et
2126 1433 44 22 qu’il
2179 1433 83 19 faudrait
2268 1434 94 23 peut-être
2370 1436 96 19 examiner
2473 1438 18 17 la
2506 1440 49 21 chose

2097 1458 68 22 déplus
2174 1458 49 23 près.
2229 1458 37 22 Qui
2273 1459 38 18 sait
2318 1459 10 18 ?
2336 1459 27 19 Us
2370 1462 35 16 ont
2418 1463 92 20 peut-être
2524 1467 31 17 rai-

2096 1488 64 17 son,au
2169 1485 51 17 fond,
2229 1488 32 15 ces
2269 1484 103 20 Corses-là.
2381 1485 29 19 En
2426 1487 38 18 tout
2472 1493 30 14 cas
2514 1491 40 20 c’est

2097 1510 38 18 fort
2149 1509 115 19 intéressant
2280 1511 19 17 et
2310 1510 41 18 cela
2367 1511 70 19 mérite
2452 1513 101 24 inventaire.

2098 1542 8 10 «
2113 1535 58 22 Qu’on
2178 1536 18 18 le
2205 1535 57 18 sache
2270 1540 24 13 en
2306 1535 55 19 Italie
2372 1537 21 17 et
2406 1536 125 23 spécialement
2544 1543 10 18 à

2097 1561 90 18 Livourne
2196 1567 9 10 »
2215 1564 71 15 comme
2294 1561 28 17 dit
2329 1561 18 18 la
2355 1562 58 18 Jeune
2420 1561 58 21 Corse.

2117 1584 46 18 Mais
2171 1584 39 21 oui,
2228 1583 15 17 il
2252 1584 42 17 faut
2301 1584 58 22 qu'on
2366 1585 20 17 le
2394 1585 57 18 sache
2457 1591 33 14 sur
2494 1588 59 21 l’autre

2097 1609 41 18 rive
2145 1610 23 17 de
2175 1610 19 17 la
2202 1608 40 18 Mer
2249 1609 135 22 Tyrrénïenne.
2400 1610 23 18 Et
2430 1610 14 18 il
2452 1611 38 20 faut
2503 1615 48 21 qu’on

2097 1634 55 19 sache
2159 1634 52 18 aussi
2219 1638 43 18 que,
2271 1635 24 17 de
2303 1635 52 18 toute
2364 1635 59 21 façon,
2433 1636 11 17 à
2451 1638 73 21 présent-
2530 1644 19 14 ce

2098 1660 56 19 serait
2161 1662 42 20 trop
2211 1661 48 20 tard,
2272 1664 31 14 car
2310 1664 50 15 nous
2376 1661 51 18 voici
2435 1670 23 5 —
2465 1664 45 18 enfin
2518 1664 4 18 !
2529 1675 20 4 —

2098 1686 93 23 «engagés
2198 1685 48 18 dans
2254 1686 18 17 la
2281 1685 43 18 voie
2335 1686 27 18 du
2374 1686 83 23 progrès.
2466 1694 8 11 »
2482 1688 68 21 Sinon...

2097 1716 24 13 on
2129 1711 60 18 aurait
2197 1715 33 18 pu,
2239 1710 94 23 peut-être
2345 1716 88 14 causer...
2450 1713 46 19 Nous
2509 1719 43 14 som-

2097 1741 39 14 mes
2144 1738 45 17 dans
2197 1737 20 17 la
2225 1737 42 18 voie
2275 1737 25 17 du
2310 1742 9 11 «
2329 1736 80 24 Progrès
2416 1743 9 11 »
2435 1737 16 23 (?
2460 1738 5 19 !
2473 1739 9 18 ?
2490 1739 5 18 !
2501 1740 52 22 )Mais

2097 1762 43 22 quel
2148 1761 76 24 progrès
2230 1761 10 18 ?
2249 1762 24 18 Le
2287 1762 89 19 tourisme
2385 1764 115 21 grandissant
2506 1764 10 19 ?
2524 1766 31 18 Les

2097 1792 97 14 nouveaux
2202 1787 71 22 Hôtels,
2282 1787 18 18 le
2308 1786 67 20 Casino
2388 1789 20 17 et
2419 1788 113 21 l’Electricité
2546 1792 10 17 à

2097 1813 72 21 Ajaccio
2177 1812 10 18 ?
2195 1812 26 18 Ce
2228 1814 44 17 sont
2280 1817 31 14 ces
2322 1814 101 22 progrès-là
2438 1816 31 21 qui
2484 1816 73 19 doivent

2097 1842 47 14 nous
2151 1838 89 22 indiquer
2248 1838 72 18 d’avoir
2332 1838 11 18 à
2353 1840 60 17 rester
2421 1840 76 22 français
2504 1840 10 19 ?
2521 1841 36 19 Elle

2097 1865 30 17 est
2133 1864 44 18 bien
2184 1864 64 17 bonne
2256 1863 5 18 !
2271 1863 35 19 Ces
2314 1864 105 23 progrès-là
2427 1867 41 16 sont
2482 1867 35 17 dûs
2524 1871 33 14 aux

2096 1889 103 18 initiatives
2208 1889 23 17 de
2239 1889 120 22 particuliers
2366 1891 21 17 et
2394 1891 19 17 la
2421 1891 96 23 Métropole
2530 1893 25 17 n’a

2097 1915 40 18 rien
2142 1915 12 18 à
2162 1919 12 19 y
2181 1914 49 19 voir.
2240 1914 35 19 Les
2280 1915 76 23 progrès
2364 1920 25 13 au
2398 1920 44 14 sens
2449 1917 79 18 national
2534 1918 22 18 du

2097 1941 38 17 mot
2142 1944 21 14 ce
2171 1941 45 17 sont
2226 1940 141 19 l’amélioration
2376 1942 24 17 de
2413 1946 34 13 nos
2461 1943 66 20 routes,
2541 1943 15 18 le

2097 1966 58 23 grand
2163 1970 66 14 oeuvre
2238 1966 174 18 d’assainissement
2425 1967 23 17 de
2456 1972 34 14 nos
2498 1968 57 19 marais

2097 1992 19 17 et
2123 1992 43 17 cent
2171 1992 64 16 autres
2244 1992 65 17 choses
2317 1991 23 18 de
2349 1996 21 14 ce
2379 1993 86 22 tonnage.
2473 1993 31 21 Or,
2512 1993 20 17 de
2538 1998 17 14 ce

2097 2016 51 23 point
2155 2017 24 17 de
2186 2020 38 14 vue
2233 2016 24 21 là,
2267 2017 15 17 il
2290 2021 10 18 y
2310 2021 33 13 a...
2352 2018 106 18 maldonne.

2118 2039 53 21 Mais,
2180 2042 73 15 comme
2260 2039 19 18 le
2287 2039 95 18 laisserait
2396 2041 89 17 entendre
2499 2041 18 18 la
2523 2041 31 18 Jeu-

2096 2069 23 13 ne
2128 2064 57 22 Corse,
2194 2064 116 19 maintenant
2318 2065 47 18 c’est
2373 2067 42 21 trop
2424 2066 47 18 lard.
2480 2066 29 22 Et,
2514 2071 48 15 com-.

2097 2094 29 14 me
2134 2091 41 18 tout
2183 2094 21 14 se
2213 2090 54 21 tient,
2283 2091 49 17 cette
2348 2091 44 18 voie
2405 2092 27 16 du
2448 2091 74 23 progrès
2535 2093 19 17 où

2097 2120 46 13 nous
2159 2116 77 18 entrons
2247 2125 19 4 —
2276 2115 52 18 enfin
2337 2114 5 18 1
2349 2125 23 4 —
2385 2116 72 19 fortifie
2479 2122 23 14 en
2517 2122 37 14 nous

2097 2141 80 19 l’ardeur
2185 2140 134 23 républicaine.
2324 2140 26 18 Or
2355 2142 17 17 la
2387 2142 115 23 République
2516 2148 38 17 pour

2097 2171 47 13 nous
2152 2167 46 17 c’est
2205 2166 25 18 M.
2240 2166 123 23 Landry,rien
2371 2172 38 17 que
2416 2167 24 18 M.
2454 2168 70 22 Landry

2096 2192 65 18 Tenez:
2168 2191 147 23 précisément,il
2323 2197 24 13 va
2353 2198 12 17 y
2373 2193 54 18 avoir
2434 2193 33 19 des
2475 2194 77 18 élections

2097 2218 48 17 cette
2152 2217 66 20 année,
2227 2216 33 20 des
2274 2217 89 19 élections
2376 2218 26 18 où
2413 2218 55 19 l’idée
2483 2219 70 23 républi-

2097 2243 52 18 caine
2157 2247 42 14 sera
2207 2243 48 18 mise
2263 2248 24 13 en
2295 2244 72 22 danger
2372 2245 47 17 dans
2427 2244 19 18 la
2453 2245 101 22 personnali-

2098 2268 19 18 té
2125 2269 22 17 de
2155 2268 24 18 M.
2188 2268 75 23 Landry
2273 2275 9 10 «
2291 2269 49 18 celui
2349 2270 32 21 qui
2390 2270 76 19 incarne
2473 2274 41 15 sans
2519 2274 35 14 con-

2098 2294 56 18 tredit
2161 2295 19 17 la
2187 2293 99 20 meilleure
2291 2294 60 19 forme
2359 2296 24 17 de
2390 2295 142 19 Gouvernement
2538 2301 13 16 »,

2097 2319 29 18 dit
2130 2321 53 17 notre
2189 2319 93 19 confrère.
2290 2319 50 19 Nous
2349 2325 24 14 ne
2381 2321 75 18 savions
2463 2326 31 18 pas
2501 2325 32 18 que
2538 2320 14 18 le

2097 2344 97 19 meilleure
2199 2345 60 18 forme
2269 2346 23 17 de
2300 2344 152 21 Gouvernement
2459 2347 44 18 était
2516 2346 37 18 celle

2098 2371 44 17 d’un
2149 2371 75 17 homme
2232 2371 47 18 d’un
2289 2370 62 20 mètre
2358 2371 23 19 83
2396 2372 83 22 environ,
2495 2371 57 22 mince,

2098 2395 73 23 élégant
2178 2397 24 17 de
2210 2395 61 19 forme
2280 2396 54 18 sinon
2343 2397 23 18 de
2383 2397 73 23 vêture,
2466 2399 39 17 tout
2518 2397 34 17 rasé

2098 2422 50 18 etc...
2157 2422 70 21 Depuis
2235 2421 45 19 1873
2287 2422 19 18 la
2314 2422 59 19 forme
2382 2423 32 23 qui
2423 2428 47 14 nous
2477 2423 47 18 avait
2529 2421 24 19 été

2098 2447 69 19 donnée
2173 2451 72 14 comme
2252 2448 19 18 la
2274 2447 98 20 meilleure
2379 2449 47 19 était
2433 2450 66 17 celle—
2504 2447 49 19 moins

2098 2472 107 19 séduisante
2225 2472 19 23 je
2260 2473 19 18 le
2294 2475 100 18 reconnais
2402 2484 23 4 —
2433 2475 54 18 d’une
2500 2477 53 21 grosse

2098 2498 68 18 femme
2170 2503 38 13 aux
2215 2499 97 18 mamelles
2319 2499 116 19 abondantes
2443 2502 19 17 et
2466 2499 61 19 coiffée
2533 2498 19 17 dn

2098 2524 69 18 bonnet
2173 2523 81 23 jacobin.
2263 2524 25 18 La
2296 2525 100 19 meilleure
2411 2526 59 18 forme
2484 2529 43 19 pour
2538 2524 14 17 la

2097 2549 56 18 Jeune
2170 2549 53 19 Corse
2230 2550 53 22 c’est,
2296 2551 95 23 paraît-il,
2398 2551 24 19 M.
2431 2551 77 22 Landry.

2121 2571 52 19 Voilà
2180 2574 95 17 comment
2279 2574 25 17 du
2313 2573 123 23 séparatisme
2443 2576 83 16 breton...
2533 2576 17 13 ou

2097 2598 60 22 autre,
2165 2598 19 18 la
2191 2598 58 19 Jeune
2257 2598 53 19 Corse
2318 2604 49 14 nous
2375 2600 96 19 démontre
2478 2603 35 19 que
2524 2596 27 20 i’E-

2097 2623 53 19 leska
2158 2625 30 17 est
2196 2625 67 21 exquis
2272 2626 18 17 et
2298 2625 48 22 qu’il
2354 2626 42 18 faut
2400 2630 24 14 en
2432 2626 81 22 prendre.

2392 2654 58 18 Jean
2458 2652 75 20 Makis.

2141 2675 36 21 (La
2185 2674 85 21 Nouvelle
2280 2675 51 19 Corse
2340 2676 84 24 8-9-28.)

2098 2727 100 23 Aiacciu
2206 2740 31 4 —
2247 2729 133 30 Stamparia
2393 2731 23 22 di
2429 2733 22 20 A
2462 2730 86 23 Muvra,

2099 2768 15 14 u
2125 2760 232 28 Diretlore-Gerente
2365 2772 6 16 :
2385 2764 69 24 Pelru
2464 2761 85 26 ROCCA

101 2871 106 22 Fuçlittinu
211 2870 19 18 di
233 2870 23 18 A
261 2869 81 19 Marra
347 2878 23 5 —
376 2867 70 19 .0.99—
453 2869 19 17 di
478 2866 93 20 u20-9-2S

125 2927 245 63 PASftpLE
403 2925 143 51 PÂôLî

303 2996 67 19 OSSIA

144 3033 39 36 La
201 3032 77 36 Mm
296 3032 31 35 ii
341 3032 176 35 Pùîûzmmô

102 3085 468 27 RACONTOCORSODELSECOLO

290 3121 86 23 XVIII

324 3155 24 18 DI

196 3190 32 25 F.
243 3189 35 25 D.
295 3189 177 26 Guerrazzi

275 3298 126 30 (Seguiio)

132 3340 41 22 Ad
181 3338 58 29 ogni
250 3344 75 16 verso
346 3339 87 27 questo
447 3337 13 22 è
470 3336 103 28 negozio

103 3372 43 22 che
155 3372 147 27 distrighero
315 3372 39 21 col
365 3372 75 26 prete,
448 3370 66 22 onde
523 3374 49 16 non

101 3407 88 21 mérita
201 3405 44 22 che
255 3411 31 15 ne
298 3405 103 28 pigliate
415 3404 61 21 altra
494 3402 77 28 briga,

102 3439 152 29 prègandovi
264 3438 116 21 frattanto
393 3443 14 15 a
416 3436 157 28 perdonarmi

101 3472 19 21 il
131 3472 111 22 distarbo
254 3472 44 21 che
312 3471 25 21 vi
350 3471 31 21 ho
400 3470 57 22 dato
468 3469 33 22 fin
515 3469 41 26 qui
566 3475 6 19 ;

101 3506 111 22 dichiaro
223 3504 44 22 che
279 3505 23 21 la
314 3505 46 21 lits
374 3505 90 26 quanto
478 3509 13 15 a
502 3502 43 21 noi
561 3502 13 21 è

102 3539 78 23 ûnita.

131 3572 20 23 Il
174 3571 74 26 Paoli,
270 3577 73 16 corne
355 3569 65 24 colui
442 3571 46 21 che
505 3574 70 17 orma

102 3613 50 16 non
173 3605 87 29 potëva
281 3605 44 27 più
347 3605 95 22 frenare
463 3603 112 27 Timpêto

103 3641 66 22 dello
181 3640 99 26 sdegno,
293 3638 148 22 abbrancato
453 3637 120 25 Mariano,

102 3681 13 15 e
130 3672 142 24 scotendûlo
285 3671 65 22 forte
362 3671 71 28 grido
442 3678 6 15 :

131 3719 30 5 —
173 3706 45 23 Chi
239 3706 12 21 è
263 3705 45 21 che
320 3710 63 22 nega
394 3705 23 20 la
436 3703 140 27 trasmigra-

104 3741 91 23 zione?
215 3738 60 22 Ecco
288 3738 42 28 qui
340 3739 25 21 la
382 3742 80 22 prova
474 3737 45 22 che
536 3736 40 22 nel

90 3782 3 3 ■
103 3775 79 24 costui
199 3777 71 24 corpo
290 3770 129 29 trasmigrò
432 3771 98 22 l'anima
550 3769 23 22 di

598 2868 79 22 Caino
686 2875 6 19 ;
714 2873 41 21 no,
777 2873 61 16 no...
860 2872 83 23 questa
970 2869 102 23 sarebbe

595 2904 88 24 troppa
694 2905 56 17 cosa
760 2907 44 21 per
812 2901 34 21 lui
854 2907 6 15 :
874 2900 80 24 Caino
961 2902 25 21 fu
995 2902 77 23 fratri-

598 2934 61 26 cida,
673 2940 39 15 ma
723 2939 51 17 non
792 2934 21 21 si
825 2934 72 28 legge
917 2934 45 23 che
972 2935 101 23 rubasse

597 2968 22 21 la
628 2967 148 22 sussistenza
793 2968 22 20 al
828 2973 44 16 suo
883 2967 97 23 fratello
992 2974 12 16 a
1026 2971 48 20 tra-

599 3001 112 22 dimento
720 3006 6 20 ;
739 3000 55 22 sarà
805 3000 98 23 l’anima
916 3001 25 21 di
953 3001 88 26 Giuda,
1057 3008 15 16 o

598 3034 25 22 di
638 3035 63 21 altro
714 3039 60 17 anco
787 3033 132 28 piùtristo.
929 3034 96 27 Queste
1036 3035 37 22 in-

598 3067 75 22 famie
692 3072 50 16 non
754 3068 20 20 si
787 3067 84 22 hanno
884 3073 12 16 a
918 3069 114 21 tollerare
1039 3074 6 20 ;
1059 3075 14 16 e

598 3101 42 26 qui
652 3105 75 17 meno
739 3101 45 21 che
796 3100 108 22 altrove:
916 3101 119 29 ringrazia
1054 3103 18 20 il

599 3137 42 19 tuo
654 3134 49 21 Dio
719 3133 44 22 che
775 3139 49 16 non
837 3134 18 21 ti
869 3139 74 21 posso
955 3135 118 27 giungere

598 3173 72 16 senza
685 3165 75 23 ferire
770 3168 26 20 lo
819 3166 157 24 immacolato
996 3173 77 18 onore

599 3200 63 22 délia
671 3202 41 19 tua
723 3199 118 29 famiglia.
853 3200 32 21 La
896 3201 50 21 mia
960 3203 113 20 sentenza

600 3234 13 21 è
624 3235 95 25 questa,
732 3233 47 21 che
790 3233 26 21 io
833 3234 132 25 procurerò
977 3234 96 22 ridurre

599 3268 26 20 in
633 3266 78 22 forma
722 3266 79 28 legale
808 3272 5 19 ;
825 3267 62 21 entri
897 3268 129 21 Altobello
1033 3269 40 20 nel

600 3304 116 24 possesso
734 3299 25 22 di
771 3299 59 22 tutti
843 3300 7 21 i
862 3300 59 22 béni
941 3301 105 22 Alando.
1061 3308 13 15 e

600 3333 34 28 gli
658 3332 107 23 usufritti
785 3333 73 22 interi
880 3339 44 21 per
934 3334 62 21 tanti
1017 3335 56 21 anni

600 3366 83 27 quanti
698 3366 18 21 ii
728 3368 75 19 tenne
819 3366 19 21 il
849 3372 45 16 suo
904 3367 108 28 indegno
1029 3366 46 23 fra-

599 3400 59 21 tello
666 3405 6 16 ;
690 3399 87 27 spirati
789 3399 80 26 questi
879 3400 68 22 torni
964 3400 110 22 Mariano

601 3439 13 15 a
632 3431 150 28 possederne
805 3433 24 20 la
840 3432 64 22 metà
913 3439 5 19 ;
944 3433 38 21 ciò
1004 3433 71 22 varrà

599 3466 94 28 meglio
706 3465 25 21 di
751 3471 33 15 un
796 3466 159 23 rendimento
965 3466 25 21 di
1009 3467 64 22 conti

601 3500 45 21 che
659 3498 102 23 sarebbe
767 3498 307 25 scandalosamenteîadro.

601 3533 44 22 Tu.
657 3532 120 25 Mariano,
784 3533 154 27 sgombrerai
948 3533 30 21 da
991 3532 83 28 Corte,

601 3573 14 15 e
627 3567 18 21 ti
666 3566 102 21 ridurrai
781 3572 13 14 a
812 3565 87 23 vivere
912 3567 41 21 nel
972 3569 103 24 procoio

602 3600 25 21 di
644 3598 122 28 Biguglia,
785 3598 45 22 che
842 3599 19 22 ti
875 3599 161 23 costituirôno
1048 3602 26 21 in

603 3634 58 21 dote
673 3633 95 27 quando
788 3633 142 21 conducesli
943 3633 24 21 in
983 3635 92 26 moglie

601 3668 24 20 la
634 3665 170 23 infelicissima
817 3666 89 21 donna,
920 3665 44 23 che
978 3666 41 22 hai
1029 3668 48 22 im-

602 3700 112 22 bestiata.
727 3698 103 26 Danari,
842 3699 129 28 bugiardo,
989 3702 27 19 tu
1028 3707 46 15 non

603 3733 79 22 avestï
695 3732 30 21 da
732 3732 33 22 lei
778 3732 31 21 nè
821 3733 124 21 accatlastî
962 3733 98 22 d’aitrui
1068 3741 6 18 ;

603 3767 70 28 quivi
682 3766 99 22 rimanti
789 3765 147 23 fastidiosoa
946 3767 131 25 te,abomi-

1099 2873 58 21 nato
1168 2872 30 21 da
1210 2871 64 23 tutti.
1283 2871 31 22 La
1324 2874 76 25 peste,
1408 2868 110 27 allordhè
1526 2877 49 17 non

1098 2905 129 27 possiamo
1239 2905 149 28 estinguere,
1401 2907 75 21 vuole
1493 2911 83 17 essere

1099 2938 97 22 isolata.
1212 2938 22 22 Il
1245 2939 87 27 giorno
1346 2940 25 21 di
1383 2939 100 22 domani
1496 2944 49 16 non
1556 2939 20 21 ti

1099 2971 31 22 ha
1141 2978 13 15 a
1167 2973 91 21 vedere
1269 2972 25 21 in
1308 2971 81 27 Corte,
1402 2978 15 15 e
1428 2972 61 22 bada
1502 2972 44 22 che
1557 2972 18 21 il

1099 3004 69 23 Paoli
1185 3011 49 16 non
1250 3011 43 15 usa
1312 3006 119 28 replicare
1444 3007 7 20 i
1462 3006 113 21 comandi

1099 3038 44 27 più
1155 3039 25 21 di
1192 3044 48 16 una
1250 3039 67 21 volta
1327 3045 6 15 :
1347 3045 42 16 ora
1401 3039 92 22 levami
1502 3039 20 21 il
1532 3040 43 20 tuo

1099 3071 89 23 odioso
1198 3074 95 25 aspetto
1308 3072 99 22 davanti
1419 3073 39 27 agi
1460 3073 7 21 i
1481 3071 79 23 occhi.

1127 3105 112 22 Mariano
1251 3105 89 22 rimase
1354 3106 141 25 sbalordito.
1501 3111 6 20 ;
1522 3105 53 22 usci

1099 3137 103 23 facendo
1212 3139 87 27 angolo
1308 3140 39 21 coi
1356 3139 42 28 gin
1402 3139 81 26 occhi',
1491 3145 13 15 e
1515 3140 61 20 stra-

1099 3171 119 23 scicando
1229 3172 7 21 i
1246 3172 65 27 piedi
1324 3172 59 26 cosi,
1400 3172 47 22 che
1458 3172 67 22 l’uno
1538 3177 38 17 ur-

1099 3206 59 20 tuva
1165 3205 89 22 dentro
1264 3205 81 22 l’altro
1351 3212 6 16 :
1370 3207 69 21 tanto
1448 3211 41 16 era
1501 3206 19 21 il
1531 3210 44 17 suo

1100 3239 95 21 terrore
1205 3238 46 22 che
1262 3245 48 15 non
1322 3239 63 23 ebbe
1396 3239 66 22 balia
1473 3244 50 16 non
1531 3239 44 21 che

1101 3270 25 21 di
1138 3271 134 27 profferire,
1284 3278 104 21 pensare
1400 3272 31 22 nè
1443 3277 89 17 manco
1545 3271 30 21 ad

1101 3309 48 16 una
1158 3304 179 27 imprecazione
1344 3313 5 15 :
1369 3308 96 20 entrato
1479 3306 25 21 in
1520 3310 55 17 casa

1101 3336 22 21 si
1144 3337 63 21 mise
1219 3343 13 15 a
1244 3339 87 21 sedere
1348 3346 28 14 su
1387 3340 24 20 la
1431 3344 88 16 cenere
1537 3339 44 21 del.

1102 3370 98 21 camino
1220 3375 69 18 corne
1302 3377 47 16 una
1367 3377 56 17 cosa
1435 3371 109 26 balordâ,
1562 3378 14 15 e

1101 3402 48 21 alla
1159 3403 102 27 moglie,
1268 3405 44 22 che
1321 3406 35 26 gli
1366 3405 110 21 strillava
1483 3405 93 22 dintor-

1102 3441 34 16 no
1145 3442 6 15 :
1163 3447 30 5 —
1204 3436 46 23 che
1260 3438 59 22 hai?
1329 3444 50 16 non
1390 3438 159 26 rispondeva,
1562 3444 13 15 e

1102 3468 68 23 forse
1185 3475 49 16 non
1246 3472 23 21 la
1280 3472 105 21 sentiva.
1400 3471 41 21 Ad
1459 3477 33 15 un
1502 3473 74 20 tratto

1102 3502 104 22 dandosi
1219 3509 31 16 un
1262 3509 82 23 pugno
1356 3505 41 21 nel
1406 3509 60 22 capo
1479 3504 54 22 urlò
1541 3512 5 14 :

1130 3547 29 4 —
1174 3536 93 27 Presto,
1288 3538 150 27 scappiamo,
1460 3537 45 22 che
1526 3544 49 16 non

1101 3569 36 21 mi
1145 3569 72 21 abbia
1228 3576 13 15 a
1253 3573 104 20 mettere
1369 3572 22 20 le
1403 3571 65 21 mani
1488 3571 89 22 addos-

1102 3607 29 16 so
1141 3610 6 17 ;
1160 3605 92 25 presto,
1262 3604 105 27 bisogna
1378 3604 151 22 scansarci...

1132 3634 30 22 La
1174 3635 82 23 donna
1272 3639 144 25 spaventata
1431 3638 98 27 rispose
1541 3644 35 16 ac-

1103 3670 122 21 correndo
1235 3672 45 20 alla
1289 3670 99 22 finestra
1403 3671 38 21 col
1452 3671 85 28 grido:
1548 3684 29 4 —

1103 3702 24 20 al
1135 3701 74 22 fuoco
1218 3703 5 20 !
1233 3705 24 19 al
1265 3703 76 21 fuooo
1348 3704 7 20 !

1130 3745 30 5 —
1170 3735 59 22 Taci
1241 3736 30 26 là,
1285 3741 91 22 scema,
1385 3737 20 21 il
1414 3739 43 20 tuo
1471 3741 105 24 cognato

1103 3773 50 18 non
1164 3769 45 23 ieri
1222 3775 52 17 sera
1283 3775 71 17 corne
1365 3771 105 28 fwgeva,
1485 3778 39 16 ma
1534 3778 44 23 og-

1601 2872 26 28 gi
1647 2873 34 22 mi
1702 2872 31 22 ha
1745 2875 97 25 portato
1859 2873 58 22 doni
1932 2876 142 20 veramente

1602 2905 102 23 fraterni
1713 2912 5 17 :
1732 2906 19 21 si
1762 2906 14 22 è
1786 2912 82 17 messo
1883 2907 24 22 di
1920 2908 104 22 accordo
2035 2909 39 21 col

1603 2939 76 26 Paoli,
1691 2938 40 29 già
1742 2940 8 21 i
1763 2940 97 22 birboni
1870 2940 158 23 s’inlendono
2040 2943 33 21 al-

1601 2972 122 23 i’odore...
1734 2978 70 17 corne
1815 2974 7 21 i
1837 2974 62 25 cani,
1916 2980 14 15 e
1940 2975 88 21 adesso
2040 2976 32 22 mi

1601 3007 74 21 trovo
1693 3007 155 22 condannato
1864 3007 31 22 ad
1906 3007 117 23 esiliarmi
2044 3009 29 22 da

1603 3038 75 24 Corte
1685 3039 77 28 prima
1774 3040 25 22 di
1808 3040 109 27 domani,
1925 3047 14 16 e
1948 3048 14 16 a
1972 3042 101 23 lasciare

1603 3073 6 20 i
1621 3073 58 22 miei
1693 3073 85 27 chiusi-,
1791 3074 25 21 le
1826 3075 50 21 mie
1888 3077 64 21 terre
1963 3082 14 16 e
1987 3077 25 21 le
2023 3077 51 22 mie

1602 3111 55 17 casa
1676 3107 26 21 in
1714 3107 103 26 podestà
1836 3108 25 22 di
1873 3109 127 23 Altobello
2010 3116 6 14 :
2035 3116 38 17 ma

1601 3140 73 27 giuro
1681 3140 46 21 alla
1736 3139 164 28 Immacolata,
1907 3143 33 20 tal
1948 3143 31 22 bo
1983 3149 31 15 ve
2022 3149 53 17 cre-

1602 3173 30 21 de
1644 3173 89 21 andare
1743 3174 129 27 ail’aratro,
1886 3181 13 15 e
1912 3181 29 16 va
1954 3178 22 20 al
1987 3179 88 21 macel-

1600 3206 35 25 lo,
1653 3212 14 16 e
1679 3207 21 21 la
1720 3212 93 17 somma
1825 3209 23 21 si
1860 3209 47 22 tira
1927 3211 22 20 al
1966 3211 50 21 fine
2036 3212 39 22 del

1602 3242 83 20 conto.
1705 3239 73 28 Orsù,
1801 3241 89 27 donna,
1912 3243 24 22 io
1950 3245 64 21 vado
2034 3246 40 26 pei

1601 3273 60 22 muli
1670 3279 6 20 ;
1686 3273 66 23 forse
1761 3275 34 21 mi
1804 3275 133 23 acconcerò
1946 3283 47 17 con
2000 3280 74 26 quelli

1603 3306 44 22 che
1666 3307 83 23 hanno
1762 3310 98 21 menato
1880 3310 42 27 qui
1933 3312 127 23 Altobello
2067 3320 5 16 :

1602 3339 39 22 chi
1647 3341 48 21 mai
1700 3341 25 21 lo
1731 3342 107 21 avrebbe
1845 3343 100 23 creduto
1954 3346 45 21 che
2007 3352 67 17 aves-

1602 3378 55 17 sero
1668 3379 14 16 a
1694 3374 121 23 condurre
1835 3376 44 25 lui,
1899 3383 15 15 e
1923 3378 83 23 levare
2020 3385 39 17 me
2067 3382 6 20 l

1602 3405 161 24 Dovrebbero
1775 3410 145 25 pretendere
1937 3418 63 22 poco
2019 3420 56 21 per-

1603 3439 44 22 ché
1659 3446 61 16 sono
1731 3442 59 21 muli
1800 3442 24 21 di
1833 3443 101 28 ritorno,
1944 3452 14 16 e
1969 3447 17 21 il
1996 3453 79 22 ragaz-

1601 3478 29 16 zo
1642 3480 58 21 pare
1710 3473 84 24 fidato.
1806 3475 50 23 Ora
1868 3477 22 22 fa
1899 3480 73 26 tosto,
1983 3481 89 27 donna,

1602 3512 14 15 e
1624 3508 69 21 metti
1704 3508 105 22 insieme
1817 3510 19 21 il
1844 3511 82 23 buono
1933 3519 14 16 e
1957 3514 17 22 il
1982 3516 92 26 meglio

1602 3540 31 21 da
1645 3542 112 22 caricarsi
1768 3548 71 22 sopra
1855 3545 25 21 le
1893 3546 86 23 bestie.

1630 3573 18 23 E
1667 3575 166 23 borbottando
1856 3579 60 22 usci.
1940 3582 31 21 La
1992 3582 82 23 donna

1603 3607 63 23 dalla
1677 3609 98 22 crudele
1786 3610 100 23 miseria
1897 3613 40 22 del
1951 3616 88 21 marito
2050 3623 25 16 e-

1603 3647 26 15 ra
1648 3643 99 21 rimasta
1765 3643 51 22 cosi
1828 3650 114 21 percossa
1954 3650 65 21 nello
2038 3651 37 21 in-

1603 3675 103 26 telletlo,
1720 3676 47 22 che
1777 3679 93 21 oramai
1881 3685 78 19 aveva
1970 3682 104 28 perduto

1603 3707 17 22 il
1633 3710 106 27 giudizio
1755 3710 98 24 intorno
1865 3714 46 21 alla
1922 3715 97 23 diversa
2032 3717 43 23 im-

1603 3746 112 23 portanza
1728 3743 62 22 delle
1803 3750 65 17 cose.
1880 3748 105 28 Appena
1996 3752 78 21 costui

1603 3781 22 16 si
1637 3776 25 22 fu
1678 3777 157 27 allontanato,
1854 3787 72 21 prese
1941 3789 32 16 un
1994 3789 78 24 sacco,

2099 2881 14 16 e
2121 2881 45 18 con
2182 2878 81 28 quello
2275 2880 44 21 alla
2331 2886 74 17 mano
2418 2873 131 30 incominüù

2098 2913 13 15 a
2133 2909 120 23 rovislare
2274 2917 43 22 per
2332 2912 25 22 la
2368 2918 55 16 casa
2431 2918 6 19 ;
2461 2911 20 21 ci
2501 2906 48 24 mise

2098 2939 86 24 dentro
2195 2941 17 22 il
2224 2948 79 17 rnazzo
2315 2943 119 27 dell’esca,
2446 2945 23 21 la
2478 2940 71 24 matas-

2098 2976 26 16 sa
2133 2971 65 29 degli
2207 2974 117 28 stoppini,
2335 2981 50 17 non
2398 2979 93 19 omesso
2498 2968 50 31 qu'eb

2097 3001 24 21 lo
2130 3002 44 22 che
2186 3009 79 18 aveva
2279 3012 79 18 mezzo
2371 3006 141 23 consumato,
2522 3004 26 16 un

2098 3034 137 23 mozzicone
2245 3037 25 21 di
2281 3038 146 26 candella.di
2436 3041 61 23 sego,
2509 3035 40 18 n°n

2098 3069 28 16 so
2138 3065 44 22 che
2194 3067 106 27 trucioli,
2311 3074 13 16 e
2337 3070 81 22 alcuni
2429 3065 66 31 pochi
2505 3065 46 19 can-

2098 3096 59 22 nelli
2168 3097 25 21 di
2212 3100 105 21 carbone
2327 3106 7 20 ;
2341 3101 58 28 "poi
2411 3095 100 30 stovigü»
2528 3096 22 16 su

2099 3127 32 27 gli
2144 3129 101 28 stovigli
2256 3132 24 21 la
2290 3131 113 24 batteria
2415 3122 135 36 religiosa^a

2099 3159 78 26 palma
2189 3166 14 15 e
2221 3160 85 25 l’olivo
2324 3163 132 24 benedetti,
2472 3157 78 27 l'agnUS

2099 3189 48 27 dei,
2172 3197 32 15 un
2222 3191 68 24 Gesù
2304 3194 117 22 bambino
2439 3193 23 21 di
2474 3192 54 20 cera,
2540 3188 10 15 e
2567 3189 5 36 j

2099 3225 14 16 e
2132 3226 46 17 una
2196 3224 137 23 sant’Anna
2351 3226 116 22 visitante
2480 3222 21 20 la
2510 3215 39 24 Ma"
2567 3225 5 27 |

2100 3250 80 24 donna
2192 3257 182 26 accartocciata,
2384 3262 44 22 per
2438 3253 79 23 ultimo
2526 3250 23 17 ufl
2569 3253 3 21 ;

2098 3284 66 26 gatto
2176 3290 15 16 e
2200 3291 46 18 una
2257 3288 100 27 gallina.
2370 3288 69 22 Buon
2451 3288 42 25 per
2507 3277 41 24 tuil!
2564 3281 8 22 1

2100 3314 43 21 che
2155 3316 18 21 il
2193 3319 67 25 gatto
2274 3325 12 16 e
2297 3319 23 22 la
2332 3319 91 29 gallina
2439 3318 69 20 erano
2522 3311 26 17 co-
2568 3324 3 6 ,

2100 3351 118 19 noscenze
2230 3350 106 25 antiche,
2354 3357 14 15 e
2381 3352 95 25 ognuno
2495 3341 19 23 di
2567 3350 5 26 j

2099 3381 36 21 ro,
2156 3379 64 21 nella
2240 3381 100 27 propria
2353 3380 90 29 specie,
2460 3371 87 28 d’jndo®

2099 3409 122 27 angelica:
2241 3412 132 22 àltrimenti
2387 3409 65 24 Gesù
2467 3412 13 16 a
2495 3405 35 20 sao
2540 3405 6 6 '

2100 3439 70 22 Anna
2190 3443 134 22 avrebbero
2345 3444 74 21 avuto
2435 3444 33 18 un

2100 3469 62 23 délia
2186 3478 62 21 pena
2278 3474 109 22 ordinata
2408 3471 60 23 dalla
2495 3463 50 26 le»2'

2100 3506 103 24 pompea
2225 3510 27 16 su
2272 3506 7 21 i
2291 3503 125 30 parricidi.
2436 3500 72 23 Pieno

2100 3537 78 23 sacco,
2192 3535 42 22 diè
2242 3537 24 21 di
2278 3536 78 28 piglio
2366 3541 13 15 a
2391 3540 33 15 un
2435 3533 58 21 altro
2502 3526 34 21 o°'
2568 3526 4 31 j

2100 3564 60 22 mise
2172 3566 92 28 chiodi,
2279 3566 87 29 spaghi
2379 3572 13 15 e
2407 3565 77 25 ciarpe
2495 3556 21 22 di

2099 3595 40 27 gni
2151 3598 117 22 maniera.
2281 3598 29 22 In
2321 3598 85 27 questa
2415 3594 19 22 ri
2437 3593 62 22 entra
2510 3601 8 5 -

2099 3627 73 27 riano,
2192 3635 13 14 e
2217 3629 64 22 vista
2292 3630 24 21 la
2333 3628 100 28 squisita
2451 3620 66 25 dih‘ge
2530 3625 16 35 ^
2558 3619 13 25 à

2100 3658 61 22 délia
2180 3661 130 25 manssaia,
2323 3662 66 20 tanta
2405 3658 34 21 ira
2450 3655 24 21 lo
2490 3651 56 31 âSS\.

2099 3688 43 22 che
2162 3691 211 22 avventandosele
2385 3688 81 23 contra
2476 3682 23 21 le
2516 3701 28 23 ^

2099 3725 30 16 na
2140 3726 48 15 una
2204 3721 118 22 recclnata
2337 3721 52 22 cosi
2400 3717 36 23 sol
2438 3721 28 16 en
2468 3717 36 17 ne,

2100 3750 94 22 ilmuro
2206 3752 83 27 gliene
2299 3754 76 20 rende
2386 3747 105 25 un'altra.

2319 3777 158 37 (Cuntinua)
