2554 3748
43 568 127 32 jtftornu
183 559 32 25 di
226 559 289 33 Bisognu.Miseria
526 568 134 29 guarita.

132 600 29 25 U
173 599 210 26 Matrimoniu
400 605 161 26 marchia.

57 677 68 24 Benchò
132 676 52 17 lassu
191 678 10 13 e
209 672 81 23 fatigatu

57 699 134 27 Daunviaghiu
199 697 50 19 assai
255 702 79 18 penosu,

57 732 31 18 Fra
96 724 67 22 l’amici
173 723 11 18 ò
192 723 98 18 ritornatu

57 757 24 19 Lu
88 752 64 20 nostru
160 753 100 18 prumessu
267 753 66 18 sposu,

39 779 49 24 Guasi
93 778 15 17 a’
113 773 220 23 notte,airattracchiala,

57 808 47 18 puve
111 802 17 17 la
136 800 27 18 so’
172 799 128 18 ’nnamurala.

57 870 22 18 Cu
85 866 17 18 la
112 863 26 18 so’
147 861 94 19 sacchetta
252 861 79 20 accollu,

56 889 96 25 Legereltn,
160 886 18 19 si
185 885 57 22 vidia;

38 919 52 21 jjudu,
98 914 67 20 scalzu,
174 916 56 13 senza
239 916 26 12 un
274 911 56 20 sollu,

55 943 52 19 pienu
115 939 19 18 di
146 937 128 20 maliiicunia;

53 965 97 23 Abbattutu
156 963 114 19 ederoJ'tlu,

54 994 62 21 Zoppu,
126 989 114 22 sgangaralu
246 992 10 13 e
264 987 55 19 fittu.

52 1057 13 18 E
71 1052 73 21 Miseria
153 1050 17 19 si
179 1055 25 13 ne
212 1055 9 13 s
224 1051 43 17 lava

53 1077 126 25 Rappezzandu
188 1080 11 13 a
207 1076 20 17 lu
236 1075 77 22 focone;

51 1104 50 21 Assai
109 1101 96 23 megliu,si
214 1102 81 17 truvava

51 1133 18 18 In
77 1130 52 25 piena
136 1122 119 29 guarigionei

49 1154 111 25 Àspeüendu
169 1153 20 17 lu
199 1153 26 17 so’
234 1157 44 13 caru

50 1182 12 19 G
63 1186 24 14 un
95 1179 86 23 qualcosa
189 1177 19 18 di
216 1178 79 18 clanaru.

47 1247 26 19 Ma
81 1245 78 20 secondu
166 1244 124 21 l’apparenze,

47 1273 49 18 Simu
101 1274 73 18 sempre
180 1269 11 18 à
199 1269 48 18 Caru
253 1269 70 21 amicu;

48 1298 47 18 Vane
102 1300 47 14 sonu
157 1295 18 18 le
184 1298 89 19 speranze

28 1324 50 19 Tottu
84 1320 80 19 merchia
172 1320 70 17 all’usu
249 1320 73 21 anlicu,

47 1349 12 17 E
65 1348 81 20 Bisognu
154 1345 11 18 è
173 1345 93 18 ritornatu

46 1373 49 19 Bellu
103 1371 219 22 muntuesmungulatu.

45 1437 115 21 L’amicacciu
169 1441 32 14 era
209 1436 71 23 partitu

44 1466 14 17 A
65 1465 18 17 la
90 1464 54 20 lesta,
153 1462 95 18 infuriatu
254 1467 5 16 ;

46 1490 52 18 Cume
106 1493 26 13 un
140 1492 45 13 omu
194 1487 102 21 foruscilu,

44 1514 114 20 Pocuavanti
167 1513 142 19 eraimbarcatu
315 1518 5 16 ;

44 1541 13 18 E
64 1540 78 22 Bisognu
150 1548 22 4 —
181 1539 95 22 puvarinu
283 1539 5 17 !
298 1548 23 4 —

24 1567 34 18 Non
66 1565 51 18 tuccò
123 1564 197 22 manc’unquattrinu.

43 1631 106 21 Solamente,
155 1631 44 18 avia
206 1630 80 19 lascialu

42 1657 25 18 Un
75 1654 107 25 i^ellissimu
190 1657 83 18 «cadeau
280 1662 10 11 »

41 1682 13 18 E
60 1683 55 19 l’avia
123 1682 113 22 cunsignatu

23 1709 14 17 A
41 1713 23 14 un
71 1708 75 23 signore
154 1713 9 11 «
168 1711 73 14 comme
246 1707 15 18 il
266 1707 54 18 faut»

41 1734 33 17 Per
83 1733 94 18 rimettelu
184 1738 11 12 a
203 1732 82 23 Bisognu

40 1759 83 18 All’onor
130 1758 18 17 di
157 1763 13 13 u
179 1758 128 18 malrimoniu.

39 1824 91 19 Induvina
137 1829 44 13 cosa
189 1824 28 18 sia

39 1850 35 19 Stu
83 1850 60 23 rigalu
151 1850 20 18 di
179 1850 62 18 valore
248 1855 5 16 ;

40 1875 31 18 Stà
81 1875 69 18 famosa
161 1875 108 20 mercanzia,

38 1900 98 21 Induvina,
145 1905 11 13 o
164 1901 37 17 bon
211 1900 84 19 lettore?

28 1925 133 18 "Pensa‘aiflir;
171 1926 69 13 rrnetti
247 1926 69 17 ommi,-

39 1949 63 20 Cerca,
110 1947 159 18 ch’induvinarai.

41 2015 49 18 Yedu
97 2014 32 18 chi
137 2015 21 16 tu
166 2013 18 18 si
192 2013 90 21 cunfusu,

40 2039 68 20 Benchè
119 2040 59 17 moltu
189 2038 126 23 intelligente,

39 2065 19 24 fi
65 2065 18 18 la
90 2065 43 18 dieu
140 2069 6 13 :
154 2064 43 18 Nun
206 2064 64 18 ricusu

38 2091 24 17 Lu
70 2091 74 17 seeretu
152 2095 11 12 a
174 2090 49 17 bona
233 2086 60 26 jénte.

40 2115 53 23 Leghj
101 2116 73 22 prestu,
183 2119 11 14 e
202 2114 73 19 viderai

38 2140 43 19 Gosa
87 2140 62 19 cerchi
157 2145 11 14 e
176 2140 35 18 cbe
218 2145 40 13 nun
268 2140 37 18 sai.

38 2204 15 20 A
59 2204 82 23 Bisognu
148 2204 39 19 l’ha
195 2203 87 21 laseiatu,

38 2229 33 19 Pot
80 2230 42 17 tene
130 2229 15 18 li
156 2229 104 23 pantalon!,

37 2254 26 18 Un
70 2255 122 22 currighiolu
199 2255 85 18 lustratu

37 2279 37 18 Cun
82 2280 108 18 moltissimi
199 2280 59 18 tufoni

38 2305 84 23 Regulati
130 2310 38 13 cun
176 2310 77 13 manera

19 2330 31 18 Par
57 2330 17 18 fà
82 2335 24 18 gu
108 2335 41 14 erra
157 2336 11 12 a
176 2330 141 23 Mammapiera.

37 2393 15 18 A
57 2394 82 21 Miseria,
145 2399 28 13 un
182 2394 30 18 bel
220 2400 9 10 «
234 2394 67 18 Corset
306 2400 10 11 »

37 2419 14 17 A
57 2420 19 17 la
84 2420 53 17 moda
144 2419 89 18 cittadina
239 2425 5 16 ;

38 2444 20 17 Di
66 2445 32 22 più
106 2445 45 18 belli
159 2450 41 12 nun
209 2445 17 18 ci
234 2445 37 21 n’è,

38 2469 45 20 Face
91 2471 18 17 la
117 2471 40 18 vite
165 2471 51 19 assai
224 2471 48 18 fina.

20 2493 56 20 Sil’ha
82 2495 181 23 messu:oh!quant’è
268 2496 49 17 fiera

37 2520 50 18 Aneu
94 2521 19 18 la
123 2520 128 24 Capi-leggera
259 2520 5 19 !

37 2582 75 23 Dunque
120 2584 53 17 nulla
181 2583 28 18 c’è
220 2583 19 18 di
251 2587 66 18 persu,

38 2607 54 19 Tutlu
99 2609 25 18 và
131 2614 11 13 a
150 2614 14 13 u
171 2614 48 18 gran
227 2609 89 22 galoppu.

37 2631 40 20 Nun
85 2635 92 21 guardate
183 2635 21 18 di
211 2636 89 16 traversu

20 2656 17 18 Si
44 2658 80 23 Bisognu
129 2659 11 19 è
147 2660 77 18 sciancu
233 2664 11 13 o
249 2664 67 18 zoppu,

20 2681 30 19 Ghi
57 2683 17 18 si
82 2685 89 23 sbroglia,
183 2690 27 13 un
218 2685 86 18 dubitate
311 2684 5 18 !

39 2707 53 24 Roba,
101 2714 11 14 o
117 2710 46 22 earî,
169 2715 27 13 un
201 2715 24 13 ne
233 2710 82 22 lagnate,

382 676 34 18 Chi
425 678 86 23 Bisognu
520 685 40 14 nun
568 683 64 20 palesa

381 701 59 19 Micea
449 704 47 17 tutti
505 704 14 18 li
528 706 27 17 so’
563 706 67 23 affari;

381 725 80 22 Quandu
465 728 17 18 si
488 731 59 17 mette
551 731 113 24 all’impresa

380 750 61 19 Trova
449 754 76 18 creditu
534 760 11 13 e
553 756 72 23 danari,

381 775 14 17 E
403 781 10 12 a
422 777 19 17 lu
449 777 58 23 jornu
516 780 98 20 vidaremu

381 800 113 26 Roba,roba,
498 809 11 13 e
515 807 147 22 mangbiaremu.

380 851 94 21 Pensemu
482 855 12 18 à
501 856 19 18 la
528 859 126 21 scorpacciata

379 877 75 20 Giacchi
460 880 20 17 lu
488 884 96 17 momenlu
589 889 11 12 c
605 884 57 23 bonu,

379 902 35 18 Chi
422 904 80 20 Miseria
511 907 28 18 sia
548 910 74 20 sposata

378 926 39 19 Cun
424 928 84 25 Bisognu
513 931 20 18 in
538 933 123 26 quintulonu;

357 951 70 22 Quessa
436 955 53 18 siebi
498 957 49 18 ànoi
555 959 105 23 comportai

378 977 14 18 E
399 979 18 17 la
424 984 43 14 cosa
476 981 11 18 è
494 982 113 21 all’accorta.

377 1023 21 18 Si
407 1029 62 18 spera,
479 1027 15 17 li
503 1028 39 18 miò
553 1030 97 23 amïcacei,

377 1048 34 19 Clii
420 1050 75 20 l’affare
504 1053 29 18 sia
541 1054 65 19 vicinu
613 1061 5 16 ;

376 1074 106 21 Riceiatevi
491 1078 16 17 li
516 1081 91 17 mustacci

374 1100 119 23 Aspettendu
502 1104 21 17 lu
532 1104 78 19 festinu.

375 1126 59 18 Tuttu
443 1132 24 13 va
476 1133 55 16 cume
538 1130 17 17 si
566 1131 47 19 deve
620 1137 5 16 ;

374 1150 128 25 Cari,dunque
510 1154 50 19 simu
567 1156 20 17 in
593 1156 64 19 breve.

373 1195 52 19 S’ell’
433 1202 27 13 un
472 1198 27 21 ç’è
510 1200 129 23 oppusizione,

373 1220 68 19 Prestu
450 1223 52 17 simu
511 1224 11 17 à
530 1225 20 17 la
557 1227 84 17 «merria
647 1233 9 10 »

371 1246 16 17 A
396 1247 64 22 sigillé,
469 1248 94 23 l’unione,

370 1271 52 18 Tutti
432 1272 75 20 inseme
516 1274 20 18 in
544 1275 86 23 allegria,

370 1296 21 18 Di
402 1297 13 18 li
424 1299 63 18 nostri
496 1299 138 22 ’nnamurali...

370 1321 13 19 0
393 1324 90 18 momenti
492 1325 94 20 furtunati
594 1327 5 18 !

431 1363 67 19 Paoli
510 1365 23 18 di
541 1366 92 24 Tagliu.

480 1396 69 22 (Nozze
557 1402 10 12 e
572 1397 50 24 I)oh)

347 1496 129 26 Pedone
500 1500 150 27 Muvrinu

368 1572 22 18 G.
408 1572 121 21 SINIBALDI.
543 1585 23 4 —
576 1577 73 19 Avemu

345 1598 70 22 capilu.
438 1599 125 20 Puliticaccia
585 1603 18 17 ci
623 1608 27 13 se

345 1623 107 19 mischiala.
482 1625 167 26 Ringraziamenli,

344 1650 130 22 quantunque.

367 1688 81 21 CESARI
461 1691 89 20 SEBB1U.
562 1703 22 3 —
592 1694 56 19 Morti

344 1718 11 14 o
372 1715 57 18 vivi?
444 1717 109 22 Aspittemu
573 1723 76 19 sempre

343 1740 66 22 quellu
417 1742 132 19 scartafaceiu.

363 1779 142 23 MINICALE,—
510 1783 82 20 Averete
598 1789 50 19 pres^

344 1805 20 17 tu
372 1805 81 23 risposta
467 1807 58 23 Ionga
533 1813 11 13 e
552 1809 93 23 spiegata.

341 1830 83 24 Intantu,
442 1833 54 18 mille
518 1835 102 19 toecamani
638 1841 9 13 e

341 1857 64 22 grazie
413 1858 51 18 tante
469 1863 35 19 per
511 1860 135 19 l’almanaccki.

363 1896 23 18 DI
394 1897 17 17 A
419 1896 99 19 GROTTA.
524 1899 43 17 —A
572 1899 44 19 vide
618 1901 27 17 te:

579 1925 56 7 «%>oco

340 1941 62 22 gliule
408 1945 5 16 ;
422 1945 12 13 e
442 1940 32 18 noi
482 1940 18 18 ci
510 1945 54 13 semu
572 1944 75 19 sempre

341 1965 70 18 arritli.
420 1965 21 18 Si
449 1965 37 18 Diu
495 1966 50 21 vole,
555 1966 62 17 n’emu
623 1966 24 17 da

340 1991 50 18 vede
398 1990 38 18 falà
449 1991 65 17 d’altri
527 1996 12 12 a
552 1991 95 22 capilum-

340 2016 74 18 bulera.
422 2015 73 18 Strinta
500 2020 12 13 a
520 2020 11 14 e
538 2016 108 18 runchiule.

363 2055 22 18 R.
395 2054 120 19 GIOVANNI.
529 2065 24 4 —
566 2056 80 18 Imbras-

341 2081 43 18 tacu
391 2085 6 13 :
406 2081 23 23 pò
439 2080 52 18 dassi
498 2080 5 18 !
520 2081 61 17 Peura
588 2085 5 13 :
608 2081 37 17 mai

341 2106 67 18 ch’ella
425 2105 28 18 sia
460 2105 5 18 !
481 2105 92 19 N’avemu
592 2106 31 17 vis
625 2106 20 17 tu

340 2132 69 17 d’altre
415 2131 33 22 più
457 2131 99 22 capusgie.

363 2170 82 19 MARINI
452 2170 21 19 S.
482 2180 24 4 —
514 2170 67 19 Grazie
595 2171 51 17 tante

341 2197 29 21 pe!
378 2201 14 13 u
400 2196 122 18 mandatone.
529 2195 45 18 Cusì
579 2195 11 18 è
598 2200 49 13 aneu

341 2223 75 21 troppu.
425 2221 21 18 Bi
463 2221 89 22 spedimu
565 2221 82 20 l’ultime

341 2247 130 22 publicazione
489 2246 22 18 in
524 2250 58 19 paeen
598 2246 49 18 rieu-

341 2273 97 17 mandalu.

756 572 16 27 fl
786 581 41 18 una
841 576 87 28 Paisana

713 639 129 21 IuLl’intornu
851 648 11 13 a
870 649 30 13 me
909 645 71 23 riposa;

711 663 45 18 Solu
765 665 51 19 indu
821 668 40 18 miô
869 671 104 18 camerina.

712 688 77 20 Vuleria
798 692 64 19 scrive
870 695 90 21 qualcosa

710 713 17 17 A
736 714 25 22 te,
770 715 51 19 bella
829 719 120 22 castagnina,

711 738 37 18 Per
756 740 45 18 dilti
811 742 52 18 tuttu
871 743 77 20 l’umore

712 762 39 19 Che
758 764 81 24 risentu,
849 772 10 12 o
868 768 38 18 miù
920 769 66 19 divina

712 810 77 20 Vuleria
797 814 86 19 scrive...
889 816 29 18 Un
925 821 58 18 possu

712 835 30 18 Un
750 837 21 17 sò
779 837 31 18 ciô
819 839 33 18 ebi
858 840 26 17 mi
894 841 68 23 rilene,

689 859 27 18 Da
725 865 26 13 un
758 864 160 20 pressenlimentu
931 872 57 14 mossi

689 884 54 19 Ch’io
751 891 40 14 nun
799 892 58 18 possu
865 891 65 22 spiegà
941 893 47 18 bene

712 911 99 23 Purtantu,
820 914 21 18 in
849 917 69 20 questu
927 921 42 15 core

711 935 29 19 Un
748 937 27 18 c’è
783 939 64 21 piazza
852 941 34 17 che
894 946 35 17 per
938 944 48 17 tene.

710 983 24 19 Se
742 986 56 21 pudia
806 991 44 15 esse
858 990 116 24 un’altagna,

710 1009 14 17 O
733 1014 49 18 puru
790 1016 39 14 una
837 1015 114 22 rundinella,

709 1034 100 21 Fràncaria
817 1038 19 17 la
844 1041 104 21 muntagna

708 1059 37 18 Per
749 1062 49 20 pudè
802 1062 85 24 ghiugne
894 1069 12 14 a
912 1066 76 19 Castelli

708 1084 62 19 Prima
779 1087 36 18 cbe
824 1090 64 21 spunti
896 1090 21 18 lu
926 1092 46 21 sole,

708 1110 14 17 E
729 1111 84 22 parlatti,
824 1118 11 13 o
844 1115 127 20 culumbella!

706 1158 38 18 Per
752 1160 18 17 te
778 1161 22 18 lu
807 1163 39 17 me’
854 1167 43 15 core
905 1164 11 21 è
929 1165 59 19 d’oru.

706 1183 25 18 La
737 1185 36 18 miô
781 1187 53 21 perla
838 1189 85 20 preziosa
928 1190 5 17 1

706 1208 20 17 Si
735 1210 22 17 tu
765 1211 41 18 sola
814 1216 13 13 u
836 1213 39 18 miò
884 1215 72 22 lesoru,

705 1233 25 18 La
739 1234 37 19 miô
785 1237 56 18 Stella
849 1238 103 23 luminosa,

704 1259 17 16 A
729 1260 55 19 Stella
793 1262 32 18 ebi
834 1263 27 17 mi
869 1265 106 20 schiarisce

705 1284 79 22 Quandu
792 1287 55 19 l’aria
855 1289 12 18 è
875 1291 105 19 lenebrosa.

704 1336 34 18 Pîù
747 1337 49 20 bella
804 1339 36 18 cbe
847 1340 81 21 l’aurora

703 1361 79 21 Quandu
789 1366 70 21 spunta
867 1370 11 13 a
883 1367 19 17 la
907 1368 79 22 marina,

702 1387 36 18 Più
747 1388 49 19 ricca
802 1390 37 18 che
847 1391 18 18 la
870 1386 69 24 naiura

702 1411 20 18 Si
732 1414 27 20 tu,
765 1414 50 19 bella
823 1417 110 22 castagnina
941 1418 5 18 !

700 1437 24 18 Di
732 1438 89 23 l’imperu
830 1441 19 17 di
855 1442 31 17 stu
895 1447 44 15 core

700 1462 27 19 Ne
736 1464 17 17 si
760 1464 76 20 l’âmata
844 1467 85 22 reggina.

700 1508 25 18 La
733 1509 38 18 miô
780 1514 44 14 rosa
832 1512 113 23 profumala,

699 1533 78 23 Rispiru
786 1535 20 18 di
814 1536 22 18 lu
844 1537 39 18 miô
891 1543 51 18 core,

698 1558 27 19 Da
733 1564 30 14 me
771 1561 51 18 serai
830 1564 68 21 sempr’
907 1566 68 21 amata,

697 1584 62 22 Mane,
767 1590 49 18 sera,
826 1591 11 14 a
845 1588 50 18 tutte
903 1589 46 19 l’ore
955 1590 5 18 !

697 1609 56 23 Eppo’
762 1611 16 17 ti
785 1613 69 22 vogliu
862 1614 58 18 adora

697 1634 75 22 Quantu
781 1636 74 21 s’adora
865 1644 12 13 u
885 1639 86 23 Signore.

697 1682 81 22 Quandu
786 1685 15 17 ti
810 1690 26 14 ne
843 1687 34 18 vai
884 1692 86 19 aspassu,

696 1707 32 19 Sia
736 1710 19 16 di
763 1714 57 14 mane
828 1716 11 13 o
847 1712 19 17 di
875 1717 50 18 sera,

680 1733 54 19 v'asce
743 1739 25 13 un
776 1735 50 20 fiore
833 1738 24 17 ad
865 1739 44 22 ogni
916 1744 64 19 passu,

696 1758 35 19 Chi
740 1761 134 24 profumeghia
881 1764 19 18 la
910 1766 50 17 terra
966 1770 5 17 ;

695 1783 87 21 Cantenu
792 1787 46 19 tutti
845 1788 70 19 l’acelli

695 1809 59 20 Cume
762 1811 46 18 indu
817 1812 19 19 la
843 1814 115 21 primavera.

694 1854 22 19 Si
724 1856 24 22 pô
756 1857 30 18 slù
795 1858 62 21 pialtu
865 1859 21 18 lu
894 1860 48 22 sole,

693 1880 55 19 Ponu
756 1883 97 18 oscurassi
861 1884 19 18 le
889 1886 56 17 stelle
951 1885 6 19 !

680 1905 44 22 ,,Ma
730 1906 22 18 lu
761 1908 25 17 to’
792 1913 57 13 nome
858 1909 19 18 in
886 1911 33 17 stu
928 1915 44 14 core

680 1921 41 16 ibie
729 1924 68 14 scriltu
802 1926 25 12 m
836 1927 68 12 teuere
917 1929 71 14 DCIXC-J-

693 1945 30 18 Un
731 1945 17 18 si
757 1946 105 17 cancellera
869 1946 45 21 mai,

693 1970 15 18 O
717 1970 49 18 fiore
773 1971 21 17 di
801 1971 20 18 le
828 1971 63 18 zitelle
898 1971 5 18 !

692 2018 70 18 Prestu
770 2018 75 18 rientru
854 2019 20 17 in
882 2023 62 17 paese,

693 2043 63 23 Piglià
763 2048 27 13 un
798 2048 50 18 pocu
856 2044 19 17 di
884 2044 83 22 risposu.

692 2069 96 18 Biceranu
797 2073 10 14 e
817 2068 106 21 Çastellese
928 2074 6 12 :

680 2094 49 18 Eccu
739 2099 25 13 un
772 2094 83 23 giovanu
865 2099 91 14 amurosu
961 2094 5 18 !

693 2119 58 18 Forse
759 2119 17 18 si
785 2119 88 18 décidera

693 2145 18 17 A
718 2145 118 22 presentassi
844 2145 29 22 pe’
880 2149 60 18 sposu
947 2144 5 18 !
958 2151 9 11 »

693 2192 30 19 Ma
731 2193 30 18 sai
767 2192 25 19 bè
797 2193 52 18 ch’in
858 2192 87 22 Caslella,

694 2218 26 18 La
728 2218 40 18 sola
777 2218 77 23 giovina
863 2220 61 16 amata

693 2243 22 18 Si
723 2244 29 20 tu,
760 2244 20 17 la
787 2243 39 18 miô
836 2244 110 21 turturella,

693 2268 27 18 La
727 2268 38 18 miô
774 2273 69 13 manna
851 2269 105 22 prelepata,

680 2293 119 23 ìuantunque
807 2294 41 17 t’un
856 2298 56 18 possa
921 2299 49 16 esse,

694 2318 15 19 O
718 2323 50 17 cara,
776 2319 19 18 la
803 2319 39 18 miô
850 2320 85 21 spusata.

694 2367 30 18 Un
732 2367 22 18 sô
762 2367 17 18 si
787 2368 76 21 quande
871 2368 21 18 sô
900 2369 46 17 natu

694 2393 53 18 S’era
754 2394 96 17 amantatu
858 2393 19 18 lu
886 2394 48 21 sole,

694 2418 22 18 Si
724 2419 21 17 lu
753 2419 66 22 tempu
825 2423 33 13 era
866 2418 80 19 malatu,

693 2443 79 22 Quant’è
780 2444 73 17 malalu
862 2445 31 17 stu
902 2447 44 16 èore

694 2468 76 19 Ch’ama
778 2473 58 14 senza
844 2473 43 14 esse
892 2471 64 16 amatu

692 2494 29 18 Lu
729 2494 33 23 più
771 2494 81 18 dilicatu
864 2494 57 19 fiore!

692 2542 28 19 La
730 2542 67 19 m’idea
805 2542 104 23 principale

693 2567 54 18 Saria
755 2567 19 18 di
783 2567 46 18 ditti
838 2568 52 17 tuttu
896 2572 6 16 ;

692 2592 36 20 Ma,
739 2592 29 18 chi
778 2596 56 14 serve
843 2597 12 12 u
864 2592 81 22 capitale

680 2617 122 22 iuand’ell’un
810 2617 59 18 rende
877 2615 102 24 prudultu?

692 2643 19 17 A
718 2643 31 17 chi
758 2643 34 21 prò
800 2642 75 22 picchià
883 2647 38 13 una
925 2643 54 22 porta

693 2667 22 18 Si
723 2672 13 13 u
744 2667 89 23 padron’è
841 2668 63 17 sord’e
911 2666 67 19 mutu?

745 2706 22 18 F.
777 2706 178 19 Franceschetti.

1380 131 262 54 Mémoires

1150 202 51 47 du
1225 203 44 46 R.
1288 203 43 46 P.
1355 206 47 47 de
1426 207 217 59 Singîande,
1668 210 207 49 Aumônier

1188 266 210 33 (Spedizione
1417 271 31 24 dl
1465 272 182 27 Maillebois
1664 275 169 34 1738-1741)

1434 329 148 34 (Seguitu)

1052 390 31 21 Le
1098 391 77 24 Pilote
1185 395 89 28 chargé
1284 396 30 21 de
1324 400 118 23 conduire
1450 404 37 19 cet

1026 423 24 19 te
1062 423 122 30 dernière,
1197 434 31 15 ne
1240 429 95 28 sçavoit
1347 437 41 21 pas
1400 434 92 27 l’a,b,c.

1026 454 30 21 de
1076 462 46 16 son
1143 459 98 28 métier,
1262 462 22 20 &
1302 468 30 15 ne
1352 465 26 22 fit
1389 457 103 36 pendanî

1025 487 68 21 toute
1104 489 23 21 la
1139 494 73 20 route
1225 500 47 21 que
1285 501 26 14 se
1320 497 110 29 tromper
1437 502 55 21 dans

1042 520 143 24 estimation
1198 526 30 20 de
1240 533 25 15 sa
1278 527 72 23 Carte
1361 537 6 19 ;
1385 538 44 20 par
1439 534 53 21 bon-

1026 550 59 22 heur
1096 553 24 20 le
1133 554 121 26 bâtiment
1265 560 68 23 battu
1346 569 43 21 par
1399 565 23 21 la
1435 567 57 21 tem-

1026 585 54 25 pête
1092 586 48 22 alla
1152 587 108 26 échouer
1268 592 13 23 à
1289 594 23 21 la
1322 595 170 29 Paragiolasui

1026 622 32 16 un
1075 618 64 23 banc
1156 622 30 21 de
1205 624 67 23 sable
1284 626 14 22 à
1310 631 56 19 cent
1377 636 44 20 pas
1432 632 29 21 de
1471 634 21 20 la

1017 650 78 22 -Cote.
1104 652 21 21 Il
1134 654 84 23 faisoit
1229 663 46 16 eau
1288 660 30 20 de
1331 663 79 21 toutes
1418 667 74 24 parts,

1024 682 22 21 &
1054 686 98 21 couroit
1158 687 84 29 risque
1250 691 75 23 d’être
1334 695 158 26 entièrement

1024 715 75 23 brisé.
1108 718 34 22 M.
1153 720 31 21 de
1192 721 127 33 Brevigny
1326 729 106 25 premier
1442 730 50 22 Fac-

1024 750 123 22 tionnaire
1166 753 31 22 de
1218 761 28 16 ce
1269 757 141 30 Régiment,
1434 763 57 23 étoit

1023 782 86 22 dessus
1132 791 61 17 avec
1219 794 45 16 son
1292 791 153 31 Lieutenant,
1466 804 25 15 sa

1024 814 153 31 Compagnie
1191 821 23 20 &
1224 823 62 22 trois
1298 828 81 20 autres
1392 827 100 30 Compa-

1021 849 79 26 gnies.
1111 850 68 23 Dans
1190 854 23 21 la
1225 859 184 23 consternation
1421 862 71 27 géné-

1022 882 59 25 rale,
1094 883 18 21 il
1124 890 31 15 ne
1172 891 26 16 se
1217 893 104 24 manqua
1341 893 71 26 point
1423 894 12 22 à
1447 896 43 22 lui-

1023 915 85 27 même,
1119 916 23 22 &
1154 924 92 18 encore
1254 924 81 21 moins
1342 931 47 16 aux
1399 930 89 25 autres;

1021 947 18 21 il
1058 948 26 21 fit
1099 949 78 27 jetter
1193 953 23 21 la
1232 954 126 31 Chaloupe
1377 965 30 16 en
1428 967 60 21 mer,

1021 986 142 25 commença
1183 991 44 21 par
1244 993 18 22 y
1280 989 64 23 faire
1357 992 132 25 descendre

1019 1013 38 21 les
1069 1014 125 30 Officiers,
1214 1019 23 21 &
1247 1022 36 21 les
1296 1022 107 29 Soldats,
1425 1027 22 22 &
1458 1035 31 15 ne

1020 1052 75 21 pensa
1116 1048 13 23 à
1150 1056 26 16 se
1193 1058 90 19 sauver
1300 1057 126 24 lui-mênie
1443 1067 44 22 que

1018 1082 82 24 quand
1110 1084 57 21 tous
1178 1085 37 22 les
1233 1089 81 21 autres
1333 1089 82 25 furent
1430 1093 57 24 hors

1018 1113 31 21 de
1061 1114 94 29 danger
1163 1123 7 16 :
1182 1119 23 21 la
1218 1119 118 27 présence
1347 1123 108 30 d’esprit,
1464 1129 23 21 le

1016 1146 57 27 ?èle,
1084 1148 22 22 &
1114 1150 23 21 la
1148 1152 123 25 prudence
1280 1155 60 27 qu'il
1347 1156 29 22 fit
1383 1160 104 25 paroitre

1017 1186 31 14 en
1061 1184 63 19 cette
1137 1186 116 21 occasion
1270 1188 36 23 lui
1326 1188 116 26 faisoient
1454 1200 31 15 un

1016 1212 114 24 honneur
1142 1216 60 23 dont
1215 1220 53 21 tout
1279 1223 70 20 autre
1367 1229 26 16 se
1410 1227 76 21 seroit

1016 1247 114 22 contenté
1143 1255 6 19 ;
1176 1251 63 23 mais
1265 1257 102 24 croyant
1391 1257 95 25 n'avoir

1015 1279 71 27 point
1098 1287 67 16 assez
1185 1283 45 23 fait
1249 1286 43 21 dès
1312 1288 58 26 qu’il
1382 1293 103 24 pouvoit

1014 1318 89 17 encore
1114 1315 62 24 faire
1188 1319 105 27 quelque
1305 1321 83 28 chose,
1401 1325 18 21 il
1430 1325 53 23 n’en

1014 1349 63 20 resta
1089 1354 43 21 pas
1144 1349 31 22 là.
1195 1351 32 22 La
1239 1351 112 30 Tartane,
1372 1357 23 22 la
1407 1359 77 22 sainte

1014 1379 90 23 Ursule
1115 1382 32 22 où
1159 1383 19 22 il
1193 1390 19 23 y
1226 1387 71 21 avoit
1313 1393 90 19 encore
1422 1393 61 22 trois

1013 1412 165 31 Compagnies
1196 1418 32 22 du
1245 1421 80 21 même
1342 1422 139 30 Régiment,

1012 1448 68 22 avoit
1090 1455 30 15 eu
1132 1450 23 21 le
1167 1452 112 22 malheur
1290 1453 131 26 d’échouer
1432 1465 50 16 aus-

1011 1481 21 21 si
1045 1483 109 25 pendant
1175 1485 22 20 la
1222 1487 55 21 nuit
1300 1493 44 17 sur
1361 1490 24 21 le
1404 1493 78 22 même

1011 1511 63 22 banc
1085 1513 30 21 de
1127 1514 67 22 sable
1206 1516 23 21 &
1237 1516 13 22 à
1260 1523 47 21 peu
1320 1519 30 22 de
1362 1521 117 29 distance,

1010 1546 119 27 quelques
1142 1547 115 25 Officiers
1268 1557 47 21 que
1335 1554 22 20 la
1375 1556 105 27 tempête

1010 1579 68 22 avoit
1091 1582 91 21 rendus
1194 1584 119 27 malades,
1332 1585 148 29 épouvantés

1010 1618 89 19 encore
1120 1615 32 24 du
1172 1615 93 29 danger
1288 1618 72 27 qu’ils
1379 1623 101 23 avoient

1008 1651 85 21 couru,
1107 1647 74 23 firent
1199 1653 91 19 mettre
1310 1653 24 21 la
1354 1654 125 31 Chaloupe

1008 1685 31 15 en
1057 1685 60 22 mer,
1138 1681 22 22 &
1177 1682 38 29 s’y
1233 1685 189 28 embarquèrent
1433 1689 13 22 à
1456 1692 23 20 la

1006 1712 57 22 hâte
1082 1720 63 18 avec
1165 1716 43 21 dix
1227 1723 32 15 ou
1278 1719 77 22 douze
1373 1721 103 24 Soldats.

1007 1745 65 23 Mais
1092 1747 31 22 ils
1142 1754 31 16 ne
1192 1749 83 24 furent
1286 1758 46 21 pas
1344 1753 13 22 à
1369 1761 31 15 un
1413 1756 64 23 demi

1006 1782 72 25 quart
1089 1782 30 20 de
1130 1782 66 22 lieue
1208 1783 74 29 qu’un
1304 1791 63 24 coup
1385 1789 30 21 de
1426 1796 52 16 mer

1006 1814 37 21 les
1056 1815 97 22 culbuta
1164 1822 6 19 ;
1192 1816 19 22 il
1229 1823 19 24 y
1267 1824 31 16 en
1319 1823 43 19 eut
1380 1825 53 26 sept
1446 1829 30 16 ou

1006 1846 53 23 huit
1077 1848 31 21 de
1124 1848 85 29 noj-és,
1230 1857 108 22 presque
1349 1856 58 21 tous
1420 1855 57 23 Offi-

1006 1881 64 22 ciers
1080 1887 5 20 ;
1104 1882 38 21 les
1154 1884 83 21 autres
1249 1890 26 16 se
1288 1887 132 23 sauvèrent
1430 1888 14 23 à
1454 1891 21 20 la

1006 1920 61 12 niio-p
1078 1914 23 19 A
1112 1916 136 25 oycrn/.T-pnf
1258 1919 74 18 _enfïn
1338 1933 5 3 _

1006 1933 66 20 ment
1082 1932 25 20 le
1119 1932 73 21 bord.
1214 1932 146 27 Cependant
1373 1934 37 21 Tes
1421 1932 55 24 flots

1006 1964 175 27 s’appaisèrent
1200 1964 23 21 &
1242 1965 139 28 l’intrépide
1398 1966 35 22 M.
1446 1968 30 21 de

1006 1997 125 28 Brévigny
1141 1999 90 20 trouva
1244 2003 91 17 encore
1345 2005 90 22 moyen
1448 2001 28 21 de

1006 2036 90 17 sauver
1105 2031 38 21 les
1154 2031 63 21 trois
1229 2031 177 28 Compagnies,
1425 2033 49 28 qui.

1006 2066 70 20 entre
1087 2065 22 20 la
1121 2064 43 21 vie
1176 2064 22 21 &
1209 2065 23 21 la
1244 2067 74 24 mort,
1338 2065 13 22 à
1367 2066 22 21 la
1401 2068 74 21 merci

1006 2099 43 21 des
1055 2098 77 21 ondes
1138 2097 23 22 &
1167 2097 44 24 des
1220 2100 81 24 vents,
1313 2104 27 16 se
1349 2100 126 27 croyoient

1006 2137 55 16 sans
1078 2137 128 16 ressource
1224 2131 23 22 &c
1264 2137 57 16 sans
1335 2132 139 29 espérance.

1006 2165 68 22 Est-il
1100 2165 106 22 victoire
1229 2171 43 17 sur
1294 2165 118 23 l’ennemi
1434 2167 41 27 qui

1006 2198 111 29 équivale
1137 2198 13 21 à
1172 2200 64 20 cette
1257 2199 84 21 action
1356 2199 31 22 de
1400 2199 34 22 M.
1447 2201 29 21 de

1006 2232 125 28 Brévigny
1141 2237 90 16 envers
1244 2237 39 16 ses
1297 2231 144 30 Cit03-ens?

1034 2265 35 22 Ce
1080 2265 129 28 généreux
1221 2264 103 23 Officier
1335 2265 22 22 &
1369 2272 40 16 ses
1424 2266 53 23 Sol-

1006 2300 53 21 dats
1067 2299 123 22 sortoient
1200 2298 14 22 à
1225 2299 75 27 peine
1309 2299 31 22 de
1349 2305 27 16 ce
1385 2300 92 28 danger

1006 2332 71 28 qu’ils
1087 2332 142 22 tombèrent
1241 2333 61 21 dans
1311 2339 32 15 un
1353 2335 68 20 autre
1429 2339 47 19 nop

1006 2366 79 22 moins
1097 2366 143 22 redoutable
1250 2372 7 15 :
1270 2365 92 22 dénués
1372 2366 30 22 de
1410 2369 64 20 tout:

1006 2400 29 21 ils
1046 2405 27 16 se
1084 2399 146 22 trouvoient
1241 2405 42 16 sur
1294 2405 49 16 une
1354 2400 71 28 plage
1441 2400 36 21 in-

1006 2438 95 17 connue
1113 2439 57 16 sans
1181 2433 84 28 guide,
1276 2432 23 22 &
1307 2438 58 16 sans
1374 2433 102 23 conduc-

1006 2468 60 25 teur,
1078 2467 36 21 les
1133 2467 106 21 rebelles
1257 2467 37 21 les
1313 2467 55 27 plus
1379 2467 97 22 voisins

1006 2500 29 22 de
1048 2505 39 17 ces
1100 2499 139 22 infortunés
1256 2500 74 21 bords
1348 2500 37 21 les
1404 2502 72 27 aj^anl

1006 2539 108 22 aperçus,
1126 2533 198 22 s'assemblèrent
1335 2533 111 26 aussitôt,
1455 2533 21 21 &

1006 2567 58 21 dans
1076 2566 151 22 l’assurance
1238 2567 30 21 de
1280 2566 62 22 faire
1356 2572 49 16 une
1423 2572 53 22 cap-

1006 2602 52 20 ture
1077 2599 77 26 aisée,
1176 2600 31 21 ils
1226 2600 102 21 vinrent
1348 2600 30 21 de
1395 2601 80 20 toutes

1006 2635 65 25 parts
1091 2633 89 21 fondre
1200 2639 43 15 sur
1260 2639 56 20 eux,
1337 2633 82 21 tandis
1430 2638 45 22 que

1006 2668 34 21 les
1060 2673 46 16 uns
1126 2667 154 27 attaquoient
1300 2667 31 20 de
1350 2665 76 27 front,
1440 2667 35 20 les

1006 2702 79 20 autres
1096 2706 44 21 par
1151 2699 111 24 derrière
1270 2705 32 16 ne
1310 2699 166 28 s'occupoient

1524 401 54 27 qu’à
1590 403 72 26 piller
1674 404 22 21 &
1708 408 129 24 emporter
1848 408 54 21 tout
1914 414 28 15 ce
1959 408 39 27 qu’

1524 433 31 22 ils
1563 436 141 22 trouvoient
1717 438 95 22 d’effets
1822 439 22 22 &
1854 440 30 21 de
1895 441 101 28 bagage.

1523 466 83 26 Qu’on
1627 475 27 15 se
1674 469 87 28 figure,
1783 472 21 21 si
1825 473 50 22 l’on
1895 476 66 24 peut,
1974 475 21 21 la

1522 500 71 21 triste
1613 501 121 23 situation
1748 504 41 21 -où
1809 511 27 15 se
1852 507 146 21 trouvoient

1523 531 30 21 de
1574 532 89 22 braves
1683 540 71 21 gens,
1774 536 13 22 à
1803 538 73 26 peine
1889 545 107 15 revenus

1522 563 31 21 de
1573 565 23 21 la
1616 569 186 22 consternation
1824 570 32 22 où
1874 572 37 21 les
1926 572 71 22 avoit

1519 595 74 28 jettés
1612 599 39 22 les
1671 600 106 29 dangers
1797 605 114 26 ausquels
1925 606 31 21 ils
1968 612 27 16 se

1522 631 128 27 croyoient
1660 633 132 30 échappés,
1811 637 23 21 &
1844 640 52 20 tout
1907 638 13 22 à
1932 645 63 21 coup

1521 662 94 24 léduits
1635 665 13 21 à
1660 668 136 22 combattre
1817 676 103 22 presque
1938 678 57 16 sans

1520 696 92 25 poudre
1632 698 23 21 &
1674 705 60 17 sans
1754 703 132 27 munition,
1909 708 86 19 contre

1520 727 43 22 des
1583 732 113 21 ennemis
1718 735 64 20 aussi
1803 738 80 20 cruels
1895 737 21 22 &
1927 739 66 21 aussi

1520 760 149 25 insensibles
1693 771 48 22 que
1764 768 37 21 les
1821 772 72 19 vents
1914 771 25 21 ■&
1957 772 37 21 les

1519 792 56 23 flots
1584 801 6 20 ;
1604 796 31 21 ils
1648 802 31 17 ne
1691 804 29 15 se
1731 801 162 27 manquèrent
1907 809 88 22 cepen-

1519 826 57 22 dant
1593 829 73 26 point
1683 830 12 22 à
1717 835 161 26 eux-mêmes,
1890 836 23 21 &
1925 837 29 21 ils
1965 837 29 22 fi-

1518 862 56 19 rent
1592 862 24 21 la
1636 864 53 25 plus
1711 865 65 22 belle
1788 867 134 23 résistance
1934 871 60 26 qu’il

1517 893 51 21 soit
1577 895 112 25 possible
1701 898 62 22 dans
1775 905 49 16 une
1840 903 102 25 pareille
1960 904 33 21 si-

1517 926 95 23 tuation
1623 934 6 16 ;
1643 929 61 22 mais
1717 932 64 21 enfin
1795 932 98 28 épuisés
1905 935 30 22 de
1943 936 50 22 for-

1516 964 50 21 ces,
1585 960 24 21 &
1629 961 88 24 cédant
1737 970 31 16 au
1789 967 104 22 nombre
1905 969 41 27 qui
1959 976 32 15 ne

1516 992 81 22 faisoit
1611 999 32 22 qu
1652 1000 156 25 augmenter,
1830 1001 71 26 après
1920 1003 72 22 avoir

1515 1025 46 21 fait
1579 1028 55 20 tout
1654 1033 27 16 ce
1693 1030 74 27 qu’on
1779 1034 105 25 pouvoit
1896 1035 95 22 humai-

1515 1062 100 19 nement
1626 1063 113 21 attendre
1751 1064 56 22 d’un
1820 1071 104 24 courage
1932 1074 59 23 sage

1514 1091 23 21 &
1548 1091 98 28 éclaire,
1658 1100 58 17 sans
1728 1097 79 22 trahir
1817 1099 132 24 l’honneur
1959 1103 30 20 de

1513 1124 24 21 la
1556 1125 95 26 nation,
1674 1127 29 22 ils
1726 1135 27 15 se
1772 1130 193 27 déterminèrent
1975 1135 13 22 à

1513 1159 89 20 mettre
1623 1159 43 22 bas
1686 1161 38 22 les
1744 1168 80 17 armes
1836 1165 22 21 &
1870 1172 26 15 se
1908 1168 80 22 rendi-

1512 1192 56 19 rent
1587 1192 159 26 prisonniers
1768 1196 31 21 de
1821 1203 99 22 guerre.
1944 1201 44 22 Les

1512 1225 123 26 ennemis,
1652 1225 57 23 fiers
1730 1228 30 21 de
1780 1230 55 21 leur
1847 1231 140 24 inhumaine

1511 1255 115 28 victoire,
1636 1259 37 21 les
1682 1262 170 23 emmenèrent
1860 1270 29 16 en
1898 1266 89 23 triom-

1511 1288 49 28 phe
1572 1290 62 23 dans
1645 1292 53 22 leur
1709 1293 138 25 habitation
1860 1304 29 15 au
1900 1299 85 23 milieu

1510 1322 45 22 des
1571 1327 156 26 montagnes,
1749 1328 76 28 digne
1846 1332 95 26 repaire
1956 1334 29 21 de

1510 1361 42 16 ces
1569 1356 94 24 affreux
1683 1359 123 29 habitans,
1825 1363 23 21 &
1859 1363 23 22 là
1893 1366 55 21 leur
1957 1366 28 22 fi-

1509 1391 57 20 rent
1576 1396 104 24 essuyer
1690 1394 55 21 tous
1757 1395 38 21 les
1806 1398 112 21 mauvais
1928 1400 57 21 trai-

1508 1424 98 21 temens
1618 1430 47 21 que
1676 1426 9 20 1
1694 1426 127 24 insolence
1833 1430 22 21 &
1866 1431 22 21 la
1896 1431 87 23 féroci-

1508 1455 25 21 té
1556 1460 57 18 sont
1639 1459 113 27 capables
1776 1462 142 24 d’inventer
1926 1471 6 16 :
1954 1467 29 21 ils

1508 1489 157 24 arrachèrent
1686 1498 61 17 avec
1768 1495 124 28 indignité
1913 1498 12 21 à
1947 1499 34 22 M.

1507 1522 32 21 de
1558 1522 127 31 Brévigny
1707 1526 23 22 la
1755 1526 79 24 Croix
1859 1530 31 21 de
1913 1531 71 24 Saint

1507 1554 73 23 Louis
1600 1557 61 22 dont
1681 1558 17 21 il
1717 1558 63 23 étoit
1800 1561 97 28 décoré,
1916 1564 31 22 ils
1958 1566 23 21 le

1506 1587 183 29 dépouillèrent
1713 1593 63 22 ainsi
1800 1600 48 22 que
1870 1598 56 21 tous
1946 1599 36 21 les

1505 1623 84 20 autres
1601 1623 158 27 prisonniers
1769 1633 5 15 :
1796 1628 31 21 de
1841 1628 62 23 l’eau
1916 1630 21 22 &
1949 1638 31 15 un

1505 1660 48 21 peu
1565 1656 30 21 de
1607 1659 113 21 mauvais
1730 1660 58 26 pain
1801 1661 31 21 de
1853 1662 128 30 châtaigne

1505 1688 81 23 furent
1605 1690 22 21 la
1651 1692 70 21 seule
1744 1695 143 22 nourriture
1907 1698 73 26 qu’ils

1504 1722 56 21 leur
1570 1724 168 27 accordèrent,
1756 1727 83 22 moins
1851 1735 63 21 pour
1924 1737 56 21 pro-

1504 1756 87 27 longer
1602 1757 66 22 leurs
1678 1758 78 27 jours,
1766 1766 47 22 que
1823 1767 63 21 pour
1894 1770 31 15 ne
1935 1771 44 21 pas

1503 1788 58 22 finir
1572 1789 71 23 si-tôt
1652 1791 54 22 leur
1718 1793 100 27 misère,
1838 1795 22 21 &
1874 1802 63 21 pour
1948 1805 30 15 ne

1503 1827 44 21 pas
1559 1823 35 21 les
1606 1823 88 23 laisser
1703 1825 69 28 jouir
1780 1827 58 22 d’un
1848 1829 93 23 instant
1948 1832 30 21 de

1503 1855 51 21 vie.
1574 1855 33 22 Ils
1621 1857 36 21 les
1672 1858 130 23 laissoient
1814 1862 164 23 continuelle-

1502 1890 70 19 ment
1582 1888 61 23 dans
1654 1890 24 21 la
1689 1891 97 23 crainte
1798 1894 31 21 de
1841 1895 23 21 la
1875 1899 67 20 mort
1954 1898 22 21 la

1501 1923 232 35 âe’fesrme1nTc1e'r”;t
1742 1939 12 15 s
1759 1927 175 30 Vis”iî'éiî'vfiîf
1936 1934 42 23 ënt

1502 1970 43 22 pas
1557 1964 13 21 à
1581 1964 157 27 l’éxécution,
1749 1965 58 22 c’est
1819 1972 45 21 par
1875 1973 33 15 un
1921 1967 56 22 effet

1502 1998 31 22 de
1544 1998 24 21 la
1577 1999 215 26 toute-puissance
1804 2000 31 20 de
1853 2001 64 20 celui
1935 2002 41 26 qui

1502 2031 81 27 quand
1600 2031 18 22 il
1638 2032 34 20 lui
1691 2032 62 27 plaît
1763 2034 111 27 suspend
1886 2034 22 21 la
1920 2040 57 22 rage

1502 2063 101 23 affamée
1615 2064 43 22 des
1670 2065 75 26 lions,
1755 2065 120 23 l’activité
1884 2067 43 21 des
1936 2067 42 22 fiâ-

1502 2104 62 20 mes,
1576 2098 22 23 &
1613 2098 43 24 fait
1666 2099 91 27 goûter
1767 2100 37 21 les
1816 2101 123 22 douceurs
1948 2102 30 21 de

1501 2132 25 21 la
1536 2132 40 22 vie
1588 2137 30 16 au
1630 2132 87 21 milieu
1730 2132 44 22 des
1785 2133 117 22 horreurs
1915 2135 30 21 de
1956 2136 22 21 la

1502 2167 72 20 mort.
1595 2165 34 21 M.
1643 2166 23 21 le
1679 2165 111 28 Marquis
1802 2167 31 21 de
1846 2166 130 29 Villemur,

1501 2199 67 21 alors
1580 2198 103 23 Colonel
1693 2199 33 21 du
1738 2199 135 28 Régiment
1882 2201 31 21 de
1922 2201 57 22 Bas-

1502 2232 81 28 signy,
1613 2233 177 21 commandant
1816 2234 37 21 les
1878 2236 100 26 troupes

1503 2265 145 28 Françoises
1659 2266 62 21 dans
1732 2267 36 21 les
1778 2267 121 27 quartiers
1912 2268 31 22 où
1952 2274 26 16 se

1501 2299 147 23 trouvoient
1658 2305 42 15 ces
1713 2299 151 27 infortunés,
1880 2301 100 22 instruit

1502 2333 32 20 de
1550 2338 28 15 ce
1596 2332 42 27 qui
1650 2333 34 21 lui
1697 2331 65 23 étoit
1773 2333 84 22 arrivé
1867 2333 110 28 d’abord,

1502 2365 24 21 &
1537 2365 31 22 de
1580 2365 69 22 l’état
1668 2365 95 23 affreux
1782 2366 33 22 où
1835 2367 30 21 ils
1883 2366 97 24 étoient

1502 2404 92 16 encore
1605 2398 103 27 réduits,
1722 2399 94 22 résolut
1827 2400 31 21 de
1870 2401 37 21 les
1919 2400 60 23 déli-

1502 2438 66 20 vrer,
1576 2432 29 21 fit
1615 2432 112 22 marcher
1737 2439 33 15 un
1783 2438 74 23 corps
1866 2434 114 22 considé-

1502 2466 69 22 rable
1590 2466 31 21 de
1642 2467 103 26 troupes
1763 2467 30 20 de
1814 2472 30 16 ce
1856 2467 55 22 côté
1921 2474 6 15 :
1942 2469 36 21 les

1502 2499 70 22 chefs
1583 2499 43 21 des
1639 2500 107 21 rebelles
1756 2506 30 15 ne
1795 2500 37 21 les
1841 2502 88 20 eurent
1936 2507 42 21 pas

1503 2532 80 28 plutôt
1593 2539 119 22 apperçus
1725 2533 72 27 qu’ils
1810 2535 169 22 consentirent

1502 2566 13 21 à
1525 2568 53 19 tout
1598 2571 28 16 ce
1646 2566 75 27 qu'on
1736 2567 96 21 voulut.
1851 2566 33 23 Ils
1896 2568 84 21 rendi-

1502 2601 55 19 rent
1567 2599 36 21 les
1615 2599 156 27 prisonniers
1780 2605 61 17 avec
1849 2602 57 19 tous
1914 2601 64 21 leurs

1502 2632 80 25 effets,
1603 2631 22 22 &
1637 2634 157 20 notamment
1814 2633 23 21 la
1859 2633 77 22 Croix
1949 2634 29 21 de

1502 2664 71 23 Saint
1584 2665 73 22 Louis
1668 2665 72 27 qu'ils
1752 2667 103 21 avoi-ent
1866 2667 19 21 si
1898 2669 79 19 outra-

1501 2701 147 25 geusement
1664 2699 115 21 arrachée
1798 2699 14 22 à
1831 2699 35 22 M.
1879 2700 30 21 de
1921 2699 57 22 Bré-

2022 138 84 29 vigny.
2129 140 44 22 Tel
2194 141 36 22 fut
2249 142 24 21 le
2295 143 54 21 sort
2365 142 30 21 de
2409 148 40 16 ces
2462 142 39 21 six

2022 171 166 30 Compagnies
2201 175 30 21 de
2244 175 143 22 Cambrésis
2400 175 41 28 qui
2452 175 49 22 n’a-

2022 205 85 22 voient
2119 205 109 29 échappé
2249 207 13 22 à
2277 208 21 21 la
2315 210 67 20 mort
2393 214 44 16 sur
2447 214 56 16 mer

2027 243 47 21 que
2086 244 64 21 pour
2161 240 51 21 être
2224 239 95 22 réduits
2330 240 13 22 à
2352 247 87 16 mener
2447 248 59 21 pen-

2027 270 57 23 dant
2096 273 106 26 quelque
2215 274 81 26 temps
2308 280 44 15 sur
2370 276 67 19 terre
2457 280 48 15 une

2026 304 43 21 vie
2080 306 55 25 plus
2145 306 92 21 cruelle
2246 312 46 21 que
2303 307 21 21 la
2334 309 67 19 mort
2409 308 78 21 môme
2496 313 6 19 ;

2027 343 29 15 au
2076 338 51 22 lieu
2147 345 48 22 que
2215 346 46 15 nos
2280 340 107 28 dangers
2403 340 102 22 finirent

2026 375 59 17 avec
2095 372 24 20 la
2130 373 116 27 tempête,
2257 373 22 22 &
2291 373 108 28 qu’enlin
2411 374 91 21 rendus

2025 408 95 17 comme
2129 404 26 28 je
2167 405 39 22 l’ai
2219 406 37 21 dit
2268 406 13 22 à
2293 406 83 27 Calvi,
2396 407 21 22 si
2438 413 64 16 nous

2025 442 31 15 ne
2064 436 106 27 jouîmes
2182 445 45 21 pas
2247 440 31 21 de
2298 442 57 20 tous
2375 441 38 21 les
2433 440 68 29 agré-

2024 474 69 17 mens
2105 471 41 26 qui
2159 472 108 22 rendent
2275 473 22 21 la
2306 474 42 21 vie
2358 473 143 27 délicieuse,

2024 507 60 16 nous
2103 502 191 28 n'éprouvâmes
2313 512 79 15 aucun
2414 507 30 21 de
2460 513 41 15 ces

2023 534 123 23 malheurs
2158 537 41 26 qui
2210 538 24 21 la
2245 539 106 21 rendent
2363 539 103 22 affreuse
2477 540 23 21 &

2023 566 198 29 insupportable.

2050 600 36 23 M.
2098 602 30 21 de
2141 602 140 28 Boissieux,
2302 608 127 25 comptant
2443 608 56 25 trop

2023 639 41 16 sur
2072 634 38 22 les
2122 635 77 23 belles
2211 639 96 25 paroles
2320 639 43 21 des
2382 639 115 26 rebelles,

2022 665 22 21 &
2063 673 42 16 sur
2124 669 37 21 les
2182 670 166 27 dispositions
2363 673 137 27 pacifiques

2022 699 32 21 où
2060 700 31 21 ils
2102 702 169 26 paroissoient
2280 705 60 25 être,
2351 711 31 15 ne
2390 706 29 21 fit
2427 706 72 27 point

2021 737 67 17 assez
2098 733 146 25 d’attention
2256 736 14 22 à
2280 738 23 21 la
2315 738 112 22 manière
2438 739 60 21 dont

2021 764 18 21 il
2050 765 125 28 disposoit
2186 775 40 15 ses
2239 771 122 26 quartiers
2372 777 6 16 :
2399 772 18 21 il
2429 778 16 21 y
2457 772 41 21 eût

2021 804 30 15 un
2064 799 31 21 de
2108 805 47 16 nos
2167 804 86 24 postes
2266 804 105 27 attaqué,
2393 805 22 21 &
2428 805 20 21 si
2460 806 37 21 les

2021 830 90 23 Corses
2122 835 104 21 avoient
2235 835 39 22 été
2283 837 56 26 plus
2347 837 105 27 habiles,
2464 844 32 16 ou

2019 869 45 16 nos
2077 865 152 24 Grenadiers
2241 869 82 22 moins
2333 870 98 26 braves,
2441 873 56 20 tout

2019 902 28 16 ce
2057 898 41 26 qui
2111 898 38 29 s’y
2160 901 54 21 trou
2216 902 63 25 voit,
2295 903 42 21 eût
2349 903 38 22 été
2400 904 74 27 perdu
2486 911 6 19 ;

2019 930 61 21 mais
2090 931 155 28 l’ignorance
2256 935 31 22 de
2301 942 62 15 ceux
2376 937 41 27 qui
2433 939 61 20 atta-

2018 963 110 27 quèrent,
2140 965 23 21 &
2173 967 23 20 la
2208 967 122 23 bravoure
2341 970 31 20 de
2382 976 62 15 ceux
2452 971 41 27 qui

2018 1000 26 16 se
2062 996 166 29 défendirent,
2251 1001 84 22 furent
2355 1009 72 15 cause
2446 1009 47 21 que

2018 1034 61 16 nous
2094 1036 63 16 nous
2177 1032 126 24 ritirâmes
2324 1041 57 16 sans
2400 1037 94 27 grande
2508 1041 3 3 '

2016 1064 77 24 perte.
2104 1063 71 23 Cette
2184 1066 79 26 petite
2271 1070 122 20 aventure
2402 1069 28 22 fit
2438 1076 53 15 sen-

2015 1094 34 21 tir
2057 1094 14 22 à
2083 1099 73 19 notre
2169 1097 108 24 Général
2289 1101 62 26 qu’il
2362 1102 42 28 n'y
2422 1103 70 22 avoit

2015 1127 53 21 rien
2080 1128 13 22 à
2104 1130 100 27 espérer
2212 1133 30 20 de
2251 1134 24 21 la
2284 1134 118 27 douceur,
2413 1135 22 21 ôc
2444 1141 47 22 que

2014 1160 23 21 la
2056 1161 68 23 force
2142 1163 63 23 étoit
2223 1165 110 29 l’unique
2353 1174 92 23 moyen
2460 1170 30 21 de

2014 1194 158 25 pacification
2185 1198 73 26 qu’on
2271 1201 109 25 pouvoit
2397 1203 92 25 emplo-

2012 1232 53 21 yer.
2074 1226 20 22 Il
2106 1228 120 24 demanda
2238 1232 31 21 de
2280 1235 133 20 nouvelles
2425 1237 64 19 trou-

2013 1264 43 21 pes
2065 1265 5 19 ;
2091 1261 64 22 mais
2175 1263 19 21 il
2212 1267 100 20 mourut
2331 1266 31 21 de
2374 1268 113 26 maladie,

2012 1295 75 20 avant
2098 1294 103 27 qu’elles
2212 1296 96 25 fussent
2319 1299 120 23 arrivées.
2454 1301 33 22 M.

2012 1326 400 33 leMarquisdeMaillebois,alors
2421 1335 68 21 Lieu-

2011 1360 86 21 tenaut
2110 1360 114 29 Généra],
2234 1364 22 21 &
2266 1365 87 28 depuis
2363 1367 124 22 Maréchal

2011 1392 30 21 de
2053 1392 99 29 France,
2163 1397 98 22 nommé
2271 1404 64 21 pour
2347 1400 23 21 le
2383 1402 104 26 rempla-

2011 1431 48 21 cer,
2078 1426 123 30 débarqua
2218 1430 195 25 heureusement
2424 1435 22 20 le
2459 1441 25 15 21

2010 1458 67 23 Mars
2088 1460 14 21 à
2116 1460 81 28 Calvi,
2215 1463 33 22 où
2257 1464 93 27 j’avois
2362 1466 124 29 débarqué

2009 1492 142 23 moi-même
2161 1496 24 20 le
2197 1502 28 20 24
2236 1497 31 21 de
2278 1497 106 24 Février
2402 1500 84 27 précé-

2009 1525 67 23 dent.
2097 1527 73 23 Entre
2188 1535 57 17 mon
2259 1531 193 29 débarquement
2463 1535 22 21 &

2008 1558 114 24 l’arrivée
2142 1562 31 21 du
2195 1569 114 18 nouveau
2322 1566 118 27 Général,
2458 1568 26 27 je

2009 1595 151 27 commençai
2172 1596 9 21 1
2190 1598 116 22 exercice
2318 1599 31 21 de
2360 1606 60 16 mon
2438 1602 47 21 mi-

2007 1626 103 27 nistère,
2131 1634 44 21 par
2195 1630 120 23 exhorter
2337 1633 14 21 à
2373 1635 24 20 la
2420 1637 65 19 mort

2007 1659 66 22 deux
2081 1662 93 21 soldats
2186 1664 41 26 qui
2238 1670 18 22 y
2268 1666 103 22 avoient
2380 1667 40 22 été
2428 1674 55 16 con-

2007 1692 108 28 damnés,
2125 1695 60 22 dans
2198 1703 32 15 un
2244 1697 105 24 Conseil
2360 1700 31 21 de
2403 1700 80 23 Guer-

2006 1731 26 16 re
2043 1732 6 15 :
2067 1732 41 16 ces
2127 1729 93 22 soldats
2233 1730 121 25 n'étoient
2365 1735 73 26 point
2450 1736 31 20 du

2006 1759 133 28 Régiment
2151 1762 29 21 de
2193 1763 79 23 Bearn
2282 1771 5 20 ;
2301 1766 30 21 ils
2345 1766 94 23 étoient
2451 1769 30 21 de

2006 1793 62 21 celui
2078 1794 31 20 de
2120 1795 130 29 Bassigm’,
2264 1797 22 22 &
2299 1799 43 22 dès
2354 1801 51 21 lors
2419 1804 62 19 cette

2006 1827 67 21 triste
2085 1827 109 23 fonction
2203 1836 32 15 ne
2243 1837 40 16 me
2292 1834 128 26 regardoit
2428 1841 51 21 pas.

2006 1859 61 22 Mais
2087 1861 25 20 le
2131 1861 135 28 Régiment
2276 1865 31 21 de
2318 1866 124 30 Bassignj'
2453 1874 26 16 se

2006 1894 108 21 trouvoit
2131 1900 57 17 sans
2208 1897 148 29 Aumônier,
2376 1900 23 22 &
2411 1902 70 22 quoi-

2006 1931 30 19 311
2041 1930 112 21 -°iiîft>ïrôf
2156 1940 8 11 t
2173 1932 189 21 ’Qcmmor.-^-Én-
2361 1932 8 11 1
2380 1935 100 18 cntranT

2006 1962 58 21 dans
2082 1963 24 20 la
2125 1963 95 26 prison,
2240 1963 25 27 je
2285 1965 141 21 rencontrai
2445 1971 33 15 un

2006 1994 80 23 Soldat
2106 1995 42 28 qui
2170 1997 93 26 parloit
2282 1996 14 23 à
2315 1997 51 22 l’un
2388 1998 31 21 de
2439 2004 40 15 ces

2006 2028 159 22 malheureux
2185 2028 150 28 déserteurs,
2357 2031 23 21 &
2400 2032 41 27 qui
2455 2037 25 16 se

2006 2061 80 26 retira,
2108 2062 69 22 si-tôt
2198 2063 59 26 qu’il
2276 2070 40 15 me
2334 2065 48 21 vit.
2405 2064 74 22 Resté

2006 2095 50 21 seul
2066 2101 62 15 avec
2140 2101 56 20 eux,
2204 2096 26 27 je
2241 2097 60 22 vins
2314 2097 144 22 facilement
2466 2098 14 21 à

2006 2128 58 22 bout
2075 2128 57 21 d’en
2144 2128 117 23 résoudre
2271 2136 32 15 un
2316 2130 13 22 à
2342 2132 21 20 la
2374 2134 73 23 mort,
2458 2131 22 21 &

2006 2162 29 21 de
2046 2161 33 29 l’y
2089 2161 118 28 préparer
2217 2169 45 21 par
2271 2169 48 16 une
2328 2165 85 21 bonne
2423 2170 58 16 con-

2006 2195 96 22 cession
2113 2202 6 19 ;
2132 2195 18 22 il
2162 2195 55 22 n’en
2239 2196 37 22 fut
2296 2203 44 22 pas
2357 2198 32 21 de
2400 2199 80 21 même

2006 2234 43 21 par
2063 2231 100 25 rapport
2182 2229 14 22 à
2215 2230 89 22 l’autre
2314 2237 6 15 :
2343 2231 54 22 rien
2411 2232 30 21 de
2453 2238 27 15 ce

2006 2267 45 22 que
2060 2263 26 27 je
2097 2263 37 21 lui
2146 2263 79 22 disois
2237 2270 31 15 ne
2278 2265 25 20 le
2314 2265 123 21 touchoit.

2177 2302 161 29 (Cuntinua)

2015 2370 26 29 È
2057 2375 126 26 esciutu:

2230 2423 19 16 a

2005 2452 108 25 Storia
2125 2453 158 30 Populare
2296 2455 33 24 dl
2343 2454 136 26 Corsica

2159 2492 164 26 îllustrata

2166 2530 28 22 di
2206 2532 31 21 P.
2246 2532 29 21 di
2286 2531 31 21 B.

2059 2568 42 22 Un
2113 2570 101 20 volume
2231 2570 24 20 di
2271 2570 40 21 12S
2323 2571 102 27 pagine.

2053 2603 71 18 Prezzu
2137 2604 21 17 in
2172 2604 105 23 Stamparia
2281 2611 5 12 :
2308 2605 14 18 4
2332 2605 99 19 franchi.
2439 2623 3 3 .

2005 2672 97 17 Aiacciu
2111 2679 29 4 —
2151 2672 133 25 btamparia
2297 2672 24 19 <ii
2337 2672 23 20 A
2370 2672 104 25 Murera,

2006 2707 14 14 u
2032 2700 239 24 Diretlore-Gerente:
2280 2702 73 23 Pctru
2364 2703 111 22 ROCCA.

22 2818 26 16 un
58 2815 52 27 paio
123 2816 22 21 di
158 2816 80 22 brocci
251 2818 67 20 tanto
333 2822 42 22 per
386 2821 47 16 non
444 2821 41 15 ve-

14 2845 52 24 ■ûire
85 2855 44 16 con
152 2849 22 22 le
187 2850 62 22 mani
269 2850 24 21 in
306 2856 77 19 mano,
398 2849 31 21 mi
440 2854 44 16 son

22 2884 70 19 messo
103 2882 24 23 la
135 2883 38 22 via
184 2886 33 19 Ira
227 2883 23 22 le
258 2883 86 29 gambe
354 2882 27 22 ed
394 2881 91 23 eccomi

21 2913 35 27 qui
63 2916 33 20 co’
108 2916 80 23 brocci
200 2923 13 16 e
222 2923 43 16 con
276 2917 23 22 la
308 2916 92 23 lettera.

47 2946 33 24 Da
91 2951 40 27 qui
142 2951 24 22 la
178 2950 95 28 letlera,
292 2957 13 16 e
318 2951 6 21 i
337 2950 80 22 brocci
433 2956 52 23 por-

23 2980 57 23 terai
88 2989 12 16 a
112 2991 64 20 casa,
189 2985 88 29 perché
295 2990 100 17 mamma
412 2983 74 22 Fran-

23 3018 62 19 eesca
96 3017 129 24 Domenica
237 3021 13 19 è
261 3025 62 16 venu
327 3021 20 21 ta
361 3025 12 15 a
387 3017 99 22 tenermi

22 3051 133 28 uQnipagnia
167 3059 13 15 a
193 3052 90 29 JBorgo.

82 3083 139 26 Veramenle
231 3087 51 22 sciò
294 3086 107 22 Mariano
412 3085 32 22 mi
455 3084 31 22 ha

21 3116 174 25 ^accómandato
207 3120 23 21 di
243 3119 156 29 consegnarvi
412 3118 23 23 la
443 3118 43 21 let-

24 3147 43 23 tera
79 3157 69 17 senza
161 3153 44 22 che
217 3159 101 23 persona
329 3159 26 15 se
366 3158 29 16 ne
407 3158 80 15 accor-

24 3185 71 25 gesse,
108 3185 27 22 ed
148 3193 60 16 anco
225 3187 23 22 di
260 3193 47 16 non
321 3185 69 23 farmi
402 3185 85 22 vedere

24 3211 26 24 du
60 3215 92 31 alcuno,
165 3227 38 16 ma
214 3222 143 21 certamente
365 3219 122 29 egli.igno-

24 3251 51 20 puva
99 3251 42 23 che
163 3253 22 22 si
208 3257 111 19 Irovasse
338 3259 43 16 con
405 3252 39 23 voi
463 3252 23 21 la

25 3277 124 31 Lrancesca
161 3286 137 23 Domenica.

47 3314 115 27 Altobello
174 3327 83 21 aperse
269 3320 24 22 la
304 3320 93 26 lettera,
409 3318 23 23 la
442 3318 45 22 les-

25 3350 23 16 Se
57 3348 24 22 di
92 3357 29 15 un
134 3355 71 20 tratto
215 3361 6 19 ;
238 3356 67 20 tornò
318 3352 82 30 quindi
412 3359 12 15 a
437 3352 51 28 leg-

25 3380 59 25 gerla
101 3391 14 15 a
133 3386 97 29 riprese,
251 3386 183 23 soffermandosi
446 3391 42 23 per

26 3415 90 24 pensare
127 3425 71 23 sopra
211 3421 55 28 ogni
279 3420 98 29 période
387 3428 7 19 ;
407 3419 47 22 alla
461 3418 26 23 fi-

27 3448 25 17 ne
62 3447 62 26 disse
133 3460 6 13 :

50 3481 150 31 "Bastiano,
223 3493 13 16 e
260 3487 19 22 ti
301 3489 14 20 ò
329 3493 70 23 parso
421 3492 66 16 vera-

27 3514 69 22 mente
115 3518 43 22 che
175 3520 48 22 mio
243 3520 95 23 fratello
355 3520 20 22 si
395 3519 60 22 trovi
473 3525 14 16 a

28 3545 39 21 niJd
80 3550 96 24 termine
184 3553 13 22 ?

83 3581 24 23 Io
119 3584 46 23 l’ho
176 3587 86 22 sentito
275 3587 137 23 lamentarsi
423 3587 65 21 noLte

28 3612 11 15 e
46 3611 87 28 giorno.

51 3654 26 7 ~~
88 3647 119 32 Basliano,
227 3660 36 15 ma
285 3654 40 22 dal
343 3653 63 26 viso,
423 3652 65 22 dalla

27 3678 100 31 persona,
144 3689 84 23 questo
240 3693 44 16 suo
296 3693 57 19 gran
372 3686 63 22 male
446 3692 43 20 ap-

27 3711 107 26 Parisce-?

539 2826 29 5 —
578 2814 26 22 In
616 2813 78 30 quella
707 2819 44 16 sua
763 2813 77 22 faccia
851 2812 72 29 gialla
931 2812 22 22 ci
962 2812 21 21 si

512 2848 68 25 legge
591 2854 65 16 corne
670 2848 22 21 in
708 2849 91 20 cotesta
819 2846 83 22 letlera
920 2852 23 15 ni
945 2851 39 16 en-

514 2884 35 20 tre
560 2888 38 15 era
610 2881 107 29 sigillala
726 2888 5 13 :
751 2883 90 24 quanto
853 2886 14 15 a
880 2879 106 28 mangia-

514 2922 32 19 re,
568 2921 42 23 per
628 2917 89 26 quanto
738 2914 30 21 mi
787 2914 38 21 sia
845 2915 95 20 accorlo
952 2912 31 26 io,

513 2955 46 16 non
571 2949 31 21 ha
613 2947 129 29 inangiato,
762 2953 38 15 ma
815 2947 51 21 sciô
878 2946 106 21 Mariano

514 2982 25 23 fu
559 2988 92 23 sempre
669 2981 23 21 di
711 2987 59 22 poco
791 2982 79 27 paslo,
890 2979 36 22 sia
941 2978 44 23 che

513 3016 80 29 voglia
619 3015 145 30 acquislarsi
787 3014 15 21 il
828 3012 112 30 paradisp
960 3011 25 22 in

515 3050 61 23 virlù
595 3049 22 22 di
637 3048 90 29 digiuni
745 3054 45 15 non
811 3046 144 26 comandali,
970 3051 15 16 o

515 3084 44 22 che
569 3083 62 22 allro
641 3090 5 19 ;
659 3082 103 29 bisogna
781 3081 95 27 dunque
887 3079 73 22 starci
972 3085 13 16 a

515 3117 79 29 quello
606 3116 42 22 ehe
659 3115 67 26 diee;
743 3121 12 15 e
766 3114 81 28 quello
859 3113 60 22 ch’ei
933 3113 52 21 dice

515 3153 13 20 è
548 3150 44 22 che
609 3149 21 22 si
647 3151 67 20 sente
733 3148 79 22 vicino
827 3153 12 16 a
854 3146 132 29 comparire

515 3183 94 23 davanti
621 3189 14 16 a
647 3182 54 27 Dio,
723 3188 13 15 e
748 3181 43 22 che
811 3181 31 24 ha
854 3185 131 17 commesso

515 3218 24 21 di
559 3216 91 30 peccati
671 3215 79 30 grossi
770 3214 113 23 massime
903 3215 82 20 conlro

516 3251 48 26 voi,
576 3256 13 15 e
602 3249 68 22 crede
683 3248 74 22 ferma
759 3250 79 19 mente
853 3247 43 22 che
914 3246 72 22 ândrà

515 3284 102 21 dannato
630 3281 59 22 dove
701 3287 47 15 non
766 3280 26 21 vi
810 3279 72 22 abbia
893 3279 92 21 chiesfo

516 3324 12 15 e
539 3316 39 23 voi
598 3314 88 29 datogli
706 3313 106 29 perdono
823 3320 7 19 ;
849 3312 38 28 poi
899 3317 47 16 non
958 3316 27 16 so

515 3351 68 25 altro,
598 3356 12 15 e
621 3347 85 23 d’altro
719 3352 46 16 non
778 3344 137 23 m’intendo.

542 3395 28 5 —
582 3382 20 22 E
613 3382 25 21 in
649 3387 55 16 casa
713 3380 21 21 ci
744 3379 39 22 liai
793 3381 25 20 tu
826 3379 62 22 visto
897 3375 89 31 gente?

542 3429 29 5 —
576 3415 110 23 Nessuno
696 3420 7 20 ;
713 3414 56 27 perô
777 3412 55 22 date
843 3414 70 22 relia,
923 3415 62 16 men-

517 3453 34 20 Ire
563 3455 28 16 us
593 3449 21 22 ci
615 3454 29 16 va
654 3453 45 23 per
710 3445 137 23 venirniene
858 3450 13 15 a
883 3443 48 26 voi,
940 3447 45 16 una

516 3483 104 23 maniera
633 3481 21 22 di
667 3478 115 27 seimmia,
796 3484 46 15 una
852 3475 133 23 sconcialu-

516 3523 25 16 ra
553 3516 24 22 di
589 3514 89 25 zitella,
685 3519 13 15 o
709 3512 77 21 donna
796 3511 45 21 che
850 3509 73 25 fosse,
932 3514 53 22 gra-

517 3557 36 15 ma
573 3555 13 16 e
604 3547 80 23 colore
701 3545 24 22 di
746 3539 74 34 fogîie
833 3542 25 22 di
869 3543 115 26 castagno

516 3581 93 31 quando
621 3585 109 19 cascano,
742 3577 29 22 mi
779 3577 71 28 passé
863 3575 121 21 d’accanlo

517 3617 103 21 montata
639 3620 28 15 su
686 3612 25 22 di
728 3617 31 16 un
770 3608 95 24 cavallo
873 3615 6 19 ;
891 3606 93 23 andava

516 3650 38 21 via
566 3654 67 16 corne
645 3652 44 17 una
701 3647 75 20 saetta
790 3650 12 14 e
814 3649 42 22 per
867 3646 60 24 poco
940 3644 44 16 non

516 3682 118 22 m’investi
644 3687 5 19 ;
665 3679 91 22 intanto
767 3677 44 21 che
824 3675 31 22 mi
865 3673 66 23 volto
943 3678 42 22 per

517 3716 59 22 dirle
586 3723 7 14 :
610 3721 15 15 a
637 3716 61 19 rotta
711 3712 23 21 di
746 3710 72 26 collo,
834 3709 23 21 la
867 3706 61 24 vedo
941 3705 44 22 fer-

1010 2818 37 15 ma
1060 2811 93 22 dinanzi
1164 2811 24 22 la
1199 2813 69 26 porta
1277 2811 24 21 di
1309 2817 55 16 casa
1373 2810 51 22 sciô
1431 2809 50 22 Ma-

1010 2845 76 25 riano,
1104 2844 98 26 scende,
1221 2846 65 26 getta
1304 2844 22 21 le
1345 2842 87 30 briglic
1443 2843 35 21 sul

1011 2878 62 22 collo
1085 2877 23 22 al
1121 2877 102 26 cavallo,
1236 2877 44 22 che
1292 2877 90 22 rimane
1389 2876 16 22 li
1415 2882 65 16 corne

1011 2911 140 28 impietrito,
1173 2910 29 22 ed
1220 2910 23 21 in
1262 2917 31 15 un
1304 2911 83 22 attimo
1398 2911 66 20 entra
1472 2917 6 18 ;

1011 2945 60 22 altro
1082 2950 47 16 non
1141 2949 36 16 so.

1038 2990 29 4 —
1078 2977 33 22 Bè
1120 2985 7 19 ;
1148 2976 53 25 falti
1220 2977 127 28 insegnare
1365 2982 13 15 a
1390 2981 56 16 casa
1457 2975 21 21 di

1012 3017 109 20 mamma,
1131 3012 23 20 tu
1167 3010 103 21 troverai
1282 3016 45 16 con
1339 3009 31 22 lei
1382 3008 98 22 un’altra

1013 3049 100 24 persona
1122 3051 7 19 ;
1149 3042 105 23 salutale
1274 3042 124 25 ambedue,
1417 3048 13 15 e
1449 3042 30 21 di’

1012 3078 59 25 loro,
1085 3077 44 22 cbe
1140 3083 26 15 se
1179 3082 42 23 per
1232 3076 102 22 istasera
1345 3081 46 15 non
1404 3075 77 22 mive-

1012 3111 61 22 dono
1096 3116 46 16 non
1165 3110 88 21 istieno
1273 3109 25 22 in
1318 3108 123 30 pensiero;
1457 3111 23 18 tu

1012 3145 56 28 puoi
1079 3143 101 26 fermati,
1193 3141 77 23 finchè
1282 3149 47 15 non
1341 3141 97 22 ritorno.

1038 3177 113 22 Basliano
1163 3177 51 20 usci
1224 3183 7 18 ;
1244 3175 49 29 egli
1305 3181 40 16 era
1357 3174 17 21 il
1386 3177 94 25 pastore

1013 3211 23 22 di
1049 3217 56 16 casa
1115 3209 95 22 Alando
1221 3216 6 19 ;
1244 3208 48 22 fino
1304 3215 13 15 a
1329 3206 70 31 poebi
1410 3207 23 22 di
1446 3208 34 21 in-

1011 3244 69 22 nanzi
1092 3243 61 22 erasi
1165 3244 132 20 tratlenuto
1317 3247 44 16 con
1379 3240 22 21 le
1418 3247 61 15 man-

1012 3277 42 21 dre
1064 3283 29 15 su
1105 3276 8 21 i
1124 3275 72 28 poggi
1209 3274 123 22 lasciando
1350 3279 13 16 a
1381 3279 68 16 mano
1466 3279 13 15 a

1012 3315 69 16 mano
1093 3309 7 21 i
1113 3308 41 29 più
1167 3307 44 22 alti
1223 3314 43 22 per
1277 3305 91 23 ridurle
1378 3305 102 23 secondo

1012 3343 17 20 il
1041 3341 73 22 solito
1125 3341 39 22 nel
1176 3347 55 16 core
1243 3340 38 22 del
1293 3345 71 16 verno
1376 3339 47 22 aile
1434 3346 46 14 ma-

1012 3375 65 26 rine;
1101 3374 38 22 del
1162 3379 115 17 successo
1301 3371 37 22 fra
1360 3372 9 21 i
1393 3372 87 22 fratelli

1013 3407 93 22 Alando
1116 3413 47 15 non
1175 3412 88 23 sapeva
1275 3404 88 27 mollo;
1376 3407 56 26 perô
1444 3411 37 16 es-

1013 3441 109 22 timavasi
1141 3446 94 22 sempre
1257 3443 70 17 uo-mo
1351 3438 23 21 di
1392 3438 56 22 tutti
1467 3444 12 15 e

1012 3474 46 22 due
1067 3481 6 19 ;
1095 3479 60 24 poco
1166 3473 21 21 si
1198 3471 94 23 sentiva
1303 3476 117 23 propenso
1431 3477 49 15 ver-

1011 3513 27 16 so
1050 3506 114 25 Mariano,
1178 3511 12 15 e
1202 3504 65 22 dalle
1283 3509 44 15 sue
1343 3504 82 26 parole
1435 3503 21 22 si
1467 3505 13 20 è

1011 3541 83 27 potulo
1105 3540 165 27 argomentare
1279 3542 5 19 ;
1305 3542 59 20 pure
1382 3536 25 21 lo
1420 3536 61 22 rive-

1011 3573 51 22 riva
1072 3578 68 16 corne
1151 3571 18 21 il
1182 3570 122 28 maggiore
1315 3567 24 22 di
1351 3575 63 20 casa,
1434 3575 13 16 e
1458 3569 22 21 la

1011 3611 58 23 poca
1081 3603 93 30 pratica
1186 3603 45 22 che
1242 3605 82 19 leneva
1338 3607 43 16 con
1390 3602 35 22 lui
1435 3608 45 15 non

1010 3638 34 23 gli
1063 3637 59 21 dava
1144 3636 63 22 balia
1228 3635 24 21 di
1269 3639 130 17 conoscere
1410 3635 7 21 i
1428 3634 52 22 suoi

1010 3670 56 23 vizii
1077 3669 29 22 ed
1120 3668 138 22 abborrirli.

1037 3702 129 25 Altobello,
1187 3699 154 30 riponendosi
1357 3700 23 22 la
1397 3700 83 22 letlera

1506 2809 26 21 in
1554 2812 73 23 tasea,
1649 2809 64 22 disse
1723 2816 6 15 :
1748 2821 29 5 —
1797 2809 80 29 quello
1898 2811 44 21 che
1961 2811 20 21 si

1506 2842 56 22 vuol
1583 2842 52 22 l'are
1654 2842 99 22 facciasi
1773 2845 82 26 presto
1864 2851 7 18 ;
1892 2843 8 21 i
1912 2843 69 28 primi

1507 2875 104 29 pensieri
1624 2876 138 27 dell’uomo,
1781 2883 27 15 se
1824 2875 122 30 s’eguitali,
1958 2877 22 21 lo

1506 2909 172 22 menerebbero
1700 2910 24 21 al
1748 2908 167 31 Campidoglio
1925 2918 6 19 ;
1955 2917 26 15 se

1506 2945 102 26 aspetta,
1619 2942 35 29 gli
1665 2943 80 22 ultimi
1763 2943 23 22 lo
1803 2943 119 29 spingono
1933 2944 47 22 alla

1507 2975 67 22 força
1583 2984 7 18 ;
1604 2988 28 4 —
1644 2982 67 16 scese
1733 2982 13 15 e
1764 2976 61 22 sellé
1850 2976 15 22 il
1889 2977 91 22 cavallo

1506 3015 95 22 sempre
1613 3009 149 28 ragionando
1774 3012 36 19 Ira
1822 3011 27 20 sè
1859 3017 6 14 :
1881 3019 26 7 --
1915 3010 64 22 l’ani-

1506 3048 39 15 ma
1566 3042 22 21 in
1613 3044 84 27 questo
1722 3042 152 30 rassomiglia
1897 3043 17 22 il
1937 3049 43 16 suo

1506 3075 115 26 astuceio,
1633 3075 53 22 ch’è
1697 3075 17 21 il
1725 3081 72 23 corpo
1805 3083 7 19 ;
1828 3076 65 22 l’uno
1904 3083 29 15 va
1947 3079 33 19 tre

1507 3108 82 28 miglia
1602 3114 14 15 o
1629 3111 104 26 quattro,
1755 3108 23 22 al
1790 3111 85 26 quinlo
1886 3116 46 15 non
1946 3116 34 15 ar-

1506 3141 51 22 riva
1566 3149 6 18 ;
1583 3141 79 22 l’altra
1675 3141 69 23 basta
1756 3149 13 14 a
1782 3141 46 22 due
1840 3142 75 29 colpe,
1928 3142 53 23 bas-

1506 3178 25 18 t.a
1543 3180 13 16 a
1569 3177 35 19 tre
1613 3182 7 19 ;
1633 3174 23 22 la
1668 3177 94 26 quarta,
1772 3181 69 16 corne
1850 3177 84 27 troppo
1942 3182 38 22 pe-

1506 3213 36 20 sa,
1556 3214 46 15 non
1614 3209 47 27 pué
1674 3210 97 26 portare
1782 3215 6 18 ;
1808 3207 68 23 ladro
1890 3215 14 16 e
1915 3215 66 22 sper-

1505 3240 71 29 giuro
1587 3241 41 28 già
1646 3242 12 20 è
1678 3241 83 26 molto,
1782 3247 14 15 e
1809 3244 35 20 Ira
1855 3242 125 28 spergiuro

1506 3279 14 15 e
1539 3273 122 25 traditore,
1687 3275 37 20 Ira
1745 3273 66 22 ladro
1829 3280 13 15 e
1859 3275 121 21 assassino

1506 3311 60 23 pure
1582 3311 61 23 gran
1662 3307 72 20 tratto
1756 3306 21 21 ci
1794 3312 71 22 passa
1875 3315 6 13 :
1899 3314 13 15 a
1925 3307 55 29 ogni

1506 3338 71 22 modo
1588 3338 108 22 andando
1709 3338 80 23 subito
1798 3345 47 16 non
1854 3340 21 21 si
1883 3340 30 21 dà
1925 3343 56 19 tem-

1506 3378 31 22 po
1549 3372 47 21 alla
1608 3371 96 22 insidia.
1725 3372 60 21 Perô
1800 3372 82 23 deciso
1894 3373 25 22 di
1930 3379 51 16 ren-

1506 3404 65 22 dersi
1581 3404 48 22 alla
1643 3404 117 22 chiamata
1770 3405 39 21 del
1819 3405 105 27 fratello,
1934 3412 46 15 non

1506 3437 36 28 gli
1553 3443 72 23 parve
1637 3437 40 28 poi
1689 3437 119 22 dovercisi
1824 3437 16 22 fi
1842 3438 13 22 d
1858 3445 41 16 are
1914 3442 66 19 tanto

1506 3469 31 22 da
1549 3469 149 22 dissuaderlo
1711 3470 24 21 di
1746 3470 102 28 pigliare
1855 3471 23 22 la
1887 3472 92 28 schiop-

1506 3508 39 22 po,
1568 3509 12 14 e
1601 3505 90 19 tentare
1711 3509 27 15 se
1758 3502 23 22 la
1800 3504 98 27 polvere
1916 3505 63 21 nello

1506 3535 136 21 scodellino
1661 3535 64 22 delle
1744 3535 88 28 pisLole
1851 3537 101 22 andasse
1966 3544 13 15 a

1507 3568 99 21 dovere.

1535 3600 72 22 Ralto
1628 3601 21 20 si
1667 3606 60 23 pose
1743 3601 24 21 in
1778 3601 48 26 via,
1840 3608 13 15 e
1863 3602 115 22 correndo

1506 3639 43 21 per
1560 3633 97 22 sentieri
1668 3639 15 16 a
1697 3633 33 22 lui
1740 3640 13 15 e
1762 3633 22 22 al
1794 3634 92 21 cavallo
1898 3641 81 16 conos-

1506 3667 67 26 ciuti,
1588 3669 82 26 presto
1684 3667 24 22 fu
1721 3668 83 28 giunto
1814 3675 5 14 :
1841 3674 72 22 parve
1931 3675 47 15 non

1506 3700 25 21 lo
1543 3699 173 28 attendessero,
1729 3701 87 27 perché
1827 3701 63 28 dopo
1910 3708 70 15 avéré

2009 2810 144 23 domandato
2166 2812 38 22 chi
2216 2812 73 26 fosse,
2310 2813 22 21 Io
2353 2813 81 22 fccero
2446 2821 37 15 as-

2008 2846 91 25 petlare
2113 2851 30 15 un
2157 2851 70 22 pezzo
2236 2853 6 18 ;
2262 2845 71 22 alfîne
2345 2846 23 22 la
2382 2850 100 25 cognala

2008 2878 52 27 apri
2072 2877 128 22 strillando
2210 2885 7 14 :

2035 2921 27 5 —
2074 2909 64 23 Siete
2150 2912 39 21 voi
2198 2911 5 22 !
2214 2912 61 21 sicte
2285 2913 40 20 voi
2337 2913 7 21 î
2356 2913 62 22 sietc
2428 2914 39 21 voi
2474 2915 5 20 !

2035 2942 19 22 E
2065 2943 24 22 in
2102 2950 70 15 mano
2185 2946 82 21 teneva
2280 2951 32 16 un
2321 2945 65 22 lame
2394 2947 25 20 in
2427 2953 53 22 ago-

2007 2975 39 22 nia
2057 2983 6 19 ;
2083 2977 122 22 Altobello
2227 2984 43 15 con
2294 2979 77 22 inoila
2391 2980 91 21 ansielà

2007 3008 147 24 domandava
2163 3017 6 14 :

2034 3054 28 4 —
2073 3042 19 22 E
2105 3042 108 23 Mariano
2226 3050 68 17 corne
2307 3045 21 22 si
2341 3045 88 23 sente?

2033 3087 29 4 —
2074 3075 73 22 Corne
2159 3077 19 21 si
2191 3077 86 22 sente?
2287 3078 95 22 Adesso
2394 3079 62 22 vado
2467 3086 13 15 a

2008 3107 165 30 domandargli
2185 3109 45 22 che
2242 3117 57 15 cosa
2316 3111 25 22 vi
2360 3111 61 22 devo
2438 3113 45 21 ris-

2008 3141 112 28 pondere.

2035 3173 19 22 E
2066 3174 23 22 lo
2102 3174 76 23 îascié
2192 3176 21 21 al
2227 3176 56 22 buio
2294 3185 7 18 ;
2323 3178 65 21 dalla
2400 3181 83 20 slanza

2007 3210 99 19 accanto
2118 3209 20 21 si
2151 3210 92 21 sentiva
2264 3216 29 15 un
2313 3211 170 22 ramniaricliio

2008 3240 134 22 incessante
2154 3247 13 16 e
2178 3242 122 22 smanioso
2313 3250 69 15 corne
2395 3244 24 21 di
2431 3251 53 21 per-

2007 3279 58 15 sona
2076 3279 71 21 presa
2159 3273 63 23 dalla
2235 3275 90 27 colica;
2340 3277 29 21 ad
2379 3277 103 22 Altobel-

2008 3305 23 21 lo
2043 3312 73 21 parve
2126 3313 88 16 ancora
2227 3309 89 21 sentirc
2330 3310 89 27 aprirsi
2438 3317 45 15 una

2007 3337 15 22 fi
2024 3344 41 17 nés
2068 3341 44 24 Ira,
2125 3346 13 15 e
2150 3346 95 17 rumore
2257 3341 24 22 di
2290 3348 58 16 cosa
2357 3343 45 22 che
2411 3344 72 23 sigif-

2009 3372 17 21 ti
2037 3372 47 26 via,
2097 3379 14 15 e
2121 3374 42 26 poi
2174 3373 145 24 richiudersi
2328 3382 46 15 con
2382 3380 102 24 preslez-

2007 3410 28 16 za
2046 3405 50 27 pari
2107 3413 7 18 ;
2127 3412 38 15 ma
2177 3410 86 24 questo
2274 3408 98 22 scarico
2385 3409 62 22 dalle
2460 3409 24 22 fi-

2007 3439 80 20 nestre
2098 3438 65 23 délia
2175 3446 94 16 caméra
2289 3441 25 21 di
2329 3448 32 15 un
2381 3442 103 22 infermo

2008 3476 46 15 non
2066 3477 41 16 era
2119 3478 54 17 cosa
2187 3479 43 21 per
2250 3480 31 15 un
2304 3473 75 23 Corso
2394 3475 30 21 da
2444 3475 39 22 ba-

2008 3503 75 27 darci,
2096 3505 88 27 poichè
2196 3506 47 22 essi
2255 3507 53 21 sani
2320 3508 32 21 od
2363 3508 121 22 ammalali

2007 3536 138 28 giudicliino
2166 3539 24 21 la
2210 3539 98 22 finestra
2328 3547 68 16 corne
2411 3542 22 21 la
2444 3543 38 20 via

2007 3569 41 28 più
2058 3572 109 21 nalurale
2179 3571 24 22 di
2214 3572 95 23 buttare
2320 3573 66 23 fuori
2395 3575 24 21 di
2429 3581 53 15 casa

2008 3604 61 20 tulto
2080 3606 89 26 quanto
2181 3610 47 16 non
2249 3607 47 26 pué
2315 3608 169 21 convenîenla-

2007 3638 78 19 mente
2097 3636 61 22 farci
2170 3636 84 23 dentro
2267 3638 102 23 dimora.

2179 3688 12 26 (
2194 3688 148 28 Cuntinua)
