2668 3835
128 99 24 36 A
169 109 39 25 un
226 96 206 40 Imbastarditu

64 174 55 23 Dipoi
127 173 50 18 ch'in
186 173 79 20 Francia
274 176 20 18 tu
303 175 27 18 se’
341 174 95 22 sbarcalu,

66 202 14 17 O
88 199 68 22 amicò,
166 199 30 19 eiu
204 205 41 13 nun
254 202 21 17 sù
283 200 75 24 perché,

66 225 22 19 Di
96 225 17 18 la
122 224 75 20 Gorsica
205 226 13 18 li
229 231 24 13 ne
261 227 26 18 se’
295 226 91 19 scurdatu

66 251 14 18 E
88 250 49 23 parli
146 251 20 18 lu
174 252 87 18 franccse
270 257 10 13 a
288 252 32 23 più
330 251 55 23 pudè.

66 296 79 23 Quandu
156 296 123 18 dumandanu
287 297 19 17 di
315 302 12 12 u
338 297 24 17 to’
373 299 63 19 paese,

65 322 50 22 (Nun
125 323 14 18 ti
149 320 91 21 vergogni
250 322 21 16 tu
279 322 19 17 di
308 322 18 16 fà
337 322 41 17 cusi
384 321 18 22 ?)

66 348 26 18 Gu
101 349 20 17 lu
131 347 33 22 più
172 344 158 19 sohiett’accentu
339 345 121 22 nmrsigliese

66 371 100 24 Rispondi:
174 374 9 10 «
188 368 39 17 Moi
232 369 11 17 ?
251 370 46 17 mais
302 370 21 22 je
331 370 39 18 suis
378 370 24 18 du
413 368 50 19 Midi
469 368 7 18 !
483 375 8 9 »

66 421 21 18 Ti
95 419 72 22 parenu
176 415 31 21 più
217 420 43 13 esse
268 417 82 19 naturali

66 444 22 18 Di
96 439 74 20 cliiamà
178 444 26 13 un
213 440 81 19 italianu
303 447 4 12 :
317 442 85 18 maccarò
408 441 4 18 !

66 467 76 20 Eppuru
151 463 5 17 i
167 464 24 17 toi
200 464 6 17 i
215 465 66 22 cugini
289 467 71 18 carnali

66 490 26 18 Ne
100 494 49 13 sonu
159 493 11 13 a
178 489 61 18 Lucca
247 494 10 13 e
266 492 60 17 micca
334 492 21 18 in
363 492 39 18 ’ssu
410 491 48 18 Tulò
465 490 5 18 I

67 536 78 18 Percliè’
153 536 64 22 quellu
226 536 31 18 chi
267 538 15 17 ti
288 543 83 13 cunosce
379 539 48 17 bene

67 562 24 17 Sa
99 561 32 18 chi
140 566 26 12 un
175 562 26 17 to’
209 562 104 18 babbilone
321 563 32 18 crû
362 564 86 19 tuscanu,

67 586 34 17 Chi
110 591 12 12 u
132 591 71 17 sangue
211 586 32 18 chi
251 592 53 14 corre
311 588 21 18 in
341 589 18 17 le
368 588 24 18 to’
400 592 50 14 vene

65 606 14 22 È
87 610 20 17 di
115 611 21 17 lu
145 611 32 22 più
187 611 85 19 schieltu
280 617 73 19 sangue
360 613 88 17 ’talianu.

64 657 29 17 Tu
101 657 15 17 ti
125 658 37 17 ciici
174 658 87 18 francese
272 660 97 22 patriotta,

65 682 29 18 Ma
103 686 68 14 mancu
179 687 64 14 corsu.
252 688 12 13 o
272 685 96 21 bastardò,
378 690 40 12 nun
427 684 20 18 sé
454 689 6 16 ;

67 707 14 18 E
88 707 85 18 l’ullimu
181 708 89 18 sbarcatu
282 710 123 21 «negriotta»

67 728 14 21 È
89 732 88 18 francese
186 733 18 17 di
214 737 56 15 razza
277 735 77 21 quant’e
364 736 18 16 le
388 734 5 18 !

67 779 35 18 Aiò
108 778 5 19 !
123 779 41 18 aiò!
173 780 93 19 Lasciami
274 782 38 18 ’ssa
324 786 114 18 menzogna;

68 805 68 21 Quellu
145 805 31 17 chi
183 806 20 17 lu
212 807 28 16 so’
249 811 73 18 sangue
332 808 37 16 vol’
377 807 51 20 nigà,

68 830 69 21 Quellu
146 830 30 17 chi
185 831 20 17 di
212 836 14 12 u
235 832 27 16 so’
271 832 62 17 babbu
342 832 16 17 si
367 835 96 18 vergogna

68 855 14 17 E
91 859 37 13 una
137 855 61 18 bestia
206 856 84 22 indegna
298 857 20 17 di
326 861 66 17 campa
400 856 4 17 !

68 903 56 22 Eppo’
132 902 69 23 perché
209 903 19 17 fà
236 903 21 17 di
266 909 56 13 manu
330 909 12 13 e
350 904 19 18 di
378 903 62 23 perle?

68 928 8 17 I
85 928 88 17 Francesi
182 928 41 17 cusi
233 930 57 16 scemi
300 934 39 13 nun
351 930 21 17 sò
379 934 5 16 ;

68 953 99 21 Malgradu
176 953 60 21 tnttu,
246 958 76 18 ognunu
331 955 33 22 qui
373 955 91 17 s’avvede

69 978 45 18 Ch’a
123 979 51 16 tortu
184 978 39 18 dici
231 983 11 13 a
250 979 59 19 l’altri
316 985 4 12 :
330 985 12 12 o
350 979 79 18 lucchisò
434 980 8 17 !

70 1024 20 18 In
100 1023 85 18 francese
193 1024 45 17 falti
247 1024 19 17 la
277 1025 26 18 to’
313 1026 82 19 canlata,

69 1049 36 17 Per
113 1048 80 18 italianu
202 1053 65 18 ognun
276 1051 14 17 ti
300 1051 59 21 piglia
367 1050 39 22 qui,

70 1074 80 21 Quandu
158 1075 75 17 vedenu
242 1075 31 18 chi
282 1076 18 17 la
309 1076 25 17 to’
346 1077 63 16 casaia

70 1099 59 18 Cume
136 1098 90 23 spaghetti
234 1099 68 19 finisce
310 1105 34 17 per
352 1107 8 9 «
368 1101 5 17 i
380 1107 8 9 »
396 1100 5 17 !

160 1132 29 18 M.
200 1132 132 20 Alessandri
342 1133 23 18 di
377 1133 122 19 Chidazzu.

174 1227 34 29 U
229 1226 167 30 Sümere

71 1294 145 19 Andendumine
225 1294 29 22 pe’
263 1300 12 12 a
282 1295 65 17 slrada
358 1299 90 18 pensosu,

70 1321 30 18 Ad
108 1320 48 22 ogni
165 1324 44 14 cosa
220 1315 127 24 indifférence
355 1325 11 13 e
374 1320 57 18 fieru.

71 1346 100 18 Pensendu
179 1350 11 13 a
198 1346 72 21 queslu
278 1347 71 17 mondu
358 1345 120 23 orgugliosu,

70 1372 116 18 Ascullendu
195 1371 77 18 l’acellu
281 1376 116 18 messageru,

72 1423 72 18 Truvai
152 1422 19 18 in
180 1422 39 18 miò
227 1423 76 17 caminu
310 1428 26 12 un
345 1427 44 13 omu
399 1423 76 17 eslrosu

73 1448 36 19 Chi
117 1448 60 17 battìa
185 1452 58 13 senza
250 1448 58 17 nisun
318 1452 89 17 penseru,

74 1474 30 18 Un
112 1478 49 18 sogu
169 1477 34 18 per
210 1473 32 17 chi
251 1472 49 19 fatlu
309 1473 99 20 dilettosu,

71 1499 15 18 U
95 1500 28 17 so’
131 1498 97 18 mischinu
237 1502 10 13 e
255 1502 72 18 povaru
336 1503 85 13 sumeru.

71 1549 21 18 Li
100 1549 50 18 dissi
156 1555 5 12 :
171 1555 9 11 «
187 1548 73 19 Perché
268 1550 52 18 batte
328 1550 108 17 st’animale

71 1574 61 18 Senza
141 1574 58 23 pietai
205 1574 10 17 ?
224 1574 60 18 Ch’ba
293 1575 49 18 fattu
352 1575 19 17 di
379 1575 51 17 male
436 1574 10 18 ?
453 1581 9 10 »

72 1609 23 4 —
103 1600 36 18 Chi
148 1600 38 18 ellu
195 1604 78 15 sumere
281 1606 27 13 un
316 1601 17 18 si
343 1601 47 17 fussi
398 1601 50 17 fallu
457 1600 21 18 !..

72 1651 61 18 Postu
142 1651 73 18 ch’ell’è
224 1653 86 21 peccatu,
319 1652 34 18 eiu
360 1652 75 23 pensai,

72 1677 80 21 Quant’è
160 1681 55 14 nasce
224 1679 71 17 sumer’
304 1678 35 18 che
348 1682 56 14 nasce
412 1677 75 19 schiavi
492 1676 10 19 ?

73 1703 79 17 Allr’un
160 1702 92 18 vurrehbi
262 1704 19 17 di
290 1703 21 18 in
319 1704 32 18 stu
359 1704 86 17 sunettu.

394 1737 27 18 D.
431 1736 72 18 Paoli.

141 1834 87 29 Niin
247 1834 132 31 dubità
389 1834 42 30 !...

74 1904 78 18 Corsica
160 1904 68 19 bedda,
238 1903 20 17 di
267 1908 30 13 me
305 1909 27 12 un
340 1904 67 17 dubità
414 1903 5 18 !

74 1930 16 16 A
98 1930 19 16 la
127 1929 25 17 to’
161 1929 50 17 terra
220 1928 22 18 sò
250 1929 70 22 sempri
328 1929 63 17 fideli.

74 1954 82 18 Luntan’
165 1954 23 17 da
196 1955 20 16 te
224 1958 41 13 nun
273 1954 57 22 pudia
339 1954 32 22 più
380 1954 37 21 stà,

75 1979 24 18 Sò
108 1979 90 18 rivinutu
206 1979 59 17 sott’a
272 1980 20 17 lu
302 1980 24 17 to’
336 1979 45 18 celi.

76 2024 24 18 Sô
109 2024 95 21 rivinutu,
212 2028 18 17 e,
239 2024 30 18 ciò
278 2025 30 17 chi
317 2025 26 17 mi
351 2025 58 20 resta,

75 2051 17 16 A
100 2050 14 17 li
124 2050 25 17 to’
157 2049 43 23 pedi
209 2050 63 17 mettu
280 2054 37 14 cun
325 2049 67 21 amori,

76 2075 59 18 Cornu
143 2075 18 18 si
170 2075 56 18 metti
236 2075 50 18 ’n’un
295 2075 84 23 ghiornu
387 2074 19 18 di
416 2075 49 17 testa

74 2101 17 18 A
97 2101 19 17 la
125 2100 90 18 Madonna
224 2101 80 17 mazzuli
312 2101 19 17 di
340 2100 52 18 fiori.

77 2146 25 19 Sô
111 2146 93 21 rivinutu,
213 2150 18 16 e,
241 2150 11 13 a
261 2146 63 18 bracci
333 2146 60 22 sparti

75 2172 58 18 M’hai
141 2171 92 20 ricivutu,
243 2170 121 19 Cursichella
371 2171 68 20 amata,

77 2197 93 18 Dendumi
178 2196 55 23 basgi
241 2196 24 18 da
273 2196 14 18 li
295 2197 33 17 dui
337 2196 49 23 parti

77 2242 28 19 Cu
113 2243 20 17 la
141 2243 24 17 to’
173 2242 58 18 bocca
239 2242 52 18 tantu
301 2242 106 22 profumata
414 2241 5 18 !

77 2268 25 19 Sô
111 2269 94 20 rivinutu,
216 2273 35 17 per
260 2269 18 18 le
285 2269 51 22 pien’
344 2268 96 20 d’affetlu,

78 2295 15 17 E
102 2299 53 13 mora
163 2294 65 22 vogliu
238 2298 55 19 sopra
300 2294 20 18 lu
330 2294 25 17 to’
363 2294 62 22 pettu.

286 2327 23 19 S.
318 2327 24 18 di
351 2327 44 18 San
403 2325 107 23 Jorghiu.

82 2681 23 4 —
110 2671 45 19 Pari
162 2670 40 23 pari
210 2673 57 14 cume
275 2669 6 17 i
288 2665 126 25 granaghioli,
423 2663 110 24 quist’annu

79 2702 14 12 u
101 2696 95 22 cunsigliu
206 2692 162 25 dipartimentale.
458 2697 7 5 -

83 2731 23 5 _
113 2722 71 20 Allora,
193 2720 18 18 si
219 2719 50 18 male
277 2723 73 16 eramu,
359 2715 98 23 inquant’a
465 2718 31 13 me
502 2713 29 17 !!..

576 100 38 47 S.
642 99 183 59 Gregorio
861 114 21 32 e
914 98 309 49 l’Assestamento

1002 171 224 59 Espicopale
1262 170 85 47 dell*
1374 170 96 48 Isola

568 287 29 20 S.
604 284 143 27 G-regorio
758 284 108 21 ordina
880 290 20 15 a
911 284 104 21 Fietro

541 314 134 21 Vescovo
689 313 30 20 di
736 312 109 21 Aleria
866 314 33 19 la
914 313 101 20 fonda-

541 341 83 21 zione
633 342 32 20 di
676 345 64 16 una
747 345 104 16 nuova
862 341 112 23 Chiesa
990 350 24 5 —

542 369 71 21 Corne
622 370 105 20 abbiamo
736 369 37 24 già
782 372 95 18 narrato
889 369 38 25 (1),
941 375 72 14 aveva

542 397 23 20 S.
575 398 114 25 Gregorio
699 397 106 20 ordinato
819 398 121 20 Ferezione
949 398 23 20 di
985 403 30 14 un

542 426 74 23 primo
623 429 132 17 monastero
761 426 37 20 nel
803 425 71 21 l’isola
885 426 21 20 di
914 426 101 20 Corsica.

542 452 47 21 Ora
597 454 19 19 si
626 460 88 19 occupa
720 454 62 20 délia
788 454 145 20 costruzione
941 453 23 20 di
971 460 45 13 una

543 480 102 24 basilica,
660 489 12 12 e
681 482 37 19 del
734 481 99 20 relativo
848 481 131 23 battistero,
993 481 22 19 in

543 514 45 13 una
601 509 97 23 regione
711 509 63 19 detta
788 509 107 24 Nigeuno
906 508 23 25 (o
943 508 75 20 anche

543 535 137 25 Negeugno)
696 536 27 19 da
745 542 31 13 un
797 539 80 17 monte
894 536 21 19 di
933 539 84 21 questo

544 568 75 18 nome,
628 563 16 19 il
654 563 67 24 quale
728 563 123 20 dominava
861 564 15 19 il
882 570 79 17 paese.
968 563 49 20 Una

543 594 63 20 parte
615 590 23 20 di
647 591 78 24 quella
735 591 95 24 regione
840 597 39 14 era
893 592 125 24 posseduta

543 617 60 21 dalla
621 618 85 20 Chiesa
724 625 103 17 romana,
850 619 168 20 naturalmente

543 651 42 17 per
594 645 220 26 religiosolegatodi
823 647 195 24 qualcheillustre

544 671 99 26 famiglia
654 673 110 20 cristiana
774 674 124 24 dell’Isola,
905 681 12 13 e
924 675 18 19 si
950 674 69 20 deno-

545 700 92 20 minava
646 701 66 19 Cella
721 701 70 24 cupici
798 708 9 13 :
814 702 28 19 ln
848 702 50 20 loco
905 702 113 24 Nigeuno,

544 727 24 20 in
575 728 146 24 possessione
729 735 53 18 quae
793 729 79 21 Cellas
883 730 88 24 Cupias
979 732 41 22 ap-

542 755 171 23 pellatur,iuris
718 756 26 20 S.
751 756 113 22 Roinanae
869 757 108 20 Ecclesiae
982 756 37 26 (2).

545 782 73 21 Vuole
638 784 43 20 che
703 784 20 19 la
742 784 95 20 basilica
858 786 33 19 sia
916 785 103 20 dedicata

545 816 12 12 a
565 810 25 20 S.
600 811 86 22 Pietro,
697 818 12 12 e
717 811 18 19 il
745 811 122 21 battistero
882 819 11 13 a
903 812 24 20 S.
937 813 84 20 Loren-

545 844 26 13 zo
581 839 106 23 martire,
697 845 11 13 a
717 839 46 20 fine
772 839 22 20 di
803 839 94 21 attirare
910 840 23 20 le
945 840 76 20 anime

546 871 12 13 a
569 866 42 20 Dio
619 873 6 13 :
637 869 46 21 pro
698 866 118 21 lucrandis
830 868 127 19 animabus
969 867 52 25 fun-

545 893 56 20 dari
603 894 153 25 praecipimus
763 893 38 25 (3).

572 921 29 20 La
610 922 82 19 Jettera
702 922 12 19 è
723 922 84 19 rivolta
816 922 36 20 ad
858 923 96 21 Petrum
963 924 58 24 epis-

545 952 89 21 copuin,
644 949 23 20 al
676 949 68 24 quale
753 950 29 19 dà
797 950 84 21 ordine
895 951 21 20 di
932 951 88 20 recarsi

546 977 76 19 subito
631 977 23 19 in
665 977 77 24 quelle
756 977 60 25 parti
826 984 12 13 e
848 978 23 20 di
885 985 137 14 consacrare

547 1005 179 19 solennemente
735 1005 23 19 le
773 1005 61 20 dette
848 1006 86 20 chiese.
950 1007 36 19 Ma
1000 1006 22 20 di

547 1031 122 21 chechiesa
675 1039 39 13 era
721 1039 103 14 vescovo
832 1035 95 19 codesto
933 1034 91 20 Pietro?

549 1059 34 20 Un
591 1060 50 20 solo
651 1060 79 20 codice
737 1059 83 26 (Vatic.
828 1061 36 25 B),
871 1068 12 13 a
893 1062 61 19 detta
962 1062 61 24 degli

547 1087 81 20 editori
638 1088 155 20 benedettini.
808 1088 116 21 riferisce:
937 1090 86 24 episco-

546 1117 32 22 po
586 1116 153 20 Alerienside
748 1116 102 20 Corsica.
857 1117 165 25 Tuttiglialtri,

548 1142 44 21 ben
619 1144 125 21 numerosi,
773 1144 85 20 dicono
881 1145 141 20 solamente:

548 1171 107 25 episcopo
664 1172 31 19 de
705 1172 93 19 Corsica
807 1171 38 25 (4).

572 1199 42 20 Noi
627 1199 123 24 sappiamo
766 1200 45 24 già,
832 1200 43 20 che
892 1200 16 20 il
923 1207 100 14 vescovo

548 1225 22 19 di
580 1226 87 21 Aleria,
677 1227 121 19 nominato
813 1227 39 19 nel
867 1228 46 23 591,
928 1228 19 19 si
964 1228 61 19 cliia-

548 1258 64 14 mava
622 1252 111 21 Martino.
750 1253 119 25 L’ipotesî,
885 1255 41 19 che
941 1259 83 20 questo

549 1279 78 21 Pietro
635 1280 35 20 sia
678 1287 41 13 ora
729 1287 99 14 vescovo
838 1282 23 19 di
871 1282 77 25 quella
965 1283 60 20 chie-

549 1313 32 17 sa,
590 1309 159 24 supporrebbe
758 1309 41 20 che
814 1309 16 19 il
847 1316 42 14 suo
904 1311 120 24 predeces-

548 1341 52 15 sore
608 1336 63 20 fosse
680 1341 75 16 morto
763 1344 6 13 :
779 1343 53 14 cosa
847 1344 45 17 pur
905 1339 120 24 probabile

549 1363 59 26 dopo
617 1364 21 21 lo
647 1365 79 24 spazio
736 1365 22 20 di
768 1366 86 24 cinque
862 1367 63 20 anni.
939 1367 84 20 D’altra

549 1396 66 20 parte
623 1393 21 19 la
654 1393 79 20 chiesa
741 1393 24 20 di
774 1393 113 25 Mariana,
897 1395 73 20 allora
978 1402 47 13 cer-

549 1423 101 18 tamente
659 1421 129 23 costituita,
798 1422 19 19 si
827 1426 96 16 trovava
933 1423 24 20 in
972 1429 54 14 con-

549 1448 83 21 dizioni
641 1449 160 25 topografiche
810 1450 40 24 più
860 1457 99 13 acconce
968 1457 12 13 a
990 1451 35 20 cio

549 1477 42 20 che
598 1477 16 20 il
623 1483 43 14 suo
675 1484 100 13 vescovo
783 1478 142 24 compissele
933 1479 93 20 ordina-

548 1505 59 20 zioni
617 1505 37 20 del
663 1505 24 20 S.
698 1506 75 19 Padre
781 1512 13 13 a
803 1506 96 24 cagione
912 1507 62 19 délia
983 1513 41 14 sua

549 1533 106 25 maggior
664 1533 120 20 vicinanza
799 1539 45 14 con
854 1534 7 19 i
871 1534 78 25 luoghi
965 1535 59 20 dove

549 1560 24 21 fu
582 1561 101 20 inalzata
693 1561 77 25 quella
779 1561 108 21 basilica.
896 1562 86 25 Quindi
991 1567 34 15 tra

550 1595 42 18 per
599 1589 36 20 ciò
644 1593 87 20 stesso,
740 1596 13 13 e
763 1596 42 18 per
814 1595 47 14 non
870 1591 102 19 trovarsi
984 1591 42 19 che

550 1617 25 21 in
590 1624 30 13 un
638 1617 80 20 codice
734 1618 50 19 solo
799 1617 187 25 Fappartenenza
1002 1619 23 19 di

550 1650 84 20 questo,
647 1645 78 20 Pietro
741 1645 45 20 alla
805 1645 79 21 chiesa
898 1647 23 19 di
939 1647 87 22 Aleria,

550 1673 144 24 giudicherei
717 1673 40 25 più
776 1672 120 22 conforme
917 1675 22 19 al
962 1681 64 15 vero,

551 1702 80 24 ch’egli
639 1701 64 20 fosse
711 1707 102 14 vescovo
822 1701 24 20 di
855 1702 112 20 Mariana.
974 1703 54 19 Tro-

552 1729 97 21 vandosi
660 1729 55 25 però
729 1729 186 24 esplicitamente
928 1731 101 20 menzio-

553 1761 52 17 nata
613 1758 31 23 jin
660 1764 31 13 un
706 1757 80 20 codice
806 1760 66 18 tanto
890 1759 137 20 autorevoie

551 1786 72 20 com’è
631 1786 17 19 il
658 1786 80 20 codice
748 1785 120 25 Vaficano,
877 1787 21 19 la
913 1787 78 20 chiesa
1005 1787 23 20 di

551 1814 84 23 Aleria,
645 1814 161 20 criticamente
814 1814 19 19 si
843 1814 58 20 deve
909 1818 66 17 stare
983 1815 44 20 alla

552 1848 39 14 sua
600 1842 147 20 indicazione
754 1846 7 15 :
771 1842 38 19 nel
815 1843 71 23 quale
892 1849 54 13 caso
953 1843 76 20 Pietro

552 1871 98 19 sarebbe
666 1870 128 20 succeduto
811 1876 13 13 a
843 1870 102 21 Martino
969 1872 59 19 nella

552 1898 55 19 sede
615 1897 132 24 épiscopale
758 1897 22 19 di
789 1897 88 20 Aleria.

579 1925 96 19 Intorno
692 1924 44 20 alla
749 1924 131 21 situazione
889 1931 12 14 e
909 1925 45 20 alla
969 1929 63 21 topo-

553 1952 71 26 grafia
641 1952 39 20 del
696 1956 78 16 monte
787 1952 116 24 Nigeuno,
922 1953 23 19 di
964 1953 66 20 Valle

554 1981 80 24 Cupia,
650 1987 13 13 e
671 1980 62 20 délia
746 1980 65 19 detta
827 1980 103 23 basilica,
944 1981 21 19 ci
974 1987 58 14 sem-

554 2009 41 21 bra
603 2009 24 19 di
635 2008 93 25 poterie
737 2008 142 21 riscontrare
893 2015 70 14 senza
977 2010 55 20 dub-

555 2037 37 20 bio
601 2036 145 21 nell’attuale
754 2039 81 16 monte
841 2036 24 20 di
874 2035 23 21 S.
907 2037 126 21 Pietioche

555 2065 93 20 s’inalza
658 2069 36 15 tra
702 2064 21 20 le
732 2064 55 19 valli
797 2064 21 19 di
829 2063 86 21 Orezza
923 2071 12 14 e
944 2065 24 19 di
975 2065 58 20 Rus-

554 2094 57 21 tino,
620 2099 12 13 e
641 2093 39 19 nel
699 2098 69 18 paese
784 2092 152 20 denaxninato
951 2093 25 20 S.
992 2093 41 20 Lo-

555 2127 77 17 renzo,
642 2121 18 20 il
670 2120 70 25 quale
748 2120 21 19 si
778 2124 19 15 ti
803 2126 43 13 ova
856 2121 43 19 alla
909 2121 78 20 desua
995 2121 36 21 del

556 2149 57 20 Golo
621 2152 36 16 tra
664 2148 149 24 Morosaglia,
818 2148 23 19 la
853 2148 77 24 Porta,
936 2149 95 24 Orezza,

556 2177 107 20 Omessa.

579 2203 168 21 "Donazioni
763 2208 19 15 a
798 2204 169 20 Monasteri
978 2209 53 20 per

557 2232 170 21 documenti
735 2231 143 21 d’ineerta
884 2233 149 24 origine.—

559 2262 29 20 La
597 2262 117 19 sicurezza
724 2260 22 20 di
756 2264 81 20 questa
848 2261 76 20 sicura
933 2261 102 21 identifi-

557 2290 94 20 cazione
663 2289 111 25 proviene
781 2288 30 19 da
819 2288 133 21 document!
962 2290 73 20 cuiio-

558 2318 93 21 sissimi,
660 2320 131 17 conservât!
801 2322 12 14 e
822 2316 83 21 riferiti
914 2317 38 20 dal
962 2316 73 22 Mura-

558 2346 45 20 tori
613 2346 37 19 nel
654 2345 20 20 le
683 2344 122 21 Antichità
819 2344 105 23 italiche,
940 2345 61 21 dove
1014 2346 20 20 si

558 2374 174 26 leggonomolti
739 2379 15 14 e
762 2372 65 21 molti
842 2374 43 19 atti
899 2373 98 20 notarili
1010 2374 25 19 di

558 2403 123 21 donazioni
691 2401 56 21 fatte
756 2401 28 19 da
794 2401 40 25 più
845 2402 137 24 personaggi
989 2402 45 19 dél-

558 2432 22 20 ia
586 2431 94 21 Corsica
690 2430 21 20 al
717 2433 133 17 monastero
856 2430 23 19 di
885 2430 149 20 Montecristo

559 2466 13 14 e
580 2460 44 20 alla
630 2459 67 20 badia
706 2458 23 20 di
738 2457 25 21 S.
769 2457 79 20 Pietro
857 2464 12 13 e
879 2458 21 19 di
908 2457 24 20 S.
939 2457 96 21 Stefano

559 2488 23 20 di
591 2488 102 22 Venaco,
703 2493 8 10 «
720 2492 44 14 ove
777 2485 93 20 abitava
884 2485 99 21 l’abbate
992 2492 43 14 con

559 2517 16 19 li
587 2515 93 21 monaci
691 2513 154 21 Camaldolesi
852 2521 11 11 »
872 2513 37 25 (5).

584 2543 125 20 Rinvenire
718 2542 125 24 espiegare
861 2542 16 19 il
895 2542 100 20 bandolo
1011 2541 23 20 di

558 2574 59 17 tutta
625 2571 22 19 la
658 2573 99 17 matassa
768 2569 22 19 di
800 2568 54 24 quei
869 2569 145 23 document!,
1022 2569 13 19 è

560 2605 53 13 cosa
622 2597 149 26 impossibile
779 2595 37 26 (6).
826 2596 37 20 Ma
876 2597 21 19 la
911 2597 52 19 loro
976 2596 59 20 anti-

559 2626 60 20 chità
628 2627 13 18 è
651 2624 121 21 manifesta
780 2631 6 12 :
795 2624 91 21 devono
893 2630 79 14 essere
980 2624 54 20 stati

559 2654 113 24 composti
681 2654 24 19 in
720 2657 78 20 tempo
812 2652 167 20 antichissimo
989 2652 46 20 ori-

558 2682 142 22 einalmeifte
707 2687 13 13 e
730 2680 75 20 scrftti
813 2680 25 19 in
849 2686 31 14 un
888 2680 76 20 latino
971 2680 62 20 assai

558 2714 123 20 scorretto,
700 2717 12 13 e
729 2710 95 20 tradotti
842 2710 39 23 poi
893 2711 23 18 in
938 2709 95 24 volgare

1042 284 81 25 pisano
1133 291 67 14 verso
1209 284 16 20 il
1236 284 118 23 1300-1400.
1366 283 63 20 Nella
1443 284 68 25 quale

1042 312 116 24 versione,
1167 316 74 16 attesa
1251 312 20 20 la
1282 317 75 15 scarsa
1373 311 86 21 cultura
1473 312 36 20 del

1041 344 84 20 tempo,
1135 346 60 15 sono
1209 340 85 20 entrati
1311 339 73 20 errori
1402 339 108 25 palpabili

1042 368 22 20 di
1073 368 52 20 date
1134 375 12 13 e
1155 369 22 19 di
1188 374 98 19 persone
1301 366 32 25 (7)
1347 366 35 21 Ma
1396 367 6 20 i
1417 367 47 21 dati
1479 372 33 16 to-

1042 396 118 24 pografici,
1170 397 6 19 i
1186 395 105 21 nomidei
1301 395 73 24 paesi,
1382 402 12 13 e
1400 395 57 20 delle
1464 402 50 18 per-

1042 430 57 13 sone
1105 424 140 22 contraenti,
1251 423 43 20 che
1303 422 48 20 visi
1361 426 152 22 contengono,

1043 458 59 13 sono
1114 451 23 20 di
1154 451 173 21 un’autenticità
1342 450 112 24 évidente,
1467 451 48 24 poi-

1043 478 43 20 chè
1098 479 19 19 si
1133 479 167 25 ragguagliano
1316 483 40 19 per
1373 478 20 19 la
1406 479 109 19 massima

1044 510 65 20 parte
1126 506 45 21 alla
1184 506 116 26 geografia
1310 512 13 13 e
1334 505 182 22 all’onomastica

1044 537 87 16 tuttora
1141 535 94 19 vivente
1244 534 38 20 dei
1293 534 72 20 nostri
1373 533 82 25 giorni.
1463 533 31 25 (8)

1068 561 72 25 Valga
1153 568 65 14 corne
1236 562 80 25 saggio
1331 561 15 20 il
1357 565 85 17 .tenore
1456 562 60 19 délia

1044 592 125 21 seguente:

1066 630 106 19 Donazlone
1180 631 19 18 di
1207 631 29 17 Ms
1244 631 74 23 Angelo
1326 632 55 17 conte
1389 630 19 18 di
1417 630 81 21 Corsica,
1505 635 11 13 e

1045 655 18 17 di
1073 655 64 17 Giulia
1146 657 86 17 contessa
1248 661 35 13 sua
1294 656 70 21 madré,
1377 655 52 22 quali
1442 656 74 17 donano

1045 680 74 17 all’abb.
1128 680 101 22 Giovanni,
1239 681 44 18 abb.
1293 680 18 17 di
1321 680 19 18 S.
1350 680 165 18 StefanodiYena-

1045 708 22 14 co
1075 704 32 22 più
1117 705 68 18 tenule
1200 706 19 17 di
1233 706 59 17 terre,
1306 705 48 18 falta
1365 705 50 18 nella
1428 709 43 13 casa
1484 705 32 17 del

1046 730 54 17 conLe
1107 730 54 18 nella
1168 731 51 17 valle
1227 731 21 17 di
1256 730 68 18 Ruslia
1338 735 34 17 per
1384 734 55 13 mano
1452 730 19 17 di
1486 734 31 13 ser

1046 754 77 17 Alberto
1130 756 66 17 nolaro
1210 755 101 23 impériale,
1326 755 59 17 l’anno
1399 754 29 17 del
1440 753 78 24 Signore

1046 778 41 18 600.
1096 779 57 17 indil.
1162 780 18 21 2,
1189 784 53 14 corne
1250 780 21 17 in
1280 781 52 16 carta
1345 784 67 18 pecora
1423 779 94 23 originale

1046 807 70 18 appare
1123 804 21 17 et
1151 804 22 18 in
1181 805 33 21 più
1221 804 47 18 lihri
1283 803 135 20 nell’Archivio
1428 804 19 17 di
1455 804 20 18 S.
1483 804 34 18 Mi-

1047 828 53 18 chèle
1108 828 21 17 in
1143 828 58 23 borgo
1209 830 19 17 di
1237 829 46 18 Pisa
1296 830 67 21 (segue
1375 829 18 17 la
1407 829 111 21 quolazionc

1047 853 89 22 archiv.).

1069 878 78 17 Donano
1155 879 38 17 alla
1201 879 59 17 Badia
1271 879 19 17 di
1302 879 19 18 S.
1331 879 64 18 Pietro
1403 883 10 13 e
1421 879 19 17 di
1449 879 20 17 S.
1479 878 40 18 Sle-

1047 902 44 18 fano
1099 902 20 17 di
1126 902 74 19 Venaco
1213 904 33 21 più
1262 905 66 16 tenute
1335 908 11 14 c
1356 904 54 20 terre,
1423 903 95 19 nell’fsofa

1047 927 20 17 di
1075 927 82 22 Corsica,
1167 928 20 17 in
1195 928 57 22 luogo
1266 929 21 17 di
1301 929 81 20 Venaco,
1396 928 55 22 luogo
1465 929 54 17 detlo

1047 952 20 17 di
1081 952 74 21 Boscio,
1169 953 19 18 lo
1196 953 58 22 piano
1269 954 51 17 dello
1334 953 69 21 Salice,
1412 957 11 13 e
1430 953 18 17 lo
1462 954 57 21 piano

1049 977 52 17 detlo
1108 977 80 22 Zingaio
1196 983 35 13 con
1240 978 14 18 li
1264 979 42 17 suoi
1318 978 80 18 confini.

1070 1001 69 19 Chiese
1148 1007 11 14 e
1167 1003 45 18 béni
1219 1003 79 18 distinli
1306 1003 21 18 in
1335 1003 32 22 più
1376 1002 65 23 luoghi
1452 1004 19 17 di
1483 1003 37 18 Ve-

1048 1031 54 16 naco,
1111 1027 20 17 di
1139 1027 81 22 Talcini,
1230 1029 20 17 di
1259 1028 113 21 Giovellina,
1382 1028 20 17 di
1412 1028 38 17 Rus
1454 1029 46 20 lino,
1509 1032 11 13 e

1049 1052 20 16 di
1077 1051 53 18 Valle
1138 1052 80 19 Rustica
1226 1058 12 13 e
1246 1053 118 22 Merosaglia.

1069 1076 69 19 Chiesa
1146 1082 11 13 e
1165 1078 57 18 Badia
1230 1078 21 18 di
1259 1078 21 18 S.
1289 1078 64 18 Pietro
1361 1082 11 13 e
1380 1077 20 18 S.
1409 1077 77 19 Stefano
1500 1078 20 17 di

1049 1101 75 19 Venaco
1132 1107 37 14 ove
1176 1103 21 18 vi
1205 1103 78 18 abitava
1291 1103 80 18 l’abbate
1379 1107 34 13 con
1425 1103 14 17 li
1447 1103 73 18 monaci

1049 1126 133 20 Camaldolesi.
1197 1128 69 18 Chiesa
1281 1128 19 17 di
1315 1128 19 18 S.
1351 1127 58 18 Maria
1423 1127 20 18 di
1459 1128 61 21 Corti,

1050 1153 84 17 membro
1142 1153 21 18 di
1171 1153 19 18 S.
1200 1153 77 18 Stefano
1286 1153 18 18 di
1319 1153 81 20 Venaco,
1409 1157 10 13 e
1428 1153 61 18 tirava
1502 1154 19 17 le

1050 1177 73 18 décimé
1131 1178 64 23 d’ogni
1203 1183 52 13 cosa.

1072 1202 92 19 ...Chiesa
1172 1203 18 17 di
1199 1203 20 18 S.
1228 1203 69 23 Angelo
1305 1203 21 18 di
1334 1202 62 23 Cuppa
1409 1203 50 18 nella
1470 1203 52 18 valle

1049 1227 21 16 di
1077 1227 68 17 Ruslia
1153 1228 36 17 che
1196 1232 49 13 avea
1252 1228 21 17 di
1282 1229 73 16 enlrala
1363 1228 51 17 terra
1423 1231 10 14 e
1440 1228 81 22 vigne...

1049 1251 53 18 Valle
1110 1251 75 23 Rustia,
1195 1257 36 13 ove
1239 1253 77 18 abilano
1322 1253 14 18 li
1346 1252 72 18 monaci
1427 1252 96 18 Camaldo-

1050 1276 43 18 lesi.

1071 1302 68 17 ...Béni
1148 1303 21 18 di
1183 1303 99 18 Valchone
1294 1303 101 22 sottoposti
1404 1308 10 13 a
1422 1302 20 19 S.
1452 1303 70 23 Angelo

1050 1326 21 18 di
1078 1326 71 24 Cuppa.

1072 1352 68 18 ...Béni
1148 1354 32 17 del
1189 1353 101 18 fiuminale
1298 1352 102 19 Chitincho
1413 1358 34 13 con
1456 1354 15 17 il
1480 1353 43 18 suoi

1050 1377 72 18 confini
1129 1378 100 22 sottoposti
1237 1383 12 13 a
1257 1378 23 18 S.
1287 1377 67 24 Angelo
1362 1377 21 18 di
1391 1378 65 23 Cuppa.

1073 1402 67 18 ...Béni
1149 1403 19 18 di
1177 1403 113 23 Merosaglia
1298 1402 90 19 confinât!
1397 1403 36 17 alla
1440 1403 83 21 Pinella,

1045 1432 17 13 .e
1069 1427 47 18 colla
1125 1427 26 23 (9)
1160 1433 33 18 per
1207 1429 67 17 slrada
1287 1429 20 17 et
1317 1432 65 14 esce...
1391 1433 10 13 e
1408 1428 39 23 fala
1456 1428 26 22 (9)
1491 1433 33 17 per

1051 1452 91 23 Poggiale
1149 1458 12 14 e
1169 1455 59 17 mette
1237 1454 14 17 il
1259 1454 81 22 Gargalo
1349 1454 98 21 all’alcqua
1453 1454 35 18 che
1494 1454 32 21 fa-

1051 1477 19 18 la
1077 1482 34 17 per
1118 1478 15 17 il
1142 1480 54 20 prato
1203 1479 20 17 di
1230 1478 110 23 Merosaglia
1347 1478 46 23 (10).

1076 1518 24 20 In
1109 1519 61 20 altra
1185 1519 139 23 donazione,
1339 1518 20 20 si
1373 1518 65 25 parla
1454 1519 24 20 di
1491 1525 32 13 un

1052 1550 11 11 «
1069 1550 119 17 contralto
1197 1551 82 21 rogato
1287 1547 28 19 da
1330 1553 38 13 ser
1383 1546 89 25 Filippo
1485 1553 40 13 no-

1051 1574 66 23 tario,
1135 1573 58 21 fatto
1214 1575 25 20 in
1257 1575 111 22 Mariana,
1391 1574 74 21 l’anno
1488 1574 36 20 del

1052 1601 99 25 Signore
1159 1608 46 19 401,
1220 1603 123 24 regnando
1358 1602 20 20 il
1389 1602 33 22 Re
1435 1602 91 21 Berlin-

1050 1629 89 25 ghiero,
1149 1631 38 20 nel
1195 1631 56 25 quai
1265 1635 78 20 tempo
1359 1630 23 20 fu
1396 1629 93 21 fondata
1502 1630 23 20 la

1052 1658 109 20 suddetta
1175 1659 105 20 Abbadia
1294 1658 33 25 (di
1341 1658 25 20 S.
1380 1658 79 20 Pietro
1475 1665 12 13 e
1500 1658 25 20 S.

1053 1685 95 21 Stefano
1157 1687 23 19 di
1189 1686 104 25 Venaco)
1302 1691 19 15 ».
1330 1686 27 20 In
1366 1686 66 23 altra,
1438 1692 89 14 succes-

1054 1720 25 14 sa
1097 1722 11 10 «
1117 1715 121 20 nell’anno
1256 1715 38 19 del
1312 1714 97 25 Signore
1426 1718 64 20 geo»,
1506 1715 20 20 si

1054 1742 122 20 menziona
1185 1751 11 10 «
1204 1742 161 25 Berlinghiero
1371 1748 26 14 re
1402 1742 94 25 signore
1504 1742 22 20 di

1055 1772 120 22 Sardegna
1193 1777 13 13 e
1220 1772 23 18 di
1262 1772 97 18 Corsica
1367 1776 19 14 ».
1405 1776 68 15 rorse
1488 1777 38 18 piu

1054 1801 99 17 corretta
1163 1800 13 19 è
1184 1799 21 19 la
1214 1802 112 21 seguente
1333 1805 6 13 :

1076 1836 107 19 Donazione
1190 1837 31 18 del
1230 1837 37 22 sig.
1277 1836 77 18 Simone
1361 1837 56 17 conte
1425 1836 76 22 signore
1508 1833 20 22 di

1055 1861 84 21 Corsica,
1148 1862 63 18 l’anno
1219 1863 31 17 del
1258 1862 82 22 Signore
1351 1861 42 22 836,
1403 1862 97 19 indizione
1510 1868 17 16 o,

1055 1887 49 17 fatla
1112 1891 34 17 per
1154 1892 55 13 mano
1216 1888 21 17 di
1246 1887 35 18 Ser
1288 1887 83 18 Marco...
1387 1887 72 18 notario
1468 1888 61 21 impé-

1056 1911 54 21 riale,
1128 1912 74 22 copiata
1216 1912 153 21 dall’esemplare
1383 1911 64 18 antico
1461 1913 24 16 da
1498 1916 31 14 ser

1056 1936 100 18 Boccaccio
1164 1937 30 17 del
1202 1937 21 16 fu
1232 1936 102 18 Pancrazio
1343 1936 51 17 délia
1407 1936 58 18 Pieve
1479 1937 51 17 d’Al-

1057 1961 70 20 lesani,
1136 1960 64 19 l'anno
1208 1961 32 17 del
1248 1960 81 23 Signore
1337 1960 68 18 14ü3...
1414 1965 34 13 con
1457 1962 73 18 lassare

1057 1986 21 17 di
1084 1990 66 13 essere
1158 1986 87 22 sepellito
1253 1986 51 17 nella
1312 1985 65 18 chiesa
1384 1985 20 18 di
1412 1985 19 18 S.
1439 1986 92 18 Benedet-

1057 2012 20 17 to
1086 2015 10 14 e
1104 2010 19 18 di
1133 2009 20 19 S.
1162 2011 81 18 Zenobio
1252 2011 32 17 del
1292 2010 50 18 Cavo
1351 2010 19 18 di
1379 2010 63 19 Aleria
1456 2012 74 18 dell’or-

1058 2036 44 18 dine
1109 2036 21 17 di
1138 2036 64 18 Monte
1210 2036 71 18 Cristo.

1083 2062 64 20 Tutti
1158 2063 6 18 i
1174 2062 62 20 nomi
1245 2062 39 19 dei
1292 2062 73 24 paesi,
1375 2063 119 19 accc-nnaîi
1507 2063 23 19 in

1057 2090 77 25 questi
1143 2090 143 22 documenti,
1296 2096 59 13 sono
1363 2090 97 20 tuttavia
1474 2090 57 20 rico-

1057 2118 108 20 noscibili
1180 2118 61 19 nella
1254 2117 116 25 geografia
1385 2118 86 20 attuale
1484 2118 48 20 del-

1057 2146 87 22 l’Isola,
1158 2152 64 13 corne
1236 2146 46 25 può
1294 2151 108 19 scorgere
1414 2145 118 26 chiunque

1058 2174 118 21 confronti
1185 2180 44 13 una
1237 2177 61 16 carta
1304 2173 129 25 geografica
1438 2174 93 25 alquan-

1059 2207 24 16 to
1090 2202 159 25 ragguagliata
1258 2201 62 20 délia
1328 2200 103 21 Corsica.
1444 2201 9 20 I
1468 2202 64 20 nomi

1059 2231 59 20 delle
1127 2236 100 18 persone
1240 2230 110 22 indicate,
1365 2229 62 20 salvo
1438 2230 53 24 quel
1507 2237 25 13 re

1060 2258 170 24 Berlinghiero,
1244 2263 57 14 sono
1316 2257 54 20 tutti
1380 2257 88 21 storiei.
1482 2258 49 20 Non

1061 2288 20 20 si
1090 2287 46 24 puô
1145 2287 51 19 dire
1203 2286 24 20 lo
1237 2289 76 16 stesso
1322 2285 59 20 delle
1394 2285 51 20 date
1453 2293 6 13 :
1474 2292 59 14 sono

1060 2318 77 17 errate
1152 2314 28 20 od
1194 2313 99 20 assurde
1306 2313 67 25 quasi
1388 2317 65 16 lutte.
1469 2314 9 19 I
1491 2314 43 20 Ca-

1060 2342 122 21 maldolesi
1195 2348 47 14 non
1259 2342 135 19 esistevano
1406 2341 74 25 prima
1496 2342 36 21 dej

1060 2378 48 14 sec.
1117 2370 31 20 XI
1156 2378 7 16 ;
1173 2377 13 13 e
1194 2369 115 21 nell’isola
1318 2369 22 19 di
1350 2368 99 25 Çoisica,
1458 2370 74 24 prima

1060 2400 37 20 del
1104 2399 48 24 591,
1166 2405 46 14 non
1227 2398 61 20 c’era
1301 2403 87 14 nessun
1401 2402 131 16 monastero

1060 2428 24 20 di
1100 2427 101 21 monaci.
1215 2426 121 20 conforme
1352 2425 106 21 abbiamo
1468 2426 64 19 udito

1061 2456 61 20 dallo
1130 2458 77 17 stesso
1216 2453 25 21 S.
1252 2454 120 24 Gregorio.
1382 2453 149 20 Insiemecon

1060 2484 33 25 gli
1100 2483 58 20 anni
1166 2489 57 14 sono
1239 2488 57 19 pure
1309 2481 117 25 sbagliate
1439 2485 60 16 tutte
1512 2481 20 20 le

1061 2511 124 21 Indizioni.
1194 2509 43 26 (il)

1085 2540 55 20 Cosi
1150 2540 94 23 dunque
1258 2538 55 24 quel
1326 2540 79 17 monte
1416 2537 115 24 Nigeuno,

1060 2568 44 20 aile
1113 2567 38 20 cui
1160 2567 60 20 falde
1229 2566 25 20 S.
1263 2565 114 25 Gregorio
1387 2564 50 20 fece
1444 2565 89 24 erigere

1060 2601 46 14 una
1116 2601 76 14 nuova
1201 2594 104 22 basilica,
1316 2594 12 19 è
1335 2591 105 21 l’attuàle
1451 2596 81 16 monte

1061 2623 24 20 S.
1094 2623 88 23 Pietro,
1191 2621 150 21 denominato
1350 2620 184 20 evidentemente

1060 2651 60 20 dalla
1134 2650 96 21 basilica
1246 2653 135 17 consacrata
1394 2648 20 20 al
1429 2649 104 23 principe

1059 2678 61 26 degli
1126 2678 107 26 Apostoli
1240 2685 7 16 ;
1256 2683 66 15 corne
1327 2677 18 19 il
1353 2676 180 20 battisteroindi-

1059 2713 26 14 ca
1101 2707 102 20 Fattuale
1220 2706 97 24 borgata
1335 2704 66 22 di.S.
1419 2704 111 23 Lorenzo,

1538 90 78 20 ;ituata
1626 97 12 13 a
1647 90 62 20 circa
1719 89 13 20 8
1747 89 117 21 kilométri
1879 88 129 21 dall’antica

1538 118 80 23 ;hiesa,
1629 118 57 20 deve
1696 123 58 19 pure
1763 117 15 20 il
1789 124 43 13 suo
1842 124 67 13 nome
1925 116 20 20 al
1962 116 48 20 bat-

1538 146 78 20 :istero
1626 145 56 20 fatto
1691 144 73 21 allora
1774 144 137 20 fabbricsire.
1927 145 29 19 Lu
1971 143 39 20 ba-

1538 173 61 20 silica
1608 173 100 20 divenne
1718 173 38 24 più
1767 172 61 20 tardi
1838 172 20 19 la
1869 172 74 20 chiesa
1951 171 59 26 epis-

1538 200 77 25 :opale
1632 200 23 20 di
1673 200 78 24 Accia,
1769 206 65 14 corne
1852 200 109 19 vedremo
1970 199 39 25 più

1538 228 101 23 innanzi,
1657 229 20 18 a’
1694 229 69 24 tempi
1773 228 61 20 délia
1848 227 163 21 dominazione

1538 256 78 24 pisana
1626 255 116 21 nell’isola
1753 255 50 26 (1?),
1814 256 20 19 la
1849 255 70 24 quale
1933 254 23 20 fu
1972 254 37 25 poi

1538 284 146 24 incorporata
1695 284 37 19 nel
1743 290 46 14 sec.
1800 283 47 21 XVI
1858 283 45 19 alla
1918 282 56 21 sede
1988 282 22 19 di

1538 311 114 20 Mariana:
1662 310 44 26 (l3)
1715 318 24 13 se
1749 319 27 12 ne
1786 316 144 15 conservano
1941 314 68 16 tutta-

1538 339 37 19 via
1584 339 21 20 le
1613 339 98 20 fattezze
1720 339 44 20 ben
1774 339 114 20 delineate
1901 338 61 19 nelle
1977 344 33 13 ro-

1538 366 55 20 vine
1601 373 43 14 con
1653 366 135 25 l’episcopio
1797 373 14 13 o
1821 366 111 24 presbilei
1939 366 21 19 io
1972 371 39 14 an-

1539 400 77 18 nesso,
1631 397 127 18 memorata
1766 394 67 24 .nella
1847 394 81 20 Iettera
1945 393 24 20 di
1986 393 24 19 S.

1539 421 113 25 Gregorio
1660 420 53 26 (14).

1562 462 27 22 (1)
1598 463 21 17 V.
1629 463 68 21 questo
1705 468 11 11 «
1722 463 112 20 Archivio»,
1843 467 18 13 a.
1871 462 31 21 IV,
1916 462 46 17 1928
1975 462 37 21 (lu-

1541 487 157 22 glio-dicembre),
1709 492 18 17 p.
1736 486 35 20 33b
1780 492 53 18 segg.

1563 512 27 22 (2)
1599 512 79 22 Epislol.
1689 512 30 21 VI,
1728 512 23 18 22
1757 518 6 12 :
1776 512 83 23 Aligne,
1873 511 70 18 Palrol.
1957 510 54 19 latin.

1542 536 47 22 813;
1604 536 68 22 Jaffe,
1692 536 46 18 1402
1755 536 73 23 (1033);
1846 536 131 20 Hartmann,
1993 536 19 17 in

1542 561 81 17 Monum.
1632 560 67 22 Germ.,
1708 561 15 21 1,
1731 561 42 18 400.

1563 585 27 22 (3)
1598 585 45 18 Taie
1651 585 127 19 l’intenzione
1787 587 72 17 tuttora
1867 586 89 22 presenle
1962 590 5 12 :
1979 584 41 18 che:

1540 611 20 17 la
1567 611 92 21 fabbrica,
1669 611 76 21 quando
1754 611 94 20 scriveva,
1858 616 32 13 era
1904 611 30 22 già
1948 609 72 19 termi-'

1540 637 54 17 nata.

1562 661 27 22 (4)
1597 660 29 18 Un
1635 660 67 18 codice
1710 661 61 23 (Beg.)
1779 661 52 18 dice:
1840 660 83 24 episcopo
1934 660 80 18 Alexan-

1540 685 47 18 drie
1595 691 21 12 ac
1624 685 48 19 clero
1680 685 24 18 de
1718 685 85 19 Corsica:
1817 686 87 18 variante
1917 686 98 17 evidenté-

1541 711 63 17 mérité
1610 711 138 22 inopportuna.
1757 712 58 17 Forse
1825 712 131 17 l’amanuense
1969 711 46 18 avrà

1542 735 62 19 inteso
1612 735 67 18 Aleriae
1687 740 53 14 corne
1751 737 179 18 un’abhreviazione
1942 736 18 17 di
1974 735 42 18 Ale-

1541 760 91 18 xandrie.

1563 785 27 22 (u)
1599 785 100 21 Muratori,
1709 785 43 19 Anl.
1762 786 42 18 liai.
1814 787 23 20 II,
1846 786 29 18 32.
1885 787 25 17 Le
1918 786 16 17 ri
1937 786 54 22 porta
2002 785 13 17 il

1543 809 104 23 Cambiagi,
1658 810 68 18 Isloria
1734 810 31 19 del
1773 816 55 18 regno
1836 811 21 18 di
1866 811 78 21 Corsica,
1956 811 16 21 I,
1981 810 22 17 67
2009 814 5 17 ;

1544 836 126 20 esopraluLLo
1682 835 20 17 le
1715 835 108 22 ripubblica
1837 836 14 17 il
1866 835 82 19 Bulletin
1961 835 23 18 de
1997 834 19 18 la

1544 858 68 19 ■Société
1620 859 30 18 des
1659 859 85 19 Sciences
1757 860 65 18 hislor.
1836 862 18 17 et
1868 861 78 17 naturel,
1962 860 22 18 de
1998 860 19 17 la

1545 883 59 21 Corse,
1613 884 46 18 1887
1668 885 215 22 novembre-dicembre,
1893 891 18 17 p.
1919 885 42 18 169.

1565 909 27 22 (6)
1601 909 17 17 Il
1628 909 20 18 P.
1663 909 117 23 Mittarelli,.
1786 911 52 22 negli
1853 910 77 18 Annales
1945 909 71 19 Camal-

1543 933 102 19 dulensium
1653 934 75 22 (Venet.
1743 935 53 22 1733)
1810 936 17 17 ci
1840 936 18 17 si
1869 935 10 18 è
1891 936 77 21 provato
1982 940 33 13 con

1544 959 59 17 molto
1617 959 71 21 studio,
1698 964 11 13 e
1717 960 60 18 anche
1791 961 51 17 forse
1856 961 21 17 in
1893 960 49 18 varii
1959 960 56 22 punli

1544 988 35 13 con
1589 984 56 18 felice
1654 984 58 18 esito.
1726 984 42 23 Egli
1783 986 24 17 ha
1824 986 101 17 rinvenulo
1941 985 28 23 gli
1982 985 35 18 atti

1544 1008 134 19 dell’Archivio
1687 1010 30 17 del
1727 1012 109 16 monastero
1844 1010 19 18 di
1877 1010 19 18 S.
1905 1010 80 18 Michèle
1997 1010 20 17 in

1546 1033 59 22 Borgo
1614 1034 21 17 di
1642 1034 51 18 Pisa.
1708 1034 20 17 Li
1743 1035 118 21 dicëjscrilti
1878 1036 31 17 nel
1922 1035 46 18 1364
1982 1039 33 18 per

1545 1058 67 18 ordine
1620 1059 31 17 del
1660 1059 21 17 P.
1690 1059 70 21 Blasio,
1769 1060 130 21 camaldolese,
1909 1064 82 14 vescovo
1998 1060 19 17 di

1545 1083 76 22 Aleria;
1639 1089 31 12 ma
1686 1084 37 18 che
1740 1085 97 23 imperilus
1849 1085 73 23 guident
1928 1090 24 13 no
1952 1085 65 20 tarins,

1546 1113 55 13 ausus
1616 1108 62 22 famen
1695 1109 39 17 Loco
1751 1109 100 19 latinarum
1864 1115 63 13 vocum
1946 1109 72 18 italicas

1546 1132 114 22 subsliLUere,
1668 1138 89 18 sensuque
1764 1135 95 18 verborum
1873 1136 74 20 relento,
1963 1135 56 17 char-

1547 1159 28 16 tas
1583 1163 49 13 more
1645 1163 33 13 suo
1690 1158 125 24 interprelari,
1829 1165 114 18 corrumpere
1954 1161 65 22 praele-

1547 1187 32 13 rea
1586 1183 98 18 enormiler
1698 1183 112 19 characleres
1824 1184 138 23 chronologicos,
1977 1189 43 18 guos

1545 1212 40 17 pre
1593 1212 19 13 se
1622 1207 93 21 ferebanl.
1730 1207 42 20 Cosi
1785 1214 34 17 per
1833 1214 28 13 es.
1876 1210 19 16 la
1907 1209 113 18 fondazione

1547 1232 31 18 del
1587 1234 105 16 monastero
1701 1234 23 17 de
1732 1238 27 14 ss.
1769 1234 63 18 Pietro
1840 1239 11 13 e
1859 1234 77 18 Stefano
1948 1235 21 17 di
1984 1235 34 17 Ve-

1548 1261 53 16 naco,
1610 1258 34 17 che
1653 1258 14 17 il
1676 1258 65 17 notaio
1749 1264 81 17 assegna
1837 1259 82 18 all’anno
1924 1259 41 21 407,
1971 1260 48 17 deve

1548 1282 48 18 dirsi
1605 1283 30 17 del
1644 1282 34 18 907
1687 1283 23 22 (I.
1719 1283 37 23 40).
1771 1284 41 23 Egli
1827 1285 77 18 discute
1911 1289 10 13 e
1929 1289 91 18 corregge

1548 1307 19 18 le
1574 1308 43 17 date
1626 1308 30 18 nel
1666 1309 55 20 testo,
1728 1313 11 13 e
1748 1309 87 18 riferisce
1844 1310 7 17 i
1856 1310 110 17 documenti
1975 1310 44 18 nell’

1548 1333 109 21 Appendice
1666 1338 10 13 a
1685 1339 19 16 p.
1713 1333 60 23 31-39,
1783 1335 28 20 47,
1822 1334 41 22 102,
1873 1334 39 22 103,
1921 1334 35 18 169
1963 1340 5 16 ;
1978 1340 11 13 e
1996 1336 23 20 II,

1549 1357 11 8 q
1563 1357 6 8 r.

1571 1383 27 22 (7)
1606 1382 68 19 Scrive
1683 1384 13 16 il
1706 1384 93 18 Muratori
1807 1385 22 22 (1.
1838 1385 26 22 c.)
1871 1390 5 13 :
1892 1392 9 9 «
1909 1385 112 22 Qualunquc

1555 1408 25 17 ;ia
1587 1408 14 17 il
1610 1408 75 18 destino
1693 1409 51 17 delle
1752 1411 89 17 suddette
1850 1411 57 20 carte,
1917 1415 37 13 non
1967 1412 54 16 credo

1555 1432 12 18 ;i
1584 1437 56 17 possa
1651 1434 96 21 dubitare,
1762 1435 36 18 che
1806 1436 7 17 i
1822 1435 60 22 Corsi,
1897 1436 59 22 prima
1970 1436 51 22 degli

1555 1458 12 17 il
1569 1458 25 17 tri
1610 1459 83 21 Italiani,
1708 1461 146 18 cominciassero
1869 1466 11 12 a
1888 1461 134 18 valersi-délia

1558 1483 60 22 ingua
1634 1484 79 22 volgare
1727 1485 55 23 negli
1796 1486 41 17 Atti
1853 1486 107 21 puhblici».
1984 1486 37 18 Con

1559 1510 42 16 utto
1612 1508 15 18 il
1635 1509 82 22 rlspetto
1725 1510 18 17 al
1752 1512 57 21 padre
1817 1511 50 18 délia
1878 1511 142 21 storiad’Italia,

1557 1538 11 13 0
1576 1534 67 18 dubilo
1652 1535 59 17 molto
1719 1535 51 18 délia
1778 1536 63 18 verità
1848 1536 52 18 délia
1913 1541 35 13 sua
1961 1541 62 13 asser-

1555 1559 56 18 done.
1627 1559 24 18 La
1666 1559 76 19 Corsica
1755 1561 25 18 ha
1794 1561 76 18 vissuto
1885 1566 74 18 sempre
1972 1562 50 17 délia

1555 1585 37 17 nta
1605 1584 88 22 ilaliana,
1708 1585 103 19 ricevendo
1822 1587 50 17 dalla
1884 1587 83 18 Tcscana
1981 1592 11 13 e
1999 1588 24 16 da

1555 1609 54 18 Etonia
1618 1610 76 18 cultura
1703 1615 11 13 e
1721 1610 46 19 civil
1771 1612 17 17 là
1797 1616 11 13 e
1817 1613 128 17 coslumanze.

1572 1634 27 22 (8)
1608 1634 39 18 Cou
1656 1635 66 22 giusto
1731 1637 78 18 criterio
1824 1637 14 17 il
1851 1637 31 17 ch.
1897 1637 21 17 X.
1927 1637 42 18 Poli
1977 1637 47 18 scri-

1555 1664 45 13 reva
1608 1660 31 17 nel
1648 1660 45 17 1907
1701 1665 5 13 :
1716 1667 9 9 «
1732 1661 50 18 Leur
1789 1662 68 17 valeur
1865 1662 108 22 historique
1978 1663 47 21 peut

1555 1685 16 17 at
1579 1685 41 17 doit
1628 1685 41 18 être
1677 1686 99 19 contestée
1782 1692 5 16 ;
1797 1687 48 18 mais
1854 1692 24 13 au
1887 1687 54 22 point
1949 1688 25 17 de
1987 1692 38 13 vue

1555 1710 149 22 topographique
1716 1712 19 16 et
1749 1712 135 22 linguistique,
1899 1713 47 18 elles
1959 1713 66 22 repré-

1555 1736 75 17 sentent
1636 1735 19 18 le
1663 1736 44 21 plus
1721 1736 53 18 riche
1789 1737 61 18 trésor
1864 1738 25 17 du
1902 1742 69 18 moyen
1983 1738 41 22 âge.

1555 1761 48 17 Tous
1610 1760 29 18 les
1646 1765 56 13 noms
1710 1761 24 18 de
1742 1762 93 22 parcelles
1844 1763 24 17 de
1882 1764 50 17 terre
1946 1763 79 21 qu’elles

1555 1785 131 18 mentionnent
1694 1791 22 13 se
1723 1788 111 17 retrouvent
1843 1792 36 13 sur
1885 1788 19 17 le
1917 1788 107 18 cadastre».

1555 1810 32 22 0p.
1595 1810 42 21 cit.,
1647 1816 19 16 p.
1676 1810 40 22 130..

1575 1835 26 23 (9)
1617 1835 50 18 Colla
1680 1841 12 13 e
1706 1836 49 23 fala,
1770 1842 49 14 sono
1832 1838 58 18 verbi
1902 1838 30 18 del
1945 1838 81 18 dialello

1555 1865 60 16 corso,
1633 1861 52 22 pieni
1702 1861 19 17 di
1737 1866 69 19 sapore
1823 1863 89 18 ilaliano:
1930 1864 24 17 da
1971 1864 55 21 colle,

1555 1886 68 17 d’onde
1630 1885 76 21 collare,
1715 1886 40 19 cioè
1762 1892 44 13 mon
1809 1890 41 15 lare
1859 1892 33 18 per
1899 1888 18 17 la
1925 1888 83 17 collina:
2016 1893 11 13 e

1555 1910 24 17 da
1587 1910 56 21 falda,
1653 1911 68 17 d’onde
1729 1911 14 17 il
1752 1913 59 17 verbo
1816 1913 70 22 falare,
1895 1913 36 17 che
1939 1913 89 22 significa

1555 1939 82 25 correre?
1644 1939 34 18 per
1692 1936 20 17 la
1725 1936 51 19 falda
1789 1938 32 17 del
1835 1938 64 17 monte
1907 1942 11 13 0
1926 1938 31 17 del
1972 1938 55 21 colle,

1556 1959 52 18 ossia
1615 1960 120 21 discendere,
1744 1966 94 14 scorrere.

1576 1984 39 23 (10)
1623 1985 35 17 Dal
1667 1985 84 19 Bulletin
1758 1987 42 21 cit.,
1813 1992 18 17 p.
1840 1987 73 18 178-79.

1577 2009 37 22 (11)
1624 2010 47 17 Ved.
1680 2010 46 21 perô
1735 2011 18 18 le
1767 2013 106 17 correzioni
1887 2013 30 18 del
1932 2013 97 18 Mittarelli

1556 2035 52 22 negli
1616 2035 70 18 Annal!
1695 2036 62 19 citati.

1580 2059 37 23 (12)
1630 2060 35 18 Nel
1678 2060 52 22 1133,
1740 2062 104 19 Innoeenzo
1859 2063 23 20 II,
1898 2063 50 18 nella
1956 2064 74 17 conlro-

1557 2085 64 17 versia
1635 2086 30 17 tra
1678 2085 45 18 Pisa
1737 2091 11 13 e
1760 2087 83 22 Genova,
1860 2092 64 14 eresse
1938 2088 14 17 il
1967 2093 62 12 nuovo

1556 2111 105 17 vescovado
1669 2111 20 17 di
1697 2112 58 17 Accia
1760 2113 51 17 nella
1817 2113 55 21 pieve
1879 2113 19 17 di
1903 2113 126 22 Ampugnani.

1557 2135 116 22 Limperani.
1682 2135 34 23 Op.
1725 2136 41 22 cit.,
1775 2138 14 20 1,
1798 2137 42 18 239.

1579 2160 37 22 (13)
1629 2160 34 18 Nel
1678 2160 47 19 1363
1733 2166 11 12 a
1752 2162 23 18 30
1789 2163 90 22 gennaio,
1890 2164 13 16 il
1918 2164 53 17 card.
1984 2163 45 18 G.B.

1558 2185 70 21 Cieala,
1636 2190 83 14 vescovo
1727 2187 20 17 di
1755 2187 91 22 Mariana,
1858 2189 63 17 ottenc
1930 2189 23 16 da
1965 2188 33 18 Pio
2006 2188 25 18 IV

1557 2210 36 18 che
1600 2210 14 18 il
1623 2212 109 17 vescovado
1737 2212 20 18 di
1762 2213 58 18 Accia
1829 2213 51 18 fosse
1889 2213 53 18 unito
1949 2218 12 13 a
1969 2214 61 21 quello

1558 2236 20 17 di
1586 2235 90 22 Mariana,
1688 2236 48 18 Ibid.

1580 2261 38 21 (14)
1632 2261 48 18 Ved.
1692 2262 119 19 descrizione
1820 2268 10 13 e
1838 2263 103 23 fotografia
1955 2264 21 17 in
1988 2264 43 17 Am-

1558 2286 60 21 brosi,
1627 2285 82 19 Histoire
1716 2287 31 18 des
1756 2287 68 22 Corses,
1833 2294 19 17 p.
1861 2288 83 18 102-103.

1581 2310 25 18 Su
1625 2312 50 17 tutte
1692 2314 66 19 queste
1775 2314 76 18 nozioni
1865 2314 124 18 ritorneremo
1999 2313 32 23 più

1559 2336 77 18 innanzi
1643 2337 63 17 dando
1714 2339 93 22 maggiori
1815 2339 107 22 ragguagli.

1803 2373 81 21 Ilario
1895 2373 108 21 Rirtierl.

1580 2408 93 22 {Archivio
1681 2408 72 21 Storico
1761 2410 22 19 di
1791 2411 81 23 Corsica)

2132 87 278 51 Giuroali

2042 178 125 21 Bacealà
2175 183 51 20 per
2241 177 124 21 Corsica

2057 215 26 18 Lu
2092 215 19 17 C.
2123 215 18 17 F.
2157 215 22 17 D.
2194 219 48 12 nous
2259 213 90 21 informe,
2367 213 39 18 très
2421 212 90 18 discrèlc-

2042 235 53 26 néut,
2103 244 37 17 que
2148 239 18 17 la
2175 238 71 18 section
2256 238 114 18 ferroviaire
2379 236 133 19 Cliisonaccia-

2042 264 96 18 îolenzara
2151 269 43 13 sera
2207 264 80 17 ouverte
2300 268 24 12 au
2335 263 65 21 public
2409 263 18 17 le
2435 262 23 18 13
2466 266 46 18 sep-

2045 290 72 17 erabre.
2126 288 52 19 C’est
2186 288 44 18 bien
2245 287 123 19 timidement
2377 293 37 18 que
2422 288 18 17 la
2454 288 59 17 chose

2042 316 24 16 isl
2073 314 46 18 faite
2127 315 20 17 et
2154 314 18 17 la
2181 313 91 18 nouvelle
2277 317 50 13 nous
2336 317 22 14 en
2369 313 63 18 arrive
2440 316 72 14 comme

2042 343 20 13 111
2072 344 48 12 aven
2130 338 75 18 confus.

2057 364 49 18 C’est
2123 364 42 17 tout
2178 364 24 17 île
2217 363 59 18 même
2292 363 84 22 quelque
2390 364 65 21 chose,
2464 364 47 16 dans

2042 390 49 16 lolre
2103 393 52 18 pays,
2168 388 166 18 ferroviairemenl
2342 388 104 22 déshérité,
2455 389 59 21 qu’un

2042 414 169 20 louveau.tronçon
2220 413 23 17 de
2251 413 59 22 ligne,
2320 413 17 17 si
2345 413 66 18 réduit
2418 413 72 18 soit-il.

2058 438 132 22 lmagine-t-011
2199 438 18 17 la
2225 438 51 22 ligne
2282 438 65 18 Bastia
2354 443 24 13 ou
2387 438 128 22 Ajaccio-Sar-

2045 463 42 21 ène,
2103 463 104 22 inaugurée
2220 467 38 13 aux
2271 463 94 19 environs
2381 465 24 16 de
2419 463 45 18 1893
2480 468 34 17 par

2042 488 82 22 exemple
2131 493 6 16 ;
2146 488 116 18 c’est-à-dire
2270 488 11 17 à
2298 488 87 23 l’époque
2402 489 24 17 où
2436 489 36 17 elle
2481 488 33 18 eûL

2042 513 20 17 lû
2075 512 70 19 l’être?
2153 513 24 17 Se
2190 513 161 21 représente-t-on
2366 514 18 17 la
2402 513 112 22 cérémonie,

2045 538 132 22 égitimement
2191 538 103 22 organisée
2308 543 49 17 pour
2368 544 25 12 un
2414 539 25 17 tel
2448 538 67 18 évène-

2042 563 63 17 ment?

2061 583 23 22 Et
2092 592 22 14 ce
2123 587 61 19 même
2191 592 73 18 pauvre
2274 589 78 20 tronçon
2362 590 24 17 de
2400 588 22 18 26
2431 588 84 18 kilomè-

2042 612 147 23 tres/inauguré
2197 614 92 21 quarante
2297 618 35 13 ans
2340 615 45 21 plus
2393 614 34 21 tôt,
2436 614 32 17 eût
2476 613 38 18 mé-

2042 637 35 18 rité
2090 638 83 22 quelque
2186 638 93 17 officielle
2294 638 115 19 cérémonie.
2423 639 47 17 Mais
2480 643 36 13 au-

2042 661 102 23 jourd'hui,
2153 663 15 17 il
2177 667 49 13 nous
2234 664 31 16 est
2272 663 51 18 livré
2331 668 46 14 sous
2392 665 19 17 le
2419 665 96 20 manteau,

2042 687 190 18 silencieusement...
2526 693 11 7 ^

2062 712 23 17 Et
2093 713 46 19 cela,
2149 713 43 21 plus
2201 717 36 17 que
2247 714 49 20 tout,
2302 713 65 19 révèle
2375 714 98 18 l’extrême
2482 714 35 17 hu-

2042 736 60 18 milité
2110 737 33 22 qui
2152 738 30 17 est
2189 738 19 17 la
2217 742 79 20 marque
2303 739 23 17 de
2335 739 43 18 tout
2386 744 22 13 ce
2417 740 33 21 qui
2466 744 49 13 nous

2042 762 73 21 touche,
2130 763 48 17 dans
2187 763 18 17 le
2219 763 88 17 domaine
2322 764 25 17 du
2363 764 85 23 progrès.
2467 764 49 18 Mais

2042 791 88 17 passons.

2062 812 55 17 Ainsi
2125 814 54 19 donc,
2193 813 15 17 il
2219 817 51 13 aura,
2278 813 49 18 fallu
2343 814 175 23 quarante-neuf

2042 841 41 13 ans
2098 841 48 18 pour
2154 837 76 18 obtenir
2238 837 23 18 26
2270 838 113 19 kilomètres
2391 840 24 18 de
2423 840 43 18 voie
2479 840 39 18 fer-

2042 862 33 18 rée
2083 867 34 13 sur
2126 867 26 12 un
2161 862 62 22 projet
2230 863 41 21 qui,
2281 867 24 14 en
2316 863 53 21 1879,
2387 865 129 22 comprenait:

2064 887 18 17 1'
2092 887 18 17 la
2126 887 52 22 ligne
2194 888 23 17 de
2231 888 136 19 Ponle-Leccia
2383 890 11 17 à
2412 890 60 21 Calvi,
2481 890 34 22 qui

2042 912 68 18 existe.
2118 912 20 17 2-
2147 913 18 17 la
2173 912 52 22 ligne
2233 913 24 17 de
2266 912 112 20 Casamozza
2386 915 11 17 à
2412 915 104 21 Bonifacio,

2042 936 82 22 laquelle
2136 937 94 18 s’arrêtait
2244 936 12 19 â
2270 938 128 19 Ghisonaceia
2409 940 23 17 où
2443 940 17 18 le
2468 945 52 12 nou-

2042 966 50 13 veau
2100 962 78 20 tronçon
2190 963 59 21 prend
2267 967 34 13 son
2313 968 76 14 amorce
2397 965 76 22 jusqu’à
2482 964 37 18 So-

2042 988 84 17 lenzara.
2141 987 18 18 3-
2173 988 18 17 la
2203 988 54 22 ligne
2267 988 191 24 Ajaccio-Propriano
2473 991 48 17 dont

2042 1016 49 14 nous
2099 1012 91 18 rêverons
2198 1017 69 14 encore
2277 1014 115 23 longtemps,
2402 1020 45 13 sans
2455 1016 64 17 doute.

2064 1038 17 16 A
2095 1042 21 13 ce
2129 1037 109 22 rythme-là,
2252 1043 24 13 on
2291 1039 71 19 devine
2378 1041 19 17 le
2417 1041 102 17 millésime

2043 1062 89 22 probable
2141 1063 23 17 de
2172 1063 75 17 l’année
2255 1063 33 22 qui
2296 1068 64 14 verra,
2369 1065 59 18 mises
2443 1070 22 13 en
2474 1066 48 17 acti-

2043 1088 49 22 vité,
2100 1088 29 18 les
2143 1088 65 22 lignes
2221 1089 102 21 précitées,
2339 1092 20 16 eL
2371 1092 48 16 dont
2431 1091 19 18 le
2458 1091 63 22 projet

2044 1115 87 16 remonte
2139 1114 10 17 à
2158 1113 53 18 1879.
2220 1114 29 17 Au
2260 1115 54 21 total,
2322 1114 35 19 300
2374 1116 113 18 kilomètres
2496 1121 24 13 en

2045 1138 73 18 chiffre
2126 1139 55 17 rond.

2066 1163 27 18 Ne
2101 1164 74 17 faisons
2183 1164 54 22 point
2245 1165 24 17 de
2277 1165 73 19 calculs
2359 1167 162 21 proportionnels,

2044 1189 40 17 cela
2098 1193 49 13 nous
2163 1189 101 18 donnerait
2277 1191 84 21 quelque
2374 1191 58 18 chose
2449 1196 72 13 comme

2044 1212 61 19 deux
2112 1212 84 19 années
2204 1219 48 17 pour
2260 1218 31 14 un
2299 1215 128 22 kilomètre,
2443 1217 27 17 soi
2475 1218 5 16 t
2489 1222 33 13 en-

2043 1238 57 17 viron
2109 1238 39 17 dix
2158 1238 90 18 siècles.

2066 1304 89 22 Qu’esl-il
2171 1305 72 18 résulté
2257 1307 23 17 de
2295 1307 44 17 tous
2354 1308 30 18 les
2393 1310 94 21 rapports,
2496 1309 25 17 de

2047 1331 63 17 toutes
2118 1331 29 17 les
2156 1330 99 22 enquêtes,
2264 1332 24 17 de
2297 1333 66 17 toutes
2371 1334 29 17 les
2413 1334 111 17 manifesta-

2046 1355 51 18 tions
2105 1356 32 21 qui
2145 1356 144 18 s’échelonnent
2297 1361 35 14 sur
2339 1360 34 16 des
2381 1359 72 18 années
2461 1360 20 17 et
2489 1360 34 17 des

2045 1380 72 18 années
2127 1382 42 16 tout
2177 1386 24 13 au
2209 1381 46 23 long
2268 1383 24 17 de
2306 1383 50 18 celte
2373 1384 84 18 fameuse
2465 1389 59 17 ques-

2047 1405 41 18 tion
2096 1410 53 14 corse
2157 1406 40 22 qui,
2207 1411 23 13 en
2244 1406 51 22 1930,
2308 1408 90 19 demeure
2407 1414 68 13 encore
2484 1414 36 13 en-

2046 1430 56 21 tière,
2110 1431 121 18 absolument
2239 1432 74 18 entière
2320 1431 10 19 ?

2070 1470 9 10 «
2085 1464 26 17 La
2118 1464 87 18 Nouvelle
2214 1464 63 19 Corse»

2046 1509 174 25 Prugressn

2070 1558 21 4 ...
2099 1545 51 18 Nous
2158 1546 79 18 n’avons
2243 1547 56 21 point
2306 1549 108 21 progressé,
2423 1554 55 17 parce
2487 1554 37 17 que

2047 1575 49 17 pour
2103 1570 41 18 être
2157 1571 122 22 département
2287 1572 85 21 français
2386 1574 15 17 il
2414 1576 29 16 est
2457 1575 68 18 besoin

2048 1595 61 18 d’être
2116 1595 59 21 riche,
2185 1597 19 16 et
2212 1601 49 13 nous
2271 1601 61 14 avons
2343 1599 20 17 le
2378 1600 38 17 tort
2426 1600 60 18 d’être
2499 1601 25 17 de

2048 1620 45 18 bien
2099 1625 82 17 pauvres
2189 1625 55 18 gens.

2069 1645 52 18 Nous
2129 1651 13 12 n
2148 1650 60 14 avons
2216 1647 54 21 point
2278 1649 108 22 progressé,
2395 1655 56 17 parce
2467 1651 58 22 qu’en

2049 1672 61 21 temps
2118 1676 38 17 que
2164 1671 131 22 département
2303 1673 84 22 français
2395 1680 49 13 nous
2459 1677 67 17 lenons

2049 1705 23 4 —
2077 1701 73 13 comme
2158 1697 29 17 les
2194 1698 65 17 autres
2267 1698 44 18 font
2319 1708 22 4 —
2347 1700 11 17 à
2368 1700 49 19 faire
2434 1702 23 17 de
2465 1702 19 17 la
2493 1706 33 17 po-

2049 1721 75 22 litique.
2133 1722 25 17 La
2167 1722 94 22 politique
2269 1724 31 17 n’a
2307 1723 71 22 jamais
2386 1726 35 18 tué
2428 1731 27 13 un
2463 1731 47 18 pays
2520 1731 5 13 :

2050 1746 38 18 elle
2100 1747 30 17 lui
2144 1748 31 17 est
2190 1747 116 19 nécessaire.
2320 1749 52 20 Nous
2386 1756 60 13 avons
2459 1752 19 17 le
2488 1753 38 16 tort

2050 1772 44 17 d’en
2102 1772 48 18 faire
2158 1777 38 13 une
2204 1773 33 21 qui
2245 1774 33 17 tue
2287 1774 18 17 le
2313 1775 63 18 nôtre.

2071 1796 69 18 Nousn
2146 1801 59 14 avons
2209 1798 54 22 point
2266 1801 108 21 progressé,
2377 1806 56 17 parce
2438 1806 89 18 quenous

2051 1826 48 13 nous
2107 1826 82 14 sommes
2196 1823 77 21 reposés
2282 1828 35 13 sur
2325 1825 28 18 les
2362 1826 86 18 hommes
2455 1828 24 16 de
2488 1828 39 17 cel-

2051 1847 20 17 te
2078 1846 94 23 politique
2180 1848 24 17 de
2211 1848 163 20 l’établissement
2385 1853 19 16 et
2413 1853 24 16 de
2445 1852 18 17 la
2472 1852 56 18 réali-

2052 1872 62 17 sation
2122 1873 34 17 des
2165 1873 74 17 susdits
2247 1874 73 22 projets
2329 1875 24 18 de
2362 1876 142 19 relèvement...

2074 1911 9 10 «
2088 1905 25 17 La
2120 1905 59 19 Jeune
2188 1905 52 19 Corse
2245 1913 10 10 »

2078 2280 24 3 —
2107 2270 59 18 Cumu
2173 2275 42 13 sera
2223 2271 44 18 chii
2276 2272 50 17 treni
2334 2272 86 23 jugnenu
2430 2278 73 18 sempre
2513 2274 6 17 i

2056 2295 76 18 ritardu
2139 2296 16 18 a:
2164 2296 52 21 citta,
2225 2301 11 13 e
2244 2296 21 18 in
2272 2301 75 14 avanzu
2356 2303 11 12 a
2376 2303 12 12 u
2397 2298 71 22 paese?

2060 2341 6 5 ,
2077 2320 93 23 —Segnu
2181 2321 31 17 chi
2223 2321 67 18 falariu
2297 2323 65 18 carchi
2370 2328 11 13 e
2388 2324 78 17 vollanu
2477 2325 40 17 biol

2057 2341 14 22 È
2078 2346 106 22 l’imbarcu,
2193 2350 11 14 0
2214 2346 59 18 Catali
2281 2346 5 18 !

2055 2410 22 22 E
2087 2411 100 21 surtitu

2179 2450 80 22 Santu
2270 2451 134 23 Casanova

2169 2489 85 26 Fiori
2266 2491 34 24 di
2314 2491 103 27 Cirnu

2237 2534 112 24 PUESIE

2095 2573 9 17 1
2114 2573 39 18 vol.
2163 2573 23 18 de
2194 2572 34 18 164
2236 2578 44 18 pag.
2290 2578 70 18 prezzu
2368 2575 24 18 10
2401 2576 92 18 franchi

2161 2600 107 23 Stamparia
2276 2602 20 17 di
2304 2601 22 19 A
2333 2602 89 19 Aluvra.

2056 2664 99 24 Ai.acciu
2164 2676 29 5 —
2204 2665 133 29 Stamparia
2350 2667 25 22 di
2388 2670 22 20 A
2421 2669 103 26 Muvra,

2067 2703 232 24 Diretlore-Gerente
2308 2712 7 15 :
2330 2705 72 23 Petru
2412 2707 112 23 ROCCA.

1592 2508 26 30 È
1629 2513 113 26 esciutu
1750 2523 7 16 :

1640 2557 174 27 Sebastianu
1832 2559 120 26 Dalzeto

1648 2603 117 25 Pesciu
1787 2605 155 29 Anguilla

1675 2642 119 21 Rumanzu
1811 2644 103 20 Bastiese

1591 2677 9 17 i
1610 2677 38 18 vol.
1661 2677 20 18 di
1691 2677 35 18 200
1733 2682 43 19 pag.
1788 2679 69 18 Prezzu
1864 2684 6 12 :
1881 2678 25 18 10
1913 2679 83 18 franchi.

1693 2711 87 18 Stamparia
1787 2712 17 14 di
1811 2713 13 14 A
1831 2713 62 14 Muvra.

67 2836 71 15 senno
157 2832 88 18 umano
266 2826 20 22 si
306 2829 116 24 compone
440 2821 24 21 di
484 2819 53 23 solo

67 2866 79 26 queste
162 2862 45 21 due
216 2867 6 19 ;
240 2859 129 29 persislere
388 2856 29 22 ed
434 2855 104 27 aspetta-

67 2903 31 16 i*e.
106 2909 30 4 —
148 2893 82 29 Questi
242 2891 101 30 consigli
355 2890 32 22 mi
399 2890 139 21 educavano

67 2930 44 22 alla
124 2929 119 29 pazienza,
257 2927 44 21 che
312 2924 64 29 negli
388 2922 56 23 anni
457 2921 83 29 giova-

67 2963 39 22 tîili
127 2963 30 21 da
178 2967 37 16 me
228 2960 86 25 derisa,
334 2956 55 30 oggi
407 2955 131 27 m’insegna

67 2997 111 22 eom’essa
186 3000 47 16 non
245 2993 53 22 solo
308 2992 36 21 sia
352 2990 65 22 virlû
425 2997 7 19 ;
445 2994 38 16 ma
494 2987 45 22 che

67 3036 68 16 senza
143 3029 23 22 la
177 3033 44 16 sua
229 3024 141 31 compagnia
379 3028 89 17 veruna
475 3021 64 21 vii-tù

67 3064 19 21 si
99 3062 69 23 f'ermi
180 3061 85 21 dentro
276 3059 23 22 al
312 3060 66 27 petto
386 3056 65 29 degli
464 3054 76 22 uomi-

67 3097 21 22 ni
98 3103 6 20 ;
127 3096 56 28 perô
195 3093 92 22 intendi
300 3092 60 22 bene
373 3090 110 29 pazienza
495 3094 44 15 con

67 3130 20 22 le
104 3128 64 23 mani
181 3130 51 19 tese
242 3133 6 19 ;
267 3133 12 15 e
290 3132 49 15 non
358 3124 39 29 già
415 3128 125 23 rassegna-

67 3164 68 21 zione
147 3168 44 16 con
203 3160 24 22 le
244 3160 63 22 mani
318 3159 92 28 giunte.
423 3155 117 24 Pazienza

67 3197 43 21 ehe
122 3196 21 21 si
156 3195 70 28 fruga
238 3194 24 21 in
274 3196 67 19 tasca
351 3198 43 22 per
407 3190 105 29 pigliare
524 3188 16 22 il

67 3229 106 24 eollello,
185 3233 48 15 non
241 3228 40 26 già
293 3226 109 28 pazienza
416 3224 45 21 che
473 3229 68 15 cerca

67 3263 21 20 in
102 3264 65 18 tasca
180 3266 44 21 per
235 3258 104 22 trovarci
350 3257 17 21 il
382 3256 103 22 rosario.

93 3293 77 29 Sopra
179 3283 90 30 î’uomo
277 3290 98 30 egregio
387 3295 46 16 non
447 3290 94 27 pertan-

67 3330 23 18 to
102 3327 22 21 si
136 3332 57 23 posa
206 3332 32 15 un
250 3324 103 23 biasimo
361 3323 44 22 che
417 3322 124 23 affermato

71 3360 65 22 dalla
148 3359 190 28 nialavoglienza
356 3364 13 15 e
381 3357 64 23 dalla
457 3355 84 23 sbada-

68 3395 105 26 taggine,
183 3401 14 15 e
205 3400 48 15 non
266 3392 148 24 contradetto
423 3399 14 14 a
445 3391 97 21 bastan-

67 3435 35 19 za,
122 3428 75 29 piglia
209 3427 39 22 col
262 3430 78 25 tempo
357 3425 154 22 fondamenle
529 3429 13 14 e

67 3465 86 26 questo
163 3462 22 21 si
201 3467 71 16 versa
291 3460 64 22 circa
367 3458 23 22 al
402 3465 48 15 non
462 3462 80 17 essere

67 3501 126 24 comparso
204 3494 40 22 nel
257 3494 86 29 giorno
355 3491 63 22 délia
428 3493 65 19 rolta
504 3489 37 23 sul

68 3536 86 22 campo
173 3528 24 21 di
211 3527 117 29 battaglia
339 3532 6 19 ;
357 3524 62 23 onde
428 3524 24 21 in
468 3523 75 21 Fran-

68 3563 36 21 cia
117 3562 87 23 misero
215 3561 24 21 in
250 3559 89 23 dubbio
347 3558 17 21 il
374 3564 45 15 suo
427 3555 116 29 coraggio

69 3602 66 17 corne
148 3600 71 17 uomo
231 3600 13 15 e
256 3591 145 24 l’attitudine
414 3595 69 17 corne
494 3588 50 22 sol-

71 3628 62 24 dat.o.
149 3629 34 22 Da
203 3629 91 26 quanto
313 3624 80 29 esposi
413 3623 30 21 fin
464 3623 41 27 qui
517 3621 25 21 lu

71 3661 99 25 chiarito
182 3666 68 16 corne
259 3657 115 24 credibile
381 3656 78 22 avvisi
471 3654 23 22 di
506 3660 38 15 as-

71 3697 100 22 sassinio
193 3692 88 25 médita
285 3695 24 19 lo
318 3691 25 22 lo
360 3689 183 22 dissuadessero

72 3725 27 25 da
110 3728 112 24 condursi
230 3727 39 22 sul
277 3730 84 24 campo
374 3723 24 22 di
408 3721 119 28 battaglia
536 3726 6 20 ;

564 2826 14 15 e
595 2819 23 21 le
636 2817 88 23 insidie
741 2818 41 28 più
803 2816 40 22 vol
848 2819 21 20 te
890 2816 86 29 tesegli
998 2816 39 22 dai

564 2853 124 25 Francesi,
700 2859 12 14 e
725 2851 65 29 dagli
803 2852 71 21 stessi
886 2851 83 22 slorici
986 2850 52 22 loro

565 2886 141 25 conf'essale,
721 2883 171 24 basterebbero
907 2891 13 14 a
937 2883 102 29 giuslifi-

566 2926 53 16 care
630 2919 114 22 l’assenza
755 2918 38 21 del
806 2917 124 29 generale;
943 2923 38 15 ma
991 2916 48 29 egli

566 2960 46 15 non
620 2959 41 15 era
672 2958 69 16 uomo
751 2951 29 22 da
790 2951 100 22 restarsi
897 2957 43 22 per
945 2952 92 27 questo,

565 2994 13 14 e
590 2987 24 22 la
626 2988 96 26 passala
734 2991 67 16 corne
812 2984 23 21 la
848 2985 136 21 suocessiva
995 2989 43 15 sua

565 3021 48 22 vita
625 3020 24 21 lo
661 3019 142 29 palesarono
812 3017 115 29 incapacc
938 3023 47 15 non
997 3023 41 21 pu-

566 3061 24 15 re
601 3053 24 22 di
634 3055 102 23 terrore,
744 3052 68 21 bensi
824 3050 25 22 di
858 3051 113 22 esilanza.
985 3049 53 29 Egli

566 3093 45 16 non
630 3087 23 21 si
664 3092 80 16 inosse
757 3085 28 21 da
801 3084 88 28 prima,
901 3083 91 29 perché
1003 3089 36 15 as-

567 3123 95 27 pettava
679 3119 33 29 gli
732 3117 103 24 annunzi
848 3117 39 22 del
906 3116 133 29 eomparire

567 3154 36 22 dei
616 3153 121 25 Francesi,
759 3151 81 22 deciso
853 3150 75 23 allora
940 3149 24 22 di
975 3149 65 28 spin-

567 3187 63 30 gersi
642 3187 22 21 al
678 3189 71 25 ponte
761 3192 44 22 per
815 3187 122 19 soslenere
949 3183 23 21 le
980 3182 60 22 dife-

567 3228 33 19 se,
615 3220 89 22 daccbè
714 3226 44 21 per
768 3224 91 16 veruna
872 3223 55 16 cosa
939 3216 25 22 al
975 3222 65 16 mon-

569 3255 28 21 do
615 3252 103 23 avrebbe
736 3250 144 26 consentito,
890 3250 43 21 che
946 3249 8 21 i
972 3248 68 22 Côrsi

568 3291 138 25 passassero
715 3284 38 22 dal
758 3283 27 21 l’a
789 3283 44 21 lira
840 3282 90 29 sponda
937 3289 14 14 e
957 3282 83 28 ingag-

564 3321 111 28 ■giassero
689 3316 115 29 battaglia
815 3316 40 21 col
872 3315 167 22 nemicoall’a-

568 3355 64 28 perto
646 3358 68 15 senza
725 3351 89 27 riparo.
823 3348 97 29 Troppo
930 3348 22 21 ci
961 3354 79 16 corre-

569 3394 27 16 va
610 3389 35 19 tra
655 3386 7 21 i
674 3384 67 23 Côrsi
754 3390 13 14 e
778 3383 7 21 i
798 3382 113 22 Francesi
923 3388 44 22 per
977 3381 63 22 ordi-

568 3421 22 22 ni
603 3418 98 23 militari
712 3416 88 30 perché
810 3418 124 26 polessero
952 3415 89 21 cimen-

569 3453 169 24 tarsi.insieme
750 3456 43 16 con
807 3449 122 28 isperanza
942 3448 24 21 di
977 3448 63 21 buon

569 3492 110 18 successo
689 3485 37 28 pei
732 3485 6 20 i
747 3482 78 30 primi;
832 3489 14 14 e
855 3483 16 21 il
879 3482 66 21 Paoli
953 3481 88 22 animo-

569 3528 25 15 so
613 3527 41 15 era
672 3518 86 25 molto,
770 3522 47 15 non
829 3517 58 26 perô
903 3514 136 22 lemerario.

594 3552 102 28 Qnando
707 3557 31 15 un
760 3555 80 16 messo
855 3547 128 30 speditogli
1000 3546 40 22 dal

569 3584 183 24 commandante
781 3582 128 28 prussiano
933 3583 71 25 poslo
1026 3587 12 14 a

569 3619 99 29 guardia
678 3618 22 21 al
708 3618 70 27 ponte
787 3615 61 21 andô
856 3622 13 14 a
879 3612 161 30 ragguagliar-

570 3653 21 21 lo
604 3652 44 21 che
661 3651 6 21 i
681 3649 67 23 Côrsi
761 3654 71 16 erano
845 3646 88 30 passati
946 3646 54 21 tutti
1011 3652 28 14 su

570 3686 21 21 la
611 3683 98 23 sinisbra
730 3681 92 30 sponda
844 3681 37 21 del
901 3679 62 22 Golo
977 3680 62 20 senti

571 3716 132 30 trafiggersi
721 3716 29 21 da
771 3714 83 21 dolore
873 3720 13 15 e
900 3713 30 21 da
948 3711 91 28 sdegno

1065 2814 153 22 inestimabili
1228 2821 7 20 ;
1245 2819 47 16 non
1301 2819 69 16 senza
1379 2811 93 23 tremilo
1480 2818 57 15 con-

1065 2847 79 22 sidéré
1156 2854 66 15 corne
1235 2846 98 29 quando
1345 2846 58 21 Fora
1412 2845 63 22 delle
1486 2852 50 15 111a-

1065 2880 119 23 ledizione
1201 2880 109 29 colpisce
1327 2879 86 29 popolo
1424 2878 29 22 od
1466 2885 71 16 uomo

1066 2916 68 19 torna
1155 2916 61 20 tutto
1234 2913 105 26 funeslo;
1353 2919 13 15 e
1383 2912 22 21 le
1423 2912 92 22 dimore
1525 2919 13 14 e

1065 2946 34 29 gli
1111 2947 94 26 ardori;
1218 2948 93 20 mentre
1322 2945 93 30 quando
1428 2945 46 22 Dio
1482 2952 57 15 vuo-

1066 2980 30 26 le,
1104 2979 76 23 Fabio
1189 2987 13 15 e
1211 2980 113 22 Marcello
1330 2982 100 19 stavano
1437 2982 100 18 enlram-

1066 3014 23 21 bi
1098 3022 7 18 ;
1124 3014 137 22 comeccliè.
1273 3013 163 22 considérasse
1452 3013 46 22 che
1509 3012 29 22 da

1066 3049 82 27 questa
1161 3053 79 16 mossa
1254 3046 67 23 fosse
1327 3053 42 22 per
1379 3046 92 22 useirne
1482 3046 57 21 dan-

1066 3086 29 16 no
1106 3080 154 28 gravissime,
1275 3080 47 28 egli
1333 3086 40 15 era
1386 3079 43 21 ben
1441 3078 97 23 loniano

1067 3113 29 22 da
1107 3113 123 29 presagire
1238 3113 22 21 la
1271 3113 81 21 rovina
1360 3112 43 22 che
1411 3119 28 15 ne
1447 3119 76 15 venne
1531 3119 6 19 ;

1067 3148 56 27 perô
1132 3146 22 22 si
1168 3146 124 23 affreltava
1302 3153 13 15 a
1323 3147 110 27 riparare,
1443 3145 95 29 quando

1066 3186 42 22 per
1119 3179 40 22 via
1170 3180 33 28 gli
1220 3180 176 28 sopraggiunse
1415 3178 22 22 la
1451 3178 88 22 nolizia

1066 3213 37 21 del
1118 3213 142 22 tradimenlo
1274 3212 22 22 di
1306 3212 75 22 Lento
1393 3218 12 15 e
1417 3210 123 30 Canavag-

1066 3247 38 27 gia
1116 3252 6 15 :
1142 3253 59 21 poco
1222 3246 42 28 più
1285 3245 61 23 oltre
1358 3245 77 28 quella
1447 3245 39 21 del
1499 3251 40 15 co-

1066 3278 125 23 mandante
1198 3279 65 22 délia
1276 3278 87 22 milizia
1373 3277 37 22 del
1420 3277 74 22 Ponte
1505 3277 33 22 al-

1066 3312 23 21 la
1100 3311 95 28 Leccia,
1206 3312 15 22 il
1235 3312 70 29 quale
1314 3317 67 16 corne
1390 3318 12 15 a
1411 3317 42 16 suo
1466 3311 71 28 luogo

1066 3346 130 27 raçconlai,
1209 3348 66 20 sotte
1292 3347 104 26 preteslo
1413 3344 22 22 di
1453 3351 86 16 manco.

1067 3378 24 21 di
1109 3379 147 29 vettovaglia
1270 3384 46 16 non
1327 3384 74 16 aveva
1413 3384 78 15 mosso
1507 3384 30 15 un

1066 3417 86 22 passo;
1172 3414 92 20 colesto
1284 3417 43 15 suo
1349 3410 143 23 avvicinarsi
1515 3410 23 21 al

1067 3444 156 23 Pontenuovo
1244 3445 21 21 si
1287 3443 182 30 rassomigliava
1489 3443 49 22 alla

1067 3479 39 21 via
1126 3478 39 22 del
1182 3478 111 22 Calvario
1303 3485 7 19 ;
1327 3477 31 22 ad
1369 3478 55 29 ogni
1436 3479 41 26 pio
1488 3484 51 15 sos-

1067 3512 66 27 pinto
1149 3511 150 28 inciampava
1315 3510 83 22 dentro
1410 3517 30 14 un
1459 3517 80 15 nuovo

1068 3545 96 22 affanno
1174 3554 6 18 ;
1201 3544 75 23 messi
1287 3550 29 15 su
1327 3544 73 21 messi
1411 3543 34 28 gli
1459 3546 79 26 porta-

1067 3585 58 16 rono
1137 3578 84 23 Caccia
1230 3584 71 16 avéré
1312 3578 92 21 aceollo
1413 3584 42 21 per
1466 3584 70 21 opéra

1067 3612 23 21 di
1100 3618 29 15 un
1140 3613 114 21 traditore
1268 3611 7 21 i
1293 3610 113 22 Francesi
1419 3616 12 15 e
1440 3612 50 20 cosi
1502 3617 35 14 es-

1066 3651 53 15 sere
1130 3644 96 23 rimaste
1239 3646 61 19 rotte
1312 3643 22 22 le
1354 3643 183 23 eomunicazioni

1067 3684 45 15 con
1119 3677 23 22 la
1152 3678 104 27 Balagna
1267 3684 7 19 ;
1285 3676 24 21 la
1318 3675 101 23 Casin’ca
1430 3676 108 22 anch’es-

1066 3717 27 15 sa
1111 3717 43 22 per
1165 3710 142 23 tradimënto
1326 3709 103 29 allagala
1445 3709 39 22 dal
1498 3715 39 15 ne-

1563 2811 72 26 mico,
1650 2811 17 21 il
1687 2811 72 28 quale
1776 2819 135 15 accennava
1931 2812 73 22 ferire
2013 2813 23 21 di

1563 2844 15 22 fi
1582 2851 29 15 an
1614 2851 28 15 co
1650 2852 6 19 ;
1670 2844 65 23 forse
1746 2852 61 16 anco
1818 2846 98 29 lagliare
1929 2846 22 22 la
1960 2846 78 22 rilira-

1566 2880 24 19 ta
1609 2878 62 21 oltre
1686 2880 75 20 monti
1772 2886 5 19 ;
1794 2879 43 22 che
1849 2879 41 29 più
1906 2879 12 22 ?
1935 2879 22 22 le
1974 2879 62 29 pievi

1564 2911 25 21 di
1608 2910 152 29 Vallerustie,
1772 2912 23 22 di
1803 2912 136 22 Giovellina
1949 2919 13 15 e
1974 2912 23 22 di
2007 2912 30 22 O-

1566 2950 65 16 rezza
1642 2944 107 29 oggimai
1761 2946 129 28 disperate,
1904 2952 71 16 avéré
1984 2953 53 21 spe-

1564 2977 50 22 dito
1626 2978 90 21 uomini
1731 2985 12 14 a
1757 2982 69 25 posta
1845 2980 24 21 al
1881 2979 112 29 generale
2012 2979 23 22 di

1565 3010 68 22 Vaux
1639 3017 42 22 per
1693 3013 171 21 sotlomettersi
1877 3012 28 22 ed
1913 3019 80 15 essere
2005 3013 31 21 ri-

1564 3046 84 20 cevute
1667 3044 120 29 in.grazia
1806 3046 38 21 del
1866 3045 43 22 Re.
1925 3045 93 22 Mentre
2028 3046 7 21 i

1564 3077 77 22 dolori
1654 3077 64 22 délia
1730 3079 112 27 passione
1861 3080 175 21 contrislavano

1565 3110 163 22 cotesl’anima
1748 3112 85 27 afflita,
1853 3119 47 15 una
1919 3119 71 15 mano
2012 3112 22 22 di

1564 3144 124 28 superstiti
1698 3144 47 22 alla
1757 3148 81 26 slrage
1848 3146 22 21 di
1884 3146 151 21 Pontenuovo

1565 3177 73 22 laceri
1660 3184 12 15 e
1691 3179 82 26 mezzi,
1786 3179 88 28 perché
1893 3179 62 28 dopo
1968 3185 68 16 avéré

1564 3210 94 22 salvato
1670 3211 22 21 la
1700 3211 48 22 vita
1756 3212 37 21 dal
1804 3212 70 21 fuoco
1884 3218 104 16 avevano
1995 3212 41 21 do-

1564 3250 31 15 vu
1598 3246 24 19 to
1638 3245 161 22 contrastarla
1819 3245 126 28 all’acqua,
1967 3245 34 27 gli
2015 3245 20 22 si

1564 3276 79 22 fecero
1656 3277 108 22 incontro
1781 3278 196 21 sehiamazzando
1987 3286 6 12 :

1591 3322 29 4 —
1631 3309 68 22 Dove
1720 3311 88 21 andate
1817 3311 12 21 ?
1849 3311 65 22 Dove
1931 3311 105 22 andaie?

1564 3343 91 22 Perché
1665 3343 79 23 volete
1764 3344 61 23 farvi
1838 3351 148 15 ammazzare
1997 3351 38 15 co-

1565 3383 37 15 rne
1611 3383 30 15 un
1661 3383 58 15 cane
1728 3376 13 22 ?

1593 3406 18 25 È
1632 3409 92 22 Orsonc
1742 3411 30 21 da
1784 3410 101 27 Tevera,
1899 3411 79 22 ch’era
1998 3413 37 19 tra

1564 3442 87 29 questi,
1665 3450 38 14 ma
1722 3449 47 16 non
1782 3446 86 26 poteva
1881 3446 49 20 cosi
1949 3444 26 21 di
1986 3444 49 28 leg-

1564 3477 52 26 geri
1635 3476 158 22 rieonoscersi
1806 3484 13 15 a
1839 3478 100 27 cagione
1948 3477 24 21 di
1989 3483 45 15 una

1565 3509 75 22 fascia
1652 3509 45 21 che
1708 3509 34 28 gli
1754 3510 108 22 bendava
1875 3510 16 21 il
1904 3512 59 26 capô
1974 3516 61 15 mez-

1563 3549 29 15 zo
1603 3542 139 21 sfracellalo
1752 3543 35 28 gli
1806 3543 129 28 soggiunse
1944 3550 7 15 :

1591 3587 28 5 —
1629 3575 37 21 Ali
1678 3575 5 21 !
1694 3576 120 27 generale,
1826 3582 30 15 ve
1868 3576 24 21 lo
1903 3583 75 14 aveva
1989 3583 45 21 pur

1563 3609 74 25 dello,
1647 3608 45 21 clie
1704 3608 7 21 i
1719 3609 75 22 vostri
1804 3610 141 27 incipriati
1952 3609 82 21 avreb-

1563 3641 58 22 bero
1630 3641 105 21 venduto
1747 3642 24 21 la
1780 3641 98 22 Corsica
1891 3648 13 15 e
1914 3642 41 21 noi
1967 3648 66 16 corne

1563 3674 82 23 Cristi.

1590 3721 26 4 —
1627 3708 100 26 Orsone-,
1740 3708 59 23 siele
1806 3708 57 22 voi?
1871 3708 20 21 E
1898 3708 73 29 padre
1979 3708 53 22 Ber-

2064 2813 99 23 iiardino
2172 2815 40 22 ?...

2091 2860 28 4 —
2131 2848 26 22 In
2166 2848 119 29 paradiso,
2296 2849 96 30 rispose
2403 2851 92 22 Orsone
2504 2852 15 21 I<

2063 2881 78 22 vando
2154 2881 23 22 le
2188 2881 97 23 braecia
2302 2883 24 21 al
2339 2884 71 22 cielo.

2090 2926 29 5 —
2135 2915 18 21 E
2171 2931 24 5 ...
2206 2915 13 22 ?
2236 2916 134 28 soggiunse
2390 2919 110 22 esitando

2064 2947 68 23 Paoli
2149 2949 56 28 quai
2218 2949 38 21 chi
2278 2957 14 14 a
2304 2957 31 15 un
2348 2955 75 25 punio
2438 2955 72 20 tréma

2062 2981 22 21 si
2094 2983 98 27 slrugge
2204 2982 23 21 di
2239 2989 86 22 sapere
2334 2990 47 17 una
2402 2992 63 15 cosa.

2090 3026 29 4 —
2132 3014 18 22 E
2163 3015 39 21 chi
2211 3016 12 21 ?

2090 3060 28 4 —
2124 3048 19 22 Il
2152 3048 49 22 mio
2210 3048 96 23 fratello
2316 3050 123 24 Clemenle
2447 3052 12 22 ?
2467 3052 52 22 alfir

2062 3081 48 28 egli
2123 3081 72 27 disse,

2089 3127 28 3 —
2126 3114 25 22 Io
2171 3115 49 23 l’ho
2236 3116 89 22 veduto
2343 3119 148 23 combatlere
2509 3128 10 14 c

2062 3154 43 21 per
2117 3150 60 20 tutto
2188 3156 13 14 e
2212 3156 96 22 sempre
2316 3158 6 14 :
2335 3156 90 25 quanto
2434 3153 21 22 al
2468 3154 51 21 fuoc

2062 3188 47 15 non
2123 3182 22 21 lo
2160 3184 47 26 può
2225 3182 134 30 offendere,
2377 3187 88 27 perché
2480 3187 34 28 gli

2063 3215 118 22 ciurmato
2192 3223 6 19 ;
2212 3222 25 16 se
2249 3223 47 16 non
2312 3218 90 23 riniase
2422 3221 37 21 nel
2479 3220 35 22 Go

2062 3255 30 15 ve
2102 3249 24 21 Io
2138 3249 96 22 vedrele
2244 3253 138 26 eomparire
2392 3254 103 22 dinanzi.

2088 3281 85 23 Allora
2193 3282 19 22 il
2232 3283 69 22 Paoli
2326 3287 110 22 raccolse
2455 3288 64 28 quel!

2061 3316 124 28 maggiore
2196 3320 70 25 gente
2275 3318 46 22 che
2333 3322 64 26 potè,
2410 3327 13 15 e
2433 3320 23 22 fu
2468 3328 51 21 poc;

2061 3349 77 22 donde
2158 3349 61 23 ebbe
2239 3357 85 22 campo
2334 3353 24 21 di
2370 3357 149 25 ârgomentai

2062 3382 24 21 la
2097 3383 92 27 gravità
2206 3384 62 22 délia
2283 3388 73 25 rotta,
2369 3395 13 13 e
2398 3388 20 21 si
2437 3388 78 21 condu

2061 3422 54 15 sero
2127 3423 14 15 a
2158 3416 33 22 Go
2193 3421 44 18 rte.

2089 3449 32 21 Di
2141 3456 50 16 uno
2215 3452 108 27 sgaardü
2348 3455 125 26 conobbe,
2494 3455 25 21 ci-

2060 3488 51 16 non
2124 3484 20 21 si
2157 3486 92 25 poteva
2260 3485 52 22 fare
2325 3489 108 26 capitale
2442 3495 27 15 su
2479 3490 7 20 i
2495 3496 24 20 p<

2061 3516 41 22 chi
2121 3517 46 22 che
2184 3519 25 21 lo
2227 3524 115 18 avevano
2360 3522 124 27 seguitato
2494 3529 25 20 pi

2060 3552 89 25 troppo
2160 3551 123 28 sbigottiti
2295 3558 14 15 e
2321 3556 66 20 male
2399 3556 25 20 in
2437 3561 82 16 arnes<

2059 3581 66 26 posti
2141 3582 111 26 alquanti
2272 3584 91 22 soldati
2381 3586 27 21 in
2427 3586 92 21 castelh

2060 3612 73 26 passò
2145 3613 27 21 in
2180 3613 108 23 Vivario
2297 3616 41 21 nel
2348 3619 115 20 concetto
2474 3618 23 20 di
2508 3623 11 15 r

2058 3644 98 20 tentare
2167 3644 23 20 la
2203 3644 98 22 fortuna
2318 3646 65 22 délia
2401 3654 88 21 guerra
2506 3653 13 14 c

2058 3673 60 21 terzi
2132 3674 24 20 di
2171 3675 63 21 oltre
2238 3676 90 21 monti.

2232 3714 12 25 (
2247 3714 148 29 Cuntinua)
