2652 3846
39 60 87 26 Annu
144 54 41 26 XI
197 66 33 5 —
243 52 131 29 Numaru
388 63 46 27 415
1096 60 85 27 Esce
1198 70 19 17 a
1230 62 180 27 Dumenica
2064 67 163 28 Dumenica
2248 76 29 25 19
2291 66 121 27 Ottobre
2428 72 63 26 1930

513 174 742 264 [texte
1379 174 1113 264 manquant]

841 471 243 35 GIURNALE
1120 473 47 32 DI
1205 472 26 34 E
1268 471 136 35 PIEVE
1431 473 46 33 DI
1507 474 217 34 CORSICA

335 580 211 18 ABBUNAWIEIMT1
554 585 6 12 :

99 605 26 17 In
135 605 99 17 Corsica
651 602 33 18 15
708 603 98 17 franchi

98 635 28 17 In
136 635 104 17 Francia
650 633 34 17 18
752 640 9 9 »

98 666 95 17 Unione
202 665 96 22 postale
650 664 33 17 30
752 672 8 8 »

324 695 17 17 U
355 694 139 18 !Mumaru:5
505 695 59 17 soldi

1062 631 140 26 Direttore
1219 640 6 17 :
1246 633 94 25 Petru
1360 634 141 25 ROCCA

1946 591 16 17 A
1966 591 46 17 MM
2015 591 7 17 I
2026 591 17 17 IM
2046 590 145 18 ISTRAZIQN
2195 590 24 17 E:

1824 630 38 21 38,
1888 630 77 17 Corsu
1996 630 124 19 Grand.val
2134 629 39 18 38.
2187 638 23 4 —
2233 628 125 18 AIACCIU

1781 685 72 19 Contu
1871 686 103 17 currente
1988 689 28 14 eu
2033 689 15 14 a
2068 686 67 21 posta
2154 694 22 4 —
2192 684 122 23 Marseglia
2331 684 64 22 45,82

97 797 121 97 Le
269 793 173 97 due
493 795 445 97 Manovre

61 976 16 17 «
85 968 27 25 A
123 966 106 27 Muvra
237 966 18 26 ?'
274 966 77 26 C’est
370 974 37 17 au
422 965 82 34 petit

31 1006 119 36 journal
168 1006 46 25 des
232 1005 205 26 autonomistes
451 1012 53 17 au-

31 1045 60 37 quel
99 1053 68 17 vous
172 1044 93 35 faites
273 1042 147 27 alhision?
426 1042 79 26 Bah!

33 1085 76 27 C’est
120 1084 27 25 si
155 1086 57 32 peu
224 1083 36 26 de
272 1083 89 31 chose,
379 1082 73 34 qu’il
469 1089 36 17 ne

31 1125 66 26 vaut
99 1125 57 32 pas
165 1122 30 26 la
197 1122 88 35 peine
292 1122 62 25 d’en
358 1120 146 35 parler..»

63 1162 30 32 E,
108 1162 78 26 dette
196 1163 102 33 queste
309 1160 109 35 parole,
429 1158 76 27 Scic-

31 1201 149 35 caghiolu,
198 1201 23 25 il
232 1200 110 30 famito,
364 1198 140 26 continua

31 1242 28 25 la
71 1249 52 17 sua
140 1238 183 36 passeggiata
341 1237 32 25 in
390 1243 115 26 compa-

31 1280 69 35 gnia
113 1279 30 26 di
155 1277 203 35 Brisgiulellu,
378 1274 91 27 tondo
489 1281 15 17 e

31 1320 123 25 asciutto
168 1326 81 17 corne
261 1317 23 25 il
297 1316 110 26 dottore
417 1315 89 25 Azec-

32 1368 34 17 ca
79 1357 150 34 Carbugli.

62 1398 39 26 Di
113 1396 101 36 quella
232 1403 82 18 razza
330 1394 30 26 di
379 1391 124 31 uomini,

32 1445 32 18 ce
75 1437 47 25 n*è
134 1436 53 35 più
199 1434 78 26 diun
286 1434 219 34 rappresentàn-

31 1479 28 23 te
70 1475 159 26 nell’Isola.
241 1473 139 26 Formano
389 1479 60 17 una
459 1478 46 17 ca-

31 1515 110 34 tegoria
149 1514 31 25 di
189 1516 87 31 gente
285 1511 90 26 molto
385 1509 121 27 convin-

34 1557 28 22 ta
73 1552 233 27 dell’eccellenza
318 1549 186 35 delpostula-

31 1595 30 23 to
71 1592 77 26 délia
156 1590 199 35 personnalité
363 1588 144 27 insulaire

33 1634 57 23 très
114 1632 140 33 marquée,
287 1629 145 35 postulato
455 1627 50 26 nel

34 1670 88 26 fondo
135 1669 146 26 autentico
295 1668 212 28 everidico,ma

32 1707 225 36 singoiarmente
264 1707 150 27 screditato
423 1706 32 26 in
464 1713 43 18 se-

31 1749 82 34 gui-to
125 1748 140 26 alTabuso
276 1747 109 26 fattone
393 1745 47 27 dai
449 1753 58 17 ma-

31 1787 128 28 nualetti
177 1786 127 35 pinzuti,
325 1786 44 25 col
386 1783 120 28 visibile

32 1835 86 26 scopo
131 1826 31 26 di
178 1826 106 26 isolare
296 1833 104 18 ancora
413 1823 30 26 di
453 1822 52 36 più

33 1866 23 26 il
67 1866 100 25 nostro
179 1873 87 27 paese
278 1865 48 25 dal
341 1863 108 27 mondo
466 1862 41 25 ci-

31 1904 151 26 vilizzato.

67 1942 96 28 Gente
176 1941 48 26 del
238 1943 77 24 resto
331 1940 177 26 interessan-

31 1981 114 26 tissima
159 1989 16 17 a
192 1980 79 26 studi
274 1988 57 23 are,
349 1978 77 27 fosse
444 1977 63 26 solo

31 2029 50 26 per
92 2021 28 25 le
132 2020 140 30 maniéré,
291 2019 22 25 il
331 2021 69 23 tono
414 2014 94 28 d’inii-

32 2060 65 25 nito
110 2060 146 34 disprezzo
269 2066 55 18 con
336 2057 48 26 cui
399 2057 59 25 ella
469 2055 39 26 ha

33 2107 114 26 sernpre
160 2098 111 26 accolto
284 2098 28 25 le
322 2096 79 27 varie
412 2095 97 26 mani-

33 2137 152 27 festazioni
202 2137 47 25 del
264 2136 177 26 movimento
455 2142 54 17 au-

34 2177 169 26 tonomista.

67 2217 28 26 A
124 2216 75 26 dirla
225 2215 220 30 sinceramente,
478 2212 30 26 lo

34 2259 97 23 strano
144 2255 228 34 atteggiamento
386 2253 29 26 di
427 2252 82 26 alcu-

33 2295 33 26 ni
74 2294 149 27 individu!
233 2294 53 26 che
297 2302 60 17 non
368 2292 100 26 hanno
479 2291 29 25 di

35 2342 80 18 corso
127 2334 55 25 che
194 2334 22 26 il
228 2341 96 23 nome,
338 2340 60 18 non
411 2333 15 24 è
441 2338 67 18 cosa

35 2373 54 26 che
106 2373 92 26 debba
207 2371 208 36 sorprenderci.
425 2370 46 26 Ne
484 2369 23 26 si

32 2417 107 31 poteva
151 2412 152 36 aspettarsi
320 2420 17 17 a
351 2410 108 34 meglio
472 2409 37 25 da

34 2456 80 32 parte
126 2453 30 26 di
171 2451 137 29 timorati,
320 2451 11 25 i
343 2449 91 36 quali,
447 2457 62 17 non

36 2492 113 27 avendo
161 2494 103 32 saputo
283 2489 109 35 reagire
410 2491 99 23 contro

35 2532 123 27 l’azione
170 2530 155 26 invadente
338 2537 14 17 e
364 2528 105 26 nociva
479 2527 29 25 di

35 2571 163 30 Marianna,
218 2569 24 25 si
255 2576 71 19 sono
338 2567 170 25 fmalmente

37 2609 184 27 dimenticati
232 2608 35 26 di
277 2615 19 18 a
307 2607 103 31 filetta.

68 2649 110 26 Vedete
189 2646 193 36 Brisgiulellu
399 2653 16 17 e
431 2644 78 26 Scic-

40 2689 134 34 caghiolu
185 2696 6 17 :
208 2694 71 19 sono
292 2684 216 36 perfettamente

37 2727 130 33 persuasi
177 2726 51 26 che
240 2727 110 33 quanto
359 2724 29 26 la
396 2726 112 31 stampa

38 2767 169 33 quotidiana
225 2765 23 26 li
267 2766 92 29 conta,
373 2762 135 26 relativa-

36 2809 97 23 mente
152 2805 60 26 alla
230 2803 118 36 politica
367 2802 114 26 interna
493 2809 15 17 e

37 2848 99 31 estera,
160 2846 16 24 è
194 2843 101 35 parola
314 2842 30 25 di
362 2840 144 34 Vangelo.

35 2883 169 27 All’infuori
225 2882 30 26 di
276 2883 104 33 questa
398 2887 110 18 manna

36 2922 228 34 providenziale,
297 2927 58 18 non
381 2918 126 30 vedono,

36 2969 59 19 non
108 2964 131 28 sentono,
253 2967 60 18 non
325 2961 125 32 gustano
463 2964 45 18 as-

36 3001 193 26 solutamente
241 2999 109 26 niente.
375 2996 52 26 Ciò
444 3003 64 27 per-

36 3047 103 24 messo,
154 3040 32 24 in
198 3038 54 26 che
264 3036 83 26 modo
359 3036 99 25 laloro
468 3037 41 23 at-

34 3080 137 24 tenzione
193 3076 138 35 potrebbe
354 3082 92 18 essere
470 3074 39 25 ri-

34 3118 145 25 chiamata
201 3116 35 25 da
258 3113 163 35 angosciosi
443 3120 65 26 pro-

34 3156 98 31 blemi,
153 3155 79 26 délia
252 3153 147 26 soluzione
416 3152 29 25 di
459 3151 48 26 cui

34 3195 127 35 dipende
185 3195 28 25 la
233 3193 61 26 vita
316 3197 91 21 stessa
429 3191 79 25 délia

35 3233 119 26 Corsica
164 3233 13 26 ?

68 3272 53 26 «JJ
123 3271 219 29 autonomisme,
365 3269 40 25 les
427 3269 81 24 auto-

35 3312 145 28 nomistes,
203 3312 63 24 tout
287 3317 32 24 ça
341 3309 64 25 c’est
425 3307 35 25 de
479 3306 29 25 la

37 3349 111 36 blague.
168 3349 102 27 Mieux
286 3349 67 25 vaut
371 3355 34 19 ne
419 3346 89 34 point

37 3396 31 18 en
78 3390 114 34 parler.
203 3398 16 16 »

70 3428 19 26 E
112 3437 61 18 non
196 3428 55 26 soli
277 3425 190 35 Brisgiulellu
493 3430 15 18 e

38 3464 202 38 Sciccaghiolu
263 3473 71 19 sono
355 3463 29 26 di
405 3465 103 32 questo

38 3511 104 27 parère,
151 3515 47 18 ma
207 3514 71 26 pure
286 3502 221 33 Tambusgellu,

41 3540 168 41 Balisgione,
230 3543 182 28 Canistrone,
431 3542 76 23 tutta

41 3578 24 29 la
94 3584 148 27 camarilla
274 3579 187 37 pidocchiosa
493 3584 14 17 e

43 3623 191 35 svergognata,
246 3619 124 27 infine...

71 3659 21 28 Il
115 3666 98 23 nostro
237 3666 86 28 paese
349 3658 78 33 però,
458 3654 49 34 già

42 3695 123 33 elencato
186 3699 47 27 dal
255 3695 167 35 compianto
438 3693 70 26 irre-

531 965 125 26 dentista
665 966 195 27 Clemenceau
869 967 43 26 fra
923 967 81 35 quel-

530 1004 22 25 li
573 1004 29 25 di
623 1005 152 26 mentalité
790 1006 137 34 spéciale,
944 1014 59 17 non

530 1043 119 26 sarebbe
661 1043 23 26 il
695 1052 86 26 paese
794 1044 47 25 dei
854 1044 148 29 contrasti,

530 1088 39 24 se,
583 1085 129 31 appunto
724 1082 30 25 in
764 1083 78 25 detta
852 1083 151 34 questione

530 1121 205 32 autonomista,
758 1122 59 34 egli
838 1130 60 18 non
915 1130 37 17 ne
964 1121 40 26 of-

530 1158 82 26 frisse
623 1168 60 17 uno
695 1164 167 23 veramente
877 1161 124 26 curioso.

561 1197 131 27 Accanto
714 1207 16 17 a
750 1200 96 33 quelli
870 1200 54 25 che
943 1207 60 18 non

531 1236 157 25 accordano
700 1238 130 24 neanche
839 1246 59 16 uno
908 1245 96 26 sguar-

531 1273 35 25 do
578 1274 29 25 al
619 1277 99 23 nostro
731 1275 92 26 sforzo
836 1278 74 23 sotto
924 1275 9 26 i
941 1275 62 26 vari

531 1313 103 33 aspetti
647 1321 6 17 :
669 1314 114 31 storico,
799 1314 117 32 sociale,
931 1314 73 26 folk-

531 1351 138 32 loristico,
694 1353 130 33 politico,
850 1362 93 23 ecc...,
973 1354 31 25 vi

531 1397 68 18 sono
610 1391 101 34 quelli,
723 1392 113 31 invece,
847 1392 53 26 che
909 1392 96 26 inten-

532 1429 74 25 dono
619 1429 131 27 dedicare
768 1432 29 24 la
813 1431 117 34 propria
944 1430 60 27 vita

532 1476 16 17 a
555 1468 117 26 l’esame
682 1471 171 33 scrnpuloso
859 1485 35 4 —
902 1473 101 31 troppo

532 1508 169 34 scrupuloso
710 1523 34 4 —
754 1509 28 25 di
793 1509 141 34 qualsiasi
941 1509 63 25 vel-

533 1546 70 26 leità
615 1548 204 25 autonomista.
840 1548 162 31 Dottoroni,

532 1585 229 33 scrivaccioloni,
774 1595 16 17 e
802 1587 92 26 anche
906 1590 99 22 strate-

532 1624 29 34 gi
580 1624 36 26 da
634 1625 81 32 caffè,
734 1626 209 26 costituiscono
962 1634 42 16 un

532 1671 112 27 gruppo
668 1668 142 31 compatto
834 1665 30 25 di
885 1664 118 35 patrioti

533 1703 272 34 sempiternamente
832 1704 132 34 occupati
987 1712 17 16 a

534 1742 174 26 denunciare
721 1751 16 17 «
745 1743 27 25 le
787 1743 113 35 danger
911 1751 94 27 gran-

533 1781 114 26 dissant
658 1782 35 24 de
703 1782 264 31 l’autonomismes,
988 1790 16 17 a

533 1820 186 26 sottolineare
727 1821 49 25 «la
784 1829 114 17 menace
900 1820 105 35 fascis-

535 1860 26 23 te
570 1867 52 17 sur
632 1860 30 24 la
677 1859 89 25 Corse
775 1868 25 17 ».

567 1898 34 24 In
613 1898 81 24 virtù
712 1898 29 24 di
753 1899 71 32 quai
841 1898 163 25 misterioso

534 1934 162 32 fenomeno,
709 1936 29 25 la
753 1937 199 33 cospiragione
960 1936 45 25 del

533 1974 121 34 silenqio
675 1974 49 25 dei
742 1974 99 35 primi,
863 1976 16 24 è
899 1975 106 25 andata

533 2012 48 26 via
589 2013 49 25 via
648 2013 166 26 mutendosi
823 2022 50 25 per
882 2022 67 17 cura
959 2014 45 25 dei

534 2052 119 25 secondi
664 2052 33 25 in
705 2060 60 18 una
773 2060 150 18 rumorosa
933 2053 72 34 pub-

533 2091 101 25 blicità
643 2091 13 25 ?
675 2091 96 26 Punto
796 2092 30 25 di
849 2092 157 34 interroga-

534 2130 84 26 zione
635 2133 82 23 tanto
738 2131 54 34 più
818 2131 185 35 enigmatico,

536 2169 52 26 che
600 2177 128 18 nessuno
746 2170 144 26 elemento
906 2178 98 18 nuovo

534 2210 57 32 può
601 2207 176 36 giustificare
790 2217 42 18 un
843 2209 97 25 simile
954 2209 52 25 du-

535 2248 110 25 alismo'
651 2247 32 26 di
701 2256 138 18 manovre
848 2256 6 17 :
874 2248 11 25 i
900 2248 105 26 fautori

536 2287 66 25 delF
612 2287 211 25 autonomisme
847 2294 72 19 sono
936 2287 69 34 oggi

536 2326 70 34 quel
618 2326 52 25 che
681 2334 85 17 erano
778 2326 55 25 ieri
845 2334 14 17 e
871 2326 69 32 quel
952 2326 53 26 che

536 2373 122 17 saranno
670 2365 129 25 domani.
819 2365 38 25 Le
871 2365 134 26 direttive

536 2407 89 23 stesse
635 2404 50 26 del
695 2404 177 27 movimento
885 2412 71 18 sono
966 2405 40 25 ri-

536 2446 92 23 maste
641 2443 160 26 immutate.
814 2443 163 35 Dunque...

567 2485 234 32 Naturalmente,
836 2486 169 34 Fillogismo

536 2528 93 22 creato
642 2525 49 25 dal
704 2525 152 33 rispettivo
868 2526 137 33 atteggia-

535 2566 95 22 mento
639 2563 46 25 dei
694 2563 203 33 Brisgiulellu,
905 2563 102 26 Canis-

534 2606 91 28 trone,
652 2602 213 34 Sciccaghiolu,
897 2610 16 17 e
933 2603 36 25 da
995 2603 10 25 i

535 2642 151 35 professori
709 2650 18 17 o
749 2641 168 34 giornalisti
936 2642 70 25 Pin-

535 2684 115 29 zutone,
670 2680 225 32 Bavacciulone,
923 2689 80 18 ecc...

1025 791 60 18 non
1096 784 16 24 è
1132 792 131 25 neppure
1284 786 156 33 sospettato
1461 784 36 25 da

1026 821 95 34 questi
1142 822 145 25 silenziarì
1312 831 15 17 e
1351 822 143 26 sicofanti.

1026 862 68 31 Noi,
1109 865 78 31 però,
1201 871 143 18 saremmo
1356 863 32 26 in
1401 863 96 26 diritto

1027 900 30 26 di
1069 901 177 26 domandare
1254 910 17 17 a
1282 902 96 26 favore
1390 902 28 25 di
1428 902 70 34 quai

1030 942 197 26 metamorfosi
1239 943 26 25 ci
1273 944 139 25 troviamo
1424 951 75 18 cam-

1030 980 80 28 biati,
1133 981 29 25 di
1183 981 173 26 illusionisti
1373 982 125 34 disprez-

1031 1022 102 31 zevoli,
1148 1023 31 25 in
1195 1022 189 34 foliculaires
1394 1023 105 34 dange-

1030 1068 69 17 reux
1111 1069 58 17 aux
1181 1070 114 23 moyens
1303 1062 148 33 puissants
1464 1062 35 25 de

1027 1103 203 33 propagande,
1244 1103 125 26 tenendo
1382 1103 89 25 stretti
1483 1111 16 17 e

1030 1140 133 27 continui
1183 1142 126 34 rapporti
1329 1142 76 25 collo
1429 1143 70 24 stra-

1030 1179 90 25 niero.

1063 1220 39 25 La
1122 1224 99 22 nostra
1241 1229 129 27 sorpresa
1396 1228 104 27 appare

1030 1264 80 22 tanto
1119 1262 52 34 più
1183 1263 155 34 legittima,
1350 1262 52 26 che
1412 1263 22 25 il
1447 1262 53 26 fat-

1030 1302 28 23 to
1065 1300 29 26 di
1101 1302 257 32 potere,mediante
1365 1310 59 17 una
1433 1302 66 25 ade-

1031 1344 87 29 quata
1135 1340 245 35 organizzazione,
1401 1340 98 26 corris-

1029 1378 127 34 pondere
1176 1388 55 17 con
1254 1380 68 34 quel
1349 1379 150 26 benedetto

1030 1421 151 31 straniero.,
1203 1422 202 26 minacciando
1417 1421 30 26 in
1458 1421 42 25 tal

1031 1460 84 25 modo
1140 1461 171 34 l’intégrité,
1336 1461 101 25 l’unité
1460 1460 39 24 du

1027 1501 82 31 pays,
1124 1500 237 31 necessiterebbe,
1375 1501 71 24 oltre
1463 1499 37 25 ad

1031 1541 167 26 incredibili
1210 1542 61 25 doti
1283 1542 31 25 di
1333 1542 167 33 intelligen-

1030 1588 33 16 za
1075 1588 15 17 e
1103 1580 29 26 di
1144 1580 140 34 giudizio,
1304 1589 59 17 una
1379 1580 120 35 ampiez-

1030 1630 32 17 za
1074 1622 29 25 di
1121 1622 108 26 vedute
1249 1622 142 34 politiche
1407 1623 92 32 degna

1032 1662 46 26 dei
1094 1663 53 33 più
1168 1662 105 35 grandi
1290 1662 117 26 statisti.
1429 1661 67 31 Ora,

1031 1712 79 17 corne
1128 1705 26 25 si
1165 1704 138 34 potrebbe
1319 1704 146 26 attribuire
1482 1712 17 16 a

1031 1745 86 32 gente
1128 1743 128 25 incolore
1275 1751 14 17 e
1299 1743 136 34 incapace
1455 1751 46 17 co-

1031 1790 46 17 rne
1090 1783 50 24 noi
1161 1782 92 26 simili
1272 1782 121 34 qualità,
1415 1790 85 17 senza

1032 1832 108 18 correre
1152 1825 22 25 il
1186 1824 108 26 rischio
1305 1824 29 26 di
1346 1824 67 26 farci
1426 1827 75 31 trop-

1031 1871 36 27 po
1077 1863 105 26 onore?

1065 1905 27 25 A
1105 1913 37 25 qu
1145 1913 36 16 an
1185 1905 39 24 du
1242 1907 119 31 troppu,
1379 1913 17 16 a
1411 1912 90 25 quan-

1032 1943 38 24 dïi
1082 1943 125 25 micca...
1224 1942 30 26 EJ
1264 1943 56 25 ben
1333 1944 51 32 qui
1395 1942 51 25 che
1455 1950 47 17 oc-

1032 1989 78 18 corre
1127 1981 144 26 ricordare
1290 1981 117 26 Lantico
1429 1984 72 22 mot-

1031 2027 28 23 to
1068 2024 30 25 di
1112 2023 101 27 Cirrto.
1227 2023 158 35 Impiegate
1395 2031 106 18 succes-

1032 2063 159 26 sivamente
1209 2071 16 17 o
1244 2063 256 25 simultaneamen-

1031 2105 38 28 te,
1094 2104 28 24 le
1143 2102 57 25 due
1219 2109 147 24 manovre,
1396 2101 104 34 quindi

1032 2144 176 26 dimostrano
1220 2152 60 18 non
1291 2144 63 24 solo
1369 2144 133 25 l’assolu-

1031 2186 29 23 ta
1067 2183 199 26 infondatezza
1273 2182 79 34 degli
1358 2190 143 27 argomen-

1031 2223 23 25 ti
1064 2222 89 26 messi
1167 2221 121 26 innanzi
1308 2222 190 31 l’avversario,

1032 2273 46 18 ma
1088 2272 72 27 pure
1171 2264 184 34 l’impotente
1367 2272 15 16 e
1393 2264 108 26 rabbio-

1032 2312 31 18 sa
1082 2302 171 26 confusione
1274 2302 47 25 dei
1333 2303 107 25 nemici
1453 2303 47 26 del

1031 2342 180 26 movimento
1227 2341 206 25 autonomista.

1065 2384 156 27 Dell’una.
1246 2391 80 17 corne
1360 2383 142 26 delFaltra

1033 2426 114 27 sconcia
1157 2433 149 23 manovra,
1317 2425 184 26 siamosicuri

1033 2470 53 25 che
1097 2469 30 25 la
1136 2467 205 34 maggioranza
1353 2467 78 25 délia
1442 2468 61 25 col-

1032 2507 127 28 lettività
1167 2514 80 18 corsa
1256 2506 83 34 saprà
1347 2513 155 27 preservar-

1033 2548 34 30 si,
1088 2546 121 26 facendo
1227 2546 59 24 cosi
1301 2544 135 34 giustizia
1452 2546 49 25 del

1033 2589 106 27 servile
1150 2587 139 26 mutismo
1302 2594 80 17 corne
1390 2586 112 26 dell’in-

1033 2628 125 35 glorioso
1169 2627 227 25 scatenamento.

1346 2676 31 25 P.
1387 2675 32 25 di
1428 2676 35 25 B.

1152 2766 225 31 PRUGRESSU

808 3688 47 22 DA
870 3686 58 23 CIO
944 3685 57 22 CHI
1014 3684 55 23 NO’
1084 3686 41 22 ER
1126 3686 21 22 A
1151 3685 52 23 MU
1217 3686 23 21 A
1255 3685 59 22 CIO
1329 3686 58 23 CHI
1400 3685 53 23 NO’
1468 3685 42 22 NE
1523 3684 88 23 SEMU
1624 3684 93 28 JUNTI

1671 789 250 109 [texte
1963 789 375 109 manquant]

1551 940 19 22 E
1582 941 83 27 pillule
1677 941 40 22 chi
1729 948 13 14 a
1751 944 93 25 stampa
1854 948 72 20 super
1934 941 62 21 fran-

1525 980 54 15 ccse
1597 974 24 21 di
1636 973 100 22 Corsica
1754 974 54 21 face
1826 974 89 28 ingoïle
1938 974 57 28 ogni

1522 1006 63 28 jorni
1601 1014 14 14 a
1639 1007 7 21 i
1668 1007 35 21 so’
1728 1007 83 21 iettori
1833 1013 118 22 superanu
1973 1006 22 21 in

1525 1039 127 28 peslilenza
1671 1044 25 17 e'
1706 1040 90 29 porghe
1817 1040 38 21 chi
1875 1046 13 15 a
1906 1039 90 29 grande

1525 1075 91 26 stampa
1628 1073 108 29 parigina
1756 1073 148 22 amministra
1924 1078 71 16 senza

1525 1108 59 19 retta
1595 1113 14 14 a
1623 1113 13 14 u
1649 1106 89 28 populu
1751 1113 13 14 u
1778 1106 41 28 più
1831 1113 13 14 «
1852 1112 61 22 gogo
1924 1113 11 13 »
1945 1105 24 21 di
1981 1112 14 14 a

1525 1139 82 22 Terra.

1553 1172 93 22 Eceune
1668 1172 97 29 qualchi
1796 1171 117 29 campioni
1937 1171 57 22 eolti

1525 1205 111 22 st’etima.

1552 1238 83 28 Sopr’a
1648 1245 14 15 u
1675 1238 123 28 problema
1816 1239 23 20 di
1852 1245 13 15 e
1875 1237 119 22 Minuran-

1525 1278 26 15 ze
1561 1278 6 15 :

1551 1326 11 11 «
1569 1318 47 20 S’il
1626 1318 104 24 plaisait
1737 1318 15 20 à
1763 1318 43 19 des
1819 1317 125 21 Alsaciens
1957 1316 39 19 de-

1525 1352 72 13 venus
1602 1345 114 25 français,
1726 1352 28 14 en
1763 1348 67 17 vertu
1838 1345 33 20 du
1879 1344 77 23 traité,
1965 1343 30 20 de

1524 1380 26 13 se
1565 1374 133 19 considérer
1712 1380 86 13 comme
1821 1379 46 14 une
1887 1371 110 21 minorité

1525 1401 141 23 allemande,
1675 1408 30 15 en
1713 1402 79 19 raison
1801 1401 30 19 de
1843 1401 51 19 leur
1905 1399 90 24 origine

1525 1431 24 17 et
1555 1429 30 19 de
1598 1429 52 20 leur
1662 1429 95 25 langue,
1772 1436 59 13 nous
1845 1435 29 13 ne
1886 1432 109 16 saurions

1525 1463 59 13 nous
1588 1458 80 23 prêter
1675 1458 17 19 à
1701 1460 58 17 cette
1767 1456 135 21 distinction
1914 1455 82 23 illéga-

1525 1485 28 19 le.
1566 1484 36 21 Ou
1610 1491 58 14 vous
1675 1487 70 24 optez
1750 1488 63 21 pour
1820 1484 25 20 la
1859 1484 97 20 France,
1965 1488 30 13 ou

1525 1519 57 13 vous
1590 1515 70 21 optez
1665 1516 62 21 pour
1733 1513 163 23 l’Allemagne.
1907 1511 28 20 Si
1939 1516 57 14 vous

1525 1541 81 19 voulez
1615 1544 72 16 rester
1694 1540 138 22 allemands,
1839 1542 122 17 retournez
1966 1543 28 14 en

1525 1568 138 25 Allemagne
1677 1575 31 13 ou
1719 1570 201 19 soumettez-vous,
1938 1566 57 20 chez

1525 1603 65 16 nous,
1600 1603 49 14 aux
1663 1596 145 24 obligations
1821 1596 113 24 imposées
1946 1600 50 13 aux

1525 1625 121 23 étrangers
1653 1624 126 20 résidants.

1549 1652 23 20 Il
1578 1659 29 13 en
1616 1652 82 20 devait
1704 1653 47 18 être
1759 1652 30 19 de
1797 1652 74 19 même
1877 1651 62 19 dans
1943 1652 52 17 tous

1525 1680 34 20 les
1570 1683 70 22 pays,
1649 1682 24 17 et
1686 1680 49 19 l’on
1749 1686 29 13 ne
1790 1680 49 19 voit
1850 1682 47 21 pas
1909 1678 86 25 qu’une

1525 1709 105 24 question
1636 1708 31 19 de
1671 1708 118 20 minorités
1796 1707 133 20 nationales
1931 1706 64 25 puis-

1524 1743 26 13 se
1556 1743 27 14 se
1588 1740 71 21 poser
1665 1736 89 20 devant
1761 1736 26 19 la
1796 1735 93 21 Société
1894 1735 43 20 des
1948 1734 46 21 Na-

1525 1765 68 19 tions.

1551 1843 44 20 Les
1611 1842 121 20 minorités
1746 1842 97 20 doivent
1857 1848 25 13 se
1901 1841 92 24 fondre,

1525 1871 170 24 s’amalgamer
1702 1871 62 19 dans
1777 1870 26 19 la
1817 1875 77 15 masse
1902 1869 30 19 de
1946 1869 50 20 leur

1526 1898 107 20 nouvelle
1641 1898 92 20 nation.
1740 1902 11 10 »

1554 1938 42 22 Slu
1616 1938 116 21 vumitivu
1752 1940 157 19 ctincenlralu
1927 1939 14 20 è
1957 1937 38 22 fir-

1528 1974 63 19 matu
1603 1971 44 21 Pol
1659 1970 124 23 Hardiuin.

1553 2003 67 23 Pietà
1628 2011 42 22 per
1677 2004 165 29 st’apoLîcariu
1856 2004 37 22 chi
1904 2011 31 14 un
1943 2003 52 22 face

1528 2038 44 22 che
1583 2038 94 28 seguità
1689 2037 144 22 I’ordinanze
1853 2037 22 21 di
1891 2044 13 15 a
1916 2037 80 22 dutlu-

1528 2078 64 15 ressa
1604 2070 124 23 Mariânna
1737 2071 6 21 !

1554 2104 37 22 Ma
1611 2104 77 22 èccuti
1708 2104 101 21 un’altra
1827 2105 168 27 preparazione

1527 2145 14 15 a
1551 2146 13 13 «
1573 2138 85 28 l’ipeca
1666 2144 22 19 »,
1703 2137 58 22 fatta
1775 2145 14 14 u
1798 2140 79 19 stessu
1887 2138 72 27 jornu
1972 2138 22 21 in

1527 2172 23 21 la
1561 2174 79 19 stessa
1649 2171 145 21 intusicante
1808 2171 104 22 officina.

1554 2205 54 26 Qui,
1615 2204 149 22 rarticulista
1774 2204 122 29 s’indegna
1905 2205 24 21 di
1937 2205 59 21 vede

1528 2245 45 15 una
1586 2238 136 21 minuranza
1731 2238 145 22 maltrattala
1887 2238 22 21 in
1918 2239 78 28 segui-

1529 2275 22 19 tn
1561 2279 14 15 a
1582 2271 178 29 l’applicazione
1768 2271 24 21 di
1802 2279 14 14 u
1823 2271 84 29 dogma
1914 2278 82 22 espos-

1528 2309 23 18 tu
1563 2305 30 22 da
1602 2312 16 14 u
1629 2305 52 28 sgiò
1691 2304 106 22 Harduin
1808 2313 6 13 :

1553 2356 11 11 «
1571 2351 68 20 Dans
1645 2351 23 19 le
1676 2350 130 25 Spruwald
1813 2354 23 17 et
1843 2351 61 20 dans
1909 2352 22 19 le
1936 2352 61 20 Lan-

1527 2380 46 19 sitz
1581 2385 75 14 saxon
1665 2382 24 17 et
1694 2379 110 24 prussien
1813 2379 81 20 vivent
1904 2383 93 21 quatre-

1527 2407 68 25 vingt
1601 2407 64 20 mille
1677 2406 103 22 Wendes,
1791 2409 51 18 tout
1849 2413 26 13 ce
1883 2408 43 24 qui
1936 2410 60 18 reste

1527 2436 56 19 d’un
1589 2434 85 25 peuple
1682 2435 43 24 qui
1730 2434 39 24 fut
1774 2435 81 24 grand
1859 2438 23 16 et
1887 2436 110 23 puissant

1527 2466 24 16 et
1556 2469 47 19 que
1610 2463 25 20 la
1642 2462 141 20 civilisation
1788 2464 140 23 prussienne
1936 2470 16 13 a
1960 2470 37 14 ex-

1527 2491 103 20 terminé.
1644 2491 46 19 Les
1703 2490 78 20 débris
1793 2490 30 20 de
1840 2493 59 18 cette
1914 2492 82 20 nation

1527 2519 98 20 avaient
1628 2518 98 22 adressé
1729 2525 46 13 une
1779 2518 100 24 pétition
1886 2519 15 19 à
1906 2519 26 20 la
1940 2519 56 20 Con-

1525 2546 92 24 férence
1624 2546 30 20 de
1662 2546 25 20 la
1696 2546 63 20 Paix
1770 2549 62 21 pour
1843 2547 64 23 faire
1919 2548 78 19 valoir

1526 2574 62 20 leurs
1595 2574 80 20 droits.
1686 2573 83 20 Ernest
1776 2573 84 22 Barth,
1874 2575 43 24 qui
1929 2575 68 20 avait

1526 2603 38 19 été
1570 2602 63 20 dans
1641 2608 26 14 ce
1674 2602 44 19 but
1726 2602 15 19 à
1753 2602 128 23 Versailles,
1888 2601 40 25 fut
1936 2603 61 24 défé-

1526 2631 28 19 ré
1556 2633 64 21 pour
1627 2630 73 20 haute
1707 2629 108 21 trahison
1822 2630 88 20 devant
1923 2631 22 19 le
1956 2631 39 19 tri-

1526 2658 77 20 bunal
1615 2658 120 24 d’Empire
1748 2660 24 17 et
1788 2658 131 20 condamné
1935 2659 16 19 à
1966 2658 30 20 de

1526 2686 67 24 longs
1601 2686 58 20 mois
1667 2686 31 20 de
1702 2686 82 24 prison
1798 2686 62 20 dans
1870 2692 47 14 une
1927 2686 69 24 forte-

2021 948 68 15 resse.
2111 943 64 20 Voilà
2199 947 114 17 comment
2338 944 156 25 VAllemagne

2022 970 71 20 traite
2100 976 39 14 ses
2146 971 126 20 minorités.
2279 980 12 11 »

2049 1010 130 29 Gapiscerà
2190 1012 39 21 chi
2243 1013 152 28 capiscerà...

2050 1043 36 22 Un
2100 1044 103 29 pudemu
2215 1052 71 21 passa
2298 1049 65 19 sottu
2377 1053 13 15 a
2404 1054 12 14 u
2430 1047 65 22 haci-

2021 1078 31 20 nû
2066 1084 31 14 un
2113 1085 11 13 «
2135 1078 134 28 papafard»
2290 1079 24 21 di
2338 1087 15 14 u
2377 1080 117 23 Senatore

2021 1109 101 23 Charles
2139 1110 113 28 Dumont,
2271 1112 81 22 anticu
2374 1113 119 28 ministru,

2021 1149 20 15 s.
2048 1150 23 14 v.
2086 1150 23 21 p.

2047 1175 139 24 St’articulu
2211 1180 71 20 tratta
2305 1179 24 21 di
2348 1179 147 23 l’animosilà

2021 1208 39 22 chi
2067 1216 84 21 sépara
2164 1217 13 14 e
2188 1213 52 20 eusi
2252 1212 64 21 dette
2335 1213 90 22 surelle
2443 1214 51 21 lati-

2020 1248 37 19 ne,
2073 1249 13 14 e
2102 1243 134 22 cunchîude
2256 1245 203 23 c’ùn’imilazione
2483 1254 13 15 a

2021 1281 30 15 un
2061 1276 112 26 accordu,
2189 1277 185 28 sbrumizendu,
2388 1281 64 26 però,
2473 1281 22 20 in

2022 1310 34 19 tre
2067 1308 110 28 colonne,
2189 1310 118 29 inghiulia
2320 1319 44 21 per
2383 1312 86 23 l’Italiâ
2481 1321 13 14 e

2020 1341 118 23 sofistichi
2151 1350 14 14 «
2172 1350 100 21 aperçus
2282 1352 10 13 »
2313 1346 80 28 sopr’a
2412 1346 81 23 l’isula

2021 1375 85 21 sviata.

2047 1407 21 22 A
2074 1407 211 28 Francia,sicondu
2296 1419 14 13 u
2319 1413 55 28 sgiô
2382 1412 111 29 Dumont,

2021 1442 13 19 è
2044 1445 101 21 nuçente
2157 1450 67 15 cume
2236 1444 111 29 I’agnellu
2358 1453 13 15 e
2380 1453 31 15 un
2423 1447 71 21 ricia-

2022 1480 36 15 ma
2068 1475 66 22 nulla
2146 1483 13 15 a
2169 1476 85 24 l’Italia
2262 1486 6 13 :

2046 1528 12 11 «
2065 1520 64 21 Cette
2133 1523 170 22 collaboration
2308 1525 44 21 des
2357 1526 62 21 deux
2421 1534 73 18 graiz-

2020 1548 42 20 des
2069 1552 96 18 nations
2176 1551 88 21 latines
2274 1556 62 21 pour
2350 1555 99 20 éclairer
2460 1556 34 20 les

2020 1575 103 23 chemins
2130 1578 62 20 dans
2200 1579 26 19 la
2231 1581 54 19 nuit
2288 1582 95 20 —dans
2391 1583 34 20 les
2430 1584 66 19 nuits

2018 1604 139 25 pacifiques,
2175 1607 84 20 claires
2270 1609 109 20 d’étoiles
2391 1614 24 16 et
2428 1612 68 19 aussi

2020 1632 61 20 dans
2089 1633 35 19 les
2130 1634 71 24 nuits,
2208 1637 141 20 assombries
2354 1641 49 21 par
2409 1639 35 20 les
2451 1646 43 14 nu-

2020 1666 58 18 ages
2085 1661 96 25 d’orage
2189 1672 26 4 —
2220 1666 62 21 pour
2294 1666 92 23 quelles
2401 1668 94 19 raisons

2018 1690 160 21 pourrait-elle
2185 1692 48 19 être
2241 1692 160 26 interrompue
2406 1694 12 20 ?

2045 1716 45 20 Les
2104 1717 44 20 îles
2160 1718 30 20 de
2203 1719 26 20 la
2252 1727 49 13 mer
2317 1721 177 25 Thyrhénienne

2019 1744 118 21 sont-elles
2142 1747 130 20 convoitées
2274 1751 49 21 par
2331 1750 26 19 la
2365 1751 91 20 France
2464 1758 29 13 ou

2020 1770 104 22 lItalie?
2143 1774 25 19 Il
2178 1775 39 24 n’y
2229 1782 17 13 a
2257 1779 49 21 pas
2325 1778 44 19 dix
2385 1778 109 25 français

2019 1805 42 13 sur
2066 1804 30 20 40
2103 1801 108 23 millions,
2220 1804 44 23 qui
2268 1811 29 13 ne
2302 1805 102 21 riraient
2411 1813 32 14 au
2447 1808 47 19 dis-

2020 1832 67 15 cours
2090 1828 57 20 d’un
2152 1831 154 21 nationaliste
2314 1833 31 19 de
2350 1834 98 21 cabaret
2452 1835 45 25 qui

2017 1855 118 23 parlerait
2147 1857 128 22 d’annexer
2284 1860 49 20 l’He
2339 1861 84 21 d’Elbe
2437 1864 16 19 à
2467 1863 25 20 la

2020 1882 96 23 France,
2123 1887 73 21 parce
2204 1892 46 19 que
2262 1888 122 24 Napoléon
2396 1897 16 17 y
2419 1892 74 23 régna

2020 1912 53 17 cent
2074 1916 68 18 jours
2177 1913 48 20 l’île
2235 1914 104 25 Caprera
2347 1917 31 19 de
2388 1918 107 20 Garibal-

2020 1937 27 19 di
2057 1938 67 23 exilé,
2130 1943 73 21 parce
2216 1943 86 23 quelle
2316 1947 41 17 est.
2366 1951 85 15 comme
2461 1953 32 13 un

2020 1968 131 23 contrefort,
2166 1968 101 22 détaché
2280 1978 27 13 en
2322 1978 56 17 mer,
2389 1974 32 19 du
2444 1974 49 25 Cap

2023 1992 69 21 Corse
2141 2002 31 13 ou
2187 1996 26 20 la
2231 1998 143 26 Sardaigne,
2389 2001 63 20 riche
2465 2008 28 14 en

2020 2020 103 22 hommes
2127 2026 24 16 et
2156 2030 28 13 en
2190 2027 136 23 troupeaux,
2331 2031 75 22 parce
2411 2030 84 24 quelle

2020 2051 36 17 est
2067 2056 46 14 une
2124 2052 102 23 position
2240 2056 147 24 stratégigue
2401 2060 23 16 et
2437 2064 58 13 com-

2020 2078 118 24 merciale,
2151 2081 44 23 qui
2208 2083 81 22 serait,
2304 2084 17 19 à
2334 2087 69 17 notre
2414 2092 81 14 conve-

2021 2111 81 17 nance,
2112 2110 65 17 entre
2184 2108 26 20 la
2220 2110 69 20 Corse
2294 2114 25 17 et
2325 2112 26 19 la
2363 2113 98 20 Tunisie.
2468 2123 12 10 »

2048 2146 37 22 Un
2108 2148 114 23 ritenimu
2243 2151 45 22 che
2299 2159 14 15 a
2329 2153 121 23 malafede
2470 2155 25 21 di

2022 2182 36 19 ste
2067 2180 76 29 righe,
2154 2182 99 23 alzendu
2266 2192 14 14 e
2290 2186 79 28 spalle
2381 2187 113 23 davant’a

2021 2212 8 21 l
2039 2213 131 28 ignuranza
2181 2216 24 21 di
2217 2217 96 23 l’anticu
2326 2220 111 22 ministru
2457 2221 38 22 chi

2023 2247 118 22 cunfonde
2174 2249 101 29 Capraia
2298 2259 14 15 e
2335 2253 118 28 Caprera;
2479 2262 14 14 u

2022 2279 119 24 Francese
2152 2283 126 23 essend’un
2288 2292 56 15 omu
2358 2286 39 22 chi
2409 2294 31 14 un
2453 2295 40 14 cu-

2022 2320 72 15 nosce
2106 2316 74 21 micca
2192 2323 14 15 a
2217 2319 131 27 geografia.

2048 2347 39 22 Ma
2097 2349 76 21 èccuti
2184 2357 32 14 un
2224 2357 106 17 aecennu
2340 2353 22 22 a’
2369 2355 76 21 storia
2454 2355 40 22 chi

2022 2383 89 20 mostra
2122 2382 8 21 I
2140 2383 155 24 universalilà
2307 2386 24 21 di
2340 2393 15 15 e
2367 2393 128 17 cunuscen-

2021 2420 28 15 ze
2057 2414 23 21 di
2092 2414 152 25 I’articulista
2252 2426 6 13 :

2065 2461 56 32 Afa
2130 2462 78 23 vérité,
2215 2463 25 20 la
2251 2464 69 21 Corse
2328 2472 16 13 a
2354 2472 46 14 une
2407 2467 85 21 double

2021 2487 95 21 histoire
2124 2491 43 23 qui
2178 2491 37 19 lui
2225 2492 60 20 tient
2292 2493 16 20 à
2316 2499 72 18 coeur,
2403 2496 43 23 qui
2457 2498 36 17 est

2021 2515 25 19 la
2054 2516 85 21 double
2151 2524 81 14 source
2247 2520 29 20 de
2289 2527 44 14 son
2344 2523 149 23 patriotisme

2021 2549 64 14 corse
2093 2547 23 17 et
2121 2545 107 26 français
2236 2557 25 4 —
2269 2549 58 19 celle
2334 2550 32 19 de
2373 2556 29 14 sa
2410 2551 84 24 longue

2021 2571 110 21 rébellion
2136 2574 31 19 de
2171 2574 62 20 deux
2237 2576 81 20 siècles
2325 2580 81 17 contre
2413 2578 79 23 Gênes,

2020 2600 102 23 symbole
2129 2601 30 19 de
2166 2602 94 23 l’Italie,
2269 2605 81 19 menée
2355 2605 99 25 jusqu’à
2468 2607 25 19 la

2021 2627 134 21 délivrance
2166 2630 74 23 finale
2253 2634 48 21 par
2318 2633 73 19 Paoli
2401 2645 26 4 —
2435 2635 58 19 celle

2021 2654 30 20 de
2058 2655 26 19 la
2092 2658 111 23 conquête
2215 2658 31 20 de
2259 2659 26 20 la
2298 2660 94 20 France
2405 2662 89 20 révolu-

2021 2683 117 21 tionnaire
2150 2688 25 17 et
2186 2685 30 21 de
2229 2687 109 25 l’Europe
2353 2692 50 21 par
2417 2690 76 20 Bona-

2019 2713 71 21 parte
2097 2713 104 23 général,
2211 2715 88 23 consul,
2309 2720 145 21 empereur.»

2049 2752 19 21 E
2088 2752 89 30 Borgu,
2197 2761 14 15 e
2231 2755 161 24 Pontenovu?
2411 2765 13 15 o
2440 2759 53 28 sgiô

2021 2786 110 22 ministru
2140 2788 6 20 !

2048 2818 163 24 Finisceremu
2223 2821 155 31 d’accapacci
2388 2824 24 22 di
2420 2825 75 22 i’ono-

2021 2852 80 22 revule
2113 2853 111 27 Dumont,
2248 2856 20 21 ci
2272 2856 72 22 tendu
2360 2864 13 15 e
2387 2859 35 20 so’
2438 2865 55 15 cun-

2020 2886 149 23 siderazione
2179 2889 156 22 economiche
2347 2898 14 13 e
2370 2892 122 24 sa.nitarie,

2020 2925 13 15 e
2045 2920 69 27 quale
2128 2922 27 20 sò
2172 2921 23 21 di
2209 2928 13 15 u
2240 2925 79 19 stessu
2329 2924 74 28 Iegnu
2419 2926 45 20 che
2477 2933 13 14 u

2021 2958 38 15 res
2063 2955 8 19 t
2073 2960 14 14 u
2098 2960 6 15 :

2064 2996 36 21 La
2117 2997 68 20 Corse
2198 3004 16 13 n
2218 2999 22 19 ’a
2255 2999 49 20 rien
2314 3000 16 19 à
2339 3001 110 20 attendre
2461 3002 30 20 de

2019 3024 95 21 Tltàlie.
2123 3025 52 20 Elle
2186 3028 36 17 est
2232 3029 93 21 pauvre
2338 3034 30 14 ei?
2382 3029 110 20 aliments

2020 3055 23 16 et
2050 3058 29 13 en
2089 3053 118 24 capitaux.
2214 3054 52 20 Elle
2272 3062 29 12 ne
2303 3056 101 23 produit
2408 3060 47 21 pas
2462 3058 31 19 de

2019 3079 42 20 blé
2072 3083 62 21 pour
2146 3082 88 23 quinze
2245 3082 66 24 jours
2324 3083 31 20 de
2369 3090 43 14 son
2430 3086 61 23 pain

2019 3107 72 20 d’une
2103 3109 81 20 année.
2203 3109 48 20 Son
2267 3110 68 24 liège,
2351 3118 38 13 ses
2403 3112 89 21 châtai-

2018 3136 112 24 gniers—
2140 3136 73 24 fruits
2226 3140 25 17 et
2261 3139 91 20 écorces
2365 3149 28 5 —
2402 3147 37 13 ses
2449 3144 42 21 po-

2019 3166 73 17 teaux
2099 3164 30 19 de
2137 3166 60 18 mine
2206 3167 84 22 coupés
2297 3166 64 21 dans
2365 3174 39 13 ses
2408 3168 84 21 hautes

2017 3191 74 25 forêts
2098 3192 31 19 de
2133 3193 57 23 pins
2198 3196 43 16 ont
2247 3200 29 13 en
2285 3195 92 20 France
2386 3203 31 13 un
2425 3197 67 24 large

2020 3219 101 20 marché.
2134 3219 36 21 On
2183 3226 30 14 ne
2226 3223 131 19 trouverait
2367 3226 48 21 pas
2428 3225 16 19 à
2457 3225 34 19 les

2019 3247 87 20 vendre
2113 3253 29 14 en
2150 3248 78 20 Italie.
2244 3249 45 20 Les
2301 3250 102 25 villages
2415 3258 77 14 corses

2018 3278 54 16 sont
2077 3275 79 23 pleins
2168 3276 126 24 d’enfants.
2312 3278 65 20 Cètte
2391 3279 100 21 richesse

2019 3309 28 13 en
2062 3302 111 23 hommes,
2185 3303 26 20 la
2226 3304 69 20 Corse
2307 3312 30 14 en
2355 3309 87 20 trouve,
2460 3315 29 13 en

2019 3330 97 22 France,
2135 3330 61 20 dans
2208 3330 211 25 l’administration
2432 3336 60 19 colo-

2018 3358 66 19 niale
2092 3360 24 17 et
2123 3360 193 23 métropolitaine,
2326 3362 64 20 dans
2397 3363 95 20 l’armée

2018 3388 24 17 et
2049 3386 25 19 la
2089 3386 96 22 marine,
2198 3387 22 19 le
2229 3389 136 23 placement
2378 3390 73 24 facile
2468 3394 23 17 et

2019 3414 179 20 rémunérateur.
2208 3415 72 20 Entre
2292 3417 22 19 le
2329 3417 28 20 15
2365 3418 53 24 juin
2433 3422 23 16 et
2468 3420 22 19 le

2021 3440 27 20 15
2055 3441 98 24 octobre,
2163 3442 33 20 les
2204 3443 106 20 bateaux
2318 3445 31 19 de
2357 3445 26 20 la
2394 3446 96 25 Compa-

2017 3469 56 23 gnie
2080 3469 130 21 Fraissinet
2216 3472 123 20 ramènent
2347 3473 92 26 chaque
2446 3481 44 13 an-

2018 3497 43 19 née
2068 3503 29 13 en
2105 3497 90 21 France
2203 3501 53 17 cent
2263 3499 66 21 mille
2339 3501 88 23 Corses,
2434 3503 57 23 plus

2019 3524 32 19 du
2064 3527 56 17 tiers
2133 3526 30 19 de
2180 3526 27 19 la
2218 3527 143 24 population
2375 3530 72 19 totale
2459 3530 31 19 de

2019 3552 58 20 Vile.
2090 3553 29 19 Ce
2126 3556 54 17 sont
2184 3557 63 21 pour
2253 3555 25 19 la
2284 3556 100 24 plupart
2392 3558 42 19 des
2445 3557 46 20 sol-

2019 3579 62 23 dats,
2091 3580 42 20 des
2140 3582 97 22 marins,
2246 3583 42 20 des
2297 3583 192 24 fonctionnaires,

2019 3607 62 20 leurs
2091 3608 106 26 femmes,_
2209 3609 63 21 leurs
2279 3611 103 24 enfants,
2396 3612 42 24 qui
2449 3614 42 17 ont

2019 3635 38 19 été
2060 3638 85 21 passer
2157 3636 52 20 leur
2221 3640 75 22 temps
2308 3639 31 20 de
2351 3640 138 23 permission

2019 3669 30 13 ou
2066 3663 30 19 de
2112 3670 115 14 vacances
2244 3672 33 13 au
2289 3667 80 19 milieu
2386 3667 30 19 de
2428 3667 63 19 leurs

2017 3689 104 24 familles
2129 3692 62 20 dans
2199 3692 58 21 Vile.
2274 3694 51 20 Par
2329 3697 100 21 rapport
2437 3695 14 18 à
2459 3700 29 13 sa
