2544 3882
37 113 128 52 pour
187 100 73 50 les
281 99 189 50 Sourds
497 106 52 45 et
569 99 72 54 les
666 103 251 71 Aveugles

20 264 97 31 Certains
126 260 59 22 mots
196 258 54 21 sont
259 261 59 23 pour
326 261 45 17 une
380 255 74 28 partie

26 308 39 20 nos
72 291 159 32 compatriotes
238 288 96 22 devrais
341 290 113 27 épouvan-

12 316 30 39 te
62 332 18 23 Il
92 326 65 26 suffit
171 324 28 22 de
212 323 34 22 les
269 328 130 23 prononcer
415 322 41 22 de-

7 349 18 17 31
36 373 9 19 t
50 371 43 19 eux
103 366 59 25 pour
169 358 51 22 leur
228 355 100 29 inspirer
336 362 44 15 une
394 356 51 22 sain
451 368 5 4 •

11 380 114 50 ^frayeur,
137 393 34 22 les
183 390 98 30 plonger
293 388 58 23 dans
368 388 26 23 la
403 389 53 29 plus

5 430 160 37 Extraordinaire
189 425 173 27 surexcitation,
406 424 51 23 leur

5 454 5 34 i
20 478 28 20 .re
55 466 81 34 perdre
145 462 22 23 le
175 459 64 24 Nord
255 461 24 20 et
287 458 35 22 les
334 465 97 22 exposer
443 461 13 20 à

5 502 117 32 commettre
130 497 34 22 les
184 494 52 30 plus
248 492 94 23 lourdes
373 492 82 30 gaffes.

5 545 38 24 [Joe
53 536 73 31 pierre
136 530 80 22 lancée
229 526 58 23 dans
305 532 45 16 une
371 533 64 15 mare
443 528 14 20 à

5 568 123 32 grenouilles
136 570 28 16 ne
173 560 129 32 produirait
313 567 41 22 pas
363 567 31 15 un
402 560 55 22 effet

5 606 49 30 inssi
65 598 118 28 terrifiant.

23 640 33 24 Un
61 636 74 30 prêtre
146 636 66 18 corse
220 635 21 20 a,
255 635 38 20 ici,
301 629 58 20 dans
366 633 26 16 ce
400 629 57 20 vail-

5 677 37 25 lant
47 665 98 37 journal,
158 664 101 23 réclamé
270 660 150 24 l’autonomie
428 660 29 23 de

5 712 52 22 !Ôlre
78 699 163 31 département.
255 696 19 22 Il
287 694 13 24 à
312 695 71 22 invité
407 697 50 20 tous

25 750 6 3 .
46 736 115 24 confrères
173 734 24 20 et
208 734 52 19 tous
272 736 39 16 ses
322 729 135 29 compatrio-

8 784 21 16 es
37 777 13 20 à
61 766 115 28 travailler
184 767 14 20 à
205 770 111 24 procurer
327 770 14 16 a
352 765 23 20 la
387 765 70 20 Corse

8 819 11 15 a
25 805 81 28 faculté
116 802 29 21 de
155 799 106 29 disposer
268 798 37 25 de;
310 804 42 16 son
360 799 57 24 sort;
430 796 27 22 de

5 847 66 22 forcer
90 837 40 22 des
143 834 51 23 lois,
205 832 40 30 qui
258 832 32 22 lui
323 831 134 30 përmeltenî

5 878 103 24 l’assurer
118 875 47 17 son.
182 866 70 26 salut,
266 866 31 22 de
307 866 65 22 vivre
386 868 23 19 et
420 865 37 29 qui

5 905 138 33 ['empêchent
154 902 29 22 de
190 900 101 23 mourir.'

23 944 18 23 Il
51 941 39 29 n’y
99 946 23 20 a,
135 943 27 16 en
175 935 57 26 cela,
246 934 50 22 rien
313 932 144 24 d’extraôrdr

5 980 58 24 iaire.
73 974 61 23 Pour
141 978 16 22 y
167 973 97 19 trouver,
270 970 14 20 à
292 968 83 27 redire,
385 967 16 22 il
411 966 46 23 faul

5 1010 99 29 irraiment
123 1005 65 23 avoir
213 1003 90 29 l’esprit
323 1002 53 22 bien
401 1001 56 23 bou-

5 1049 40 23 shé.
66 1043 61 22 Pour
137 1047 15 23 y
162 1038 124 29 découvrir
296 1037 41 22 des
356 1035 101 35 velléités

5 1083 19 22 le
33 1076 85 26 révolte
140 1079 81 16 envers
236 1072 23 22 la
271 1071 96 26 France,
383 1069 21 27 .il
413 1069 44 22 fau!

6 1104 117 34 •éellêment
134 1107 64 23 avoir
216 1106 34 22 les
266 1112 62 23 yeux
346 1105 53 21 bien
414 1104 43 22 nia]

5 1142 126 26 informés.

23 1182 31 22 La
65 1179 53 30 plus
126 1178 87 28 grande
228 1178 75 26 partie
325 1178 41 18 des
389 1178 71 17 domi-

5 1222 53 18 nons
68 1211 89 30 anglais
170 1211 209 24 sonLautonomes.
391 1207 32 23 Ils
435 1210 26 19 sé

5 1248 126 33 gouvernent
149 1242 171 24 d’eux-mêmes.
355 1241 34 23 Ils
420 1243 42 20 ont

5 1292 20 16 in
30 1281 144 26 Parlement,,
177 1285 30 15 un
217 1277 94 30 budget,
316 1276 44 24 des
363 1277 97 21 recettes

5 1321 13 20 >t
24 1317 44 28 des;.
71 1314 113 30 dépenses
187 1311 126 25 -distinctes
317 1310 30 22 de
355 1309 70 23 celles
432 1306 29 31 4e

6 1359 11 15 a
23 1347 132 30 métropole.
163 1344 56 24 Cëla
230 1344 134 30 n’empêche
375 1347 42 26 pâs
426 1343 35 22 lès

5 1383 122 26 lominions
135 1381 72 22 d’être
224 1379 82 23 fidèles
320 1386 30 15 au
361 1378 62 22 Chef
431 1377 30 22 dé

6 1417 94 29 'Empire
116 1415 156 29 Britannique,
286 1414 29 22 de
329 1412 132 23 contribuer

5 1462 5 14 i
16 1453 21 22 la
45 1450 183 31 prospéritéet-à
239 1449 24 22 la
281 1448 95 22 défense
392 1448 30 22 de
439 1447 22 23 la

5 1485 78 25 Jrande
108 1484 122 28 Bretagne.
255 1482 100 30 L’Algér
363 1489 13 15 e
400 1485 24 19 et
439 1481 23 26 là

5 1517 82 26 funisie
97 1518 77 23 vivent
181 1524 30 16 en
219 1517 87 29 partiel
313 1524 71 19 sous-:
390 1524 31 15 un
430 1516 32 24 tel

5 1554 81 30 ■égime.
100 1551 63 25 Elles
175 1554 42 20 ont
221 1558 38 18 un,
267 1551 89 30 budget
366 1553 14 20 à
396 1551 64 26 elles;

5 1589 32 21 les
45 1586 98 25 éêCettes
151 1585 76 24 et’des
245 1585 113 30 dépenses
370 1587 14 20 à
401 1587 59 27 parti

5 1622 52 22 ïlles
71 1623 42 20 ont
130 1627 45 15 une
193 1620 38 23 vie
251 1619 153 23 entièrement
414 1619 48 22 dis-

7 1657 56 22 inctè
75 1655 30 22 de
117 1654 58 23 celle
194 1654 30 22 dé
238 1654 24 22 la
282 1653 20 23 F
302 1660 70 16 rance
392 1652 71 24 conti-

5 1689 87 23 lentale.
105 1688 56 23 Cela
172 1695 44 23 ;ne;.
223 1690 53 22 veut
291 1694 42 23 pas
354 1686 109 23 toütefôis

5 1724 37 23 lire
61 1722 97 30 qu’elles
174 1729 29 15 ne
221 1721 95 23 veulent
335 1728 42 22 pas
397 1720 29 22 de
440 1720 23 22 la

5 1756 122 30 aétropole,
138 1756 58 22 mais
200 1755 157 29 "simplement
372 1762 45 22 que
428 1754 35 23 lès

5 1791 119 23 :onditions
143 1790 58 22 dans
223 1789 126 30 lesquelles
368 1789 57 22 elles
437 1788 26 25 sè

6 1826 94 22 rouvent
108 1824 126 22 réclament
237 1830 30 15 un
275 1823 88 29 régime
366 1822 96 30 spécial;

5 1860 22 22 )r
36 1859 23 22 la
71 1858 72 22 Corse
160 1857 47 29 qui,
218 1858 96 28 sépâréé
332 1857 31 21 dïi
386 1856 77 22 Conti-

5 1896 51 24 ent,
68 1899 27 16 se
105 1894 79 20 trouve
201 1891 81 29 plaçée
299 1890 59 23 dans
371 1896 46 16 une
433 1890 30 22 si-

7 1927 74 23 uation
96 1925 137 30 spécialeme
255 1927 57 29 peut
325 1925 67 23 vivre
400 1924 26 22 ni
437 1925 26 21 sé

5 1959 126 31 léveîopper
138 1966 56 17 sous
214 1966 45 15 une
269 1958 132 30 législation
423 1957 40 29 qui

5 1995 46 22 i’est
69 2001 43 23 pas
124 1995 14 21 à
157 2000 26 16 sa
196 1992 72 28 taille,
284 1992 59 23 dans
365 1998 47 16 une
428 1994 33 20 al-

5 2028 110 30 iiosphère
127 2030 51 27 trop
186 2027 90 23 chaude
294 2030 30 19 ôu
345 2029 51 27 trop
408 2026 55 23 froi-

5 2064 24 21 le.
56 2066 4 12 :
157 2073 5 4 -

22 2103 30 23 Ce
60 2103 60 22 n’est
139 2109 43 23 pas
199 2100 120 24 d’ailleurs
341 2108 56 16 sans
420 2101 42 22 des

0 2137 83 23 raisons
92 2137 73 22 fortes
171 2139 24 20 et
203 2136 134 22 suffisantes
346 2143 45 22 que
394 2150 4 4 -
401 2142 61 16 nous

0 2171 120 23 réclamons
127 2172 116 22 vivement
253 2171 157 22 l’auioriomie.
427 2170 34 23 La

0 2204 63 24 Corse
73 2208 38 20 est
121 2205 115 27 française
247 2204 83 30 depuis
342 2204 52 30 plus
406 2205 55 21 d’un

0 2239 68 25 siècle.
81 2239 51 23 Elle
139 2246 22 21 a,
174 2240 85 22 durant
269 2241 52 21 tout
340 2245 27 16 ce
376 2241 83 27 temps,

0 2276 100 26 supporté
107 2274 34 22 les
149 2274 98 28 charges
264 2273 30 22 de
313 2272 79 28 l’Etat,
405 2280 56 14 con-

0 2313 61 17 couru
70 2310 14 20 à
95 2314 27 16 sa
138 2307 102 27 défense,
262 2309 14 20 à
288 2313 44 16 son
350 2306 110 30 dévelop-

0 2344 81 25 pement
88 2344 25 20 et
123 2348 14 16 a
148 2348 27 16 sa
186 2341 138 29 prospérité.
342 2340 31 23 Sa
386 2342 74 22 situa-

0 2374 37 23 tion
44 2376 37 24 n’a
85 2376 88 29 jamais
184 2376 97 28 changé.
295 2375 52 23 Elle
355 2382 26 15 se
398 2378 60 23 trou-

0 2409 138 29 vait'pauvre
155 2412 14 20 à
187 2409 140 23 î’annexiôrï:
349 2409 52 23 Elle
422 2412 38 20 est

0 2448 71 17 mcore
78 2444 65 22 aussi
155 2450 87 22 pauvre
251 2443 143 23 maintenant
401 2450 57 16 sous

2 2482 11 15 e
20 2476 65 24 soleil
90 2478 33 22 du
130 2478 125 28 vingtième
261 2477 80 23 siècle.
348 2476 49 24 Nos
406 2484 52 16 rou-

3 2516 22 16 es
43 2514 54 20 sont
121 2512 104 28 toujours
247 2511 173 29 impraticables
435 2514 24 19 el

0 2544 34 22 nal
42 2547 145 21 entretenues
193 2553 7 20 ;
211 2552 44 15 nos
265 2544 91 30 plaiirés
367 2552 30 14 ne
405 2548 54 19 soùt

0 2584 30 16 )as
41 2580 113 22 assainies
158 2587 13 19 ■;
179 2586 43 15 nos
230 2579 86 21 marais
322 2581 138 20 conservent

0 2618 70 17 ncore
81 2613 66 24 leurs,
156 2620 59 15 eaux
222 2615 135 26 stagnantes
367 2615 24 19 et
396 2612 63 23 leurs

0 2645 97 24 niasmes
108 2646 160 30 pëslilèntiels,
278 2648 67 20 notre
353 2647 53 22 voie
415 2646 43 22 fer-

0 2681 28 21 •ée
35 2683 63 20 reste
106 2680 106 30 toujours
220 2680 134 23 inachevée.

18 2713 60 24 C’est
83 2721 42 15 sur
135 2714 24 23 la
168 2714 81 23 réalité
256 2714 30 22 de
299 2721 27 15 ce
343 2714 66 23 triste
427 2717 32 20 ta-

0 2746 57 24 bleau
65 2755 46 23 que
130 2755 59 16 nous
206 2748 131 23 réclamons
348 2748 111 23 l’autono-

481 257 54 22 mie.
549 257 33 22 La
595 258 89 24 France
696 261 40 28 qui
750 268 59 15 nous
822 262 71 28 prend
910 269 43 15 nos

480 289 95 30 impôts,
601 293 38 28 qui
660 294 60 28 jeüe
729 294 43 22 l’or
780 301 43 22 par
838 295 34 21 les
892 295 62 21 fenê-

482 325 48 20 tres
551 331 58 22 pour
630 326 41 22 des
695 327 94 22 affaires
809 328 144 25 électorales,

482 357 39 28 qui
531 357 107 30 s’impose
662 360 148 22 d'iminenses
838 360 117 22 sacrifices

483 398 60 19 pour
554 392 122 23 améliorer
685 393 22 21 le
716 396 50 19 sort
780 394 41 22 des
845 393 110 22 Colonies

482 425 41 28 qui
533 425 33 22 lui
573 426 174 29 appartiennent
754 426 82 29 depuis
847 433 53 22 peu,
919 426 37 22 n’a

480 459 88 29 jamais
575 466 30 22 pu
613 462 95 19 trouver
719 467 31 14 un
762 460 51 21 seul
825 460 59 21 liard
896 466 61 22 pour

484 492 23 22 le
528 493 117 22 bien-être
672 493 29 22 de
721 493 24 22 la
772 493 81 22 Corse.
891 492 65 23 Dans

483 533 41 15 ces
534 526 128 23 conditions
671 526 153 30 l’expérience
843 528 36 21 est
890 526 65 28 faite,

484 567 61 16 nous
552 560 107 25 n’aurons
668 561 87 28 jamais
764 561 49 22 rien
821 562 50 21 tant
883 567 45 22 que
933 559 24 23 la

484 593 75 23 Corse
578 600 51 16 sera
649 588 157 32 a4ministrée,
826 595 132 28 gouvernée

485 627 29 23 de
523 627 74 28 Paris,
613 635 59 15 nous
695 635 72 16 avons
793 635 29 15 au
843 627 115 23 contraire

485 664 53 20 tout
548 664 14 20 à
574 664 93 28 espérer
687 662 68 23 d’une
772 661 186 24 administration

484 696 42 29 qui
533 696 158 30 n’appliquera
700 697 56 22 chez
771 704 61 15 nous
852 703 45 23 que
915 695 43 22 des

485 730 46 23 lois
544 730 66 23 faites
618 738 30 15 en
656 730 75 23 Corse
746 734 24 19 et
775 731 119 29 fabriquée
899 737 60 23 pour

486 764 23 22 la
522 764 79 23 Corse.
610 764 34 23 Le
652 765 94 23 remède
754 772 53 16 sera
815 764 63 23 alors
887 764 72 30 adap-

486 801 23 20 té
518 803 31 18 aü
560 799 81 22 malet'
647 799 25 22 le
677 799 112 24 imédecin
810 806 26 15 se
845 800 116 23 trouvant,

486 833 118 22 d’ailleurs
621 840 28 15 en
667 833 118 25 continuel
797 836 93 19 contact
901 839 59 16 avec

485 874 45 15 son
542 867 97 28 malade,
655 870 57 27 peut
731 867 106 30 toujours
853 866 107 23 modifier

486 908 39 15 ses
534 901 165 30 prescriptions
705 909 31 15 au
740 904 42 26 gré
797 901 41 22 des
858 901 101 22 circons-

487 937 83 21 tances
576 942 30 16 ou
612 936 41 22 dés
663 935 139 23 différentes
818 935 84 30 phases
913 940 51 24 qae-

487 972 128 20 traversera
620 970 23 22 la
655 969 108 24 maladie.
787 969 63 23 C’est
867 969 23 22 là
914 975 46 16 une

486 1004 110 29 question
603 1004 28 22 dé
639 1004 39 24 vie
686 1011 31 15 ou
732 1004 106 27 detnorl,
854 1003 33 23 de
897 1003 63 22 salut

486 1045 33 15 ou
528 1038 30 23 de
565 1038 114 30 complète
688 1038 115 22 ruine.Le
814 1038 71 22 Salut
896 1037 64 23 delà

488 1073 76 22 Corse
580 1075 76 20 avant
676 1074 57 21 tout
742 1072 7 22 !
770 1073 64 22 Tout
850 1072 24 22 le
892 1073 68 21 reste

486 1107 66 23 n’est
559 1113 63 20 pour
632 1113 66 16 nous
704 1106 187 28 qu’accessoire.
898 1105 63 22 Tant

487 1141 37 29 pis
533 1148 59 22 pour
600 1140 30 23 M.
656 1140 125 30 Cyrnensis
802 1143 24 19 et
836 1146 59 23 pour
906 1141 53 20 tous

487 1182 45 16 nos
544 1175 162 30 compatriotes
727 1175 40 30 qui
777 1174 95 23 veulent
888 1173 72 22 entiè-

487 1212 91 20 rement
586 1210 60 22 river
652 1209 23 23 le
687 1212 50 19 sort
749 1208 29 23 de
792 1209 136 28 nolre:pays
945 1208 15 20 à

487 1243 63 23 celui
555 1244 29 22 de
595 1244 22 22 la
626 1243 98 23 France.

723 1293 88 22 Pierre
819 1293 113 26 Ignotus.

576 1392 108 38 Evviva
701 1390 26 39 Â
742 1390 103 38 Muvra
856 1389 11 37 1

506 1511 5 5 .
515 1492 87 22 Cfiella
610 1492 80 25 campi
696 1498 16 14 a
720 1493 69 19 notra
797 1491 85 20 Muvra

514 1524 26 20 in
548 1530 29 14 eu
582 1523 24 21 lu
610 1527 27 17 sO
645 1522 119 22 direttore!

514 1555 57 21 tutti
577 1555 19 21 li
599 1555 80 21 veneri
685 1560 53 15 sera

514 1588 36 20 mi
555 1587 102 24 rallegra
665 1585 26 21 lu
698 1585 47 21 miò
753 1591 61 17 core;

514 1619 29 21 di
547 1618 78 21 l’isula
633 1620 70 18 tantu
710 1619 83 18 amata

516 1650 37 22 mi
558 1652 70 23 porta
636 1649 61 21 sina
702 1648 94 21 l’odore.

515 1700 37 20 Mi
555 1701 69 23 porta
631 1698 75 21 Vodor
713 1697 28 21 di
747 1695 17 22 û
771 1696 112 23 mücchiü,

515 1731 30 20 di
550 1737 17 14 a
577 1729 75 27 filèita
659 1732 15 19 é
681 1725 28 25 di
712 1735 17 15 u
737 1727 122 27 casiagritt;

515 1762 168 21 m’adurmenta
691 1761 25 20 lu
724 1760 46 21 miô
778 1759 62 22 male

516 1793 112 21 cfiid’ellu
640 1792 91 26 semprè
743 1792 34 20 mi
786 1791 81 25 lagrtu:

516 1832 16 14 a
539 1827 79 19 tenace
625 1823 128 25 nustalgia,
775 1843 2 3 .

515 1864 15 13 o
538 1854 40 23 chi
584 1856 79 20 brutta
671 1851 111 25 malaitia
787 1852 11 22 !

515 1905 25 21 E
545 1904 25 21 la
577 1911 59 16 sera,
644 1903 65 26 fattu
714 1909 66 16 cena,

515 1935 80 26 leghiu
602 1935 25 20 la
635 1936 97 19 nuttatà
740 1939 71 17 sana;

515 1973 15 13 o
535 1968 89 24 quantu
629 1966 35 21 mi
667 1966 56 25 face
730 1964 51 21 ride

514 1997 109 26 Vanfarte
630 1996 36 21 d'i
672 1994 155 26 Marignana!

514 2028 25 22 si
545 2029 40 25 qui
594 2028 22 21 ci
620 2028 63 25 fussi
686 2025 108 27 spurtelli

514 2060 72 21 credu
593 2057 229 23 riderian’anch’elli.

516 2109 80 25 Aghiu
603 2108 25 21 lu
633 2106 176 27 miôfigliulellu

513 2141 42 20 chi
554 2144 43 22 per
604 2140 72 20 cantà
681 2139 23 20 si
709 2146 31 13 ne
744 2141 77 22 paga;
832 2150 5 3 -

512 2178 62 15 ancu
586 2170 128 22 durmendu
723 2170 73 25 ripete
803 2176 10 13 :

515 2203 142 25 Calabraga,
669 2201 144 25 Calabraga;

511 2228 85 31 çh’eïlu
603 2233 81 26 campi
689 2233 63 21 Mais
752 2231 67 25 fraie,

511 2266 38 20 d’i
550 2265 67 26 pueti
620 2272 16 14 u
644 2263 112 27 capurale
762 2264 13 20 !
801 2283 3 3 .

515 2315 54 20 Cusi
573 2317 73 22 passa
654 2314 25 20 lu
688 2313 46 21 miò
742 2315 78 22 tempu

511 2346 26 21 in
545 2352 29 14 eu
579 2346 24 20 la
610 2345 46 21 miô
661 2343 152 23 Muvrarella;

509 2376 114 26 spérendu
628 2376 67 25 jorni
699 2375 65 26 felici

511 2415 31 14 eu
551 2409 33 20 mi
590 2408 95 21 cunsolu
698 2413 44 15 cun
751 2406 55 24 ella,

509 2439 226 27 aspettenduch'ella
743 2437 49 21 luci

510 2478 33 14 un
551 2471 62 21 altra
619 2471 45 25 più
673 2470 65 21 bella
743 2469 75 21 Stella.

749 2518 139 22 G-hilormu.

622 2558 293 28 Bordj-Bou-Arreridj.

1091 115 87 75 U
1215 121 113 69 sò
1365 141 113 51 ca
1513 119 319 75 Fiori...

1011 283 171 24 Cuntinuemu
1197 293 16 15 a
1227 292 69 16 serve
1313 294 16 15 a
1344 288 106 29 Cjnrnen-

981 316 33 21 sis
1025 323 13 14 e
1050 323 16 15 a
1073 322 28 17 so
1108 320 64 26 pari
1183 321 42 20 stu
1238 320 87 27 piattu
1338 321 112 22 blindan-

981 350 23 20 te
1015 349 49 26 chi,
1070 356 16 15 a
1090 352 123 26 speremu,
1222 352 134 28 lifirmarà
1365 355 85 22 nanfa

981 388 17 15 u
1009 384 122 23 stomacu.

1012 416 85 23 Credu
1118 418 50 22 ch’i
1184 420 197 23 scrivacciuloni
1396 424 55 20 anti

982 450 95 21 corsisi
1083 452 146 22 rindaranu
1238 455 75 20 contu
1319 455 42 21 chi
1366 456 38 20 cio
1410 455 41 22 chi

982 487 33 16 no
1022 484 162 26 pridichemu
1197 486 72 28 oghie
1276 493 36 16 un
1317 488 36 28 pò
1362 488 67 22 andà
1436 495 15 15 a

981 516 68 26 paru
1057 517 28 21 di
1096 518 97 22 ciocchi
1202 525 17 16 u
1228 521 122 27 capitanu
1357 521 95 22 Morel-

983 547 22 23 li
1013 551 98 22 scrivia
1116 552 28 22 in
1159 552 29 22 lu
1196 553 37 22 62.

1010 582 135 30 Lampemu
1172 592 37 16 un
1228 588 87 21 avvisu
1341 594 9 15 :
1386 588 67 28 Ogni

983 615 54 23 volt
1036 623 16 15 a
1070 616 50 24 ch’i
1142 618 55 24 l’ait
1198 626 15 15 a
1229 620 108 30 puli^ia,
1353 628 16 14 a
1395 623 58 20 stes-

982 655 30 16 sa
1018 650 103 30 chifece
1127 659 18 16 u
1158 653 76 29 colpu
1246 661 16 15 a
1270 654 106 30 Filippu
1384 656 69 21 Dau-

985 684 47 26 det,
1045 686 25 21 ci
1080 688 148 28 stu%$icarà,
1238 690 45 21 noi
1300 691 153 27 trapassare-

984 724 42 16 mu
1036 719 11 21 i
1056 720 98 29 cunfini
1162 721 42 22 chi
1214 722 38 23 no'
1262 729 103 16 aviamu
1373 724 79 21 dicisu

985 752 58 22 d’un
1056 753 116 24 barcacci
1185 757 61 21 mai.

1012 786 105 29 E’pô,ci
1133 788 55 23 vole
1211 796 16 16 a
1239 791 114 22 metteasi
1365 792 27 21 in
1415 793 38 20 tu-

982 822 85 27 pe^u,
1075 822 48 28 più
1138 824 24 20 ci
1167 823 113 29 fraïanu
1296 831 14 15 e
1317 824 48 29 più
1378 825 76 21 mine-

985 860 42 16 mu
1042 862 13 14 e
1067 855 48 29 più
1130 858 101 28 grande
1250 866 12 13 e
1274 865 17 15 u
1307 864 101 17 succesu
1428 859 27 21 di

985 887 190 26 Vautonomisti.

992 940 13 5 ■-
1013 923 168 30 Cuntinuate,
1189 926 33 26 si,
1227 926 34 21 Ei
1267 932 46 16 cor
1311 927 25 21 si
1347 926 106 28 placidi,

985 956 42 23 chi
1037 963 35 17 un
1087 958 146 23 riclamanu
1245 960 44 22 che
1300 966 18 16 u
1330 960 124 22 benessere

984 992 133 22 materïale
1129 999 13 15 e
1154 1000 16 15 a
1180 995 123 21 massimâ
1311 993 99 29 dignità
1416 999 39 16 ré-

981 1025 113 28 gionale,
1104 1032 30 16 ne
1142 1026 81 23 vuletè
1226 1027 38 28 fà
1271 1028 156 28 separatisti.

1353 1081 31 21 P.
1396 1080 30 22 E.
1450 1086 6 32 j

1212 1137 22 20 II

1010 1188 121 25 Affirmons
1139 1189 60 21 donc
1206 1190 29 20 de
1246 1196 102 15 nouveau
1357 1196 44 19 que
1409 1193 47 17 tou-

985 1223 34 18 tes
1030 1220 34 21 les
1072 1221 122 22 tendancës
1202 1220 29 21 dè
1238 1221 22 21 la
1269 1221 71 20 Corse
1353 1224 53 17 sont
1418 1220 38 21 ita-

985 1251 87 21 liennes
1077 1258 88 14 comme
1178 1258 42 15 son
1229 1252 84 24 climat,
1319 1258 37 14 ses
1364 1252 92 24 produoi

986 1282 66 24 tions,
1061 1288 26 14 sa
1094 1282 89 26 langue,
1193 1288 37 15 ses
1238 1289 85 14 moeurs
1339 1286 24 17 et
1370 1288 36 15 ses
1420 1282 37 20 ha-

987 1313 95 21 bitudes.
1091 1313 63 21 C’est
1161 1320 55 16 avec
1232 1313 124 21 l’ancienne
1370 1308 87 25 Étrurie

987 1344 54 21 dont
1048 1344 44 21 elle
1100 1344 47 21 voit
1152 1344 36 21 les
1198 1345 69 24 côtes,
1276 1344 79 26 qu!elle
1368 1350 14 14 a
1390 1344 66 24 noué,

986 1375 40 21 dès
1035 1375 22 21 le
1074 1378 191 19 commencement
1271 1375 30 21 de
1306 1382 43 14 son
1366 1375 91 21 histoire

986 1407 33 21 les
1030 1407 106 21 alliances
1144 1407 33 21 les
1192 1407 51 25 plus
1256 1407 83 21 douces
1343 1414 8 18 ;
1365 1406 56 22 c’est
1429 1412 28 14 en

987 1440 69 25 Italie,
1061 1444 24 17 et
1092 1440 203 26 particulièrement
1306 1439 57 21 dans
1371 1440 22 20 la
1405 1439 53 21 Tos-

987 1478 55 15 cane
1048 1479 45 19 que
1101 1473 29 19 sé
1132 1471 117 21 rendaient
1254 1473 55 19 avèc
1313 1471 144 26 prédilection

985 1503 35 21 -les
1023 1503 106 21 victimes'
1132 1503 30 20 de
1177 1509 37 14 ses
1226 1509 92 19 guerres
1332 1503 126 25 étrangères

987 1541 30 14 ou
1025 1534 124 21 intestines.
1162 1534 43 21 Les
1220 1534 83 20 Corsés
1315 1534 83 20 étaient
1412 1537 47 17 tom

984 1565 65 26 jours
1064 1572 65 18 reçus
1148 1572 29 14 en
1195 1565 69 23 Italie,
1282 1565 53 21 sauf
1349 1566 14 21 à
1377 1565 80 25 Gênes;

987 1603 88 14 comme
1091 1596 217 26 des'compatriotes;
1322 1600 29 17 et.
1365 1596 93 21 nombre

987 1628 124 21 d’hommes
1121 1627 172 26 -remarquables
1297 1628 63 20 dans
1373 1627 33 21 les
1426 1634 33 14 ar-

987 1666 55 17 mes,
1050 1659 57 21 dans
1115 1660 33 20 les
1159 1658 100 22 sciénces
1268 1662 23 18 et
1298 1659 33 21 les
1342 1659 84 24 lettres,
1430 1658 29 20 is-

987 1697 39 15 sus
1034 1691 29 21 de
1074 1691 22 20 la
1104 1691 78 23 Corse,
1200 1693 41 18 ont
1256 1689 87 22 illustré
1359 1690 21 20 la
1389 1689 69 26 patrie

987 1722 187 21 italienne.tantôt
1181 1722 15 20 à
1210 1722 89 25 Naples,
1305 1722 76 20 tantôt
1390 1721 13 20 à
1411 1720 48 21 Flo-

988 1760 72 18 rence,
1070 1757 23 17 et
1100 1754 74 20 tantôt
1180 1754 15 19 à
1203 1753 78 21 Rome.

1013 1785 35 21 Un
1061 1784 41 21 fait
1114 1784 181 26 caractéristique
1308 1790 58 14 nous
1376 1783 83 21 fournit

988 1823 44 13 une
1038 1822 84 20 preuve
1126 1816 104 20 nouvelle
1236 1815 29 21 de
1266 1816 29 20 Ja
1302 1815 110 21 tendance
1420 1814 39 21 des

988 1848 89 21 Corses.
1097 1848 8 3 "
1231 1870 3 3 .

1013 1879 34 21 En
1055 1879 53 27 1793
1114 1879 22 20 la
1144 1877 141 27 République
1292 1877 118 25 Française
1423 1877 36 21 dé-

988 1910 49 20 cide
1045 1911 85 25 qu’une
1138 1909 126 26 expédition
1271 1916 50 14 sera
1329 1909 85 25 dirigée
1422 1916 37 13 sur

988 1941 21 21 là
1015 1940 130 27 Sardaigne,
1151 1945 23 17 et
1181 1942 22 20 la
1212 1942 70 20 Corse
1287 1944 35 18 est
1332 1940 84 22 invitée
1424 1940 13 21 à
1445 1946 14 19 y

988 1974 114 24 coopérer.
1122 1972 78 22 Certes
1214 1972 23 21 là
1254 1973 70 20 Corse
1340 1972 54 22 était
1407 1973 14 19 à
1434 1978 25 14 ce

987 2007 101 17 moment
1094 2003 102 21 dévouée
1200 2004 15 20 à
1222 2004 23 19 la
1250 2003 91 24 France,
1354 2007 23 16 et
1382 2009 78 19 cepen-

987 2034 55 20 dant
1049 2034 54 20 c’est
1111 2041 42 18 par
1158 2030 21 24 la
1192 2034 71 21 Corse
1276 2034 124 25 qu’échoua
1411 2034 49 20 l’ex-

987 2065 108 26 pédition.

1013 2096 63 21 Paoli
1092 2096 105 21 semblait
1213 2097 21 19 la
1242 2096 109 21 favoriser
1361 2100 99 17 ouverte-

986 2131 72 21 ment;
1072 2127 17 21 il
1101 2128 96 21 enrôlait
1213 2128 40 21 des
1269 2128 81 25 gardes
1364 2127 97 25 civiques

987 2166 53 14 sous
1048 2159 22 21 le
1079 2159 195 21 commandement
1284 2159 29 21 de
1321 2159 78 21 Cesari
1407 2159 55 20 Roc-

986 2197 27 14 ca
1021 2190 110 23 Colonna',
1142 2196 42 15 son
1192 2190 115 21 confident
1315 2190 79 21 intime
1405 2193 23 17 et
1434 2196 27 14 en

985 2222 73 21 même
1079 2225 73 22 temps
1168 2222 17 20 il
1204 2221 33 21 lui
1256 2221 67 21 disait
1328 2224 6 4 '
1342 2225 51 17 tout
1407 2222 40 20 bas
1456 2232 6 5 -

987 2261 11 11 «
1004 2252 111 22 Souviens
1123 2253 32 21 toi
1161 2258 45 20 que
1210 2252 22 21 la
1241 2252 123 26 Sardaigne
1373 2256 34 17 est
1415 2252 43 21 l’al-

984 2284 44 21 liée
1042 2284 109 21 naturelle
1163 2284 29 20 de
1208 2287 64 18 notre
1289 2284 31 20 île
1325 2289 7 14 :
1348 2290 45 20 que
1400 2283 56 21 dans

985 2319 50 17 tous
1050 2322 43 14 nos
1105 2315 90 21 besoins
1207 2312 44 24 elle
1261 2320 58 16 nous
1335 2321 14 15 a
1361 2321 94 15 secouru

984 2347 115 21 de-vivres
1107 2350 23 17 et
1143 2347 30 21 de
1180 2346 136 22 munitions:
1328 2353 46 20 que
1387 2346 21 20 le
1422 2345 33 21 roi

984 2378 29 20 de
1026 2378 105 20 Piémont
1146 2384 14 14 a
1171 2377 103 26 toujours
1290 2378 36 20 été
1346 2378 61 20 l'ami
1416 2377 38 21 des

985 2408 85 22 Corses
1078 2412 23 17 et
1115 2408 28 21 de
1160 2409 50 21 leur
1221 2416 76 14 cause.
1306 2409 53 26 Agit
1369 2409 59 21 donc
1435 2408 29 21 de

985 2440 66 26 façon
1059 2441 16 20 à
1087 2447 27 14 ce
1131 2447 45 19 que
1186 2443 58 18 cette
1260 2440 100 21 maudite
1376 2440 88 26 expédi-

985 2472 48 20 tion
1041 2472 50 21 s’en
1099 2472 53 20 aille
1164 2478 29 15 en
1210 2470 75 22 fumée
1291 2478 8 18 ;
1310 2476 12 12 »
1340 2475 25 17 et
1382 2472 28 20 de
1423 2470 39 22 fait

985 2502 142 27 l’expédition
1136 2503 87 21 échoua
1232 2510 41 18 par
1283 2503 125 25 l’impéritie
1420 2503 41 20 cal-

984 2534 103 21 culée.du
1101 2534 92 28 général
1206 2540 64 15 corse
1287 2538 23 17 et
1325 2534 87 26 malgré
1429 2534 32 20 les

984 2572 126 15 murmures
1128 2569 111 18 contenus
1252 2572 41 19 par
1310 2565 21 22 la
1345 2565 116 27 discipline

984 2596 104 21 militaire
1092 2609 8 3 -
1111 2597 29 21 de
1157 2597 116 26 Napoléon
1285 2596 128 26 Bonaparte
1427 2596 33 21 fu-

984 2628 70 24 rieux,
1058 2631 68 17 avant
1133 2631 56 20 tout,
1191 2628 28 20 de
1225 2628 50 21 voir
1283 2634 26 15 sa
1314 2628 72 29 patrie
1393 2628 67 25 adop-

983 2659 46 20 tive
1039 2658 63 21 subir
1114 2665 31 15 un
1154 2659 76 21 échec.
1286 2659 19 19 Yc

1010 2690 83 25 Quand
1099 2696 60 15 nous
1166 2690 79 21 disons
1257 2696 45 20 que
1313 2690 23 20 la
1344 2690 71 21 Corse
1423 2689 34 21 n’a

984 2728 41 18 pas
1029 2722 36 20 été
1073 2721 79 21 traitée
1160 2728 41 19 par
1209 2721 22 21 la
1238 2721 90 25 France,
1335 2727 88 16 comme
1428 2727 30 14 un

984 2753 156 25 département
1162 2752 97 27 français
1281 2759 58 15 nous
1362 2759 30 15 ne
1406 2759 53 14 vou-

1476 285 75 20 drions
1561 292 39 18 pas
1609 293 44 18 que
1667 286 44 21 l’on
1734 294 25 13 se
1776 288 81 24 méprît
1873 294 38 13 sur
1926 288 21 19 la

1476 317 76 23 portée
1560 316 28 20 de
1594 323 41 13 nos
1645 318 95 23 paroles.
1748 318 31 20 La
1787 318 70 20 Corse
1871 319 77 19 certai-

1476 350 91 16 nement
1578 353 13 13 a
1600 348 73 24 gagné
1682 354 27 13 au
1720 352 89 16 contact
1817 349 54 20 delà
1881 349 67 20 Fran-

1476 375 91 27 ce,(i)ne
1576 377 67 21 fût-ce
1648 384 45 18 que
1701 378 82 21 l’ordre
1788 383 23 16 et
1819 380 20 19 la
1848 379 101 26 pacifica-

1476 407 45 20 tion
1534 407 41 20 des
1590 408 79 25 esprits
1677 416 6 13 :
1701 416 58 13 nous
1776 410 85 21 devons
1875 411 72 20 même

1476 439 111 19 constater
1600 439 81 25 qu’elle
1701 446 13 14 a
1731 447 29 13 eu
1777 441 21 19 la
1816 441 90 20 volonté
1919 441 29 20 d.e

1476 474 57 14 nous
1550 469 51 20 bien
1619 469 88 26 traiter;
1730 478 25 13 ce
1775 472 57 20 n’est
1855 479 39 18 pas
1919 479 28 13 en

1476 498 85 21 France
1576 506 44 19 que
1633 507 25 14 se
1671 502 133 24 conçoivent
1820 506 22 16 et
1854 503 94 20 s’exécu-

1476 532 48 17 tent
1535 530 36 20 les
1582 531 84 25 projets
1682 532 29 20 de
1727 532 157 26 l’exploitation
1896 534 52 20 d’un

1476 560 93 25 peuple;
1587 565 22 17 et
1629 563 55 20 c’est
1700 563 21 20 la
1736 564 113 24 gratitude
1858 565 54 20 dans
1927 565 22 20 le

1477 596 70 18 coeur,
1561 598 44 18 que
1614 599 58 14 nous
1683 593 32 20 lui
1724 594 105 21 donnons
1837 595 112 25 quittance

1477 620 29 20 de
1510 627 37 15 ses
1554 622 50 24 plus
1615 623 100 21 sincères
1731 624 77 21 efforts
1817 632 57 18 pour
1886 629 64 17 notre

1478 651 103 22 bonheur
1585 660 6 18 ;
1606 654 43 20 elle
1657 661 13 13 a
1688 654 40 21 fait
1735 662 59 19 pour
1808 662 56 14 nous
1872 659 78 17 autant

1478 684 67 24 qu’on
1555 688 54 21 peut
1625 684 56 22 faire
1693 692 57 19 pour
1767 693 33 14 un
1813 687 52 24 ami,
1882 694 37 13 car
1933 687 17 20 il

1477 713 48 21 faut
1533 714 52 21 bien
1596 722 44 18 que
1658 723 57 14 nous
1732 717 21 20 le
1762 718 121 25 répétions,
1893 724 57 14 nous

1478 751 29 14 ne
1518 751 98 15 sommes
1624 753 45 19 que
1677 747 40 21 des
1729 748 64 24 amis,
1813 752 22 17 et
1851 749 21 20 la
1881 748 70 25 parci-

1478 776 76 20 monie
1570 783 54 15 avec
1646 778 96 26 laquelle
1756 786 30 13 on
1806 786 57 14 nous
1886 779 65 20 traite

1478 813 86 18 prouve
1577 808 52 21 bien
1645 816 46 18 que
1700 809 21 20 la
1733 810 72 24 patrie
1819 810 108 24 française
1937 816 14 14 a

1478 838 39 21 des
1526 838 89 22 enfants
1629 840 47 25 qui,
1684 846 88 14 comme
1786 840 22 20 le
1828 840 66 21 disait
1909 840 43 21 Na-

1478 870 82 24 poléon
1570 870 26 24 I-,
1603 870 143 21 considèrent
1753 871 23 20 le
1784 878 43 18 peu
1836 872 67 24 qu’on
1911 871 41 21 fait

1478 906 59 19 pour
1545 906 58 15 nous
1612 907 88 14 comme
1704 908 30 14 un
1744 902 37 21 vol
1787 901 41 21 fait
1836 903 14 19 à
1858 902 49 20 leur
1920 902 32 20 lé-

1478 930 78 26 gitime
1561 931 106 26 héritage.
1678 932 34 21 De
1719 932 88 26 chaque
1827 934 50 19 côté
1888 932 30 21 de
1929 933 22 20 la

1479 968 48 14 mer
1533 962 40 25 qui
1582 969 56 13 nous
1647 964 85 24 sépare,
1748 970 30 14 on
1793 970 13 13 a
1828 963 56 21 beau
1896 963 56 21 faire

1478 993 34 20 les
1526 992 52 26 plus
1593 993 74 21 beaux
1683 994 186 25 raisonnements,
1891 1002 29 14 on
1938 1002 14 13 a

1479 1023 58 21 beau
1543 1024 266 26 s’exciter,s’énbouragèr
1813 1026 140 25 réciproque-

1479 1058 64 17 ment
1548 1056 14 18 à
1569 1055 94 21 l’amour
1671 1056 68 21 d'une
1744 1057 73 25 patrie
1825 1063 126 17 commune,

1479 1085 33 20 les
1533 1085 113 22 meilleurs
1655 1086 179 22 raisonnements
1860 1087 93 21 échouè-

1480 1120 53 16 rent-
1552 1116 101 26 toujours
1677 1122 77 17 contre
1780 1119 109 20 l’instinct
1893 1121 7 17 i
1904 1119 49 25 -qui

1480 1148 102 22 entraîne
1590 1148 112 23 dans.une.
1707 1149 51 21 voie
1766 1150 109 25 opposée;
1885 1150 67 25 qu’on

1480 1184 58 14 nous
1554 1182 88 18 montre
1658 1179 113 22 d’ailleurs
1789 1187 32 14 un
1835 1180 80 26 peuple
1922 1180 35 21 du'

1480 1209 55 20 midi
1550 1209 40 25 qui
1604 1210 32 20 ait
1649 1210 83 25 jamais
1745 1212 66 24 porté
1827 1218 36 14 ses
1871 1211 84 25 aspira-

1480 1240 60 20 tions
1546 1246 51 14 vers
1604 1241 23 20 le
1635 1242 64 20 nord.

1506 1275 62 16 iNous
1582 1278 29 13 ne
1622 1278 98 18 pensons
1732 1275 59 19 donc
1802 1280 40 19 pas
1853 1280 44 18 que
1909 1275 7 19 I
1924 1280 30 14 on

1482 1301 81 21 vienne
1577 1308 57 14 nous
1642 1306 111 18 contester
1760 1304 23 20 la
1791 1304 130 21 nationalité
1926 1304 29 20 de

1482 1332 20 20 la
1507 1332 78 24 Corse,
1587 1333 52 21 bien
1643 1334 80 25 qu’elle
1730 1335 45 20 soit
1778 1335 138 25 aujourd’hui
1923 1342 30 13 un

1482 1363 153 25 département
1642 1365 30 20 de
1683 1366 100 25 l’empire
1799 1366 104 25 français,
1912 1360 43 26 efie

1482 1399 33 16 est
1524 1395 52 20 bien
1591 1396 105 20 italienne
1705 1403 87 14 comme
1804 1398 21 20 la
1833 1397 122 26 Sardaigne

1483 1429 22 17 et
1512 1426 22 20 la
1543 1426 111 21 Sicile.Or
1662 1427 20 21 si
1688 1428 43 20 elle
1736 1432 35 17 est
1778 1428 178 26 italiennepour-

1483 1457 53 25 quoi
1544 1458 152 21 resterait-elle
1702 1458 111 26 française
1818 1460 12 20 ?
1837 1460 119 20 Comment

1482 1488 77 21 l’unité
1576 1489 28 21 de
1620 1489 22 21 la
1660 1490 76 21 nation
1753 1490 113 25 italienne,
1877 1498 45 19 que
1934 1491 22 21 la

1483 1520 84 20 France
1575 1527 14 13 a
1596 1520 118 25 favorisée,
1723 1522 114 21 existerait
1849 1522 42 20 elle
1903 1529 53 13 sans

1482 1557 46 14 une
1536 1551 30 21 de
1580 1558 36 14 ses
1631 1552 85 26 parties
1723 1552 12 21 ?
1753 1553 31 20 La
1801 1553 83 22 France
1901 1557 56 17 rete-

1483 1585 55 17 nant
1546 1582 29 20 de
1586 1582 41 21 fait
1636 1590 30 14 ou
1675 1583 29 21 de
1720 1584 62 20 force
1790 1576 44 29 I’îie
1842 1584 28 20 de
1878 1584 77 24 Corse,

1483 1614 122 20 trouverait
1613 1621 31 14 un
1656 1618 48 17 mot
1712 1622 57 18 pour
1775 1614 97 26 justifier
1879 1615 26 21 sâ
1913 1614 44 26 pri-

1483 1650 25 15 se
1524 1644 29 21 de
1561 1645 131 25 possession,
1706 1646 29 20 de
1749 1646 56 21 Nice
1818 1650 23 17 et
1849 1646 28 20 de
1888 1646 21 20 la
1918 1646 39 20 Sa-

1508 1706 147 22 Oserait-elle
1664 1714 81 14 encore
1753 1714 98 20 engager
1858 1708 22 20 le
1897 1708 60 25 Pape

1483 1738 14 20 à
1504 1738 80 20 laisser
1591 1739 90 20 revenir
1696 1740 15 20 à
1725 1739 78 21 l’unité
1811 1739 105 21 italienne
1923 1739 34 20 les

1483 1764 62 26 États
1562 1769 90 21 Italiens
1661 1770 53 26 qu’il
1727 1771 131 25 gouverne?
1867 1782 27 5 —
1907 1770 50 26 Que

1483 1800 153 25 pourrait-elle
1652 1801 100 25 objecter
1773 1802 15 20 à
1810 1802 146 25 l’occupation

1483 1831 29 21 de
1525 1831 23 21 la
1556 1831 93 22 Venétie
1667 1838 41 19 par
1720 1832 34 21 les
1761 1832 145 21 Allemands?
1914 1832 43 21 En-

1483 1861 31 21 fin
1523 1869 30 14 en
1561 1863 128 25 persistant,
1698 1863 21 21 la
1728 1864 61 20 main
1798 1864 103 21 mise'sur
1912 1870 45 14 une

1483 1896 60 18 terre
1551 1894 115 25 italienne,
1676 1895 14 20 à
1703 1895 101 21 soutenir
1821 1895 98 21 vis-à-vis
1926 1895 31 20 du

1484 1924 61 26 Pape
1554 1928 23 17 et
1592 1926 29 20 de
1633 1923 121 24 l’Autriche
1767 1926 22 20 le
1806 1926 101 26 principe
1917 1926 40 20 des

1483 1956 149 25 nationalités,
1646 1963 30 14 ne
1692 1957 116 21 court-elle
1824 1963 40 19 pas
1872 1957 22 20 le
1918 1956 41 20 ris-

1484 1993 45 18 que
1541 1987 30 20 de
1579 1988 133 20 ressembler
1723 1989 13 19 à
1754 1995 38 13 ces
1809 1988 150 25 prédicateurs

1484 2018 53 20 d’un
1559 2018 147 26 embonpoint
1725 2025 52 14 rose
1798 2022 24 17 et
1833 2019 70 20 lustré
1919 2018 40 26 qui

1484 2050 185 20 recommandent
1684 2051 14 19 à
1714 2050 50 20 leur
1771 2050 110 20 auditoire
1891 2049 69 21 amai-

1484 2080 35 25 gri
1536 2078 145 24 l’abstinence
1692 2081 55 25 qu’il
1761 2088 25 14 se
1802 2081 94 25 gardent
1906 2080 53 21 bien

1485 2112 29 21 de
1520 2113 115 25 pratiquer
1638 2113 139 21 eux-mêmes
1782 2112 12 21 ?
1802 2113 34 21 Ne
1841 2113 118 25 craignons

1486 2151 40 19 pas
1535 2144 29 21 de
1573 2144 22 21 la
1609 2148 51 21 part
1677 2144 28 20 de
1721 2144 21 20 là
1752 2144 85 21 France
1847 2149 34 16 cet
1895 2146 65 20 excès

1486 2176 206 25 d’inconséquence
1697 2183 8 17 ;
1714 2176 22 20 la
1743 2176 92 26 logique
1843 2176 28 20 de
1875 2182 26 15 sa
1909 2183 54 13 con-.

1487 2207 62 21 duite
1562 2207 117 21 marchera
1692 2207 29 20 de
1734 2207 50 24 pair
1792 2214 55 14 avec
1863 2208 22 20 la
1899 2208 63 20 bien-

1487 2238 110 21 veillance
1609 2241 24 17 et
1639 2238 23 20 la
1676 2238 128 25 générosité
1812 2238 79 26 qu’elle
1900 2241 16 17 à
1929 2242 32 17 té-

1487 2269 93 26 moigné
1587 2276 55 14 avec
1654 2272 49 18 tant
1713 2269 79 21 d’éclat
1801 2270 15 20 à
1823 2270 86 20 l’Italie;

1513 2305 132 22 Cependant
1662 2305 22 15 la
1700 2305 70 17 Corse
1788 2308 15 13 a
1818 2305 9 16 I
1834 2305 86 21 orgueri
1933 2305 28 15 de

1488 2338 83 20 penser
1579 2332 80 26 qu’elle
1665 2335 53 17 vaut
1725 2332 52 21 bien
1790 2332 23 20 la
1820 2332 66 26 peine
1894 2332 67 25 qu’on

1488 2366 59 19 fasse
1555 2370 32 14 un
1592 2362 65 21 effort
1666 2369 57 19 pour
1729 2363 21 20 la
1760 2363 84 21 retenir
1849 2370 7 13 :
1864 2363 21 20 la
1895 2363 67 20 Fran-

1488 2402 26 13 ce
1530 2395 60 20 donc
1606 2394 32 20 lui
1655 2394 85 20 voudra
1758 2395 121 24 persuader
1895 2393 66 26 qu’en

1487 2426 137 20 demandant
1643 2432 26 14 sa
1687 2426 95 20 réunion
1799 2426 14 20 à
1826 2420 77 26 l’Itaîie
1919 2425 44 20 elle

1486 2457 42 20 fait
1537 2464 45 13 une
1590 2457 85 20 sottise.

1513 2488 89 20 L’Italie
1611 2488 57 20 dans
1677 2488 21 20 le
1708 2487 77 21 travail
1795 2488 29 20 de
1835 2494 41 14 son
1885 2486 77 22 enfan-

1486 2523 85 17 tement
1581 2520 35 19 n’a
1628 2526 45 18 que
1685 2519 40 20 des
1733 2519 106 20 douleurs
1856 2519 12 19 à
1877 2517 61 22 offrir
1946 2519 13 19 à

1486 2557 35 14 ses
1534 2550 96 21 enfants.

1511 2582 176 20 L’enfantement
1716 2581 101 25 glorieux
1842 2581 115 25 accompli,

1486 2619 43 19 que
1538 2612 116 21 ferait-elle
1667 2619 57 18 pour
1736 2613 21 19 la
1775 2612 70 20 Corse
1855 2612 49 25 plus
1913 2618 44 19 que

1486 2650 27 14 ne
1524 2644 40 20 fait
1573 2644 20 20 la
1603 2643 101 21 France?

1506 2703 26 22 (1)
1539 2712 22 4 —
1573 2703 34 21 Qui
1617 2707 25 13 un
1649 2707 54 14 semu
1713 2707 46 13 mica
1775 2703 11 17 d
1793 2703 78 18 accordu
1880 2706 22 14 eu
1911 2703 44 17 I’au-

1485 2732 43 17 Lore.

1864 2753 23 18 P.
1895 2754 25 18 R.

1969 116 51 21 Tell
2036 124 24 13 es
2073 120 56 17 sont
2138 117 33 20 les
2181 116 123 25 objections
2321 116 14 20 à
2344 115 99 26 prévoir.

1998 147 86 21 L’Italie
2093 164 4 3 .
2106 148 36 19 n’a
2160 148 165 24 présentement
2344 153 47 18 que
2405 146 40 20 des

1972 177 104 21 douleurs
2085 179 13 19 à
2104 177 62 22 offrir
2175 178 13 19 à
2194 184 36 13 ses
2236 177 95 21 enfants.

1998 208 52 23 Oui,
2060 208 56 20 mais
2131 211 51 17 tous
2196 215 36 13 ses
2249 208 88 20 enfants
2355 208 91 20 brûlent

1972 239 28 20 de
2009 239 89 20 souffrir
2106 242 23 17 et
2136 239 29 20 de
2180 239 121 20 combattre
2318 245 58 19 pour
2393 239 51 20 elle.

1973 269 63 20 Cette
2065 270 138 24 perspective
2234 269 111 21 d’ailleurs
2377 269 70 21 serait

1973 300 72 20 moins
2062 306 57 18 pour
2130 300 21 20 la
2167 300 69 20 Corse
2251 307 29 13 un
2300 300 63 20 effroi
2376 301 70 24 qu’un

1973 331 102 20 excitant.

1999 361 81 25 Quand
2088 362 33 20 les
2133 361 111 21 coursiers
2253 361 38 25 qui
2308 364 92 23 portent
2413 361 33 21 les

1973 392 66 20 héros
2049 393 56 20 dans
2113 393 32 20 les
2156 393 106 24 batailles,
2281 393 123 20 entendent
2414 392 33 21 les

1973 429 54 14 sons
2036 423 112 25 guerriers
2165 425 30 19 du
2208 424 92 24 clairon,
2315 424 50 20 leur
2382 424 65 24 pieds

1973 454 127 25 impatients
2108 454 104 26 frappent
2218 454 22 21 là
2249 459 65 19 terre,
2321 455 62 20 leurs
2388 461 60 19 yeux

1974 484 168 25 s’enflamment,
2152 485 61 21 leurs
2229 492 98 14 naseaux
2344 486 102 24 fument;

1974 517 75 20 lâchez
2057 517 50 19 leur
2114 516 22 20 la
2140 516 62 21 bride
2210 520 22 17 et
2246 524 56 13 vous
2311 524 78 14 verrez
2394 524 54 14 avec

1975 547 73 25 quelle
2059 548 81 20 ardeur
2157 548 27 20 ils
2196 554 25 14 se
2232 548 107 25 jetteront
2355 549 58 20 dans
2426 548 22 20 la

1975 580 81 20 mêlée!
2067 580 6 19 !
2084 580 6 20 !

2000 610 51 24 Que
2058 610 47 20 fera
2111 610 85 25 déplus
2204 610 77 21 l’Italie
2290 617 58 18 pour
2356 611 23 20 la
2394 611 55 20 Cor-

1975 647 25 14 se
2008 648 44 18 que
2061 648 29 13 ne
2097 641 41 20 fait
2143 642 21 19 la
2174 642 85 20 France
2264 642 12 20 ?

2001 671 30 21 La
2038 672 84 20 France
2125 673 35 19 n’a
2169 672 48 20 rien
2224 672 47 24 fait,
2276 679 29 14 ou
2314 674 13 19 à
2334 680 44 19 peu
2387 673 60 25 près.

1976 702 88 20 L’Italie
2071 702 47 20 fera
2127 706 55 17 tout.
2190 703 31 20 La
2230 703 74 21 raison
2315 710 28 14 en
2352 707 36 17 est
2397 704 53 20 sim-

1976 734 36 24 ple
2019 740 6 13 :
2032 734 21 19 la
2062 734 84 20 France
2156 735 79 23 n’apas
2242 735 77 19 besoin
2328 734 57 20 delà
2395 734 55 21 Cor-

1976 770 32 19 se;
2025 764 20 20 la
2061 764 70 21 Corse
2147 768 35 17 est
2195 765 167 25 indispensable
2370 766 14 19 à
2392 765 58 21 l’Ita-

1976 795 36 20 lie.

2002 832 61 14 uans
2071 832 20 14 la
2101 833 110 19 première
2219 832 28 14 de
2252 833 37 14 ces
2301 834 59 13 aeux
2369 833 81 19 propo-

1977 857 78 20 sitions
2072 864 25 13 se
2111 860 80 18 trouve
2205 857 149 25 l’explication
2377 858 30 20 de
2415 858 36 20 l’a-

1977 888 88 20 bandon
2078 888 54 20 dont
2146 888 70 25 gémit
2232 888 21 20 la
2262 888 69 21 Corse
2337 896 7 17 ;
2362 889 59 20 dans
2429 889 21 20 la

1977 918 95 20 seconde
2087 919 88 20 brillent
2187 923 74 17 toutes
2278 920 32 20 les
2322 926 128 19 promesses

1977 948 28 21 de
2013 955 25 14 sa
2046 950 123 25 prospérité
2180 950 90 20 future;-

2003 982 31 20 La
2043 981 84 21 France
2134 982 82 25 n’apas
2222 981 77 21 besoin
2306 982 28 20 de
2339 982 22 20 la
2371 982 78 22 Corse.

1976 1018 4 4 '
2002 1012 24 21 Si
2032 1013 21 19 la
2060 1013 137 25 proposition
2204 1013 111 20 contraire
2320 1013 54 21 était
2380 1013 70 23 vraie,

1977 1050 21 14 ci
2001 1043 70 21 oit-on
2084 1050 46 18 que
2147 1047 57 17 cette
2219 1044 75 20 nation
2316 1044 136 26 vigoureuse

1978 1075 39 25 qui
2030 1076 92 20 exécute
2139 1081 55 14 avec
2211 1075 98 21 décision
2324 1082 26 14 ce
2369 1074 83 27 qu’elle

1979 1106 56 21 croit
2046 1106 55 22 utile,
2112 1107 14 19 à
2143 1112 37 14 ses
2194 1106 99 24 intérêts,
2303 1106 96 23 n’aurait
2412 1112 39 19 p>as

1978 1137 51 25 déjà
2045 1137 121 21 renouvelé
2180 1136 55 22 dans
2253 1144 41 14 nos
2310 1137 71 24 baiës,
2395 1138 56 20 dans

1979 1175 42 14 nos
2033 1169 72 24 rades,
2120 1168 160 26 quelques-uns
2292 1168 29 20 de
2333 1175 38 14 ces
2385 1169 67 20 mira-

1979 1200 46 20 cles
2036 1200 82 25 qù-elle
2131 1206 14 14 a
2162 1200 121 25 prodigués,
2291 1206 41 14 sur.
2337 1206 38 14 ses
2390 1201 61 19 côtes

1980 1231 28 19 de
2015 1231 22 20 la
2048 1230 102 25 manche,
2160 1231 28 20 de
2204 1230 92 21 l’Océan
2305 1234 23 17 et
2339 1229 29 22 de
2376 1230 23 21 la
2408 1230 45 20 Mé-

1980 1261 142 21 diterranée?
2128 1262 61 20 Nous
2194 1268 29 14 ne
2231 1265 116 21 comptons
2353 1262 100 20 évidem-

1980 1296 61 17 ment
2049 1300 56 18 pour
2113 1293 49 20 rien
2168 1293 55 20 dans
2231 1299 36 14 ses
2276 1299 93 19 moyens
2378 1292 30 20 de
2416 1292 37 21 dé-

1980 1323 63 21 fense
2051 1330 47 19 pas,
2105 1324 51 25 plus
2171 1330 46 19 que
2233 1330 58 14 nous
2305 1330 29 14 ne
2347 1330 105 21 pouvons

1981 1355 85 25 ajouter
2073 1355 14 20 à
2101 1361 25 14 sa
2140 1356 132 24 prospérité.
2288 1355 33 20 En
2335 1361 90 14 somme
2431 1355 22 20 la

1980 1388 93 21 France,
2085 1394 14 15 a
2113 1387 75 22 raison
2221 1388 132 20 concentrée
2364 1393 41 14 sur
2418 1393 35 14 ses

1981 1420 60 20 côtes
2058 1419 28 20 de
2102 1420 23 20 la
2141 1419 116 21 Provence
2270 1419 51 20 d’un
2339 1420 58 23 côté,
2416 1425 38 14 sur

1982 1449 103 22 éëfiëS''de
2092 1450 105 26 l’Algérie
2204 1451 29 19 de
2241 1451 85 24 l’autre,
2342 1458 46 18 que
2401 1454 54 23 peut

1982 1482 30 20 lui
2022 1482 109 24 importer
2136 1486 46 16 Une
2193 1481 30 21 île
2235 1481 81 21 dontla
2324 1482 130 25 possession

1982 1513 140 25 n’augmente
2131 1519 51 20 .pas,
2191 1523 4 3 -
2201 1513 56 21 dont
2268 1513 22 20 la
2303 1517 63 21 perte
2381 1520 31 14 ne
2424 1513 32 21 di-

1982 1544 100 21 diminue
2087 1550 41 18 pas
2134 1550 41 15 son
2185 1544 124 21 territoire?
2317 1545 20 19 A
2345 1544 55 26 quoi
2410 1544 45 20 bon

1982 1575 133 21 disséminer
2123 1582 58 18 pour
2193 1575 43 20 ëlle
2246 1582 37 14 ses
2293 1575 74 21 forces
2381 1579 25 17 et
2420 1582 35 14 ses

1982 1613 92 19 moyens
2087 1606 94 21 d’action
2186 1606 12 21 ?
2212 1606 38 21 On
2259 1606 129 25 comprend,
2398 1613 58 19 pour

1983 1637 150 25 l’Angleterre,
2147 1642 33 19 en.
2185 1644 37 14 cas
2235 1637 66 21 d’une
2314 1644 84 19 guerre
2411 1644 45 14 ma-

1983 1669 79 22 ritime,
2073 1668 26 21 Ta
2116 1668 127 26 possession
2260 1668 29 20 de
2303 1668 68 21 Malte
2388 1672 25 17 et
2428 1668 28 21 de

1983 1700 117 24 Gibraltar,
2111 1706 26 14 ce
2145 1703 52 17 sont
2205 1700 39 20 des
2254 1699 74 26 points
2336 1699 30 21 de
2378 1699 78 26 refuge

1983 1734 22 18 et
2023 1731 28 20 de
2065 1730 178 21 ravitaillement.
2265 1730 57 21 Mais
2335 1730 35 21 les
2382 1730 74 21 flottes

1983 1762 28 20 de
2019 1762 21 20 la
2049 1762 84 20 France
2141 1761 152 21 trouveraient
2301 1767 39 15 sur
2348 1767 38 15 ses
2396 1762 71 22 côtes,

1983 1793 161 21 continentales
2160 1796 52 18 tous
2228 1793 34 20 les
2273 1792 60 21 abris
2350 1796 24 17 et
2383 1794 74 20 toutes

1982 1824 33 21 les
2025 1830 126 15 ressources
2160 1824 146 21 nécessaires.

2008 1855 31 20 La
2046 1855 69 21 Corse
2119 1855 57 21 dans
2179 1862 34 15 .un
2220 1856 48 20 seul
2275 1862 38 14 cas
2318 1855 141 28 deviendrai^

1983 1894 58 18 pour
2045 1887 22 20 là
2076 1885 85 21 France
2170 1886 66 21 d’une
2251 1886 72 21 utilité
2331 1887 128 25 exception-

1983 1918 59 21 nelle
2049 1925 6 13 :
2078 1918 56 20 dans
2151 1918 23 20 le
2190 1924 38 14 cas
2236 1918 52 20 d'un
2304 1918 79 20 conflit
2395 1921 64 18 entre

1985 1952 57 18 cette
2050 1949 102 21 dernière
2167 1952 23 16 et
2203 1949 22 19 le
2232 1948 116 26 Royaume
2362 1948 95 25 dTtaïie,

1984 1984 23 16 et
2019 1980 52 20 c’est
2078 1986 58 18 pour
2152 1979 47 20 cela
2208 1986 46 18 que
2269 1979 21 20 la
2300 1979 71 21 Corse
2379 1983 36 17 est
2423 1980 35 20 iri-

1985 2010 146 26 dispensablè
2139 2010 18 20 à
2163 2010 92 21 VItalie.

2011 2042 30 20 La
2050 2041 70 21 Corse
2128 2042 75 20 armée
2211 2048 29 14 au
2247 2048 52 14 nom
2308 2042 28 22 de
2340 2042 24 20 là
2373 2042 85 20 France

1985 2073 40 20 des
2033 2072 144 21 formidables
2184 2079 93 19 moyens
2286 2073 55 20 dont
2347 2076 59 18 cette
2412 2073 47 21 der-

1985 2104 63 20 nière
2058 2104 99 25 dispose,
2166 2104 138 20 deviendrait
2316 2111 31 14 un
2361 2105 99 20 obstacle

1985 2135 41 21 des
2034 2135 50 25 plus
2092 2138 132 22 menaçants
2229 2142 6 18 ;
2245 2135 17 20 il
2274 2142 38 14 -ne.
2315 2141 26 15 se
2345 2135 68 21 ferait
2416 2142 43 19 .pas

1986 2174 31 13 un
2027 2170 145 18 mouvement
2183 2166 57 21 dans
2257 2166 33 21 les
2295 2166 115 21 chantiers
2415 2173 45 14 ma-

1987 2197 84 21 ritimes
2079 2198 28 20 de
2116 2197 20 20 la
2145 2197 78 26 Spezia
2229 2204 52 14 sans
2288 2197 53 25 qu’il
2351 2197 34 21 fut
2394 2199 66 19 éven-

1987 2230 34 21 té;
2035 2229 15 19 il
2074 2229 50 19 n’en
2141 2228 99 21 sortirait
2254 2235 39 18 pas
2308 2236 30 13 un
2357 2228 102 21 vaisseau

1987 2266 52 14 sans
2048 2259 53 26 qu’il
2120 2259 33 21 fût
2165 2259 123 26 poursuivi,
2296 2264 51 16 tous
2356 2260 33 20 les
2399 2263 61 22 ports

1988 2291 86 21 italiens
2092 2291 28 20 de
2143 2291 20 19 la
2179 2291 159 20 Méditerranée
2362 2291 98 20 seraient

1987 2322 196 20 continuellement
2196 2328 54 14 sous
2264 2322 51 20 l’oeil
2326 2326 23 16 et
2360 2322 35 20 les
2405 2321 54 21 forts

1987 2353 29 20 de
2029 2353 112 22 l’ennemi,
2159 2356 22 17 et
2198 2353 21 20 la
2228 2352 70 21 Corse
2316 2359 28 14 ne
2360 2353 100 25 pourrait

1989 2384 52 20 tirer
2047 2390 31 14 un
2085 2390 57 19 coup
2148 2384 29 20 de
2185 2390 73 14 canon
2267 2386 28 18 tie
2304 2384 99 25 quelque
2413 2385 47 20 côté

1988 2421 44 19 que
2041 2421 26 14 ce
2072 2415 41 23 fût,
2119 2421 54 14 sans
2187 2421 44 18 que
2240 2414 21 21 le
2279 2415 74 20 boulet
2365 2415 58 21 allât
2430 2421 32 14 re-

1988 2446 69 20 saillir
2066 2452 39 14 sur
2112 2452 44 14 une
2163 2450 57 16 terre
2229 2445 113 21 italienne.

2122 2488 98 22 Morelli
2230 2488 204 27 Jean-Baptiste,

2113 2522 122 21 Chevalier
2258 2522 29 20 de
2309 2522 24 20 la
2357 2522 87 25 Légion

2201 2553 134 24 d’honneur,

2216 2590 24 17 De
2250 2590 107 22 Bocognano
2366 2588 73 23 ('Corse)

2142 2635 11 25 (
2156 2635 143 27 Cuntinua)

2001 2702 239 26 Aiacciu-Stamparia
2259 2703 22 21 di
2305 2704 21 21 A
2353 2703 95 22 Muvra

1987 2746 19 22 U
2020 2746 217 29 direttore-gerenle
2246 2753 5 14 :
2277 2745 69 22 Pelru
2358 2744 101 23 ROCCA

0 2870 119 25 ?aglittimrdi
123 2874 22 19 A
152 2874 104 19 Muvra—
261 2873 92 19 n-18—di
360 2878 14 14 u
378 2873 84 19 22-14-23

21 2941 241 57 PASQUÂLE
297 2943 143 51 PAOLI

194 3011 66 19 OSSIA

0 3034 16 53 t
93 3046 81 38 Rotta
190 3047 33 37 di
235 3046 177 38 Ponkmovo

0 3092 151 32 RACONTO
156 3101 111 23 CORSO
271 3100 61 23 DEL
340 3099 124 23 SECOLO

183 3138 86 23 XVIII

217 3175 24 18 DI

0 3194 10 11 a
12 3197 7 5 **
20 3194 197 8 -T'
226 3198 3 3 '
233 3196 2 12 ;
241 3194 8 6 ■:
289 3196 4 2 ‘
297 3202 3 2 -

102 3209 33 26 F.
137 3210 37 25 D.
177 3210 107 26 Guerr
284 3210 70 25 azzi

161 3270 123 30 (Seguito)

3 3329 123 25 Portavano
134 3334 41 21 via
185 3333 85 25 bestie,
281 3332 70 22 biade
362 3337 15 16 e
399 3331 67 22 colo-

3 3362 28 19 ûl:
37 3362 79 25 sicchè
121 3367 43 22 voi
178 3367 79 27 capite
268 3366 63 22 bene
340 3365 44 22 che
395 3370 71 23 ques-

2 3391 21 21 *a
32 3396 71 24 storia
114 3406 51 16 non
188 3401 27 21 si.
231 3401 90 27 poteva
336 3399 129 22 rinnovare

3 3425 25 21 ac*
37 3432 55 24 ogni
109 3434 170 27 capodianno.
290 3432 29 22 In
331 3432 82 22 effetto
431 3432 34 28 gli

3 3459 81 31 slorici,
103 3468 114 21 massime
227 3466 101 25 romani,
344 3468 121 20 racconta-

2 3494 28 18 n°
37 3500 67 20 corne
116 3500 56 26 Dio,
184 3503 71 19 locco
270 3499 63 22 dalle
347 3499 119 28 supplica-

2 3526 55 23 2l°ai
62 3530 39 23 del
105 3533 359 28 papa,cïnviasseiIliberatore:

2 3559 104 27 Ve<2iamo
113 3568 76 25 quale.
203 3567 71 23 Carlo
288 3566 97 28 Magno,
397 3568 69 20 usür-

3 3593 49 22 patû
60 3596 18 21 ü
100 3604 75 23 regno
194 3602 22 20 ai
234 3601 93 27 nepoti,
341 3600 88 22 sceride
452 3606 14 16 a

3 3625 137 28 ^nibattere
147 3633 137 27 Desiderio,
297 3640 85 21 presso
394 3634 38 22 cui
445 3633 20 22 si

3 3658 65 24 erano
75 3664 107 28 rifuggiti
191 3669 104 25 cognata
303 3674 13 15 e
323 3668 91 27 nepoti.
428 3667 38 22 In-

4 3691 110 27 a°mincia
122 3698 30 21 da
168 3698 71 22 Carlo
253 3700 21 21 la
292 3700 63 22 forza
373 3708 14 14 a
409 3700 56 22 farsi

2 3723 102 46 |P0crita:
114 3730 67 24 ladro
190 3733 22 21 ai
225 3733 91 27 nepoti,
323 3734 78 22 costui
410 3733 55 21 s’in-

16 3758 68 24 üstriâ
96 3762 56 23 dare
164 3765 29 22 ad
214 3764 127 24 intendère
351 3767 45 22 che
408 3764 57 28 Diô,

488 2868 34 28 gli
534 2868 86 22 manda
630 2869 25 21 lo
667 2869 58 21 star
737 2868 59 22 bene
809 2874 14 16 a
835 2868 128 22 mediazio-

488 2907 33 15 ne
533 2901 40 23 del
593 2900 82 29 prete;‘
682 2908 14 14 e
709 2902 19 21 il
749 2903 69 26 prete
836 2902 24 21 di
883 2902 79 22 Rôma

489 2941 75 21 parve
573 2937 53 20 nato
639 2941 12 15 a
657 2937 70 25 posta
736 2941 43 21 per
790 2935 173 27 questo.«Fac-

490 2970 96 21 ciamoa
599 2974 86 20 mezzo,
700 2969 46 28 egli
759 2968 115 28 bisbigliò
881 2968 81 22 nell’o-

490 3003 97 22 recchio
596 3004 46 21 allô
653 3003 145 27 imperatore
805 3002 39 22 dei
853 3001 108 27 Franchi,

490 3037 32 21 ed
534 3037 24 21 io
573 3037 17 21 ti
603 3042 72 22 reggo
685 3036 17 21 il
714 3042 79 16 sacco.
805 3036 64 22 Vuoi
883 3038 24 19 tu
917 3036 46 21 che

491 3070 18 22 ti
522 3070 108 28 spedisca
639 3070 25 24 là.
672 3072 94 25 patente
774 3070 24 21 di
808 3070 155 27 galantuomo

492 3104 112 25 soltanto,
615 3109 14 16 o
637 3103 48 22 ami
699 3103 116 27 piuttoslo
839 3103 44 21 che
901 3103 25 21 io
944 3103 18 21 ti

492 3137 81 22 mandi
583 3137 23 22 in
619 3137 110 28 paradiso
736 3136 152 22 addirittura?
897 3136 67 26 Que-

491 3173 39 20 sto
550 3171 95 22 rimetto
654 3177 14 15 a
679 3172 32 25 te,
720 3176 39 16 ma
777 3170 77 28 prima
865 3170 100 28 spartia-

491 3211 42 16 mo
544 3205 24 22 la
578 3204 65 23 roba.
655 3211 12 14 »
680 3221 4 3 .
694 3203 71 23 Carlo
777 3204 95 28 Magna,
890 3203 46 22 che
950 3210 15 15 a

492 3233 144 22 confessarla
666 3232 87 28 giusta,
784 3232 27 22 fu
844 3237 120 23 generoso

492 3268 89 27 quanto
593 3273 30 15 un
642 3266 85 28 pirata,
732 3266 121 28 rispose:«
856 3265 29 22 In
896 3271 67 22 para-

491 3300 56 22 diso
558 3299 42 28 piu
609 3299 61 22 tardi
715 3305 22 20 e,
748 3299 82 22 donati
839 3305 13 15 a
860 3304 42 16 san
908 3299 56 21 Pie-

491 3335 39 21 tro
540 3334 9 21 i
557 3333 42 28 più
616 3333 40 21 bei
679 3332 80 22 tôcchi
777 3332 92 22 d’Italia
884 3338 14 16 e
918 3338 47 16 con

491 3367 50 22 essi
553 3368 24 21 la
588 3366 107 26 Corsica,
707 3366 22 22 si
741 3365 114 24 contentò
867 3365 25 23 di
900 3372 66 15 esse-

491 3407 28 16 re
528 3402 79 20 creato
618 3400 155 28 galantuomo
781 3400 27 21 in
816 3399 67 23 virtù
902 3399 64 22 délia

491 3435 66 22 bolla
562 3434 131 28 pontificia.
700 3433 11 22 I
716 3433 127 23 Genovesi
853 3428 113 34 assegna^

491 3475 35 16 no
538 3465 98 31 proprio'
647 3474 14 14 a
673 3469 83 26 questa
768 3473 75 22 epoca
861 3468 25 21 la
906 3473 60 16 con-

492 3497 81 27 quista
588 3497 98 26 operata
700 3496 61 21 dalle
784 3496 60 21 armi
862 3496 54 21 loro
940 3495 25 22 di

493 3530 100 23 Corsica
604 3531 62 22 sotto
677 3530 24 20 la
711 3529 115 22 condotta
838 3529 38 22 del
893 3532 73 19 conte

492 3564 127 22 Ademaro:
635 3568 51 16 non
704 3565 122 25 potevano
849 3563 117 28 scegliere

492 3597 99 29 pegglo.
599 3596 104 22 Genova
713 3597 74 21 allora
794 3602 50 16 non
853 3602 40 16 era
898 3596 69 28 prin-

493 3632 62 26 cipe,
567 3629 69 23 bensl
653 3630 102 21 vassalla
776 3636 67 16 corne
863 3630 25 21 le
905 3630 61 21 altre

494 3665 59 21 citta
562 3663 131 26 italiche,di
705 3663 97 27 Pipino;
812 3670 14 14 e
842 3663 124 21 Ademaro

492 3703 107 23 reggeva
614 3698 24 20 la
653 3696 96 28 Liguria
764 3696 103 27 prefetto
885 3696 25 21 in
915 3701 52 20 .no-

492 3737 41 16 me
546 3731 24 21 di
584 3731 42 25 lui;
637 3729 31 22 nè
683 3730 49 26 egli
742 3735 132 22 genovese,
895 3728 71 22 bensi

492 3764 93 26 franco,
593 3770 14 15 e
621 3763 24 21 lo
667 3762 54 21 dice
735 3767 111 22 espresso
863 3761 103 22 Einardo

987 2869 63 21 nella
1058 2868 52 22 vita
1119 2868 24 22 di
1153 2868 72 22 Carlo
1242 2868 99 28 Magno;
1350 2867 32 22 nè
1393 2868 8 21 i
1413 2866 47 22 Ge-

988 2902 86 22 hovesi
1088 2901 139 22 âllestirono
1238 2898 113 29 î’armâta,
1365 2901 23 21 al
1405 2906 56 16 con-

988 2935 72 21 trario
1068 2934 211 28 apparecchiavala
1287 2935 16 21 il
1315 2940 25 16 re
1349 2934 88 27 Pipino
1446 2939 13 15 e

988 2968 131 27 spedivala;
1127 2973 43 22 per
1190 2968 85 22 ultimo
1296 2973 47 16 non
1360 2967 70 21 vinse
1452 2967 7 21 i

989 3000 104 22 Saracini
1113 3001 131 25 Ademaro,
1257 3002 22 21 al
1291 3001 120 22 contrario
1427 3000 33 22 ri-

990 3040 63 16 mase
1070 3033 112 23 sconfitto
1195 3040 14 16 e
1220 3040 44 22 per
1275 3035 22 21 di
1312 3034 41 28 più
1374 3036 85 22 raorto;

989 3067 62 22 chili
1065 3068 70 21 vinse
1150 3068 24 21 fu
1193 3068 17 21 il
1231 3067 157 23 contestabile
1404 3067 57 21 Bur-

989 3101 71 22 cardo
1082 3100 44 23 che
1142 3100 79 23 l’anno
1245 3103 115 25 seguente
1380 3103 36 19 tra
1440 3101 21 21 le

990 3140 73 22 acque
1076 3134 69 22 sarde
1155 3140 13 16 e
1175 3135 23 21 le
1207 3135 68 21 côrse
1291 3135 31 26 gli
1336 3133 123 23 sterminô.

989 3168 78 22 Tanto
1076 3168 34 22 mi
1118 3168 101 28 piacque
1231 3169 160 21 rammentare
1408 3174 53 22 per-

990 3202 44 22 ché
1042 3203 38 20 tra
1086 3202 8 21 i
1107 3202 142 21 novellatori
1261 3202 25 21 di
1302 3203 85 26 questa
1408 3207 55 15 can-

989 3241 59 16 zone
1073 3235 25 22 io
1119 3237 71 20 trovo
1214 3235 95 23 Uberto
1336 3234 124 29 Foglietta,

990 3274 73 17 uomo
1072 3270 146 21 certamente
1226 3268 79 22 amico
1313 3268 63 22 délia
1391 3268 72 22 liber-

989 3302 32 27 té,
1030 3308 46 22 per
1090 3303 25 21 la
1125 3302 71 28 quale
1214 3302 62 21 ebbe
1283 3308 23 15 -a
1319 3302 77 27 patirè
1413 3307 49 17 non

989 3341 71 22 poco,
1073 3341 119 20 ma,corne
1203 3336 57 21 nato
1270 3341 13 15 a
1296 3335 109 26 Genova,
1413 3340 48 16 non

990 3369 78 22 amico
1079 3369 39 21 del
1129 3369 51 27 pari
1193 3367 62 23 dellà
1263 3368 119 28 giustizia,
1391 3369 72 21 alme-

991 3406 32 19 rio
1031 3403 101 27 rispetto
1144 3403 47 23 alla
1204 3402 107 22 Corsica.
1322 3401 67 23 Gran
1408 3407 55 19 cosa

991 3436 14 22 è
1013 3438 83 26 questa
1104 3436 46 22 che
1158 3437 94 21 mentre
1256 3436 19 21 il
1282 3436 92 22 mohdo
1380 3435 84 23 avreb-

990 3470 31 22 be
1029 3470 115 28 ibisógno
1153 3470 28 21 ‘di
1201 3468 112 30 giustizia
1326 3469 44 28 più
1382 3469 45 22 che
1439 3469 23 21 di

991 3510 69 22 pane,
1071 3504 102 21 avviene
1185 3504 25 20 di
1219 3503 32 22 lei
1265 3504 80 25 quello
1362 3503 45 22 che
1423 3509 40 15 ve-

991 3538 79 21 diamo
1092 3538 114 21 accadere
1225 3536 40 22 del
1285 3537 59 26 sole,
1355 3537 19 21 il
1396 3538 67 26 quale

986 3572 98 22 jnentre
1089 3571 129 21 schiarisce
1225 3568 65 23 metà
1302 3569 40 23 del
1352 3570 111 28 globo,ne

985 3602 78 24 Tascia
1075 3603 145 23 Taltràmetà
1235 3603 63 21 neîle
1306 3603 108 22 tenebre!
1424 3603 39 21 Ma

992 3638 85 22 ditemi
1088 3638 27 21 in
1125 3638 86 27 grazia,
1223 3636 86 27 signor
1317 3636 104 28 Inglese,
1440 3636 23 21 vi

992 3672 88 21 annoio
1086 3672 13 20 ?

1018 3710 30 5 —
1054 3698 39 22 No
1105 3698 26 22 ih
1142 3696 86 27 verità;
1242 3696 51 22 anzi
1301 3697 35 21 mi
1352 3703 58 22 pare
1429 3696 36 27 pi-

992 3731 83 29 gliarci
1086 3731 93 26 diletto,
1192 3730 34 22 mi
1235 3735 65 22 pare.

1019 3770 29 5 —
1057 3758 123 22 Ditémelò
1194 3763 72 16 senza
1276 3757 141 25 cerimonie,
1430 3762 34 15 sa-

1486 2866 153 28 pete;poichè
1648 2866 34 22 mi
1689 2872 103 22 accorgo
1800 2867 99 22 essermi
1908 2873 53 16 cac-

1486 2900 64 22 ciato
1559 2900 85 22 dentro
1656 2906 34 15 un
1698 2900 127 28 ginepraiô
1834 2900 30 22 da
1872 2906 33 16 no
1917 2907 44 21 po-

1486 2935 68 20 terne
1562 2933 79 22 uscire
1653 2939 69 16 senza
1733 2934 101 27 scapito.
1844 2933 32 23 Al
1886 2934 74 22 modo

1486 2967 39 21 col
1537 2967 69 27 quale
1613 2966 193 28 ho"cominciato,
1822 2968 82 22 dubito
1916 2968 44 22 che

1486 2999 99 23 l’amore
1593 3000 24 21 di
1630 3000 77 27 patria
1717 3006 50 16 non
1779 3001 74 22 faccia
1864 3002 97 27 piange-

1486 3039 26 15 re
1519 3034 25 21 la
1551 3033 73 22 carità
1630 3034 42 22 del
1678 3035 128 26 prossimo.

1513 3073 31 4 —
1552 3060 98 27 Quânto
1658 3068 14 15 a
1681 3064 92 25 questo,
1777 3063 119 27 pensateci
1909 3063 41 21 voi
1953 3069 6 20 ;

1486 3095 173 21 accomodateli
1686 3096 103 22 insieme
1824 3102 68 16 senza
1916 3096 44 22 che

1487 3128 104 22 strillino
1597 3130 98 26 troppo.

1514 3168 30 4 —
1552 3157 83 21 Allora
1645 3156 136 23 favoritemi
1790 3164 49 15 una
1851 3164 69 21 presa
1936 3158 24 22 di

1486 3190 108 26 tabacco,
1604 3196 14 15 e
1630 3191 98 27 ripiglio
1741 3192 18 20 il
1781 3190 43 22 filo
1835 3191 125 23 baldanzo-

1487 3229 36 20 so,
1536 3223 102 23 facendo
1650 3226 69 20 cohto
1728 3224 45 22 che
1789 3230 83 17 amore
1883 3225 24 21 di
1919 3232 43 21 pa-

1486 3257 47 21 tria
1546 3263 13 15 e
1569 3256 73 23 carità
1650 3254 104 26 abbiâno
1763 3264 15 16 a
1788 3258 105 22 formare
1901 3260 60 20 tutta

1487 3296 48 15 una
1544 3296 63 16 cosa:
1621 3290 45 22 che
1678 3297 27 15 se
1711 3298 44 20 per
1761 3292 115 27 disgrazia
1885 3292 74 22 fosse-

1487 3329 28 16 ro
1522 3324 57 26 due,
1588 3330 13 14 e
1613 3323 101 23 l’ultima
1722 3330 87 16 avesse
1820 3331 14 15 a
1841 3327 118 25 toccarne,

1488 3362 42 16 ora
1542 3356 46 23 che
1601 3358 34 21 mi
1655 3358 22 21 ci
1689 3364 61 16 sono
1768 3364 82 16 messo
1869 3358 92 23 vo’dire

1487 3392 61 20 tutta
1559 3391 24 21 la
1605 3391 86 22 verità:
1704 3392 89 27 poichè
1810 3392 39 22 chi
1865 3392 46 22 l’ha
1932 3393 30 21 da

1488 3424 106 28 friggere
1604 3425 24 22 la
1645 3425 111 27 infarina,
1770 3426 62 22 ch’io
1856 3433 30 15 ne
1908 3427 53 22 farô

1488 3458 125 27 penitenza
1625 3465 14 15 a
1656 3459 119 29 bell’agio.
1787 3460 72 22 Carlo
1872 3460 89 28 Magno

1486 3491 107 28 dunque,
1603 3492 141 23 incoronato
1754 3494 30 21 da
1794 3500 61 21 papa
1876 3494 85 22 Adria-

1488 3530 41 21 no,
1544 3525 108 23 costumé
1670 3532 69 16 corne
1750 3527 34 28 gli
1805 3528 53 21 altri
1871 3528 91 25 çristia-

1488 3559 59 21 nelli
1556 3559 25 21 di
1594 3558 56 27 Dio,
1665 3560 8 20 i
1686 3561 64 25 quali
1762 3561 123 27 passatala
1901 3561 60 22 festa

1488 3592 112 28 gabbano
1616 3593 19 21 il
1648 3595 78 23 santo;
1738 3593 90 22 dacchè
1852 3599 41 17 ora
1915 3600 46 16 con

1490 3627 95 25 questo,
1595 3631 30 15 or
1638 3631 48 16 con
1706 3626 132 27 quell’altro
1853 3627 109 22 ammini-

1489 3659 56 20 colo
1553 3658 92 21 andava
1656 3659 182 22 schermendosi
1850 3660 38 21 dal
1909 3666 52 15 con-

1490 3697 101 22 segnare
1600 3694 90 25 quanto
1702 3697 76 16 aveva
1802 3698 157 21 promesso.e,

1490 3730 72 21 preso
1571 3725 45 21 alla
1633 3725 63 27 gola,
1711 3725 60 22 dava
1792 3731 14 16 a
1828 3726 99 27 spizzico
1948 3731 13 16 e

1489 3757 71 21 tardi:
1573 3758 21 20 la
1607 3757 99 22 Corsica
1715 3759 41 26 poi
1769 3764 49 16 non
1828 3758 65 22 dette
1904 3759 56 20 mai:

1986 2867 23 21 la
2025 2870 167 24 governarono
2221 2870 44 22 per
2284 2865 26 21 lo
2333 2864 96 27 impero
2451 2864 9 21 i

1987 2899 117 23 marchesi
2116 2899 24 22 di
2162 2898 107 22 Toscana
2286 2904 14 15 e
2323 2903 47 16 con
2391 2898 49 21 essi
2451 2897 8 21 i

1988 2934 65 21 coati
2067 2932 125 22 feudatarii
2210 2932 62 21 delle
2295 2932 68 21 varie
2397 2932 64 20 terre

1987 2967 123 22 dell’isola.
2124 2966 50 22 Voi
2183 2966 94 27 saprete
2289 2965 23 21 le
2327 2964 134 23 diavolerië

1987 3006 110 16 successe
2108 3001 36 20 tra
2156 3000 9 20 i
2175 2996 155 25 discendenti’
2347 2998 25 22 di
2389 2997 71 23 Carlo

1988 3034 98 27 Magno,
2097 3033 45 22 che
2158 3033 21 22 si
2196 3034 156 26 strapparono
2369 3031 92 29 l’impe-

1987 3073 28 16 ro
2027 3067 25 21 di
2065 3073 71 16 mane
2145 3073 47 15 una
2211 3066 90 28 giubba
2313 3066 93 22 rubata:
2435 3066 26 21 in

1987 3106 78 16 mezzo
2074 3101 23 21 al
2104 3101 125 21 tramestio
2235 3099 89 23 l’erede
2333 3100 41 22 del
2380 3106 80 22 pesca-

1987 3136 53 20 tore
2050 3134 102 28 figurate
2163 3140 33 15 un
2207 3133 37 28 po’
2247 3134 41 21 voi
2300 3134 130 27 segittava
2444 3134 18 21 il

1987 3167 126 29 giacchino
2123 3168 41 21 nel
2174 3167 105 22 torbido.
2292 3167 109 22 Antiche
2412 3174 50 15 me-

1987 3202 77 21 morie
2079 3208 14 14 e
2102 3201 126 22 tradizioni
2245 3207 95 22 sempre
2351 3201 62 22 vive
2422 3207 38 16 as-

1988 3241 105 22 segnano
2105 3241 15 15 a
2131 3235 78 27 questi
2226 3235 75 27 tempi
2313 3235 24 21 la
2360 3235 102 21 investi-

1987 3270 52 20 tura
2050 3268 24 22 di
2086 3269 61 21 tutta
2159 3274 15 16 o
2183 3270 66 25 parte
2261 3268 117 22 dell’isola
2396 3274 16 15 a
2429 3275 32 15 un

1988 3303 65 20 certo
2066 3302 56 27 Ugo
2132 3301 111 22 Colonna
2261 3307 109 20 romano,
2384 3308 15 14 e
2420 3301 42 22 do-

1988 3340 32 22 po
2033 3335 23 21 al
2064 3336 71 20 conte
2146 3335 26 21 di
2181 3334 146 26 Barcellona,
2333 3340 48 19 con
2391 3340 68 22 ques-

1987 3370 26 20 to
2025 3370 74 26 patto,
2109 3368 45 22 che
2171 3368 166 22 retribüissero
2350 3374 15 15 a
2385 3368 78 22 Roma

1988 3402 18 22 il
2021 3402 83 27 quinto
2123 3402 40 21 dei
2179 3402 97 21 raccolti
2289 3407 14 15 e
2325 3402 23 21 la
2368 3402 94 21 décima

1988 3435 40 22 dei
2038 3435 106 22 fanciuli.
2158 3434 52 22 Che
2222 3441 56 16 cosa
2290 3435 41 27 poi
2348 3435 114 22 andasse-

1988 3474 28 17 ro
2028 3475 14 15 a
2052 3468 50 22 fare
2119 3469 85 21 cotesti
2221 3468 105 22 fanciulli
2338 3475 14 15 a
2373 3468 87 26 Roma,

1989 3501 53 23 sarà
2054 3502 43 27 più
2120 3502 64 22 bello
2207 3508 51 16 non
2278 3502 119 27 inquisire
2418 3502 44 21 che

1989 3537 83 20 onesto
2084 3536 105 21 trovare.
2200 3535 63 22 Però
2274 3534 95 28 nègano
2380 3535 81 27 questi

1988 3569 51 21 fatti
2049 3569 24 21 di
2082 3569 48 21 due
2137 3569 107 21 maniéré
2261 3574 111 20 persone:
2383 3568 79 27 quelle

1989 3601 44 22 che
2041 3602 98 21 zelando
2151 3603 87 25 troppo
2246 3601 19 20 il
2276 3600 77 27 patrio
2372 3600 89 22 decoro

1989 3635 113 21 dubitano
2112 3634 107 21 ricevere
2228 3634 39 20 dal
2280 3635 69 25 turpe
2370 3634 91 21 tributo

1987 3673 51 16 non
2046 3666 133 28 reparabile
2190 3666 107 25 infamia;
2308 3672 14 15 e
2328 3666 35 27 gli
2371 3666 90 21 svisce-

1987 3700 46 21 rati
2047 3700 62 21 délia
2121 3700 66 21 curia
2194 3705 108 20 romana,
2312 3700 38 21 cui
2362 3705 54 16 non
2431 3700 31 21 ri-

2146 3759 152 28 (Cuntinua)
