2600 3912
127 164 26 20 Ci
160 164 93 25 pensu,
262 163 35 16 un
305 156 26 22 sò
340 155 38 21 ciò
390 153 62 23 ch’e’
454 150 91 30 farìal

152 193 45 22 Ma
206 191 123 28 aghjamu
346 189 135 26 speranqa.
492 184 14 21 I
519 184 77 20 Corst

124 222 169 22 cumencianu
306 225 15 14 a
332 217 100 27 capisce
445 221 14 15 a
471 213 110 27 ragione
588 217 11 20 ;

124 252 82 28 digià,
214 257 17 15 u
238 249 96 28 bughìu
343 248 25 21 si
374 243 225 25 sclliarisce.Pres-

124 285 29 19 tu
167 279 131 29 spuntarà
313 277 86 23 L’Alba
411 281 74 16 nova,
497 272 100 28 prestu,

124 318 18 16 u
153 311 54 22 sole
219 311 28 21 di
255 317 19 17 .a
285 309 110 23 Libéria,
410 306 26 21 ch
449 311 14 14 a
470 302 127 29 Justifia,

126 343 28 21 di
173 348 15 15 a
198 338 154 28 Prusperità
369 331 163 31 risplenderà
556 336 42 15 nu

126 378 33 16 no
160 377 14 15 s
175 372 44 21 fru
231 368 76 25 délit,
316 364 178 28 travagliemu,
508 362 14 20 à
534 367 64 15 arni-

125 407 41 19 cat
177 407 15 14 a
200 397 113 29 priparà
326 402 15 14 u
353 401 28 15 so
408 392 188 22 avveiiinientu.

151 432 30 24 E,
193 437 27 15 sc
231 429 42 22 110'
287 428 151 22 111111’avemu
451 432 15 14 a
482 424 116 27 furtuna

123 463 30 20 di
164 460 89 22 vedcLu
264 457 104 29 spuntà,
379 458 10 20 i
401 455 87 22 nostri
499 452 99 29 figholi

123 497 18 16 u
149 491 139 23 vederanu,
297 495 12 14 e
317 493 43 16 1101
368 489 17 25 p
390 486 126 21 udaremu
526 488 71 15 more

124 520 118 22 cuntenti
260 517 102 23 d'avelli
380 515 144 29 priparatu
543 518 35 16 1111
582 518 17 31 a,

122 552 56 21 vila
189 549 122 28 migliore
329 547 44 22 clie
393 544 85 30 quella
498 544 45 21 che
555 548 33 16 110

125 587 89 16 avemu
225 580 107 27 passatu
343 578 54 21 noi.

152 611 21 21 P
174 610 60 27 righ
236 616 13 14 e
251 615 16 15 11
269 609 34 21 du
308 608 36 21 Di
344 613 17 15 u
370 604 128 23 d'ascultà
507 606 42 19 sla
558 609 40 15 me

119 640 141 28 preghera,
283 636 165 28 basgienduti
461 634 108 28 fraient
573 638 25 14 a-

121 671 83 20 mente
225 669 34 21 da
281 667 118 22 luntanu,
424 662 175 23 mandenduti

123 699 71 22 tanti
203 698 86 21 saluti
299 696 40 21 d’a
349 696 76 26 parte
435 694 27 21 di
474 691 124 23 Catahna

123 736 13 14 e
142 726 205 31 prumiUcnduti
354 725 28 21 di
393 724 107 21 scriveti
507 727 94 17 suven-

123 761 33 23 te,
171 759 36 20 mi
209 758 90 27 permit
312 755 42 28 qui
365 757 50 25 per
428 753 82 28 ogliie.

155 791 24 22 (J
185 790 33 22 to'
227 790 86 21 amicu
320 795 12 14 e
339 789 148 25 cumpagnu
495 784 100 29 difede.

195 826 35 22 M.
241 823 148 23 Alessandri
398 823 27 20 di
438 821 131 23 Chidazzu.

145 897 30 24 U
187 894 176 27 Graneddu
376 893 34 24 di
423 900 21 15 u
457 891 113 25 Granu

363 948 13 17 A
388 947 21 18 G.
418 946 22 18 di
447 951 11 13 a
467 945 70 19 GroLla.

146 985 14 17 0
169 983 90 18 ’ranedclu
269 982 31 18 clii
308 981 55 18 formi
373 985 27 13 un
408 984 68 18 campu
485 979 71 20 d’oru,'

145 1009 80 21 Quandu
233 1008 21 17 in
260 1008 19 17 la
287 1006 52 22 spiga
348 1006 15 17 ti
372 1004 68 23 basgia
447 1005 20 17 lu
477 1003 36 18 soli
519 1008 6 16 ;

145 1034 36 20 Tu,
189 1032 109 18 l’alimentu
306 1031 18 17 di
332 1036 13 12 u
353 1030 71 18 biancu
433 1033 11 14 c
452 1028 19 17 di
480 1033 13 12 u
501 1032 62 16 moru,

146 1058 34 18 Chi
189 1062 11 13 a
208 1061 82 13 mamma
298 1056 93 17 dumanda
401 1055 28 21 pe’
439 1054 6 17 i
453 1052 97 24 figlioli...

146 1096 14 18 0
170 1096 91 17 ’raneddu
270 1095 31 17 ebi
310 1094 28 18 sei
345 1093 109 18 Talimentu

146 1121 24 18 Di
177 1120 52 18 l’omi
238 1120 19 17 di
267 1119 14 18 li
290 1118 59 22 campi
358 1123 11 13 e
376 1118 21 17 di
406 1122 11 13 a
425 1116 63 21 ciltai,

145 1146 94 18 Sustanza
248 1144 91 18 carizzala
346 1143 25 18 da
379 1143 21 17 lu
408 1142 69 20 ventu,

148 1171 37 17 Per
193 1172 19 16 le
220 1170 57 17 l’omu
287 1169 16 17 si
310 1168 61 18 sforza
381 1172 11 13 e
401 1172 25 13 un
436 1167 55 17 ebela
500 1165 62 18 mai...

146 1208 14 18 0
170 1209 99 20 ’raneddu,
278 1207 15 18 li
301 1207 54 18 cailla
364 1210 50 14 ancu
422 1205 96 21 l’aceddu,

144 1234 15 18 E
167 1234 19 17 la
192 1233 63 22 jesgia
264 1232 15 18 ti
287 1232 22 18 dà
317 1231 121 20 binidizioni,

145 1259 123 21 L’addisperu
276 1256 92 23 ’mpidisci
376 1261 11 13 a
398 1261 13 13 u
419 1255 119 23 puvareddu;

145 1297 99 22 Impidisci
253 1301 11 12 a
272 1295 68 18 rivolla
348 1295 29 17 fra
386 1295 8 17 i
403 1294 83 20 nazioni,

147 1321 108 19 L’umanità
262 1320 21 18 di
291 1324 57 13 mora.
359 1319 30 18 Se’
399 1320 85 18 sacralu,

144 1346 32 18 Se’
183 1347 20 16 lu
212 1345 46 22 pani
266 1346 24 16 da
298 1349 11 12 u
318 1344 34 18 celi
361 1344 85 17 inviatu.

345 1373 23 19 S.
380 1374 24 17 di
412 1373 46 19 San
466 1372 104 23 Jorghiu.

225 1443 139 25 Chemin
379 1442 42 24 de
434 1441 61 24 Fer

203 1484 96 30 Avis
316 1490 50 22 au
384 1483 131 30 Public

150 1543 157 25 ELECTION
323 1537 244 29 SÉNATORIALES

144 1591 26 17 La
178 1590 116 22 Compagnie
301 1590 33 17 des
342 1589 91 17 Chemins
442 1590 23 16 de
473 1588 36 18 Fer
523 1589 74 21 Dépar-

119 1616 112 18 tementaux
239 1619 13 13 a
259 1615 100 17 l’honneur
367 1614 24 17 de
399 1615 64 20 porter
468 1614 11 17 à
484 1614 19 17 la
508 1613 88 18 connais-

119 1645 59 14 sance
186 1641 25 17 du
219 1640 67 22 public
293 1640 43 21 qu’à
343 1639 103 18 l’occasion
454 1639 35 17 des
502 1639 94 17 élections

119 1666 128 18 sénatoriales
261 1664 34 23 qui
301 1665 68 17 auront
381 1665 42 17 lieu
432 1664 11 18 à
450 1664 77 22 Ajaccio
535 1664 19 18 le
567 1664 29 17 di-

119 1691 81 17 manche
209 1690 21 17 11
240 1690 38 17 mai
287 1688 50 20 1930,
345 1694 28 13 un
381 1689 54 18 train
447 1689 149 22 supplémentai-

120 1720 22 13 re
154 1716 24 17 de
192 1719 108 18 voyageurs
312 1715 23 17 de
343 1715 65 17 toutes
415 1714 73 18 classes
500 1718 42 13 sera
556 1713 39 17 mis

119 1745 26 13 en
152 1740 114 18 circulation
274 1739 69 18 samedi
357 1739 24 17 10
390 1739 39 17 mai
438 1738 46 18 1930
492 1739 24 17 de
529 1738 66 18 Bastia

119 1766 12 16 à
138 1765 77 22 Ajaccio
223 1766 21 16 et
251 1764 66 18 suivra
324 1764 90 18 l’horaire
422 1763 80 23 ci-après
509 1768 6 12 :

141 1798 72 22 Bastia,
225 1798 67 22 départ
446 1810 5 5 .
464 1810 6 5 .
513 1796 11 18 9
532 1797 20 17 h.
583 1803 9 10 »

142 1823 112 18 Casamozza
514 1822 11 17 0
534 1822 20 17 h.
569 1821 24 18 34

143 1848 142 20 Ponte-Leccia,
297 1847 73 18 arrivée
502 1846 23 19 10
532 1847 21 17 h.
569 1846 25 18 30

176 1872 116 23 (Déjeuner),
303 1872 65 22 départ
501 1871 23 18 11
532 1872 21 17 h.
568 1870 25 19 20

143 1897 56 19 Corte
500 1897 23 17 12
531 1897 20 17 h.
566 1896 25 18 40

141 1923 80 17 Vivario
502 1922 23 18 13
534 1923 20 16 h.
568 1920 24 18 48

140 1948 107 18 Vizzavona
501 1947 24 17 14
532 1947 20 17 h.
568 1945 24 19 20

140 1972 114 22 Bocognano
502 1972 23 17 14
532 1972 21 18 h.
567 1971 25 18 33

140 1996 78 19 Ucciani
501 1997 23 17 lu
531 1997 21 17 h.
567 1996 24 18 28

139 2022 84 22 Ajaccio,
239 2022 74 18 arrivée
500 2021 24 18 16
531 2021 21 18 h.
567 2021 24 18 23

140 2054 26 19 Ce
180 2055 50 18 train
239 2055 99 19 s’arrêtera
345 2056 12 17 à
365 2056 63 17 toutes
437 2055 28 18 les
473 2059 61 19 gares,
549 2055 42 17 hal-

116 2081 21 17 te
145 2081 21 17 et
174 2080 61 18 arrêts
249 2081 25 17 du
283 2084 88 19 parcours
385 2080 50 18 mais
450 2084 29 14 ne
493 2080 98 22 prendra

118 2109 45 18 que
178 2105 39 18 des
225 2109 126 19 voyageurs
364 2104 14 19 à
387 2105 138 18 destination
538 2104 53 19 d'A-

117 2130 75 22 jaccio
201 2130 131 18 seulement.

139 2155 36 17 Les
183 2155 65 22 places
256 2155 52 18 étant
314 2155 91 21 limitées,
410 2155 44 18 MM.
461 2156 30 17 les
499 2155 90 23 délégués

116 2181 45 16 sont
170 2180 51 21 priés
229 2181 25 17 de
261 2180 29 18 les
298 2181 71 17 retenir
377 2180 35 18 dès
418 2181 20 17 le
447 2180 9 18 7
464 2180 39 18 mai
511 2186 12 12 a
529 2181 20 17 la
557 2185 33 18 ga-

116 2210 23 13 re
146 2206 24 17 de
178 2205 75 22 départ.

139 2247 26 17 La
179 2247 115 23 Compagnie
306 2252 11 13 a
330 2248 103 18 l’honneur
441 2249 23 17 de
479 2249 65 21 porter
551 2248 12 18 à
570 2248 20 17 la

116 2272 140 18 connaissance
269 2273 27 17 du
309 2272 67 19 Public
390 2277 37 18 que
441 2278 34 18 par
483 2273 51 18 suite
538 2274 25 17 de
570 2273 19 18 la

115 2297 51 17 mise
174 2301 25 13 en
207 2297 82 22 service,
297 2298 17 17 le
322 2297 20 19 31
351 2298 38 17 Mai
398 2298 99 22 prochain,
504 2299 44 17 sauf
553 2298 37 18 im-

114 2321 69 23 prévu,
191 2322 27 17 du
226 2326 87 14 nouveau
322 2323 96 21 paquebot
425 2323 37 18 «Ile
468 2323 24 18 de
499 2323 89 21 Beauté»,

114 2347 21 17 le
143 2347 50 17 train
202 2347 88 23 régulier
297 2347 21 18 N*
328 2347 21 18 16
358 2348 69 18 suivra
435 2348 75 22 jusqu'à
518 2349 70 17 nouvel

114 2372 50 21 avis,
171 2372 18 17 le
197 2373 94 17 mercredi
299 2373 23 17 de
330 2373 73 21 chaque
411 2373 116 21 semaine,de
535 2373 54 18 Calvi

114 2397 13 17 à
134 2397 117 22 Ile-Rousse,
260 2398 88 18 l’horaire
353 2398 85 22 ci-après
445 2403 6 13 :

139 2429 54 19 Calvi
411 2432 67 22 départ
511 2433 22 17 12
538 2433 21 17 h.
565 2432 23 19 30

139 2454 178 20 Calenzana-Lumio
509 2458 23 17 12
537 2458 22 18 h.
565 2458 23 17 40

136 2480 87 22 Algajola
506 2483 23 17 12
536 2483 20 18 h.
562 2483 23 17 39

174 2522 13 9 „
293 2517 4 9 i
403 2507 76 18 arrivée
508 2507 22 19 13
536 2508 22 18 h.
564 2509 24 17 13

137 2521 110 19 Ile-Rousse
292 2518 5 27 j
403 2532 67 22 départ
512 2533 22 17 14
539 2534 21 17 h.
564 2533 23 18 23

137 2561 17 17 A
159 2562 53 17 cette
220 2562 88 18 dernière
313 2566 52 18 gare,
374 2563 75 18 l’heure
456 2564 24 17 de
485 2564 65 22 départ
557 2569 32 13 ac-

111 2586 62 17 tuelle
180 2587 25 16 du
215 2587 50 17 train
274 2587 91 18 ci-dessus
370 2592 26 14 ne
404 2593 42 13 sera
451 2593 35 17 pas
490 2589 96 21 modifiée,

113 2611 21 17 et
147 2611 20 17 la
175 2612 76 17 marche
264 2612 83 18 normale
361 2617 45 13 sera
414 2614 74 21 reprise
496 2615 20 16 et
524 2614 63 18 suivie

112 2634 76 23 jusqu’à
199 2636 140 22 Ponte-Leccia,
353 2642 48 18 gare
409 2638 94 18 terminus
512 2639 24 17 du
545 2643 43 18 par-

113 2664 66 14 cours.

396 2685 31 18 La
437 2684 127 20 Direction.

135 2708 72 23 Bastia,
216 2710 18 18 le
245 2711 25 18 10
278 2712 51 18 Avril
337 2712 60 19 1930.

727 151 276 50 Giurnali

623 258 31 18 -A.
665 257 137 20 IsTazione
810 257 130 19 vinduta

646 297 51 17 ...On
704 299 44 20 peut
756 298 72 17 vendre
837 302 24 12 un
870 295 53 25 siège
928 297 23 17 de
958 294 142 23 «représentant

624 322 24 16 du
657 322 83 21 peuple»
748 323 47 17 dans
804 322 29 17 les
841 321 143 21 Basses-Alpes,
991 325 33 12 car
1031 320 69 21 qu’est-

623 350 22 13 ce
653 350 37 17 que
701 347 28 17 les
740 345 148 23 Basses-Alpes?
902 345 41 17 Une
955 345 110 17 «création»
1079 344 20 16 et

623 370 18 17 la
654 370 44 21 plus
715 371 110 17 artificielle
840 370 33 22 qui
887 374 21 13 se
924 369 66 22 puisse
1006 368 93 22 imaginer

623 394 32 17 des
663 394 138 22 Constituants,
812 404 19 4 —
842 399 32 13 ces
882 393 93 18 absurdes
983 394 21 17 et
1010 393 89 17 barbares

622 418 129 19 vivisecteurs
765 420 40 21 qui,
825 424 46 17 pour
882 418 65 22 guérir
960 418 28 17 les
999 417 100 22 provinces

623 443 23 17 de
654 443 43 18 leur
708 449 8 10 «
724 443 172 22 particularisme»,
906 443 28 17 les
942 442 98 22 dépècent,
1046 441 51 22 puis,

622 468 132 21 rapprochant,
769 468 80 17 cousant
862 467 39 17 l’un
911 467 11 17 à
929 467 70 17 l’autre
1008 466 29 17 les
1045 465 54 22 frag-

623 493 62 16 ments
702 493 29 17 les
746 492 42 21 plus
804 491 129 21 hétéroclites,
950 495 24 13 en
989 490 59 18 firent
1065 490 33 17 des

622 516 148 22 départements.

644 541 28 18 Un
681 546 89 13 morceau
785 542 25 17 de
818 541 104 21 Provence,
938 545 27 13 un
973 544 88 14 morceau
1073 539 23 17 de

622 566 111 22 Dauphiné;
743 567 79 21 suture;
832 567 19 17 et
859 566 52 18 voilà
920 566 27 17 les
956 564 140 22 Basses-Alpes.

622 591 48 17 Mais
677 592 17 16 la
703 591 136 17 Constituante
847 595 11 13 a
866 595 24 13 eu
899 591 50 17 beau
958 590 83 18 souffler
1052 590 46 16 des-

622 619 40 16 sus,
667 616 20 16 et
695 615 95 21 Napoléon
798 615 54 21 après
861 615 37 17 elle
907 614 32 21 qui
948 614 53 17 avait
1009 613 90 22 pourtant

623 643 26 13 un
660 639 72 17 souffle
740 639 174 21 prodigieusement
923 638 143 19 «animateur»,
1074 645 23 4 —

623 663 24 17 ils
655 663 55 17 n’ont
718 667 26 17 pu
752 662 28 18 lui
790 662 116 18 «conférer»
917 663 75 17 d’autre
1000 661 98 18 existence

622 687 193 22 qu’administrative.

644 711 68 21 Quand
721 717 24 13 on
753 713 51 16 vend
813 712 29 17 les
850 712 137 21 Basses-Alpes
996 711 11 17 à
1015 710 82 18 Roslbs-

623 736 58 21 child,
697 741 12 17 y
718 736 50 18 a-t-il
777 737 82 21 quelque
874 737 42 21 part
924 741 39 13 une
970 736 67 17 nation
1050 735 47 19 bas-

623 761 63 22 alpine
700 761 34 22 qui
750 765 20 14 se
779 761 52 18 voile
844 761 19 17 la
871 761 46 20 face,
933 765 27 13 un
972 761 70 21 peuple
1055 760 42 17 bas-

623 786 52 22 alpin
684 786 33 22 qui
726 791 24 13 en
758 790 67 14 meure
839 786 23 17 de
871 786 58 18 honte
942 787 20 16 et
970 790 38 13 une
1017 785 80 18 histoire

622 811 107 22 has-alpine
737 811 32 22 qui
778 815 25 14 eu
811 811 38 18 soit
856 810 95 19 souillée?

644 836 28 17 Eh
679 835 5 18 !
694 840 46 17 non,
750 840 56 18 parce
814 836 48 22 qu’il
871 836 32 22 n’y
912 837 33 17 eut
953 835 68 23 jamais
1030 836 22 16 de
1065 839 33 13 na-

624 861 39 17 tion
671 861 114 22 bas-alpine,
794 861 24 18 de
827 861 68 22 peuple
904 859 194 25 bas-alpin,d’histoi-

623 890 21 13 re
651 886 115 22 bas-alpine.

644 910 24 18 Et
682 910 20 18 le
709 910 105 22 Dauphiné,
829 911 18 17 la
855 911 97 18 Provence
959 919 22 4 —
991 910 106 18 Personna-

623 935 43 18 lités
675 935 126 23 historiques,
817 940 37 14 eux
863 945 23 4 —
894 937 45 16 sont
947 935 67 18 fondés
1025 934 11 18 à
1043 934 52 18 dire:

622 960 42 18 «On
672 965 18 14 a,
698 961 15 17 il
722 965 12 18 y
743 966 11 12 a
761 962 45 17 cent
813 966 35 13 ans
857 962 21 17 et
886 961 49 21 plus,
947 960 52 18 taillé
1008 961 48 16 dans
1064 964 34 13 no-

624 986 91 17 tre’chair
723 986 85 17 vivante.

645 1011 48 17 D’un
710 1011 87 17 lambeau
813 1011 33 22 qui
863 1010 48 18 était
923 1010 108 22 Dauphiné,
1051 1009 45 17 d’un

622 1035 88 18 lambeau
720 1036 32 22 qui
767 1036 48 18 était
823 1035 105 21 Provence,
944 1040 24 12 on
977 1040 10 12 a
996 1034 35 18 fait
1044 1034 54 22 quel-

622 1065 37 16 que
667 1061 59 17 chose
733 1060 33 22 qui
773 1060 51 18 n’est
832 1060 21 19 ni
861 1060 99 22 Dauphiné
968 1060 19 17 ni
993 1059 102 20 Provence;

622 1090 27 12 un
656 1086 87 17 monstre
758 1085 17 17 si
784 1089 37 18 peu
831 1085 63 17 viable
908 1085 46 21 qu’il
963 1085 47 17 s’est
1024 1084 71 22 pourri.

622 1110 37 18 Mai
667 1111 99 17 constatez
774 1114 38 18 que
820 1114 22 14 ce
850 1110 50 17 n’est
908 1114 37 17 que
953 1110 18 17 là
979 1114 38 17 que
1024 1109 19 17 la
1051 1113 46 18 gan-

622 1135 59 22 grène
689 1135 49 19 s’est
746 1135 24 17 mi
773 1136 49 20 se,et
831 1139 59 18 voyez
898 1138 73 14 comme
980 1134 43 18 tout
1031 1134 17 17 le
1057 1137 40 14 res-

623 1160 19 17 te
650 1161 31 16 est
688 1160 51 18 sain.
747 1166 9 10 »

644 1185 82 18 Voit-on
740 1185 119 18 maintenant
872 1185 25 17 où
911 1184 38 22 j’en
960 1188 51 15 veux
1025 1182 72 20 venir?

621 1211 17 17 A
645 1210 41 18 ceci
694 1216 5 13 :
709 1210 112 22 lorsqu’une
829 1210 73 18 colonie
911 1211 29 17 est
948 1210 83 20 vendue,
1043 1209 54 17 l’ors.-

621 1235 59 22 qu’un
694 1235 132 22 département
834 1239 73 14 comme
920 1235 29 17 les
963 1234 133 22 Basses-Alpes

622 1261 29 17 est
658 1261 73 20 vendu,
740 1269 23 4 —
771 1260 15 18 il
795 1265 12 17 y
816 1265 11 13 a
835 1260 43 19 bien
887 1260 35 19 des
931 1259 92 20 individus
1034 1259 32 22 qui
1075 1263 21 13 se

621 1285 185 20 déshonorent,mais
814 1285 33 22 qui
853 1290 24 13 no
884 1285 128 17 déshonorent
1019 1284 76 22 qu’eux.

621 1310 26 17 Ils
660 1310 129 18 n’entraînent
802 1314 40 17 pas,
857 1310 25 18 ils
892 1314 24 13 ne
930 1309 42 18 font
985 1313 34 18 pas
1033 1309 63 18 rouler

621 1339 46 13 avec
675 1339 38 13 eux
721 1335 48 17 dans
777 1335 19 17 la
804 1339 46 13 vase
861 1339 37 13 une
908 1333 123 24 personnalité
1038 1332 59 19 histo-

620 1358 52 24 rique
679 1360 41 22 qui,
728 1368 23 4 —
759 1359 137 23 impérissable,
906 1360 51 17 alors
965 1358 57 23 qu’ils
1030 1358 66 22 dispa-

621 1385 81 17 raîtront
712 1394 22 4 —
744 1385 74 18 restera
832 1385 81 22 exposée
926 1389 38 13 aux
977 1384 71 22 mépris
1062 1384 33 17 des

620 1410 64 18 autres
697 1410 140 21 personnalités
847 1410 125 21 historiques,
988 1410 78 21 peuples
1074 1409 26 18 eh

620 1434 77 19 nations
705 1435 26 19 du
739 1436 75 17 monde.

643 1459 25 19 Or
676 1461 80 20 vendre,
769 1460 20 18 la
797 1460 64 22 Corse,
877 1461 46 17 c’est
932 1459 127 23 précisément
1066 1463 30 13 ce-

620 1486 42 17 la...

642 1510 36 18 Car
684 1512 19 16 la
712 1511 56 18 Corse
776 1512 31 17 est
815 1516 37 13 une
861 1512 72 20 nation,
942 1511 18 17 la
969 1510 57 18 Corse
1032 1510 30 18 est
1068 1514 25 13 un

620 1537 78 21 peuple;
712 1536 72 22 nation,
797 1537 68 22 peuple
873 1537 34 22 qui
915 1537 32 17 ont
955 1537 43 17 leur
1005 1535 87 20 histoire,

620 1563 20 16 et
648 1562 70 22 qu’elle
726 1562 81 18 histoire
813 1562 29 17 !...

642 1586 61 21 Qu’on
718 1592 24 13 ne
750 1587 42 18 dise
800 1592 34 17 pas
841 1592 5 12 :
861 1587 37 18 elle
907 1588 30 17 est
945 1586 17 18 si
970 1586 61 23 petite
1043 1586 50 17 cette

620 1612 74 21 nation,
709 1612 48 24 qu’il
765 1617 13 17 y
786 1617 11 13 a
805 1617 37 17 peu
856 1613 123 21 d’apparence
987 1612 58 22 qu’on
1059 1610 35 18 s’a-

619 1637 91 21 perçoive
718 1638 22 17 de
748 1642 22 14 sa
780 1638 65 18 honte.
854 1637 78 18 Comme
939 1637 18 18 si
965 1637 18 17 la
998 1636 95 23 grandeur

619 1666 25 14 ou
657 1662 19 18 la
685 1662 93 22 petitesse
793 1663 56 17 d’une
863 1662 65 19 nation
937 1666 25 14 ne
974 1661 62 18 tenait
1049 1660 43 22 qu’à

619 1691 22 14 sa
648 1687 111 22 superficie.
772 1688 52 18 Avec
839 1692 34 13 son
888 1690 55 14 vaste
951 1686 103 21 territoire,
1059 1686 34 17 tel-

620 1712 18 18 le
654 1713 87 21 apparaît
754 1713 46 18 bien
811 1713 67 22 petite,
900 1714 20 16 et
934 1712 45 18 telle
994 1711 33 22 qui
1043 1711 49 19 n’egt

618 1738 59 22 qu’un
686 1738 91 21 estuaire,
788 1738 45 18 telle
841 1738 33 22 qui
882 1738 49 17 n’est
940 1737 59 22 qu’un
1007 1737 47 17 bout
1069 1736 23 18 de

618 1763 126 21 presqu’île...

640 1787 41 18 Une
694 1788 66 18 nation
768 1789 30 17 est
810 1789 72 21 grande
890 1787 33 23 qui
936 1793 11 12 a
956 1792 32 16 eu,
1003 1787 33 17 des
1049 1791 43 17 pre-

618 1812 76 22 mières,
709 1813 113 18 conscience
830 1813 23 17 de
861 1817 21 13 sa
890 1812 129 23 personnalité
1027 1812 33 22 qui
1067 1812 24 17 l’a

618 1837 82 23 dégagée
714 1838 47 18 dans
769 1838 19 17 la
797 1838 86 21 douleur,
898 1842 11 13 a
917 1837 49 18 lutté
973 1837 34 18 des
1021 1836 69 20 siècles

618 1867 47 17 pour
679 1863 101 17 l’affirmer
794 1864 19 17 et
829 1863 99 22 l’imposer
941 1867 46 13 sous
995 1862 18 17 la
1028 1862 63 22 figure

618 1888 44 17 d’un
671 1887 44 19 Etat
721 1888 134 18 souverain....

639 1912 23 18 Et
676 1917 32 13 ces
717 1913 92 22 quelques
821 1913 83 17 milliers
919 1913 23 17 de
955 1912 135 22 montagnards

617 1937 91 18 méritent
716 1938 44 17 bien
769 1938 19 18 le
796 1942 44 14 nom
848 1939 24 17 de
880 1938 68 24 peuple
956 1937 33 23 qui
1001 1937 40 18 doit
1049 1936 41 19 être

617 1962 77 18 réservé
702 1964 20 16 et
730 1963 75 18 revient
814 1964 24 16 de
845 1963 53 17 droit
909 1963 71 21 (quelle
989 1963 55 21 qu’en
1053 1962 37 17 soit

616 1987 131 22 l’importance
754 1988 121 22 numérique)
882 1992 39 14 aux
928 1987 121 23 populations
1055 1986 35 23 qui

616 2016 21 14 se
645 2015 43 15 sont
697 2013 81 18 voulues
786 2013 66 21 libres,
860 2013 40 22 qui,
910 2017 48 18 pour
964 2013 19 17 le
995 2014 47 16 rest<
1047 2017 11 13 r
1065 2017 24 13 ou

615 2037 19 18 le
642 2038 107 22 redevenir,
761 2038 55 18 n’ont
824 2038 66 22 jamais
899 2038 62 18 lésiné
969 2042 34 15 sur
1014 2038 20 18 le
1042 2042 47 17 sang

615 2062 11 18 à
635 2062 98 22 répandre.

637 2087 85 19 Histoire
727 2088 58 18 d’une
790 2088 59 22 petite
857 2088 66 18 nation
929 2088 15 18 fi
946 2088 38 22 ère,
993 2089 45 17 d’un
1043 2092 46 18 peu-

615 2113 30 22 ple
653 2113 50 18 voué
711 2118 24 13 au
742 2113 46 23 joug
794 2115 19 17 et
822 2114 85 22 toujours
915 2114 74 18 hérissé
997 2118 49 18 pour
1059 2118 30 14 re-

614 2138 50 22 jeter
676 2139 19 17 le
709 2138 52 23 joug,
777 2139 44 22 quoi
837 2140 23 17 de
869 2139 44 22 plus
926 2139 124 22 dramatique,
1065 2140 22 16 de

615 2163 43 22 plus
672 2164 55 18 riche
734 2168 24 14 en
771 2164 130 22 magnifiques
909 2165 93 21 épisodes,
1019 2168 23 14 en
1056 2164 32 18 hé-

615 2189 76 20 roïsme,
707 2193 24 13 en
738 2188 105 22 sacrifices,
858 2194 37 17 que
904 2191 50 17 cette
969 2189 82 19 histoire
1065 2189 22 17 de

615 2213 57 19 Corse
680 2214 44 18 d’où
732 2214 109 22 surgissent
848 2224 24 4 —
879 2215 107 21 l’animant,
1001 2215 20 17 la
1029 2214 59 18 domi-

614 2240 77 18 nant.—
699 2243 32 14 ces
745 2241 70 21 grands
824 2240 86 18 hommes
918 2245 38 17 que
963 2241 19 17 la
995 2240 92 21 petitesse

615 2265 23 16 de
645 2264 44 18 leur
697 2269 47 18 pays
752 2265 109 22 n’empêcha
870 2270 34 18 pas
913 2265 58 19 d’être
978 2266 13 17 à
1001 2265 85 18 l’échelle

614 2289 25 17 de
646 2289 88 22 l’Europe
742 2291 21 17 et
770 2291 26 17 du
804 2290 81 18 Monde?

638 2314 54 19 Cette
708 2315 73 22 nation,
797 2320 21 13 ce
833 2316 75 22 peuple,
928 2316 52 17 voilà
996 2320 21 13 ce
1030 2315 60 22 qu’on,

615 2340 53 18 vient
676 2341 24 17 de
707 2341 71 17 vendre
786 2340 12 18 à
805 2341 120 18 Lederün....

636 2377 33 21 (La
678 2376 86 19 Nouvelle
773 2376 60 24 Corse)

646 2490 31 24 A
690 2490 185 30 Cunquista
883 2490 166 23 Francese

739 2532 32 24 di
785 2539 20 16 a
818 2531 138 24 Corsica

668 2575 40 29 (da
721 2582 30 15 un
763 2575 112 28 giurnale
887 2575 26 21 di
925 2573 103 29 l’epuca)

726 2630 80 18 Volume
817 2630 20 17 di
847 2629 34 18 204
892 2629 76 22 pagine.

741 2669 80 17 Prezzu:
832 2668 12 18 8
855 2668 98 18 franchi.

666 2711 86 23 Ajacciu,
761 2710 105 23 Stamperia
878 2710 20 18 di
906 2709 21 18 A
938 2709 89 19 Muvra.

1173 148 200 48 Narratori
1406 145 150 47 Italiani

1151 241 50 19 Due
1217 238 137 22 romanzieri
1373 237 28 19 ha
1419 239 72 17 avuto
1508 235 61 24 dopo
1587 233 14 19 il

1124 268 51 23 1870
1184 267 94 24 l’Itaiia,
1287 265 108 22 continua
1399 267 7 16 t
1410 270 25 13 or
1438 264 5 19 i
1454 269 34 14 ma
1492 261 63 21 ssinii
1565 260 36 20 del

1125 294 124 20 Cuerrazzi
1266 302 12 12 e
1297 293 35 20 del
1345 290 106 22 Manzoni
1459 297 6 12 :
1484 287 117 22 Giovanni

1126 321 74 24 Verga
1215 327 13 13 e
1237 321 111 23 Federigo
1357 318 76 20 Tozzi.
1452 317 17 19 Il
1480 316 83 24 Verga,
1573 314 27 20 si-

1125 348 85 19 ciliano
1223 348 23 19 di
1257 346 96 22 Catania
1360 352 6 17 ;
1377 345 16 19 il
1411 343 78 23 Ìozzi,
1504 346 96 16 toscano

1125 375 22 19 di
1156 374 80 20 Siena.
1246 375 117 21 Morirono
1373 372 66 20 tutt’e
1452 371 45 19 due
1507 375 96 15 sconos-

1124 402 57 19 ciuti
1190 408 5 13 :
1206 408 13 13 e
1237 408 59 14 sono
1314 405 92 16 ancora,
1425 405 41 18 per
1483 402 118 19 vergogna

1124 432 88 18 nostra,
1222 427 147 27 impopolari.

1149 456 119 20 Giovanni
1284 457 72 22 Verga
1372 453 63 20 dette
1457 452 20 19 al
1499 450 102 20 verisnio

1124 483 74 20 forme
1208 489 85 18 nuove,
1303 485 87 18 noslre,
1408 487 12 13 e
1429 485 45 14 una
1492 481 108 17 sostanza

1124 516 101 18 paesana
1239 517 13 12 e
1267 508 147 23 universale:
1428 513 47 14 non
1493 505 24 20 fu
1527 508 74 21 punto

1123 538 63 20 imita
1189 541 50 17 tore
1254 538 38 20 dei
1310 534 130 22 Francesci,
1455 533 73 21 com’è
1544 538 58 14 sem-

1123 566 66 20 brato
1198 572 13 13 a
1220 566 59 19 certi
1289 565 126 24 ignorant).
1425 562 71 20 Giova
1508 560 37 21 del
1555 566 45 14 res-

1123 597 23 15 to
1156 593 121 19 ricordare
1287 592 42 19 che
1338 592 15 18 il
1363 591 103 19 verismo
1481 589 23 19 fu
1514 595 30 13 un
1554 594 48 14 mo-

1123 623 23 17 to
1163 616 120 24 Jetterario
1293 619 107 24 eurbpeo,
1411 624 12 13 e
1441 623 48 14 non
1499 616 101 19 soltanlo

1123 647 115 23 francese,
1253 647 109 24 prodotto
1377 651 69 14 verso
1463 644 22 20 la
1499 643 47 20 fine
1565 641 35 21 del

1122 675 78 19 secolo
1210 680 81 14 scorso
1300 674 28 19 da
1337 680 30 13 un
1381 673 130 24 impetuoso
1522 671 78 19 ririno-

1123 706 111 16 vamento
1246 701 61 20 délia
1321 700 128 21 tradjzione
1466 698 134 21 romantica.

1122 729 19 20 Il
1151 729 74 25 Verga
1235 732 68 22 porto
1312 731 103 22 appunto
1424 727 23 20 in
1458 727 96 20 codesto
1566 731 36 14 ro-

1122 757 148 22 manticisme
1279 755 158 27 ringiovanito
1448 760 44 14 una
1501 753 100 28 limpidi-

1123 784 23 20 tà
1157 791 13 13 e
1185 791 32 13 un
1226 784 127 25 equilibrio
1362 782 107 23 classico,
1488 781 98 20 italiano
1595 787 5 13 :

1123 818 46 14 non
1184 812 20 20 si
1222 817 68 20 perse
1305 811 61 20 nella
1382 810 75 20 cinica
1474 815 13 14 e
1508 808 92 20 torbida

1122 839 223 25 rappresentazione
1354 838 22 20 di
1395 837 68 25 poebi
1479 836 84 23 istinli,
1573 842 29 14 ne

1122 870 67 17 tanto
1207 872 69 15 raeno
1295 866 62 20 nello
1375 865 83 20 stérile
1470 864 84 20 diJelto
1564 863 36 20 del

1123 895 105 21 bozzetto
1246 894 82 20 locale.
1349 894 30 19 La
1388 899 43 14 sua
1440 896 50 16 arte
1499 892 28 20 ha
1538 897 64 14 veia-

1121 925 77 17 mente
1207 928 31 14 un
1249 921 132 25 significato
1398 920 88 21 morale
1495 919 105 21 valevole

1122 955 41 17 per
1170 950 57 19 tutti
1235 949 33 25 gli
1284 948 88 21 uomini
1380 955 5 13 :
1396 948 38 20 nei
1452 946 149 25 Malavoglia

1122 977 32 19 c’è
1162 977 16 19 il
1189 977 105 20 dramroa
1303 977 66 19 d’una
1376 975 113 25 famiglia,
1496 975 37 19 nel
1538 975 63 21 Mas-

1121 1006 36 18 tro
1166 1005 54 20 Don
1231 1004 117 21 Gesualdo
1357 1004 17 20 il
1384 1005 102 19 dramma
1496 1003 53 19 d’un
1560 1008 40 14 uo-

1121 1038 38 14 mo
1168 1039 6 17 ;
1185 1033 61 20 nelle
1255 1032 121 24 splendide
1390 1031 92 21 novelle
1501 1031 32 19 c’è
1541 1033 58 17 tutta

1122 1061 21 19 la
1159 1060 46 20 vita
1221 1060 61 20 délia
1300 1065 126 19 carnpagna
1444 1058 107 20 siciliana
1561 1057 39 20 im-

1122 1092 128 20 personata
1260 1088 24 20 in
1295 1087 40 24 tipi
1349 1089 179 18 estremamente
1542 1091 58 14 sem-

1121 1115 63 25 pliçi,
1194 1115 145 23 elementari,
1348 1114 144 24 tratteggiati
1509 1119 12 14 e
1531 1112 68 21 messi

1121 1143 23 20 in
1154 1147 65 16 moto
1228 1150 44 14 con
1282 1142 137 25 un’energia
1429 1141 42 20 che
1480 1140 119 25 soggioga.

1123 1171 54 23 Usò,
1184 1178 67 13 corne
1259 1171 52 20 tutti
1321 1171 7 19 i
1336 1170 89 25 grandi,
1433 1169 5 19 i
1446 1168 61 21 modi
1516 1167 84 21 schiet-

1120 1198 18 23 ti
1149 1199 60 20 délia
1220 1199 91 25 parlata
1322 1202 103 16 toscana.

1147 1227 114 24 Federigo
1270 1226 78 23 Tozzi,
1357 1229 74 17 mono
1449 1224 99 26 giovane
1562 1229 38 14 su-

1122 1255 49 20 bito
1180 1255 61 25 dopo
1251 1255 22 19 la
1282 1260 93 19 guerra,
1385 1253 23 20 fu
1419 1253 39 24 più
1468 1252 130 25 perscr.ale,

1121 1283 40 25 più
1180 1286 78 21 poeta,
1277 1283 27 19 ed
1317 1287 106 18 espresse
1440 1284 130 16 attraverso
1578 1279 21 20 le

1121 1316 43 16 sue
1172 1316 101 17 persone
1282 1316 44 13 una
1343 1307 100 21 filosofia
1458 1313 79 13 amara
1547 1313 13 13 e
1569 1306 31 20 fa-

1120 1338 54 20 tale.
1184 1337 65 21 NeJle
1258 1336 41 22 Tre
1306 1336 61 21 croci
1375 1342 12 16 e
1397 1335 37 21 riei
1451 1334 98 24 Pçdere,
1562 1340 37 14 co-

1120 1372 37 14 rne
1164 1365 74 21 anche
1247 1365 23 20 in
1289 1365 91 20 diverse
1393 1362 101 24 novelle,
1504 1363 95 25 prévale

1121 1399 65 14 corne
1192 1393 87 20 inotivo
1288 1393 52 19 fisso
1348 1398 31 13 un
1389 1390 178 21 dissolvimento
1576 1390 23 19 di

1119 1421 101 21 costumi
1234 1426 13 14 e
1263 1421 23 19 di
1300 1420 92 22 destini,
1412 1425 45 13 una
1468 1418 129 20 decadenza

1120 1456 45 14 non
1176 1450 55 23 però
1240 1448 127 23 cerebrale,
1386 1453 38 14 ma
1442 1446 136 21 inevitabile
1586 1453 13 13 e

1120 1477 107 25 religiosa
1236 1483 67 14 corne
1314 1482 44 14 una
1373 1476 67 24 legge
1458 1475 22 19 di
1490 1475 46 20 vita
1546 1482 13 13 e
1573 1475 22 20 di

1119 1509 83 19 morte.
1220 1504 118 21 L’incanto
1355 1509 71 19 sorge
1441 1503 37 25 poi
1489 1503 36 20 dal
1540 1502 58 21 fatto

1118 1533 42 20 che
1169 1532 110 22 l’infinita
1288 1531 143 21 raffinatezza
1441 1531 38 19 de’
1486 1530 52 21 suoi
1547 1537 51 18 per-

1118 1561 97 26 sonaggi
1226 1567 48 13 non
1284 1561 125 23 s’accampa
1420 1559 38 20 nel
1473 1559 69 20 solito
1551 1565 47 15 ain-

1118 1589 77 20 biente
1205 1588 23 20 di
1244 1588 72 23 lusso,
1326 1594 35 13 ma
1372 1587 82 20 risalta
1467 1586 61 21 sulîo
1537 1587 62 20 sfon-

1118 1618 31 19 do
1157 1623 58 19 puro
1225 1616 37 20 dei
1272 1616 74 24 campi
1354 1622 13 13 e
1374 1615 59 21 delle
1441 1615 37 19 vie
1487 1615 22 19 di
1519 1615 78 21 Siena.

1119 1646 34 20 Un
1168 1645 59 19 altro
1242 1651 44 13 suo
1295 1644 68 23 libro,
1374 1644 87 23 Bestie,
1483 1643 13 20 è
1504 1647 61 17 tutto
1574 1644 22 19 di

1117 1673 81 20 liriche
1204 1672 70 25 piene
1280 1672 24 20 di
1311 1672 66 24 vigor
1386 1675 112 18 terrestre
1506 1678 13 14 e
1528 1672 68 20 d’una

1117 1701 106 24 fristezza
1232 1700 132 26 grandiosa.
1383 1700 62 20 Ebbe
1455 1707 44 14 una
1509 1700 46 20 vita
1564 1700 34 20 in-

1117 1729 81 25 quiéta
1213 1736 13 13 e
1240 1729 115 20 dolorosa.
1372 1728 17 20 Il
1404 1735 43 14 suo
1465 1735 69 14 nome
1543 1728 55 20 s’in-

1116 1757 110 25 grandirà
1235 1757 37 20 col
1287 1761 86 20 tempo,
1383 1757 102 24 quandc,
1503 1757 50 20 sarà
1564 1763 33 13 se-

1117 1786 63 23 polta
1187 1785 22 20 la
1218 1785 155 25 generazior.e
1382 1784 42 21 che
1433 1785 165 20 ostinatamen-

1117 1817 23 17 te
1149 1813 31 25 gli
1190 1814 61 24 negô
1261 1813 17 20 il
1288 1813 197 20 riconoscimento
1500 1813 85 20 inteio.

1142 1841 66 20 Molli
1223 1841 54 20 altri
1292 1841 101 20 romanzi
1403 1847 14 14 e
1431 1841 130 20 moltissimi
1571 1840 25 21 li-

1116 1870 35 20 bri
1160 1869 24 20 di
1193 1869 95 23 novelle
1296 1875 58 14 sono
1362 1869 68 26 pseiti
1445 1870 22 19 in
1479 1869 68 20 Italia
1558 1875 39 14 ne-

1115 1898 32 25 gli
1155 1897 77 21 ultimi
1241 1897 135 23 trent’anni,
1390 1904 37 13 ma
1441 1903 103 15 nessuno
1559 1897 35 20 dei

1116 1926 72 20 nuovi
1204 1925 116 20 narratori
1339 1926 12 19 è
1364 1925 84 25 giunto
1460 1925 133 20 all’altezza

1115 1954 24 20 di
1154 1953 86 25 questi.
1251 1953 20 20 O
1289 1959 43 15 son
1348 1953 80 24 poveri
1444 1954 23 19 di
1487 1959 76 16 cuore,
1579 1959 13 14 e

1115 1982 104 26 perdono
1237 1981 17 20 il
1272 1984 77 21 tëmpo
1366 1981 24 19 in
1416 1980 79 21 fredde
1511 1980 83 21 analisî

1115 2009 126 26 psichiche,
1259 2009 23 19 in
1293 2009 87 24 pitture
1388 2009 23 19 di
1429 2009 132 25 paesaggio,
1571 2009 23 20 in

1114 2037 98 21 esercizi
1221 2037 22 19 di
1253 2037 65 23 slile;
1334 2043 90 19 oppure
1432 2043 42 14 son
1493 2036 101 22 difettosi

1114 2067 61 20 nella
1193 2065 86 24 forma,'
1296 2064 105 24 sfrenati,
1420 2071 59 19 poco
1505 2065 88 21 curanti

1114 2094 40 20 nel
1163 2094 79 24 vaglio
1251 2093 60 25 degli
1321 2093 110 21 eiementi
1449 2100 12 14 e
1470 2093 63 20 nella
1547 2093 47 20 dis-

1114 2122 121 25 posizione
1249 2121 38 20 dei
1296 2121 59 21 fatti.
1370 2121 82 20 Alcuni
1462 2122 19 19 si
1494 2121 101 21 diverto-

1113 2156 31 14 no
1153 2156 43 14 con
1206 2150 90 24 puerile
1302 2149 126 20 insistenza
1437 2155 13 14 a
1460 2149 133 25 riprodurre

1113 2179 24 19 in
1147 2185 31 13 un
1188 2178 81 20 brutto
1277 2184 71 19 gergo
1356 2178 29 19 da
1394 2177 73 25 grand
1477 2177 61 21 hôtel
1548 2178 7 19 i
1563 2178 31 20 vi-

1112 2206 20 20 zi
1142 2213 13 13 e
1162 2206 24 19 le
1194 2212 116 18 magagne
1317 2205 70 21 d’una
1400 2205 74 21 classe
1489 2205 103 21 doziosi.

1113 2234 114 20 Meritano
1236 2234 59 24 però
1304 2233 92 21 d’esser
1410 2234 123 22 nominati,
1541 2232 35 21 fra
1585 2234 7 20 i

1113 2262 112 22 romanzi,
1234 2262 37 20 La
1283 2261 64 21 Velia
1355 2261 24 20 di
1389 2262 80 19 Bruno
1482 2261 111 25 Cicogna-

1113 2290 23 20 ni
1146 2296 12 13 e
1167 2290 36 20 La
1214 2289 118 24 Trappola
1340 2290 22 19 di
1374 2288 90 21 Delfino
1473 2288 93 22 Cinelli.

1136 2317 72 20 Corne
1224 2321 112 18 racconto
1346 2323 45 14 non
1409 2317 136 20 d’intreccio
1555 2324 36 14 ma

1111 2344 120 24 filosofico,
1248 2345 20 20 si
1280 2345 59 20 ebbe
1348 2345 15 19 il
1373 2345 132 20 Lemmonio
1518 2345 74 20 Boreo

1111 2373 23 19 di
1142 2372 108 25 Ardengo
1260 2372 85 24 Soffici,
1357 2372 125 25 magnifico
1492 2373 98 21 scritore

1111 2407 12 13 e
1132 2401 87 24 pittore
1227 2400 137 24 fiorentino,
1375 2406 46 14 uno
1430 2401 37 19 dei
1477 2401 70 25 primi
1557 2405 33 16 tra

1111 2429 7 19 i
1133 2428 130 20 formatori
1279 2428 61 20 délia
1357 2428 122 21 coscienza
1496 2429 94 20 italiana

1111 2462 86 14 nuova.
1208 2455 67 21 Bello
1288 2455 73 21 anche
1375 2456 16 19 il
1407 2456 152 21 Michelaccio
1569 2457 21 20 di

1111 2484 102 20 Antonio
1227 2483 102 22 Baldini.
1339 2490 46 14 una
1393 2484 80 25 specie
1482 2485 23 19 di
1513 2485 78 20 novel-

1110 2511 53 20 lona
1171 2510 126 22 fantastica
1307 2516 151 19 avecturosa,

1136 2543 33 19 Da
1183 2549 31 13 un
1229 2548 87 19 genere
1330 2542 116 25 aiquanto
1460 2543 103 23 diverso,
1577 2549 12 14 e

1111 2570 50 20 cioè
1170 2570 59 19 nell’
1241 2569 155 26 autobigrafia
1413 2570 75 23 lirica,
1502 2571 37 24 già
1552 2577 38 19 ga-

1110 2597 171 25 gliardamente
1307 2598 122 20 realizzata
1451 2599 37 19 dal
1511 2598 77 21 Soffici

1110 2625 55 21 nell’
1183 2625 140 21 Arlecchino
1340 2632 12 13 e
1361 2626 62 20 nella
1444 2626 93 20 Gioslra
1550 2627 40 19 dei

1110 2653 68 22 sensi,
1189 2659 13 13 e
1211 2653 28 19 da
1254 2653 56 20 altri
1319 2653 96 23 minori,
1429 2659 68 19 sorge
1506 2660 40 13 ora
1556 2661 31 13 un

1110 2681 99 25 giovane
1218 2687 13 13 e
1240 2684 95 21 potente
1341 2681 89 22 artista,
1438 2681 65 25 Luigi
1509 2681 79 21 Barto-

1110 2709 41 19 lini
1160 2708 169 26 marchigiano.

1654 135 88 23 Questo
1757 132 48 24 tipo
1821 130 93 21 curioso
1929 129 23 20 di
1970 132 68 22 pueta
2047 126 56 22 inci-

1627 167 63 17 sore,
1699 160 42 20 clic
1759 159 53 19 vive
1820 164 46 14 non
1883 157 23 20 di
1921 157 136 19 letteratura
2066 160 35 14 ma

1628 186 146 26 insegnando
1791 186 97 23 disegno
1906 184 22 19 in
1946 183 71 20 fondo
2035 189 12 13 a
2056 188 45 13 una

1628 214 127 26 provincia,
1771 213 27 20 ha
1814 213 54 20 dato
1886 212 23 20 in
1921 209 181 27 quest’annoail’

1628 243 65 19 Italia
1703 249 30 12 un
1744 241 60 20 libro
1813 240 22 19 di
1846 239 69 21 molta
1926 238 110 20 bellezza.
2044 237 58 20 Pas-

1626 270 110 24 seggiata
1744 274 43 14 con
1796 267 24 20 la
1829 272 109 19 ragazza
1944 272 9 13 :
1969 265 58 20 libro
2041 264 22 19 di
2074 264 29 19 ri-

1627 296 65 20 cordi
1710 294 94 26 paesani
1821 298 64 15 tutto
1902 293 101 20 animato
2020 292 28 19 da
2071 298 30 13 un

1627 323 142 20 sentimento
1777 321 114 20 altissimo
1900 320 22 20 di
1932 320 86 20 unione
2027 325 44 14 con
2080 318 21 20 la

1627 354 93 19 natura,
1730 357 12 12 e
1752 349 22 20 di
1789 348 91 21 ridente
1897 355 12 13 e
1918 354 56 13 sana
1988 346 113 21 carnalità

1627 377 125 21 mescoJata
1766 383 12 13 a
1793 383 43 13 una
1853 376 102 20 inaschia
1969 374 132 21 elevazione

1627 404 129 25 spirituale.
1768 404 24 19 In
1803 404 30 19 lui
1843 403 147 25 ilpaesaggio
1999 402 103 20 èdavve-

1627 439 26 13 ro
1660 432 77 20 anima
1747 438 13 13 e
1768 437 99 18 sangue,
1877 437 46 13 non
1935 431 67 19 basso
2016 433 87 21 prêtes-

1627 463 24 16 to
1665 466 42 17 per
1720 459 49 20 farc
1778 458 60 20 délia
1854 458 79 24 poesia
1948 458 24 20 in
1983 464 77 18 prosa.
2071 457 30 20 Le

1626 493 99 18 persone
1738 493 13 13 e
1761 486 6 20 i
1776 486 48 20 casi
1844 486 22 20 di
1876 489 82 21 questo
1967 485 59 20 libro
2044 491 57 13 sono

1626 514 193 20 indimenticabili
1833 520 13 13 e
1855 513 78 20 hanno
1942 513 15 20 il
1971 513 62 19 dono
2042 512 58 20 délia

1627 542 46 20 vita
1681 549 6 13 :
1697 543 23 19 lo
1729 542 54 20 stile
1792 542 13 20 è
1813 541 89 24 arioso,
1912 541 64 20 vario
1984 546 5 13 :
2004 540 75 20 libero
2088 546 12 14 e

1627 570 106 25 rigoroso
1742 577 12 13 a
1765 577 29 12 un
1805 573 85 21 tempo,
1905 576 13 13 e
1935 568 167 25 indipendente

1626 598 62 19 dalle
1696 598 80 19 scuole
1784 604 13 13 e
1806 597 37 19 dai
1852 596 117 25 gruppelti
1979 596 60 19 délia
2049 602 50 19 pré-

1626 628 67 17 sente
1703 624 65 21 Italia
1776 624 92 22 Jetterai
1874 624 29 22 ia,
1913 623 67 20 Nulla
1990 629 83 13 ranime
2078 629 21 13 n-

1627 656 22 16 ta
1657 652 40 25 qui
1706 652 23 20 lo
1738 651 75 21 sforzo
1821 658 12 13 a
1837 651 46 20 bile
1892 650 59 21 délia
1960 654 68 21 gente
2037 650 64 20 lette-

1627 684 49 15 rata
1683 686 6 13 :
1695 683 59 16 tutto
1764 680 12 19 è
1784 679 145 20 naturalezza
1936 678 30 24 (la
1975 677 124 21 naturalez-

1626 714 27 13 za
1661 707 169 20 terribilmente
1839 707 137 24 complicala
1982 706 36 20 del
2023 704 78 26 poeta)

1627 742 13 13 e
1647 738 51 17 arte
1708 741 65 17 vera,
1782 734 50 21 cioè
1841 735 39 25 più
1891 735 50 23 viy?
1951 734 37 23 del
1999 739 64 17 vero,

1650 763 42 22 Dal
1703 762 113 22 Bartolini
1829 763 117 25 posslamo
1955 761 61 20 forse
2025 764 75 22 aspet-

1627 792 56 19 tarci
1699 792 15 19 il
1724 791 88 25 grande
1827 797 110 14 romanzo
1948 789 95 21 italiano
2053 794 48 14 mo-

1627 819 81 24 derno,
1717 819 78 25 degno
1804 819 22 19 di
1844 822 66 16 tener
1928 816 134 26 compagnia
2078 815 20 20 ai

1626 846 112 26 migliori.

1899 877 78 23 BertP
1989 873 82 26 Ricci,

1638 928 3 4 .
1649 916 82 22 Virenze,
1744 916 25 18 12
1776 915 63 23 Aprile
1849 915 58 17 1930.

1732 1008 88 19 C0NTRU
1830 1008 17 19 U
1857 1008 135 18 FURESTERU

1627 1052 75 36 Chez
1725 1052 43 36 les
1790 1053 104 35 Corses
1919 1052 36 36 de
1982 1052 114 36 Cannes

1651 1135 43 19 Les
1702 1134 86 21 Corses
1796 1135 29 20 du
1836 1138 87 17 canton
1938 1136 28 19 de
1976 1136 91 20 Cannes
2076 1143 24 14 se

1625 1166 54 16 sont
1690 1162 79 20 réunis
1777 1169 30 13 en
1816 1163 127 22 assemblée
1952 1164 117 24 générale,
2079 1165 21 20 le

1624 1190 122 20 dimanche
1762 1190 24 20 13
1797 1191 60 20 avril
1867 1191 58 25 19.30,
1940 1192 60 20 dans
2015 1199 31 13 un
2058 1193 40 20 des

1624 1218 78 20 salons
1710 1218 31 20 du
1751 1218 78 20 Grand
1839 1218 56 21 Café
1909 1218 117 22 Maritime
2035 1220 43 20 mis
2087 1222 12 19 à

1625 1245 51 22 leur
1690 1246 138 25 disposition
1845 1253 41 22 par
1895 1247 30 21 M.
1936 1248 74 24 Le\ve,
2025 1249 22 19 le
2056 1249 44 20 dis-

1624 1274 78 24 tingué
1711 1274 162 25 propriétaire.

1649 1302 29 20 M.
1685 1302 59 20 Jean
1752 1303 100 20 Panzani
1859 1304 136 24 présidaitla
2003 1305 96 21 réunion

1624 1329 40 25 qui
1673 1330 63 20 avait
1745 1337 60 17 pour
1813 1331 42 21 but
1865 1337 5 13 :

1649 1363 19 17 1‘
1680 1361 128 25 Payement
1815 1361 41 21 des
1866 1362 147 22 cotisations.

1648 1394 20 17 2‘
1681 1391 128 25 Insciption
1817 1392 29 20 de
1855 1397 26 16 20
1898 1400 121 14 nouveaux
2029 1401 70 14 mem-

1625 1419 62 20 bres.

1648 1450 20 20 3'
1691 1450 48 21 Une
1754 1452 148 20 commission
1927 1454 124 23 composée
2071 1453 28 20 de

1624 1477 58 21 MM.
1692 1478 76 24 Nami,
1777 1479 121 24 Grimaldi,
1908 1480 137 24 Carbuccia-,
2054 1481 46 20 An-

1624 1506 82 24 tonini,
1713 1507 29 20 de
1749 1507 84 20 Peretti
1840 1508 59 20 délia
1907 1508 73 20 Rocca
1987 1512 22 16 et
2015 1508 84 25 Squar-

1624 1534 71 24 cioni,
1704 1541 12 14 a
1726 1536 37 19 été
1771 1535 111 25 désignée
1896 1542 59 19 pour
1965 1537 133 25 l’organisa-

1624 1562 49 22 tion
1689 1563 52 19 d’un
1758 1563 105 25 banquet
1879 1568 22 18 et
1916 1565 106 21 recevoir
2036 1565 41 21 dès
2086 1566 11 20 à

1623 1591 93 24 présent
1722 1591 33 20 les
1761 1591 150 25 inscriptions
1918 1592 40 20 des
1964 1593 135 24 compatrio-

1623 1623 35 16 tes
1667 1623 25 16 et
1700 1619 28 20 de
1737 1619 62 21 leurs
1808 1620 68 20 amis.

1647 1647 32 20 Ce
1695 1647 103 25 banquet
1811 1654 57 14 aura
1881 1648 47 20 lieu
1943 1649 22 20 le
1973 1649 124 20 dimanche

1623 1679 25 21 27
1662 1675 60 20 avril
1738 1676 50 24 1980
1803 1676 12 20 à
1831 1676 56 20 midi
1903 1678 13 18 à
1931 1677 122 25 l’Auberge
2070 1678 28 19 de

1623 1702 183 22 l’Observatoire
1828 1704 29 20 de
1878 1704 177 25 Super-Cannes
2069 1712 28 13 au

1623 1732 52 24 prix
1684 1731 28 20 de
1720 1736 26 20 40
1754 1731 80 21 francs
1844 1739 41 18 par
1894 1739 124 18 personne.

1649 1759 127 21 L’ordredu
1780 1760 56 24 jour
1842 1761 63 19 étant
1914 1761 90 24 épuisé,
2011 1761 31 20 M.
2049 1761 49 20 Gri-

1622 1787 71 20 maldi
1708 1791 114 17 transmet
1830 1788 14 20 à
1852 1788 154 21 l’Assemblée
2022 1789 33 20 les
2064 1796 34 14 re-

1622 1816 161 20 merciements
1791 1816 29 20 de
1828 1816 55 20 Mlle
1891 1817 77 23 Pietri,
1977 1817 120 21 directrice

1622 1844 29 20 de
1659 1844 84 20 l’Ecole
1752 1844 109 25 primaire
1870 1844 137 26 supérieure
2016 1846 82 25 déjeu-

1621 1879 42 13 nes
1676 1872 58 20 filles
1748 1873 29 19 de
1791 1873 103 24 Cannes,
1911 1880 58 18 pour
1978 1874 20 19 la
2008 1880 90 19 sympa-

1621 1900 49 20 thie
1679 1900 39 26 qui
1728 1901 32 19 lui
1769 1907 12 13 a
1791 1901 37 19 été
1846 1902 132 24 témoignée
1992 1908 44 18 par
2043 1906 54 16 tous

1621 1934 37 14 ses
1665 1928 164 25 compatriotes
1835 1930 13 18 à
1857 1929 124 20 l’occasion
1991 1930 29 20 du
2030 1930 66 20 décès

1622 1956 29 20 de
1658 1956 54 20 Mlle
1722 1956 65 23 Leca,
1797 1958 121 19 maîtresse
1927 1957 133 21 d’internat.

1645 1984 93 20 D’autre
1753 1988 59 21 part,
1826 1985 35 20 les
1876 1985 114 20 élections
2004 1986 92 20 sénato-

1621 2012 70 20 riales
1707 2012 40 25 qui
1766 2016 83 16 auront
1863 2013 45 20 lieu
1925 2013 21 20 le
1964 2018 19 15 11
2004 2014 46 19 mai
2067 2021 27 13 en

1620 2040 81 23 Corse,
1710 2041 66 19 étant
1789 2040 79 25 l’objet
1881 2042 28 19 de
1917 2042 178 20 commentaires

1620 2068 129 21 nombreux
1762 2072 24 16 et
1800 2069 156 24 susceptibles
1969 2068 126 22 défausser

1619 2096 113 25 l’opinion
1747 2096 40 20 des
1805 2096 174 20 Continentaux
2000 2103 41 14 sur
2060 2097 35 20 les

1619 2130 86 14 moeurs
1714 2124 135 20 électorales
1858 2125 29 19 du
1898 2131 65 19 pays,
1974 2125 82 20 l’ordre
2064 2126 30 20 du

1617 2152 54 25 jour
1679 2152 101 23 suivant,
1790 2154 108 24 présenté
1906 2160 42 18 par
1958 2153 30 21 M.
1998 2153 97 21 Grimal-

1619 2180 31 23 di,
1659 2186 13 14 a
1682 2181 36 19 été
1728 2181 52 19 voté
1789 2187 41 18 par
1839 2181 152 21 acclamation
2001 2186 22 15 et
2033 2182 12 20 à
2054 2182 40 20 l’u-

1619 2208 114 20 nanimité
1741 2208 75 20 moins
1824 2215 47 13 une
1881 2209 61 20 voix.

1643 2236 61 20 «Les
1719 2235 85 21 Corses
1818 2237 30 19 de
1862 2236 101 24 Cannes,
1981 2238 111 20 soucieux

1619 2272 10 11 «
1635 2264 28 20 de
1670 2264 23 20 la
1701 2264 89 25 dignité
1799 2265 28 19 de
1835 2265 52 19 leur
1892 2265 71 25 petite
1972 2266 81 23 patrie,
2059 2266 35 25 ja-

1619 2296 10 11 «
1638 2292 55 20 loux
1701 2292 29 20 de
1746 2298 25 14 sa
1788 2292 111 21 tradition
1918 2293 29 20 de
1965 2294 89 23 probité
2071 2298 22 16 et

1619 2320 221 24 «d’indépendance,
1856 2321 112 20 s’élèvent
1981 2321 29 20 de
2027 2326 65 16 toute

1618 2348 69 20 «leur
1700 2347 65 21 force
1779 2353 79 16 contre
1867 2349 21 20 la
1904 2350 150 20 candidature
2064 2351 28 19 de

1618 2375 45 21 «M.
1674 2375 106 21 Lederün
1790 2377 38 24 qui
1836 2380 34 17 est
1878 2378 150 24 uniquement
2037 2378 55 20 d’ar-

1619 2407 67 21 «gent
1694 2410 46 14 aux
1748 2410 60 19 yeux
1816 2404 30 20 de
1853 2408 50 17 tout
1912 2405 22 20 le
1945 2406 94 20 monde.
2047 2406 44 20 LT-

1618 2432 36 20 «le
1662 2432 30 19 de
1702 2432 87 20 Beauté
1798 2433 58 19 n’est
1865 2439 40 18 pas
1912 2439 30 13 un
1950 2440 56 18 pays
2013 2435 14 19 à
2037 2440 54 14 ven-

1617 2460 66 23 «dre,
1696 2463 22 17 et
1732 2460 34 20 les
1777 2459 83 21 Corses
1874 2461 28 19 de
1917 2460 102 24 Cannes,
2035 2468 55 14 sans

1617 2487 150 21 «distinction
1783 2488 28 19 de
1827 2489 69 23 parti,
1917 2489 110 20 estiment
2046 2496 44 17 que

1617 2515 79 20 «leurs
1712 2516 168 24 compatriotes
1897 2522 26 14 se
1947 2517 96 20 doivent
2060 2517 30 20 de

1617 2541 104 22 «choisir
1729 2543 124 21 librement
1862 2550 59 18 pour
1928 2544 34 20 les
1970 2546 120 23 représen-

1617 2574 50 16 «ter
1676 2577 29 13 au
1714 2570 80 22 Sénat,
1805 2578 29 13 un
1852 2571 92 21 homme
1953 2572 40 25 qui
2002 2573 45 19 soit
2056 2579 31 14 un

1616 2598 157 26 «républicain
1782 2599 104 25 cap-.ble,
1892 2600 103 24 éprouvé
2003 2605 23 15 et
2034 2600 55 20 hon-

1616 2627 77 22 «nête,
1702 2633 89 18 pauvre
1800 2628 123 24 peut-être,
1940 2628 59 20 mais
2008 2635 31 13 un
2047 2629 42 20 des

1615 2662 11 11 «
1631 2655 72 20 leurs.
1710 2662 12 12 »

1639 2682 30 20 La
1679 2682 86 20 séance
1773 2682 35 21 fut
1816 2683 67 20 levée
1900 2684 93 20 ensuite
2002 2685 57 19 dans
2067 2685 21 19 la

1614 2709 52 26 plus
1674 2708 98 22 franche
1779 2711 131 20 cordialité.
1917 2718 11 7 •

2297 133 127 35 Nozze

2157 194 92 22 Ghiovi
2262 201 94 22 scorsu,
2363 205 27 20 24
2401 202 95 33 Aprile,
2508 212 12 22 è

2129 228 120 21 celebratu
2263 228 23 22 in
2299 229 100 27 Ajacciu
2416 242 13 14 u
2442 243 67 23 matri
2530 223 10 15 S
2550 227 31 23 3tu

2129 260 23 22 di
2166 267 13 14 u
2192 263 84 19 nostru
2288 263 79 22 amicu
2380 266 111 30 Augustu
2504 257 78 45 Mj?niu

2129 300 28 15 eu
2168 300 11 14 a
2192 294 130 27 simpalica
2337 303 14 14 e
2363 299 68 23 tantu
2442 309 74 23 gentil

2128 327 54 21 dam
2186 327 6 21 i
2195 333 25 15 ce
2223 327 15 21 11
2241 333 12 15 a
2264 327 66 23 Rosa
2344 330 100 29 Pompa.
2519 319 11 15 6

2157 360 51 22 Una
2222 366 130 17 numerosa
2367 363 58 24 folia
2439 369 25 21 di
2477 378 53 21 pare

2129 393 94 21 d'amici
2238 399 231 24 accumpagnavanu
2485 386 77 42 i\nntl
2571 396 11 16 e

2128 425 21 21 a’
2162 425 33 22 Ca
2198 426 49 21 lied
2250 427 60 24 raie,
2326 427 63 23 duve
2404 437 13 15 a
2432 419 150 45 celebreV^

2128 458 13 22 è
2155 461 34 19 sla
2192 461 21 19 ta
2230 458 98 22 rialzata
2349 461 28 21 da
2398 469 13 15 u
2433 472 88 22 cuncor

2128 491 33 22 l’“
2168 491 169 23 Estudiantina
2348 492 12 9 ”
2386 495 123 31 d’Ajacciu
2522 481 53 44 ^r?
2577 488 6 20 1

2129 524 113 22 “lunch”
2262 525 48 21 ben
2325 525 94 25 furnitu
2434 538 13 14 e
2462 532 121 32 seguiij/T

2127 558 64 21 ballu
2199 558 28 21 ha
2238 559 113 21 cuncolta
2360 559 41 23 l’in
2405 563 69 25 vitati
2485 569 23 23 in
2516 573 19 21 la
2562 553 21 20 ^

2128 591 22 21 di
2162 597 12 15 c
2183 591 64 21 Teste
2259 592 25 20 di
2297 598 16 14 u
2325 592 148 32 Municipiu,
2485 582 99 47 duve^

2127 624 22 20 la
2168 623 39 27 più
2229 624 104 27 perfetta
2356 630 119 28 armunia,
2498 619 86 40 è’Jaîn

2127 656 86 21 festatu
2226 663 14 14 u
2253 656 72 24 felice
2338 660 100 27 çoppiu,
2561 650 23 20 tü

2153 688 165 24 Indirezzemu
2329 698 12 14 a
2355 695 79 24 questi
2447 696 8 22 i
2468 705 72 23 nostri

2127 723 87 21 sinceri
2223 724 89 28 augurj
2324 725 25 21 di
2362 727 74 28 longa
2445 732 51 24 viia
2503 737 23 23 in
2535 716 49 46 SP‘U

2127 761 13 15 e
2153 755 114 22 cristiana
2285 757 104 28 unione,
2410 766 13 15 e
2437 768 13 15 a
2465 764 7 21 i
2489 774 41 20 par
2558 752 26 31 n.a

2125 788 55 22 tutti
2192 789 6 20 i
2211 790 76 20 nostri
2304 790 196 31 ringraziamenti
2513 809 12 15 e
2536 781 47 43 für'

2126 821 120 22 citazioni.
2562 843 9 4 _

2275 905 22 18 II.
2307 906 138 20 YVIA-CR0GE

2251 944 215 26 ANTHOLOGIE

2327 979 62 22 DES

2205 1010 174 24 ECRIVAINS
2395 1013 116 26 CORSES

2277 1055 90 16 EXTRAITS
2375 1055 68 18 VARIÉS

2293 1079 133 19 ACCOMPAGNÉS

2125 1101 23 14 DE
2156 1101 73 15 NOTICES
2237 1102 146 18 BIOGRAPHIQUES
2391 1105 23 14 ET
2423 1106 159 21 lilBLIOGRAPHinitPo

2231 1125 23 14 ET
2263 1125 23 14 DE
2294 1125 58 15 NOTES
2358 1126 132 19 EXPLICATIVES
2544 1119 38 13 WUfcS

2311 1155 96 18 ILLUSTRÉS

2235 1178 22 14 DE
2265 1178 99 16 NOMBREUX
2371 1179 112 19 FAC-SIMILÉS

2235 1204 12 13 A
2250 1204 40 14 VJCC
2302 1204 42 15 VIVE
2351 1201 96 21 PRÉFACE
2455 1208 28 15 RE

2250 1225 26 15 M.
2284 1226 64 15 PAUL
2356 1227 115 17 GRAZIANI

2202 1248 85 15 Archiviste
2297 1249 119 18 Départemental
2425 1251 18 15 de
2450 1252 17 14 la
2474 1253 43 16 Corse

2291 1280 50 14 TOME
2348 1280 81 16 PREMIER

2202 1301 36 18 (XV-
2245 1302 39 14 XVI-
2293 1302 46 14 XVII-
2348 1303 22 14 ET
2378 1303 53 15 XVIII-
2440 1302 76 23 SIÈCLES)

2147 1332 8 17 1
2163 1332 38 18 vol.
2210 1332 20 18 in
2238 1332 19 18 8°
2264 1333 19 17 di
2292 1332 35 19 332
2335 1334 78 22 pagine:
2427 1335 27 18 20
2466 1336 91 23 franchi.

2215 1371 67 18 Ajacciu,
2290 1371 85 19 Stamparia
2383 1373 16 14 di
2406 1373 18 15 A
2431 1374 72 17 Muvra.

2229 1451 91 19 C0NTRU
2330 1452 17 18 U
2357 1453 133 21 FURESTERU

2194 1495 112 37 Parühi
2323 1496 202 46 Bonaparlisla

2145 1563 25 17 Le
2183 1563 51 18 Parti
2243 1564 131 21 bonapartiste
2383 1565 94 22 d’Ajaccio
2484 1568 44 19 s’est
2535 1570 47 20 réuni

2124 1588 18 18 le
2150 1587 22 18 24
2180 1589 79 17 courant
2266 1588 11 18 à
2285 1588 11 18 9
2305 1589 69 19 heures
2383 1591 26 17 du
2416 1592 41 17 soir
2462 1593 46 18 dans
2513 1594 18 17 la
2535 1600 49 17 gran-

2124 1613 23 18 de
2155 1613 47 18 salle
2209 1614 35 17 des
2253 1613 49 19 fêtes
2311 1615 22 17 de
2341 1615 68 19 l’Hôtel
2419 1617 24 18 de
2451 1617 58 22 Ville,
2520 1624 40 15 sous
2566 1622 17 18 la

2124 1638 107 22 présidence
2238 1639 26 17 du
2272 1638 59 19 Maire
2339 1640 102 23 d’Ajaccio,
2449 1643 69 19 assisté
2525 1645 23 18 du
2554 1646 29 18 bu-

2124 1668 44 13 reau
2176 1664 26 17 du
2210 1663 73 19 Comité
2292 1663 75 19 Central
2375 1666 136 23 Bonapartiste.

2144 1688 60 22 Après
2215 1693 38 13 une
2264 1689 106 19 admirable
2384 1691 102 19 allocution
2500 1695 22 17 de
2533 1695 22 18 M.
2566 1697 16 17 le

2123 1713 57 18 Maire
2192 1714 21 17 D.
2222 1714 60 21 Paoli,
2297 1714 107 20 flétrissant
2412 1721 48 14 avec
2474 1718 107 23 indignation

2123 1739 29 17 les
2164 1739 114 22 entreprises
2289 1740 24 18 de
2321 1741 109 22 corruption
2438 1742 78 20 éhonlée
2528 1747 54 20 prati-

2124 1764 57 22 quées
2189 1769 34 17 par
2235 1764 120 24 l’entourage
2362 1766 24 17 de
2394 1766 25 18 M.
2428 1767 73 24 Landry
2508 1770 43 18 dans
2556 1771 25 19 les

2123 1793 56 19 rangs
2188 1789 24 18 du
2221 1790 50 22 parti
2280 1790 110 23 municipal,
2402 1791 72 20 l’ordre
2480 1794 25 18 du
2512 1794 41 22 jour
2559 1797 22 17 ci-

2123 1815 78 17 dessous
2209 1819 11 13 a
2229 1814 29 18 été
2266 1815 69 22 adopté
2344 1820 34 18 par
2385 1816 119 21 l’unanimité
2511 1820 22 17 de
2543 1821 37 22 plus

2123 1840 44 17 d’un
2176 1840 70 18 millier
2253 1840 24 18 de
2285 1840 87 22 présents
2381 1842 11 17 à
2400 1843 51 18 cette
2459 1843 82 20 réunion.

2144 1865 25 18 La
2183 1865 79 18 réunion
2275 1866 39 21 prit
2328 1866 74 18 finaux
2415 1868 90 19 environs
2517 1871 22 17 de
2550 1871 28 18 dix

2123 1890 69 18 heures
2200 1890 59 22 parmi
2269 1890 28 18 les
2306 1892 133 19 acclamations
2447 1894 12 17 à
2466 1894 84 20 l’adresse
2555 1896 24 18 du

2123 1915 79 18 vaillant
2210 1916 59 18 maire
2274 1916 94 22 d’Ajaccio
2377 1918 20 16 et
2404 1918 56 18 deM.
2467 1919 110 23 MarcSalini,

2122 1940 95 22 président
2227 1941 24 17 du
2266 1941 73 19 Comité
2348 1942 134 24 Bonapartiste,
2489 1945 70 22 présent
2566 1946 10 17 à

2122 1965 17 18 la
2148 1965 75 19 Séance.

2242 2004 96 20 ORDRE
2347 2006 39 19 DU
2393 2005 72 20 JOUR

2143 2038 42 18 Les
2199 2038 168 23 Bonapartistes
2376 2040 121 22 ajacciens,
2508 2041 68 19 réunis

2122 2067 28 14 au
2166 2063 91 19 nombre
2267 2064 27 18 de
2312 2065 52 22 plus
2376 2065 28 18 de
2421 2065 62 18 mille
2491 2066 52 18 dans
2556 2067 22 17 la

2121 2088 55 20 salle
2185 2088 38 19 des
2232 2088 58 19 fêtes
2299 2090 27 18 de
2335 2090 84 18 l’Hôtel
2428 2091 27 17 de
2464 2090 62 22 Ville,

2142 2112 147 20 Considérant
2297 2119 42 18 que
2345 2115 113 19 l'élection
2464 2116 114 18 sénatoria-

2120 2138 22 18 le
2151 2139 28 17 du
2188 2139 20 17 11
2216 2140 46 17 mai
2270 2140 110 22 prochain
2388 2145 15 13 a
2411 2141 36 17 été
2456 2140 75 23 placée
2542 2145 36 18 par

2120 2163 30 19 M.
2158 2164 88 24 Landry
2253 2169 40 14 sur
2301 2170 30 13 un
2337 2166 85 18 terrain
2427 2166 151 22 incompatible

2119 2193 54 15 avec
2181 2189 119 19 l’honneur
2309 2191 21 17 et
2338 2191 24 17 la
2370 2191 87 23 dignité
2466 2191 27 18 de
2501 2191 22 18 la
2531 2191 48 18 Cor-

2119 2218 31 18 se,

2139 2239 95 19 Mettant
2242 2244 30 14 au
2281 2240 79 19 dessus
2368 2241 28 18 de
2404 2242 58 21 tout,
2468 2241 110 18 l’honneur

2119 2265 27 18 de
2154 2265 23 18 la
2185 2266 67 21 petite
2261 2265 82 19 Patrie.

2138 2290 21 18 A
2171 2291 147 22 l’unanimité,

2161 2315 108 19 Décident
2275 2321 6 13 :

2139 2340 55 19 Sera
2202 2342 117 18 considéré
2328 2346 86 14 comme
2423 2343 67 18 traite
2499 2347 28 14 au
2532 2347 45 18 par-

2117 2366 18 17 ti
2141 2367 23 16 et
2172 2366 15 17 à
2197 2367 23 17 la
2229 2367 70 18 Corse
2308 2368 51 17 tout
2366 2367 157 23 Bonapartiste
2538 2368 39 23 qui,

2118 2390 27 18 de
2159 2390 50 23 près
2224 2396 30 14 ou
2263 2392 28 17 de
2300 2392 55 21 loin,
2369 2397 58 14 aura
2437 2393 92 22 apporté
2541 2397 37 13 son

2117 2419 109 15 concours
2234 2417 14 17 à
2255 2417 143 23 l’entreprise
2411 2418 28 18 de
2454 2418 124 23 corruption

2117 2441 55 17 dont
2177 2441 29 18 M.
2214 2441 91 24 Landry
2314 2447 13 13 a
2335 2443 93 22 accepté
2436 2443 25 18 la
2466 2444 62 18 triste
2536 2446 42 15 res-

2117 2466 140 21 ponsabilité.

2116 2551 105 26 Storla
2233 2553 159 30 Populare
2404 2555 34 24 di
2451 2554 127 26 Corsica

2267 2592 164 27 lüustrata

2274 2631 28 21 di
2315 2632 31 22 P.
2355 2632 27 22 di
2393 2633 30 21 B.

2170 2673 39 23 Un
2221 2676 102 21 volume
2338 2677 25 21 di
2378 2676 40 22 128
2429 2677 98 27 pagine.

2164 2716 67 18 Prezzu
2244 2717 21 17 in
2280 2717 114 23 Stamparia:
2414 2718 15 18 4
2439 2718 95 19 franchi.

112 2813 105 22 Fuglittinu
224 2815 21 17 di
252 2815 102 19 A'Muvra
358 2817 82 18 —n.102
444 2826 16 4 —
467 2817 20 18 di
492 2822 12 12 u
510 2816 74 18 27-4-30

139 2877 241 53 PASMALE
415 2879 143 47 PA0L1

316 2952 64 19 OSSIA

154 2994 38 36 La
210 2996 82 35 Botta
307 2996 30 35 di
350 2996 178 35 Pontenmvo

112 3055 163 23 RACONTO
279 3056 108 22 CORSO
394 3055 187 23 DELSECOLO

303 3094 82 21 XVIII

335 3135 23 17 DI

206 3178 34 23 F.
255 3178 37 23 D.
307 3177 176 25 Guerrazzi

138 3239 128 21 Altobello
285 3240 20 20 si
317 3240 108 22 avventò
442 3241 23 21 al
477 3241 63 22 collo
558 3242 24 21 di

110 3272 146 21 Sebastiano
267 3272 141 28 piangendo
418 3280 7 15 :
439 3274 85 27 parole
533 3279 50 17 non

110 3304 69 21 disse
185 3304 45 21 che
235 3304 50 22 ben
294 3310 87 21 sapeva
391 3306 45 27 più
443 3306 70 22 facile
520 3312 63 16 smo-

109 3342 62 15 vere
182 3339 84 19 monte
273 3337 115 22 Rotondo
402 3339 45 21 che
458 3340 58 25 quel
521 3340 63 21 féro-

110 3374 29 16 ce
158 3370 77 25 petto,
254 3376 12 15 e
288 3370 115 23 Bastiano
422 3377 47 16 con
480 3372 104 27 lagrime

109 3403 78 26 punto
193 3408 75 16 meno
277 3403 88 21 dirotte
376 3404 74 22 baciò
458 3410 14 16 e
485 3405 99 22 abbrac-

110 3434 41 21 ciò
162 3434 144 23 lui.Pareva
317 3441 50 16 non
379 3437 23 21 si
414 3438 171 26 potessestac-

110 3472 57 16 care
175 3473 6 19 ;
194 3468 22 20 si
236 3468 102 21 sarebbe
347 3469 70 21 detto
430 3469 46 21 che
487 3476 48 16 non
546 3476 39 16 sa-

109 3500 77 20 rebbe
196 3501 103 25 partito,
310 3506 38 16 ma
361 3502 25 20 di
400 3505 102 24 repente
514 3504 20 20 si
545 3510 39 15 as-

107 3532 120 27 ciugògli
241 3533 80 25 occhi,
328 3534 128 27 aggrondô
467 3536 116 27 leciglia,

108 3564 101 21 schiuse
220 3566 25 20 le
253 3566 82 21 labbra
346 3573 14 14 e
372 3568 108 20 recatosi
489 3568 25 21 lo
522 3568 63 22 schi-

109 3602 68 21 oppo
189 3597 25 21 in
233 3598 85 26 ispalla
330 3599 20 21 si
362 3599 78 22 avviò
451 3600 66 22 fuori
533 3601 52 21 dél-

107 3629 25 20 ia
145 3631 79 25 porta.
236 3630 105 25 Quando
350 3632 22 20 si
386 3632 72 22 trovô
465 3632 120 26 fuori,co-

108 3667 41 15 rne
162 3667 27 14 se
208 3663 132 21 vacillasse
358 3670 47 20 per
421 3665 121 26 ebbrezza,
562 3666 20 21 si

108 3694 127 27 aPPûggiô
253 3696 32 20 ad
295 3701 32 15 un
343 3702 72 17 muro
427 3703 15 15 e
452 3698 21 20 si
486 3703 62 22 pose
559 3700 24 20 la

611 2821 73 17 mano
709 2816 39 21 sul
765 2820 75 16 cuore
849 2821 6 19 ;
881 2815 18 21 il
919 2815 65 21 forte
1005 2814 80 23 Corso

611 2849 97 21 sentiva
731 2854 69 16 corne
812 2849 36 20 sia
868 2848 98 22 affanno
988 2849 25 21 di
1026 2849 58 27 ogni

611 2883 79 20 morte
702 2882 179 26 sopravvivere
893 2882 22 20 ai
925 2882 85 27 proprî
1019 2882 67 22 affet-

610 2914 28 21 ti.

639 2946 40 22 Ma
691 2948 87 25 questo
789 2946 105 27 affanno,
905 2948 181 22 richiamando-

610 2980 34 27 gli
660 2980 49 21 alla
721 2982 82 19 mente
814 2981 25 21 la
850 2986 73 16 causa
936 2981 44 22 che
993 2983 24 21 lo
1030 2988 56 16 ave-

611 3018 31 15 va
666 3013 144 26 partorito,.
825 3014 98 22 soHevò
946 3015 41 21 nel
1010 3021 75 16 cuore

610 3044 104 23 un’altra
726 3047 122 26 tempesta
861 3052 14 16 e
894 3047 43 27 più
946 3049 78 20 truce.
1039 3048 46 22 Ta-

610 3078 59 21 luno
693 3078 101 22 affermé
814 3079 47 22 che
873 3080 7 21 i
903 3079 72 23 Côrsi
991 3082 92 21 odiano

610 3112 79 20 molto
708 3111 92 27 perché
815 3114 78 20 molto
907 3119 88 17 amano
1004 3121 6 14 :
1023 3120 63 16 sem-

610 3144 42 20 bra
665 3143 108 26 sofisma,
787 3150 13 16 e
811 3151 62 21 pure
884 3145 51 22 cosi
949 3147 137 22 estimando

610 3181 50 17 non
681 3177 22 21 si
722 3183 31 15 va
773 3178 71 28 lungi
867 3179 39 21 dal
917 3184 60 17 vero
1002 3179 85 22 Sebas-

610 3210 79 26 tiano,
701 3210 94 27 poichè
806 3211 22 21 si
840 3211 26 21 fu
878 3212 86 22 diviso
976 3214 31 20 da
1019 3213 68 21 Alto-

610 3242 76 26 bello,
711 3248 72 16 corse
803 3243 95 23 difilato
918 3250 13 16 a
943 3245 144 22 incendiare

610 3276 24 20 la
649 3280 56 17 casa
720 3276 24 21 di
755 3275 115 24 Mariano
880 3283 6 19 ;
898 3289 27 4 —
936 3278 94 22 dicono
1041 3279 46 21 che

611 3313 49 16 non
671 3308 68 22 fosse
758 3314 45 16 sua
822 3310 142 22 intenzione
982 3312 105 22 arderne

610 3341 35 27 gli
652 3341 128 25 abitatori,
789 3347 40 15 ma
838 3345 141 20 verameete
991 3345 96 22 sembra

611 3378 50 16 non
682 3379 27 16 se
721 3379 32 15 ne
767 3379 74 21 possa
862 3376 120 26 dubitare,
1005 3383 27 15 se
1043 3383 44 21 po-

611 3406 101 27 gniamo
720 3406 118 27 pensiero
847 3408 47 21 alla
903 3408 131 23 iscrizior.e
1041 3410 46 21 che

610 3438 86 27 piantò
718 3444 75 22 sopra
812 3440 25 21 le
848 3441 99 26 rovine,
962 3448 13 15 e
998 3442 43 28 più
1053 3444 35 20 al-

610 3470 93 22 l’avéré
715 3472 78 26 prima
801 3473 25 21 di
838 3474 137 26 appiccarci
986 3476 18 20 il
1014 3475 71 22 fuoco

611 3508 113 17 remosse
745 3505 24 21 le
790 3506 75 26 scala,
877 3507 24 20 le
921 3508 66 25 quali
1011 3514 75 16 erano

611 3536 47 21 due
668 3542 6 20 ;
687 3537 24 21 la
722 3537 82 26 prima
823 3539 116 26 pubblica
951 3540 66 22 dove
1031 3546 55 22 pas-

611 3574 93 17 savano
730 3571 69 25 tutti,
822 3571 79 22 l’altra
922 3575 97 20 sécréta
1039 3573 45 21 che

610 3602 111 20 metteva
735 3607 61 22 capo
810 3609 14 15 a
837 3606 66 20 certa
910 3608 116 24 apertura
1033 3612 53 21 pra-

610 3634 76 21 ticata
694 3637 68 19 sotto
769 3635 19 21 il
799 3636 64 22 letto
870 3637 24 21 di
902 3637 182 28 Mariano,don-

612 3667 31 20 de
650 3668 24 20 lo
682 3668 132 23 vedemmo
823 3670 95 27 sparire
928 3672 44 20 alla
985 3672 50 21 fine
1045 3672 39 21 del

611 3700 126 28 colloquio
750 3701 129 23 chetenne
891 3708 47 16 con
947 3704 136 23 Altobello.

1112 2816 55 22 Tali
1180 2823 13 15 a
1211 2818 60 26 quei
1291 2818 78 28 tempi
1389 2823 77 17 erano
1480 2819 8 20 i
1505 2817 81 23 Côrsi.

1140 2849 109 27 Quando
1262 2850 8 21 i
1294 2850 113 23 Romano
1430 2853 107 20 stavanô
1559 2852 25 21 in

1113 2883 156 27 procinto-di
1286 2884 131 26 profferire
1434 2885 25 21 le
1470 2886 119 20 sentenze

1112 2916 177 26 assettavansi,
1300 2923 13 15 e
1332 2918 25 21 lo
1370 2918 74 21 starsi
1455 2918 87 22 seduto
1553 2918 36 21 di-

1112 2955 64 17 cono
1195 2949 147 23 confacesse
1357 2952 79 20 molto
1452 2952 46 20 alla
1509 2952 80 20 eccel-

1112 2983 68 21 lenza
1198 2983 42 21 del
1260 2983 128 27 giudicato
1410 2989 70 17 corne
1493 2985 47 20 alla
1551 2984 38 21 di-

1111 3015 69 28 gnité
1190 3016 41 21 del
1250 3016 101 27 giudice
1360 3023 6 19 ;
1377 3022 13 16 e
1401 3016 51 28 può
1463 3017 67 21 darsi
1543 3017 45 22 che

1112 3048 32 22 ha
1157 3049 112 27 bisogno
1281 3049 25 21 di
1316 3050 80 26 aprire
1411 3051 23 20 la
1444 3050 60 22 dura
1512 3056 76 16 mano

1112 3082 63 21 délia
1185 3082 125 22 nécessité
1325 3088 45 22 per
1382 3083 118 27 pigliarvi
1513 3084 7 20 i
1535 3089 54 22 pre-

1113 3115 53 27 sagi
1178 3115 43 21 del
1232 3115 92 26 futuro,
1339 3116 62 21 deve
1414 3116 74 22 starsi
1500 3117 26 21 in
1535 3117 55 26 pie-

1112 3148 25 21 di
1150 3154 13 14 a
1186 3148 76 22 modo
1274 3149 26 20 di
1312 3149 126 22 lottatore.
1453 3148 10 23 I
1475 3150 112 26 pensieri

1112 3181 79 21 talora
1198 3181 137 27 scoppiano
1348 3182 25 21 in
1381 3188 79 16 mezzo
1472 3182 24 22 ai
1507 3188 82 16 rumo-

1113 3214 22 20 ri
1144 3214 41 21 del
1193 3214 91 27 giorno
1294 3214 77 22 simili
1384 3221 12 15 a
1404 3215 84 24 bal.eni
1501 3216 25 20 di
1536 3222 54 22 rag-

1114 3246 43 28 gio
1169 3247 144 27 ripercosso
1328 3253 73 22 sopra
1414 3248 25 22 lo
1452 3249 76 21 scudo
1538 3255 6 19 ;
1556 3250 34 20 tal

1114 3280 60 21 altra
1192 3280 65 21 nella
1280 3286 61 21 pace
1353 3281 65 21 délia
1437 3283 70 20 notte
1519 3287 71 16 scen-

1114 3312 67 22 dono
1194 3313 80 27 spessi
1287 3319 14 15 e
1312 3314 118 22 luminosi
1440 3315 23 21 al
1474 3315 53 26 pari
1537 3315 53 22 del-

1113 3346 25 20 le
1149 3346 72 20 stelle
1230 3346 105 25 càdenti,
1347 3351 39 17 ma
1404 3352 14 16 e
1426 3347 93 21 null’un
1533 3353 56 17 caso

1114 3384 14 14 e
1138 3377 134 27 neU’altrò,
1296 3379 65 21 dove
1369 3380 24 20 la
1410 3379 88 22 fàcolté
1517 3381 73 21 intel-

1113 3410 86 22 lettiva
1214 3416 51 17 non
1285 3417 81 22 venga
1385 3417 84 17 mossa
1483 3413 41 21 dal
1535 3419 55 16 san-

1114 3449 48 22 gue
1178 3444 103 26 agitato,
1295 3444 124 28 impadula
1430 3451 71 16 corne
1513 3452 77 22 acqua

1113 3478 89 20 morta.
1217 3477 48 22 Per
1276 3479 88 26 questo
1374 3478 18 21 il
1400 3480 117 25 generale
1529 3479 60 22 Pao-

1113 3509 26 25 li,
1153 3509 171 23 abbandonata
1336 3516 45 21 per
1389 3512 85 26 tempo
1486 3512 22 21 la
1519 3518 71 15 men-

1113 3548 27 15 sa
1153 3548 42 15 era
1210 3548 73 17 sceso
1303 3544 41 20 nel
1355 3544 118 26 giardino
1483 3551 44 21 per
1538 3552 52 15 me-

1113 3576 79 21 ditare
1205 3581 27 15 su
1242 3578 24 20 le
1278 3576 117 22 faccende
1413 3577 63 22 délia
1492 3579 81 21 Patria
1582 3585 5 19 ;

1112 3610 185 26 quantunqueil
1309 3611 75 20 vento
1396 3610 39 21 dai
1449 3612 78 20 monti
1540 3611 49 22 sof-

1111 3640 74 22 fiasse
1195 3642 96 26 gelato,
1301 3648 80 15 aveva
1389 3646 115 24 scoperta
1512 3645 24 20 la
1540 3646 50 20 tes-

1111 3676 25 19 ta
1145 3679 13 16 e
1177 3674 25 20 di
1221 3676 76 20 tratto
1312 3675 26 21 in
1352 3677 76 20 tratto
1441 3682 31 15 ne
1481 3678 109 26 scompi-

1112 3707 81 27 gliava
1206 3707 7 20 i
1227 3708 99 28 capelli,
1340 3707 105 23 affinchè
1453 3709 68 22 l’aria
1528 3710 61 21 fres-

1615 2825 27 16 ca
1653 2820 27 21 vi
1700 2820 22 22 si
1743 2821 146 21 rinnovasse
1909 2828 45 21 per
1972 2824 80 20 entro.
2067 2822 21 22 Il

1615 2858 44 17 suo
1677 2854 214 27 sangue.bolliva,
1908 2861 13 15 e
1936 2856 63 21 dalla
2012 2856 75 22 bocca

1616 2886 34 27 gli
1668 2887 169 27 scoppiavano
1858 2889 88 26 parole
1963 2891 64 19 rotte
2048 2895 40 21 ap-

1615 2921 78 24 punto
1709 2925 14 15 a
1734 2920 105 22 mododi
1852 2922 96 27 sonagii
1962 2922 45 21 che
2020 2922 69 22 salti-

1615 2957 33 17 no
1658 2958 29 15 su
1696 2952 31 22 da
1738 2959 33 15 un
1782 2954 100 26 liquore
1894 2954 44 22 che
1950 2954 75 22 bolle.

1640 2996 28 5 —
1681 2984 94 23 Perché
1788 2988 70 20 tanto
1866 2987 60 22 odio
1935 2990 87 19 contro
2031 2989 23 21 la
2060 2988 28 22 li-

1615 3017 115 23 berté?...
1744 3020 48 27 egli
1807 3019 97 22 diceva.
1919 3019 43 23 Fin
1973 3021 42 27 qui
2029 3021 6 21 i
2045 3027 44 22 go-

1615 3052 73 20 verni
1708 3052 65 22 délia
1791 3054 66 20 terra
1869 3054 22 21 si
1903 3054 143 22 modellano
2061 3061 29 15 su

1615 3085 83 26 quello
1723 3085 24 21 di
1754 3099 3 2 ■
1775 3085 129 27 Polifemo,
1933 3092 120 23 mungere
2076 3094 13 15 e

1615 3118 127 27 mangiare
1761 3119 18 21 il
1802 3125 115 22 grege.,..
1930 3120 60 27 però
2006 3120 84 23 Ulisse

1616 3151 131 22 comecchè
1755 3157 63 17 nano
1831 3153 145 27 dirimpetto
1986 3160 13 14 a
2007 3154 35 21 lui
2053 3155 35 27 gli

1616 3183 62 22 cavò
1697 3184 121 26 l’occhio;
1844 3188 37 19 sta
1902 3187 72 24 bene,
1996 3192 40 16 ma
2054 3188 34 27 gli

1616 3216 79 22 Ulissi
1721 3223 114 17 venn-ero
1857 3224 99 22 sempre
1978 3220 48 22 rari
2049 3222 40 21 nel

1615 3250 103 26 mondo,
1741 3252 119 21 massime
1884 3258 51 16 ora.
1957 3254 99 22 Adesso
2066 3255 24 21 la

1615 3282 61 22 vilté
1694 3284 40 21 del
1754 3290 93 23 gregge
1859 3291 90 22 supera
1961 3287 22 21 la
1994 3286 96 23 ferocia

1615 3316 41 22 dei
1674 3316 99 29 Ciclopi
1784 3324 6 19 ;
1809 3324 27 16 se
1847 3321 139 21 restassero
1998 3321 35 27 gli
2046 3326 44 17 uo-

1615 3350 62 21 mini
1691 3356 32 15 un
1742 3351 92 27 giorno
1852 3353 68 26 privi
1933 3353 24 21 di
1967 3354 121 26 padrone,

1616 3383 162 22 urlerebbero
1785 3384 47 21 alla
1844 3384 49 22 fine
1906 3386 40 21 del
1958 3387 131 21 mondo....

1616 3415 99 22 Dicono
1735 3416 23 21 la
1774 3416 66 22 forza
1852 3420 94 21 .tenere
1966 3419 18 21 il
1997 3420 92 27 popolo

1616 3448 40 26 pei
1676 3449 100 26 capelli,
1797 3453 95 19 mentre
1911 3451 133 27 gTintrona
2055 3453 34 27 gli

1616 3481 99 22 orecchi
1738 3483 39 21 col
1794 3484 72 27 grido
1877 3490 6 15 :
1901 3485 26 21 io
1939 3490 63 17 sono
2021 3486 18 20 il
2053 3486 37 21 di-

1616 3514 60 21 ritto
1685 3520 6 15 :
1705 3520 50 16 non
1766 3516 13 21 è
1789 3522 70 20 vero,
1872 3518 23 21 la
1906 3517 65 22 forza
1984 3523 49 17 non
2041 3518 49 28 puô

1616 3549 70 20 tanto
1695 3553 27 16 se
1736 3554 51 16 non
1794 3550 23 20 la
1826 3551 111 21 aiutasse
1944 3551 23 21 la
1975 3557 84 21 paura.
2070 3551 19 22 U

1616 3585 70 17 carro
1697 3581 41 21 del
1750 3582 100 22 diavolo
1860 3583 81 21 tirano
1951 3585 139 25 questedue

1616 3613 88 26 bestie,
1718 3614 65 22 forza
1795 3620 13 16 e
1819 3621 115 21 paura....
1947 3616 41 22 Ah
2000 3617 5 20 !
2014 3623 76 17 uomo

1617 3646 25 20 di
1665 3652 65 21 poca
1754 3647 64 25 fede,
1840 3648 93 26 perché
1950 3649 119 23 dubitasti
2078 3652 13 20 ?

1616 3678 97 25 Questo
1734 3680 127 22 sconforto
1880 3687 74 16 nasce
1972 3682 40 22 dal
2024 3684 67 21 desi-

1616 3711 74 21 derio
1702 3712 151 27 ingeneroso
1866 3714 24 21 di
1905 3720 85 17 essere
2001 3717 89 21 sortito

2115 2824 36 20 tra
2166 2824 73 25 quelli
2248 2824 46 22 che
2304 2826 204 27 raccog3ierar.no
2519 2826 62 18 enon

2114 2857 37 19 tra
2162 2856 73 27 quelli
2254 2857 46 22 che
2319 2864 84 20 arano,
2417 2861 39 19 tra
2468 2859 7 21 i
2485 2854 96 26 trionfa-

2115 2889 48 21 tori
2175 2895 72 16 enon
2264 2893 38 19 tra
2316 2891 6 21 i
2334 2892 190 22 combattenti...
2538 2888 43 21 Per

2115 2927 82 17 mezzo
2206 2924 46 20 aile
2262 2925 111 25 tenebre,
2385 2925 29 21 da
2427 2924 94 22 schiavi
2533 2923 47 26 igu-

2116 2954 34 26 di,
2167 2957 68 21 traie
2259 2956 65 23 l'este
2343 2958 45 22 che
2407 2959 25 21 la
2443 2957 137 29 prepotenza

2115 2988 263 25 ubbriacaconcedeva
2387 2992 47 21 alla
2442 2987 138 31 disperazio-

2115 3027 31 15 ne
2164 3022 113 28 digiuna,
2299 3030 48 16 una
2366 3024 102 23 fiaccola
2477 3024 51 21 sola
2539 3023 41 20 tra-

2115 3060 91 18 smessa
2235 3058 172 22 velocemente
2422 3059 25 21 di
2469 3060 71 20 mano
2556 3053 24 20 in

2115 3094 71 16 mano
2204 3096 103 21 passava
2320 3092 17 21 il
2354 3091 79 26 Reno,
2453 3093 101 26 passava
2564 3085 17 21 il

2116 3121 113 24 Danubio
2241 3125 32 20 ad
2294 3124 157 23 infiammare
2471 3124 45 22 alla
2526 3125 57 17 ven-

2115 3155 66 22 detta
2193 3156 17 22 il
2226 3163 95 22 sangue
2332 3159 40 21 dei
2393 3158 106 25 barbari,
2509 3154 73 23 saliva

2116 3194 43 21 per
2174 3190 87 26 monti',
2280 3192 122 21 scendeva
2416 3197 48 22 per
2474 3189 57 23 valli
2541 3186 42 22 fin-

2116 3221 45 22 chè
2170 3227 49 17 non
2243 3224 125 22 arrivasse
2379 3231 6 20 ;
2398 3224 53 23 cosi
2466 3224 22 22 la
2499 3216 83 27 liberté

2117 3260 69 21 passa
2198 3256 23 20 di
2231 3258 168 26 generazione
2407 3259 26 20 in
2446 3252 137 33 generazio-

2116 3293 31 16 ne
2155 3289 62 21 nella
2225 3295 67 16 corsa
2302 3290 109 23 desolata
2422 3291 45 22 che
2478 3289 105 21 esseme-

2116 3327 62 17 nano
2198 3324 114 21 traverso
2324 3324 7 21 i
2345 3324 87 26 secoli,
2444 3320 79 25 finchè
2535 3321 47 18 non

2117 3355 74 21 arrivi
2211 3356 47 27 agli
2279 3357 69 21 eletti
2368 3357 47 22 che
2436 3362 45 16 con
2499 3351 80 30 questo

2117 3387 72 22 fuoco
2206 3394 88 17 acceso
2314 3390 95 22 nell’ira
2420 3396 13 16 e
2446 3383 136 29 mantenuto

2117 3419 114 24 dall’odio
2239 3422 192 24 inceneriranno
2439 3423 19 22 il
2466 3423 61 24 rogo
2536 3414 46 23 dél-

2116 3452 23 22 ia
2149 3453 123 23 tirannide
2281 3462 6 15 :
2298 3456 31 21 né
2337 3457 8 21 i
2353 3457 78 27 tempi
2439 3455 86 28 paiono
2532 3450 49 21 Ion-

2117 3486 89 22 tani....
2217 3493 14 16 e
2240 3490 89 21 corne?
2340 3489 57 23 Non
2419 3494 38 19 so,
2469 3493 39 17 ma
2517 3479 62 27 l’aria

2118 3518 44 22 che
2180 3522 97 26 respiro
2297 3523 34 21 mi
2345 3523 98 22 sembra
2456 3520 92 29 pregoa
2557 3511 22 22 di

2117 3553 83 27 te'mpo
2209 3560 84 17 nuovo
2305 3562 7 16 :
2324 3558 70 20 certo
2405 3560 63 24 poca
2480 3556 55 18 cosa
2546 3550 33 17 so-

2117 3591 32 16 no
2160 3586 64 22 io....
2238 3594 13 15 e
2260 3594 52 17 non
2323 3595 44 16 uso
2379 3595 14 15 a
2409 3590 101 26 pescare
2520 3578 59 25 nell®

2108 3624 84 22 .acque
2211 3620 66 22 dove
2288 3623 23 21 si
2324 3628 61 16 cova
2397 3622 19 21 il
2435 3618 96 24 destino
2543 3612 36 21 dei

2117 3653 93 26 popoli,
2218 3654 103 23 lontano
2330 3656 39 21 dal
2382 3653 101 24 mondo,
2493 3651 23 21 in
2522 3648 59 21 mez-

2117 3690 27 16 zo
2154 3686 30 21 ad
2194 3692 47 17 una
2250 3688 65 22 isola
2324 3695 5 19 ;
2343 3688 46 22 che
2398 3685 106 28 importa
2514 3681 67 26 ques-

2117 3719 26 20 to
2150 3719 12 21 ?
2173 3719 106 26 Quando
2290 3721 92 22 l’uomo
2396 3720 39 22 del
2446 3709 135 30 setterffrio-
