2544 3911
114 85 80 24 Annu
211 76 102 27 VII—
322 74 130 27 Numaru
470 75 47 25 268
1083 97 21 3 _

110 96 25 16 A
1081 97 84 25 Esce
1180 100 72 28 ogni
1264 97 84 27 dece
1361 103 82 22 îorni
1951 105 14 10 ^
2221 111 34 17 20
2270 103 115 25 Uttobre
2403 106 61 22 1026

171 140 2 3 .
221 136 7 7 »,
352 134 5 5 ■
612 132 7 4 "
673 134 2 4 ■
752 137 2 5 ■
824 140 8 3 _
2419 132 7 6 '

532 188 1985 265 AMUVRA

842 488 243 37 GIURNALE
1124 495 44 32 DI
1207 495 25 33 E
1270 494 136 35 PIEVE
1435 497 43 32 DI
1509 498 215 33 CORSICA

345 590 14 17 A
363 590 18 17 B
384 590 36 18 BU
424 590 16 18 N
444 591 16 17 A
464 591 42 18 ME
510 591 46 18 NT!
566 597 5 12 :

110 618 24 16 fn
144 614 98 18 Corsiea
662 615 33 18 12
721 617 96 18 franchi

110 648 24 16 In
146 644 110 18 Francia.
661 646 33 19 15
763 655 10 9 *

113 679 14 15 4
155 675 102 18 l’Esteru

334 705 17 18 U
366 706 102 18 Numaru
475 711 5 14 :
489 707 16 18 5
518 707 60 19 soldi

1060 648 148 29 'Direttore
1226 660 6 16 :
1257 652 92 25 Petru
1362 653 139 25 ROCCA

1963 617 246 19 AMMINISTRAZION
2214 619 23 17 E:

1840 653 38 21 38,
1905 654 77 19 Corsu
2013 656 124 18 Grandval
2152 657 38 18 38.
2205 667 23 4 —
2253 659 123 18 AIACCIU

1796 709 72 19 Contu
1887 712 103 16 currente
2004 715 28 14 eu
2050 716 14 13 a
2085 714 66 20 posta
2171 722 21 4 —
2209 713 122 24 Marseglia
2349 715 64 22 45,82

138 787 38 59 E
204 788 136 55 feste
369 788 52 56 di
450 788 177 59 Santa
656 792 274 70 Reparata

366 872 53 56 di
453 873 246 70 Balagna

77 1020 39 22 Ste
127 1018 59 22 feste
204 1022 27 16 so
243 1019 62 19 State
320 1022 42 17 ore
375 1017 114 22 deliziose
505 1023 13 16 e

51 1056 62 21 corte
132 1050 134 23 cum’eli’un
279 1051 19 21 si
312 1056 29 17 ne
355 1050 48 29 può
412 1051 63 22 vede
493 1051 25 21 di

50 1086 95 29 megliu.

75 1120 67 22 Santa
150 1118 117 27 Reparata
275 1117 49 22 face
335 1118 24 21 in
371 1120 36 20 tre
417 1118 87 28 paisoli
511 1124 6 16 :

50 1162 13 15 u
75 1152 98 29 Poghiu,
194 1151 122 22 Palmentu
334 1157 14 15 e
360 1151 139 29 Occiglioni
511 1158 6 19 ;

51 1193 67 23 paese
129 1185 79 22 anticu
224 1191 29 15 eu
271 1185 55 21 duie
340 1187 66 20 torre
422 1190 96 22 sempre

48 1221 69 23 dritte
136 1225 15 15 e
170 1221 97 25 quattru
283 1219 58 21 altre
357 1221 65 19 torre
434 1218 58 22 fatte
505 1224 12 15 a

48 1260 51 17 case
107 1260 5 18 ;
125 1258 46 16 una
183 1252 81 22 chiesa
284 1251 95 23 fundata
393 1252 22 21 in
429 1251 41 29 823
488 1252 29 21 da

48 1295 15 15 u
82 1287 108 28 principe
216 1286 115 22 Boniface
351 1286 25 22 di
398 1285 118 26 Tuscana,

47 1321 110 24 mandatu
166 1320 30 22 da
207 1326 15 15 u
228 1326 78 22 papa:
316 1325 30 16 un
359 1321 122 20 cunventu
492 1319 25 22 in

47 1356 67 22 ruina
124 1353 96 22 fundatu
238 1353 26 22 in
284 1353 55 24 1.606
351 1354 30 22 da
393 1353 75 24 i:frati
481 1359 37 16 ca-

47 1388 102 30 puccini.
263 1397 22 15 .;.
411 1408 4 3 .

74 1422 39 27 Qu
115 1421 55 23 assù
176 1421 89 28 quassù
272 1421 35 22 c’è
314 1427 15 17 u
333 1427 41 16 mo
376 1423 41 20 nte
423 1421 60 22 sant’
484 1421 34 22 A-

46 1457 72 28 gnulu
127 1462 14 15 e
150 1462 14 14 u
178 1455 109 23 Corvinu
296 1461 5 19 ;
315 1461 12 16 a
343 1462 7 14 1
364 1455 63 28 pedi,
437 1454 81 23 l’Isula

47 1491 74 21 Rossa
135 1495 13 16 e
161 1496 14 15 u
188 1495 78 20 mare;
286 1490 29 21 da
327 1489 62 22 cima
401 1495 12 16 a
426 1489 23 21 in
466 1489 52 22 fon-

46 1524 38 25 du,
98 1523 63 22 alive
169 1523 84 22 carche
265 1529 13 15 a
290 1522 129 26 sfurchera,
432 1522 86 22 carche

45 1558 23 21 di
82 1558 58 27 luigi
153 1556 75 23 d’oru.

74 1592 22 20 A
110 1591 88 25 chiesa,
207 1591 46 21 ben
266 1592 79 20 tenuta
355 1590 29 20 da
391 1590 67 26 prete
466 1589 51 22 Ma-

45 1625 68 24 riani,
127 1624 13 21 è
152 1624 69 27 piena
233 1623 24 22 di
270 1623 72 21 tesori
353 1623 88 22 antichi
450 1629 6 16 :
470 1629 46 16 una

46 1658 85 28 pittura
140 1657 25 21 di
178 1656 82 22 Guido
269 1656 69 25 Reni,
351 1656 95 22 l’anime
458 1657 24 21 di
502 1663 14 15 u

47 1689 162 29 purgatoriu,è
216 1689 57 22 d’un
283 1695 80 22 prezzu
372 1690 144 22 inistimabi-

46 1726 22 20 le
75 1730 6 20 ;
93 1730 14 15 e
117 1729 31 21 po
160 1729 56 16 eccu
231 1729 32 15 un
274 1723 90 27 quadru
375 1724 24 21 di
412 1730 16 15 u
440 1725 76 21 cardi-

48 1758 51 21 nale
112 1756 73 22 Fesch
196 1763 6 15 :
227 1762 42 16 san
288 1756 227 24 GhiuvamBattista

48 1792 22 21 in
77 1791 22 21 lu
111 1790 95 21 desertu
215 1796 6 19 ;
235 1796 13 15 e
258 1795 31 22 po
298 1790 147 28 sant’Agata,
453 1792 63 22 anti-

48 1831 24 15 ca
84 1824 102 28 padrona
199 1824 22 20 di
234 1829 14 16 a
261 1824 88 22 chiesa.

61 1863 4 16 :
73 1859 22 21 A
106 1857 97 26 Faltare,
220 1863 59 15 eccu
290 1863 14 15 a
320 1859 62 21 testa
401 1859 25 21 di
445 1861 70 19 santa

47 1892 121 27 Reparata,
180 1891 84 22 vinuta
275 1891 30 21 da
317 1891 54 22 Pisa
384 1898 14 15 e
409 1892 106 22 cunfida-

32 1928 37 26 ,;ta
76 1931 13 16 a
97 1926 36 23 sta
143 1924 129 30 parocchm
280 1925 26 22 in
320 1931 62 24 J7.71.

68 1956 92 32 ’Viçmu
167 1964 14 16 a
188 1958 23 22 la
221 1958 90 26 chiqsa,
332 1958 39 22 chi
393 1965 55 21 pare
472 1960 41 21 iin’

45 1994 56 20 altra
111 1992 112 27 cappella,
233 1997 59 17 eccu
301 1998 13 16 a
324 1993 171 22 cunfraternita
504 2000 7 16 :

45 2032 30 15 un
81 2026 59 21 altru
145 2027 83 20 tesoru
240 2025 26 22 di
274 2031 56 17 cose
338 2026 98 22 antiche
444 2033 6 20 ;
460 2027 52 22 bel-

45 2060 21 21 le
77 2059 101 27 pitture,.
183 2059 105 24 sculture
299 2059 50 22 fine
359 2060 40 22 chi
421 2058 90 25 dàtanu

46 2093 22 21 di
78 2092 80 30 u1605
165 2099 9 19 ;•
181 2092 50 23 eus!
241 2092 129 24 bell’altare
378 2094 7 20 !

71 2126 83 28 Usgiò
165 2125 91 23 Niculò.
269 2127 73 22 Leoni
352 2128 14 21 è
377 2134 16 15 u
411 2135 99 16 cunser-

45 2163 78 19 vatore
131 2161 24 21 di
163 2160 55 23 tutti
234 2161 32 22 sti
278 2161 193 29 rinsignamenti,
484 2163 25 22 di

44 2194 28 22 sti
83 2194 53 22 beîli
150 2195 86 21 ricordi
249 2195 39 22 chi
301 2200 27 17 so
350 2201 33 16 un
394 2197 116 28 qrgogliu

44 2227 22 22 di
76 2234 15 15 u
101 2233 77 23 paese,
232 2246 3 3 .

69 2261 148 23 Inlacasa.di
230 2262 89 23 st’omu
328 2263 30 21 da
369 2263 63 24 bene
441 2264 25 22 .ci
476 2263 32 23 ha

43 2294 96 23 durmitu
147 2295 137 28 Napulione
294 2296 6 22 !
310 2297 6 22 !
324 2303 14 15 e
350 2299 66 21 tantu
425 2298 68 24 basta
501 2298 6 21 !

68 2328 52 23 Avà
134 2331 107 26 parlemu
257 2330 26 22 di
306 2337 14 15 e
333 2330 63 23 feste
404 2337 6 16 :
422 2338 14 15 a
456 2332 53 22 cin-

42 2361 75 28 qu’ore
134 2363 113 23 ficizione
258 2364 25 22 di
306 2365 15 21 ù
343 2366 72 25 pueta
435 2371 73 17 corsu

42 2397 44 20 sott
93 2402 29 16 un
140 2403 57 16 areu
207 2398 25 21 di
252 2398 89 22 trionfu
362 2398 32 22 du
396 2405 29 15 va
444 2399 63 23 c’era

42 2430 77 21 scrittu
127 2437 7 15 :
149 2430 79 23 eviv’a
240 2432 136 22 Maistrale!
386 2439 30 15 cu
422 2439 86 16 umer-

41 2467 25 16 ru
77 2462 88 24 Salvini
177 2465 25 21 ih
217 2466 71 25 testa,
302 2472 14 15 e
327 2467 63 21 tutta
407 2472 100 22 apopu-

41 2495 84 23 lazione
137 2504 6 20 ;
155 2498 65 22 beîlu
246 2500 172 27 cumpliinentu
440 2501 26 22 di
489 2507 18 15 u

31 2529 59 27 'sgiò
100 2530 72 24 Léohi
181 2539 7 20 ;
197 2533 92 22 'müsica
301 2539 14 15 e
323 2534 181 23 acclamazione.

41 2562 33 22 Ne
82 2570 26 16 so
119 2564 59 23 fieru
191 2566 6 22 !
209 2572 14 16 e
235 2568 90 21 mandu
335 2568 31 21 ad
378 2569 58 27 ogni
444 2569 62 22 scri-

42 2599 57 20 vanù
110 2600 78 26 corsil,
200 2600 31 22 ad
242 2601 58 28 ôghi
310 2601 94 23 fratellu
422 2604 81 26 pueta,

40 2634 43 18 una
92 2634 65 24 parte
165 2633 135 29 d’orgogiiu
312 2636 105 26 racçpltu
427 2636 26 21 in
466 2638 38 20 stu

42 2662 56 24 bellu
111 2671 78 22 paese.

65 2696 68 25 Tuttu
145 2700 40 28 qui
196 2707 56 22 pare
264 2702 78 23 fattua
353 2710 14 14 u
380 2703 108 28 pinneîlu
497 2711 6 15 :

40 2734 29 18 un
77 2737 75 18 merru
164 2734 51 23 ch’è
232 2742 14 15 u
260 2736 76 23 babbu
350 2737 23 22 di
386 2738 62 25 tutti,
462 2738 43 21 de-

40 2768 50 22 gnu,
101 2766 64 23 riccu
174 2773 13 17 e
199 2774 119 22 generosu
326 2777 6 18 ;
343 2776 69 18 çume
434 2771 70 22 fami-

39 2797 51 27 gha,
102 2806 30 16 un
145 2802 105 23 mudellu
261 2804 7 20 !

64 2831 35 23 Un
114 2836 117 28 cunsigliu
248 2838 146 28 municipale
410 2838 25 22 di
453 2839 49 22 bon

40 2865 57 25 padri
110 2868 23 22 di
143 2875 71 21 paese
223 2878 7 18 ;
243 2870 53 23 c’un
304 2874 74 25 prete,
393 2878 12 15 u
419 2875 82 19 curatu

40 2896 100 32 Mariani,
150 2904 76 24 sçeltu
234 2907 100 26 apposta
346 2911 45 23 par
400 2906 60 21 tanti
468 2908 36 20 te-

39 2932 51 22 sori.
157 2930 3 3 '

63 2965 36 23 Un
110 2968 128 30 istitutore,
252 2972 106 26 Danton,
371 2972 40 22 chi
424 2972 14 22 è
452 2979 50 15 una

38 3001 135 29 maraviglia:
180 3010 7 16 :
191 3006 116 26 preziosu
315 3012 44 21 par
376 3006 126 28 l’insigha-

38 3034 81 26 mentu,
131 3038 140 27 musicante,
281 3041 79 26 pueta,
373 3039 48 22 bon
435 3045 67 16 cum-

39 3068 79 25 Pagnu,
130 3069 30 22 ha
169 3073 61 20 tuttu
238 3077 44 23 per
291 3073 48 22 ellu
353 3073 5 21 !
371 3076 70 19 avete
452 3079 49 16 una

38 3100 92 28 ‘Urtuna,
140 3109 16 16 o
166 3105 101 27 paisani,
288 3106 128 28 sappiatela
437 3107 64 22 ricu-

37 3134 65 21 uosce
112 3135 6 21 !
130 3138 86 26 quandi
225 3140 63 22 .certi
298 3140 105 22 stitutori
414 3140 86 22 facenu

36 3162 57 25 batte
109 3168 121 30 l’abita.nti,
250 3173 95 22 Danton
365 3173 135 28 organizze-

36 3196 50 25 ghia
94 3202 96 29 unione,
203 3212 67 21 pace,
291 3206 116 26 armonia,
420 3209 79 20 teatru

35 3233 12 15 e
58 3229 54 25 Here
120 3236 10 20 •!

60 3263 35 24 Un
107 3271 112 22 cumitatu
228 3272 24 22 di
262 3272 67 26 feste,
338 3272 73 23 d’omi
429 3273 68 22 scelti

35 3299 11 15 e
56 3302 108 25 prupensi
174 3310 29 16 eu
215 3305 121 23 Giannoni
360 3312 68 16 cume
442 3313 58 21 pré-

35 3329 92 26 sente.

55 3362 80 27 2itelle
147 3370 108 28 elegante
268 3379 13 15 e
290 3375 60 20 tutte
359 3373 63 22 belle
436 3380 5 19 ;
452 3373 45 23 im-

33 3398 115 25 Pussibule
166 3404 25 22 di
210 3402 90 32 scegiie
311 3413 14 15 a
348 3406 42 28 più
412 3407 64 22 bella
489 3413 6 19 ;

33 3430 96 25 Uìamme
147 3442 15 15 e
173 3443 138 18 mammone
329 3440 39 22 chi
394 3440 84 22 ridenu
489 3446 6 20 ;

32 3462 63 24 2!tellj
107 3472 13 15 a
137 3468 77 24 bande
225 3472 39 22 chi
281 3474 91 21 saltanu
386 3479 13 15 e
417 3475 79 20 canta-

33 3496 45 38 nu-r

57 3526 22 23 U
89 3533 52 26 sgiò
152 3534 22 27 J.
185 3536 27 23 B.
222 3537 94 25 Salvini
327 3539 39 22 chi
378 3539 64 22 m’ha
450 3539 47 22 fat-

42 3563 12 15 u
65 3562 181 34 tant’onore,;cu
264 3578 15 15 a
289 3578 29 16 so
328 3572 109 28 famiglia
454 3572 40 22 chi

48 3597 31 17 un
88 3598 81 24 tesoru
179 3603 140 25 di.Corsiea.

54 3625 94 29 Questao-
152 3634 15 21 è
173 3635 127 29 -Ofticoni,
314 3645 14 16 u
339 3639 100 28 pidone,
454 3645 41 16 ma

30 3688 10 19 t
58 3664 8 44 ^
76 3662 65 24 niìnu
151 3669 74 25 palesi
242 3677 16 15 u
272 3678 26 15 so
313 3688 4 3 .
322 3673 60 20 vinii
401 3678 94 16 musca-

39 3694 52 24 e-u,
98 3702 14 14 a
119 3701 117 28 cucin-ara,
249 3710 15 15 a
276 3705 169 22 soamabilità.

86 3732 139 26 cu.uoûstru
233 3738 80 21 amicu
321 3738 118 22 Fondacci
463 3738 31 21 de

547 1017 74 26 Paoli,
632 1018 151 22 discindente
794 1019 25 21 di
829 1025 15 16 u
857 1019 78 22 babbu
953 1019 25 21 di
1002 1025 12 15 a

547 1051 76 22 Patria
634 1052 6 21 !
656 1058 14 15 u
695 1052 53 28 sgiò
773 1052 111 23 Orticoni
902 1051 20 28 J.
933 1052 23 22 L.
990 1053 24 21 di

547 1084 139 23 Monticellu
696 1092 6 19 ;
739 1086 107 22 madama
876 1085 137 26 Vescovali,

544 1124 103 16 mamma
656 1119 105 22 d'ondici
771 1119 84 28 figlioli
870 1119 45 22 chi-
929 1119 85 22 facenu

544 1151 67 28 piacè
624 1158 13 15 a
647 1153 64 21 vede
721 1159 6 20 ;
738 1153 26 22 P.
776 1152 72 23 Casta
857 1153 24 21 di
897 1155 49 26 im93
958 1152 57 22 d’al-

543 1186 60 25 tura,
617 1191 15 15 u
643 1185 43 27 più
698 1186 90 27 grande
799 1183 24 24 di
831 1186 112 28 Balagna.

571 1218 54 21 Avà
635 1225 34 15 ne
677 1220 71 20 vehe'
752 1219 137 27 Albertini,'
896 1226 15 15 u
934 1225 84 16 merru

544 1251 24 21 di
580 1251 23 21 A
625 1252 119 21 Cumuna
762 1252 28 22 di
812 1252 151 28 Parapiglia
986 1256 29 18 cü

545 1284 56 22 Pitti
622 1285 124 22 Padovani
763 1292 14 15 e
795 1286 69 22 tutt’a
883 1288 95 25 truppa-
990 1286 25 22 di

543 1318 79 22 llsula
632 1318 86 27 Rossa,
732 1319 73 27 quelli
815 1319 38 22 chi
863 1319 84 22 facenu
962 1319 53 22 ride

543 1358 62 17 ancu
616 1352 6 22 i
633 1353 110 27 spurtelli
753 1359 5 20 ;
772 1353 72 23 mille,
851 1358 103 23 persone
970 1359 13 15 a
999 1359 16 16 u

544 1388 78 21 teatru
634 1386 6 21 !

572 1421 23 21 A
604 1420 65 27 fiera,
677 1421 89 22 vicin’a
776 1422 23 21 la
810 1421 90 26 chiesa,
917 1421 31 22 ha
974 1427 42 16 cu-^

544 1460 39 16 me
594 1454 85 22 intrata
700 1460 33 16 un
754 1461 61 16 areu
831 1455 25 22 di
872 1455 107 30 trionfu.;
991 1454 28 26 A.

544 1490 67 25 parte
619 1493 92 21 manca,
725 1495 53 20 una:
787 1489 44 27 fila;
848 1489 25 22 di
891 1489 58 22 eaffè
968 1486 46 25 ben

543 1521 77 22 tenuti
629 1528 30 15 eu
667 1522 67 22 viole
747 1528 14 16 e
773 1523 129 27 organetti,
911 1524 30 21 da
951 1527 64 18 mïar-

545 1555 62 21 canti
627 1556 102 27 graziosi
742 1563 13 15 e
775 1557 86 27 gentili
870 1563 6 16 :
889 1554 125 30 Manueìli,

544 1587 126 29 Francisci,
687 1590 94 27 Mattéi,
790 1590 142 28 Castellani,:
940 1590 75 23 Gian-

543 1622 67 26 noni,
623 1621 106 29 Suzzoni,
740 1624 62 24 Poli-
830 1640 4 9 :

571 1655 60 22 Eccu
647 1662 14 15 e
670 1658 57 27 pipe
738 1657 112 23 d'Orezza
865 1664 30 16 eu
915 1658 100 23 Colom-

543 1689 54 22 bani
607 1689 115 23 Lisandru
730 1691 24 22 di
763 1698 15 15 a
789 1692 71 22 Vallè
877 1699 14 15 e
904 1692 73 23 Léoni
989 1693 25 22 di

543 1722 132 29 Rapaghiu.

570 1756 28 22 In
609 1756 66 27 fiera,
686 1758 35 22 c:è
728 1759 67 21 mille
807 1766 14 15 e
832 1760 67 22 mille
909 1767 105 21 persone

543 1790 23 21 in
575 1791 80 27 gioia:
668 1798 13 14 a
694 1792 39 22 chi
744 1793 97 26 balla,-a
858 1794 39 22 chi
910 1796 76 24 caûtà,
1000 1801 13 16 a

542 1824 39 22 chi
590 1824 60 22 ride.

568 1857 74 22 Paese
660 1859 25 21 di
698 1866 15 14 u
725 1859 104 29 Signore
836 1861 6 21 !
850 1862 67 21 sahtà
933 1862 80 28 Repa-

540 1893 50 19 rata
604 1892 144 22 miraculosa
759 1896 15 18 ê
785 1894 97 23 âdurata
895 1895 7 21 !
915 1896 39 27 èju
975 1897 36 21 mi

540 1930 27 16 so
579 1926 80 22 subitu
680 1928 81 21 vuïatu
776 1933 44 22 par
835 1935 31 15 un
886 1929 125 22 altr'annu.

845 1976 137 27 Maistrale-.

642 2055 262 30 INCERTEZZA

801 2120 15 14 A
822 2120 32 14 Don
860 2120 101 16 Matteï-Torre

558 2144 28 19 Un
594 2146 63 17 nunda
665 2146 42 18 face
714 2147 49 18 bolle
770 2152 14 13 u
792 2148 38 18 miò
837 2149 83 20 cerbellu
923 2155 6 16 ;

557 2170 98 19 L’affaeata
663 2172 20 17 di
692 2177 13 12 u
712 2173 39 17 sole
758 2174 45 22 ogni
812 2174 83 22 matins,.

557 2196 82 19 L’albore
646 2201 24 14 eu
678 2202 13 13 a
699 2201 20 14 so
728 2198 54 18 Stella
790 2200 91 18 matutina

556 2221 15 18 E
579 2222 36 18 ben
623 2224 81 17 suvente
710 2228 15 13 u
733 2225 54 17 eantu
796 2224 21 18 di
824 2226 27 16 ün
858 2226 66 18 acellu.

555 2260 31 18 Ma
593 2265 42 15 cosa
642 2266 59 18 possu
708 2262 25 22 fà,
742 2263 20 18 sò
770 2263 108 23 Puvarelln,

556 2286 105 23 Unn’aghiu
668 2288 112 18 istruzzioné
786 2294 26 13 ne
819 2290 89 23 duttrina,

555 2312 37 18 Per
598 2313 48 18 altre
654 2314 63 17 strade
725 2318 12 14 a
744 2314 79 22 furtuna.
829 2316 78 18 camina.

555 2337 15 17 E
578 2338 57 22 aghiu
642 2339 58 17 modu
708 2339 31 18 chi
746 2339 25 22 fà,
781 2340 21 18 sô
811 2344 73 19 sempre
892 2342 69 22 quellu.

555 2377 72 22 Quantu
635 2378 48 18 volti
692 2378 26 18 mi
726 2379 28 18 stò
762 2380 58 18 tristu
827 2384 12 14 e
846 2385 88 18 pensosu.

554 2402 91 23 Spirendu
652 2403 21 18 in
680 2404 90 18 l’avenire
779 2409 42 14 sera
829 2410 10 14 e
847 2410 55 14 mane

554 2428 30 17 Ma
591 2428 20 18 vi
619 2430 151 21 aspettendu,-un
779 2431 56 17 trovn
842 2432 38 17 mai
888 2432 69 22 riposu.
970 2446 5 7 ,

554 2468 14 18 E
576 2472 43 14 cose
626 2468 20 18 di
653 2470 33 16 stu
694 2470 68 17 mondu
770 2470 22 18 sô
799 2471 85 22 prufane,
907 2483 4 4 .
924 2481 12 10 ^

554 2493 16 18 ïï
577 2493 74 19 destinu
660 2498 35 18 per
702 2499 31 14 me
741 2499 73 19 sempre
822 2496 76 22 ritrosu,

554 2519 14 18 E
576 2519 46 19 certi
629 2519 49 19 iorni
687 2524 27 14 un
722 2520 22 18 sò
751 2521 33 21 piu
792 2525 42 14 cosa
842 2522 72 18 fane....

837 2558 21 19 U
867 2558 128 21 Puvarellu.

1045 788 165 27 Bibliografîa

1103 859 227 57 LAMENTI,
1353 859 169 51 VOCERI
1547 863 27 47 E

1293 937 215 51 CANZOME
1533 941 251 51 POPULARE
1811 945 149 51 CORSE

1363 1008 31 25 di
1412 1008 36 25 G.
1467 1009 35 25 R.
1523 1011 159 32 Marcaggi

1068 1109 34 20 De
1119 1113 51 17 tous
1184 1109 33 21 les
1234 1110 94 21 recueils
1337 1112 116 19 consacrés
1465 1112 13 20 à
1490 1112 21 20 la

1042 1140 77 24 poésie
1128 1140 116 25 populaire
1253 1141 28 20 de
1289 1141 22 20 la
1320 1140 93 24 Corse,il
1422 1142 49 20 n’en
1478 1146 35 17 est

1041 1176 73 14 aucun
1123 1170 39 25 qui
1171 1170 45 21 soit
1220 1170 31 25 .de
1259 1171 21 20 la
1293 1171 77 20 valeur
1377 1172 29 20 dë
1414 1172 96 21 celui-ci^

1042 1200 26 21 Et
1084 1201 46 19 cela
1143 1207 57 19 pour
1211 1201 28 20 de
1253 1201 113 26 multiples
1379 1203 98 20 raisons:
1489 1204 22 19 la

1038 1231 176 24 première,c’est
1218 1238 43 19 que
1265 1232 22 20 le
1291 1233 90 23 présent
1385 1233 82 21 recueil
1477 1237 35 17 est

1041 1267 45 14 une
1098 1261 108 21 réédition
1216 1266 23 16 et
1247 1268 51 19 que,
1308 1262 30 20 du
1347 1263 102 25 premier,
1458 1264 53 20 l’au-

1041 1295 50 17 teur
1100 1298 13 14 a
1122 1298 28 14 eu
1159 1293 104 20 occasion
1272 1292 29 20 de
1310 1293 49 20 voir
1367 1294 32 20 les
1412 1294 97 21 lacunes:

1176 1317 4 3 ■
1219 1320 3 2 .
1227 1320 7 5 ..
1494 1312 21 13 A7..

1041 1322 28 20 la-
1075 1322 98 21 seconde
1186 1324 54 19 c’est
1256 1329 45 19 que
1315 1324 79 25 depuis
1402 1325 108 25 quelques

1041 1354 84 20 années
1133 1354 22 21 le
1168 1358 146 17 mouvement
1327 1354 105 22 littéraire
1440 1356 70 26 régio-

1041 1384 80 21 naliste
1129 1391 41 19 par
1178 1385 34 21 les
1220 1385 146 21 nombreuses
1374 1387 77 20 études
1456 1387 52 26 qu’il

1040 1422 14 13 a
1067 1416 109 21 suscitées
1184 1427 27 3 —
1219 1422 39 14 sur
1265 1416 40 21 des
1314 1417 74 25 points
1404 1418 107 22 touchant

1039 1447 14 20 à
1061 1446 22 20 la
1091 1447 146 26 linguistique
1245 1450 23 17 et
1274 1448 15 19 à
1297 1447 22 21 la
1328 1449 75 24 poésie
1410 1449 100 25 populai-

1040 1483 24 14 re
1071 1487 28 5 —
1106 1484 15 14 a
1130 1478 47 24 jeté
1185 1478 29 20 de
1222 1478 116 21 nouvelles
1345 1479 79 21 clartés
1437 1486 38 14 sur
1483 1487 25 13 ce

1040 1508 105 21 domaine
1161 1515 44 19 peu
1220 1509 89 25 exploré
1318 1519 25 4 —
1351 1517 82 14 encore
1444 1511 63 25 qu’au

1039 1540 80 24 regard
1128 1540 40 33 c^s
1175 1544 83 20 autres,
1273 1546 26 15 ce
1307 1541 44 20 soit
1363 1541 57 21 celui
1428 1542 38 25 qui
1477 1542 32 20 ait

1039 1570 65 21 attiré
1116 1568 22 23 lé
1154 1571 51 25 plus
1222 1567 121 25 i’attention
1364 1572 39 21 des
1419 1573 88 24 lettrés;

1040 1601 20 20 la
1068 1602 115 20 troisième
1188 1602 53 20 c’est
1246 1608 45 19 que
1296 1602 23 21 J.
1326 1603 25 20 B.
1358 1603 110 26 Marcaggi
1475 1607 34 17 est

1039 1632 22 21 le
1071 1632 52 25 plus
1140 1632 97 21 informé
1254 1639 29 14 en
1300 1633 22 21 la
1336 1634 99 21 matière.
1449 1634 60 22 C’est

1039 1663 60 20 donc
1107 1670 45 14 une
1162 1664 106 20 véritable
1276 1670 87 15 somme
1368 1665 28 21 de
1404 1666 21 20 la
1433 1666 75 25 poésie

1039 1694 117 26 populaire
1164 1701 64 14 corse
1232 1705 26 4 —
1261 1696 112 25 comprise
1378 1703 28 14 en
1412 1703 25 14 ce
1441 1696 66 26 qu’el-

1038 1725 22 20 le
1068 1732 14 13 a
1090 1725 136 26 d’anonyme
1233 1737 26 5 —
1267 1733 46 19 que
1321 1734 57 14 nous
1386 1727 56 21 offre
1448 1728 22 21 J.
1481 1728 25 21 B.

1039 1756 119 26 Marcaggi.

1064 1784 176 22 L’introduction
1254 1786 38 25 qui
1309 1786 71 26 figure
1389 1794 28 14 en
1425 1788 44 20 tête
1477 1788 30 20 du

1038 1815 84 20 recueil
1133 1819 34 17 est
1175 1822 46 14 une
1228 1817 114 21 merveille
1354 1818 29 20 de
1390 1818 118 26 simplicité

1038 1850 22 16 et
1067 1846 31 20 de
1103 1846 77 21 clarté.
1190 1847 48 21 Elle
1247 1854 24 14 se
1279 1848 27 20 lit
1315 1849 65 20 d’une
1388 1850 61 20 seule
1456 1849 52 21 trai-

1037 1880 30 17 te.
1082 1877 214 26 L’impressionnant
1303 1881 100 24 appareil
1414 1881 94 21 d’érudi-

1037 1907 48 21 tion
1093 1909 40 24 qui
1145 1916 16 18 y
1177 1913 36 17 est
1219 1910 95 26 déployé
1322 1921 25 4 —
1355 1918 45 18 que
1412 1913 95 20 certains

1035 1938 108 26 jugeront
1152 1940 88 25 inutile,
1249 1941 57 21 mais
1314 1942 39 25 qui
1361 1947 34 16 est
1404 1944 103 24 précieux

1037 1979 25 4 —
1071 1970 97 21 n’arrive
1173 1978 42 18 pas
1222 1972 13 20 à
1244 1972 122 22 détourner
1378 1974 23 20 le
1415 1974 90 23 Iëcteur.

1037 2000 61 26 Trop
1106 2006 105 20 souvent,
1218 2010 28 12 en
1255 2003 59 24 effet,
1320 2004 40 21 des
1365 2005 78 21 études
1447 2006 28 20 de
1480 2012 26 14 ce

1036 2037 70 19 genre
1123 2036 53 16 sont
1191 2033 74 21 arides
1273 2037 23 17 et
1304 2034 151 22 difficilement
1471 2043 36 14 ac-

1037 2062 106 21 cessibles
1151 2070 29 13 au
1188 2063 102 26 profane.
1299 2065 38 24 Ici,
1351 2072 28 14 au
1388 2067 116 24 contraire,

1036 2092 127 22 l’érudition
1171 2095 130 25 n’empêche
1309 2102 41 19 pas
1358 2103 45 19 que
1415 2098 22 20 le
1450 2098 55 26 style

1036 2123 99 26 atteigne
1140 2125 13 20 à
1162 2129 58 17 cette
1230 2126 126 26 simplicité,
1365 2128 13 20 à
1392 2132 56 17 cette
1455 2135 51 15 sou-

1037 2155 91 20 veraine
1135 2156 112 25 élégance,
1253 2158 40 24 qui
1298 2158 100 26 obligent
1401 2160 13 20 à
1418 2161 87 20 conclu-

1036 2191 31 18 re,
1075 2192 46 19 que
1129 2186 94 21 l’auteur
1228 2188 29 20 de
1264 2195 27 14 ce
1299 2189 156 22 chef-d’oeuvre
1461 2192 44 20 d’é-

1035 2216 100 21 locution
1152 2222 35 16 est
1203 2225 31 14 un
1249 2221 80 19 maître
1344 2221 105 22 écrivain.
1474 2222 29 21 Sa

1035 2248 85 24 grande
1137 2249 138 25 expérience,
1293 2258 25 13 sa
1332 2252 108 25 profonde
1452 2260 52 14 con-

1036 2279 117 21 naissance
1161 2280 128 32 des^choses
1297 2289 82 18 corses,
1389 2288 39 17 ont
1436 2286 68 20 admi-

1035 2310 125 21 rablement
1172 2312 59 20 servi
1240 2312 22 21 J.
1272 2313 27 21 B.
1313 2314 117 26 Marcaggi.
1448 2316 17 20 Il
1475 2323 28 14 ne

1035 2340 70 22 fallait
1113 2348 41 18 pas
1163 2343 74 20 moins
1243 2344 28 20 de
1280 2348 72 18 toutes
1363 2353 37 14 ces
1408 2347 95 25 qualités

1035 2372 90 20 réunies
1130 2379 58 19 pour
1192 2379 120 19 permettre
1321 2376 148 22 l’élaboration
1475 2378 28 20 de

1034 2406 35 17 cet
1077 2409 106 20 ouvrage.
1193 2405 115 29 Personne
1321 2414 28 14 ne
1362 2415 81 18 pourra
1452 2410 50 24 plus

1034 2434 131 25 désormais,
1182 2436 75 24 parler
1269 2438 161 22 sérieusement
1441 2440 27 20 de
1480 2441 22 20 la

1034 2464 78 25 Corse,
1130 2466 78 21 traiter
1218 2467 186 25 impartialement
1415 2471 28 21 de
1451 2472 50 20 cho-

1033 2501 36 15 ses
1077 2502 83 19 corses,
1167 2504 54 14 sans
1228 2500 116 21 connaître
1352 2505 57 17 cette
1416 2509 84 14 oeuvre.

1032 2527 86 21 N’est-il
1124 2534 40 19 pas
1173 2529 48 20 vrai
1229 2535 45 19 que
1279 2530 9 20 I
1295 2536 30 15 on
1331 2533 91 23 pénètre
1427 2534 74 20 mieux

1032 2565 30 13 un
1071 2561 120 23 caractère,
1202 2564 23 16 et
1231 2561 15 19 à
1254 2561 50 25 plus
1313 2562 57 22 forte
1378 2564 73 21 raison
1463 2566 39 20 l’â-

833 2655 176 32 Vecchiu
1039 2657 164 32 Aiacciu

846 3728 320 34 SANT’ERAMU

1538 1120 36 14 me
1582 1114 19 20 si
1615 1114 93 26 fuyante
1721 1117 52 20 d’un
1791 1119 89 24 peuple,
1894 1120 18 19 si
1927 1120 45 20 l’on
1982 1127 28 14 en

1538 1146 92 19 connaît
1643 1146 34 20 les
1688 1147 135 24 aspirations
1838 1150 128 24 profondes,
1977 1151 33 21 les

1538 1180 156 16 mouvements
1707 1177 169 23 inconscients?
1890 1180 61 21 Dans
1960 1182 50 20 l’ex-

1538 1204 88 24 plosion
1639 1206 110 21 soudaine
1764 1212 23 16 et
1803 1210 59 20 donc
1879 1211 86 21 sincère
1982 1212 27 20 de

1538 1240 36 14 ces
1591 1236 140 24 sentiments,
1752 1242 51 17 tour
1819 1241 13 18 à
1847 1244 50 16 tour
1914 1242 95 21 violents

1537 1265 72 24 âpres,
1620 1269 120 22 emportés,
1750 1275 28 13 ou
1787 1269 169 24 indiciblement
1964 1274 45 19 mé-

1537 1295 146 25 lancoliques,
1698 1304 45 18 que
1757 1299 44 20 l’on
1812 1302 85 23 perçoit
1910 1302 56 21 dans
1977 1303 31 21 les

1537 1325 170 23 chefs-d’oeuvre
1715 1335 123 19 anonymes
1844 1335 22 16 et
1871 1335 138 19 tourmentés

1536 1362 45 19 que
1589 1361 53 17 sont
1655 1364 38 15 ces
1707 1359 97 21 lamenti
1811 1364 23 17 et
1846 1366 37 16 ces
1896 1362 92 27 vocéri\
1989 1364 20 26 1)

1536 1387 7 19 1
1551 1388 50 20 âme
1617 1390 64 19 corsé
1696 1396 25 14 se
1734 1390 97 22 dénude.
1842 1392 74 21 Mieux
1924 1395 84 23 qu’une

1536 1417 82 26 longue
1627 1419 150 25 dissertation,
1791 1428 38 14 ces
1837 1423 44 20 cris
1889 1426 120 22 spontané-

1536 1453 62 15 ment
1605 1450 106 21 arrachés
1720 1451 12 20 à
1742 1451 21 20 la
1771 1452 96 21 douleur
1878 1460 29 14 ou
1915 1456 14 18 à
1942 1455 21 20 la
1972 1462 36 14 co-

1534 1478 94 27 lère^qui
1636 1480 104 26 frappent
1746 1482 147 22 brutalement
1897 1491 42 14 nos
1944 1487 64 20 oreil-

1535 1509 39 25 les,
1585 1517 58 14 nous
1656 1515 114 18 montrent
1787 1513 56 21 dans
1857 1518 62 18 toute
1931 1522 25 14 sa
1964 1520 44 17 tra-

1535 1541 68 25 gique
1617 1545 23 17 et
1652 1548 99 20 sauvage
1759 1544 87 25 beauté,
1855 1545 66 21 l’âme
1929 1547 28 20 de
1965 1554 42 14 nos

1534 1572 102 20 ancêtres
1652 1573 156 24 douloureuse,
1820 1576 138 26 désespérée,
1971 1578 37 21 dé-

1534 1602 94 21 chaînée
1636 1604 57 20 mais
1701 1605 102 25 toujours
1810 1606 102 22 vibrante
1916 1612 22 16 et
1943 1615 64 15 corse

1534 1633 177 22 humainement.
1724 1636 45 24 Qui
1778 1643 29 14 ne
1816 1638 64 20 vibre
1888 1638 14 20 à
1910 1645 38 15 ces
1962 1640 43 21 cris

1534 1671 30 14 ou
1572 1666 14 19 à
1595 1670 37 15 ces
1640 1666 109 26 sanglots,
1759 1668 34 19 n’a
1802 1668 52 25 plus
1862 1669 48 20 rien
1919 1670 29 20 de
1959 1677 47 14 cor-

1534 1702 50 15 se...
1600 1696 38 21 On
1651 1703 30 14 ne
1688 1702 56 21 peut
1754 1702 71 17 rester
1839 1699 122 23 insensible
1969 1702 37 20 de-

1535 1730 53 17 vant
1596 1731 49 17 tant
1650 1728 29 20 de
1690 1728 91 22 beauté.
1788 1729 62 22 Nous
1857 1732 67 20 seuls,
1934 1738 71 15 avons

1534 1760 108 19 conservé
1659 1765 25 15 ce
1702 1760 107 26 privilège
1823 1762 28 20 de
1865 1763 100 25 primitif,
1984 1768 22 16 et

1534 1795 110 19 pouvons,
1668 1791 85 25 malgré
1768 1796 36 16 cet
1826 1793 178 24 anachronisme,

1534 1820 70 21 sentir
1611 1821 23 20 la
1643 1821 80 21 beauté
1730 1822 51 26 plus
1794 1823 94 22 délicate
1901 1825 15 20 d
1923 1832 45 14 une
1976 1826 30 20 ci-

1534 1851 112 22 vilisation
1655 1853 161 22 extrêmement
1822 1854 98 22 raffinée.

1766 1891 10 9 *

1759 1904 25 10 **

1559 1931 11 11 «
1576 1925 31 20 La
1613 1926 75 24 poésie
1697 1933 63 18 pure,
1766 1927 56 21 dont
1830 1934 29 14 on
1868 1935 13 14 a
1889 1929 115 26 beaucoup

1533 1958 62 24 parlé
1603 1962 36 17 cet
1652 1958 65 20 hiver
1725 1962 28 17 èn
1762 1963 83 17 termes
1857 1960 146 26 alambiqués,

1533 1988 21 21 la
1560 1989 122 21 cherchant
1689 1996 29 14 en
1727 1989 40 21 des
1776 1994 71 17 textes
1856 1991 114 21 laborieux
1976 1992 29 21 de

1532 2020 77 24 poètes
1617 2020 94 23 érudits,
1717 2020 22 20 la
1748 2021 65 23 voici,
1823 2023 63 19 toute
1893 2022 81 26 simple
1982 2027 22 16 et

1532 2053 62 18 toute
1602 2050 111 21 naturelle
1721 2051 92 21 ardente
1828 2056 22 16 et
1863 2052 85 22 fraîche
1960 2055 13 19 à
1982 2054 21 20 la

1532 2080 42 21 fois
1583 2087 89 14 comme
1679 2082 59 20 l’eau
1745 2082 39 20 des
1788 2082 112 22 fontaines
1908 2085 40 24 qui
1953 2091 51 14 cou-

1531 2111 47 21 lent
1587 2118 54 14 sous
1648 2112 33 20 les
1690 2112 150 26 châtaigniers
1848 2120 84 19 corses,
1947 2116 56 20 dans

1531 2142 22 20 la
1561 2143 85 24 grande
1654 2143 101 21 lumière"
1762 2144 29 20 de
1803 2145 58 24 l’été,
1867 2150 11 11 »
1892 2152 14 14 a
1919 2147 55 20 écrit
1982 2147 22 20 le

1531 2173 95 25 critique
1635 2174 142 25 régionaliste
1786 2175 71 21 Emile
1867 2176 75 25 Ripert
1949 2183 54 15 avec

1530 2204 22 20 la
1560 2205 83 20 double
1650 2206 144 25 compétence
1802 2213 46 19 que
1856 2207 31 20 lui
1902 2208 101 21 donnent

1530 2241 45 14 une
1583 2241 79 15 oeuvre
1670 2238 121 19 consacrée
1799 2244 29 14 en
1839 2238 84 25 grande
1932 2239 70 25 partie

1530 2272 29 14 au
1567 2266 103 26 félibrige
1678 2271 23 16 et
1709 2274 25 14 sa
1743 2268 85 25 qualité
1835 2269 30 20 de
1873 2270 72 24 poète.

1555 2297 53 21 Cela
1625 2302 35 16 est
1677 2298 51 21 bien
1746 2299 55 21 vrai.
1821 2299 79 25 Quelle
1925 2301 77 24 poésie

1530 2332 53 20 peut
1597 2329 48 20 être
1652 2329 52 25 plus
1713 2336 56 18 pure
1780 2336 45 19 que
1833 2331 92 24 celle-ci,
1935 2337 67 20 spon-

1529 2360 115 19 tanément
1647 2360 73 24 jaillie
1728 2360 40 20 des
1776 2361 73 20 lèvres
1863 2362 28 20 de
1907 2362 94 21 femmes

1529 2395 30 14 ou
1568 2390 90 24 bergers
1664 2390 130 21 illettrés.—
1799 2391 38 21 On
1846 2396 49 16 trou
1898 2399 52 14 vera
1956 2394 45 19 mê-

1529 2427 43 16 me,
1581 2421 59 20 dans
1655 2427 26 14 ce
1695 2422 91 23 recueil,
1804 2422 41 21 des
1855 2423 146 25 filastrocche

1528 2451 39 25 qui
1572 2451 111 26 dégagent
1691 2459 45 13 une
1745 2453 84 25 poésie,
1838 2461 56 17 pure
1905 2455 28 20 de
1938 2458 63 17 toute

1528 2482 75 20 raison
1612 2486 23 16 et
1643 2482 61 20 riche
1709 2483 67 20 d'une
1784 2485 104 24 musique
1893 2485 106 25 ingénue.

1528 2512 28 21 Et
1564 2513 54 24 cela,
1627 2519 52 14 sans
1685 2514 40 20 nul
1731 2513 84 21 artifice
1821 2515 113 21 littéraire.
1940 2516 60 21 Elles

1528 2549 30 14 ne
1573 2547 89 17 sentent
1679 2550 41 18 pas
1736 2545 77 20 l’huile
1829 2551 104 20 soyez-en
1953 2553 47 14 cer-

1527 2574 67 24 tainsj
1603 2581 38 13 ces
1649 2574 141 22 filastrocche
1795 2576 53 25 qu’a
1853 2577 147 21 inconsciem-

1527 2608 63 17 ment
1597 2605 90 20 élaboré
1694 2606 65 20 l’âme
1768 2612 64 15 corse
1839 2607 33 20 !...
1881 2607 23 21 Si
1912 2614 87 14 coxnme

1526 2635 22 19 le
1574 2636 93 24 prétend
1676 2636 32 20 M.
1736 2636 69 21 Henri
1827 2637 120 24 Bremond,
1980 2638 18 21 il

1527 2669 34 16 est
1570 2666 48 19 vrai
1634 2670 44 20 que
1686 2666 34 20 les
1737 2673 52 14 vers
1796 2667 34 20 les
1847 2668 50 24 plus
1910 2668 89 21 harmo-

1526 2696 68 21 nieux
1602 2700 23 16 et
1632 2697 34 20 les
1674 2697 51 25 plus
1734 2698 92 24 remplis
1831 2698 29 20 de
1865 2699 76 23 poésie
1946 2704 52 16 sont

1526 2733 56 14 ceux
1589 2728 40 24 qui
1638 2728 129 20 n’éveillent
1775 2735 28 14 en
1813 2732 66 17 notre
1885 2730 71 25 esprit
1960 2736 38 15 au-

1525 2764 44 14 cun
1578 2764 62 18 sens,
1648 2764 58 15 ceux
1714 2759 40 25 qui
1767 2759 94 20 doivent
1867 2760 50 20 leur
1924 2767 74 14 carac-

1525 2789 47 19 tère
1585 2789 106 25 poétique
1708 2790 149 24 uniquement
1875 2795 11 11 «
1890 2791 17 19 à
1915 2791 25 20 la
1945 2793 52 23 pré-

1524 2825 75 18 sence,
1622 2826 32 14 au
1671 2823 171 21 rayonnement,
1866 2822 16 18 à
1902 2822 95 21 l’action

1525 2850 180 25 transformante
1713 2853 24 18 et
1745 2851 112 24 unifiante
1868 2851 69 21 d’une
1947 2853 51 20 réa-

1524 2881 43 20 lité
1580 2882 146 24 mystérieuse
1743 2888 45 19 que
1804 2888 59 14 nous
1885 2884 112 24 appeloits

1521 2912 79 24 poésie
1601 2915 85 22 pure,»
1704 2919 38 14 ces
1751 2913 145 24 filastrocche
1909 2917 52 17 sont
1968 2914 29 20 de

1523 2942 22 20 la
1551 2943 76 24 poésie
1634 2950 61 18 pure,
1706 2950 38 13 car
1750 2943 53 21 elles
1811 2947 53 16 sont
1876 2944 120 25 «dépouil-

1523 2973 46 20 lées
1575 2973 35 20 du
1616 2974 105 20 moindre
1733 2976 98 18 contenu
1847 2974 147 25 intellectuel,

1523 3003 54 21 elles
1591 3006 54 18 sont
1653 3005 73 20 vides.
1741 3004 56 20 Tout
1806 3005 49 20 s’en
1871 3008 35 17 est
1918 3006 76 22 retiré,

1522 3035 95 25 images,
1618 3035 69 24 idées,
1689 3035 109 20 couleurs.
1800 3035 64 21 Elles
1872 3036 110 20 tremblen
1983 3039 10 17 t

1522 3063 71 22 d’uné
1601 3065 94 25 flamme
1703 3066 113 20 invisible.
1832 3066 80 26 L’effet
1922 3073 29 14 en
1959 3070 36 17 est

1522 3096 159 20 insaisissable
1697 3099 24 17 et
1729 3097 132 24 pénétrant.
1869 3102 11 11 »
1898 3097 97 21 N’est-ce

1522 3127 63 25 point
1601 3127 194 21 cela?—Notons
1812 3134 29 13 en
1856 3131 64 17 outre
1936 3132 59 17 cette

1521 3162 63 16 autre
1592 3164 119 19 remarque
1724 3158 29 20 de
1760 3158 30 20 M.
1798 3158 71 21 l’abbé
1881 3159 112 20 Bremond

1522 3197 12 11 «
1541 3189 25 20 la
1571 3189 80 25 poésie
1656 3190 123 24 populaire
1787 3189 29 20 de
1829 3192 51 18 tous
1891 3190 33 20 les
1933 3193 60 22 pays

1521 3222 23 17 et
1552 3222 71 18 même
1631 3220 32 20 du
1675 3221 72 21 nôtre,
1756 3220 61 20 aime
1823 3220 22 20 le
1850 3227 45 13 non
1905 3227 59 14 sens.
1971 3221 22 20 Il

1520 3250 36 20 lui
1559 3257 28 14 en
1593 3251 55 24 faut
1656 3251 102 24 toujours
1768 3251 111 25 quelques
1884 3252 90 24 grains.
1980 3260 11 11 »

1521 3280 36 21 On
1568 3281 90 20 croirait
1666 3282 13 20 à
1688 3288 45 14 une
1748 3281 115 21 définition
1877 3282 39 20 des
1928 3282 64 24 filas-

1520 3312 95 19 trocche.

1546 3341 30 21 En
1587 3346 49 16 tout
1643 3348 26 14 ce
1678 3343 39 24 qui
1726 3342 82 20 touche
1816 3343 13 19 à
1838 3343 22 19 la
1874 3343 82 24 poésie,
1970 3343 20 20 la

1520 3372 69 21 Corse
1601 3377 36 16 est
1645 3379 43 14 une
1697 3373 61 20 mine
1766 3373 139 25 inépuisable
1914 3377 77 17 autant

1519 3410 30 18 qu
1558 3403 134 25 inexplorée.
1705 3404 93 20 Pareille
1807 3403 98 21 richesse
1914 3404 27 20 de
1946 3404 44 24 fol-

1519 3434 62 20 klore
1597 3434 49 21 doit
1662 3435 48 20 être
1728 3434 99 25 signalée
1844 3441 43 14 aux
1898 3435 91 23 'lettrés,

1519 3465 95 25 puisque
1627 3465 60 20 aussi
1698 3465 52 20 bien
1768 3471 25 14 ce
1808 3465 98 24 folklore
1914 3469 33 16 est
1958 3472 30 13 un

1518 3496 40 20 des
1567 3496 50 25 plus
1626 3496 73 20 variés
1708 3500 21 16 et
1738 3496 40 20 des
1786 3497 51 24 plus
1846 3495 143 21 merveilleux

1518 3527 38 23 qui
1566 3527 80 22 soient,
1656 3531 21 14 et
1685 3532 27 14 ce
1721 3526 55 20 n’est
1786 3533 39 18 pas
1839 3527 19 19 là
1869 3531 62 15 notre
1941 3526 47 20 seul

1517 3557 56 21 avis,
1588 3557 58 19 mais
1655 3556 51 20 bien
1721 3556 58 20 celui
1790 3557 39 19 des
1841 3556 111 21 écrivains
1967 3561 21 15 et

1517 3586 40 20 des
1565 3591 91 15 savants
1665 3587 32 19 les
1707 3586 51 25 plus
1763 3587 83 23 divers,
1861 3587 29 20 tel
1900 3590 35 16 cet
1943 3586 44 25 ;’Ian

1519 3617 64 25 Bojer
1592 3617 39 24 qui
1644 3622 29 14 en
1688 3616 25 20 fit
1727 3617 20 19 la
1757 3623 119 19 remarque
1884 3624 27 13 au
1921 3623 66 13 cours

1516 3647 66 19 d’une
1590 3647 120 20 interview
1721 3648 118 24 rapportée
1855 3654 41 17 par
1910 3647 78 19 Frédé-

1516 3677 33 20 ric
1563 3677 92 22 Lefèvre
1671 3677 57 20 dans
1745 3678 33 19 les
1790 3677 123 21 Nouvelles
1919 3678 69 19 Litté-

1514 3707 82 20 raires.

1745 3733 16 13 *

1728 3751 18 14 &
1758 3752 17 13 *

2063 801 28 20 Je
2106 802 83 21 n’aurai
2206 804 69 24 garde
2295 804 109 22 d’oublier
2418 806 28 20 de
2463 807 48 20 dire

2038 838 44 18 que
2090 832 22 20 J.
2119 832 25 20 B.
2154 833 113 27 Marcaggi
2273 842 29 13 ne
2310 836 53 20 s’est
2372 844 40 17 pas
2421 841 90 17 conten-

2038 863 22 18 té
2069 862 27 20 de
2108 864 111 20 recueillir
2226 871 53 14 sans
2295 873 93 14 examen
2398 868 112 24 préalable

2038 895 74 17 toutes
2120 894 33 19 les
2170 894 74 25 pièces
2262 897 38 24 qui
2320 903 133 19 composent
2468 906 42 14 son

2038 923 90 20 recueil.
2149 924 59 26 Trop
2225 931 103 20 souvent,
2355 929 34 20 les
2406 930 104 24 compila-

2037 956 61 17 teurs
2112 955 89 20 avaient
2213 956 69 21 altéré
2296 964 27 14 en
2339 960 93 21 voulant
2448 961 62 20 l’em-

2038 983 64 22 bellir
2115 985 22 19 le
2154 989 61 20 texte,
2231 987 29 20 de
2279 994 37 14 ces
2340 991 169 24 compositions.

2036 1013 22 20 J.
2068 1013 27 21 V.
2117 1014 116 27 Grimaldi,
2257 1017 103 22 Salvator
2387 1020 60 22 Viale
2480 1029 28 13 en

2036 1044 90 20 avaient
2150 1045 111 23 italianise
2288 1049 22 20 la
2336 1049 73 22 forme
2416 1064 26 4 —
2449 1052 22 20 J.
2481 1053 25 20 B.

2036 1073 121 27 Marcaggi,
2163 1083 29 14 au
2201 1079 119 24 contraire,
2332 1087 56 14 avec
2402 1089 45 13 une
2464 1084 45 19 mé-

2036 1104 68 21 thode
2113 1106 95 26 critique
2216 1109 168 25 irréprochable
2392 1116 23 16 et
2428 1114 53 19 sûre
2495 1120 13 13 a

2036 1136 66 22 passé
2114 1142 29 14 au
2152 1138 69 20 crible
2238 1142 51 18 tous
2303 1141 32 20 les
2344 1143 93 24 poèmes
2454 1144 53 25 qu’il

2035 1172 58 13 nous
2119 1168 111 23 présente.
2249 1170 18 19 Î1
2292 1177 14 14 a
2330 1173 116 24 supprimé
2474 1174 33 20 les

2035 1195 141 25 adjonctions
2189 1199 98 22 inutiles.
2298 1202 17 19 Il
2330 1203 51 20 leur
2388 1210 13 13 a
2416 1205 91 20 restitué

2035 1226 20 19 la
2063 1226 72 22 forme
2144 1229 114 26 originale,
2271 1232 167 27 l'orthographe
2452 1236 56 20 véri-

2034 1257 59 19 table
2102 1261 22 16 et
2132 1263 76 17 exacte
2217 1262 39 22 qui
2265 1269 111 15 conserve
2382 1265 57 20 ainsi
2446 1266 12 19 à
2468 1272 38 14 ces

2034 1288 91 23 poèmes
2134 1289 49 21 leur
2190 1297 81 15 saveur
2278 1294 120 23 première.

2059 1323 32 20 Ce
2099 1324 58 21 livre
2165 1330 34 17 est
2210 1329 106 24 précieux
2322 1330 14 20 à
2351 1334 51 18 tous
2418 1332 86 25 égards.

2034 1353 17 19 Il
2066 1355 111 21 retiendra
2190 1357 125 23 l’attention
2333 1361 41 21 des
2387 1363 83 21 lettrés.
2487 1364 18 20 Il

2033 1390 49 14 sera
2095 1387 61 20 aussi
2184 1389 53 20 utile
2250 1396 45 14 aux
2320 1393 185 26 musicographes

2033 1415 38 24 qui
2080 1422 15 18 y
2103 1420 131 19 trouveront
2241 1421 68 21 treize
2317 1429 120 15 morceaux
2450 1431 55 15 avec

2033 1446 105 25 musique
2146 1448 28 20 de
2181 1449 98 26 Jacques
2286 1451 218 27 Tessarech,Harold

2033 1475 28 20 de
2067 1476 60 25 Bozi,
2135 1478 97 23 Thomas
2240 1481 58 21 Sari.

2232 1525 95 23 Matteo
2341 1528 131 23 Cir-nensi.,

2060 1616 81 24 Quelli
2156 1619 41 21 chi
2214 1620 120 24 ricevenu
2347 1623 25 22 A
2383 1624 120 24 MLTvBA

2031 1663 14 15 e
2061 1658 32 21 ch
2100 1666 35 15 un
2155 1666 24 16 si
2192 1662 92 23 vòlenu
2298 1665 82 22 micca
2393 1666 108 29 abbunà,

2030 1706 36 15 un
2075 1700 70 24 hanu
2152 1709 30 16 ca
2193 1710 15 15 a
2221 1705 119 23 ricusalla
2351 1714 16 15 a
2375 1715 18 15 u
2400 1709 102 25 pidone.

2174 1801 74 38 Nalu
2281 1805 76 37 sè«..

2055 1912 58 22 Nàtu
2122 1915 26 20 sò
2153 1915 24 21 in
2186 1915 111 26 Munacia,

2055 1946 26 21 In
2090 1954 14 13 u
2114 1954 61 15 mese
2182 1949 22 20 di
2213 1950 17 20 Ii
2237 1950 59 24 fiori,

2055 1980 97 25 Quandu
2158 1989 101 15 roncanu
2272 1987 93 23 sümeri,

2054 2011 111 26 Invaghiti
2174 2014 134 23 dal’Amori,

2056 2045 48 20 Una
2113 2047 93 20 mattina
2223 2048 22 20 di
2254 2050 100 24 maghiu,

2054 2079 70 21 Lento
2133 2080 23 20 lu
2165 2088 36 14 me
2210 2082 73 24 primu
2293 2084 105 25 abaghiu!

2035 2159 8 6 '
2052 2153 20 19 A
2085 2156 35 17 stu
2130 2158 49 16 retu
2192 2155 132 25 adispiratu,

2054 2181 17 25 È
2079 2191 65 16 tratta
2154 2188 65 21 lestra
2227 2190 106 21 minanna

2054 2220 26 20 Di
2095 2220 60 21 forza
2164 2222 30 20 mi
2204 2223 42 21 tiré
2256 2223 55 25 fora,

2052 2251 152 28 M’ingutuppò
2216 2254 67 21 d’una
2293 2262 83 18 panna,

2052 2283 72 20 Trista
2135 2285 61 23 parlé
2204 2291 12 13 a
2228 2285 113 24 babbonu,

2052 2313 29 20 Mi
2089 2314 6 19 !
2106 2313 89 26 fighiola
2205 2316 36 19 chi
2252 2317 90 20 urtonu!

2052 2387 106 21 Babbonu
2167 2389 53 20 stesi
2228 2389 22 20 lu
2261 2389 97 24 bracciu,

2050 2418 30 20 Mi
2085 2417 68 27 palpé
2160 2419 159 25 l’infurcatura,

2052 2449 26 19 Di
2088 2450 120 20 cunnoscia
2221 2451 21 19 lu
2253 2457 35 14 me
2298 2457 72 18 sessu,

2050 2480 18 19 A
2070 2480 35 20 via
2114 2481 69 19 moltu
2193 2481 107 25 primura,

2051 2510 17 20 E
2076 2511 91 24 quandu
2178 2512 159 24 tastél’acellu,

2050 2541 82 25 Quistu
2142 2542 71 20 èdissi
2224 2549 30 13 un
2264 2544 149 22 masciareüu!

2049 2611 118 21 Cumincié
2177 2612 21 20 la
2213 2613 133 25 manfarina,

2049 2641 17 21 E
2079 2643 90 20 trasalté
2178 2643 139 26 d’aiegrezza

2048 2671 82 22 Scarcé
2143 2673 21 20 la
2173 2679 25 14 so
2206 2673 140 28 pistuiaccia,

2049 2704 42 19 Per
2099 2704 27 20 da
2135 2711 69 20 segnu
2220 2706 139 22 d’evvivezza

2049 2732 49 20 Feci
2108 2734 85 25 traghia
2207 2735 23 20 lu
2238 2736 83 23 vicinu,

2047 2762 123 23 Misciendu
2185 2766 76 25 ügor’e
2274 2767 63 20 vinu.

2047 2833 39 20 Zia
2097 2833 70 22 Strica
2180 2841 26 14 eu
2223 2836 6 20 i
2239 2836 65 20 tisuri

2047 2866 30 21 Mi
2087 2868 68 25 taglié
2168 2869 22 19 lu
2208 2875 130 18 macaronu,

2045 2898 33 20 Un
2089 2899 90 20 rocchiu
2194 2900 64 23 zafté,
2271 2901 104 24 scupinu,
2388 2902 30 23 (î)

2047 2928 91 21 Bèliatu
2147 2930 22 19 di
2184 2935 92 18 cutonu,

2047 2959 86 21 Pevaru
2144 2960 60 21 missi
2214 2968 28 13 eu
2261 2962 46 19 saie

2046 2990 43 20 Per
2097 2991 113 20 alluntanâ
2221 2992 21 19 lu
2254 2992 64 20 male!

2046 3063 80 21 L’altru
2136 3070 68 19 pezzu
2214 3064 21 20 di
2247 3064 83 24 billicu,

2046 3094 18 20 ü
2073 3095 161 20 smurdicaccié
2243 3095 21 20 la
2275 3095 65 24 jatta,

2045 3124 41 21 Chi
2096 3126 109 24 aspittava
2215 3126 120 24 urulendu,

2044 3155 65 21 Sottu
2118 3156 24 20 lu
2150 3155 76 21 Viculu
2238 3157 77 24 piatta,

2044 3186 98 25 Quandu
2149 3186 24 21 fù
2183 3187 86 21 tecchia
2277 3194 13 14 e
2296 3188 67 24 sazia,

2043 3217 31 20 Mi
2083 3218 83 20 miaulé
2175 3225 27 13 eu
2211 3219 83 24 grazia.

2042 3288 133 20 Babbarellu
2187 3288 29 20 da
2225 3295 132 19 campagna,

2042 3318 96 20 Ghiunsi
2147 3318 42 20 che
2195 3319 64 19 tarde
2267 3320 21 19 la
2303 3325 58 18 sera,

2041 3347 86 25 Cappiò
2140 3348 67 20 lestru
2217 3349 21 20 la
2253 3349 116 25 bugiacca,

2041 3378 19 20 E
2065 3379 74 20 accesi
2146 3379 21 20 la
2179 3379 22 20 lu
2203 3386 48 13 mer
2251 3386 21 16 a,

2040 3411 78 24 Sentu,
2126 3411 63 23 dissi,
2198 3418 31 13 un
2238 3411 81 23 belatu,

2040 3442 42 20 Chi
2095 3442 173 24 criampulacciu
2276 3443 14 18 è
2299 3446 53 16 natu
2367 3443 23 20 ?-

2039 3507 93 24 Appena
2147 3507 81 20 ch’ellu
2234 3508 31 19 mi
2275 3507 59 24 visti,

2040 3537 25 20 Li
2078 3538 84 24 scappé
2171 3538 62 24 guasi
2245 3545 16 13 u
2270 3539 77 24 piegtu

2039 3568 131 20 Vultendusi
2184 3575 66 13 versu
2265 3573 107 20 mammà,

2039 3598 77 20 Gridé:
2123 3606 12 11 «
2141 3599 29 20 oh
2176 3599 22 20 lu
2209 3600 79 20 nosciu
2302 3601 84 20 slentu!

2039 3628 81 25 Quistu
2130 3636 13 13 e
2149 3630 65 25 colpu
2224 3631 22 19 di
2252 3631 100 25 jastima,

2039 3659 35 20 Un
2082 3661 51 19 sarà
2147 3668 80 13 maricu
2240 3663 29 18 da
2277 3663 57 19 rima
2344 3663 17 19 !-

2263 3711 95 19 Simona
2367 3711 95 20 d’Auliè.

2034 3752 26 23 (1)
2071 3752 56 19 Come
2135 3758 27 13 tm
2175 3753 87 23 figatellu
