2600 3963
104 117 78 22 AnilU
206 117 47 16 vu
266 117 63 14 —i'
424 117 15 14 u
455 117 50 22 209

100 121 32 24 M
443 158 14 10 .
490 162 6 6 .
1068 129 84 26 Esce
1166 134 73 28 °ém
1252 131 83 26 dece
1348 134 82 26 iorni
2255 143 116 25 Uttobre
2389 146 63 22 raof,

508 220 1985 281 AMUVRA

827 519 244 39 GIURNALE
1108 527 45 33 DI
1191 529 25 33 E
1255 528 136 36 PIEVE
1420 533 44 32 DI
1493 534 215 34 CORSICA

329 619 212 21 ABBUNÂMENTI
550 627 7 13 :

97 650 25 17 In
130 644 105 20 Corsiea.
259 653 214 9 ........
498 657 5 5 .
528 656 94 8 ....
647 646 32 19 12
703 648 97 18 franchi

94 681 28 17 In
127 674 113 23 .Francia.
256 685 6 5 .
286 684 6 5 .
316 685 36 6 ...
376 685 64 7 ...
465 687 156 8 ......
645 673 43 23 15'

100 711 15 17 A
139 706 104 18 l’Esteru
461 718 5 6 .
491 717 7 7 .
522 719 6 6 .
534 712 5 20 ;
581 720 6 6 .
611 722 6 4 .
643 708 33 19 30
744 718 14 9 »•

319 735 16 17 U
350 735 101 19 IMumaru
457 741 6 14 :
470 737 18 18 5
500 738 60 18 soldi

1054 683 137 29 Direttore
1209 695 6 17 :
1241 688 92 25 Petru
1347 688 138 27 ROCCA

156 835 148 37 Comment
319 832 40 38 M.
376 833 119 39 Mariier
509 836 57 45 fait
581 836 36 37 de
634 836 114 40 l’Union
764 839 101 37 Latine

796 888 22 18 [texte
822 888 33 18 manquant]

96 954 82 31 Une
196 952 270 29 monstrueuse
486 951 260 31 machination
763 952 182 37 policière

62 1007 41 23 [texte
110 1007 62 23 manquant]

44 1063 65 57 La
126 1053 172 61 mérité
324 1068 98 42 sur
445 1052 57 57 la
523 1047 477 66 ^Manifestation”

157 1142 405 62 antMtâlienne
589 1143 65 56 de
680 1143 190 57 Bastia

63 1295 76 27 Nous
158 1299 73 19 nous
247 1296 171 20 excuserons
436 1287 50 27 d’a-

35 1334 61 29 bord
103 1331 111 28 d’écrire
221 1333 44 24 cet
273 1329 98 27 article
377 1336 37 18 en
420 1327 64 27 fran

35 1375 57 32 çais,
104 1371 72 28 mais
191 1377 109 19 comme
309 1392 4 3 .
318 1376 74 19 nous
403 1367 83 27 l’écri-

33 1421 63 21 vons
106 1411 191 35 uniquement
303 1417 19 27 p
325 1416 51 18 our
379 1407 46 26 les
434 1407 32 26 lu
468 1415 18 18 s-

32 1459 88 23 tucrus
130 1451 52 36 qui
203 1459 37 18 ne
263 1451 101 25 savent
378 1448 67 35 plus
465 1454 21 18 si

33 1492 146 38 gargariser
186 1491 85 35 qu’en
278 1488 85 30 sabir,
373 1495 38 18 on
420 1494 64 19 com

32 1532 112 37 prendra
164 1538 58 27 que
234 1536 80 22 nous,
327 1526 159 28 délaission:

33 1580 63 29 pour
103 1579 58 18 une
167 1570 54 26 fois
230 1571 80 24 notre
316 1567 76 26 riche
401 1568 27 23 et
435 1565 50 34 pré

33 1612 76 26 cieux
122 1610 129 27 dialecte.

61 1651 36 25 La
108 1647 216 36 manifestation
336 1645 39 25 du
394 1651 28 26 19
431 1650 51 27 sep

33 1689 98 29 tembre
148 1688 46 25 n’a
206 1686 43 26 été
259 1692 111 19 connue
386 1683 39 26 du
441 1690 45 27 pu

35 1729 50 28 blic
94 1730 28 23 et
130 1727 33 26 de
175 1726 28 25 la
211 1724 106 36 grande
326 1730 94 28 presse
439 1730 47 27 qu<

34 1777 42 27 par
81 1775 38 18 un
124 1763 216 36 compte-rendu
345 1763 84 25 d’une
435 1761 48 26 fan

34 1807 70 28 taisie
121 1804 171 27 débordante
307 1802 99 35 publié
423 1801 63 26 dan:

36 1846 196 28 VObservateur
241 1842 39 27 du
293 1841 174 27 lendemain.

62 1886 33 26 Le
106 1884 71 27 n°de
188 1890 32 19 ce
225 1881 114 36 journal
351 1888 57 27 que
420 1888 66 18 nou:

34 1923 168 38 qualifierons
206 1919 280 37 àespécialoïfc&ïtàè

33 1965 24 35 jà
63 1973 32 18 en
106 1962 133 37 première
251 1969 72 27 page
333 1968 41 18 un
386 1962 100 32 grotes-

35 2012 45 27 que
91 2002 94 27 article
197 2001 68 27 d’un
280 2003 101 23 auteur
390 1998 50 35 qui
455 1999 31 26 rie

37 2051 61 18 nous
107 2045 41 23 est
158 2048 50 28 pas
220 2040 127 26 inconnu
359 2038 117 26 intitulé
483 2046 3 16 :

35 2083 39 25 En
87 2081 94 27 Italie.
203 2080 144 26 Attentat
360 2078 126 26 simulé,

34 2121 129 27 Bombes
171 2118 233 28 Policières.La
415 2117 71 26 Far*

35 2168 33 19 ce
80 2164 47 23 est
142 2163 181 28 grotesque.
337 2158 26 26 A
378 2157 29 26 la
423 2156 63 27 troi-

34 2201 73 25 sième
117 2207 72 28 page
198 2207 66 18 sous
282 2198 29 26 le
333 2197 63 26 titre
410 2205 76 26 pom-

31 2247 64 26 peux
99 2239 33 26 de
144 2238 106 28 «Notre
262 2237 98 27 cable»
369 2245 37 17 on
416 2244 70 27 pou-

31 2279 47 26 vait
88 2279 48 26 lire
144 2280 26 25 le
182 2278 116 27 fameux
303 2277 183 34 télégramme

31 2322 167 29 provocateur
208 2319 164 28 annonçant
381 2323 55 28 que
444 2316 42 25 les

31 2356 148 28 Livournais
199 2357 113 27 avaient
339 2355 95 35 obligé
457 2355 28 26 le

31 2398 183 26 commandant
241 2397 39 26 du
310 2396 132 26 Liamone
466 2396 18 24 à

31 2435 88 28 baisser
127 2437 27 26 le
163 2437 127 35 pavillon
298 2434 128 32 français,
432 2437 29 23 et
465 2435 18 25 à

31 2473 74 28 hisser
111 2476 27 26 le
147 2476 121 35 drapeau
278 2475 100 26 italien
385 2482 48 25 ;.ce
441 2474 41 26 té=

30 2512 134 35 légramme
174 2524 65 18 sans
249 2522 177 29 provenance
434 2521 47 19 au-

29 2552 41 27 rait
77 2553 35 27 dû
124 2556 189 32 émouvoir,ce
324 2562 73 18 nous
407 2561 74 19 sem-

29 2590 43 32 ble,
79 2593 140 28 Monsieur
230 2595 27 26 le
275 2595 153 26 Procureur
444 2594 35 26 de

29 2629 21 27 la
63 2631 170 38 République
249 2643 47 18 car
305 2634 21 27 il
339 2634 140 27 constitue

29 2675 43 21 une
79 2673 146 27 excitation
232 2675 35 25 de
279 2673 139 36 l’opinion
426 2682 51 26 pu»

29 2707 79 37 blique
115 2716 93 24 contre
221 2722 57 18 une
284 2713 99 27 nation
391 2713 84 32 amie,

29 2749 131 29 excitation
172 2756 127 31 pouvant
313 2761 113 18 amener
435 2753 41 26 les

29 2786 70 29 suites
120 2791 40 26 les
180 2793 65 34 plus
265 2800 109 27 graves.
393 2791 83 27 Nous

29 2823 110 32 donnons
146 2839 46 18 ces
198 2840 102 18 menus
309 2832 101 26 détails
418 2830 58 28 afin

29 2862 26 26 de
63 2865 59 29 faire
135 2871 73 26 tenir
221 2880 37 18 au
276 2872 107 26 lecteur
400 2872 27 25 le
443 2870 31 27 fil

28 2901 110 33 d’Ariane
162 2911 50 34 qui
244 2911 44 26 lui
314 2910 57 27 fera
394 2911 81 26 saisir

29 2946 35 21 sur
70 2944 24 27 le
103 2947 47 33 vif,
164 2950 29 26 la
200 2950 193 27 machination
404 2950 72 35 poli-

29 2979 55 30 dère
99 2993 52 27 que
170 2991 44 24 lut
225 2993 72 23 cette
312 2989 162 27 manifesta-

28 3019 52 28 b°n.
98 3025 76 28 Nous
187 3036 137 20 accusons
344 3038 36 18 en
397 3029 74 32 efiet,

27 3060 185 53 jormellement
235 3068 148 27 Monsieur
399 3068 74 27 Mar-

34 3103 38 28 3er>
84 3101 84 31 Préfet
180 3106 35 27 de
228 3108 27 26 la
267 3107 96 32 Corse,
373 3116 97 18 connu

26 3137 19 22 el
58 3141 171 38 archiconnu,
250 3146 68 27 urbi
350 3148 29 25 et
396 3147 73 32 orbi,

26 3178 54 27 P°ur
93 3180 25 27 la
135 3186 197 26 retentissante
342 3185 126 33 histoire,

85 3227 95 22 encore
198 3225 145 31 terminée,
356 3225 36 26 de
407 3225 63 25 l'as-

24 3254 99 56 sassinat
136 3262 37 26 du
189 3262 46 28 fils
250 3263 36 27 de
302 3263 75 27 Léon
392 3263 78 27 Dau-

0 3299 3 37 |
75 3296 102 32 d’avoir
186 3304 96 26 monté
292 3306 71 23 cette
375 3302 95 27 affaire

23 3332 35 23 Sür
64 3332 37 29 les
112 3342 120 26 conseils
240 3343 39 25 du
290 3342 111 26 forcené
421 3342 50 25 ita-

29 3369 94 33 °phobe
130 3377 89 36 Moro,
227 3381 50 32 dit,
285 3382 35 26 de
328 3389 49 28 par
384 3388 31 19 sa
423 3389 46 18 va-

74 3419 213 33 grassouillette,
298 3421 35 26 de
341 3420 81 27 Moro
434 3420 35 26 de

21 3447 119 55 ^rafferri.
163 3457 92 34 (Nous
284 3459 184 27 reviendrons

38 3486 104 33 ailleurs
149 3503 48 19 sur
203 3497 28 26 la
235 3498 175 35 dangereuse
414 3506 54 18 ma-

19 3526 35 19 'le
71 3527 33 27 de
129 3541 31 18 ce
191 3537 108 27 célèbre
325 3538 143 31 représèn-

20 3555 44 66 ^
73 3566 33 27 d*
116 3570 28 27 la
156 3573 108 35 Corse.J

19 3637 17 19 in
61 3609 46 38 °^r
121 3609 29 26 ^a
197 3617 30 23 sd
246 3623 50 18 sur
311 3615 69 35 pied
390 3615 35 26 de
436 3615 29 26 la

32 3643 382 52 ^festation.nonstenons
422 3654 42 26 les
475 3642 7 38 I

17 3707 24 29 de
52 3680 46 54 7’^S
179 3693 29 26 ^a
228 3694 113 27 touche
371 3696 93 25 même

16 3743 27 30 Lo
67 3728 194 41 °f^an^sa^eur
274 3733 44 27 M.
335 3734 129 27 Fernand

43 3759 25 22 331
86 3763 64 35 ardi,
166 3770 50 33 qui
227 3771 42 26 les
282 3772 93 27 confia
383 3775 16 24 à
421 3781 42 18 un

522 1287 35 26 de
571 1294 53 19 nos
631 1288 72 26 amis
714 1296 49 17 sur
772 1288 43 25 les
820 1288 103 26 molles
931 1288 66 26 ban-

522 1329 111 32 quettes
657 1327 39 26 du
720 1327 58 26 café
800 1327 155 35 Gasparini
979 1329 17 25 à

522 1365 105 27 Bastia.
645 1365 47 28 Ses
716 1366 188 36 qualités,.,(si
921 1375 74 19 nous

523 1413 84 18 osons
615 1413 73 19 nous
698 1405 141 36 exprimer
847 1406 73 27 ainsi
927 1407 69 35 !),de

523 1443 93 29 fîls'dè
633 1447 117 34 renégat
768 1446 109 33 italien,
896 1446 98 27 d’écri-

526 1483 103 29 vassier
648 1488 218 33 passe-partout,
880 1486 116 37 capable

524 1524 35 25 de
572 1524 106 27 noircir
693 1524 42 28 du
753 1526 184 35 papier..avec
954 1534 42 18 un

524 1563 62 34 égal
592 1571 124 28 manque
722 1565 34 26 de
764 1566 232 34 scrupules,pour

523 1602 27 26 le
560 1602 65 27 bien
636 1603 34 27 de
678 1603 122 36 Jacques
812 1613 38 18 ou
859 1606 27 25 le
895 1605 57 26 mal
961 1605 34 26 de

524 1641 81 31 Paul,
631 1646 28 22 et
678 1644 35 25 de
734 1643 154 36 famélique
907 1644 88 35 jeune

523 1680 115 28 homme
672 1684 220 33 poursuivant
926 1691 68 20 ayec

523 1720 209 34 acharnement,
746 1730 48 19 sur
805 1724 27 25 le
842 1723 73 26 seuil
924 1723 36 26 de
967 1723 27 26 là

523 1761 147 29 trentaine,
683 1762 27 26 le
722 1764 119 25 croûton
852 1765 142 24 sustenta-

522 1803 70 29 te.ur,
599 1801 27 26 le
638 1801 180 36 désignèrent
831 1805 73 25 tout.
911 1806 83 23 natu-

523 1840 148 27 rellement
692 1849 59 18 aux
770 1841 222 27 fonctionnaires

521 1879 131 35 policiers
661 1883 29 23 et
701 1888 58 19 aux
770 1881 50 26 bas
829 1881 162 34 politiciens

521 1919 51 34 qui
605 1921 153 25 tramèrent
783 1923 73 23 cette
884 1920 105 33 affaire,

520 1967 72 26 pour
598 1959 83 34 jouer
690 1960 28 26 le
727 1960 60 26 rôle
799 1968 37 18 en
853 1968 138 27 apparen-

520 2006 31 18 ce
562 2001 60 32 trop
636 1999 83 26 lourd
729 2007 71 26 pour
811 2007 45 18 ses
863 2000 124 35 épaules,

519 2037 174 35 d’agitateur.

551 2096 24 27 Il
587 2105 37 18 ne
642 2097 43 27 fut
703 2098 73 26 donc
799 2106 51 27 pas
871 2097 117 27 difficile

516 2144 58 18 aux
585 2136 119 27 officiels
714 2140 155 24 tentateurs
877 2137 35 26 de
920 2137 68 27 faire

516 2176 125 27 miroiter
652 2185 57 18 aux
722 2185 79 26 yeux
820 2177 111 27 éblouis
948 2177 38 26 du

516 2215 127 27 Maurice
658 2217 126 26 Rostand
799 2216 116 27 bastiais
929 2225 57 18 une

514 2256 129 35 plaplace
662 2256 35 26 de
719 2256 86 27 choix
820 2265 36 18 en
874 2260 112 32 rapport
996 2254 3 42 j

513 2303 68 18 avec
601 2303 30 18 sa
649 2295 164 27 distinction
831 2295 152 36 physique.

513 2335 75 26 Pour
595 2335 43 26 les
647 2343 168 27 comparses,
828 2344 41 18 un
879 2344 55 27 peu
950 2336 35 25 de

511 2375 142 34 provende
671 2377 134 33 aspergée
823 2376 18 25 à
852 2375 90 27 droite
957 2380 27 21 et

510 2415 17 25 à
536 2414 111 34 gauche
654 2422 72 27 pour
744 2415 41 26 les
798 2422 102 19 menus
916 2414 67 28 frais

509 2454 145 34 généraux
670 2458 27 22 et
708 2454 51 26 des
768 2462 157 27 promesses
933 2455 49 26 ba-

508 2492 185 35 byloniennes
705 2493 51 35 qui
769 2501 30 18 se
817 2494 166 26 réaliseront

508 2533 23 26 à.
537 2532 111 36 Pâques
666 2535 38 24 où
728 2534 17 25 à
756 2533 28 26 la
807 2533 116 27 Trinité*

540 2592 110 32 Adonc,
662 2592 76 27 voici
751 2596 79 23 notre
842 2593 82 27 héros
944 2601 32 18 en

506 2639 168 27 campagne:
686 2632 35 26 de
730 2632 115 27 buvette
853 2633 123 34 entripol

505 2671 28 26 le
539 2670 75 27 voici
621 2674 111 23 semant
740 2672 27 25 la
772 2672 97 34 parole
878 2671 35 26 de
920 2671 56 27 hai-

504 2718 37 18 ne
553 2714 27 22 et
601 2711 148 26 ânonnant
768 2711 40 26 les
826 2711 68 26 faux
909 2712 67 26 télé-

504 2758 144 26 grammes
654 2750 111 35 rédigés
770 2759 50 26 par
833 2759 58 18 une
899 2752 77 26 main

504 2789 77 26 aussi
593 2793 113 32 experte
717 2789 191 36 qu’officielle.

538 2828 57 27 Son
607 2828 80 27 effort
695 2833 80 31 porta
787 2830 189 35 uniquement

503 2876 50 18 sur
562 2869 27 25 la
598 2869 81 26 basse
687 2870 86 33 pègre
781 2870 138 26 italienne
925 2871 51 34 qui

503 2908 186 34 empoisonne
696 2908 202 27 littéralement
911 2909 65 27 Bas-

502 2946 49 27 tia.
571 2947 179 32 ..Fuorusciti,
769 2956 122 27 presque
910 2952 65 23 tous

502 2986 173 26 condamnés
688 2986 35 26 de
734 2987 74 26 droit
827 2996 145 18 commun.

501 3025 38 26 Le
548 3026 172 32 lendemain,
738 3034 36 18 au
786 3027 188 27 rendez-vous

500 3064 57 26 fixé
570 3066 16 24 à
609 3065 29 26 la:
656 3065 72 26 salle
743 3065 34 27 de
790 3066 183 27 l’Assistance

499 3104 201 35 publique,25o
708 3105 36 26 de
756 3113 45 19 ces
810 3106 162 36 chenapans

499 3144 106 25 étaient
617 3145 137 33 présents,
766 3144 72 26 mais
854 3145 41 26 les
910 3147 63 25 lau-

498 3181 69 26 riers
578 3182 40 26 du
631 3183 36 25 Le
676 3182 143 28 Flaoutter
826 3192 36 18 en
871 3185 101 26 minia-

497 3223 63 23 ture
581 3221 133 27 devaient
738 3223 57 26 être
814 3222 117 28 fauchés
955 3226 16 25 à

497 3268 33 18 ce
547 3264 127 23 moment
700 3269 47 18 car
762 3262 49 26 des
836 3264 135 34 compéti-

498 3301 76 24 teurs
588 3307 38 18 au
645 3300 142 34 capitanat
807 3302 163 27 manifestè-

498 3341 62 22 rent
572 3338 119 26 aussitôt
702 3339 164 27 l’intention
875 3341 34 26 de
921 3341 48 27 fai-

497 3385 30 17 re
544 3376 69 27 élire
631 3385 41 18 un
684 3378 104 26 comité
799 3387 6 19 :
819 3379 50 27 des
888 3388 80 19 men-

497 3419 65 23 tons
574 3416 82 26 bleus
668 3417 35 26 de
719 3418 28 25 la
763 3418 151 36 politique,
928 3420 39 26 du

493 3454 189 34 journalisme
705 3459 28 23 et
754 3459 93 24 même
866 3459 39 26 du
922 3468 46 17 vo-

496 3494 62 25 lant
584 3496 134 33 posèrent
750 3497 120 27 aussitôt
904 3499 63 25 leur

495 3533 193 33 candidature,
708 3537 160 33 répétèrent
897 3538 18 25 à
937 3538 30 26 la

493 3572 80 26 foule
586 3573 44 26 les
653 3575 108 25 mêmes
792 3583 173 28 mensonges

493 3611 189 27 incendiaires
696 3615 30 23 et
743 3613 29 26 le
788 3616 111 33 cortège
916 3615 50 26 des

493 3658 49 26 250
548 3651 83 34 rénég
635 3653 45 23 ats.
684 3651 189 34 d’outré-mer,
874 3653 92 34 grossi

492 3689 85 26 d’une
588 3689 204 35 cinquantaine
798 3691 164 33 debastiais,

492 3727 90 35 parmi
593 3728 128 34 lesquels
733 3738 37 17 au
777 3730 96 26 moins
889 3733 76 23 tren-

492 3769 27 23 te
540 3767 158 34 pêcheurs:-
707 3768 184 34 napolitains,
906 3769 59 34 prit
973 3768 3 38 j

1027 822 167 28 bravement
1205 825 28 25 le
1242 826 114 26 chemin
1380 827 37 25 du
1430 836 66 18 con-

1028 862 76 25 sulat
1128 862 110 33 italien,
1254 865 173 34 garnis.onné
1448 875 48 25 par

1027 908 42 17 un
1075 900 176 28 vice-consul
1272 907 28 23 et
1311 912 41 18 un
1369 906 127 25 secrétai-

1026 946 40 18 re.
1079 938 39 27 La
1128 939 79 27 foule
1216 941 49 26 des
1282 942 126 27 badauds
1419 946 77 23 natu-

1027 977 150 27 rellement
1189 980 107 27 coulait
1313 990 36 17 au
1368 982 68 34 long
1448 982 48 26 des

1028 1017 123 26 trottoirs
1163 1021 27 22 et
1202 1019 119 26 donnait
1338 1028 56 18 aux
1405 1021 91 34 profa-

1028 1063 50 18 nes
1092 1056 188 35 l’impression
1296 1059 85 26 d’une
1396 1059 100 35 impor-

1027 1096 77 24 tante
1116 1095 222 28 manifestation.

1061 1158 23 26 Il
1107 1159 64 25 n’en
1192 1160 68 26 était
1281 1162 61 25 rien
1363 1165 130 31 pourtant

1025 1204 55 24 car,
1114 1198 17 25 à
1150 1198 123 27 hauteur
1295 1200 38 25 du
1355 1202 136 32 consulat,

1024 1236 63 25 seul
1100 1244 40 18 un
1157 1244 108 29 groupe
1278 1239 34 25 de
1338 1248 46 17 200
1414 1240 78 26 hom-

1023 1282 60 18 mes
1091 1283 49 18 osa
1147 1283 30 18 se
1188 1280 93 31 porter
1291 1285 36 18 en
1337 1282 94 23 avant.

1031 1341 3 22 ;
1056 1330 39 26 La
1111 1332 212 28 manifestation
1346 1335 44 27 fut
1405 1340 87 24 nette-

1021 1372 81 23 ment
1124 1371 223 32 anti-italienne..
1364 1375 53 27 Les
1439 1378 52 26 cris

1020 1408 36 26 de
1074 1409 126 28 Abbasso
1218 1412 112 34 Savoia,
1342 1415 97 28 Morte
1462 1419 29 25 al

1019 1448 88 34 Duce,
1137 1451 29 25 A
1185 1451 48 26 bas
1248 1451 117 36 VItalie,
1397 1456 94 27 furent

1022 1490 117 33 poussés
1148 1499 68 19 avec
1223 1500 57 18 une
1288 1492 115 29 férocité
1426 1504 63 19 sans

1005 1523 7 34 !
1021 1531 118 35 pareille
1166 1539 52 29 pâr
1241 1534 48 26 des
1319 1537 107 34 gosiers
1456 1538 33 26 de

1022 1571 168 28 nationalité
1209 1574 132 28 mâtinée.
1355 1576 50 27 Les
1424 1585 65 19 cou-

1022 1609 76 27 leurs
1109 1611 150 29 italiennes
1266 1613 95 29 furent
1373 1616 115 28 criblées

1021 1649 36 26 de
1068 1650 103 34 pierres
1180 1653 94 26 tandis
1283 1662 56 27 que
1351 1657 137 35 quelques

1003 1684 8 51 j
1020 1688 88 28 forces
1118 1691 35 26 de
1162 1693 91 34 police
1262 1694 129 34 jouaient
1403 1697 28 26 la
1443 1706 45 17 co-

1020 1729 94 27 médie
1135 1731 39 26 du
1195 1733 106 27 service
1321 1735 118 27 d’ordre.
1463 1736 23 27 Il

1003 1761 6 54 J
1020 1769 84 26 serait
1121 1770 103 28 inutile
1236 1772 34 27 de
1279 1782 73 19 nous
1375 1776 112 27 étendre

1019 1807 187 36 longuement
1220 1820 48 19 sur
1283 1814 41 26 les
1349 1814 137 29 incidents

1018 1847 50 26 des
1095 1850 82 34 quais
1196 1853 37 24 où
1254 1854 139 35 quelques
1416 1856 70 26 mal-

1018 1886 128 29 heureux
1175 1890 34 27 de
1234 1900 45 18 ces
1307 1894 178 35 navigateurs

1017 1927 50 34 qui
1075 1934 169 28 parcourent
1255 1932 41 26 les
1309 1941 73 19 mers
1395 1942 48 19 sur
1451 1935 34 27 de

1018 1966 210 36 lilliputiennes
1255 1971 174 29 balancelles
1459 1978 25 23 et

1016 2006 50 34 qui
1096 2006 173 30 fournissent
1284 2020 33 21 a,
1337 2012 93 28 Bastia
1458 2015 26 25 le

1003 2041 2 39 j
1014 2052 66 27 gros
1098 2046 35 26 de
1144 2055 53 18 son
1217 2057 157 21 commerce
1393 2052 91 27 furent

1015 2083 161 30 lâchement
1188 2087 173 36 interpellés.

1048 2149 80 28 Nous
1141 2153 144 28 n’aurions
1302 2156 80 34 point
1396 2158 84 34 parlé,

1013 2190 94 26 même
1122 2192 16 24 à
1150 2192 64 26 titre
1226 2193 210 31 documentaire
1448 2198 33 26 de

1012 2236 47 19 ces
1072 2229 142 29 incidents
1230 2233 34 32 si,
1286 2234 71 28 dans
1380 2237 99 35 l’appel

1011 2268 40 25 du
1069 2268 111 28 Comité
1199 2273 153 33 provisoire
1364 2275 116 35 (inexis-

1011 2309 71 33 tant)
1094 2309 96 35 rédigé
1209 2320 49 25 par
1274 2313 26 26 le
1314 2314 76 28 sieur
1399 2315 80 28 Lom-

1010 2346 80 28 bardi
1098 2352 28 22 et
1132 2349 82 35 signé
1222 2359 51 26 par
1279 2352 25 26 il
1309 2354 102 35 signor
1420 2356 59 26 Pie-

1010 2389 42 23 tro
1065 2387 98 34 Sbolîi,
1180 2398 73 19 nous
1263 2400 36 17 ne
1309 2401 72 19 nous
1390 2395 88 27 étions

1009 2426 89 27 sentis
1112 2431 158 25 nettement
1286 2432 85 27 visés.
1386 2434 36 26 Le
1432 2435 46 26 ha-

1009 2466 64 25 sard
1088 2468 102 26 voulut
1208 2477 56 27 que
1279 2471 28 26 le
1325 2472 153 28 châtiment

1008 2505 89 26 suivit
1104 2506 34 26 de
1144 2509 64 32 près
1216 2516 46 19 car
1270 2513 79 25 notre
1358 2513 120 27 collabo-

1007 2548 93 23 rateur
1110 2545 127 29 Serafinu
1250 2549 101 34 Rocca,
1361 2560 116 19 rencon-

1007 2586 75 24 trant
1098 2585 194 29 fortuitement
1311 2590 166 36 /’organisa-

1008 2624 63 25 teur
1078 2624 35 25 de
1125 2625 28 26 la
1165 2624 128 30 fameuse
1296 2628 130 35 journée,
1435 2632 40 26 lui

1006 2662 141 28 demanda
1166 2665 50 26 des
1240 2667 188 35 explications
1440 2679 34 18 au

1005 2702 74 34 sujet
1091 2702 34 26 de
1140 2704 27 25 la
1180 2709 224 34 matamoresque
1421 2718 55 18 me-

1004 2749 71 18 nace
1085 2749 55 27 que
1150 2746 167 33 comportait
1327 2755 52 19 son
1388 2750 87 25 mani-

1003 2779 70 27 feste
1099 2784 28 23 et
1145 2790 72 26 pour
1240 2786 110 33 quelles
1368 2788 106 27 raisons

1003 2820 73 26 alors
1086 2828 15 26 q
1107 2820 49 26 u’il
1163 2823 69 26 était
1240 2824 35 26 de
1282 2826 137 26 notoriété
1425 2836 49 26 pu-

1003 2858 98 35 blique
1121 2868 56 26 que
1202 2869 51 19 son
1272 2862 69 28 frère
1358 2868 115 25 terrassé

1003 2906 48 26 par
1059 2906 57 18 une
1121 2907 86 26 grave
1217 2900 133 34 maladie',
1361 2906 68 25 était
1436 2915 35 17 au

1003 2937 34 26 lit
1053 2938 101 35 depuis
1172 2947 32 27 50
1211 2940 89 34 jours,
1317 2943 41 26 lui
1381 2947 26 23 et
1423 2945 47 26 des

1003 2984 156 27 comparses
1170 2979 36 26 de
1218 2988 31 18 sa
1253 2982 100 25 valeur
1359 2983 111 27 avaient

1003 3023 47 19 cru
1060 3016 57 26 bon
1127 3017 36 26 de
1176 3025 30 18 se
1220 3019 87 27 livrer
1318 3022 16 24 à
1347 3021 49 27 des
1406 3026 64 23 atta-

1003 3062 68 27 ques
1093 3056 76 26 aussi
1191 3057 203 36 inopportunes
1415 3070 53 27 que

1003 3096 194 26 commandées
1232 3105 68 20 avec
1341 3100 127 27 insistan-

1003 3141 28 18 ce
1053 3143 51 26 par
1123 3135 27 25 le
1168 3134 95 28 Palais
1279 3137 130 37 Lantivy.
1433 3140 35 27 Le

1003 3172 71 27 sieur
1085 3173 149 27 Lombardi
1246 3180 86 30 ayant
1345 3186 35 18 eu
1394 3179 73 27 alors

1003 3221 35 18 .m
1053 3221 92 26 vague
1163 3216 79 31 geste
1257 3215 34 26 de
1308 3224 124 27 menace,
1445 3219 20 26 il

1003 3260 24 18 >e
1038 3252 42 26 vit
1091 3260 115 19 secouer
1213 3252 211 37 d’importance.
1435 3257 31 27 Et

1007 3292 10 25 1
1046 3291 44 27 fut
1108 3292 141 26 contraint
1266 3294 132 28 d’avouer
1419 3297 47 26 de-

1003 3334 61 23 vant
1077 3331 28 26 la
1117 3331 85 33 foule,
1221 3334 56 25 très
1294 3336 170 26 nombreuse

1003 3377 7 17 t
1024 3377 31 18 ce
1076 3372 177 32 moment-là,
1275 3374 80 33 'qu’il
1371 3382 19 19 n
1398 3375 67 26 était

1003 3409 81 34 {u’un
1098 3411 125 34 rénégat.

1029 3467 40 26 En
1081 3469 97 25 réalité
1197 3477 73 18 nous
1281 3477 36 18 ne
1333 3479 129 26 pouvons

1003 3507 109 26 jrendre
1129 3515 56 27 que
1197 3516 72 26 pour
1280 3507 35 26 de
1327 3509 28 26 la
1367 3519 46 20 c...
1427 3520 35 18 en

1003 3546 75 25 )âton
1093 3546 27 25 le
1135 3555 118 26 passage
1271 3548 38 24 où
1320 3548 27 25 le
1363 3551 101 25 comité

1003 3585 148 25 Provisoire
1161 3589 69 22 veut
1241 3593 73 18 nous
1332 3587 130 36 désigner

1003 3622 60 26 lans
1075 3631 51 18 son
1139 3624 83 34 appel
1238 3623 135 35 puisqu’il
1391 3628 70 26 n’est

1003 3669 38 18 >as
1050 3665 133 23 coutume
1190 3663 100 26 d’aller
1299 3671 36 18 au
1343 3664 119 28 Klondi-

1003 3707 24 18 :e
1038 3708 72 26 pour
1124 3701 162 26 manifester
1302 3707 95 22 contre
1412 3705 48 26 des

1003 3745 57 26 ;ens
1072 3738 49 35 qui
1133 3739 130 26 habitent
1274 3739 27 26 le
1315 3739 111 29 Sahara.

1023 3771 56 27 Ces
1086 3772 297 28 messieurssaventoù
1389 3783 71 18 nous

1947 656 39 18 AIV:
1991 657 32 18 nu
2027 657 165 19 WISTRAZIOM
2197 649 33 28 Êf

1823 692 39 22 38,
1889 694 58 18 Cors
1949 700 15 12 u
1996 697 82 17 Grand
2080 699 40 16 val
2135 698 39 17 38.
2189 708 22 4 —
2236 700 122 18 AIACCIü

1779 747 72 19 Contu
1869 751 104 18 currente
1987 755 28 14 eu
2033 756 14 14 a
2068 755 66 19 posta
2154 763 21 4 —
2193 754 121 25 Marseglia
2331 757 64 22 45.S2

1607 854 247 52 Lettare
1901 876 39 32 a
1980 861 421 65 Lumbrlgone

1558 975 19 31 È
1590 985 142 32 stampatu
1743 994 18 16 u
1772 986 75 27 libru
1860 988 28 25 di
1908 996 15 18 e
1932 989 61 26 Let-

1524 1020 62 25 tare
1596 1029 18 17 a
1626 1021 189 37 Lumbmgone
1825 1026 28 25 di
1864 1035 18 17 u
1894 1031 97 23 nostru

1522 1062 85 29 pueta
1620 1059 159 35 Maistrale;
1799 1073 37 17 ne
1851 1069 73 23 sorte
1940 1075 52 18 no-

1521 1104 39 18 vu
1574 1097 135 28 framante
1722 1101 29 26 di
1764 1110 14 17 e
1791 1102 115 28 furnace
1920 1105 28 26 di

1520 1134 118 34 Muvra-\
1652 1147 39 17 un
1704 1139 75 27 libru
1790 1142 28 25 di
1830 1151 48 17 220
1888 1145 103 33 pagine

1521 1173 148 35 impastate
1682 1177 29 26 di
1729 1180 65 25 roba
1807 1189 87 18 corsa.

1554 1212 120 29 lutta'a
1696 1216 114 28 Corsiea
1828 1228 122 19 cunosce
1972 1231 18 17 u

1519 1252 110 26 talentu
1637 1254 29 25 di
1676 1254 145 30 Maistrale
1837 1267 60 18 «un
1905 1268 85 18 suna-

1519 1290 51 25 dor
1584 1291 28 26 di
1626 1292 151 36 rivergule,
1798 1297 30 26 di
1846 1299 144 26 manduli-

1517 1337 38 18 na
1567 1338 15 17 e
1594 1331 30 25 di
1633 1332 219 35 cialamella,chi
1860 1338 61 25 alza
1932 1341 58 23 tea-

1517 1369 37 26 tri
1573 1371 72 26 corsi
1666 1371 159 29 d’und’ellù
1853 1384 92 26 passa,
1974 1386 15 17 e

1517 1412 83 23 canta
1613 1419 19 17 e.
1640 1419 70 20 sona
1727 1421 37 26 pa
1780 1423 16 16 a
1815 1414 94 28 Patria
1929 1425 60 18 cor-

1517 1455 68 19 sa.»

1551 1487 75 29 State
1632 1498 18 17 a
1658 1494 83 23 sente
1746 1500 16 17 a
1769 1493 160 34 prefazione
1936 1496 52 26 fat-

1515 1529 30 24 ta
1555 1527 37 28 da
1605 1527 59 28 ellu
1676 1533 93 24 stessu
1780 1540 7 17 :
1800 1533 52 26 «in
1864 1537 88 30 cortu,
1967 1544 19 18 u

1515 1575 47 18 me
1584 1567 86 34 libru,
1688 1569 59 27 fate
1765 1575 86 23 contu
1871 1573 29 27 di
1914 1575 72 26 yede

1515 1614 59 19 una
1590 1609 129 34 cappella
1737 1610 76 27 duva
1825 1613 24 25 si
1868 1616 90 31 canta,
1969 1623 17 17 a

1513 1646 188 35 vocerivolta,
1708 1649 69 27 Pusi
1784 1651 138 34 antichiyâ
1931 1654 55 26 lin-

1514 1693 58 27 gua
1584 1687 29 27 di
1625 1687 150 35 a-Libertà,
1792 1699 16 17 a
1820 1691 95 27 Patria
1927 1701 58 18 cor-

1513 1733 42 19 sa;
1567 1726 27 27 A
1604 1727 87 28 ch’un
1702 1730 66 26 vole
1775 1734 80 23 sente
1867 1735 41 23 ste
1917 1741 67 18 can-

1513 1773 80 25 zone,
1612 1767 54 27 stia
1681 1769 122 27 luntanu
1824 1771 36 26 da
1875 1780 46 18 me
1936 1781 47 18 cu-

1513 1813 46 19 me
1569 1806 36 26 da
1614 1815 19 17 u
1646 1807 64 27 focu
1723 1810 6 24 !
1739 1819 16 16 »

1546 1846 65 27 Aso
1629 1848 91 34 prima
1737 1850 98 27 lettara
1849 1853 15 25 è
1876 1852 28 26 di
1919 1862 18 17 u
1953 1862 28 17 10
1992 1862 3 18 ;

1511 1885 122 36 Maghiu
1651 1896 60 27 1923
1723 1898 7 17 :
1750 1890 26 25 A
1791 1891 120 27 Corsiea
1924 1894 58 25 ric-

1512 1933 33 18 ca
1553 1927 10 23 !
1574 1927 69 34 «qui
1651 1927 23 26 si
1685 1929 71 26 suda
1766 1938 73 27 pocu
1850 1940 14 17 e
1873 1932 25 26 si
1908 1941 73 18 cam-

1511 1973 36 26 pa
1560 1966 83 27 assai.
1654 1976 16 17 »

1545 2005 132 28 L’ultima
1689 2010 15 23 è
1714 2009 29 26 di
1753 2018 61 25 u30
1823 2010 157 36 Jinnaghiu

1514 2045 78 33 1926:
1605 2045 182 35 Napulione!
1798 2051 182 32 quandil’im-

1509 2087 127 31 peratore
1644 2093 93 20 venne
1746 2087 36 26 da
1794 2089 94 27 l’altru
1898 2099 82 18 mon-

1509 2124 39 25 du
1561 2133 16 17 a
1586 2125 227 35 rimetteordine,
1827 2138 70 26 pace
1906 2138 15 19 e
1931 2131 45 27 be-

1508 2163 76 27 nistà
1595 2165 31 26 in
1640 2165 116 28 Francia
1769 2169 5 23 !
1793 2177 41 18 un
1852 2175 84 22 centu
1949 2171 28 26 di

1507 2203 99 27 lettare
1626 2205 32 31 iji
1675 2208 78 25 luttu
1769 2216 14 17 e
1795 2208 53 34 più
1862 2209 116 27 distinte

1507 2243 77 27 duva
1595 2246 257 36 spampilluleghia
1870 2257 17 17 a
1899 2248 78 28 fiertà

1507 2290 90 25 corsa;
1621 2292 57 18 una
1694 2294 82 26 prosa
1788 2287 47 27 chi
1851 2296 65 27 pare
1937 2298 39 17 un

1505 2388 126 29 trouver;
1652 2387 59 26 s’ils
1729 2390 118 26 veulent
1865 2398 30 19 se
1908 2391 67 26 faire

1504 2424 169 28 chatouiller
1701 2427 41 26 les
1766 2430 84 32 côtes,
1875 2432 17 24 à
1914 2431 62 26 leur

1503 2464 92 35 guise.

1526 2503 130 27 -D’autre
1673 2510 71 30 part,
1778 2516 74 18 nous
1880 2511 93 33 préve-

1503 2550 74 19 nons
1593 2544 233 29 charitablement
1839 2547 41 27 xM.
1902 2549 73 26 Mar-

1502 2581 54 27 lier
1581 2583 71 34 qu’il
1675 2592 114 19 assume
1810 2587 29 26 là
1858 2596 42 18 un
1914 2589 60 26 rôle

1503 2621 184 28 d’excitateur
1708 2624 70 26 dont
1798 2634 74 18 nous
1891 2635 83 26 pour-

1502 2660 78 26 rions
1610 2661 42 26 lui
1677 2663 154 28 demander
1863 2670 110 31 compte

1502 2699 66 34 plus
1576 2701 42 25 tôt
1629 2701 70 34 qu’il
1724 2711 36 18 ne
1777 2712 104 26 pense;
1902 2707 69 34 qu’il

1502 2739 84 26 sache
1597 2748 58 27 que
1664 2749 73 18 nous
1747 2750 89 20 avons
1856 2753 67 18 sous
1944 2746 28 26 la

1502 2778 77 26 main
1621 2780 42 25 les
1693 2782 73 25 amis
1800 2785 170 26 nécessaires

1502 2825 70 27 pour
1580 2818 188 37 l’embarquer
1779 2829 49 19 sur
1843 2831 40 18 un
1898 2827 73 24 tacot

1502 2857 33 25 de
1548 2857 150 28 Fraissinet
1709 2861 18 24 à
1736 2860 28 26 la
1775 2862 136 33 première
1924 2872 46 18 oc-

1502 2896 103 26 casion.
1624 2897 56 26 Son
1696 2903 70 29 gant
1786 2908 132 20 crasseux
1934 2903 35 25 de

1502 2935 114 34 policier
1643 2945 17 17 a
1677 2939 44 25 été
1728 2938 56 34 jeté
1797 2941 169 34 subreptice-

1502 2977 75 22 ment
1588 2975 71 26 dans
1669 2977 113 26 l’arène.
1797 2978 82 27 Nous
1889 2981 25 25 le
1929 2989 39 17 re-

1502 3012 92 28 levons
1604 3014 6 25 !

1715 3051 31 25 A
1770 3052 161 27 MUVRA.

2020 995 84 23 cantu
2118 994 29 25 di
2160 996 143 33 gloria,un
2315 1003 133 26 mazzulu
2461 1004 29 25 di

2019 1029 143 37 fioriposti
2170 1038 88 32 sopr’a
2268 1039 109 27 ialtare
2384 1042 30 26 di
2422 1042 70 27 Cur-

2019 1069 127 28 sichelîa.
2195 1076 29 20 .>

2052 1108 45 27 Da
2111 1118 63 28 1923
2185 1121 17 17 a
2213 1115 73 33 1926,
2295 1119 152 33 truvarete,
2458 1121 31 26 in

2019 1154 29 17 se
2059 1147 111 36 lettare,
2183 1154 82 25 tutt’e
2277 1158 128 32 nuvelle,
2422 1160 67 26 tutti

2018 1185 213 32 l’avvenimenti
2244 1194 30 25 di
2285 1203 17 17 a
2311 1198 176 27 nostr’isula:

2018 1225 134 35 elezione,
2177 1231 42 25 cal
2222 1232 48 32 du,
2298 1234 104 34 frescu,
2427 1246 61 18 ma-

2017 1267 151 33 gnuscula,
2194 1269 79 34 feste,
2294 1274 191 35 piantazione,

2017 1304 96 32 esami,
2128 1306 156 37 impiegati,
2298 1314 117 33 pastòri,
2430 1324 56 18 ecc.

2049 1341 78 28 Tutti
2136 1345 24 26 si
2172 1346 62 28 fatti
2244 1357 31 21 s.o
2285 1354 110 25 cuntati
2404 1355 88 29 c’una.

2015 1388 94 25 penna
2118 1385 107 35 allegra
2235 1397 83 20 cume
2328 1392 36 26 da
2375 1402 42 17 un
2423 1402 63 19 vos-

2015 1422 45 23 tru
2074 1428 116 27 parente
2207 1429 99 27 strettu
2319 1432 47 26 chi
2377 1434 32 25 vi
2420 1437 65 24 tene

2015 1467 63 19 caru
2088 1471 7 22 ;
2116 1464 40 25 c’è
2169 1469 107 25 murale
2288 1478 16 18 a
2317 1472 124 33 l’antica,
2455 1484 30 16 a-

2015 1507 59 18 mor
2083 1501 112 29 sinceru
2204 1514 13 17 e
2225 1509 98 27 studiu
2332 1510 56 27 fine
2395 1521 6 23 ;
2415 1515 68 33 ogni

2014 1546 62 18 cosa
2091 1542 15 23 è
2115 1542 98 28 sirvita
2225 1546 29 26 in
2268 1548 86 28 d’una
2367 1551 116 29 frittella

2013 1577 45 26 chi
2071 1579 128 30 rinchere
2210 1593 6 17 :
2230 1594 16 17 a
2257 1587 87 34 gioia.

2047 1617 77 36 Ogni
2149 1622 99 28 lettara
2278 1628 14 24 è
2319 1636 84 19 cume
2425 1640 57 18 una

2012 1664 157 30 campagna
2177 1670 16 18 a
2206 1672 49 25 pro
2268 1666 29 26 di
2314 1675 15 18 a
2346 1668 116 28 Corsiea
2474 1680 6 17 :

2011 1703 19 17 u
2043 1705 106 26 pannu,
2165 1701 125 36 Lalimie,
2303 1714 15 18 e
2330 1708 149 35 pipiniere,

2012 1735 9 25 1
2030 1736 306 37 agricultura,a.nostra
2346 1747 134 37 lingua...

2044 1775 82 28 Tutte
2135 1786 31 19 so
2179 1789 38 18 un
2228 1785 131 28 mudellu
2370 1775 28 39 dì
2408 1789 74 27 ïitte-

2010 1820 91 22 ratura
2114 1818 47 27 chi
2173 1821 98 28 ristarà
2289 1833 83 20 cume
2390 1836 90 20 esem-

2009 1855 49 34 piu
2071 1865 16 16 a
2105 1865 16 18 e
2133 1859 122 34 giovane
2270 1869 187 30 generazione
2472 1879 6 16 :

2009 1902 14 17 c
2033 1896 14 23 è
2060 1896 100 34 spiritu
2173 1901 129 35 paisanu,
2312 1911 90 29 agutu
2415 1917 15 17 e
2442 1910 38 25 ri-

2008 1935 109 34 diculu,
2127 1946 56 19 una
2196 1941 77 27 mina
2286 1944 29 26 di
2328 1947 94 28 risate.

2041 1975 145 29 Maistrale
2206 1989 120 22 cunosce
2352 1996 18 17 u
2393 1988 83 35 tigliu

2007 2015 126 35 d’ognun
2146 2018 29 25 di
2187 2020 62 32 noi;
2269 2031 16 17 a
2303 2032 31 19 so
2352 2035 93 26 penna
2463 2032 15 24 è

2007 2062 83 19 cume
2101 2065 41 18 un
2154 2058 132 35 pinneîlu
2300 2064 47 27 chi
2363 2067 29 25 vi
2406 2068 72 36 dipi-

2005 2095 166 33 gnedrentu
2184 2107 15 17 e
2210 2099 70 28 fora.

2081 2135 115 34 Quessu
2217 2139 37 27 ha
2266 2141 70 29 fattu
2352 2153 18 18 u
2383 2152 94 23 pasto-

2005 2181 28 17 re
2044 2174 6 25 !
2071 2174 75 28 disse
2159 2185 39 19 un
2213 2180 183 38 picuraghiu,
2418 2195 58 20 una

2004 2213 86 26 volta.

2082 2254 31 26 Bi
2132 2257 87 27 cridia
2237 2268 39 18 un
2291 2264 120 27 vecchiu
2432 2274 44 19 sa-

2004 2291 94 35 piente
2107 2295 6 24 !
2128 2295 20 25 li
2166 2296 125 29 dichiarò
2313 2310 18 17 u
2355 2304 119 28 banditu

2004 2330 126 30 Micaelii
2148 2336 33 25 ch
2194 2345 39 18 un
2254 2347 101 21 manca
2368 2343 30 26 di
2417 2345 57 26 bon

2003 2378 85 20 sensu
2099 2382 6 22 ;
2119 2374 49 26 voi
2180 2381 94 30 sapete
2287 2383 76 24 tuttu
2375 2391 6 22 ;
2402 2392 15 17 e
2427 2393 47 17 cu-

2003 2410 39 26 mi
2060 2411 34 26 bo
2112 2418 95 30 sapete
2219 2417 28 25 di
2267 2418 99 29 Taffari
2379 2422 31 26 in
2422 2432 51 26 po-

2003 2450 52 26 che
2067 2454 97 33 parole
2176 2455 5 24 î

2036 2491 96 27 Infatti
2144 2502 16 17 e
2172 2494 103 35 pitture
2288 2498 29 25 di
2325 2498 147 30 Maistrale

2003 2537 29 19 so
2048 2530 67 27 fatte
2134 2540 35 18 eu
2181 2542 70 26 poca
2269 2545 80 26 pasta
2366 2548 46 18 ma
2436 2550 34 18 eu

2003 2570 70 25 assai
2085 2570 94 33 virità,
2190 2574 64 26 tal’e
2264 2578 95 32 quale.

2035 2608 25 26 U
2078 2610 110 27 talentu
2202 2613 27 25 di
2251 2622 18 17 u
2287 2621 86 29 pueta
2386 2620 84 26 mari-

2003 2654 121 27 gnanese
2136 2651 14 23 è
2172 2653 105 26 oramai
2300 2662 167 23 cunsacratu

2003 2686 31 25 da
2059 2691 75 22 tuttu
2160 2698 18 17 u
2199 2694 109 33 populu
2333 2704 83 19 corsu
2435 2708 5 16 :
2460 2699 9 26 i

2006 2726 69 26 caesi
2087 2728 62 25 sani
2169 2730 187 37 l’accoglienu
2374 2744 35 18 eu
2426 2746 43 17 ar-

2003 2764 41 26 chi
2058 2766 27 25 di
2099 2767 114 28 trionfu.

2032 2804 28 26 St
2063 2805 7 24 i
2081 2805 89 28 favori
2180 2817 30 17 so
2222 2818 59 19 una
2290 2820 50 26 pro
2343 2822 35 18 va
2392 2815 47 26 chi
2451 2825 16 17 a

2003 2851 24 18 >0
2036 2848 185 32 prupaganda
2233 2851 16 23 è
2260 2858 70 19 sana
2351 2860 15 18 e
2384 2862 81 25 pura.

2031 2888 19 25 E
2068 2889 111 27 Lettare
2189 2900 18 17 a
2222 2893 190 38 Lumbrigone
2427 2907 39 18 sa-

2003 2934 62 19 •anu
2073 2935 96 27 prestu
2179 2939 112 29 compre
2299 2942 15 18 e
2327 2936 137 28 ricircate.

2003 2966 18 25 J
2035 2966 73 27 libru
2129 2977 39 18 un
2178 2975 74 22 costa
2262 2981 32 17 ca
2317 2982 28 17 10
2357 2974 107 29 franchi

2003 3013 6 17 1
2020 3006 27 25 la
2059 3009 150 33 stamparia
2221 3011 29 25 di
2259 3012 28 25 A
2300 3012 117 29 Mirera.

2338 3071 37 24 L.
2388 3072 40 25 M.

1819 3779 153 40 Tempu
1996 3793 119 28 persu
