2650 3860
48 126 344 73 [/Anthologie
419 133 91 53 des
539 137 256 58 Ecrivains
827 146 181 53 Corses

264 217 75 27 PAR
364 208 43 36 H.
425 210 310 41 YVIA=CROCE
756 218 30 30 (0

67 310 21 24 B
101 309 99 24 isciuiu
220 318 17 15 u
254 314 90 27 prima
363 315 101 21 volume
484 315 29 21 di

44 342 179 28 jyAnthologie
241 346 44 22 des
299 347 136 22 Ecrivains
449 347 63 22 Cor-

44 383 36 20 ses
88 376 28 21 di
124 382 16 16 u
151 380 93 21 nostru
251 380 185 22 distintissimu
444 386 67 16 cum-

41 410 127 33 patriotla
182 411 34 22 H.
234 412 165 23 Yvia-Croce.

66 444 12 21 1
91 444 86 21 nos/ri
186 444 90 23 lellori
284 452 117 16 avaranu
411 446 102 23 un'idea

43 477 25 24 di
80 475 112 29 st’opéra
207 479 117 27 sapiente
344 479 133 27 lighiendu
496 487 16 14 a

43 509 64 24 bella
116 509 151 29 préfacions
279 512 29 20 di
317 518 16 15 u
345 511 167 23 chiarissimu

41 542 83 25 Paulu
140 542 133 30 Grafiani,
295 545 142 22 archivista
455 546 28 21 di
496 552 16 15 a

45 577 51 22 Cor
96 576 40 21 sic
137 582 15 14 a
160 582 8 15 :

64 629 95 21 J’avoue
176 636 46 19 que
231 630 93 26 lorsque
333 631 32 21 M.
373 632 140 21 Yvia-Croce

42 664 34 16 me
85 657 24 19 fit
118 657 21 20 le
147 658 73 24 grand
230 659 105 20 honneur
340 659 29 21 de
377 667 36 13 me
421 660 93 21 deman-

42 687 39 20 der
89 691 46 13 une
143 686 91 24 préface
242 687 12 19 à
268 693 43 14 son
323 688 137 25 Anthologie
471 689 42 20 des

42 710 118 26 Écrivains
182 714 87 24 Corses,
290 714 100 25 j’hésitai
411 717 101 23 quelque

43 747 42 21 peu
92 746 6 17 ;
114 739 15 20 il
138 746 36 13 me
182 741 107 20 semblait
296 749 46 18 que
350 743 96 20 l’auteur
457 744 55 19 d’un

42 767 78 25 travail
128 768 62 19 aussi
199 769 160 21 considérable
368 774 22 16 et
398 771 62 19 aussi
472 771 42 19 im-

44 794 170 30 portantdevait
222 797 121 23 présenter
349 797 163 20 lui-mêmeson

45 828 111 19 ceuvreau
169 822 88 21 lecteur
265 828 23 16 et
295 825 145 20 l’introduire
454 825 58 20 dans

47 860 23 15 ce
79 854 63 17 vaste
151 854 22 15 et
181 852 119 23 complexe
317 856 135 16 monument
467 859 46 18 que

46 878 109 25 constitue
171 877 22 20 le
210 879 85 19 recueil
311 879 152 26 méthodique,
472 882 41 19 des

46 906 88 25 extraits
143 905 40 20 des
197 910 132 20 prosateurs
339 911 23 16 et
375 907 40 20 des
424 909 87 24 poètes,

45 937 37 26 qui
95 934 76 21 virent
185 933 22 20 le
213 933 54 25 jour
281 935 59 20 dans
355 941 48 14 nou
408 942 12 14 e
435 936 29 20 île
481 943 30 14 ou

44 964 119 25 naquirent
170 961 30 19 de
208 966 92 20 parents
313 969 85 14 corses.
414 964 62 24 Puis,
487 964 25 25 je

45 990 100 25 réfléchis
159 989 54 24 qu’il
228 990 69 19 valait
306 992 114 23 peut-être
437 992 76 20 mieux

45 1022 67 25 qu’un
126 1020 65 18 autre
206 1019 100 19 montrât
320 1023 76 16 toutes
410 1020 34 20 les
456 1020 57 20 diffi-

45 1049 72 21 cultés
130 1045 56 20 delà
201 1045 64 21 tâche
282 1049 23 17 et
313 1047 41 19 mît
368 1054 28 13 en
411 1048 66 20 relief
490 1049 22 19 le

44 1075 79 23 mérite
131 1073 40 25 qui
186 1073 90 21 revient
283 1075 14 19 à
305 1075 90 20 l’érudit
404 1080 23 16 et
435 1083 28 13 au
471 1077 42 19 let-

42 1105 32 19 tré
82 1100 83 26 auquel
174 1107 60 14 nous
244 1102 90 21 devons
347 1104 114 24 un.pareil
473 1111 40 13 ou-

42 1136 76 19 vrage.

67 1158 45 20 Car
133 1157 53 20 c’est
202 1157 53 21 bien
270 1165 46 14 une
331 1159 67 21 tâche
418 1160 94 20 énorme

41 1187 51 26 qu’a
106 1186 129 24 entreprise
243 1187 30 19 M.
282 1187 140 21 Yvia-Croce
430 1194 6 12 :
443 1189 67 23 mais,

40 1214 58 21 servi
116 1220 41 19 par
165 1220 31 14 un
213 1220 54 15 sens
284 1215 97 25 critique
395 1216 61 25 aigu,
471 1223 42 18 par

41 1250 30 13 un
80 1242 55 25 goût
144 1242 82 25 exquis
241 1249 27 13 en
278 1243 95 20 matière
381 1244 57 20 d’art
446 1248 23 16 et
483 1244 30 20 de

40 1270 166 24 belles-lettres,
224 1277 42 18 par
282 1277 46 14 une
348 1272 166 20 connaissance

39 1302 79 17 exacte
139 1298 29 20 de
187 1303 68 15 notre
272 1298 97 21 histoire
388 1300 124 23 nationale,

40 1330 99 17 soutenu
153 1333 42 18 par
203 1333 32 14 un
244 1327 97 24 profond
349 1331 23 17 et
380 1328 135 26 intelligent

39 1354 150 27 patriotisme,
208 1355 16 20 il
233 1361 13 14 a
263 1355 74 20 réussi
354 1362 100 14 amener
470 1362 43 14 son

41 1389 79 14 oeuvre
133 1383 13 20 à
155 1383 79 20 bonne
241 1383 43 25 fin;
300 1384 17 19 il
326 1390 12 13 a
348 1384 45 20 bâti
409 1384 104 24 l’édifice,

40 1411 15 20 il
64 1418 13 13 a
87 1411 90 20 comblé
186 1418 32 13 un
227 1412 85 19 abîme.

67 1439 30 20 La
112 1440 87 24 grande
220 1439 111 21 difficulté
345 1441 99 24 qu’avait
464 1445 51 16 tout

41 1467 93 21 d’abord
149 1468 14 19 à
176 1472 131 16 surmonter
324 1468 31 20 M.
366 1468 148 24 Yvia-Croce,

41 1495 72 21 c’était
122 1495 20 20 la
151 1496 231 20 documentation.La
391 1498 63 19 seule
466 1498 50 20 étu-

41 1524 28 20 de
82 1523 31 20 du
130 1529 82 18 moyen
227 1524 42 23 âge
286 1529 65 14 corse
365 1524 77 25 oblige
454 1526 60 19 celui

41 1552 38 25 qui
93 1552 22 19 la
124 1555 62 16 tente
192 1551 14 19 à
220 1551 118 20 travailler
351 1551 39 20 des
402 1552 60 20 mois
476 1560 40 13 en-

42 1580 54 20 tiers
105 1580 15 19 à
133 1579 80 23 Rome,
224 1579 14 19 à
247 1578 61 24 Pise,
318 1579 14 19 à
346 1578 86 25 Gênes,
440 1581 12 19 à
462 1581 55 20 Bar-

42 1608 88 23 celone,
138 1608 14 19 à
160 1606 80 24 Milan,
253 1607 13 19 à
276 1606 104 25 Lucques
395 1608 30 20 où
434 1608 34 20 les
481 1615 36 14 ar-

42 1636 77 21 chives
128 1634 81 24 d’Etat,
228 1635 155 20 communales
398 1642 30 13 ou
445 1637 72 20 ecclé-

43 1664 123 24 siastiques
180 1663 118 20 abondent
312 1669 29 13 en
356 1663 75 24 pièces
445 1664 72 20 inédi-

43 1697 42 16 tes.
100 1692 25 20 Si
134 1697 60 14 nous
210 1690 153 20 considérons
374 1692 144 20 maintenant

43 1720 111 21 l’histoire
170 1719 41 20 des
227 1719 86 23 lettres,
329 1724 116 19 songeons
460 1720 56 25 qu’il

44 1747 173 26 estprimordial
224 1746 29 20 de
258 1747 141 19 déterminer
403 1748 19 19 si
435 1754 30 14 un
477 1755 40 13 au-

43 1782 51 15 teur
102 1780 36 16 est
146 1774 180 24 corse,d’établir
334 1774 23 20 la
365 1775 54 21 liste
430 1776 41 20 des
478 1783 40 13 au-

44 1810 63 15 teurs
124 1804 116 20 vraiment
255 1808 84 14 corses.
348 1802 40 24 Or,
401 1804 49 20 rien
459 1805 59 19 n’est

45 1833 51 24 plus
110 1832 57 19 ardu
176 1832 13 19 à
199 1831 125 20 constituer
338 1831 84 24 qu’une
435 1833 83 24 généa-

45 1861 61 24 logie
121 1865 64 15 corse
199 1865 30 13 au
243 1859 50 19 delà
301 1859 30 19 du
340 1859 59 20 XVIe
407 1860 70 20 siècle
483 1868 6 16 ;
499 1861 17 19 il

46 1892 35 17 est
97 1891 102 17 souvent
217 1887 143 24 impossible,
374 1887 59 21 dans
452 1889 66 20 l'état

45 1915 74 21 actuel
133 1915 28 20 de
169 1915 22 20 la
209 1915 97 23 science,
322 1915 28 20 de
365 1920 119 17 retrouver
493 1917 23 20 le

46 1944 47 20 lieu
111 1943 29 19 de
162 1942 121 21 naissance
298 1944 55 19 d’un
373 1950 144 19 personnage

45 1975 68 20 ayant
119 1971 55 24 joué
179 1977 32 13 un
219 1971 48 20 rôle
274 1971 129 26 historique
407 1973 110 24 quelcon-

45 2004 57 19 que;
112 2002 72 21 quant
192 2005 45 13 aux
245 1999 62 20 dates
316 2001 201 20 extrêmes—nais-

45 2032 71 14 sance
124 2030 24 16 et
155 2031 61 15 mort
223 2036 27 4 —
257 2027 116 25 lorsqu’on
382 2029 107 24 parvient
501 2030 14 19 à

44 2054 35 20 les
92 2054 109 25 préciser,
215 2061 31 13 on
263 2061 12 13 a
288 2062 99 19 presque
403 2057 112 24 accompli

45 2089 30 13 un
85 2082 101 20 miracle.
204 2083 62 19 Avec
274 2090 45 13 une
327 2085 104 23 patience
440 2090 22 15 et
470 2091 45 14 une

45 2114 121 16 constance
181 2116 47 19 que
244 2111 47 20 rien
300 2112 37 20 n’a
354 2113 111 24 rebutées,
483 2113 31 20 M.

44 2138 138 20 Yvia-Croce
190 2145 14 13 a
213 2141 106 19 consulté
327 2144 76 17 toutes
411 2142 33 19 les
452 2147 64 15 sour-

44 2172 37 14 ces
95 2167 57 24 qu'il
166 2173 13 13 a
188 2174 29 18 pu
229 2174 25 13 se
264 2174 111 18 procurer
387 2176 60 18 pour
455 2170 61 24 jeter

46 2195 99 24 quelque
162 2195 97 21 lumière
278 2203 41 13 sur
337 2197 23 20 la
376 2198 37 20 vie
425 2198 28 19 de
472 2204 44 14 nos

43 2223 118 20 écrivains.
168 2223 19 20 A
196 2227 36 16 cet
240 2224 76 24 égard,
325 2231 37 14 ses
368 2226 89 20 notices
461 2230 55 16 sont

43 2251 39 20 des
90 2251 101 20 modèles
199 2252 30 19 de
237 2253 114 24 précision
361 2254 76 22 sobre,
446 2255 70 19 claire

45 2283 22 16 et
78 2279 167 21 substantielle.
254 2280 88 25 Certes,
349 2281 21 20 le
378 2286 83 16 savant
469 2283 47 19 édi-

44 2311 49 16 teur
111 2307 37 20 n’a
166 2314 41 17 pas
221 2308 76 20 résolu
312 2312 53 17 tous
377 2310 36 19 les
426 2310 90 25 problè-

44 2341 62 18 mes;
125 2335 17 20 il
156 2335 32 20 lui
203 2336 85 24 arrive,
310 2338 73 19 même
397 2344 28 13 en
447 2344 68 15 cours

43 2363 166 25 d’impression,
224 2363 95 21 défaire
333 2365 90 21 d’utiles
434 2366 82 20 décou-

43 2395 88 16 vertes:
147 2398 29 13 un
195 2392 128 24 appendice
334 2392 53 21 final
401 2395 84 24 auquel
497 2395 17 19 il

42 2419 105 20 travaille
159 2419 113 21 rectifiera
281 2421 113 24 quelques
407 2422 109 20 inexacti-

42 2447 75 24 tudes,
143 2448 144 25 supprimera
309 2450 113 24 quelques
447 2450 68 20 omis-

43 2475 70 21 sions.

65 2503 67 22 Mais,
144 2504 74 20 d’ores
227 2508 23 16 et
262 2505 61 25 déjà,
332 2512 30 13 un
372 2511 94 15 examen
480 2510 34 16 at-

43 2532 67 20 tentif
121 2532 28 20 de
157 2538 42 14 son
208 2533 138 25 Anthologie
360 2540 58 14 nous
426 2538 89 21 permet

43 2559 116 24 d’étudier,
171 2561 56 19 dant
241 2567 37 14 ses
291 2562 66 20 traits
371 2562 33 20 les
411 2563 52 24 plus
477 2569 37 13 ca-

43 2588 175 25 ractéristiques,
240 2589 20 20 la
286 2589 129 21 littérature
439 2596 73 17 corse,

42 2615 138 26 d'esquisser
192 2616 130 25 largement
330 2624 30 12 un
377 2617 91 20 tableau
480 2618 32 20 du

43 2648 143 16 mouvement
202 2645 140 20 intellectuel
360 2649 22 16 et
402 2645 111 21 littéraire

43 2677 42 18 que
93 2672 47 20 l’on
146 2676 55 21 peut
209 2672 104 25 qualifier
319 2673 28 20 de
353 2680 69 14 corse.

66 2750 29 21 M.
104 2751 140 21 Yvia-Croce
252 2759 29 13 ne
290 2757 104 16 remonte
406 2760 42 18 pas
454 2764 27 4 —
487 2758 25 16 et

45 2777 14 19 il
68 2784 27 14 ne
103 2780 22 20 le
133 2781 95 24 pouvait
232 2790 26 4 —
263 2787 28 14 au
301 2781 29 20 de
339 2781 21 20 là
369 2782 30 19 du
412 2781 47 21 XVe
466 2783 46 19 siè-

46 2805 39 20 cle.
93 2806 37 21 On
138 2814 29 14 ne
174 2809 68 20 saisit
249 2815 49 19 pas,
313 2816 29 13 en
351 2809 60 24 effet,
421 2810 25 19 ni
453 2811 59 20 dans

45 2832 123 28 l’antiquité
176 2837 25 20 ni
209 2837 58 20 dans
281 2837 22 20 le
316 2844 80 18 moyen
406 2839 42 24 âge
460 2845 52 18 pro-

46 2866 98 17 prement
163 2865 41 23 dit,
225 2866 73 19 même
319 2865 34 20 les
374 2866 137 21 linéaments

47 2887 65 22 dune
124 2891 126 23 littérature
261 2900 47 17 que
322 2894 45 19 l’on
376 2894 33 19 ait
420 2894 23 20 le
450 2895 61 19 droit

48 2914 27 20 de
83 2919 125 23 considérer
216 2927 87 14 comme
313 2928 72 14 corse.
391 2922 35 20 Au
435 2928 76 19 temps

49 2943 27 19 de
92 2944 20 19 la
121 2946 137 23 domination
276 2950 112 23 romaine,
398 2950 45 20 l’île
454 2951 57 20 était

48 2973 103 22 regardée
171 2983 88 15 comme
276 2984 30 13 un
324 2984 55 18 pays
401 2984 108 19 sauvage,

46 3003 90 19 couvert
148 3003 27 21 de
183 3005 93 20 rochers
290 3008 23 17 et
321 3006 28 19 de
364 3005 70 21 forêts
441 3006 71 25 impé-

45 3029 118 26 nétrables,
179 3032 78 21 habité
265 3040 42 17 par
316 3040 46 13 une
378 3034 131 24 population

44 3054 104 25 farouche
155 3066 6 12 :
170 3066 30 14 on
209 3061 167 20 reconnaissait
384 3062 127 24 cependant

44 3088 42 15 aux
108 3085 82 23 Corses
205 3095 46 13 une
264 3089 88 24 qualité
368 3090 98 24 capitale
487 3094 23 17 et

44 3116 62 16 rare:
123 3115 22 20 le
159 3117 125 19 sentiment
300 3121 25 15 et
332 3117 95 21 l’amour
443 3119 29 19 de
488 3119 21 19 la

40 3141 89 24 justice,
143 3144 107 25 auquelle
261 3150 24 14 se
291 3145 100 24 joignait
399 3152 46 14 une
457 3146 53 21 hor-

42 3172 50 16 reur
96 3170 111 24 profonde
212 3178 58 19 pour
277 3172 21 20 la
308 3173 123 21 servitude.
441 3174 68 24 C’est,

41 3195 28 20 du
78 3198 83 24 moins,
172 3199 100 21 Dicdore
280 3200 29 20 de
318 3200 68 21 Sicile
396 3202 39 24 qui
444 3202 21 20 le
472 3203 39 20 dé-

42 3223 63 22 clare.
119 3226 76 24 Quant
203 3233 30 14 au
241 3228 98 24 langage
352 3229 63 24 parlé
422 3236 41 18 par
475 3231 34 20 les

40 3250 123 27 habitants,
171 3254 17 19 il
198 3260 36 14 est
247 3256 64 23 rude,
320 3256 94 21 difficile
421 3258 15 19 à
449 3264 61 14 com-

41 3281 96 21 prendre
145 3282 73 19 même
230 3288 57 18 pour
294 3283 35 19 les
343 3283 111 21 Barbares
468 3286 40 23 qui

41 3311 38 16 ont
92 3314 31 14 un
138 3309 77 19 vernis
234 3309 27 19 de
276 3310 145 20 civilisation.
443 3312 66 20 Pom-

41 3336 81 21 ponius
139 3335 59 21 Mêla
216 3336 34 20 dit
262 3336 22 20 la
299 3337 75 20 même
389 3338 70 21 chose
478 3340 30 19 de

40 3360 98 24 l’idiome
152 3364 28 20 de
195 3364 100 20 certains
307 3366 96 24 peuples
411 3367 31 20 du
451 3368 57 20 nord

47 3390 27 20 de
85 3391 128 25 l’Espagne.
227 3392 28 20 Et
267 3392 114 27 Sénèque,
398 3395 40 25 qui
453 3396 56 20 était

40 3415 120 28 Espagnol,
169 3426 13 13 a
199 3426 101 15 reconnu
310 3422 58 20 dans
375 3423 22 19 le
412 3423 97 26 langage

39 3443 38 23 des
92 3447 85 20 Corses
185 3447 122 25 indigènes
315 3449 28 20 de
352 3456 41 14 son
410 3452 99 25 époque,

39 3474 108 25 quelques
164 3475 108 20 vocables
287 3476 125 26 ibériques.
426 3479 82 21 Faut-il

39 3502 106 20 conclure
157 3502 28 20 de
204 3508 39 14 ces
261 3504 119 25 analogies
395 3506 115 24 linguisti-

39 3532 54 18 ques
104 3540 27 4 —
138 3530 113 26 peut-être
259 3532 128 20 seulement
399 3540 111 18 apparen-

38 3556 70 19 tes—
113 3558 15 20 à
136 3564 45 14 une
195 3564 121 14 commune
330 3560 88 24 origine
435 3562 75 20 ethni-

39 3584 57 21 que?
104 3585 63 21 C’est
173 3592 31 14 un
210 3585 119 25 problème
337 3592 45 19 que
387 3588 25 24 je
421 3595 29 13 ne
455 3589 54 23 puis

38 3608 98 26 discuter
143 3614 39 23 ici,
187 3617 24 17 et
218 3613 58 20 dont
282 3613 35 20 les
323 3614 118 25 éléments,
447 3616 62 20 d’ail-

38 3634 66 30 ïeurs,
113 3645 54 17 sont
175 3648 44 19 peu
228 3641 128 21 nombreux
364 3645 22 17 et
394 3649 45 18 peu
446 3644 60 20 sûrs.

540 318 30 20 La
582 320 153 24 colonisation
751 326 103 20 romaine
872 326 28 20 de
916 326 45 20 l’île
976 327 35 19 n’a

539 353 40 18 pas
588 347 69 21 laissé
665 350 28 19 de
702 352 83 20 rendre
793 353 158 25 d’importants
965 360 47 13 ser-

539 374 62 20 vices
609 376 13 19 à
632 383 26 13 ce
667 384 62 18 pays,
739 380 39 24 qui
789 380 84 21 n’avait
880 382 71 24 guère
959 387 54 14 con-

540 408 30 13 nu
582 402 139 26 jusqu’alors
737 407 21 19 la
767 407 138 21 civilisation
915 415 45 18 que
973 415 40 18 par

539 430 111 25 quelques
663 433 183 22 établissements
858 436 154 24 tyrrhéniens,

539 457 154 26 carthaginois
711 467 28 13 ou
755 468 75 18 grecs.
845 463 65 19 Deux
922 466 91 17 centres

540 484 158 22 relativement
705 487 138 25 importants
847 489 77 21 furent
930 490 83 20 fondés

539 518 41 18 par
585 513 34 19 les
625 513 111 21 Romains’
741 522 6 12 :
756 515 103 21 Mariana
867 521 23 15 et
898 517 22 19 le
928 517 84 19 nouvel

539 539 84 21 Aleria.
631 540 43 20 Les
682 540 91 22 fouilles
788 543 140 19 récemment
945 543 68 20 effec-

540 568 64 19 tuées
612 573 41 13 sur
667 568 181 25 l’emplacement
861 570 28 20 de
898 573 59 17 cette
965 570 50 19 der-

540 594 64 20 nière
612 595 45 19 cité
667 599 39 16 ont
714 596 78 20 donné
807 597 41 20 des
857 597 109 20 résultats
974 597 39 24 qui

540 628 28 13 en
578 622 50 21 font
640 624 93 24 espérer
741 623 99 22 d'autres
849 625 54 24 plus
911 625 104 20 considé-

540 650 75 21 rables
624 654 22 17 et
655 651 53 25 plus
716 652 153 25 significatifs,
878 653 19 20 si
907 653 44 20 l’on
960 659 55 14 con-

539 679 65 19 tinue
615 679 34 19 les
664 679 144 21 recherches.
824 680 32 20 En
866 684 50 17 tout
931 687 50 17 cas,
997 680 16 20 il

540 706 85 20 semble
640 706 53 20 bien
709 714 46 18 que
763 708 34 20 les
811 711 49 17 arts
874 715 15 18 y
897 708 64 20 aient
978 709 36 19 été

540 733 105 24 cultivés,
654 734 20 19 si
683 735 43 20 l'on
737 742 28 13 en
775 735 56 25 juge
845 742 41 18 par
901 736 113 24 quelques

539 760 166 22 intéressantes
717 766 120 17 statuettes
850 763 39 25 qui
905 770 13 18 y
935 763 79 20 furent

539 788 157 22 découvertes.
714 791 36 20 Au
765 795 92 16 contact
865 791 29 19 de
902 791 80 23 Rome,
992 791 22 19 la

541 815 70 21 Corse
625 818 85 20 a-t-elle
724 819 93 23 produit
834 819 41 19 des
889 818 124 24 écrivains,

540 844 85 24 poètes,
640 849 105 17 orateurs
759 852 29 13 ou
797 845 140 21 historiens?
954 846 61 20 C’est

540 872 108 24 possible,
664 873 57 20 mais
735 874 36 19 les
790 874 96 19 annales
902 874 29 19 du
947 874 68 24 passé

540 905 30 14 ne
578 906 59 13 nous
645 905 41 15 ont
700 901 109 20 transmis
821 901 22 20 le
852 907 54 14 nom
915 901 98 20 d’aucun

539 927 89 20 d’entre
644 934 51 18 eux,
705 933 23 16 et
745 935 57 14 nous
812 936 30 13 ne
851 935 105 18 pouvons
973 935 41 18 pas

540 955 73 21 même
621 955 58 21 citer
686 957 13 19 à
708 960 67 16 notre
787 957 55 19 actif
850 963 31 13 un
889 956 81 21 artiste
981 957 34 24 ly-

540 983 65 25 rique
630 990 88 14 comme
742 985 120 24 Tigellius,
880 985 24 22 le,
923 984 91 20 célèbre

539 1011 112 20 chanteur
677 1012 56 20 dont
754 1012 215 25 s’enorgueillissait
992 1012 22 20 la

539 1038 135 26 Sardaigne.

564 1069 90 25 Certes,
670 1071 83 20 maints
769 1071 114 20 écrivains
900 1071 28 20 de
940 1070 75 21 l’anti-

539 1098 64 24 quité
611 1102 40 16 ont
660 1099 62 24 parlé
731 1099 29 20 de
769 1099 22 19 la
797 1099 81 23 Corse,
887 1098 46 21 soit
941 1104 29 14 en
977 1098 38 25 gé-

540 1126 71 23 néral,
621 1127 47 19 soit
676 1133 42 17 par
732 1127 41 20 des
781 1127 115 20 allusions
912 1126 101 24 rapides,

540 1157 22 16 et
570 1157 51 20 trop
631 1158 99 16 souvent
736 1161 29 13 en
774 1159 87 15 termes
869 1154 74 25 plutôt
951 1154 63 20 durs:

540 1182 61 19 est-il
610 1181 81 20 besoin
705 1182 29 20 de
743 1182 104 25 rappeler
861 1183 29 19 ici
899 1182 34 20 les
941 1182 75 24 plain-

540 1212 34 16 tes
583 1209 28 19 de
619 1209 106 24 Sénèque
734 1210 48 24 qui,
797 1216 90 13 comme
902 1209 27 20 l’a
943 1209 73 24 juste-

540 1240 64 16 ment
611 1237 54 19 noté
671 1236 28 20 M.
707 1237 81 19 Ettore
797 1237 60 23 Pais,
863 1236 153 20 ressemblent

540 1270 45 13 aux
594 1264 98 24 plaintes
705 1264 28 19 de
742 1268 55 16 tous
805 1264 34 20 les
848 1264 82 20 exilés.
941 1263 45 20 Car
993 1263 22 19 la

542 1291 72 20 Corse
627 1291 43 23 fut,
680 1297 54 14 sous
743 1291 32 20 les
786 1291 119 23 Romains,
915 1297 46 14 une
971 1294 46 16 ter-

542 1326 24 13 re
580 1319 66 20 d’exil
654 1326 7 17 ;
671 1319 45 20 elle
729 1320 22 19 le
759 1325 51 14 sera
821 1325 86 14 encore
919 1324 56 15 sous
982 1319 35 19 les

545 1347 111 21 Vandales
665 1351 22 16 et
698 1348 75 19 même
782 1353 45 14 aux
835 1352 75 20 temps
919 1347 98 20 carolin-

541 1375 152 25 giens.Triste
710 1375 105 20 destinée
829 1375 53 20 d’un
901 1381 55 19 pays
978 1374 39 25 qui

542 1403 100 21 méritait
654 1404 86 20 mieux.

567 1435 89 20 Durant
669 1435 22 20 le
704 1435 56 20 haut
769 1435 144 24 moyen-âge,
923 1434 35 20 les
966 1440 52 14 ves-

541 1463 58 25 tiges
607 1463 29 20 de
653 1463 22 19 la
683 1463 85 24 langue
785 1463 79 24 parlée
880 1462 84 24 parles
979 1468 39 14 an-

542 1491 65 20 ciens
615 1491 80 20 colons
705 1491 109 22 romains,
824 1491 36 19 les
868 1494 95 21 apports
971 1490 48 20 dia-

542 1519 90 20 lectaux
641 1519 32 19 du
682 1519 150 24 peuplement
840 1523 81 15 toscan
934 1518 85 19 contri-

543 1547 96 19 buèrent
656 1552 55 14 sans
727 1547 72 19 doute
810 1546 14 20 à
839 1546 87 19 former
943 1552 45 18 peu
1004 1546 14 18 à

543 1581 52 18 peu,
604 1581 57 13 avec
668 1574 159 23 lenteur,mais
835 1574 184 23 solidement,cet

543 1602 85 20 idiome
637 1608 66 14 corse
712 1602 57 19 dont
776 1602 17 19 il
799 1605 36 17 est
843 1601 93 20 difficile
945 1601 28 19 de
978 1600 42 21 fai-

544 1636 25 14 re
583 1630 119 23 l’histoire,
720 1629 99 25 puisque
836 1629 34 20 les
886 1633 75 16 textes
984 1629 35 20 les

544 1658 51 25 plus
607 1658 95 20 anciens
714 1663 46 19 que
768 1663 61 14 nous
840 1663 30 14 en
882 1656 136 25 possédions

544 1692 29 14 ne
584 1689 176 21 remontentpas
774 1685 91 20 au-delà
873 1686 29 18 de
909 1685 22 19 la
943 1684 32 20 fin
987 1685 31 18 du

543 1713 81 21 XVIII°
631 1713 76 24 siècle,
717 1713 59 20 mais
785 1713 56 20 dont
847 1719 60 13 nous
912 1718 106 19 pouvons

543 1742 67 20 saisir
616 1742 34 20 les
657 1741 112 25 premiers
775 1741 177 20 balbutiements
960 1740 59 20 dans

544 1770 33 20 les
587 1769 89 20 chartes
683 1769 59 20 dites
751 1769 28 19 de
784 1768 78 20 Monte
870 1768 148 24 Christo,qui

543 1798 79 20 datent
629 1797 174 25 probablement
810 1795 68 25 (dans
886 1797 51 18 leur
945 1795 74 20 forme

543 1824 106 26 actuelle)
657 1825 29 20 de
694 1825 22 19 la
722 1824 32 20 fin
765 1824 30 20 du
804 1823 62 21 XIIIe
871 1824 72 20 siècle
951 1824 67 22 ,dans

544 1854 111 24 quelques
670 1852 146 25 expressions
831 1852 41 19 des
885 1851 93 20 chartes
987 1851 31 19 du

544 1881 51 21 XII°
601 1881 78 23 siècle,
687 1884 130 21 provenant
826 1880 29 20 de
864 1880 21 20 la
903 1879 115 24 Gorgone.

545 1909 44 21 Ces
606 1913 74 16 restes
696 1910 74 23 épars,
789 1908 126 24 complétés
931 1913 43 19 par
990 1907 28 20 de

544 1938 67 24 longs
619 1942 108 19 passages
736 1942 29 14 en
773 1936 86 25 langue
867 1936 103 24 vulgaire
978 1935 41 20 des

544 1965 88 21 Statuts
640 1965 29 19 de
678 1964 118 20 Bonifacio
812 1963 58 25 (XVe
877 1962 80 25 siècle)
974 1969 45 18 que

540 1994 41 24 j’ai
595 2000 31 17 pu
635 1997 128 17 retrouver,
772 1995 24 16 et
803 1998 42 18 par
854 1992 29 19 de
891 1991 128 20 nombreux

543 2026 63 15 actes
618 2020 102 20 notariés
737 2019 147 20 visiblement
892 2020 34 18 éci
932 2019 29 19 iis
977 2025 41 18 par

543 2051 40 18 des
599 2048 121 20 tabellions
734 2047 124 24 ignorants
871 2053 29 13 en
921 2047 97 24 langage

543 2079 186 21 communément
751 2078 71 24 parlé,
838 2081 102 20 peuvent
958 2083 59 13 nous

542 2111 125 22 permettre
678 2106 88 20 d'avoir
774 2112 46 13 une
829 2105 58 22 idée,
895 2104 123 21 sommaire

542 2137 17 19 il
566 2139 38 17 est
611 2135 58 23 vrai,
682 2140 30 13 ou
720 2137 51 16 tout
779 2140 29 13 au
817 2134 78 19 moins
903 2133 114 24 quelques

542 2163 184 21 indicationssur
731 2162 23 19 la
760 2161 177 25 phonétique,la
942 2167 77 18 gram-

543 2192 70 20 maire
627 2194 22 16 et
666 2190 21 20 le
705 2189 148 20 vocabulaire
867 2190 29 18 de
916 2189 102 20 l’idiome

543 2220 56 20 dont
612 2218 91 20 usaient
717 2224 44 13 nos
773 2218 115 19 ancêtres.
901 2217 117 20 Peut-être

542 2257 26 5 —
575 2247 82 23 simple
662 2245 134 25 -hypothèse
803 2245 29 19 de
840 2251 37 13 ma
886 2249 51 20 part
941 2256 27 4 —
974 2248 44 16 est-

543 2282 26 14 ce
585 2281 28 13 au
622 2274 57 20 haut
695 2280 83 18 moyen
795 2274 43 23 âge
846 2279 46 18 que
906 2273 45 19 l’on
968 2273 49 19 doit

542 2307 120 20 rapporter
669 2302 33 20 les
716 2301 111 24 premiers
842 2300 176 20 lamentietvo-

542 2332 48 20 ceri
602 2331 58 19 dont
674 2330 22 20 la
711 2329 75 20 forme
799 2335 13 14 a
827 2335 30 19 pu
872 2335 26 14 se
912 2328 105 21 modifier

542 2361 117 22 beaucoup
668 2358 88 24 depuis,
762 2361 23 16 et
793 2357 63 20 aussi
865 2357 34 20 les
905 2357 111 24 premiers

542 2388 112 25 mystères
665 2387 67 24 joués
742 2392 39 14 sur
794 2386 42 19 des
849 2386 80 19 scènes
944 2391 72 18 popu-

541 2416 68 20 laires
623 2415 28 20 de
659 2415 45 19 l’île
712 2417 24 17 et
744 2414 56 19 dont
807 2413 88 24 l’usage
903 2419 30 14 ne
941 2413 75 20 s’était

541 2450 42 20 pas
591 2449 84 15 encore
685 2442 72 25 perdu
766 2448 29 13 au
803 2445 74 21 temps
886 2441 29 20 de
923 2440 91 26 Valéry.

567 2474 60 25 Quoi
638 2474 54 25 qu’il
706 2479 28 14 en
744 2472 53 24 soit,
805 2472 18 20 il
831 2472 49 20 faut
888 2472 89 20 arriver
985 2478 29 14 au

541 2503 47 21 XVe
604 2502 71 21 siècle
687 2507 60 19 pour
760 2504 136 16 rencontrer
904 2500 61 20 enfin
983 2507 30 14 un

541 2531 99 21 écrivain
657 2530 29 20 né
703 2536 28 13 en
750 2528 122 25 Corse,qui
889 2534 59 14 nous
968 2529 47 20 soit

540 2566 76 14 connu
626 2562 23 16 et
657 2558 56 19 dont
720 2563 31 13 un
760 2562 103 19 ouvrage
870 2556 34 20 ait
914 2557 100 20 subsisté

537 2587 91 25 jusqu’à
636 2591 44 15 nos
684 2585 75 25 jours.
769 2584 42 20 Cet
819 2585 93 19 ancêtre
925 2585 59 19 dont
990 2585 23 20 le

539 2621 54 14 nom
602 2614 48 20 doit
658 2613 47 19 être
714 2615 80 17 retenu
803 2612 66 24 quasi
881 2612 132 25 religieuse-

540 2646 62 17 ment
606 2645 37 16 est
651 2640 110 21 Giaccmo
769 2640 106 22 Braceili,
884 2640 29 19 de
921 2640 92 20 Bonifa-

539 2671 45 20 cio.
593 2670 65 20 Cette
667 2668 54 20 ville
729 2668 57 20 était
794 2668 63 20 alors
865 2666 39 26 (fin
913 2668 31 20 du
953 2668 59 21 XIV°

539 2697 77 26 siècle)
625 2698 20 19 la
652 2697 53 25 plus
713 2696 138 24 importante
860 2700 23 15 et
890 2696 22 20 la
918 2697 53 24 plus
976 2704 37 13 ac-

539 2728 48 19 tive
602 2732 42 20 par
661 2731 42 14 son
720 2730 128 14 commerce
866 2724 28 20 de
911 2728 62 17 toute
989 2726 22 19 la

539 2755 84 21 Corse:
641 2753 44 21 elle
694 2752 93 20 formait
802 2758 45 14 une
857 2753 112 20 véritable
978 2754 33 19 ré-

539 2783 108 26 publique
655 2786 101 20 presque
763 2780 178 24 indépendante,
948 2781 64 25 quoi-

539 2817 45 19 que
600 2810 68 20 fidèle
681 2809 13 19 à
704 2808 76 20 Gênes
797 2809 40 24 qui
845 2809 93 19 domine
953 2810 58 19 dans

538 2839 53 21 Plie.
600 2837 77 24 Aussi,
685 2835 118 22 Bonifacio
818 2836 86 20 a-t-elle
920 2837 92 24 produit

538 2867 115 25 plusieurs
667 2870 157 20 personnages
838 2865 173 24 remarquables

538 2901 90 14 comme
650 2893 206 23 administrateurs,
871 2893 96 24 juristes
988 2897 22 16 et

538 2922 123 22 écrivains-
676 2921 98 20 Braceili
784 2924 33 16 est
825 2921 20 19 le
855 2921 51 24 plus
919 2922 92 19 ancien-

538 2953 93 19 nement
639 2955 75 14 connu
723 2949 30 19 de
758 2953 64 15 tous:
831 2948 114 21 historien
956 2955 55 14 con-

537 2978 139 22 sciencieux,
683 2976 17 20 il
709 2976 83 20 écrivit
805 2982 29 13 en
843 2976 67 23 latin,
921 2983 89 14 comme

538 3007 118 23 beaucoup
665 3005 98 19 d’autres
777 3007 94 17 auteurs
878 3010 78 14 corses
969 3006 41 19 des

538 3035 55 22 XVe,
607 3033 59 21 XVIe
680 3037 22 15 et
711 3031 69 21 XVIIe
794 3031 89 21 siècles.
902 3032 36 20 On
955 3037 55 20 peut

537 3066 102 21 compter
647 3067 29 14 au
685 3065 70 15 cours
763 3060 40 20 des
812 3059 50 21 XVe
869 3063 23 16 et
900 3059 59 21 XVIe
966 3061 45 20 siè-

537 3091 47 20 cles
605 3096 47 14 une
674 3087 119 25 vingtaine
805 3088 29 19 de
848 3087 85 21 Corses
954 3089 57 19 dont

540 3119 35 20 les
582 3122 121 19 ouvrages,
713 3121 115 19 parvenus
838 3115 93 26 jusqu'à
942 3122 66 18 nous,

537 3153 30 13 ne
575 3148 126 21 manquent
709 3150 41 18 pas
758 3143 29 20 de
796 3143 87 21 valeur.

563 3176 54 21 Près
629 3176 29 19 de
666 3175 20 20 la
700 3174 88 24 moitié,
801 3181 40 14 sur
849 3180 39 15 ces
898 3175 71 25 vingt,
984 3181 26 14 se

536 3208 54 18 sont
596 3203 119 21 consacrés
722 3203 14 19 à
745 3202 109 21 l’histoire
860 3210 7 16 ;
875 3209 27 14 ce
910 3207 51 16 sont
969 3203 41 21 des

536 3232 176 23 chroniqueurs.
729 3231 75 19 Parmi
818 3237 45 13 eux
871 3230 98 26 figurent
977 3232 32 19 les

535 3260 54 24 cinq
609 3259 53 25 plus
683 3258 68 20 vieux
768 3258 196 26 historiographes
982 3259 28 20 de

536 3287 53 23 l’île,
602 3292 59 14 ceux
671 3285 56 19 dont
740 3286 34 19 les
788 3286 68 19 écrits
869 3287 140 20 constituent

535 3320 60 18 pour
609 3312 59 20 ainsi
683 3312 50 19 dire
750 3313 21 19 le
787 3312 54 20 fond
856 3314 107 19 essentiel
981 3314 28 19 de

535 3346 43 16 nos
590 3339 88 21 vieilles
694 3339 107 20 annales:
819 3339 116 21 Giovanni
948 3341 60 19 délia

535 3369 94 22 Grossa,
646 3367 76 20 Pietro
734 3366 93 25 Cirneo,
844 3367 164 26 Monteggiani,

535 3396 115 21 Ceccaldi,
665 3394 115 25 Filippini.
797 3395 72 25 Quels
879 3402 45 19 que
933 3396 76 21 soient

534 3425 63 21 leurs
604 3423 90 21 défauts
701 3432 27 4 —
736 3429 99 19 manque
848 3424 29 20 de
885 3430 55 14 sens
948 3424 62 21 criti-

536 3458 54 19 que,
603 3451 118 23 crédulité,
735 3451 121 20 confusion
865 3461 26 4 —
899 3452 54 20 c’est
960 3457 50 15 tou-

532 3480 67 25 jours
606 3481 14 18 à
628 3485 44 14 eux
680 3479 56 24 qu’il
744 3478 49 20 faut
800 3479 94 20 d’abord
908 3480 101 20 recourir

535 3507 77 26 quand
626 3513 31 14 on
674 3506 78 20 étudie
767 3506 113 20 l’histoire
896 3507 113 20 ancienne

535 3536 29 19 de
575 3535 22 19 la
612 3534 77 21 Corse.
709 3534 144 20 Patriarches
865 3535 142 23 vénérables,

535 3563 18 19 il
564 3562 49 20 faut
626 3563 34 19 les
675 3562 116 20 conlsuter
803 3568 58 14 avec
873 3562 134 25 précaution

534 3593 25 17 et
566 3596 46 14 non
621 3596 54 14 sans
683 3593 97 20 respect.
797 3589 35 20 Un
840 3594 75 19 autre,
924 3590 40 24 qui
973 3590 35 20 fut

534 3624 32 13 un
574 3618 91 19 illustre
678 3617 121 24 capitaine,
814 3617 100 25 Pompeo
923 3617 85 21 Giusti-

534 3645 72 24 niani,
620 3651 59 15 nous
686 3651 13 14 a
709 3645 69 20 laissé
788 3652 29 13 un
828 3646 55 20 récit
890 3646 118 20 attachant

1037 149 28 20 de
1072 150 23 20 la
1103 157 83 18 guerre
1199 151 40 20 des
1253 150 118 21 Flandres.
1386 152 18 20 A
1413 153 50 19 côté
1470 152 40 20 des

1036 176 132 26 historiens,
1184 179 129 20 n’oublions
1328 184 41 18 pas
1377 180 28 19 de
1414 180 56 20 citer
1476 179 33 20 les

1037 205 77 23 poètes
1129 206 43 20 tels
1184 207 115 24 qu’Anton
1312 205 109 22 Giacomo
1430 207 78 22 Corso,

1036 231 256 26 Androvandi.Rinaldo
1299 232 113 22 Corso.Ce
1420 234 90 20 dernier

1036 263 35 16 est
1080 266 30 13 un
1119 259 68 22 lettré
1201 259 159 25 remarquable
1374 261 39 25 qui
1422 261 35 20 fut
1464 262 45 19 très

1037 293 28 12 en
1078 292 43 14 vue
1133 287 59 21 dans
1204 289 34 19 les
1254 287 92 20 milieux
1361 287 149 22 intellectuels

1037 316 23 16 et
1068 313 122 26 politiques
1198 316 29 19 de
1236 314 79 22 l’Italie
1329 314 29 20 du
1369 315 57 21 XVIe
1434 316 75 20 siècle.

1037 340 73 25 Après
1127 341 33 20 les
1175 343 86 24 poètes,
1278 342 16 20 il
1303 341 47 21 faut
1362 343 100 25 signaler
1478 343 33 20 les

1038 371 94 17 savants
1145 372 22 16 et
1175 376 28 13 en
1219 369 134 25 particulier
1366 370 59 21 deux
1438 371 73 20 méde-

1039 395 50 20 cins
1097 395 28 20 de
1134 397 100 23 premier
1242 397 79 20 ordre:
1331 402 30 13 un
1371 398 41 20 des
1420 399 90 19 maîtres

1039 422 28 20 de
1075 423 22 19 la
1108 423 116 26 chirurgie
1232 429 23 16 et
1263 426 90 19 surtout
1361 424 28 20 de
1398 425 21 19 la
1427 425 84 20 chirur-

1038 450 37 24 gie
1082 450 30 20 de
1119 457 98 18 guerre:
1233 451 113 22 Giovanni
1356 452 89 22 Andrea
1451 453 59 20 délia

1039 477 73 20 Croce
1120 482 24 16 et
1152 479 21 20 le
1182 479 90 21 fameux
1286 478 113 22 Giovanni
1411 481 27 20 da
1448 481 62 22 Vico,

1039 504 23 20 le
1069 506 112 23 praticien
1197 507 90 23 préféré
1301 507 28 19 de
1337 506 65 22 Jules
1411 509 28 19 II.
1451 509 60 20 Tous

1040 538 37 13 ces
1084 536 93 16 auteurs
1186 537 41 16 ont
1235 534 66 23 écrit,
1309 533 46 20 soit
1363 541 28 13 en
1400 536 57 19 latin
1466 536 44 19 soit

1039 564 29 14 en
1076 558 90 24 italien,
1172 560 58 20 mais
1238 561 16 19 il
1265 568 27 13 en
1302 564 35 17 est
1344 567 30 14 un
1384 563 39 24 qui
1432 563 79 19 mérite

1040 591 45 14 une
1097 587 103 20 mention
1215 588 160 23 particulière:
1389 590 53 19 c’est
1451 589 61 20 Sam-

1040 612 64 25 piero
1119 613 82 25 Corso,
1215 615 22 20 le
1245 616 103 24 guerrier
1362 617 118 25 héroïque,
1491 618 20 19 le

1040 641 99 24 patriote
1155 642 116 25 intrépide
1291 644 39 24 qui
1345 651 59 13 nous
1417 652 12 12 a
1444 645 67 20 laissé

1040 669 111 24 quelques
1159 670 79 20 lettres
1247 671 69 20 d’une
1325 671 137 25 vigoureuse
1467 672 45 20 fac-

1039 699 60 20 ture,
1114 700 23 16 et
1149 698 57 19 dont
1218 699 113 20 certaines
1344 710 27 6 —
1379 704 22 16 et
1413 707 44 14 non
1470 701 40 20 des

1040 724 75 19 moins
1132 725 118 21 curieuses
1266 736 26 4 —
1304 734 84 14 encore
1405 728 104 24 inédites,

1040 755 52 16 sont
1100 751 112 25 déposées
1220 760 45 13 aux
1270 755 113 20 Archives
1391 756 29 19 de
1428 756 82 20 Gênes.

1066 779 30 19 Le
1112 779 71 21 XVIIe
1198 781 72 20 siècle
1291 783 33 19 vit
1342 783 30 20 du
1390 787 60 16 reste
1465 791 45 13 une

1040 806 118 25 vingtaine
1178 808 120 22 d'auteurs
1322 816 79 15 corses
1423 811 87 24 publier

1039 833 77 21 divers
1122 834 79 24 livres,
1215 837 46 19 soit
1269 844 29 13 en
1307 838 65 23 latin,
1379 838 45 20 soit
1433 845 28 14 en
1470 839 41 20 ita-

1040 861 56 22 lien,
1105 862 44 20 soit
1156 863 73 21 même
1242 871 30 13 en
1287 865 120 25 espagnol:
1424 867 85 23 poètes,

1039 889 124 21 historiens
1176 896 30 15 ou
1220 892 176 26 généalogistes,
1409 899 101 15 orateurs

1040 917 314 26 sacrés,juristes,médecins
1363 927 88 14 comme
1459 922 52 20 Gio-

1038 945 70 19 vanni
1122 945 104 25 Daniele,
1236 948 29 20 ils
1279 952 41 16 ont
1335 948 69 21 traité
1413 953 52 17 tous
1478 950 32 20 les

1040 978 91 18 genres,
1139 975 52 19 sauf
1198 974 23 20 le
1228 975 87 21 drame.
1331 976 18 20 Il
1358 976 94 21 allaient
1464 979 47 19 étu-

1040 1000 50 20 dier
1097 1000 83 22 durant
1187 1002 51 20 leur
1240 1003 110 25 jeunesse
1356 1004 96 21 dansles
1458 1005 53 20 Uni-

1040 1028 97 20 versités
1150 1029 58 21 delà
1217 1032 133 23 péninsule:
1359 1032 15 20 à
1387 1032 78 24 Rome,
1476 1033 35 20 Pi-

1040 1061 32 17 se,
1095 1056 100 21 Padoue.
1219 1059 111 25 Bologne,
1351 1060 30 19 où
1403 1060 107 20 d’aucuns

1040 1084 75 20 même
1130 1084 160 22 bénéficiaient
1305 1087 29 20 de
1342 1087 97 21 bourses
1452 1088 59 20 suffi-

1039 1115 86 17 santes.
1141 1112 18 20 Il
1174 1113 50 20 faut
1237 1114 93 20 insister
1344 1121 40 13 sur
1396 1121 30 13 un
1436 1115 29 20 de
1473 1122 36 14 ces

1040 1142 93 18 auteurs
1146 1140 31 20 du
1191 1141 70 20 XVIIe
1277 1142 76 22 siècle,
1371 1142 75 21 l’abbé
1466 1143 45 20 Gu-

1039 1166 93 25 glielmo
1139 1168 132 25 Guglielmi,
1278 1170 29 20 de
1312 1170 105 20 Piazzole
1422 1170 89 21 d’Orez-

1041 1200 34 18 za,
1090 1196 39 24 qui
1142 1200 36 16 est
1193 1197 22 19 le
1230 1197 54 24 plus
1301 1198 83 20 ancien
1399 1199 65 24 poète
1482 1205 27 13 en

1041 1222 97 20 dialecte
1143 1230 65 14 corse
1213 1224 57 20 dont
1274 1225 35 20 les
1314 1232 53 14 vers
1373 1232 58 14 nous
1436 1228 74 18 soient

1041 1255 116 18 parvenus
1162 1258 7 12 :
1186 1251 127 21 fantaisiste
1320 1256 24 16 et
1350 1253 136 23 humoriste,
1494 1254 16 19 il

1042 1280 35 16 est
1092 1277 61 24 plein
1162 1278 67 21 d’une
1237 1286 71 13 verve
1315 1280 59 20 drue
1387 1284 25 16 et
1424 1280 87 20 honnê-

1041 1307 87 18 tement
1135 1306 115 25 comique.

1070 1335 46 19 Peu
1127 1335 14 20 à
1155 1341 51 18 peu,
1216 1335 33 20 les
1257 1335 98 25 exploits
1363 1336 42 20 des
1413 1336 97 21 officiers

1039 2544 77 14 corses
1130 2538 41 25 qui
1186 2542 40 16 ont
1239 2537 49 25 pris
1304 2537 29 20 du
1347 2537 89 21 service
1451 2538 57 19 dans

1038 2572 99 18 presque
1144 2569 53 17 tous
1205 2566 34 19 les
1248 2571 57 19 pays
1312 2565 29 21 de
1346 2565 113 25 l’Europe,
1463 2564 45 21 l’af-

1038 2593 58 20 faire
1107 2593 164 20 retentissante
1285 2593 28 20 de
1326 2593 21 21 la
1361 2593 71 24 garde
1446 2598 62 14 corse

1037 2621 30 20 du
1083 2621 70 24 Pape,
1168 2621 22 19 la
1208 2621 131 20 renommée
1351 2619 102 26 justifiée
1468 2621 40 18 des

1037 2649 115 20 médecins
1158 2655 87 17 corses,
1252 2649 147 20 contribuent
1408 2649 13 19 à
1430 2649 78 24 répan-

1037 2677 40 20 dre
1089 2684 30 13 un
1134 2677 87 20 certain
1234 2677 74 20 lustre
1321 2683 40 14 sur
1374 2677 21 19 le
1409 2682 52 14 nom
1479 2676 28 20 de

1037 2709 66 16 notre
1108 2705 38 22 île,
1154 2705 140 25 jusqu’alors
1302 2704 51 21 bien
1364 2711 45 18 peu
1417 2710 30 14 ou
1457 2704 49 20 bien

1037 2733 45 20 mal
1089 2739 99 14 connue.
1195 2733 34 19 Au
1238 2732 81 20 XVIIIe
1327 2732 78 22 siècle,
1410 2732 97 20 cetéclat

1037 2767 28 14 va
1072 2760 123 24 s’étendre,
1204 2761 22 19 la
1235 2759 73 21 Corse
1316 2767 26 13 va
1349 2760 69 25 jouer
1431 2766 30 13 un
1473 2760 34 19 rô-

1036 2789 22 20 le
1075 2789 127 24 important
1216 2788 58 20 dans
1287 2788 121 23 l’histoire,
1423 2787 43 20 elle
1480 2794 26 13 va

1035 2816 106 25 défrayer
1149 2817 22 19 la
1179 2816 128 24 chronique
1314 2816 111 25 politique
1434 2821 40 18 par
1482 2821 24 13 sa

1035 2845 88 20 révolte
1132 2844 106 20 contrela
1244 2844 152 20 Sérénissime
1402 2843 106 24 Républi-

1035 2879 45 18 que
1088 2872 28 20 de
1125 2872 86 23 Gênes,
1220 2878 43 18 par
1271 2878 26 13 sa
1305 2872 58 20 lutte
1372 2871 135 23 désespérée

1037 2904 79 17 contre
1133 2900 23 20 la
1169 2899 101 24 France;
1287 2899 21 20 le
1322 2905 54 14 nom
1390 2899 29 18 de
1436 2897 69 25 Paoli,

1035 2928 140 25 législateur,
1190 2927 114 24 capitaine
1318 2931 24 16 et
1357 2926 107 25 patriote,
1479 2932 27 14 va

1035 2957 130 19 s’entourer
1178 2955 69 20 d’une
1261 2954 140 25 magnifique
1416 2954 90 20 auréole

1036 2985 29 19 de
1077 2984 81 25 gloire.
1172 2983 31 20 La
1212 2982 81 24 Corse,
1305 2983 22 19 le
1344 2981 82 26 peuple
1442 2987 64 14 corse

1036 3012 73 25 prend
1122 3010 137 21 conscience
1268 3010 28 20 de
1309 3016 26 14 sa
1343 3009 163 26 personnalité,

1035 3040 29 20 de
1071 3045 42 14 son
1121 3038 142 25 originalité,
1268 3041 31 21 et,
1305 3039 67 24 grâce
1377 3042 44 15 aux
1429 3036 77 20 efforts

1035 3067 29 20 de
1073 3067 72 22 Paoli,
1151 3072 45 14 aux
1202 3065 114 21 sacrifices
1324 3066 28 20 de
1360 3070 38 15 ses
1406 3064 75 23 héros,
1489 3064 16 20 il

1035 3101 28 14 va
1068 3094 86 20 former
1159 3100 46 14 une
1214 3093 90 21 nation.
1312 3093 48 20 Une
1368 3091 87 26 pléiade
1462 3092 44 20 d’é-

1035 3122 109 23 crivains,
1157 3124 91 18 surtout
1262 3121 29 20 de
1304 3119 131 26 polémistes
1446 3120 60 24 puis-

1035 3154 73 20 sants,
1116 3150 29 20 de
1152 3148 178 26 pamphlétaires
1337 3148 132 25 vigoureux,
1478 3153 26 14 va

1036 3178 77 24 surgir
1121 3181 83 17 autour
1215 3177 31 19 du
1256 3176 67 24 Chef,
1333 3177 29 19 du
1372 3175 56 19 Père
1443 3175 27 19 de
1484 3175 20 19 la

1036 3206 85 21 Patrie:
1127 3205 35 20 les
1168 3202 226 25 Salvini,lesNatali,
1401 3202 32 20 les
1440 3201 65 21 Guel-

1035 3234 59 20 fucci
1102 3237 23 17 et
1131 3233 108 20 combien
1248 3232 108 22 d’autres,
1366 3234 56 15 vont
1429 3230 76 20 lancer

1035 3262 62 20 leurs
1103 3261 79 24 appels
1190 3260 166 22 retentissants,
1362 3257 63 21 leurs
1429 3258 76 20 invec-

1035 3290 60 18 tives
1101 3289 103 19 acérées:
1221 3285 192 27 Giustificazione,
1427 3286 77 19 Disin-

1033 3321 88 18 ganno,
1137 3315 25 19 la
1182 3315 93 19 Corsicà
1289 3315 31 19 aï
1330 3312 53 21 suoi
1395 3312 55 25 figli
1463 3312 41 20 des

1035 3346 105 16 orateurs
1146 3342 137 20 émouvants
1290 3349 6 13 :
1305 3342 33 20 les
1346 3340 118 23 Grimaldi,
1470 3340 33 20 les

1034 3370 104 24 Mariani,
1146 3373 58 17 vont
1217 3368 127 22 entretenir
1354 3368 24 19 le
1390 3367 37 21 feu
1441 3368 62 20 sacré

1034 3398 30 19 du
1070 3398 143 24 patriotisme
1219 3404 7 18 ;
1233 3397 66 21 Paoli
1305 3402 38 20 par
1349 3401 37 14 ses
1391 3396 111 23 discours,

1034 3432 43 18 par
1083 3431 26 14 sa
1121 3425 198 25 correspondance
1327 3422 138 21 formidable
1478 3430 25 13 se

1034 3453 65 24 place
1110 3460 29 13 au
1153 3453 101 24 premier
1269 3458 54 18 rang
1337 3451 40 20 des
1391 3451 111 20 écrivains

1034 3481 29 20 de
1075 3487 42 14 son
1125 3484 75 21 temps
1207 3488 6 12 :
1222 3481 68 20 lettré
1297 3478 82 24 averti,
1387 3478 117 20 humanis-

1035 3512 23 16 te
1071 3508 111 22 éminent,
1199 3509 17 19 il
1235 3512 37 17 est
1286 3506 112 27 peut-être
1414 3507 22 19 le
1452 3507 50 24 plus

1033 3537 74 24 grand
1115 3536 30 19 de
1155 3539 52 17 tous
1215 3537 34 19 les
1264 3534 113 22 écrivains
1384 3540 86 14 corses.
1484 3533 18 21 Il

1033 3564 70 20 fonde
1111 3569 46 14 une
1165 3563 131 20 Université
1304 3561 115 21 nationale
1426 3562 14 20 à
1449 3562 54 20 Cor-

1033 3595 32 20 te,
1073 3593 29 19 où
1116 3591 137 24 enseignent
1261 3591 34 20 les
1308 3590 93 19 maîtres
1408 3589 94 20 francis-

1033 3620 64 19 cains
1109 3622 24 16 et
1145 3619 122 24 capucins;
1279 3619 18 19 il
1305 3617 51 20 crée
1371 3623 46 14 une
1424 3617 78 24 impri-

1033 3647 71 20 merie
1115 3647 14 20 à
1145 3646 107 24 Prunete,
1263 3646 52 25 puis
1328 3645 14 19 à
1350 3643 79 22 Corte.
1436 3644 66 20 Cette

1535 152 91 25 époque
1640 154 36 18 est
1685 151 58 24 l’âge
1752 150 49 20 d’or
1808 150 31 20 du
1849 150 67 24 passé
1931 155 78 17 corse;

1535 179 22 20 le
1566 179 83 25 peuple
1664 178 65 20 vibre
1743 178 155 23 d’espérance,
1912 180 34 16 est
1960 176 51 24 prêt

1536 213 58 18 pour
1602 210 74 16 toutes
1690 206 34 20 les
1737 205 135 25 grandeurs,
1888 207 76 17 toutes
1977 204 33 19 les

1534 233 94 25 gloires.
1637 235 54 19 Plus
1697 234 28 19 de
1731 232 128 25 vingt-cinq
1866 232 115 20 écrivains
1984 240 25 4 —

1535 267 56 14 sans
1604 267 102 19 compter
1720 261 34 20 les
1768 266 135 18 anonymes,
1912 271 26 4 —
1948 259 63 20 illus-

1535 292 64 17 trent
1606 290 61 19 alors
1676 290 34 19 les
1719 289 80 20 lettres
1807 293 91 18 corses;
1909 286 101 20 maniant

1535 316 197 24 supérieurement
1740 315 94 20 l’italien
1843 318 23 16 et
1880 314 22 20 le
1916 314 64 22 latin,
1994 313 15 19 il

1536 343 108 24 forment,
1650 344 25 24 je
1682 344 20 20 le
1712 344 87 23 répète,
1808 349 46 13 une
1861 342 91 24 pléiade
1962 340 49 21 uni-

1535 377 47 18 que
1591 374 23 16 et
1622 371 138 25 homogène.
1775 371 60 19 Leur
1843 376 80 14 oeuvre
1931 377 12 12 a
1953 374 58 20 pour

1536 398 63 24 objet
1612 399 108 20 essentiel
1729 398 29 20 de
1770 397 101 26 justifier
1883 397 21 20 la
1914 397 97 20 Révolu-

1536 425 49 20 tion
1592 432 73 18 corse,
1675 426 34 20 les
1718 426 73 20 droits
1804 426 31 19 du
1849 425 83 25 peuple
1946 430 64 14 corse

1536 457 24 15 et
1577 453 28 19 de
1615 457 50 16 tout
1681 453 86 25 peuple
1775 454 13 19 à
1803 459 46 14 une
1865 452 37 20 vie
1916 452 59 20 libre
1987 454 24 17 et

1536 480 125 21 nationale.
1681 481 124 20 Franchise
1826 487 31 13 un
1880 486 45 18 peu
1946 479 63 23 rude,

1536 507 120 25 souplesse
1670 509 58 19 dans
1741 509 23 19 la
1778 507 139 23 discussion,
1931 513 80 14 amour

1537 535 125 22 passionné
1671 536 28 19 de
1707 536 23 19 la
1739 536 86 24 patrie:
1842 542 39 13 ces
1895 535 55 19 trait
1962 534 49 20 fon-

1536 561 140 21 damentaux
1689 563 40 24 qui
1743 563 35 20 les
1787 562 162 20 caractérisent
1957 566 54 16 vont

1536 594 26 13 se
1570 593 119 16 retrouver
1697 590 58 20 dans
1771 594 64 16 toute
1849 590 22 20 la
1884 589 127 20 littérature

1537 616 115 21 vraiment
1659 623 73 14 corse.

1564 645 63 20 C'est
1635 645 90 20 ensuite
1734 645 148 21 Ponte-Novo
1891 649 23 16 et
1926 644 85 21 l'anne-

1536 673 54 21 xion
1613 674 13 19 à
1652 673 21 19 la
1692 673 87 20 France
1786 680 7 17 ;
1810 672 148 21 l’Université
1982 672 29 19 de

1536 700 195 25 Cortedisparaît.
1739 701 52 24 Que
1799 701 74 19 va-t-il
1880 700 131 20 advenirde

1535 728 163 24 l’intelligence
1704 728 81 20 corse?
1793 728 82 20 Placée
1880 732 64 16 entre
1952 728 60 19 deux

1536 755 102 23 milieux,
1647 756 60 20 deux
1723 760 109 16 courants
1846 756 30 20 de
1884 756 90 19 culture
1985 764 27 5 —

1536 783 125 20 l’italienne
1675 788 23 15 et
1711 784 21 19 la
1741 783 175 24 française—la
1933 783 77 20 nation

1537 817 36 15 va,
1586 817 47 13 non
1645 817 41 18 pas
1699 811 67 20 subir
1783 817 31 13 un
1823 811 62 20 arrêt
1902 811 58 20 dans
1968 816 42 14 son

1535 838 192 24 développement
1743 838 149 24 intellectuel,
1913 838 58 20 mais
1990 839 22 19 é-

1536 872 99 18 prouver
1643 866 113 23 quelques
1764 865 136 21 hésitations
1910 866 51 19 bien
1973 872 39 14 na-

1535 893 106 20 turelles.
1647 893 35 20 Un
1691 893 112 19 excellent
1808 893 75 24 poète,
1889 893 75 20 Nobili
1972 893 39 20 Sa-

1535 920 64 24 velli,
1608 927 31 13 un
1648 920 112 20 historien
1769 924 81 16 savant
1858 924 24 16 et
1895 920 116 20 conscien-

1536 948 74 23 cieux,
1634 948 141 25 Limperani,
1797 948 168 20 maintiennent
1989 949 21 19 la

1535 976 118 20 tradition.
1663 976 57 20 Mais
1728 976 22 20 la
1759 976 83 24 langue
1851 975 112 24 française
1970 976 41 20 fait

1536 1010 44 19 peu
1598 1004 28 19 de
1643 1004 109 24 progrès;
1771 1004 113 24 quelques
1904 1007 105 17 auteurs:

1536 1031 145 24 B.uttafuoco,
1689 1031 105 20 Colonna
1803 1031 28 20 de
1840 1030 79 21 Cesari
1927 1031 82 24 Rocca,

1536 1059 155 24 Constantin!,
1699 1059 181 23 deFranceschi,
1892 1059 119 20 s’essaient

1536 1088 13 19 à
1558 1087 73 20 écrire
1639 1093 29 14 en
1676 1086 107 24 français.
1792 1088 19 19 A
1819 1087 22 19 la
1849 1086 32 20 fin
1890 1087 29 20 du
1929 1087 82 20 XVIIIe

1535 1114 272 25 siècleparaîtNapoléon
1817 1115 129 24 Bonaparte
1955 1115 56 19 dont

1535 1142 35 20 les
1595 1142 109 23 premiers
1730 1148 115 18 ouvrages
1861 1152 27 4 —
1904 1142 103 20 histoire,

1536 1170 138 24 pamphlets,
1684 1176 93 13 romans
1785 1181 25 4 —
1819 1174 54 15 sont
1881 1170 71 20 écrits
1966 1176 44 14 eux

1535 1198 64 19 aussi
1608 1204 29 13 en
1647 1204 30 13 un
1686 1197 99 24 français
1794 1203 64 14 assez
1875 1198 133 24 vigoureux,

1536 1226 59 19 mais
1604 1224 86 25 parfois
1698 1231 44 18 peu
1751 1225 40 19 sûr
1799 1228 22 16 et
1830 1231 44 18 peu
1886 1229 96 16 correct.

1561 1253 117 24 Napoléon
1685 1264 25 4 —
1716 1252 59 20 celui
1783 1252 92 20 d’avant
1882 1253 57 24 1793,
1949 1252 59 20 celui

1536 1280 29 20 de
1571 1281 22 19 la
1601 1281 77 20 Lettre
1683 1281 16 19 à
1705 1280 72 20 Paoli
1784 1283 23 16 et
1815 1280 22 19 la
1844 1280 78 20 Lettre
1930 1281 16 19 à
1952 1280 56 20 But-

1536 1308 95 25 tafuoco
1644 1318 25 4 —
1681 1311 36 17 est
1734 1314 84 13 encore
1833 1308 59 20 dans
1900 1308 23 20 la
1939 1308 70 20 tradi-

1535 1337 50 19 tion
1603 1336 30 20 du
1650 1336 81 20 XVIIIe
1739 1336 78 23 siècle,
1834 1336 29 20 de
1881 1336 56 25 l’âge
1951 1336 55 20 d’or.

1517 2539 6 26 |
1534 2537 55 21 Plus
1605 2538 103 24 tard,son
1723 2539 170 24 incomparable
1903 2540 104 21 destinée

1534 2565 113 26 changera
1656 2572 37 14 ses
1701 2566 72 24 idées,
1789 2567 57 20 mais
1855 2568 17 19 il
1881 2572 85 16 restera
1975 2575 31 13 un

1533 2593 103 20 écrivain
1653 2594 28 19 de
1689 2594 55 20 haut
1753 2601 58 18 rang
1820 2601 40 17 par
1869 2601 36 14 ses
1919 2596 88 24 lettres,

1533 2626 26 13 sa
1567 2622 205 24 correspondance,
1779 2628 37 14 ses
1825 2624 181 20 commentaires.

1533 2647 63 21 Nous
1610 2653 96 17 entrons
1723 2656 57 13 avec
1796 2650 33 19 lui
1838 2651 29 19 de
1884 2651 123 25 plaîn-pied

1533 2675 58 21 dans
1600 2676 20 20 le
1636 2677 59 21 XIXe
1711 2678 78 21 siècle,
1806 2678 20 20 si
1844 2679 125 24 complexe,
1987 2680 20 20 si

1532 2704 99 24 troublé,
1642 2705 19 19 si
1671 2705 88 21 divers.
1775 2705 30 20 La
1816 2706 109 24 jeunesse
1933 2713 73 19 corse,

1530 2731 86 25 jusque
1625 2738 53 14 vers
1687 2732 56 24 i85o,
1758 2734 109 19 continue
1875 2735 13 19 à
1901 2734 107 25 fréquen-

1532 2762 44 20 ter,
1585 2766 29 14 en
1623 2760 102 25 majeure
1733 2762 83 23 partie,
1825 2762 34 20 les
1868 2762 139 22 universités

1532 2786 132 25 italiennes;
1671 2794 54 14 sous
1733 2788 23 20 le
1764 2788 90 21 Second
1864 2789 91 26 Empire
1961 2791 45 20 elle

1532 2820 26 14 se
1566 2815 73 25 dirige
1645 2816 52 24 plus
1706 2820 100 16 souvent
1814 2823 52 14 vers
1875 2818 33 20 les
1917 2818 90 21 univer-

1532 2842 56 20 sités
1609 2843 127 24 françaises
1744 2851 7 13 :
1771 2844 51 24 Aix,
1852 2844 154 26 Montpellier,

1533 2869 74 21 Paris.
1622 2870 50 20 Elle
1686 2871 66 20 tâche
1760 2872 29 19 de
1805 2872 97 20 s’initier
1915 2879 44 15 aux
1965 2874 43 20 let-

1531 2900 48 17 tres
1592 2897 127 25 françaises
1728 2903 23 15 et
1759 2905 25 14 se
1791 2899 70 21 laisse
1869 2901 91 20 séduire
1965 2908 41 18 par

1531 2925 22 20 le
1563 2925 109 21 souffîedu
1687 2927 160 24 romantisme;
1866 2928 140 21 malheureu-

1531 2957 98 19 sement,
1639 2960 56 14 ceux
1701 2954 88 20 d’entre
1794 2954 34 20 les
1834 2955 83 25 jeunes
1922 2956 84 22 Corses

1532 2980 40 25 qui
1579 2981 163 21 s’adonneront
1750 2983 14 19 à
1772 2988 27 14 ce
1806 2988 72 19 genre
1886 2984 29 19 de
1928 2985 78 24 poésie

1532 3014 30 14 ne
1573 3013 79 16 seront
1665 3015 45 18 que
1716 3009 28 20 de
1754 3011 47 19 très
1809 3010 64 24 pâles
1880 3011 125 22 imitateurs

1532 3036 29 20 de
1578 3036 74 25 Hugo.
1665 3037 20 19 A
1699 3038 50 19 côté
1759 3038 27 19 de
1800 3041 60 17 cette
1869 3039 135 23 production

1531 3069 29 14 en
1565 3064 83 25 langue
1661 3064 124 25 française,
1795 3069 23 17 et
1831 3067 175 24 parallèlement

1531 3091 13 20 à
1561 3092 52 23 elle,
1633 3093 109 20 continue
1756 3094 13 19 à
1788 3099 25 14 se
1827 3094 140 25 développer
1982 3096 23 20 le

1531 3124 97 16 courant
1634 3120 28 19 de
1670 3120 86 25 langue
1764 3121 120 24 italienne,
1898 3126 23 16 et
1928 3123 17 19 il
1955 3122 51 22 faut

1531 3147 21 19 le
1570 3148 150 24 reconnaître,
1732 3155 57 13 avec
1806 3149 50 24 plus
1866 3150 27 19 de
1911 3151 92 20 succès:

1531 3175 40 19 des
1579 3176 111 23 patriotes
1698 3182 89 14 comme
1795 3176 91 25 Arrighi
1894 3177 59 21 dans
1960 3184 43 14 son

1515 3206 5 19 I
1533 3202 89 25 Voyage
1629 3203 30 20 de
1672 3203 132 25 Lycomède,
1823 3204 40 20 des
1881 3204 124 22 historiens

1530 3236 89 14 comme
1627 3230 154 25 Renucci,des
1796 3235 106 17 conteurs
1917 3239 88 15 comme

1531 3257 58 21 Gian
1608 3257 52 21 Vito
1678 3258 113 20 Grimaldi
1806 3263 23 16 et
1838 3259 111 24 Renucci,
1964 3261 40 20 des

1530 3285 150 24 philosophes
1695 3290 23 16 et
1740 3286 41 20 des
1796 3286 96 24 juristes
1916 3294 88 14 comme

1529 3312 51 25 Mgr
1588 3312 100 24 Peraldi,
1697 3313 41 20 des
1756 3313 143 25 théologiens
1916 3320 88 16 comme

1529 3340 22 20 le
1559 3340 103 20 cardinal
1668 3340 100 25 Zigliara
1777 3340 100 25 figurent
1883 3347 56 15 avec
1944 3342 60 20 hon-

1529 3374 59 14 neur
1604 3368 57 20 dans
1678 3374 47 14 une
1740 3368 139 21 littérature.
1897 3369 107 21 Salvator

1530 3396 64 20 Viale
1603 3400 36 16 est
1646 3402 31 14 un
1686 3397 68 24 poète
1761 3396 180 25 héroï-comique
1947 3397 55 21 d'un

1529 3424 74 24 grand
1618 3424 108 23 talent,et
1741 3424 51 24 Mgr
1808 3424 92 20 Peraldi
1917 3429 34 16 est
1970 3432 32 14 un

1528 3455 93 17 orateur
1628 3452 73 22 sacré,
1711 3458 31 13 un
1757 3451 133 25 sociologue
1897 3457 23 15 et
1927 3459 32 14 un
1966 3459 36 14 ca-

1529 3479 212 22 nonisteéminent;
1752 3479 16 19 il
1776 3485 14 13 a
1799 3479 59 20 écrit
1865 3486 40 13 sur
1914 3480 21 20 le
1947 3487 55 18 peu-

1528 3507 39 23 ple
1574 3510 24 16 et
1605 3507 22 19 la
1635 3507 84 24 langue
1727 3512 79 14 corses
1813 3507 40 19 des
1864 3513 70 19 pages
1948 3508 54 20 défi-

1528 3534 91 20 nitives.
1638 3534 34 20 Au
1681 3534 59 20 XIXe
1748 3534 77 23 siècle,
1838 3534 31 20 du
1883 3539 69 20 reste,
1961 3536 40 20 Co-

1527 3562 79 19 lomba
1611 3562 29 20 de
1645 3561 109 20 Mérimée
1760 3568 13 13 a
1781 3561 42 20 fait
1831 3566 80 17 entrer
1917 3563 22 20 la
1945 3563 56 20 Cor-

1527 3595 24 14 se
1560 3589 58 19 dans
1630 3589 22 20 la
1659 3589 132 20 littérature
1798 3588 114 25 française
1920 3594 23 16 et
1955 3591 46 20 mê-

1527 3623 37 13 me
1572 3617 148 23 universelle,
1727 3622 88 14 comme
1822 3617 15 20 Y
1836 3617 104 20 Histoire
1948 3622 22 16 et
1977 3618 23 20 le

1530 3645 88 24 Voyage
1634 3644 28 20 de
1671 3644 155 25 Gregorovius
1835 3650 43 19 peu
1888 3645 28 20 de
1924 3649 74 21 temps

2037 147 66 24 après
2112 145 165 25 enseigneront
2294 150 40 14 son
2354 143 68 24 passé
2440 141 73 19 héroï-

2037 180 44 18 que
2098 177 23 16 et
2135 174 139 20 tourmenté.
2283 171 57 21 Mais
2349 168 165 24 surtout,n’ou-

2037 201 74 20 blions
2128 207 39 19 pas
2177 201 28 19 de
2214 201 49 20 dire
2281 205 45 19 que
2335 197 57 21 c’est
2408 203 29 14 au
2454 195 57 21 XIXe

2036 228 69 20 siècle
2119 235 45 19 que
2181 232 53 16 sont
2250 227 90 25 publiés
2350 226 34 19 les
2401 223 112 26 premiers

2037 256 97 20 recueils
2144 256 28 20 de
2180 256 90 24 poésies
2284 253 133 26 populaires
2426 257 86 16 corses,

2036 284 67 25 grâce
2111 290 45 14 aux
2164 287 96 17 travaux
2269 283 28 20 de
2306 282 52 22 Fée,
2368 281 29 19 de
2406 280 106 20 Tomma-

2037 318 48 16 sco,
2100 311 109 23 d'Ortoli,
2227 311 28 20 de
2269 310 51 20 J.B.
2336 307 126 25 Marcaggi.
2477 306 35 23 Et,

2037 345 53 14 sans
2106 339 78 23 doute,
2201 345 54 14 sous
2273 337 131 21 l’influence
2422 335 29 19 de
2472 340 40 14 ces

2037 366 81 20 chants
2132 366 59 20 ainsi
2201 365 145 22 ressuscités,
2360 364 29 20 de
2399 370 26 12 ce
2433 361 82 21 folklo-

2037 401 24 13 re
2083 394 138 23 renaissant,
2239 394 42 19 des
2298 391 115 22 écrivains
2436 396 77 14 corses

2037 421 122 21 n’hésitent
2164 428 40 19 pas
2213 423 13 18 à
2235 421 134 25 s'exprimer
2378 426 28 13 en
2416 418 96 20 dialecte

2037 456 66 14 corse
2109 456 5 14 :
2129 450 35 20 les
2171 450 72 20 Santu
2253 449 131 21 Casanova,
2394 448 34 19 les
2437 446 77 20 Vatte-

2037 477 222 25 lapesca-Lucciana,
2278 477 33 20 les
2335 474 129 24 Lucciardi,
2491 477 23 16 et

2037 509 50 16 tant
2098 505 100 20 d’autres
2206 505 103 20 donnent
2317 504 40 20 des
2375 506 88 19 contes,
2473 502 40 19 des

2038 533 98 24 poésies,
2148 533 41 20 des
2197 532 124 22 chansons,
2333 532 42 19 des
2389 529 123 21 comédies,

2037 560 41 20 des
2090 560 95 20 articles
2202 560 29 20 de
2241 560 130 24 journaux..
2383 558 128 21 Casanova,

2037 588 129 25 patriarche
2179 588 57 20 delà
2251 588 130 20 littérature
2390 592 29 13 en
2428 585 85 24 langue

2037 622 73 18 corse,
2127 616 70 20 fonde
2206 623 30 13 un
2248 615 94 25 journal
2359 612 118 24 dialectal,
2492 612 21 19 la

2038 644 88 20 célèbre
2136 644 167 20 Tramuntana.

2061 671 27 21 Et
2096 672 152 22 maintenant,
2260 672 56 19 c’est
2323 671 23 19 le
2354 675 107 15 nouveau
2471 668 42 20 siè-

2037 699 43 24 cle,
2090 700 21 19 le
2120 699 58 21 XXe:
2197 699 95 21 Saverio
2301 698 64 21 Paoli
2374 702 23 15 et
2406 703 37 14 ses
2452 702 61 14 com-

2038 733 102 19 pagnons
2148 727 91 20 lancent
2250 726 130 20 hardiment
2388 726 20 20 A
2421 725 90 24 Cispra,

2037 755 22 19 la
2076 754 107 20 vaillante
2202 761 69 13 revue
2291 754 98 20 corsiste
2412 753 58 19 dont
2490 752 22 19 la

2036 788 82 19 guerre
2126 782 135 24 interrompt
2271 782 22 20 la
2302 780 153 26 publication.
2470 779 42 20 Les

2037 813 80 21 quatre
2142 810 85 19 années
2252 809 119 25 tragiques
2396 807 115 23 écoulées,

2037 838 110 23 quelques
2161 837 103 20 hommes
2278 842 131 19 courageux
2423 841 25 14 se
2458 838 55 16 met-

2037 868 49 16 tent
2099 866 14 18 à
2120 865 94 19 l’oeuvre
2221 871 6 13 :
2245 864 16 20 il
2275 865 68 24 s’agit
2356 864 30 19 de
2398 869 85 13 sauver
2491 863 21 18 le

2038 892 95 20 dialecte
2148 899 72 16 corse,
2238 892 28 19 de
2281 892 82 19 rendre
2380 897 29 13 au
2428 890 84 25 peuple

2038 926 64 14 corse
2110 920 22 19 la
2141 923 62 16 nette
2211 919 136 20 conscience
2355 919 30 19 de
2393 925 43 13 son
2445 917 66 25 origi-

2038 947 69 20 nalité
2115 951 23 16 et
2146 947 28 20 de
2183 953 24 14 sa
2217 947 86 20 valeur.
2317 947 62 20 C’est
2387 946 22 20 le
2418 946 41 20 but
2467 952 45 17 que

2037 981 25 13 se
2069 978 125 21 proposent
2207 974 68 20 Petru
2284 974 74 20 Rocca
2366 977 24 16 et
2398 980 38 14 ses
2444 973 69 20 colla-

2037 1002 119 20 borateurs
2169 1009 28 13 en
2211 1003 79 19 créant
2304 1002 20 20 A
2334 1003 94 19 Muvra.
2446 1001 67 20 Cette

2036 1030 113 24 intrépide
2156 1030 89 24 pléiade
2257 1031 30 18 où
2297 1029 94 20 brillent
2398 1030 14 18 à
2421 1029 52 19 coté
2481 1029 30 19 du

2037 1057 58 24 chef,
2117 1063 43 14 son
2177 1057 60 20 frère
2253 1057 95 24 Matteu,
2370 1056 141 21 Ghiannettu

2036 1084 85 24 Notini,
2139 1085 98 20 Martinu
2246 1085 168 25 Appinzapalu,
2432 1084 80 20 Orsini

2035 1112 178 26 d’Ampugnani,
2226 1112 78 21 Mattéi
2313 1112 80 23 Torre,
2402 1112 108 22 Tristani,

2036 1140 27 20 G.
2069 1140 23 20 di
2098 1141 22 19 la
2129 1140 90 24 Grofta,
2228 1140 117 24 Minicale,
2353 1140 90 20 Alessiu
2454 1139 58 20 Mar-

2035 1168 78 24 chetti,
2123 1168 70 20 Petru
2201 1169 23 18 di
2233 1168 76 23 Niolu,
2323 1168 63 24 Kyrn
2395 1171 25 16 et
2427 1167 84 21 maints

2035 1200 84 19 autres,
2130 1202 14 14 a
2153 1196 112 24 entrepris
2275 1202 45 14 une
2327 1196 67 19 tâche
2402 1196 40 24 qui
2452 1201 60 14 com-

2035 1230 79 14 mence
2121 1225 14 18 à
2144 1227 77 20 porter
2233 1230 37 13 ses
2279 1223 75 20 fruits.
2374 1223 51 20 Une
2433 1223 79 24 poésie

2034 1251 119 20 dialectale
2168 1257 66 14 corse
2251 1254 35 17 est
2303 1251 163 19 actuellement
2481 1256 29 14 en

2034 1279 61 24 plein
2111 1279 198 24 développement,
2330 1282 24 16 et
2368 1279 36 19 les
2421 1279 90 19 récents

2034 1307 97 20 recueils
2139 1307 29 20 de
2176 1305 116 22 Giordanó
2301 1307 118 23 d’Orezza,
2429 1306 30 20 de
2468 1306 44 20 No-

2033 1334 42 20 tini
2088 1338 24 16 et
2119 1335 29 20 de
2157 1334 109 25 Filippini
2280 1341 29 13 en
2322 1339 54 16 sont
2388 1335 23 19 la
2425 1340 86 19 preuve

2033 1362 120 21 éclatante.
2159 1362 36 21 Un
2203 1363 88 19 théâtre
2300 1369 66 13 corse
2374 1362 29 20 où
2414 1362 68 20 brille
2490 1362 21 20 le

2034 1397 53 13 nom
2099 1391 29 19 de
2137 1391 78 20 Notini
2231 1397 12 14 a
2252 1391 36 20 été
2297 1390 108 26 organisé
2419 1394 24 16 et
2451 1397 60 13 rem-

2033 1422 64 21 porte
2105 1418 115 25 triomphe
2228 1425 40 13 sur
2276 1418 124 26 triomphe.
2416 1417 95 26 Chaque

2032 1447 81 23 année,
2133 1453 46 13 une
2194 1454 10 11 «
2211 1446 140 20 merendella
2357 1454 11 11 »
2387 1446 78 20 réunit
2477 1446 33 20 les

2032 1475 78 23 poètes
2118 1481 29 13 en
2156 1481 32 13 un
2198 1475 99 24 banquet
2305 1474 103 20 familial.
2424 1474 30 20 La
2463 1475 49 19 lan-

2031 1509 45 18 gue
2080 1509 26 13 se
2111 1502 45 20 fixe
2162 1509 44 18 peu
2212 1504 13 18 à
2231 1504 126 23 peu:grâce
2363 1509 45 13 aux
2414 1506 97 16 travaux

2031 1530 213 25 lexicographiques
2264 1531 28 19 de
2310 1530 108 20 Falcucci
2441 1533 23 17 et
2481 1531 29 19 de

2033 1558 214 25 Vattelapesca,aux
2255 1559 151 24 grammaires
2415 1558 30 20 de
2453 1558 58 20 Mar-

2032 1586 50 20 tinu
2095 1586 167 25 Appinzapalu,
2280 1586 29 20 de
2321 1585 129 24 Bonifacio,
2466 1592 44 14 aux

2032 1614 135 20 recherches
2181 1614 28 20 de
2224 1614 134 25 Bottiglioni
2372 1617 23 16 et
2408 1614 28 19 de
2452 1614 59 20 Bab-

2032 1641 99 23 buziu.le
2139 1642 98 20 dialecte
2241 1642 89 23 s’épure
2337 1646 22 16 et
2365 1648 26 13 se
2397 1641 112 20 stabilise.

2031 1669 45 20 Sur
2096 1669 22 20 le
2139 1670 121 20 continent
2282 1676 26 13 se
2329 1670 181 20 sontconstitués

2031 1697 41 20 des
2078 1701 164 21 groupements
2256 1697 169 21 intellectueîsc
2437 1704 72 17 orses,

2031 1729 68 20 ayant
2108 1729 97 16 souvent
2211 1726 65 19 leurs
2281 1725 119 25 journaux
2409 1731 30 14 ou
2448 1725 62 20 leurs

2032 1759 80 14 revues
2119 1760 6 12 :
2135 1754 13 19 à
2158 1753 63 24 Nice,
2231 1754 13 19 à
2253 1753 125 23 Marseille,
2387 1754 13 19 à
2409 1753 78 25 Alger,
2497 1754 14 19 à

2032 1781 78 22 Rome,
2124 1782 14 19 à
2147 1781 59 23 Pise,
2221 1782 13 19 à
2244 1781 124 20 Livourne.
2385 1781 31 20 La
2425 1781 86 20 littéra-

2032 1813 51 16 ture
2099 1815 68 14 corse
2183 1809 29 20 de
2228 1809 85 25 langue
2329 1809 112 20 italienne
2459 1810 53 19 s’est

2031 1837 103 20 enrichie
2147 1843 29 13 en
2186 1843 26 14 ce
2220 1837 70 20 siècle
2305 1837 28 20 de
2343 1837 58 20 trois
2416 1843 93 14 romans

2031 1865 139 24 historiques
2184 1865 28 20 de
2225 1865 85 20 Matteu
2324 1865 84 20 Rocca.
2424 1865 87 24 J’ajou-

2031 1893 56 19 terai
2093 1899 60 18 pour
2158 1893 49 19 être
2216 1893 98 24 complet
2322 1899 45 19 que
2376 1893 19 19 si
2401 1899 30 14 en
2438 1892 72 21 Corse

2031 1921 82 23 même,
2130 1921 35 20 les
2181 1920 113 20 écrivains
2309 1921 40 24 qui
2363 1921 147 24 s'expriment

2032 1954 28 14 en
2069 1948 100 24 français
2183 1948 126 20 n’arrivent
2317 1955 48 18 pas,
2381 1948 54 21 sauf
2448 1949 63 24 quel-

2031 1983 57 18 ques
2096 1976 154 24 exceptions,à
2261 1976 29 20 de
2298 1977 48 19 très
2360 1976 108 21 brillants
2477 1978 34 19 ré-

2031 2004 89 23 sultats,
2137 2010 41 18 par
2192 2007 87 20 contre,
2297 2004 115 25 quelques
2426 2004 84 20 Corses

2031 2031 103 20 habitant
2155 2032 22 19 le
2194 2032 121 20 continent
2335 2032 102 24 français
2458 2036 53 17 sont

2031 2065 122 19 parvenus,
2169 2060 70 24 grâce
2247 2060 13 20 à
2269 2060 51 20 leur
2332 2061 124 20 éducation
2466 2061 45 20 for-

2031 2091 87 16 tement
2134 2088 156 20 continentale
2308 2092 22 16 et
2347 2089 12 19 à
2378 2095 30 13 un
2426 2089 83 19 travail

2031 2116 114 24 opiniâtre
2159 2116 61 19 servi
2234 2122 42 18 par
2284 2116 29 19 de
2320 2115 72 21 fortes
2406 2120 24 16 et
2438 2117 71 19 belles

2031 2143 148 25 dispositions
2192 2144 132 23 naturelles,
2342 2144 13 20 à
2366 2151 27 13 se
2404 2144 59 20 faire
2477 2151 32 13 un

2031 2177 53 14 nom
2097 2171 59 20 dans
2167 2172 22 19 la
2202 2172 128 20 littérature
2344 2173 167 24 contemporai-

2031 2205 29 14 ne
2067 2206 6 13 :
2085 2199 22 24 je
2115 2199 52 20 n’en
2176 2206 58 13 veux
2242 2205 60 19 pour
2310 2201 105 24 exemple
2424 2207 46 18 que
2477 2200 31 20 M.

2031 2227 57 20 Abel
2096 2227 118 23 Bonnard,
2229 2227 40 25 qui
2278 2231 36 16 est
2327 2234 31 14 un
2369 2228 46 20 bon
2428 2229 81 19 maître

2031 2255 29 20 de
2067 2255 21 19 la
2095 2255 87 24 langue
2190 2254 115 25 française
2313 2259 23 16 et
2344 2256 41 24 qui
2393 2262 13 13 a
2416 2256 93 25 produit

2031 2283 57 20 trois
2095 2289 30 14 ou
2133 2287 82 20 quatre
2227 2283 124 21 véritables
2364 2284 141 21 chefs-d’oeu-

2032 2317 48 14 vre.

2055 2338 43 21 J’ai
2107 2339 64 19 tâché
2180 2339 140 24 d’esquisser
2332 2340 55 20 bien
2400 2341 108 19 sommai-

2033 2370 88 16 rement
2133 2373 32 13 un
2181 2367 90 20 tableau
2284 2367 30 20 de
2324 2367 114 21 l’histoire
2450 2368 60 20 litté-

2033 2394 58 20 raire
2100 2394 29 20 de
2137 2394 22 20 la
2168 2394 71 20 Corse
2247 2395 91 24 d’après
2353 2395 14 20 Y
2367 2396 142 25 Anthologie

2031 2422 29 20 de
2069 2422 28 20 M.
2104 2422 56 20 Yvia
2169 2421 80 21 Croce.
2265 2423 19 19 A
2300 2429 53 14 mon
2368 2424 59 22 avis,
2437 2430 27 14 ce
2472 2431 35 13 re-

2032 2450 58 20 cueil
2104 2450 58 20 n’est
2170 2457 41 18 pas
2226 2451 130 20 seulement
2370 2458 47 13 une
2429 2458 80 14 oeuvre

2033 2478 105 20 d’intérêt
2151 2477 147 26 rétrospectif
2305 2485 29 13 ou
2344 2484 106 19 pouvant
2459 2486 51 19 pro-

2033 2512 66 14 curer
2113 2513 32 13 un
2162 2507 47 19 très
2224 2507 108 25 agréable
2349 2507 81 25 plaisir
2444 2508 66 20 intel-

2033 2534 93 20 lectuel:
2131 2535 25 24 je
2164 2535 60 19 crois
2230 2535 67 24 qu’en
2306 2535 108 21 dressant
2419 2536 21 20 la
2447 2542 61 14 carte

2034 2563 28 19 de
2069 2563 22 19 la
2100 2563 135 24 production
2248 2563 114 20 littéraire
2377 2570 76 16 corse,
2462 2565 45 19 elle

2033 2594 47 16 met
2092 2596 29 14 en
2130 2597 31 13 un
2170 2590 121 20 saisissant
2299 2590 68 21 relief
2378 2592 34 19 les
2421 2593 87 24 magni-

2032 2618 74 25 fiques
2121 2618 115 24 capacités
2252 2618 31 19 du
2300 2619 67 24 génie
2387 2626 76 17 corse,
2484 2624 23 16 et

2033 2646 66 25 qu’en
2109 2649 115 17 montrant
2232 2652 27 14 ce
2265 2646 54 25 qu’il
2327 2653 14 13 a
2350 2653 30 19 pu
2390 2648 66 19 créer
2459 2648 49 24 jus-

2033 2673 77 26 qu’ici,
2118 2674 45 20 elle
2175 2680 72 14 ouvre
2256 2680 31 13 un
2301 2674 82 26 champ
2394 2675 113 21 immense

2032 2703 14 19 à
2053 2705 51 17 tous
2112 2702 35 20 les
2158 2702 98 24 espoirs.
2271 2701 45 21 Oui
2330 2703 47 19 sait
2391 2704 21 19 si
2423 2709 25 14 sa
2463 2704 45 20 lec-

2032 2734 52 16 ture
2104 2730 110 20 attentive
2236 2730 132 20 n’éveillera
2390 2737 42 18 pas
2453 2732 55 20 chez

2032 2758 99 25 quelque
2136 2758 71 24 jeune
2216 2758 72 20 Corse
2296 2758 144 21 divinement
2446 2760 60 20 doué

2032 2786 22 19 le
2061 2786 61 20 désir
2131 2786 136 20 irrésistible
2275 2786 139 25 d’exprimer
2427 2793 26 14 ce
2466 2788 39 24 qui

2031 2813 114 21 fermente
2158 2819 29 14 en
2200 2819 41 14 son
2251 2815 60 22 âme,
2319 2819 24 15 et
2355 2821 30 13 ne
2394 2816 112 20 suscitera

2032 2847 41 19 pas
2089 2841 60 20 ainsi
2163 2841 60 20 celui
2242 2842 40 24 qui
2299 2848 51 14 sera
2370 2843 92 20 demain
2484 2844 22 19 le

2033 2869 72 20 Dante
2119 2875 30 13 ou
2164 2869 21 20 le
2200 2868 88 21 Mistral
2298 2870 29 19 de
2341 2874 67 16 notre
2421 2871 85 20 littéra-

2032 2901 53 16 ture
2092 2897 147 25 cyrnéenne?

2055 2927 57 21 Mais
2125 2928 18 19 il
2152 2928 73 20 serait
2232 2927 177 25 profondément
2420 2930 86 24 injuste

2031 2956 29 19 de
2069 2961 28 14 ne
2106 2961 41 18 pas
2155 2955 72 24 louer,
2241 2962 28 14 en
2279 2957 75 19 même
2369 2962 75 20 temps
2459 2964 45 19 que

2031 2983 22 20 le
2060 2986 82 17 savant
2149 2987 83 16 auteur
2240 2984 29 19 de
2277 2984 161 25 l’Anthologie,
2445 2986 62 20 l’édi-

2030 3015 51 16 teur
2089 3011 40 25 qui
2137 3017 14 13 a
2158 3012 111 19 Consacré
2276 3015 50 16 tant
2338 3012 29 20 de
2375 3013 50 20 zèle
2439 3018 24 15 et
2468 3020 37 14 ses

2030 3038 64 20 soins
2108 3038 32 20 les
2154 3039 53 23 plus
2221 3039 131 21 minutieux
2365 3041 15 19 à
2394 3041 112 25 l’impres-

2031 3066 49 20 sion
2093 3066 30 20 de
2131 3072 27 14 ce
2166 3068 159 19 monumental
2339 3074 116 19 ouvrage:
2466 3069 40 20 Pe-

2031 3098 36 16 tru
2076 3094 74 20 Rocca
2163 3101 14 12 a
2186 3100 29 14 vu
2227 3094 58 20 dans
2293 3099 61 16 cette
2365 3096 76 24 tâche,
2457 3103 47 14 non

2030 3122 127 19 seulement
2164 3128 31 13 un
2204 3122 81 20 travail
2290 3122 107 21 d’intérêt
2401 3124 103 24 général,

2031 3149 56 20 mais
2094 3149 63 20 aussi
2166 3153 23 16 et
2196 3154 70 15 avant
2274 3153 50 17 tout
2336 3157 32 13 un
2378 3151 80 21 devoir
2467 3158 38 19 pa-

2029 3177 118 24 triotique.
2157 3176 31 20 Le
2195 3177 87 20 lecteur
2290 3184 86 18 pourra
2385 3180 120 24 apprécier

2030 3205 13 19 à
2053 3205 50 19 leur
2111 3205 70 19 haute
2188 3205 79 20 valeur
2275 3212 40 13 ces
2323 3206 61 20 deux
2398 3208 105 20 volumes

2030 3232 67 20 sortis
2106 3232 41 20 des
2158 3238 91 19 presses
2264 3233 29 20 de
2306 3234 20 19 A
2336 3234 86 20 Muvra
2429 3242 10 15 ;
2453 3237 51 19 exé-

2029 3260 77 20 cution
2116 3260 184 25 typographique
2314 3261 28 20 de
2356 3263 102 23 premier
2469 3270 36 14 or-

2029 3288 48 21 dre,
2098 3288 157 24 présentation
2277 3288 184 26 irréprochable,
2476 3292 29 20 de

2029 3320 61 14 sorte
2098 3320 46 19 que
2157 3320 27 14 ce
2192 3315 58 20 livre
2259 3320 35 15 est
2310 3316 129 21 infiniment
2455 3320 47 24 pré-

2028 3342 65 20 cieux
2101 3342 13 20 à
2122 3342 22 20 la
2153 3342 44 20 fois
2206 3349 40 18 par
2254 3349 24 14 sa
2286 3345 157 22 présentation
2457 3353 46 14 ma-

2028 3370 86 20 térielle
2130 3375 23 15 et
2167 3377 41 17 par
2222 3372 20 19 la
2256 3371 63 21 riche
2333 3373 127 21 substance
2472 3375 30 20 du

2028 3397 61 21 fond.
2106 3398 16 20 Il
2132 3398 88 20 illustre
2229 3399 66 20 d’une
2305 3400 103 20 manière
2417 3402 86 20 incom-

2028 3426 92 23 parable
2129 3426 33 20 les
2170 3426 78 20 lettres
2258 3432 87 17 corses,
2351 3428 15 19 il
2377 3434 35 14 est
2422 3436 30 13 un
2462 3431 41 19 des

2028 3453 51 24 plus
2086 3453 73 20 beaux
2168 3452 67 21 fruits
2243 3454 29 20 de
2280 3454 164 26 l’inteiligencc
2454 3464 48 14 cor-

2027 3486 33 14 se.

2217 3525 65 22 Paul
2296 3526 129 29 Graziani,

2123 3563 101 18 Archiviste
2232 3564 140 22 départemental
2380 3567 22 17 de
2411 3567 19 17 ta
2440 3567 60 19 Corse.

2041 3615 20 17 (i)
2067 3616 28 13 —1
2107 3615 24 14 vol
2146 3616 36 13 ir.-S'
2190 3616 16 14 di
2213 3617 27 13 3J.'
2249 3617 54 17 pagine
2311 3621 17 11 eu
2337 3618 16 14 11
2362 3618 105 16 illastrazione
2475 3625 8 10 e
2494 3622 6 13 S

2025 3633 29 15 fori
2060 3634 94 15 tesli.Prmu
2159 3635 22 13 20
2187 3636 64 14 franchi.
2256 3636 66 18 Ajaccio,
2328 3637 68 16 I.ihreria
2400 3639 18 14 di
2423 3641 12 12 A
2441 3640 59 15 Muvra.

2023 3653 19 14 3S
2049 3653 47 15 Corsa
2104 3653 84 16 Grandv&l.
