2608 3956
127 238 94 46 Film
239 234 51 46 du
310 229 148 57 Maquis
538 215 3 61 I

89 316 58 21 Bien
159 300 177 36 tristëstemp.s
348 310 60 23 pour
417 305 38 20 les
468 301 62 21 Cor-

60 355 41 15 ses
113 349 31 20 du
157 345 127 23 continent
294 343 5 19 !
314 340 75 22 Outre
401 342 46 21 que
457 334 62 21 l’har
525 343 5 5 ¬

61 382 83 23 monie
156 379 93 22 semble
260 370 193 27 définitivement
467 371 64 17 rom-

60 421 48 21 pue
115 416 68 19 entre
192 409 129 23 insulaires
328 406 25 20 et
361 401 170 23 continentaux

63 451 96 17 comme
170 450 32 15 en
213 439 155 27 témoignent
375 436 34 20 les
420 433 112 21 dernieis

62 479 131 22 incidents,
206 480 43 15 nos
273 468 173 28 compatriotes
464 470 15 14 n
490 463 43 20 ont

61 510 88 28 jamais
169 505 88 24 assisté
268 504 14 21 à
302 508 33 15 un
358 500 33 21 tel
405 496 127 25 déballage

63 539 191 26 d’obscénités...

92 576 34 20 En
138 572 103 22 matière
253 570 30 20 de
292 566 139 23 littérature,
440 568 14 14 n
464 562 70 19 attei-

64 609 77 25 gnent
152 606 30 21 de
201 609 56 22 gros
271 601 90 25 tirages
381 601 52 22 que.
443 594 36 20 les
497 597 36 15 ro-

64 646 69 16 mans
152 637 157 27 équivoques
326 631 59 20 dont
405 629 36 20 les
452 658 5 5 _
470 624 65 21 seuls

64 675 80 21 titres,
169 669 67 21 «Les
254 663 122 23 Excités»,
395 666 12 14 «
417 659 70 21 Faire
494 657 42 20 la-

65 709 93 18 mour»
170 707 31 15 ou
217 707 13 12 «
241 695 142 24 Possession
392 699 12 13 »
423 693 114 23 conquiè-

64 739 56 20 rent
130 731 119 25 d’emblée
260 731 23 19 le
292 733 58 22 gros
362 725 89 27 public.

94 769 31 21 La
137 766 96 28 plupart
243 763 43 20 des
298 757 163 30 publications
470 754 68 21 illus-

66 801 65 22 trées
155 795 157 25 connaissent
330 792 58 20 elles
418 793 66 16 aussi
514 786 24 20 le

67 839 59 23 gros
147 829 92 24 succès,
268 827 54 21 tant
340 829 41 22 par
404 823 22 20 la
444 819 94 22 variété

68 868 43 20 des
121 861 180 29 compositions
311 862 47 22 que
366 856 41 20 des
416 856 123 19 annonces

67 894 240 33 pornographiques.
340 889 44 22 Sur
415 887 124 27 plusieurs

66 936 76 24 pages
154 935 31 15 en
198 927 121 22 couleurs,
330 923 52 21 rien
391 927 15 15 n
415 921 39 20 est
462 917 79 27 négli-

67 964 117 28 gé-pour
207 960 95 21 donner
326 952 149 24 satisfaction
510 955 29 15 au

68 998 93 21 lecteur
172 993 42 28 qui
233 991 37 28 s’y
284 987 97 24 connaît
398 992 29 15 en
439 984 102 22 ordures

70 1032 25 19 et
103 1028 74 26 exige
190 1026 31 21 de
233 1024 53 28 plus
298 1028 29 15 en
341 1021 52 27 plus
404 1019 31 21 de
446 1016 95 23 raffine-

69 1063 81 21 ments
163 1060 60 20 dans
241 1058 22 20 le
281 1057 70 20 texte
367 1054 24 20 et
412 1052 24 21 le
447 1049 93 22 dessin.

70 1095 29 21 Et
111 1100 28 15 ce
158 1091 63 22 n’est
240 1095 45 22 que
305 1093 42 16 sur
364 1087 34 20 les
417 1082 124 23 dernières

69 1132 76 23 pages
152 1122 128 24 réservées
287 1120 14 22 à
308 1122 23 20 la
343 1118 124 29 publicité,
477 1116 64 21 alois

72 1166 48 21 que
131 1160 23 20 le
169 1157 76 21 client
258 1156 38 20 est
308 1153 13 22 à
332 1152 77 28 point,
422 1149 75 28 qu’on
508 1147 33 22 lui

72 1193 58 21 offre
154 1197 32 15 un
200 1190 81 21 carnet
300 1187 153 25 avantageux
475 1182 30 21 de
514 1180 27 28 36

69 1226 99 27 photos,
178 1226 25 18 et
212 1227 45 22 que
270 1219 129 22 Marinette
409 1218 26 19 et
446 1215 53 28 Lily
508 1214 33 21 lui

71 1259 57 21 font
136 1256 81 22 savoir
226 1253 101 28 qu’elles
338 1253 41 20 ont
392 1251 51 20 tout
453 1249 25 20 le
488 1252 53 16 con-

72 1291 51 22 fort
133 1289 118 23 moderne
268 1287 61 20 dans
347 1290 30 16 un
390 1282 108 22 entresol
513 1280 28 21 de

73 1318 171 28 Montmartre.

101 1357 34 21 En
156 1354 102 23 matière
281 1354 31 19 de
334 1354 138 24 spectacles,
494 1354 49 14 non

73 1390 81 22 moins
174 1386 164 28 d’impudeur.
353 1384 43 21 Les
409 1386 89 18 revues
514 1380 31 21 de

73 1429 75 15 «nu»
169 1422 44 21 ont
235 1418 152 22 maintenant
407 1413 81 29 gagné
509 1413 36 21 les

73 1455 128 23 moindres
213 1453 71 21 salles
293 1451 31 21 de
334 1449 124 29 province,
473 1449 24 19 et
508 1447 37 20 les

74 1490 136 20 directeurs
233 1487 29 21 de
282 1484 95 23 théâtre
406 1480 142 29 n’ignorent
551 1492 4 3 -

75 1523 55 26 plus
142 1520 59 28 qu’il
214 1519 41 28 n’y
266 1525 14 15 a
299 1519 55 21 rien
377 1517 29 20 de
429 1515 35 21 tel
483 1517 64 23 pour

74 1555 62 21 faire
150 1554 61 21 salle
223 1552 95 22 comble
330 1556 46 21 que
387 1549 29 21 de
428 1546 119 29 produire

75 1589 44 20 des
131 1587 90 28 petites
234 1586 101 21 femmes
355 1584 56 20 dans
425 1582 24 20 le
462 1579 85 22 désha-

73 1620 61 22 billé
145 1621 24 20 le
181 1618 182 28 plus.complet.
558 1610 2 40 J

107 1653 80 22 D’une
208 1652 69 28 façon
296 1649 120 28 générale,
441 1646 107 23 relâche-
557 1641 3 40 j

75 1688 69 21 ment
151 1686 108 26 complet
270 1684 44 21 des
325 1688 97 17 moeurs.
438 1681 46 21 Les
495 1679 54 22 boi-
557 1680 3 22 !

76 1723 38 18 tes
126 1720 31 20 de
168 1719 55 21 nuit
242 1720 24 19 et
284 1718 37 20 les
340 1715 105 22 maisons
469 1712 80 28 publi-

76 1758 59 22 ques
148 1753 122 20 croissent
282 1756 31 15 en
333 1749 102 21 nombre
455 1747 60 20 dans
525 1746 24 21 la

76 1791 99 16 mesure
187 1784 32 22 où
231 1785 22 20 le
260 1784 91 22 niveau
363 1782 29 21 de
402 1782 23 20 la
435 1780 122 22 moralité,

76 1819 91 21 baisse.

105 1851 165 21 Absolument
275 1845 275 25 aucune.censure.Rien

76 1891 33 16 ne
121 1884 78 28 paraît
210 1889 67 15 assez
281 1881 136 27 dégradant
423 1885 50 16 aux
481 1880 68 20 autOr

77 1918 114 27 rités,qui
203 1917 132 21 observent
346 1915 54 20 d’un
412 1914 43 21 oeil
467 1910 93 24 amusé,

77 1952 37 20 les
123 1952 53 25 plus
188 1950 133 21 honteuses
328 1947 165 28 prodüctions.

107 1984 86 21 Mieux
199 1989 48 20 que
255 1983 62 20 cela.
331 1981 65 21 Dans
404 1985 48 16 une
459 1978 91 22 station

79 2017 97 22 d’hiver
186 2016 14 21 à
211 2017 24 20 la
245 2015 82 24 mode,
340 2015 32 20 tel
381 2012 79 28 préfet
468 2016 82 17 assure

76 2051 25 21 la
111 2049 143 28 présidence
264 2048 135 21 d’honneur
404 2045 57 22 d’un
471 2045 80 21 cham-

78 2084 103 27 pionnat
193 2082 31 21 de
236 2081 110 21 «Danses
356 2079 144 22 Modernes»
509 2077 49 27 qui.

79 2122 27 15 se
116 2116 101 21 déroule
224 2115 60 21 dans
292 2121 34 14 un
336 2114 81 26 palace
423 2111 126 23 mondain.

106 2148 22 22 Il
147 2148 42 28 n'y
208 2154 13 15 a
242 2148 55 20 rien
322 2146 90 22 d’assez
434 2144 117 22 immoral

79 2188 62 21 pour
152 2182 110 26 choquer
270 2185 47 16 nos
326 2179 142 27 dirigeants.
480 2177 21 21 Il
512 2176 41 28 n’}'

79 2221 14 15 a
105 2221 46 21 que
163 2215 37 21 les
212 2213 199 22 revendications
429 2212 45 20 des
484 2211 70 20 auto-

79 2248 122 21 nomistes
210 2246 41 27 qui
262 2247 37 20 les
312 2245 126 22 défrisent.

370 2276 152 23 Romanetti.

226 2386 183 29 Partenza

115 2450 40 22 Un
161 2449 79 27 fubbe
248 2455 53 16 una
306 2449 135 28 piuvicina

108 2483 46 21 Ma
162 2489 54 15 una
221 2488 95 22 grossa
324 2482 118 27 timpesta

111 2516 51 21 CM
167 2516 98 21 scacciò
274 2515 85 28 quillu
368 2513 98 29 cignali

107 2549 42 20 Da
159 2548 26 22 la
195 2549 98 21 cirnese
296 2548 55 28 fur
351 2549 59 24 esta,

108 2581 55 21 Par
167 2582 93 20 manda
264 2581 38 21 Llu
311 2582 28 20 in
351 2580 105 28 Algeria

110 2614 22 21 A
137 2614 35 27 fà
180 2615 64 21 veda
254 2614 26 21 la
288 2614 37 21 so’
334 2612 88 23 cresia.

107 2657 120 22 D'avèllu
238 2659 124 21 mandata
374 2659 108 26 dspassu

114 2690 39 22 Un
162 2692 38 20 mi
208 2692 64 26 pari
282 2695 93 17 malien
384 2696 44 15 ver
429 2696 25 20 a;

110 2723 36 21 Di
158 2723 25 21 la
192 2724 140 27 prefettur'
346 2723 125 27 d'ajacciu

112 2756 91 22 N’avïa
216 2757 45 26 fat
262 2757 17 21 P
281 2763 52 15 una
348 2756 62 27 fiera
418 2762 11 20 ;

116 2789 33 21 Ci
160 2790 24 21 si
198 2791 93 23 jucava
304 2796 16 14 a
329 2789 129 24 lamorra,

112 2822 22 21 A
145 2821 27 22 la
182 2825 79 25 scopa
273 2829 12 14 e
295 2828 17 15 a
318 2822 135 28 primiera.

112 2865 26 22 N
136 2872 36 15 un
179 2867 26 20 si
217 2865 132 22 ammantò
359 2865 27 21 di
394 2862 60 23 dolu

110 2898 105 23 L'usciu
225 2899 28 21 di
264 2898 28 22 la
299 2897 133 29 prefettur
433 2902 25 19 a,

114 2931 95 22 Ch’era
218 2932 76 21 bassu
307 2930 28 21 di
344 2934 127 22 cuscen^a,

113 2964 163 22 Tristissimu
286 2963 29 21 di
318 2962 97 28 figura;

112 2998 22 20 A
148 2997 22 21 li
180 2997 75 21 corbi
269 3002 12 14 e
292 2993 131 23 malacelli

113 3029 110 28 Lifacia
233 3028 26 21 la
268 3029 96 26 paura.

112 3072 141 28 Malgradu
265 3072 64 20 tutti
341 3071 21 21 li
375 3070 54 22 lodi

112 3106 37 20 Di
156 3105 90 20 certi“
252 3105 60 26 capi
319 3102 97 28 pueti”,

112 3136 146 28 Malgradu
268 3136 22 21 li
301 3136 160 28 pruiiqfioni
485 3151 3 3 .

115 3169 37 21 Di
167 3169 21 21 li
199 3169 90 21 carcM
296 3175 17 15 a
318 3170 15 26 J
334 3170 53 20 ami
392 3174 12 15 e
411 3170 59 24 seti,

118 3201 23 22 U
150 3202 57 27 sgiô
218 3199 95 31 fiiiggi
323 3201 122 22 Marïieri

114 3229 22 26 È
150 3236 104 20 cascatu
266 3235 66 21 indu
345 3234 20 21 li
374 3236 58 20 reti.

114 3277 71 22 Mari
188 3281 55 18 ami
244 3284 14 14 a
268 3277 53 22 Vha
328 3277 123 23 mandata

115 3310 30 21 In
159 3310 21 22 li
191 3312 119 20 cuntrali
321 3311 122 27 ajricani\

118 3343 65 21 Cnlà
197 3343 119 28 drUgarà,
327 3350 12 15 s
341 3349 69 15 amer
411 3344 18 24 i,

117 3375 180 22 Ticchiendusi
310 3376 28 21 di
351 3375 102 26 banani,

117 3408 131 21 Pinsendu
258 3414 16 15 a
286 3408 86 27 quillu
388 3410 15 10 “
411 3408 77 22 taxi”

118 3440 21 21 E
148 3442 42 26 ajf
193 3442 88 20 aracci
290 3441 75 22 cliun
376 3442 99 20 sisani.

117 3484 36 20 Di
165 3487 14 9 “
191 3485 21 20 A
228 3484 95 22 Muvra
332 3484 13 9 ”
355 3491 12 14 e
374 3485 28 20 di
413 3483 126 23 “L’Eveil

117 3516 179 28 Ringra^iemu
308 3518 11 19 i
330 3517 121 21 direliori

120 3548 118 22 Ch’hanu
250 3550 61 20 inde
320 3549 18 21 li
351 3549 34 21 so’
397 3549 109 22 culonni

121 3579 171 23 Cumbaitutu
303 3588 31 15 eu
345 3582 91 26 furori

118 3613 34 21 La
165 3613 80 22 brutf
253 3615 235 27 amministraqioni

119 3645 37 22 Di
169 3646 102 21 'ss'omu
281 3653 77 16 senza
366 3648 111 20 russori.

328 3680 48 20 L’O
379 3682 154 19 sservatore.

721 203 255 61 Smpicci
1014 212 36 32 e
1088 187 272 59 ’mbrogli

556 332 67 20 Pas
631 327 20 20 à
660 327 33 19 la
700 328 78 21 page

582 373 17 19 A
606 368 109 22 st’ultima
724 366 80 20 seduta
814 363 22 19 di
846 368 14 13 u
869 354 119 25 Cunsigliu
995 358 27 19 gc

559 398 86 22 «craie,
656 403 13 12 u
679 395 50 23 sgîô
738 389 112 24 CâUucoli
860 389 28 19 ha
898 386 86 19 «
995 387 12 13 ,
1016 386 13 12 u

558 431 61 15 novu
637 421 98 27 prefettu
754 417 145 22 chiarxmenti
919 415 51 31 f°P.
983 420 6 7 ‘

558 451 186 21 funziunamentu
751 446 23 20 di
781 446 6 19 i
796 447 80 18 servizj
883 440 23 19 di
912 439 5 18 1
926 438 107 19 assisten-

559 487 26 13 ya
594 480 12 18 à
616 478 6 19 i
633 474 78 24 vëcchj
720 481 13 12 e
742 480 12 13 a
765 468 114 24 l’infermi,
890 467 88 19 nientre
1009 467 24 12 o-

560 513 30 14 no
592 511 54 15 revu
650 504 22 18 le
679 502 28 19 de
716 501 74 19 Rocca
798 498 66 19 Serra
871 494 161 20 l'interrugava

560 533 75 19 sonr’a
645 531 6 19 i
661 528 70 21 lavori
742 524 94 28 publici.

585 559 33 20 Ad
634 563 47 14 unu
697 561 65 14 cume
771 560 13 12 a
793 551 75 21 l’altru
878 548 23 19 di
910 547 6 20 1
927 548 89 20 rnterpe
1025 554 9 4 -

561 586 90 22 latori,u
661 584 49 24 sgiò
717 580 105 22 Bussière
828 578 28 20 ha
863 577 98 22 rispostu
968 572 26 19 ch
1003 577 13 13 e
1025 581 8 4 -

549 610 2 28 j
561 613 212 21 l’unn’aviaancora
782 609 69 17 avutu
861 611 13 12 u
884 607 75 19 tempu
966 604 68 15 mate-

562 641 55 20 riale
626 640 24 19 di
658 637 76 21 studià
743 643 12 12 e
764 632 116 27 quistione
889 632 92 18 trattale
990 629 27 17 da
1026 633 7 13 1

562 668 38 19 dui
609 663 142 27 cunsiglieri,
758 668 36 14 ma
803 659 81 21 ch’ellu
894 656 95 26 pudaria
997 655 35 22 da,

562 702 13 13 a
584 702 14 12 u
608 700 63 14 mese
678 692 22 19 di
710 688 131 23 Sittembre,
848 685 54 25 ogni
911 688 124 20 spiegazio-

563 729 29 13 ne
600 728 12 13 a
622 718 153 23 l’assemblea.

589 749 9 20 I
607 748 52 25 sgiò
674 744 113 23 Caitucoli
801 750 13 13 e
828 742 29 20 de
866 741 74 20 Rocca
956 740 77 19 Serra,

549 763 4 33 I
564 777 83 20 dicenu
657 775 7 19 i
674 774 44 20 resi
733 771 72 23 conti,
816 776 45 14 «77e
874 768 77 20 voient
959 771 76 15 aucun

565 802 162 23 inconvénient
735 801 16 19 à
760 798 110 21 accorder
884 802 32 14 au
929 799 106 15 nouveau

549 820 6 40 \
562 831 77 26 préfet
646 830 23 19 le
676 828 65 21 délai
748 826 61 26 qu’il
820 823 121 22 demande.
957 821 33 21 Ils
1003 826 33 14 es-

549 847 6 31 I
563 860 84 24 pèrent
661 856 54 26 qu’à
729 856 25 19 la
768 854 87 20 session
864 852 30 20 de
901 849 133 26 septembre,

549 874 6 32 I
565 887 31 20 M.
603 885 108 21 Bussière
715 889 54 15 sera
778 889 28 13 en
816 886 87 15 mesure
911 878 29 20 de
946 876 91 26 fournir

550 902 6 31 I
566 915 16 19 à
598 911 157 22 Vasssemblée
773 911 74 19 toutes
863 908 35 20 les
911 904 126 27 précisions

550 930 6 32 !
566 942 58 20 dont
632 940 46 21 elle
683 941 109 24 pourrait
799 936 67 21 avoir
873 934 85 21 besoin.
968 939 10 11 »

550 958 7 30 I
592 964 17 25 Ë
617 975 28 14 eu
647 975 28 17 si,
683 973 94 19 ognunu
789 966 34 21 s'è
830 965 111 21 mustratu
950 960 89 21 suddis-

551 987 6 30 I
567 997 67 20 fattu.

552 1017 4 34 |
592 1024 86 25 Tempu
687 1030 13 13 e
709 1022 75 25 paglia
790 1024 120 18 maturanu
916 1025 14 13 e
935 1017 102 25 nespule.

568 1076 94 19 Cume
669 1073 81 25 porei
758 1077 17 15 e
783 1070 102 26 patate

592 1110 158 22 Avemudettu
759 1111 68 17 centu
836 1113 13 14 e
857 1109 67 17 centu
934 1104 61 21 volte
1003 1103 35 21 chi

568 1140 7 20 i
584 1139 98 25 pinzuti,
692 1137 99 20 videndu
799 1136 8 20 i
817 1133 99 26 rinchjni
926 1139 13 14 e
947 1132 7 20 i
962 1132 78 19 liccas-

568 1167 96 26 giulumi
673 1167 21 19 di
704 1165 56 21 certi
770 1161 163 27 cumpàfriotti,
947 1160 61 20 hanu
1017 1158 24 21 fi-

569 1196 23 20 ni
594 1200 24 16 tu
627 1201 43 19 per
677 1192 133 26 imaginassi
820 1191 35 20 chi
866 1190 38 20 noi
918 1195 30 14 ne
961 1194 79 14 eramu

569 1230 14 13 a
591 1229 14 13 u
615 1226 73 21 puntu
698 1221 22 20 di
728 1226 54 15 esse
789 1217 131 25 acearizzati
930 1223 27 13 eu
964 1215 76 21 calcia

570 1251 78 25 quellu
659 1250 58 19 locu.

596 1279 49 20 Una
656 1283 59 14 nova
725 1282 71 19 prova
805 1275 23 20 di
836 1278 34 17 sta
880 1272 137 21 cun.vizione
1028 1277 13 13 a

570 1307 21 20 ci
599 1307 29 19 dà
636 1305 99 21 l’ultimu
744 1302 170 22 cummunicatu
922 1301 23 20 di
960 1307 13 13 a
982 1306 61 13 cum-

571 1334 82 25 pagnia
670 1332 136 22 Fraissinet,
824 1329 169 23 cummunicatu
1007 1328 35 19 ’ne

572 1369 14 13 u
595 1362 69 25 quale
672 1360 114 25 cugliemu
795 1362 37 17 stu
841 1358 61 20 béllu
908 1357 57 20 fioTè
970 1356 23 19 di
999 1355 44 22 dis-

571 1396 92 19 prezzu:
672 1389 43 19 «Aë
723 1388 16 9 “
744 1387 55 21 Ville
804 1385 120 26 d’Ajaccio
938 1399 7 8 ,
951 1385 17 19 à
976 1384 68 19 dater

571 1418 32 20 du
608 1417 31 21 2Ô
641 1416 127 23 avril,sera
776 1414 114 21 substitué
896 1411 148 22 àl’“lbéria”

571 1446 62 20 dans
641 1445 23 20 le
671 1444 87 20 service
772 1442 101 25 régulier
879 1440 96 26 Ajaccio
980 1451 10 4 -
995 1439 49 20 côte

572 1475 73 22 ouest,
655 1472 111 20 terminus
774 1471 70 20 Porto
856 1468 99 22 Vecchio.

599 1502 33 20 Ce
640 1500 82 21 navire
730 1501 36 18 est
778 1497 166 26 spécialement
956 1495 91 27 adapté

573 1536 32 13 au
613 1530 121 23 transport
742 1527 42 20 des
795 1529 127 22 passagers
936 1523 29 20 de
976 1524 67 23 pont,

572 1557 32 20 du
610 1555 162 22 bétailvivant
777 1556 23 19 et
803 1554 41 20 des
849 1550 194 23 marchandises.»

573 1605 65 20 San
641 1603 104 26 guetta
752 1601 148 21 euntinua
916 1620 4 4 .

598 1641 20 20 U
633 1646 61 14 novu
709 1638 96 21 batteliu
816 1638 15 10 “
838 1636 60 21 Ville
913 1634 132 25 d’Ajaccio”

573 1675 51 14 avxa
638 1667 133 21 finalmente
784 1666 28 20 da
820 1668 66 17 entre
894 1664 23 19 in
926 1662 98 21 serviziu
1030 1668 15 13 u

575 1697 25 20 18
607 1696 73 25 aprile
688 1694 36 26 (cù
734 1701 32 14 un
777 1693 87 21 ritardu
873 1692 24 20 di
905 1691 33 20 séi
946 1690 57 20 mési
1011 1696 35 13 so-

574 1725 48 25 pr’a
636 1724 52 19 data
703 1722 99 25 prevista
811 1728 13 13 a
837 1720 97 20 lultima
947 1719 99 21 çunvëp-

574 1750 85 26 zione).

598 1779 127 23 ïnfatti,:sta
735 1781 120 16 motonave
860 1775 80 21 fischiô
946 1775 25 19 in
980 1776 66 22 portu

575 1815 13 13 a
600 1807 70 20 l’aiba
683 1806 23 19 di
723 1812 16 14 u
753 1805 71 24 jornu
839 1802 151 23 annunziatu,
1008 1807 37 14 ma

575 1834 102 22 scossula
682 1834 23 19 di
714 1832 130 26 passaggeri
853 1838 13 13 e
872 1831 62 23 biota.
939 1830 23 20 di
968 1829 77 20 robba.

601 1863 36 20 Un
645 1862 80 20 c’èraa
734 1859 131 22 bordu.che
878 1866 16 13 u
907 1858 50 25 sgiô
970 1858 77 19 Armâ-

575 1894 50 17 tore
633 1890 37 20 chi
678 1889 61 20 viiiia
747 1888 28 20 ad
784 1887 56 21 offre
848 1892 13 15 a
869 1886 113 21 I’autorità
990 1885 57 25 àjâc-

575 1919 54 20 cinè
644 1924 45 13 una
706 1918 75 19 tâsata
796 1916 24 19 di
839 1915 151 25 Champagne
1004 1915 16 18 é
1032 1919 14 14 a

576 1946 87 21 sentesi
672 1945 118 20 trumbittà
798 1943 38 20 dui
846 1946 58 17 o:tre
917 1941 130 21 discursetti

576 1974 77 21 carchi
662 1981 13 13 a
682 1973 53 20 Iode
743 1971 166 26 sprupusitate.

601 2003 34 19 Da
640 2001 101 25 Ajacciu.
748 2007 13 13 u
769 1999 16 9 “
792 1999 58 20 Ville
856 1998 192 26 d’Ajaccio”andô

576 2030 28 21 ad
612 2029 58 20 offre
678 2036 14 13 u
701 2027 188 25 so’spumantein
897 2026 103 25 Pruprià,
1007 2026 42 20 Bo-

565 2067 2 14 ;
577 2058 93 22 nifaziù,
677 2064 12 13 e
698 2057 36 19 via
743 2057 52 19 via..

601 2086 39 19 Sta
650 2087 111 22 spassiata
770 2090 13 13 a
793 2086 44 17 bon
846 2086 65 21 pattu
919 2089 21 13 ci
949 2086 99 16 ramenta

577 2113 77 26 quelle
663 2111 214 26 rappresentazione
886 2110 142 25 organizzate
1036 2115 15 14 a

578 2149 14 12 u
600 2141 84 22 fronte,
693 2147 14 13 a
715 2140 7 20 i
729 2139 67 25 primi
806 2139 57 20 mesi
871 2139 24 19 di
903 2145 13 13 a
924 2144 91 19 guerra,
1021 2137 29 19 da

578 2176 30 13 un
616 2172 63 16 statu
685 2168 118 24 maggiore
815 2166 144 25 imprudente
968 2165 35 20 chi
1012 2171 38 13 era

578 2198 87 19 intratu
674 2196 23 20 in
706 2201 124 19 campagna
845 2200 68 14 senza
927 2193 124 24 artîglieria

578 2225 98 25 pisante,
691 2230 13 14 e
717 2224 45 23 chi,
772 2230 41 18 per
827 2222 22 21 fà
863 2222 68 20 crede
945 2220 37 21 chi
990 2223 60 17 tuttu

578 2259 38 14 era
625 2256 59 16 statu
693 2250 243 26 previstu,trascinava
942 2254 45 14 una
993 2254 58 14 mez-

578 2287 26 13 za
612 2280 88 20 duzena
709 2280 22 19 di
741 2279 64 24 pezzi
813 2278 23 19 di
847 2277 36 21 i55
889 2277 28 20 da
926 2283 30 13 un
966 2279 84 17 settore

578 2315 13 13 a
599 2309 86 20 l’altru.

598 2336 67 20 ’Duie
673 2335 121 25 questioné
801 2341 14 13 a
829 2341 14 12 u
852 2333 51 24 sgiô
912 2331 125 20 Fraissinet
1043 2337 7 13 :

604 2363 43 21 Per
656 2363 94 24 quandu
759 2369 16 12 u
785 2360 97 21 serviziu
893 2359 105 25 regulare
1006 2358 22 20 di
1037 2364 13 13 a

580 2391 15 9 “
601 2391 62 20 Ville
670 2389 131 26 d’Ajaccio”
808 2389 12 19 ?

605 2419 82 19 Oual’è
696 2417 36 20 chi
742 2417 29 20 ha
781 2417 28 19 da
818 2416 58 24 pagà
885 2421 14 13 e
906 2420 69 19 spese
983 2413 22 20 di
1015 2416 35 17 sta

579 2445 122 21 cruciera?

603 2474 112 25 Speremu
728 2472 38 20 chi
781 2478 12 13 a
807 2469 137 25 cumpagnia
957 2469 93 19 stimarà

579 2503 36 19 chi
626 2508 14 13 u
649 2501 124 19 disavanzu
783 2499 22 19 di
815 2502 24 16 20
854 2497 87 21 müioni
950 2497 13 18 è
970 2496 81 20 abbas-

578 2534 67 16 tanza
654 2533 83 20 grossu
746 2527 30 19 da
790 2532 31 13 un
833 2524 58 20 fallu
905 2530 77 14 cresce
994 2524 57 19 didi-

579 2558 49 24 più.

578 2607 123 22 Sempre
707 2603 217 24 Fressineglmi

603 2643 67 23 Dopu
679 2640 69 20 tant’e
754 2639 60 20 tanti
826 2638 109 25 giurnali,
952 2638 95 22 sucietà,

577 2668 119 23 càmeredi
704 2666 138 21 cümmerciu
852 2672 13 13 e
870 2665 165 24 municipalité,
1040 2666 9 19 i

578 2696 67 22 Corsi
654 2695 22 20 di
685 2695 61 19 Tulô
754 2694 63 19 hanu
825 2693 58 20 fattu
899 2693 50 19 valè
960 2693 90 19 ultima-

577 2727 78 17 mente
664 2728 12 14 a
684 2721 150 20 defettuosità
842 2721 23 19 di
880 2720 8 20 i
902 2720 83 24 servizj
1000 2720 23 19 di
1035 2726 13 14 a

578 2750 136 25 ciimpagnia
722 2748 149 23 sfruttatrice,
881 2754 14 14 e
902 2747 34 21 so’
943 2748 107 20 violazio-

578 2785 29 14 ne
615 2778 23 20 di
647 2777 107 20 l’articuli
763 2776 24 20 di
795 2782 14 14 a
824 2776 166 22 cunvenzione,
1004 2776 46 19 l'ir-

578 2805 122 25 régularité
715 2804 23 20 di
755 2804 8 19 i
786 2803 83 25 servizj
888 2803 161 20 Corsicà-Tulô

578 2839 47 14 ece.
635 2838 48 14 ecc.

604 2860 20 20 U
632 2860 50 24 sgiô
691 2859 132 22 Fraissinet^
832 2858 25 20 în
866 2864 45 14 una
919 2858 82 20 Jettera
1016 2864 12 14 a
1039 2858 8 19 i

578 2888 102 24 deputati
688 2887 23 20 di
719 2887 83 23 l’isula,
812 2885 178 26 ghiagnuleghia
1003 2892 46 14 une

1059 308 72 25 poche
1139 308 22 20 di
1171 313 66 13 scuse
1246 306 37 20 chi
1299 308 69 17 stanu
1382 302 23 20 in
1420 300 83 22 zinzica
1514 307 13 13 e

1059 342 86 14 sonanu
1154 340 66 14 cume
1226 334 59 20 tanti
1291 339 53 15 mea
1350 331 70 24 culpa
1425 336 9 13 :
1439 330 18 19 A
1467 327 61 22 cùm-

1059 363 79 24 pagnia
1147 362 29 20 ha
1184 367 91 18 sempre
1284 361 36 24 agi
1324 365 23 15 tu
1358 359 22 19 in
1390 357 139 25 pien'accor-

1059 390 28 19 du
1097 396 27 13 eu
1142 385 301 23 l’-Amministrazioiie
1449 390 7 18 ;
1474 384 53 25 ogni

1059 415 139 26 volta,unn'è
1207 416 45 19 mai
1261 420 61 16 statu
1329 419 122 19 suppressu
1460 412 68 20 che...

1059 451 31 13 un
1100 442 131 26 viaghiu!!!
1246 443 8 20 I
1270 443 46 20 casi
1331 442 27 20 sô
1371 440 51 20 tutti
1436 439 54 21 stati
1505 439 23 19 di

1059 471 61 20 forza
1130 470 116 24 maggiore
1252 478 6 13 :
1273 471 106 24 scioperu
1394 467 22 20 di
1430 466 99 21 l’iscritti

1059 498 117 20 marittimi
1185 496 34 26 (20
1227 499 91 20 ottobre
1327 496 41 25 28),
1375 495 155 20 aftundamen-

1060 529 24 16 tu
1093 525 22 20 di
1126 532 13 13 u
1147 525 113 24 Nurnidiq
1269 526 22 25 (3
1301 522 143 26 nuvembre),
1454 522 75 20 avaria

1060 553 22 20 di
1093 560 13 13 u
1119 553 93 20 Corsica
1220 552 22 25 (8
1258 550 138 26 décembre),
1410 550 121 21 accidente

1060 581 22 20 di
1093 588 13 13 u
1118 581 102 20 Général
1226 581 140 24 Bonaparte
1374 580 23 20 in
1407 579 76 21 Bastia
1497 577 34 25 (16

1060 609 115 24 ferraghiu
1185 607 40 27 29),
1243 609 77 20 avaria
1335 608 24 20 di
1374 615 13 13 u
1403 607 128 22 \’Iberia;a

1060 637 135 25 cumpagnia
1206 637 161 20 unn'assicura
1376 635 72 21 micca
1457 641 14 13 u
1486 640 46 14 ser-

1062 665 58 19 viziu
1130 665 22 19 di
1161 671 13 13 e
1183 670 75 14 merce
1272 664 29 19 da
1316 667 67 21 portu
1398 669 12 13 a
1425 665 67 21 portu
1508 661 22 20 di

1061 692 73 20 l’isula
1147 691 126 25 pcrch’éH’è
1282 691 125 20 d’accordu
1412 696 28 14 eu
1446 689 86 21 1'A.lïl-

1060 718 224 22 Îïîinistrazione
1291 725 40 20 per
1336 725 31 15 un
1374 717 126 21 realizzallu
1508 716 23 20 in

1061 751 36 17 stu
1106 750 131 21 mumentu;
1249 753 12 13 e
1271 746 36 21 via
1317 746 105 21 dicendu.

1088 775 44 20 Per
1140 774 85 20 ciocchi
1234 780 115 14 cuncerna
1358 774 96 25 l’igiene,
1461 779 14 13 u
1483 772 49 25 sgiô

1063 802 125 21 Fraissinet
1195 808 107 14 cunvene
1310 801 37 20 chi
1357 808 14 13 u
1381 801 91 20 Corsica
1482 801 12 19 è
1501 807 31 13 un

1063 831 93 21 batteliu
1170 830 100 20 démodé
1282 832 24 17 et
1318 832 48 22 peu
1382 828 150 26 confortable,

1063 865 36 15 ma
1107 858 51 20 dice
1167 857 36 21 chi
1213 858 75 25 sopr’a
1298 864 13 13 u
1322 860 72 22 puntu
1403 857 23 20 di
1440 856 94 25 l’igiene

1063 893 13 14 e
1084 886 22 20 di
1116 886 6 20 i
1132 886 58 24 pasti
1199 885 81 21 serviti
1290 892 12 13 a
1312 885 72 20 bordu
1394 885 84 20 nisunu
1493 891 41 13 un-

1064 914 51 20 n’ha
1124 914 45 19 mai
1177 913 58 20 fattu
1245 912 162 21 riclamazione
1414 911 23 27 (u
1446 912 87 21 mutivu

1065 941 109 21 neèchii
1190 941 141 25 passaggieri
1346 947 31 13 un
1391 947 56 14 sanu
1462 940 71 20 micca

1065 969 73 21 ch’elli
1146 969 89 20 devenu
1245 969 119 26 cunsegnà
1374 975 12 13 e
1395 975 25 14 so
1433 968 101 24 riclapia-

1065 997 65 20 zione
1138 997 74 20 nant’a
1222 1003 30 14 un
1262 996 101 26 registru
1372 997 36 20 chi
1422 1003 15 14 u
1452 996 83 26 capita-

1065 1031 31 14 nu
1105 1025 56 19 deve
1170 1028 68 17 mette
1246 1025 186 25 a’dispusizione
1446 1025 22 20 di
1482 1023 51 21 tutti

1065 1052 70 26 quelli
1144 1052 36 21 chi
1189 1053 84 20 volenü
1283 1052 22 21 fà
1315 1053 84 20 risorte
1405 1059 12 14 e
1422 1052 114 20 defettuo-

1066 1080 43 20 sità
1117 1080 47 20 diu
1174 1081 108 23 serviziu,
1292 1087 12 13 e
1313 1081 38 20 chi
1366 1080 70 25 quelli
1448 1080 37 20 chi
1498 1086 38 14 cu-

1067 1114 100 14 noscenu
1177 1112 34 16 sta
1219 1108 263 26 particularité,essendu
1489 1113 47 15 ser-

1068 1136 21 20 vi
1098 1136 23 19 di
1131 1136 188 24 Marianna,hanu
1329 1142 12 14 a
1350 1142 70 19 paura
1429 1136 24 20 di
1462 1142 13 13 e
1483 1142 54 13 cun-

1067 1163 127 27 seguenze).

1092 1192 27 20 In
1127 1192 78 20 cauda
1214 1192 22 19 di
1245 1191 13 20 à
1267 1198 27 13 so
1302 1191 109 24 rispôsta,
1423 1198 14 13 u
1446 1191 90 20 famôsu

1067 1220 112 20 àrmafore
1187 1219 101 21 assîcura
1298 1226 14 13 u
1327 1219 92 25 publîcu
1434 1219 36 20 chi
1485 1219 53 19 l’en-

1068 1252 58 16 trata
1134 1248 24 20 in
1168 1247 98 21 serviziu
1275 1247 23 19 di
1307 1247 7 19 i
1324 1251 35 16 tre
1367 1247 67 25 primi
1448 1246 88 21 battelli

1068 1276 62 22 novi,
1140 1275 151 26 prevista.per
1299 1274 183 28 aprile-maghiu,
1489 1280 49 21 per-

1068 1304 94 20 metterà
1166 1303 98 23 ,salVTX
1271 1302 230 24 Pimpreyistu^di
1509 1302 29 19 dà

1069 1330 169 22 suddisfazione
1253 1331 27 19 ad
1290 1337 103 18 ognunu.

1094 1358 77 28 Aprile
1186 1360 13 19 è
1207 1364 81 15 scorsu
1301 1365 68 15 senza
1386 1358 57 21 vede
1456 1359 82 26 spuntà

1069 1387 64 20 nulla
1138 1386 41 27 (un
1185 1386 100 25 pudemu
1291 1386 23 20 fà
1323 1392 52 14 casu
1384 1386 23 19 di
1416 1392 12 14 a
1437 1386 101 20 cruciera

1070 1415 22 20 di
1102 1421 13 13 u
1128 1414 206 25 Villed’Ajaccio);
1342 1413 157 25 epermaghiu
1507 1420 31 13 un

1070 1446 107 18 cuntemu
1185 1441 42 21 che
1233 1442 77 24 sopr’a
1319 1441 157 25 Vimprevistu.

1073 1482 144 22 Cuneohsi
1225 1482 32 21 d.i
1265 1483 137 20 Bellezza
1432 1493 4 4 -

1095 1514 56 23 Miss
1159 1514 100 24 Austria,
1269 1514 82 26 regina
1360 1514 23 20 di
1392 1514 99 24 bellezza
1499 1514 41 22 dia

1071 1543 118 24 Ripublica
1198 1542 124 24 austriaca,
1331 1543 50 19 avla
1396 1542 146 21 I’intenzione

1071 1571 28 19 di.
1108 1571 59 19 andà
1179 1577 12 13 a
1208 1569 127 21 Galveston
1351 1576 41 19 per
1406 1570 111 26 participé
1528 1577 13 14 a

1071 1598 115 23 l’elezjone
1193 1598 23 20 di
1222 1598 56 20 Miss
1286 1598 112 21 Universu
1404 1598 36 21 chi
1448 1598 104 23 duvaria.

1072 1632 50 14 esse
1130 1625 60 25 à’pïù
1197 1625 61 20 hellâ
1267 1626 77 20 donna
1352 1626 23 19 di
1381 1632 15 15 u
1405 1627 94 23 rpondu,
1506 1633 36 14 ma

1074 1661 13 12 u
1096 1655 69 18 vëscu
1175 1653 21 20 di
1207 1652 126 21 Galveston
1346 1653 31 20 ha
1393 1654 123 25 intuppatu
1530 1661 13 14 a

1072 1681 116 24 so’penna
1198 1684 13 17 ë
1226 1681 30 20 ha
1265 1682 82 20 scrittu
1357 1681 161 22 direttamente
1531 1690 13 13 a

1071 1708 56 21 Miss
1135 1709 89 20 Austria
1233 1716 14 13 a
1255 1713 113 21 seguente
1376 1710 106 21 letterina
1490 1718 6 13 :

1096 1741 11 13 «
1114 1737 167 24 Madanjicella,
1299 1745 15 16 p
1332 1738 91 21 ritrattu
1446 1739 37 21 chi
1506 1740 37 21 voi

1072 1766 115 20 truvereté
1204 1766 40 26 qui
1260 1766 84 23 dentru
1368 1765 39 29 (un
1429 1774 69 19 pezzu
1522 1768 22 20 di

1071 1793 105 25 giurnale
1184 1794 36 20 chi
1229 1794 125 25 ripruduce
1363 1802 13 13 e
1384 1796 131 21 sembianze
1523 1796 22 20 di

1072 1827 14 14 a
1093 1821 97 25 giovane
1200 1821 119 26 viennese)
1328 1823 31 20 mi
1368 1823 158 26 incuraggisce
1532 1831 12 13 a

1072 1849 69 25 pigîià
1148 1856 14 13 a
1172 1850 80 20 libertà
1260 1850 24 20 di
1293 1851 107 20 scrivevi.
1406 1852 19 19 A
1434 1852 81 20 rivista
1523 1852 23 21 di

1073 1877 123 21 Galveston
1203 1879 16 19 h
1227 1885 31 13 un
1273 1879 97 25 vulgare
1383 1883 77 17 truccu
1477 1880 70 20 recla-

1073 1906 91 20 misticu
1175 1907 79 19 basatu
1263 1907 76 24 sopr’a
1348 1907 8 20 i
1365 1907 84 25 peghiu
1462 1908 84 21 istinti.

1073 1933 87 22 Nisuna
1169 1934 78 21 donna
1256 1935 23 20 di
1288 1940 12 14 a
1307 1935 60 23 pittà
1375 1936 76 20 avaria
1459 1943 13 13 a
1486 1936 62 21 fron-

1074 1965 23 16 te
1104 1962 23 19 di
1136 1962 146 27 participacci
1300 1962 25 22 Si
1335 1963 37 21 voi
1382 1963 71 22 vinite
1466 1965 49 25 qui,
1527 1965 19 20 vi

1074 1990 20 20 si
1103 1989 141 21 dumandarà
1253 1991 22 19 di
1285 1991 87 24 spassià
1381 1991 23 20 in
1413 1992 133 20 custumedi

1076 2018 75 25 baghu
1160 2024 14 13 e
1181 2018 24 20 di
1213 2018 62 21 fàbbi
1282 2019 80 20 scrütà
1371 2019 28 20 da
1413 2020 55 24 ogni
1483 2024 65 20 parte

1075 2052 66 14 cume
1149 2053 31 13 un
1189 2047 101 19 animale
1298 2047 24 19 di
1336 2047 73 20 lussu.
1424 2047 35 21 Un
1474 2048 72 21 riescu

1076 2080 14 14 a
1097 2074 91 26 capisce
1196 2080 66 14 cume
1270 2081 47 13 una
1327 2075 98 25 giovane
1439 2076 108 21 timurata

1076 2109 13 13 e
1097 2102 94 21 decente
1200 2103 19 19 si
1227 2102 57 22 lasci
1293 2103 100 23 trascinà
1402 2103 22 21 in
1434 2104 75 21 simile
1516 2105 32 20 lo-

1076 2137 37 12 cu.
1123 2129 83 21 Vostru
1214 2129 77 22 fedele
1299 2130 25 21 in
1333 2130 88 22 Cristu:
1431 2131 25 21 C.
1463 2132 25 20 F.
1494 2132 54 26 Byr-

1076 2164 37 16 ne,
1119 2161 72 17 "vescu
1200 2158 23 19 di
1233 2158 129 21 Galveston
1369 2165 20 15 ».

1101 2185 59 20 Eëcu
1169 2185 28 20 da
1206 2185 21 20 fà
1237 2185 85 21 riflette
1329 2186 95 21 l’oneste
1432 2184 117 28 giuvanél-

1076 2213 119 20 leisulane
1204 2213 36 20 chi
1249 2214 20 20 si
1278 2214 101 20 Iascianu
1389 2216 80 19 mun'tà
1484 2222 14 13 u
1512 2222 37 14 ca-

1077 2248 30 19 pu
1116 2248 14 14 e
1137 2241 19 20 si
1166 2248 135 19 pruponenu
1316 2242 24 20 di
1353 2242 55 21 fassi
1422 2243 80 25 elegge
1514 2251 35 13 re-

1076 2270 87 23 ginette
1170 2270 23 19 di
1202 2270 8 19 i
1219 2269 67 21 Corsi
1294 2269 24 21 di
1327 2271 84 24 Parigi,
1426 2271 25 20 di
1464 2271 84 22 Marse-

1077 2297 46 25 glia
1132 2304 13 13 o
1153 2297 23 20 di
1184 2297 66 21 Saint
1258 2297 56 21 Flou
1318 2305 18 14 r.

1247 2368 132 30 Zonza

1139 2420 101 22 L’Hôtel
1254 2421 33 21 du
1301 2421 110 22 Mouflon
1425 2421 64 22 d’Or

1256 2449 14 21 è
1285 2452 86 25 apertu

1244 2527 140 31 Duellu

1101 2581 123 20 Essendusi
1234 2582 94 20 stimatu
1341 2581 72 20 offesu
1422 2581 66 20 daun
1496 2581 54 21 arti-

1076 2609 53 19 culu
1145 2609 23 19 di
1179 2616 12 12 u
1209 2609 102 20 Journal
1318 2609 30 20 de
1355 2609 25 20 la
1392 2609 73 23 Corse,
1476 2616 14 13 u
1499 2609 50 25 Sgiô

1076 2636 86 20 Ghiacu
1166 2643 36 13 mu
1206 2636 232 23 LucianfiSecretariu
1442 2637 108 24 generale

1075 2664 43 20 diu
1124 2664 164 25 municipiu.ha
1296 2665 90 20 inviatu
1392 2664 7 20 i
1405 2665 143 25 so’padrigni

1073 2694 16 17 à
1097 2698 14 13 u
1121 2693 50 23 sgiô
1180 2692 102 20 Larénzu
1291 2692 121 24 Mâlandri,
1423 2692 126 25 signatariu

1075 2720 23 19 di
1107 2720 121 20 l’articulu.

1100 2743 18 24 È
1126 2750 59 17 statu
1193 2747 80 20 decisu
1288 2754 33 13 un
1335 2748 103 20 iscontru
1449 2748 21 20 a’
1478 2748 71 25 spada

1076 2775 36 20 chi
1122 2775 14 19 è
1142 2778 116 17 avvenutu
1273 2775 69 20 marti
1358 2781 78 15 scorsu
1451 2782 13 13 a
1473 2775 78 21 Barbi-

1076 2802 83 25 caglia.

1096 2830 45 20 Au
1149 2833 65 17 terzu
1219 2830 113 24 assaltu,u
1338 2831 52 24 sgiô
1396 2831 103 20 Larenzu
1506 2829 44 22 Ma-

1075 2858 73 20 Iandri
1162 2858 13 20 è
1183 2860 62 19 statu
1254 2857 71 21 ferîtu
1334 2864 13 14 a
1357 2865 30 13 un
1397 2858 101 21 bracciu.

1099 2885 126 25 L’aversarj
1235 2885 67 21 si-so’
1311 2886 165 25 ricuncigliàti.

908 3006 21 26 E
947 3006 95 27 DUIE
1060 3005 160 28 USTARIE

911 3677 68 22 BON
994 3677 79 23 CIBU
1088 3678 17 21 E
1118 3677 110 24 TOSCU

1650 170 279 56 Giurnali

1554 283 92 22 Saria
1654 283 104 22 tempu
1768 279 6 19 !

1596 320 105 20 Messieurs
1710 320 29 17 les
1748 317 111 19 Sénateurs,
2037 308 4 26 I

1597 346 103 18 Messieurs
1709 345 28 16 les
1747 340 89 23 Députés,
2038 346 4 15 f

1576 384 25 18 La
1609 383 64 21 Corse,
1682 382 54 17 notre
1754 380 47 17 beau
1810 381 54 18 pays,
1882 380 21 13 se
1911 375 62 17 meurt
1981 374 46 16 dans

1555 409 105 18 l’abandon.
1670 408 34 17 Les
1720 405 70 21 jeunes
1798 403 11 17 à
1817 401 33 23 qui
1862 401 37 17 l’on
1908 405 10 12 a
1927 399 76 18 inocule
2009 399 19 15 le
2037 399 6 34 |

1554 434 66 22 poison
1628 433 25 17 du
1663 428 175 21 fonctionnarisme,
1858 424 129 23 s’expatrient.
2003 424 25 16 Ils
2037 424 6 15 I

1555 457 130 19 s’enchaînent
1699 454 77 23 jusqu’il
1793 452 48 22 l’âge
1848 451 25 17 de
1889 451 19 17 la
1925 448 77 19 retraite
2009 448 20 17 et
2038 447 6 18 S

1556 481 136 24 s’aperçoivent
1707 485 26 12 un
1749 483 38 18 peu
1797 477 40 18 tard
1845 475 58 23 qu’ils
1908 474 86 18 auraient
2003 477 26 17 pu
2038 473 7 35 j

1556 509 54 18 vivre
1618 507 60 18 libres
1686 506 20 18 et
1722 505 87 17 heureux
1825 502 47 18 chez
1888 505 37 14 eux
1942 504 24 13 en
1974 498 54 19 culti-
2038 497 7 18 i

1556 537 47 18 vant
1610 535 19 18 le
1638 535 29 18 sol
1676 533 58 19 natal.
2040 529 5 28 \

1577 561 47 18 Mais
1633 564 68 14 encore
1709 557 65 20 faut-il
1784 557 42 17 leur
1834 556 71 17 donner
1913 554 29 17 les
1952 556 77 18 moyens

1557 588 23 17 de
1595 585 106 23 l’exploiter
1717 581 178 21 convenablement,
1913 579 50 18 cette
1981 579 49 16 terre

1557 612 56 23 qu’ils
1621 611 79 20 aiment,
1708 607 101 24 puisqu’ils
1818 612 12 17 y
1841 604 112 20 retournent
1965 604 45 16 tous
2018 607 12 17 y
2039 601 6 18 I

1556 637 48 18 finir
1611 637 53 17 leurs
1672 635 59 22 jours,
1750 633 56 18 Hélas
1813 631 5 18 1
1828 632 18 17 le
1863 629 167 19 fonctionnarisme

1558 662 45 18 civil
1611 667 25 12 ou
1645 659 91 19 militaire
1745 659 31 17 est
1782 658 18 17 le
1808 656 40 18 seul
1858 653 97 20 débouché
1962 653 69 18 ouvert

1558 688 11 17 à
1576 685 92 20 l’activité
1676 685 23 17 de
1707 684 19 17 la
1736 683 89 25 jeunesse
1834 684 61 14 corse.

1579 711 61 23 Après
1645 711 19 17 le
1672 707 177 21 fonctionnarisme,
1865 705 19 18 la
1897 703 99 23 politique;
2002 702 29 17 les

1558 737 93 18 divisions
1672 734 68 23 qu’elle
1766 732 102 22 engendre,
1891 730 29 17 les
1942 728 89 18 vendetta

1559 762 67 23 qu’elle
1634 760 91 24 perpétue
1740 759 45 17 sont
1798 758 28 17 les
1840 755 114 23 principales
1965 756 66 15 causes

1559 788 23 17 de
1589 788 55 17 notre
1651 783 190 20 affaiblissement....

1581 812 52 18 Nous
1650 810 102 18 attendons
1769 808 89 18 l’homme
1875 808 108 19 courageux
2000 807 32 18 qui

1560 837 80 23 prendra
1647 837 19 16 la
1674 835 38 18 tôte
1720 835 27 17 du
1756 832 128 20 mouvement,
1898 829 32 22 qui
1940 832 92 19 groupera

1560 864 27 17 les
1592 861 93 23 énergies,
1694 861 29 17 les
1731 857 140 22 inlel-Hgeuces,
1882 856 28 17 les
1920 855 73 17 bonnes
2000 857 31 13 vo-

1559 887 67 19 lontés.
1633 887 16 17 11
1654 890 42 14 sera
1699 884 80 23 l’apôtre
1785 882 46 18 delà
1839 879 128 20 résurrection
1972 881 60 15 corse.

1581 913 108 20 Provoquez
1696 911 19 17 la
1723 908 82 19 réunion
1813 907 45 17 d’un
1867 904 89 22 Congrès.

1581 937 51 18 Nous
1640 940 59 14 avons
1707 935 12 17 à
1727 933 71 19 établir
1809 927 19 24 ie
1844 933 118 20 programme
1979 926 55 19 mini-

1560 967 46 14 mun
1613 962 34 18 des
1656 959 122 20 réalisations
1786 955 158 23 Indispensables.

1582 988 52 18 Nous
1642 989 69 15 aurons
1720 984 77 18 ensuite
1805 983 10 17 à
1824 982 19 18 le
1859 979 115 24 poursuivre
1990 981 43 14 sans

1561 1012 116 19 défaillance.
1682 1011 35 17 Les
1725 1009 68 18 Corses
1801 1012 24 13 ne
1844 1011 22 13 se
1874 1004 110 19 contentent
1991 1002 43 22 plus
2042 1001 3 23 ]

1561 1039 24 17 de
1592 1041 112 19 promesses:
1714 1035 25 18 ils
1748 1038 25 14 ne
1780 1032 79 19 veulent
1867 1031 43 22 plus
1917 1029 49 18 faire
1972 1027 62 22 figuie

1561 1064 24 17 de
1592 1063 78 22 parents
1678 1064 90 19 pauvres.

1582 1088 56 18 Alors
1644 1086 72 23 qu’Elle
1724 1084 81 19 consent
1812 1082 120 19 d’immenses
1938 1079 97 18 sacrifices

1562 1118 47 17 pour
1617 1117 32 13 ses
1657 1110 84 19 colonies
1747 1109 29 17 les
1784 1108 44 22 plus
1833 1105 110 19 lointaines,
1951 1104 19 17 la
1978 1102 58 18 Mère-

1562 1137 63 19 Patrie
1633 1136 89 19 continue
1730 1135 12 17 à
1750 1137 49 14 nous
1807 1131 97 19 délaisser.
1914 1129 25 18 Ce
1947 1128 50 18 n’est
2002 1132 33 18 pas

1562 1164 11 17 à
1580 1167 35 14 son
1623 1163 88 17 honneur
1720 1159 5 18 !

1584 1191 34 17 Les
1627 1188 65 19 40.000
1700 1188 70 17 Corses
1776 1184 73 19 tombés
1860 1183 82 23 pendant
1950 1182 19 17 la
1977 1181 60 18 Gran-

1563 1216 23 18 de
1594 1215 79 19 Guerre,
1687 1217 46 14 sans
1741 1211 86 22 compter
1843 1213 49 14 ceux
1908 1207 39 23 qui,
1964 1207 73 21 chaque

1562 1242 51 22 jour,
1620 1239 96 19 souffrent
1720 1242 26 13 ou
1752 1235 89 19 meurent
1849 1238 45 14 sous
1900 1234 29 17 les
1936 1232 99 23 tropiques

1563 1271 47 14 nous
1618 1263 133 20 commandent
1767 1259 168 25 impérieusement
1956 1258 82 18 d’élever

1563 1293 18 18 la
1589 1291 46 19 voix
1642 1294 49 18 pour
1697 1286 88 22 l’Avenir
1793 1286 23 18 de
1825 1286 56 17 notre
1889 1285 57 22 Pays.

1585 1315 109 20 Messieurs,
1709 1314 57 17 notre
1774 1311 99 23 loyalisme
1880 1315 25 13 ne
1913 1309 73 19 saurait
1998 1308 40 19 être

1565 1347 24 13 en
1596 1340 95 24 question.
1699 1339 26 17 La
1733 1338 61 18 Corse
1810 1336 37 18 fait
1853 1335 63 23 partie
1931 1335 108 22 intégrante

1565 1367 24 17 do
1600 1365 96 18 territoire
1700 1364 24 18 de
1732 1363 20 17 la
1760 1361 126 23 République.
1893 1360 46 18 Mais
1948 1364 24 14 en
1980 1364 22 13 ce
2006 1357 33 24 qui

1565 1395 91 15 concerne
1664 1394 34 13 nos
1705 1387 126 23 inspirations
1839 1387 30 18 les
1877 1387 43 22 plus
1935 1385 103 23 légitimes,

1565 1417 73 18 l’heure
1646 1415 72 19 semble
1726 1418 66 14 venue
1799 1414 24 18 de
1831 1417 66 19 passer
1907 1413 12 17 à
1926 1411 84 19 l’action.

1587 1446 81 24 (Marchi
1675 1446 28 18 dit
1711 1444 109 20 Paravisino
1826 1454 23 4 —
1854 1443 70 19 L’Echo
1929 1443 47 18 delà
1981 1442 58 23 Corse)

1567 1493 107 22 Hotels
2050 1482 4 39 j

1588 1530 61 23 Après
1657 1530 29 18 les
1694 1530 72 21 routes,
1776 1529 34 23 qui
1822 1528 104 18 suffraient
1933 1527 12 18 à
1951 1526 90 23 dégoûter

1567 1556 19 18 le
1593 1555 82 19 touriste
1682 1555 18 18 le
1708 1555 45 22 plus
1765 1554 98 21 résistant,
1871 1553 50 18 voici
1928 1552 72 20 l’hôtel,
2009 1550 32 23 qui
2050 1548 4 24 |

1568 1581 106 19 l’achève...

1591 1606 28 19 On
1627 1607 37 19 m’a
1680 1606 99 21 demandé,
1789 1610 48 18 pour
1852 1609 40 13 une
1900 1603 89 19 chambre
1996 1602 12 18 à
2014 1606 28 14 un
2051 1608 3 19 ]

1568 1632 24 18 lit
1599 1642 23 4 —
1631 1633 18 17 le
1657 1632 25 18 lit
1688 1631 48 19 était
1744 1631 61 23 large,
1813 1630 20 22 je
1841 1630 19 18 le
1868 1629 106 21 reconnais,
1980 1629 20 17 et
2007 1627 14 18 il
2030 1631 12 18 y
2051 1627 3 18 !

1569 1658 51 18 avait
1627 1658 51 18 l’eau
1684 1657 101 20 courante,
1802 1656 61 18 froide
1880 1656 19 17 et
1907 1654 80 20 chaude,
1996 1653 19 18 et
2023 1653 19 17 la

1569 1683 89 18 chambre
1666 1682 128 22 étaitpropre,
1803 1681 47 18 mais
1859 1681 37 18 elle
1902 1684 25 14 ne
1932 1678 112 23 comportait

1570 1708 60 18 même
1637 1712 35 18 pas
1679 1712 40 13 une
1726 1708 65 21 lampe
1798 1707 24 17 de
1830 1706 69 18 chevet
1903 1714 23 4 —
1931 1709 25 14 on
1964 1709 20 13 m
1991 1708 11 14 a
2009 1703 35 18 de-

1570 1733 68 19 mandé
1643 1732 162 21 soixanteîrancs.
1817 1731 103 23 Ajoutez-y
1930 1730 20 18 le
1963 1728 79 22 service,

1571 1761 19 18 et
1594 1760 19 19 la
1617 1760 44 18 taxe
1664 1759 39 18 dite
1708 1758 69 21 d’Etat,
1782 1758 40 18 cela
1827 1762 25 13 en
1856 1756 37 18 fait
1897 1756 94 18 soixante-
1997 1754 46 18 dix..

1571 1784 139 19 Soixante-dix
1718 1784 66 18 francs
1793 1788 48 17 pour
1852 1787 40 13 une
1907 1781 90 18 chambre
2004 1779 40 23 qui,

1571 1814 58 14 avant
1636 1810 20 17 la
1664 1813 75 19 guerre,
1758 1808 60 18 valait
1824 1813 25 12 au
1866 1807 60 22 grand
1942 1805 102 19 maximum
2050 1808 4 14 ;

1571 1837 43 17 cent
1619 1835 99 22 sous,c’est
1725 1834 124 22 proprement
1857 1834 94 20 eslamper
1957 1831 19 18 le
1981 1830 63 19 client.

1594 1860 59 22 Qii’on
1662 1865 25 13 ne
1693 1860 72 18 vienue
1773 1863 34 18 pas
1811 1862 54 14 mous
1875 1858 65 22 -parler
1956 1857 26 17 du
1991 1860 54 14 cours

1572 1886 27 18 du
1605 1886 74 22 change
1687 1886 20 17 et
1717 1886 24 17 de
1753 1883 156 24 l’augmentation
1925 1882 87 23 générale
2019 1881 26 18 du

1573 1912 44 17 taux
1623 1912 24 17 de
1654 1911 21 18 la
1681 1910 38 18 vie.
1728 1911 18 17 A
1754 1910 60 21 Paris,
1823 1909 12 18 à
1842 1908 65 22 Nice,à
1914 1907 101 22 Marseille,
2021 1912 25 13 on

1573 1938 68 16 trouve
1648 1936 83 22 partout,
1750 1936 48 17 dans
1805 1935 29 17 les
1841 1934 64 18 hôtels
1921 1933 35 22 qui
1971 1933 43 17 sont
2021 1937 25 13 au

1572 1962 62 19 moins
1642 1962 27 19 du
1673 1961 60 20 même
1742 1961 64 20 ordre,
1811 1960 19 17 la
1838 1959 61 18 même
1906 1958 89 19 chambre
2000 1962 46 18 pour

1572 1986 124 22 trente-cinq
1701 1986 73 18 francs.
1781 1985 51 18 C’est
1837 1984 42 23 déjà
1883 1984 106 22 largement
1994 1982 51 23 payé.

1572 2012 124 18 Estime-t-on
1700 2016 38 17 que
1746 2010 70 22 Bastia,
1825 2010 48 18 ville
1880 2010 24 17 de
1911 2011 46 15 luxe
1965 2008 54 18 dotée
2023 2008 24 17 de

1572 2038 64 17 toutes
1640 2037 30 18 les
1678 2036 131 20 commodités,
1818 2034 24 19 dé
1850 2036 44 17 tous
1901 2035 29 17 les
1935 2033 113 23 perfection-

1572 2063 95 21 nements,
1676 2063 23 17 de
1707 2063 66 17 toutes
1782 2063 27 16 tes
1817 2060 123 19 distractions
1957 2059 90 22 imagina-

1573 2089 46 21 bles,
1630 2088 75 22 justifie
1713 2088 36 18 des
1758 2087 56 19 tarifs
1823 2087 51 18 deux
1881 2086 37 18 fois
1926 2086 43 22 plus
1985 2086 62 18 élevés

1572 2114 45 22 qu’a
1625 2114 61 21 Paris,
1695 2113 99 18 Marseille
1801 2117 25 13 ou
1834 2112 46 18 Nice
1887 2111 10 19 ?

1595 2140 24 17 La
1628 2139 62 18 vérité
1696 2140 30 17 est
1732 2139 58 22 qu’on
1795 2137 91 19 mitraille
1893 2137 19 18 le
1919 2141 99 18 voyageur
2029 2137 19 17 et

1573 2165 57 22 qu’on
1635 2168 57 14 cause
1700 2169 28 12 un
1737 2165 40 17 tort
1785 2163 95 18 immense
1886 2167 25 13 au
1920 2162 92 18 tourisme
2019 2162 30 17 in-

1573 2190 78 18 sulaire.
1664 2190 15 17 II
1686 2189 33 23 n'y
1726 2194 12 12 a
1747 2189 44 22 plus
1796 2189 11 17 à
1816 2188 97 18 s’étonner
1920 2188 24 17 de
1953 2188 96 17 constater

1573 2220 37 17 que
1616 2215 30 18 les
1654 2215 63 18 hôtels
1725 2214 65 18 soient
1805 2213 63 18 vides:
1876 2213 29 18 les
1921 2212 91 18 hôteliers
2017 2213 24 17 de

1572 2241 76 17 vraient
1655 2244 23 14 se
1685 2240 70 17 mettre
1763 2240 48 16 dans
1820 2239 20 17 la
1845 2238 39 18 tête
1891 2238 46 22 qu’il
1945 2243 25 12 ne
1986 2237 63 18 suffit-

1572 2270 35 17 pas
1623 2265 24 18 de
1664 2265 110 18 dénommer
1793 2268 38 14 une
1844 2263 89 18 chambre
1942 2269 9 11 »
1965 2263 84 22 apparte-

1573 2291 53 17 ment
1634 2297 9 10 »
1650 2295 26 13 ou
1683 2294 38 13 une
1729 2289 49 18 salle
1786 2290 12 16 à
1803 2293 79 17 manger
1889 2294 10 11 a
1908 2288 68 22 dining
1984 2292 62 13 room»

1573 2320 47 19 pour
1629 2315 94 19 dévaliser
1731 2315 20 18 le
1760 2314 66 18 client.

1594 2341 24 18 Le
1627 2341 60 18 clieut
1693 2344 57 19 paye,
1760 2340 41 18 s’en
1809 2344 31 16 va,
1845 2340 21 17 et
1873 2343 25 13 ne
1906 2338 78 18 revient
1998 2338 50 22 plus.

1573 2365 116 21 Seulement,
1698 2365 15 18 il
1721 2365 89 22 prévient
1818 2365 28 17 les
1854 2364 84 22 copains.

1594 2394 33 22 (Le
1640 2394 57 18 Vieux
1710 2392 94 19 Monsieur
1809 2402 23 3 —
1836 2391 74 19 L’Eveil
1918 2392 22 18 de
1959 2391 19 18 lu
1988 2390 59 23 Corse)

1573 2439 85 20 Scole
1665 2438 234 21 Mariannesciie

1596 2475 20 18 Si
1624 2475 19 18 le
1648 2474 64 19 Grand
1715 2474 80 18 Lorrain
1806 2474 74 22 passait
1888 2478 27 13 un
1924 2473 44 22 jour
1981 2473 68 18 devant

1573 2500 66 18 l’école
1646 2500 26 18 de
1679 2500 36 17 T...
1724 2504 25 13 en
1758 2499 75 21 Trécor,
1842 2503 36 13 son
1891 2503 52 13 coeur
1956 2499 94 17 bondirait

1574 2525 127 23 d’allégresse.
1710 2524 28 18 En
1749 2524 62 22 jetant
1827 2529 27 12 un
1863 2524 66 22 regard
1937 2528 35 18 par
1983 2523 66 18 dessus

1573 2550 94 18 lesvitres
1672 2550 88 18 enduites
1766 2550 58 17 d’une
1832 2549 71 17 infâme
1912 2548 136 23 peinturesale,

1574 2576 15 17 il
1597 2575 117 22 apercevrait
1727 2575 37 18 des
1775 2578 53 14 murs
1840 2574 85 22 lépreux,
1936 2574 34 18 des
1978 2574 71 22 images

1573 2600 81 22 jaunies,
1669 2601 33 17 des
1713 2600 62 18 tables
1783 2599 104 21 boiteuses,
1893 2599 46 18 dans
1944 2603 40 14 une
1990 2599 59 18 classe

1574 2625 77 21 infecte,
1660 2625 61 21 basse,
1732 2625 39 17 mal
1780 2624 86 22 éclairée,
1880 2628 38 14 une
1924 2624 55 18 vraie
1991 2624 59 18 classe

1574 2655 48 18 pour
1630 2651 86 20 Bretons,
1725 2652 21 16 et
1753 2650 15 18 il
1777 2650 107 18 entendrait
1892 2654 46 14 avec
1954 2650 61 17 délice
2021 2650 33 20 les.

1575 2676 44 21 cris,
1628 2680 26 14 ou
1668 2676 62 23 plutôt
1744 2676 30 17 les
1788 2676 126 20 hurlements,
1928 2675 47 17 d’un
1983 2675 67 18 maître

1574 2701 46 21 zélé,
1637 2701 119 17 maintenant
1772 2701 47 17 dans
1832 2700 124 18 l’obéissance
1968 2704 38 14 une
2014 2700 36 18 soi-

1574 2726 91 18 xantaine
1673 2726 23 18 de
1703 2726 60 22 petits
1771 2729 81 19 paysans
1858 2725 24 18 de
1889 2725 31 18 six
1927 2725 12 17 à
1947 2725 33 17 dix
1988 2730 41 17 ans,
2039 2726 11 17 à

1574 2751 57 18 l’aide
1647 2752 35 17 des
1689 2752 50 17 mots
1756 2751 30 17 les
1802 2751 66 17 mieux
1884 2750 72 18 choisis
1964 2751 24 17 de
1995 2751 55 17 notre

1575 2776 133 18 dictionnaire.

1597 2802 27 18 De
1632 2803 61 21 temps
1699 2806 25 14 en
1733 2802 70 22 temps,
1813 2801 12 17 à
1832 2802 75 17 travers
1917 2801 19 17 la
1944 2801 107 18 monotonie

1574 2828 111 21 mécanique
1692 2827 34 18 des
1731 2826 118 21 lectures,où
1854 2827 52 21 puits
1911 2826 79 18 devient
1995 2826 54 22 pwis,

1575 2854 21 16 et
1602 2852 43 21 ciel,
1651 2852 56 21 ehiel,
1714 2852 84 22 quelque
1803 2852 58 17 chose
1869 2851 67 18 bondit
1941 2851 26 18 du
1972 2851 78 22 bureau,

1575 2882 37 13 une
1621 2877 65 18 chaise
1693 2877 72 21 tombe,
1774 2877 34 17 des
1818 2876 61 22 petits
1895 2876 54 22 pieds
1958 2876 94 18 s’affolent

1575 2906 45 14 sous
1629 2903 19 17 la
1656 2902 57 21 table,
1721 2906 30 13 un
1758 2906 48 18 coup
1814 2902 82 17 sourd...
1905 2901 23 18 Et
1935 2901 117 19 immédiate-

1575 2928 59 21 ment,
1643 2932 28 13 un
1679 2927 90 21 tumulte,
1778 2931 28 13 un
1820 2931 91 17 ouragan,
1920 2931 40 13 une
1967 2927 50 17 èrise
2027 2927 24 17 de

1574 2952 92 18 delirium
1674 2953 92 20 tremens,
1776 2952 24 17 de
1808 2952 42 17 tout
1855 2952 41 17 cela
1904 2952 12 17 à
1920 2951 19 18 la
1947 2951 39 18 fois
1993 2957 5 12 :
2007 2952 46 17 ban-

1575 2978 24 17 de
1603 2978 24 17 de
1636 2981 93 18 sauvages
1736 2976 95 23 !...parlez
1838 2976 82 22 français
1927 2976 125 19 N.d.D....tas

1575 3003 24 17 de
1606 3001 101 19 Chinois...
1715 3007 23 16 ça
1746 3007 25 13 ne
1784 3006 56 14 saura
1852 3001 68 23 jamais
1932 3002 63 22 parler
2003 3002 51 18 fran-

1574 3027 61 20 çais..
1644 3028 20 17 le
1671 3028 85 21 premier
1764 3032 38 17 que
1808 3027 20 22 je
1835 3027 93 22 reprends
1936 3027 11 17 à
1955 3027 98 22 baragoui-

1574 3057 41 17 ner,
1620 3053 21 22 je
1647 3052 126 23 l’esquinte!.,
1780 3053 24 17 de
1808 3052 68 23 piquet
1880 3053 12 17 à
1896 3053 19 17 la
1918 3051 133 19 récréation!...

1574 3078 123 18 salerossard
1706 3077 30 19 !...

1596 3103 23 17 Et
1627 3103 116 21 Poincaroff,
1753 3103 43 22 déjà
1808 3102 91 19 attendri,
1907 3102 96 18 verserait
2009 3106 44 14 sans

1574 3129 59 17 doute
1639 3128 45 18 bien
1691 3128 35 18 des
1734 3128 72 17 larmes
1811 3132 26 13 en
1845 3127 111 22 entendant,
1962 3127 12 18 à
1981 3127 73 18 l’heure

1574 3154 25 17 de
1605 3154 20 17 la
1633 3153 113 21 récréation,
1756 3157 35 13 sur
1798 3152 44 18 l’air
1847 3153 58 17 d’une
1909 3156 60 14 suave
1974 3152 80 18 mélodie

1574 3179 82 17 scolaire
1660 3187 24 4 —
1690 3178 20 17 la
1717 3177 64 18 même
1789 3178 12 17 à
1807 3181 38 18 peu
1859 3177 44 22 près
1911 3177 34 22 qui
1960 3178 41 17 sert
2006 3181 48 18 pour

1574 3204 107 21 apprendre
1688 3203 20 17 la
1714 3203 54 18 table
1776 3203 24 17 de
1807 3203 149 21 multiplication
1963 3206 26 13 ou
1996 3202 18 17 la
2020 3202 34 18 lis-

1574 3229 21 17 te
1602 3229 34 17 des
1643 3227 172 22 sous-préfectures
1829 3227 76 23 jusqu’à
1913 3226 113 18 Tizi-Ouzou
2031 3236 23 4 —

1573 3253 20 17 le
1605 3253 69 18 choeur
1687 3253 33 17 des
1735 3252 61 22 petits
1807 3256 44 18 gars
1864 3253 25 17 de
1897 3252 46 18 chez
1951 3256 50 14 nous
2011 3252 43 22 déjà

1575 3278 62 18 «deux
1641 3278 39 18 fois
1685 3277 119 22 Ffrançais»,
1813 3277 93 19 entonnèr
1913 3278 51 18 cette
1971 3277 57 18 noble
2035 3278 19 18 et

1575 3302 184 23 patriotiquepoésie
1766 3308 6 12 :

1620 3339 28 18 La
1655 3339 71 18 France
1735 3340 29 17 est
1771 3339 20 18 la
1799 3338 52 19 noble
1856 3339 71 18 contrée

1619 3364 68 24 Eprise
1694 3364 27 18 du
1724 3364 54 23 juste
1783 3365 17 17 et
1808 3364 26 18 du
1844 3364 48 22 bien,

1619 3388 43 22 Qui,
1669 3394 48 18 pour
1725 3390 50 16 toute
1784 3393 53 13 cause
1842 3389 66 21 sacrée,

1619 3414 85 22 Enfanta
1708 3413 46 22 plus
1762 3413 44 18 d’un
1811 3413 93 23 citoyen...

1577 3448 64 22 (Yarin
1653 3448 78 18 Skolaer
1736 3458 25 4 —-
1768 3448 58 18 Breiz
1833 3449 54 22 Atao)

1613 3562 14 25 I
1655 3562 92 25 nostri
1774 3562 61 26 veri
1855 3563 86 26 amici
1963 3572 43 18 un
2022 3565 31 24 sô

1579 3601 92 25 micca
1689 3600 96 35 quelli
1813 3601 48 25 chi
1880 3602 26 25 ci
1929 3604 125 24 contanu

1579 3638 182 26 chiacchiare
1785 3647 48 18 ma
1855 3641 94 33 quélli
1966 3640 47 26 chi
2028 3641 26 25 ci

1578 3677 150 26 mandanu
1740 3686 22 17 u
1771 3686 31 17 so
1813 3689 4 3 ■
1826 3678 226 28 abbunamentu.

2180 162 23 36 A
2220 173 38 25 un
2275 161 126 45 giovanu

2082 251 106 29 Quandu
2200 250 22 21 la
2234 248 105 22 verdura
2348 245 14 22 è
2375 245 68 27 folta,

2081 287 50 21 Elu
2144 285 59 22 flore
2218 282 46 21 ben
2276 279 136 25 sbucciatu,

2080 318 80 23 S’ell’è
2173 318 61 20 bona
2250 315 21 21 la
2283 313 116 25 raccolta,

2082 353 18 21 E
2109 352 20 22 si
2144 353 25 20 tu
2182 349 20 23 si
2216 347 153 29 spenseratu,

2082 385 88 28 Sappie
2183 382 38 23 chi
2233 383 22 20 la
2267 380 67 28 gioia
2343 378 13 22 è
2366 380 97 21 santa...

2245 414 77 22 Canta
2334 413 5 20 !

2083 479 145 28 Quand’ellu
2238 477 33 22 c'è
2281 475 52 23 nuli
2344 475 25 21 in
2382 474 62 25 celu,

2084 514 17 21 E
2109 518 92 22 sangue
2211 511 83 28 guastu
2302 508 25 22 in
2338 509 23 20 le
2371 513 73 19 vene,

2084 546 116 27 Quandu,
2214 544 95 27 cuperta
2322 541 58 22 d’un
2388 540 67 24 velu,

2085 580 88 22 L’aima
2184 583 94 23 gemme
2291 576 28 22 da
2333 576 22 21 le
2368 579 74 23 pene,

2085 614 49 21 Dio
2146 614 25 20 lu
2181 611 110 22 cunfortu
2304 615 33 15 un
2353 613 91 22 nega...

2240 645 73 26 Prega
2322 643 6 20 !

2085 707 104 27 Quande
2200 708 25 19 tu
2238 704 56 22 vedi
2304 703 141 21 all’intornu

2084 741 130 22 Gattivera
2222 745 13 14 e
2244 737 130 29 ghielusia,

2086 774 70 23 Statti
2168 773 71 21 bassu
2252 771 23 21 in
2287 771 25 21 lu
2324 771 27 20 to
2364 775 98 20 scornu,

2086 808 56 22 Fele
2155 807 25 21 in
2191 811 72 22 corpu
2272 811 31 14 un
2314 803 21 22 ci
2346 809 32 15 ne
2390 802 43 26 sia,

2087 841 18 21 E
2118 841 100 21 luntanu
2230 839 29 21 da
2271 836 130 28 l’indegni,

2241 870 104 29 Piegni!

2087 936 26 22 Si
2124 938 26 19 tu
2165 935 57 21 vedi
2233 935 24 21 lu
2269 934 95 22 nimicu

2088 969 47 22 Chi
2144 970 22 20 la
2178 968 35 22 to'
2225 974 52 15 casa
2288 967 131 26 minaccia,

2087 1002 32 22 Fà
2131 1002 41 22 chi
2188 1002 79 27 quellu
2278 1007 94 22 sangue
2384 1000 84 22 anticu

2087 1036 154 21 Rimbivisca
2251 1036 24 21 in
2287 1036 23 21 la
2322 1037 27 19 to
2361 1034 78 22 faccia
2450 1041 6 19 ;

2090 1069 65 22 Gliiè
2168 1075 124 22 vergogna
2303 1069 26 21 di
2341 1068 37 22 stà
2389 1069 88 24 zittu,..

2251 1102 67 22 Rittu
2330 1102 5 21 !

2089 1166 115 28 Travagli
2208 1172 13 15 a
2226 1171 95 22 sempre
2332 1165 24 22 di
2366 1170 58 17 core

2091 1200 33 22 Pè
2136 1201 24 21 lu
2173 1200 63 22 bene
2248 1200 23 21 di
2283 1198 103 23 l’umani
2397 1204 5 20 ;

2091 1235 24 21 A
2126 1235 23 21 la
2161 1234 94 21 chiama
2267 1233 40 22 d’u
2320 1232 113 29 Signore,

2092 1267 55 23 Cun
2159 1267 56 22 fede
2227 1266 133 29 aghiunghj
2369 1267 24 21 le
2405 1266 64 22 mani
2481 1272 6 20 ;

2092 1302 45 23 C’u
2149 1301 107 28 dispiacè
2267 1301 24 21 di
2301 1300 104 26 l’errori,

2261 1335 63 21 Mori
2332 1334 5 21 !

2302 1382 29 21 G.
2340 1381 28 22 di
2375 1381 26 22 la
2410 1380 98 22 Grotta.

2219 1513 144 31 Attenti
2376 1507 9 33 !

2095 1593 52 21 Fra
2152 1591 78 28 pochi
2237 1590 77 27 jorni,
2328 1591 11 21 i
2349 1589 84 27 prezzi
2440 1589 32 22 -di
2478 1595 62 20 pas-

2069 1626 93 27 saggiu
2181 1633 15 14 a
2213 1625 82 22 bordu
2306 1625 29 21 di
2351 1624 11 22 i
2372 1622 100 23 battelli
2481 1622 31 22 di
2522 1629 16 15 a

2069 1660 153 26 cumpagnia
2226 1658 140 23 Fraissinet
2374 1663 167 20 saranumag-

2070 1694 96 27 giurati
2175 1693 27 22 di
2212 1700 18 15 u
2237 1692 49 22 150
2297 1698 48 20 per
2354 1693 77 20 centu
2440 1690 8 22 !

2096 1728 83 21 L’omi
2188 1726 118 27 pulitichi
2316 1726 137 21 lasceranu
2463 1724 35 22 fà.

2098 1760 208 26 L’assuciazione,
2314 1759 12 22 i
2339 1758 120 27 giurnali,
2470 1765 16 14 e
2497 1764 45 15 ca-

2070 1801 70 16 mere
2148 1795 29 21 di
2187 1793 162 26 cunimerciu,
2359 1799 14 15 e
2383 1792 159 26 municipali-

2070 1829 36 26 tà,
2123 1828 101 22 devenu
2247 1826 117 27 prutestà
2386 1832 76 15 senza
2498 1825 46 26 prît

2071 1862 83 22 tardà.

2100 1893 75 25 A-chi
2186 1895 24 22 si
2215 1897 56 20 face
2282 1895 24 21 si
2313 1894 58 22 face
2380 1893 125 26 complice
2517 1892 28 22 di

2072 1936 15 15 a
2096 1930 95 21 ruvina
2199 1928 146 25 economica
2354 1928 30 21 di
2394 1934 16 15 a
2421 1926 107 23 Corsica
2536 1926 8 21 !

2161 2053 25 36 A
2201 2053 134 36 Barretta
2352 2051 105 45 Misgia

2073 2133 22 29 È
2114 2140 99 21 esciutu
2228 2145 16 15 u
2256 2144 109 16 numeru
2384 2143 29 23 2p
2433 2137 114 28 iMarqu-

2074 2176 95 28 Aprile
2181 2174 62 30 1929)

2222 2232 175 22 SOMMARIU

2097 2279 27 19 A.
2134 2279 126 19 deTeretti.
2266 2280 112 17 —L’Anima
2385 2279 20 18 di
2414 2279 64 19 Cirnu.
2483 2278 65 19 L’Ai-

2075 2305 94 18 tincu.—
2176 2305 106 19 Cuntrasta.
2292 2305 29 18 M.
2328 2304 133 19 Alessandri
2467 2304 25 18 di
2497 2304 52 19 Chi-

2076 2331 78 17 dazzu.
2162 2340 24 4 —
2194 2330 85 19 Serinalu
2293 2330 20 18 di
2321 2330 88 18 Ritornu.
2423 2329 126 24 Bisgambi-

2075 2356 54 23 glia.
2138 2365 23 4 —
2168 2356 18 18 À
2193 2356 85 22 Pignatta
2285 2356 90 18 Piraccia.
2385 2355 46 19 Casa
2438 2356 21 17 di
2466 2356 83 21 Pasqua-

2075 2382 19 18 le
2102 2381 52 19 Paoli
2164 2381 104 23 (Disegnu).
2274 2381 20 19 U
2302 2381 128 18 Cuhiniale.
2439 2390 24 4 —
2470 2381 80 17 Lamen-

2076 2408 21 16 tu
2106 2407 93 17 d’Amore.
2207 2406 20 19 U
2235 2406 145 24 Pappagallu.
2388 2416 24 4 —
2419 2406 80 18 Misfatti
2507 2406 22 17 di
2536 2411 11 12 a

2075 2432 47 22 jatta
2131 2433 13 9 “
2151 2431 85 19 Saetta”.
2244 2431 106 19 L’Acellu
2360 2431 24 18 di
2394 2431 77 18 Cutuli
2478 2441 25 3 —
2510 2431 39 18 La-

2076 2458 66 17 menlu
2150 2457 19 18 di
2178 2462 11 13 a
2197 2457 85 18 Purcella
2290 2457 19 17 di
2321 2457 67 18 Pétrin
2401 2456 85 19 L’Orsu
2500 2455 47 19 d’O-

2076 2482 183 18 rezza.—Cârulina
2266 2482 54 18 belia!
2331 2482 106 22 (Canzona).
2443 2481 105 19 Memè.—

2076 2507 115 19 Ghiucadori
2197 2508 20 18 di
2225 2507 60 19 Carte.
2298 2507 26 18 G.
2333 2507 25 18 L.
2368 2506 124 20 Geronimi.
2500 2516 25 4 —
2531 2507 17 17 A

2075 2533 122 22 l’Impiegati.
2206 2532 26 19 G.
2240 2532 28 19 A.
2276 2532 92 19 Canasi.
2376 2533 40 17 —A
2423 2532 78 19 Chiave.
2510 2532 39 19 Se-

2076 2558 82 18 rafinu.
2166 2568 24 3 —
2196 2558 50 18 Arba
2254 2558 96 18 salbaüca.
2359 2557 28 19 G.
2395 2557 154 23 Spinatelli.—

2076 2584 90 17 Lamenlu
2182 2584 10 16 d
2195 2584 5 17 i
2216 2583 88 23 Filigone.
2319 2582 28 18 A.
2356 2582 24 19 L.
2394 2582 102 19 Martini.
2504 2592 23 4 —
2540 2583 7 17 I

2076 2608 129 23 Pignullaghj.
2212 2607 207 19 Colonna.—Lellera
2424 2609 64 17 d’Jndo
2496 2608 52 18 Cina.

2077 2633 25 19 G.
2113 2634 23 18 di
2145 2632 92 25 Coghia.
2247 2643 21 4 —
2277 2633 15 19 U
2301 2634 57 18 Paese
2374 2634 19 17 di
2405 2634 69 23 Coghia
2491 2634 56 21 (Can-

2076 2660 61 21 zona).

2115 2693 184 21 Amministrazione,
2308 2692 24 20 38
2340 2693 58 20 Corsu
2407 2692 103 20 Grandval.

2196 2727 66 18 Prczzu
2269 2732 5 12 :
2286 2727 64 18 Vinti
2359 2727 68 18 soldi.

2076 2760 96 18 Camprcndu
2181 2764 9 10 a
2197 2761 54 14 Muvra
2259 2760 106 15 dutaanilaUlu
2374 2765 9 10 a
2390 2764 9 10 a
2407 2761 53 14 vostru
2467 2761 82 14 ir.arcante.

2103 3173 20 4 —
2132 3164 53 17 Zittu
2191 3163 5 18 !
2205 3163 31 18 chi
2243 3163 27 18 mi
2277 3163 18 18 si
2302 3167 47 18 pare
2356 3163 32 18 chi
2394 3167 15 13 u
2417 3163 55 22 pâese
2486 3159 66 25 ripigli

2079 3194 12 13 a
2098 3189 52 21 bive,
2160 3193 25 13 eu
2192 3189 32 17 sta
2229 3188 77 23 pulitica
2312 3187 5 18 !

2103 3223 21 5 —
2132 3213 20 19 Ié
2158 3213 29 18 !...
2196 3218 34 17 per
2237 3213 47 18 andà
2291 3212 34 24 più
2334 3214 66 21 prestu
2409 3213 16 18 à’
2433 3213 64 17 morte
2503 3211 5 18 !

2241 3313 147 37 Abbunati

2107 3387 142 26 Preghemu
2259 3387 10 22 i
2274 3388 85 22 nostri
2370 3388 46 22 fîdi
2426 3384 127 25 abbunati

2080 3420 29 22 di
2118 3420 10 21 i
2149 3416 70 30 quàli
2234 3420 208 23 Tabbunamentu
2459 3420 14 21 è
2493 3425 58 17 sca-

2080 3453 66 22 dutu
2161 3453 87 21 avanti
2266 3459 18 16 u
2300 3454 88 25 primu
2408 3452 142 29 jennaghiti

2081 3485 66 22 1929
2156 3485 29 22 di
2192 3486 196 23 addirizzaccine
2393 3494 19 15 u
2419 3486 132 23 muntante

2080 3525 46 20 per
2151 3518 119 24 benefizià
2287 3520 29 22 di
2329 3521 105 22 l’antica
2447 3518 86 24 tariffa
2543 3522 6 16 :

2081 3552 104 22 Corsica
2196 3553 31 21 12
2238 3553 32 22 fr.
2277 3553 111 23 Francia
2393 3554 33 22 15
2434 3554 32 21 fr.
2477 3552 74 29 (Con-

2079 3587 157 27 tu-curente,
2247 3587 139 27 Marseglia
2398 3586 110 28 45-82;).

2110 3619 78 22 Sènza
2205 3620 118 28 rispôsta,
2346 3621 41 23 fra
2409 3623 55 20 òttu
2472 3630 6 5 -
2480 3617 71 29 jorni

2080 3652 100 23 faremu
2197 3654 112 22 incascià
2330 3654 180 23 direttamente
2522 3657 29 16 a-

2081 3686 180 26 ghiustenduci
2269 3694 13 15 e
2292 3694 75 20 spese
2378 3687 111 27 p^ustale.
