2577 3919
25 124 66 49 0tig
111 105 86 51 veuf
212 101 38 46 ls
269 98 117 47 €©rse
403 96 21 48 ?

174 194 93 31 (Suite)

119 265 49 25 LES
181 254 144 31 REMÈDES

85 317 34 22 La
130 306 111 27 doctrine
255 303 104 22 corsiste

62 371 31 20 tre
101 356 164 32 régionalisme
282 355 87 20 trouve
378 358 25 15 sa
411 351 47 22 rai-

31 383 7 15 1
53 400 66 23 d’être
126 377 67 37 'dans
208 389 22 21 la
248 386 118 27 conquête
378 385 41 21 des
431 384 27 22 li-

10 415 34 20 s°n
51 437 22 20 és
91 427 38 30 qui
142 425 54 22 sont
213 419 148 23 essentielles
382 417 13 23 à
411 423 48 16 une

9 447 12 20 b
42 473 4 4 .
92 463 44 21 ces
147 454 95 26 libertés
251 459 31 15 ne
291 453 55 21 sont
358 457 40 22 pas
406 452 53 20 uto-

9 476 62 51 “Ses
76 495 56 26 mais
143 489 91 25 réelles,
247 486 93 22 vitales.

9 518 12 21 P
32 537 54 22 pour
96 533 28 17 en
132 520 156 29 comprendre
301 519 22 21 la
331 517 126 25 nécessite,

38 569 32 23 est
84 555 129 29 nécessaire
228 552 93 22 d’avoir
342 552 117 21 constam-

10 583 5 15 1
28 603 36 22 eut
69 600 52 19 sous
129 593 35 20 les
175 592 64 25 yeux
251 587 62 20 cette
324 584 86 27 phrase
428 583 30 21 de

9 613 84 44 Sveriu
101 623 63 26 Paoli
177 621 57 22 dans
245 619 22 21 A
284 617 109 29 Cisffra:
402 624 13 14 «
423 616 36 22 ZAE

12 673 16 20 r
53 671 23 17 se
96 659 59 24 n'est
172 657 47 26 pas
234 658 36 16 un
289 651 171 28 département

11 696 98 35 français
122 690 65 23 niais
197 692 48 17 une
257 686 89 20 nation
354 685 105 21 vaincue

12 711 34 43 là
52 730 49 24 doit
108 721 117 27 renaître.
235 726 13 14 »
286 737 4 4 .

32 762 71 29 phicés
121 758 12 22 à
143 754 31 24 uri
189 754 37 21 tel.
233 752 68 28 point
311 751 29 21 de
349 757 48 15 vue
407 752 53 20 tou-

43 792 116 29 cbnfusion
170 785 130 24 deviendra
312 784 146 27 impossible.

18 811 68 46 6Mais
96 820 121 35 pourquoi,
228 825 39 15 me
276 818 121 26 dira-t-on,
399 822 58 17 vou-

10 857 90 40 lus
108 863 43 24 que
168 856 22 21 la
202 853 76 22 Corse
289 852 48 21 soit
357 857 46 15 une
419 857 41 15 na-

8 905 45 21 tion
60 899 12 21 ?
263 918 6 8 ,

35 935 26 21 La
70 929 94 27 réponse
176 923 36 20 est
223 925 72 16 aisee.

35 964 107 28 Qu’est-oe
168 961 29 16 en
231 952 55 23 effet
310 952 86 28 qu’une
419 957 36 15 na-

22 1004 4 5 ,
65 999 11 15 p

35 1033 20 22 5*
66 1033 53 20 n0us
135 1020 154 26 considérons
302 1025 46 16 une
369 1019 89 25 nation,

12 1069 78 22 comme
97 1064 41 18 une
144 1055 69 24 unité
216 1052 188 30 géographique
412 1051 49 23 évi-

13 1082 65 41 dente,
87 1096 20 21 la
118 1092 74 22 Corse
201 1091 35 19 est
243 1093 46 16 une
302 1086 158 22 nation.Nous

12 1132 124 31 ajouterons,
145 1130 28 16 au
197 1121 100 28 surplus,
311 1126 46 21 que
374 1122 55 20 tout
440 1126 19 21 y

12 1168 27 21 est
48 1160 108 30 différent
172 1156 33 22 du
221 1156 65 21 reste
295 1154 29 21 de
337 1152 25 23 la
383 1153 78 22 Fran-

11 1207 26 16 ce.
49 1196 58 23 C’est
115 1198 46 16 une
175 1192 64 20 autre
257 1186 76 23 vérité
355 1192 44 22 que
411 1186 49 22 l’on

11 1239 22 17 ne
43 1234 55 18 nous
117 1226 130 22 contestera
271 1227 50 22 pas.
332 1220 129 28 Marquons

11 1262 97 28 toutefois
119 1265 30 16 un
164 1260 65 20 autre
242 1256 81 28 point:
349 1254 34 22 La
397 1254 63 21 Cor-

10 1306 19 16 se
37 1297 48 22 doit
96 1293 49 23 être
155 1289 141 25 considérée
308 1293 94 17 comme
411 1293 50 15 une

12 1331 72 24 nation
98 1330 76 25 parce
195 1322 87 30 qu'elle
300 1328 16 15 a
335 1321 42 22 des
383 1321 78 28 fron-

12 1365 61 24 tières
79 1358 134 25 naturelles
222 1359 22 21 et
254 1355 88 30 qu'elle
351 1357 35 19 est
395 1360 66 16 com-

12 1397 58 31 posée
89 1397 48 26 par
158 1398 48 17 une
225 1397 57 16 race
305 1388 154 23 autochtone.

13 1431 41 24 Ceci
67 1429 39 25 dit,
120 1428 15 21 il
152 1427 96 22 devient
267 1423 50 23 aisé
334 1423 30 22 de
376 1421 86 23 définir

14 1468 13 21 la
40 1463 70 22 Corse
127 1461 30 22 de
173 1461 22 21 la
208 1459 67 29 façon
290 1458 109 22 suivante
409 1463 6 14 :
426 1461 35 16 un

15 1497 121 30 organisme
148 1496 75 26 ayant
236 1493 42 22 des
290 1492 98 22 besoins
401 1493 60 25 par-

16 1530 93 25 ticuliers
119 1527 142 29 prédestiné
270 1526 15 22 à
297 1531 49 16 une
357 1525 104 21 existen-

16 1572 16 16 ce
37 1562 168 31 particulière.

33 1598 57 23 N’est
107 1602 26 16 ce
143 1596 68 27 point
224 1594 48 21 cela
285 1594 12 20 ?

35 1631 52 22 Mais
99 1635 28 15 ne
140 1634 60 16 nous
206 1626 128 22 évertuons
348 1631 40 22 pas
396 1624 13 22 à
422 1625 39 21 dé-

13 1667 87 22 montrer
110 1663 22 20 la
143 1660 82 23 réalité
238 1659 69 22 d’une
317 1659 72 22 chose
397 1658 64 22 aussi

14 1694 143 29 évidente.'La
176 1694 81 22 nation
270 1699 68 17 corse
347 1692 115 23 n’a-t-elle

14 1739 33 23 pas
57 1728 70 25 existé
136 1728 11 22 ?

36 1766 65 23 Donc,
121 1761 118 29 première
258 1760 123 23 nécessité-
401 1766 63 22 pour

14 1805 49 17 nous
70 1805 6 15 :
88 1797 69 22 avoir
169 1796 143 21 conscience
324 1795 30 21 de
366 1800 46 17 nos
424 1795 40 21 in-

15 1831 68 25 térêts.
92 1830 66 23 Cette
169 1829 142 22 conscience
322 1829 31 21 de
363 1834 45 16 nos
428 1828 35 22 in-

14 1866 59 23 térêts
82 1870 57 16 nous
151 1869 31 16 ne
202 1862 173 22 l’obtiendrons
393 1862 70 28 qu’en

17 1901 56 28 ayant
80 1897 135 23 conscience
225 1896 29 22 de
263 1898 72 20 notre
349 1897 114 21 nationa-

16 1933 40 22 lité.
66 1932 57 22 Pour
131 1931 79 22 savoir
219 1936 27 16 ce
258 1930 75 28 qu’est
343 1933 66 19 notre
423 1936 40 16 na-

16 1965 90 23 tionalité
127 1965 16 21 il
156 1964 47 22 faut
214 1969 46 23 que
272 1969 59 17 nous
344 1963 119 23 étudiions

12 1996 100 23 l’histoire
123 1996 29 21 de
164 1998 67 19 notre
243 2000 67 23 pays.
327 1994 73 23 Notre
411 1995 52 22 his-

20 2031 45 21 toire
75 2032 32 19 est
115 2030 21 21 le
151 2029 97 28 portrait
260 2030 22 20 le
294 2029 80 22 moins
389 2028 72 27 farce,

21 2065 15 20 le
49 2065 45 26 plus
115 2065 67 20 exact
204 2068 44 23 que
267 2068 60 16 nous
346 2068 75 24 ayons
433 2063 30 21 de

20 2098 144 21 nous-mêmes.
177 2096 65 23 Nous
262 2102 60 17 nous
344 2103 17 22 y
382 2102 81 17 recon-

20 2131 83 22 naîtrons
116 2131 46 21 très
174 2131 57 21 vile.

40 2164 51 22 Pour
107 2165 92 21 obtenir
223 2165 30 21 de
276 2165 45 21 tels
344 2164 117 27 résultats,

19 2198 89 22 unissons
119 2204 43 17 nos
178 2198 88 23 efforts.
278 2199 85 28 Ayons
376 2205 29 15 un
422 2199 41 27 pô-

19 2231 16 21 le
43 2232 72 26 positif
134 2233 38 27 qui
197 2233 123 21 cristallise
343 2235 54 19 tous
417 2238 46 16 nos

19 2263 82 28 besoins,
109 2267 37 27 qui
159 2267 96 21 articule
277 2268 77 23 toutes
366 2272 44 16 nos
426 2272 37 16 re-

18 2298 147 24 vendications.
180 2299 64 27 Qu’il
253 2300 56 26 soit,
322 2306 27 16 ce
359 2301 53 27 pôle
420 2306 42 22 po-

18 2331 44 26 sitif,
70 2332 18 21 le
100 2334 43 21 lieu
152 2333 163 29 géométrique
326 2334 30 22 de
365 2337 54 19 tous
428 2335 34 21 les

18 2366 72 25 espoirs
101 2372 86 22 corses,
194 2368 28 22 de
235 2371 79 19 toutes
332 2369 34 21 les
379 2369 83 21 activi-

17 2397 26 21 tés
56 2404 76 18 corses.

37 2430 30 24 Or
75 2439 24 16 ce
111 2435 51 26 pôle
178 2436 83 27 positif
281 2442 59 16 nous
361 2437 98 25 l’avons,

17 2463 42 23 c’est
80 2466 20 23 U
115 2467 97 25 Partitu
235 2470 83 22 Gorsu
343 2470 118 28 d’Affone

17 2501 36 22 Qu'>
63 2505 37 21 par
109 2502 101 28 l’organe
222 2504 29 21 de
258 2505 22 21 A
290 2503 102 27 Muvra,
405 2504 56 22 s’est

17 2533 89 29 employé
121 2535 28 22 de
172 2542 42 17 son
228 2538 82 22 mieux
319 2537 12 23 à
345 2537 57 23 faire
414 2544 46 21 que

17 2569 44 17 nous
75 2573 27 16 ne
114 2570 107 26 perdions
234 2577 42 22 pas
295 2574 67 20 toute
377 2572 83 22 notion

49 2601 118 24 sentiment
188 2605 111 27 national,
320 2608 67 20 toute
407 2605 53 21 idée

17 2629 21 22 de
44 2638 37 17 nos
89 2634 102 25 intérêts.
202 2638 28 22 La
244 2639 109 22 doctrine
361 2639 99 23 corsiste

18 2665 44 21 acté
74 2666 106 27 formulée
193 2678 41 22 par
244 2674 20 20 A
280 2673 100 22 Muvra.

512 89 48 29 Qff
561 92 73 21 est-ce
644 98 46 22 que
703 93 21 22 le
734 96 119 22 corsisme
859 98 11 21 ?
875 110 28 4 —
915 99 40 22 Un

481 123 172 28 régionalisme
679 127 125 23 cristallisé
827 133 25 19 et
871 138 85 21 appro-

482 156 52 27 prie
546 163 47 15 aux
603 158 96 22 besoins
705 160 71 22 d’une
781 162 76 22 Corse
867 163 88 23 écono-

482 189 149 27 miquement
640 194 23 19 et
673 193 199 27 spirituellement
883 198 72 21 aban-

483 223 103 21 donnée.
605 224 30 22 Le
647 226 114 22 corsisme
776 228 56 22 c’est
843 229 113 28 l’expres-

484 256 53 21 sion
555 257 30 21 du
599 258 165 23 nationalisme
785 267 77 21 corse,
880 264 75 21 natio-

484 289 101 22 nalisme
602 292 80 21 nourri
705 293 29 21 de
747 293 69 23 l’idée
827 296 128 26 paolienne

485 324 24 19 et
516 323 40 26 qui
564 322 125 28 préconise
697 332 47 15 une
753 328 157 26 exploitation
920 335 36 15 ra-

483 356 117 22 tionnelle
613 357 41 21 des
661 364 136 17 ressources
805 367 81 15 corses
895 367 62 21 pour

485 389 115 22 subvenir
608 397 47 15 aux
667 391 98 23 besoins
778 396 127 24 pressants,
920 400 36 15 ur-

484 424 71 25 gents
573 423 32 21 du
616 430 67 22 pays.
697 425 33 21 En
746 431 32 16 un
790 429 52 19 mot
867 426 90 23 l'auto-

485 456 92 20 nomie.

513 488 81 22 L’idée
606 490 61 22 n’est
674 497 41 21 pas
723 493 121 25 nouvelle,
855 492 57 22 c’est
921 493 36 21 di-

485 528 26 15 re
523 522 86 27 qu’elle
616 522 60 22 n’est
685 529 42 22 pas
741 524 30 21 de
791 527 71 19 notre
872 525 85 21 inven-

484 555 61 22 tion.

514 588 349 30 Chacun,j’imagine,n’ignore
871 596 41 22 pas
921 591 36 20 les

485 623 95 26 paroles
589 623 30 21 de
633 622 66 23 Paoli
716 622 104 29 (paroles
832 630 47 22 que
896 629 62 22 pour

485 658 69 20 notre
572 659 53 25 part
633 662 61 17 nous
713 663 77 16 avons
802 659 156 26 longuement

484 688 126 30 méditées)
618 691 42 20 «Je
664 696 31 15 ne
700 690 57 22 vois
762 697 65 19 pour
830 691 26 21 la
861 691 96 21 France

485 722 97 22 d’autre
594 723 108 25 système
722 723 32 22 de
763 724 194 25 gouvernement

485 755 16 21 à
512 755 132 26 appliquer
656 755 15 22 à
684 756 25 22 la
721 756 76 22 Corse
808 756 77 27 qu’un
900 762 57 20 sys-

484 788 67 22 tème
558 788 32 22 de
600 791 178 24 protectorat.»
785 789 31 29 (i)
829 789 36 22 Ce
874 790 40 27 qui
928 795 29 15 en

485 823 102 27 langage
603 822 173 26 d’aujourd’hui
795 822 96 29 signifie
907 828 51 21 sys-

486 855 63 23 tème
560 855 177 23 d’autonomie.
746 856 103 21 Voit-on
859 856 98 21 mainte-

485 891 60 19 nant
575 889 110 21 combien
704 890 23 21 le
750 889 76 28 grand
844 888 114 27 politique

486 922 98 22 réaliste
610 922 65 22 avait
694 922 89 22 raison.
808 921 64 22 Pour
893 921 66 22 avoir

485 955 107 28 méprisé
600 961 38 16 ses
647 956 60 25 avis,
715 955 70 22 fruits
794 954 70 22 d’une
872 955 87 27 longue

486 989 145 28 expérience
641 989 42 21 des
692 988 111 22 hommes
811 989 24 21 et
848 988 43 21 des
902 987 57 22 cho-

487 1029 47 20 ses,
545 1028 33 17 on
589 1022 60 22 n’est
658 1021 79 23 arrivé
749 1021 14 22 à
774 1022 59 22 rien.
848 1043 4 2 .

515 1056 103 23 Comme
637 1061 32 17 on
686 1056 23 21 le
718 1056 61 25 voit,
788 1056 23 21 la
822 1054 136 22 réalisation

488 1091 33 21 du
532 1095 152 23 programme
693 1089 99 22 corsiste
799 1090 37 20 est
841 1087 71 23 basée
918 1093 42 16 sur

486 1123 163 23 l’autonomie.
672 1122 47 22 Car
739 1122 165 25 l’autonomie,-
928 1127 29 15 en

487 1156 143 29 élargissant
654 1162 44 16 nos
723 1161 103 23 moyens
846 1155 111 25 d’action,

486 1196 63 16 nous
561 1190 92 21 forcera
664 1188 13 22 à
689 1191 100 20 trouver
796 1190 36 21 les
852 1193 106 17 mesures

486 1224 36 21 les
534 1224 54 27 plus
599 1221 155 29 appropriées
766 1222 14 22 à
791 1228 45 16 nos
852 1221 105 22 besoins.

516 1256 162 22 L’autonomie
685 1258 36 20 est
726 1262 33 15 un
766 1257 51 21 mot
822 1255 42 28 qui
872 1254 87 29 effrayée

487 1291 61 21 mais
564 1290 56 21 bien
636 1289 14 22 à
672 1291 58 20 tort.
749 1288 25 22 Si
786 1294 62 17 nous
857 1288 102 22 -l’avons

487 1324 78 22 choisi
578 1339 3 2 -
589 1322 58 23 c’est
658 1329 55 15 sans
722 1321 188 29 arrière-pensée
917 1328 42 16 au-

487 1363 69 16 cune.
570 1356 104 29 Puisque
682 1356 50 23 l’on
740 1362 31 16 ne
782 1358 58 20 veut
848 1362 43 22 pas
900 1355 60 23 s’oc-

487 1396 75 23 cuper
573 1391 29 21 de
615 1396 60 16 nous
696 1390 73 28 qu’on
781 1395 61 17 nous
851 1391 81 21 donne
945 1389 14 22 à

487 1425 164 21 nous-mêmes
663 1425 22 20 le
697 1429 90 23 moyen
797 1423 30 22 de
838 1424 122 22 travailler

487 1458 14 22 à
510 1458 22 22 la
542 1457 133 29 prospérité
684 1458 30 21 de
723 1459 69 20 notre
804 1463 60 23 pays
874 1458 6 20 !

516 1491 67 23 Tous
601 1497 62 16 ceux
669 1490 155 29 qu’intéresse
835 1491 24 22 la
869 1492 90 27 grande

487 1525 62 29 pitié
560 1525 43 22 des
615 1526 128 27 provinces
757 1525 128 29 françaises
904 1526 56 21 sont

486 1558 94 30 obligés
597 1559 53 22 d’en
662 1559 92 22 arriver
772 1559 29 26 là,
815 1559 30 22 de
857 1560 102 27 quelque

487 1594 72 28 point
566 1593 30 22 de
606 1599 48 15 vue
667 1592 71 29 qu’ils
749 1595 101 25 partent.
863 1592 21 23 Il
895 1593 41 29 n’y
946 1599 14 16 a

486 1634 44 22 pas
542 1627 89 23 d’autre
647 1633 91 23 moyen
746 1626 132 23 d’insuffler
888 1628 23 21 la
919 1628 41 21 vie

487 1661 14 22 à
510 1668 31 15 un
554 1661 135 29 organisme
701 1660 117 29 atrophié.

517 1698 55 27 Que
585 1700 131 26 proposent
726 1699 36 21 les
783 1697 156 23 Fédéralistes
947 1698 13 21 ?

517 1735 36 22 Ce
565 1741 46 22 que
620 1740 60 17 nous
692 1736 92 21 mêmes
789 1740 76 17 avons
873 1740 88 23 propo-

489 1768 34 23 sé.

517 1802 196 23 En.voulez-vous
720 1803 23 21 la
752 1808 90 22 preuve
849 1803 12 21 ?

518 1836 61 23 Sous
589 1837 21 21 la
617 1838 80 26 plume
705 1836 75 25 de.M.
788 1836 101 28 Jacques
899 1836 61 29 Rey-

489 1870 71 26 nâud,
582 1870 132 22 théoricien
740 1870 32 22 du
792 1869 167 27 Fédéralisme,

489 1909 62 17 nous
565 1904 76 22 lisons
652 1910 6 15 :

517 1944 14 15 «
541 1937 61 23 Sous
616 1944 27 15 ce
654 1937 92 30 régime
758 1937 31 30 (le
800 1937 160 30 fédéralisme)

489 1972 36 21 les
534 1977 60 23 pays
600 1972 30 22 de
640 1971 89 23 France
744 1978 27 16 se
777 1973 145 21 constituent
930 1978 31 16 en

492 2004 64 23 Etats
570 2006 149 25 souverains,
742 2005 127 23 véritables
891 2005 71 28 répu-

490 2039 94 27 bliques
608 2038 136 29 françaises,
777 2041 23 20 et
817 2041 145 20 recouvrent

490 2071 69 23 leurs
574 2072 101 22 libertés
691 2072 139 22 naturelles
842 2072 66 22 niées
920 2073 41 21 de-

489 2106 54 27 puis
558 2105 61 29 1789,
632 2107 94 21 surtout
738 2112 44 21 par
791 2112 54 16 une~
852 2106 109 22 centrali-

489 2140 79 22 sation
580 2139 104 23 d’autant
693 2140 53 28 plus
758 2140 94 22 funeste
870 2146 46 21 que
925 2140 35 22 les

490 2173 131 23 nécessités
634 2174 40 27 qui
694 2174 113 22 l’avaient
826 2174 43 22 fait
886 2174 75 22 naître

489 2208 145 22 devenaient
641 2208 30 21 de
682 2208 80 21 moins
773 2213 29 16 en
809 2208 80 21 moins
896 2213 65 22 pres-

489 2243 89 20 santes.
612 2240 103 29 Chaque
747 2241 51 22 état
826 2243 134 20 autonome

489 2274 104 23 cherche
610 2276 64 20 dams
686 2274 29 22 la
737 2275 192 26 confédération
938 2274 23 23 le

489 2308 165 30 complément
663 2308 137 23 nécessaire
810 2308 15 22 à
837 2314 47 17 son
899 2311 62 26 pro-

484 2345 50 26 pre
555 2342 207 29 développement,
785 2342 16 22 il
819 2343 140 22 abandonne

488 2377 30 21 de
535 2382 26 16 sa
580 2376 167 22 souveraineté
758 2379 54 19 tout
822 2382 29 16 ce
868 2377 40 27 qui
923 2382 38 16 re-

487 2411 74 28 garde
569 2409 104 23 l’intérêt
680 2411 114 21 national.
803 2417 14 14 »
829 2409 32 30 (2)

510 2481 26 23 (1)
547 2480 92 24 Rapporté
645 2485 33 18 par
685 2480 18 18 J.
710 2480 22 19 B.
743 2480 92 24 Mareaggi
843 2481 46 18 dans
901 2485 21 14 sa
928 2480 33 19 Ge-

486 2510 42 18 nèse
536 2509 22 19 de
565 2508 182 24 Napoléon,pageoO,
756 2509 32 23 qui
796 2510 30 17 est
834 2514 26 12 un
865 2509 50 18 livre
919 2509 42 22 pré-

487 2538 56 18 cieux
556 2538 11 18 à
581 2539 42 17 tous
636 2538 62 22 égard.
708 2536 29 19 On
744 2537 40 19 voit
797 2537 46 23 qu’il
857 2542 11 13 a
876 2537 30 19 été
914 2537 47 19 écrit

487 2571 44 14 sans
538 2567 54 17 autre
597 2566 50 18 souci
657 2570 36 17 que
702 2566 48 18 celui
758 2566 25 18 de
793 2566 19 18 la
819 2565 61 19 vérité
885 2565 76 19 histori-

486 2599 44 18 que.

509 2622 27 23 (2)
547 2622 46 18 Voir
600 2621 65 19 Revue
678 2621 118 19 Fédéraliste.
815 2620 78 19 Octobre
907 2620 51 18 1923.

486 2651 14 17 A
510 2655 33 13 nos
555 2650 47 18 amis
618 2650 71 18 anciens
697 2651 17 16 el
721 2654 95 14 nouveaux
823 2658 23 4 —
855 2648 49 19 C’est
911 2653 49 14 nous

486 2679 33 22 qui
526 2678 115 23 soulignons.
647 2688 23 3 —

1010 151 31 21 La
1053 152 107 22 doctrine
1170 153 100 22 corsiste
1285 153 36 21 n’a
1333 154 52 21 rien
1395 154 56 21 d’ef-

983 183 98 29 frayant,
1103 191 93 16 comme
1216 192 32 15 on
1272 191 13 15 a
1296 192 32 21 pu
1351 187 23 21 le
1387 187 63 22 voir.

981 215 122 24 N’est-elle
1117 225 41 20 pas
1169 218 76 28 plutôt
1254 218 118 23 dénaturé
1382 219 13 22 à
1404 225 48 15 ras-

982 254 68 16 surer
1058 250 12 21 ?
1084 250 25 22 Et
1121 252 50 21 ceci
1182 251 61 21 n’est
1254 257 42 20 p.is
1308 258 30 15 un
1352 253 100 26 parado-

981 287 39 15 xe.
1035 282 47 22 Car
1093 284 72 25 enfin,
1179 285 15 21 il
1209 283 62 22 n’est
1282 290 41 20 pas
1335 284 117 22 nécessai-

981 320 26 15 re
1019 315 31 21 du
1057 317 52 20 tout
1121 322 47 21 que
1177 322 58 16 nous
1244 316 135 23 subissions
1387 317 64 22 l’em-

981 347 66 27 prise
1064 348 29 21 de
1115 355 27 15 ce
1164 349 87 22 Centre
1270 350 104 26 parisien
1393 351 58 21 dont

982 379 34 21 M.
1036 380 86 22 Lucien
1141 382 101 22 Romier
1261 381 72 22 disait
1352 383 59 21 dans
1428 384 23 20 le

983 412 85 28 Figaro
1088 420 13 14 «
1107 414 58 27 qu’il
1178 420 85 16 exerce
1275 420 41 16 sur
1326 416 23 20 la
1364 415 87 22 France

983 445 92 22 entière
1092 453 47 15 une
1157 447 119 22 influence
1288 449 23 19 et
1323 454 31 15 un
1367 454 85 23 rayon-

983 481 99 19 nement
1090 481 153 26 tyranniques
1253 479 59 22 dont
1319 486 32 16 on
1357 487 31 15 ne
1401 482 52 21 voit

983 510 132 28 d’exemple
1123 519 31 14 en
1167 519 76 15 aucun
1253 518 58 22 pay^s
1324 514 30 21 de
1373 514 79 21 même

982 542 110 23 étendue.
1106 551 11 14 »

1011 575 66 29 Qu’y
1088 578 60 21 a-t-il
1160 578 30 21 de
1205 579 52 26 plus
1267 578 103 21 nuisible
1381 578 70 27 qu’un

984 607 48 23 état
1043 608 13 22 à
1068 610 178 22 centralisation
1254 610 151 23 Ôiitrancière
1413 611 13 21 ?

1011 642 61 22 Sous
1084 644 22 21 la
1118 645 81 26 plume
1216 644 31 21 du
1260 645 78 21 même
1360 644 33 22 M.
1404 644 49 22 Ro-

982 676 63 21 mier
1063 682 61 16 nous
1146 677 77 22 lisons
1235 677 13 22 à
1261 684 27 15 ce
1299 682 88 23 propos
1402 676 30 30 (1)
1445 684 6 15 :

983 715 13 14 «
1005 708 71 22 l’idée
1087 709 75 22 d’Etat
1173 712 24 19 et
1219 713 93 20 surtout
1334 709 70 22 l’idée
1423 711 30 21 de

984 741 150 28 République
1155 748 30 15 ne
1206 749 26 16 se
1252 743 84 28 sépare
1343 749 43 21 pas
1398 743 54 21 d’un

983 773 92 29 régime
1087 775 91 22 effectif
1195 777 29 21 de
1236 776 216 22 décentralisation.

983 807 24 21 A
1018 808 64 21 leurs
1089 814 66 22 yeux
1163 807 50 29 (des
1220 808 135 29 Alsaciens)
1363 808 25 22 la
1400 814 54 16 cen-

984 840 148 23 tralisation
1134 841 243 28 paperassière,telle
1380 841 73 29 qu'on

985 873 26 21 la
1019 875 96 27 conçoit
1124 874 16 21 à
1151 874 84 28 Paris,
1258 876 143 28 représente
1418 881 41 15 un.

983 907 95 28 régime
1090 907 106 26 arriéré,
1207 914 35 16 un
1251 909 93 28 régime
1363 908 30 21 de
1402 909 53 20 tra-

985 941 108 21 casserie
1104 941 204 23 administrative
1326 943 24 20 et
1366 941 30 21 de
1399 940 55 29 fai-

985 972 78 23 blesse
1069 977 197 25 gouvernement
1266 974 84 27 ale,iin
1362 974 92 28 régime

985 1007 30 21 de
1029 1007 195 28 responsabilité
1236 1010 24 20 et
1271 1009 30 21 de
1311 1007 144 23 rendement

981 1044 109 24 presque
1098 1040 70 22 nuis.
1178 1047 14 14 »

1012 1073 64 23 Tout
1087 1074 170 22 commentaire
1273 1074 30 22 de
1314 1076 69 20 notre
1394 1076 58 26 part,

984 1113 31 16 ne
1031 1108 107 27 pourrait
1156 1107 140 28 qu’affaiblir
1316 1113 40 16 ces
1368 1112 87 17 remar-

985 1147 60 22 ques
1055 1141 126 27 piquantes
1193 1143 81 20 autant
1286 1147 46 21 que
1341 1141 83 26 justes.

984 1191 157 28 (Cuntinua)
1195 1191 96 22 Matteu
1305 1191 121 22 Cirnensi.

1007 1267 26 22 (1)
1044 1266 24 18 M.
1076 1267 68 18 Lucien
1153 1267 74 18 Romier
1241 1266 72 23 (Figaro
1321 1267 25 17 du
1352 1265 23 19 27
1381 1266 75 18 Janvier

984 1294 53 24 1926)
1043 1295 51 23 parle
1101 1300 24 13 au
1134 1299 44 14 nom
1190 1295 33 18 dès
1230 1294 102 19 Alsaciens.

1011 1390 267 29 SUPERTIZIOSU
1296 1390 135 28 AMORE

1014 1459 92 23 Miscia!
1118 1460 121 22 Miscia!...
1250 1459 32 22 ed
1292 1460 45 21 ella
1349 1465 86 22 scappa

1014 1493 37 23 Cu
1062 1494 23 22 la
1097 1494 60 22 coda
1166 1493 166 23 innerchittata

1014 1527 18 22 E
1043 1528 25 21 lu
1078 1528 72 28 lagnu
1162 1527 42 28 più
1212 1533 49 16 nun
1270 1529 103 26 strappa,

1014 1561 76 22 Cume
1101 1562 62 28 tigra
1172 1561 117 26 infuriata,

1014 1595 72 26 Bava,
1095 1600 77 21 corre,
1186 1595 60 22 colla
1255 1600 14 15 e
1281 1594 45 22 fala

1014 1628 146 23 Inturchiata
1169 1628 30 28 pè
1211 1629 22 21 la
1244 1629 73 21 scala.

1014 1691 92 22 Miscia!
1119 1690 91 23 Miscia!
1220 1696 61 16 ancu
1289 1690 43 28 più
1338 1690 62 22 forte

1014 1725 33 21 Lu
1057 1731 27 16 so
1093 1725 76 22 stridu
1180 1730 96 22 sempre
1287 1725 66 26 dura,

1014 1758 73 22 Passa
1092 1764 13 16 e
1116 1764 70 16 vene.
1190 1760 67 20 entra
1269 1764 14 16 e
1294 1760 65 20 sorte

1015 1792 32 22 Fà
1058 1794 124 26 spaventu,
1193 1792 29 22 dà
1234 1798 81 22 paura;

1013 1826 74 22 Notte
1099 1826 53 27 edi,
1163 1826 44 22 che
1218 1829 79 19 strana
1306 1832 55 16 cosa
1371 1826 6 21 !

1015 1860 66 27 Urla,
1092 1860 113 27 çhiamae
1216 1860 48 22 mai
1274 1860 89 28 riposa.

1015 1930 14 14 «
1037 1922 91 23 Permè
1137 1923 73 22 credu
1221 1922 82 23 ch’ella
1316 1922 44 27 sia,

1015 1956 60 22 Dice
1084 1962 47 16 una
1141 1956 101 22 vecchia
1250 1958 101 24 sensata,

1015 1990 74 22 Dotta
1100 1990 194 28 nell’astrologia,

1016 2023 97 26 Quest’è
1123 2023 121 23 un’anima
1256 2024 110 26 dannata,

1014 2057 56 23 Nun
1081 2057 139 29 m’ingannu
1232 2063 14 15 e
1261 2062 44 17 son
1318 2057 78 22 sicura

1015 2090 70 23 S’ellè
1096 2093 65 26 gatta
1173 2091 13 22 è
1197 2096 44 23 per
1254 2090 99 29 figura.»

1015 2150 90 27 Quanti
1117 2156 14 16 e
1143 2150 81 27 quanti
1236 2150 102 28 sapienti

1013 2184 90 22 Arriva
1114 2184 30 22 da
1152 2184 55 22 tutti
1213 2184 8 21 i
1230 2184 51 22 latil

1014 2218 74 26 Dotti,
1097 2218 76 28 saggi,
1180 2218 151 27 intelligenti,

1013 2252 141 28 Astrologhi
1166 2252 132 21 consumati

1014 2286 47 22 Per
1067 2286 61 21 vede
1139 2286 22 21 si
1170 2291 16 16 a
1191 2290 56 17 cosa
1260 2285 13 21 è
1282 2286 74 21 esatta
1365 2291 6 15 :

1014 2319 72 27 Stella
1096 2319 13 22 è
1122 2321 79 26 strega
1213 2324 15 17 0
1240 2318 65 22 s’ella
1318 2318 14 22 è
1343 2321 71 26 gatta.
1426 2334 5 4 .

1014 2377 19 21 E
1040 2376 127 22 d’accordu
1177 2376 54 22 tutti
1244 2376 92 22 inseme

1014 2410 109 22 Dicendu
1133 2417 14 13 «
1155 2409 94 27 Questu
1260 2409 14 22 è
1285 2416 32 15 un
1327 2410 113 28 strigone,

1014 2444 56 22 Cari
1079 2444 79 25 amici,
1169 2444 20 21 ci
1203 2442 13 23 è
1227 2443 31 21 da
1268 2444 101 21 terne!...

1013 2478 25 22 Si
1051 2476 115 24 scatinerà
1179 2476 101 23 Plutone

1013 2511 54 23 Nun
1076 2512 20 21 ci
1106 2512 14 21 è
1132 2511 89 22 dubbiu
1232 2516 14 16 a
1268 2516 55 16 cosa
1341 2511 14 21 è
1368 2511 86 28 griscia

1014 2545 71 23 Gatta
1098 2551 29 16 un
1138 2545 22 26 è,
1174 2550 101 16 nemenu
1291 2545 13 21 è
1314 2545 90 21 miscia.
1414 2551 13 15 »

1014 2602 17 22 E
1040 2603 21 21 la
1071 2607 69 17 scena
1150 2604 64 25 getta
1227 2606 90 20 orrore,

1013 2635 54 23 Nun
1081 2636 98 21 ticontu
1189 2635 40 27 più
1243 2640 46 16 una
1301 2635 79 21 ciarla.

1014 2670 75 27 Sopra
1097 2674 12 16 a
1122 2669 90 28 parolla
1224 2668 99 22 d’onore

1504 104 88 23 Tremu
1607 105 52 22 sôlu
1669 112 13 15 a
1693 106 140 25 racuntarla,

1504 138 104 22 Dicerai:
1619 138 60 22 «Stà
1690 139 65 25 zittu,
1769 138 14 22 ô
1793 139 82 24 mattu,

1505 165 17 27 È
1533 177 46 15 una
1586 172 83 21 miscia
1681 177 68 16 senza
1758 173 74 26 galtu.
1843 179 14 13 »

1629 228 4 7 r

1504 249 14 14 «
1529 242 54 22 Nun
1596 242 27 22 sò
1636 243 176 26 superstiziosu,

1504 275 28 21 Ti
1544 275 141 27 rispohdu;ô
1698 282 55 16 caru
1768 276 86 25 amicu,

1505 308 40 21 Ma
1554 310 36 19 sta
1601 309 67 20 volta
1676 308 28 22 sò
1716 309 127 25 dubbiosu,

1504 340 164 28 Sempliciottu
1678 341 84 21 all’usu
1774 342 87 25 anticu,

1505 373 106 25 Guerdu,
1620 375 98 25 ascoltu,
1729 380 14 15 e
1755 381 14 14 a
1777 380 59 21 capu
1846 374 71 21 china

1504 406 85 22 Studiu
1603 413 13 15 a
1625 408 72 26 perde
1711 414 14 14 u
1737 407 50 22 miò
1798 408 83 21 latinu.
1892 414 13 13 »

1505 477 73 28 Dòpu
1590 478 61 22 circa
1665 485 45 15 una
1717 479 91 21 simana

1505 510 46 22 Chi
1561 511 23 21 la
1592 511 50 22 miò
1650 512 118 26 gattuccia
1777 512 125 25 chiamma,

1505 543 37 21 Da
1552 544 104 21 sciloccu
1668 550 13 15 a
1692 545 158 24 tramuntana,

1506 575 104 26 Quandu
1619 577 78 21 babbu
1709 583 13 15 e
1730 577 96 27 quandu
1836 583 111 20 mamma,

1505 608 61 21 Eccu
1574 608 86 23 affaccà
1672 610 29 22 da
1714 616 34 15 un
1759 611 118 25 strittone,

1505 642 23 21 A
1536 642 107 28 cap’altu,
1656 649 32 16 un
1700 643 40 23 bel
1753 645 102 27 gattone.

1505 721 14 14 «
1531 714 23 21 O
1568 715 186 23 Cumà!...»dice
1763 722 14 15 a
1786 722 60 16 voce
1858 717 46 21 alta
1913 722 6 20 ;

1505 753 14 15 «
1528 747 24 22 O
1565 747 93 29 Cumpà
1669 749 5 20 !
1682 756 13 14 »
1704 749 113 27 risponde
1830 750 85 26 qaella,

1507 780 162 29 Giubileghià,
1682 788 77 20 corre,
1770 783 64 25 salta,

1507 814 25 21 Li
1544 814 112 22 s’azzecca
1665 822 13 15 a
1689 816 23 21 la
1724 816 114 21 cannella:

1506 853 14 14 «
1529 847 23 22 O
1561 847 101 28 quant’è,
1671 854 43 21 par
1722 849 49 21 che-
1778 848 18 22 li
1808 849 60 25 dica,

1508 880 78 22 Che-ti
1599 887 27 15 ce
1627 887 39 16 rca
1677 882 22 21 la
1710 883 24 20 to
1747 882 82 21 arnica.
1839 888 14 15 »

1507 957 90 27 Quanti
1609 959 61 22 baci!
1683 962 88 25 quante
1782 961 82 21 strette
1872 960 5 20 !

1508 991 90 26 Quanti
1607 993 51 21 salti
1672 993 197 23 incaterrocchiu!

1506 1024 55 23 Nun
1574 1025 26 22 sà
1611 1026 42 27 più
1664 1026 63 22 duve
1740 1028 21 20 si
1772 1029 81 20 mette.

1508 1058 50 21 Ellu
1569 1059 61 22 allor
1641 1065 68 16 cume
1721 1066 33 15 un
1765 1060 134 28 gallocchiu

1508 1091 67 23 Dice:
1586 1098 14 16 «
1609 1092 56 27 Alô,
1677 1093 54 21 falla
1743 1093 65 22 flnita

1507 1125 27 21 Ti
1548 1130 131 17 conoscu...
1689 1126 21 22 si
1717 1127 105 21 merzita.
1832 1134 13 14 »

1508 1197 18 22 E
1536 1198 109 27 guarisce
1657 1199 25 21 in
1689 1199 89 27 puochi
1791 1199 81 22 istanti

1509 1231 30 21 La
1551 1237 96 23 megera
1659 1232 120 26 infuriata,
1798 1253 3 2 .

1509 1264 152 29 Cessalagni,
1672 1265 76 26 stridi,
1762 1266 82 27 pianti;

1508 1299 23 21 A
1542 1298 112 28 timpesta
1666 1298 13 22 è
1690 1298 41 29 già
1743 1301 99 25 passata,
1853 1305 4 4 -

1508 1331 56 23 Avà
1575 1333 83 21 dorme
1671 1338 13 16 e
1696 1331 196 29 surnaccheghia,

1508 1366 83 22 Calma
1602 1372 14 16 e
1625 1366 42 28 più
1675 1373 48 15 nun
1733 1366 151 28 rastuleghia.

1702 1428 74 22 Paoli
1788 1427 27 22 di
1826 1428 96 26 Taglio.

1578 1566 23 37 A
1608 1567 91 35 statua
1709 1577 15 25 e
1731 1566 28 36 h
1770 1566 74 46 votpi

1580 1617 69 20 Favula
1656 1617 79 19 Iraduttà
1741 1617 24 19 da
1774 1618 59 24 Esopu

1524 1706 50 22 Una
1583 1708 77 20 statua
1668 1705 23 22 di
1698 1706 84 29 jesciu,

1522 1740 74 23 Senza
1606 1740 48 22 vila
1666 1746 13 16 e
1686 1746 69 16 senza
1764 1740 56 26 cori,

1522 1775 58 22 Àvià
1593 1774 71 22 missu
1677 1774 24 22 lu
1713 1774 99 22 rivesciu

1523 1808 45 23 Fra
1578 1815 31 15 un
1615 1810 68 20 centu
1695 1808 129 27 d’amatori,

1523 1843 19 22 E
1555 1842 71 22 moltu
1638 1841 144 30 viaghiareti,

1523 1876 43 23 Più
1578 1876 55 22 d’un
1643 1882 71 23 passu
1725 1877 25 21 vi
1761 1876 73 22 farete

1523 1910 78 23 Prima
1612 1910 24 22 di
1647 1910 59 22 vede
1715 1916 13 16 a
1735 1909 118 28 biddezza,

1522 1944 35 22 La
1566 1947 89 19 statura
1667 1950 13 16 e
1692 1944 23 22 la
1726 1944 109 22 svillezza

1523 1978 34 23 Dr
1564 1981 37 19 sla
1612 1980 77 20 statua
1698 1978 23 21 di
1728 1978 77 28 jesciu

1523 2011 95 23 Ch’avia
1628 2012 71 22 missu
1711 2011 24 22 lu
1747 2011 98 23 rivesciu

1523 2045 72 22 Corne
1605 2051 55 17 vera
1672 2044 77 23 donna
1759 2045 52 22 viva

1524 2079 44 22 Chi
1580 2079 24 22 di
1613 2079 63 22 sensi
1688 2086 30 15 un
1727 2080 63 21 saria
1799 2080 94 28 priva...

1524 2111 63 24 ...Lu
1601 2113 88 22 rumori
1700 2113 21 22 si
1730 2115 104 27 spargni,

1523 2147 19 22 E
1551 2147 80 22 sin’e’a
1643 2147 61 28 volpi
1711 2147 77 29 jugni!

1522 2181 89 26 Allòra,
1619 2181 24 21 in
1655 2187 14 16 a
1678 2187 27 16 so
1718 2183 62 23 tana,

1522 2214 26 23 Si
1557 2214 65 22 missi
1632 2214 21 22 la
1663 2221 27 15 so
1699 2217 101 23 sutlàna,

1523 2248 35 22 Lu
1567 2248 86 30 jileccu
1663 2248 149 29 picchiulatu,

1523 2281 35 23 Lu
1570 2282 126 22 manteddu
1707 2281 131 30 frisgiulatu

1523 2315 19 23 E
1551 2317 30 27 pò
1592 2316 60 22 corsi
1658 2322 15 16 a
1679 2315 59 23 veda
1744 2316 39 22 «A
1789 2315 79 23 IBedda
1877 2323 13 14 »

1522 2349 35 22 Cu
1566 2349 23 22 la
1595 2350 59 28 jatta
1664 2349 23 22 di
1696 2348 115 24 Sabedda.

1523 2382 19 23 E
1549 2383 21 22 si
1580 2383 65 22 missi
1654 2390 15 15 a
1677 2382 80 23 rimirà

1521 2416 138 28 Ad’annasà,
1672 2422 12 16 a
1693 2415 98 31 fighiulà
1805 2425 6 13 :

1521 2462 29 4 —
1562 2450 134 30 Simpattica
1706 2452 13 20 è
1726 2450 23 22 la
1756 2456 27 16 so
1796 2453 68 25 testa,

1522 2483 81 28 Quisla
1613 2484 23 22 ni
1639 2490 37 16 mu
1686 2483 21 22 la
1720 2490 44 16 cun
1767 2487 66 23 lesta,

1523 2518 36 21 Ma
1570 2517 23 22 lu
1605 2517 103 29 sguardu
1718 2517 13 22 ci
1735 2518 27 22 ici
1776 2525 14 15 a
1803 2524 36 16 me

1522 2551 43 22 Chi
1575 2550 124 23 ciarbeddu
1708 2558 46 15 nun
1765 2552 21 21 ci
1801 2552 44 22 n’è.

1664 2605 102 22 Simonu
1777 2605 25 21 di
1811 2605 19 21 li
1839 2604 83 23 L-ecci.

1551 2660 64 30 (Par
1616 2660 24 22 la
1643 2663 25 20 fa
1678 2661 28 22 di
1717 2660 85 29 Sartè)

1970 110 184 49 NUTIZIE
2186 110 51 48 DI
2265 108 180 50 C0RS1CA

1996 210 91 25 Ajacciu
2095 221 26 5 —
2129 210 117 20 Prossimu
2256 208 148 22 matrimoniu
2421 208 27 20 di

1971 241 164 20 madamicella
2149 241 112 20 Juvanna
2285 239 158 23 Rocca-Serra

1972 278 27 13 cu
2008 278 16 12 u
2040 272 50 23 sgiò
2105 272 72 19 Petru
2196 271 108 20 Cervioffi
2318 270 129 25 rapprisin-

1972 304 65 17 tanle
2045 301 27 20 di
2078 302 143 20 cummerciu.

1997 361 25 4 —
2031 352 72 20 Morte
2110 352 28 19 di
2144 358 16 13 u
2168 352 49 24 sgiò
2223 352 24 20 J.
2257 351 27 21 B.
2297 351 150 20 Giovannarr

1970 382 56 24 geli,
2035 382 108 20 mutilatu
2151 382 27 20 di
2182 388 93 19 guerra.

1994 432 102 21 .—Morte
2103 432 27 20 di
2143 439 15 13 u
2175 432 50 25 sgiô
2240 431 145 21 Jean-Henri
2400 431 48 20 Ba-

1971 462 200 25 gnaud,mutilatu
2179 463 27 20 di
2215 469 92 18 guerra.

1998 513 63 19 —Un
2069 512 108 21 incendiu
2185 513 33 20 s’è
2230 513 134 21 dichiaratu
2377 512 25 21 in
2420 512 26 21 la

1971 542 76 25 jesgia
2058 542 48 21 San
2118 542 107 21 Ghiuvan
2232 544 111 20 Battista.
2352 539 24 24 Ê
2381 545 65 18 statu

1974 576 82 22 spentu
2064 573 32 21 da
2107 575 11 19 i
2122 574 115 25 pompieri
2244 574 62 24 dôpu
2320 574 46 20 due
2374 574 40 20 òre
2422 573 27 20 di

1973 604 80 24 sforzi.

2000 654 141 21 Bonifaziu—
2148 655 81 23 Morte,
2236 661 16 14 a
2266 654 135 25 Marseglia,
2421 654 28 20 di

1975 691 16 13 u
2005 686 52 24 sgiò
2076 685 95 25 Agnulu
2190 685 140 23 Orecchioni,
2341 686 107 20 anzianu

1975 716 145 25 magistratu.

1999 765 186 26 Borgu—Morte,
2203 773 16 13 a
2239 765 61 24 Tulô,
2314 766 28 20 di
2364 772 16 14 u
2396 766 52 24 sgiô

1974 796 177 21 Anton’Simone
2164 797 94 22 Taddei,
2267 797 108 20 anzianu
2391 796 54 25 uffi-

1975 826 66 21 ciale.

1998 873 27 5 —
2033 863 73 20 Morte
2113 863 27 20 di
2149 869 15 14 u
2172 864 50 24 sgiô
2232 863 129 21 Dumenicu
2370 863 78 24 Paoli,

1974 892 84 21 d’anni
2064 892 35 21 25.

1999 942 69 21 Corte
2073 953 25 4 —
2103 943 75 21 Morte
2192 944 26 20 di
2233 944 164 20 madamicella
2408 944 41 21 Or-

1974 973 71 23 dioni,
2052 974 83 20 d’anni
2145 974 33 20 15.

1998 1024 27 4 —
2033 1015 51 20 Una
2092 1016 81 20 zitella
2182 1016 26 20 di
2218 1017 82 20 tredici
2302 1017 60 20 anni
2367 1017 83 20 smari-

1975 1047 24 18 ta
2006 1047 34 19 tre
2049 1046 57 20 mesi
2111 1047 29 24 fa
2149 1047 27 20 di
2184 1053 56 14 casa
2247 1048 37 19 soi
2282 1054 18 14 a
2313 1046 136 26 (Rapaggio

1977 1076 101 24 Orezza)
2094 1078 13 19 è
2121 1080 65 17 stata
2203 1078 66 20 tròva
2288 1081 75 17 morta
2378 1079 24 19 in
2417 1084 31 14 un

1973 1106 77 25 fiume.

2001 1148 53 21 Ersa
2061 1158 24 4 —
2094 1149 73 20 Morte
2178 1150 27 20 di
2212 1150 110 20 madama
2337 1151 31 20 Va
2377 1151 71 21 Rove-

1975 1179 26 22 ri,
2007 1179 83 20 d’anni
2098 1185 33 19 77.

2002 1228 178 22 Evisa—Morte
2187 1231 26 19 di
2226 1237 15 13 u
2254 1231 50 25 sgiô
2315 1231 134 25 Ghiaseppu

1978 1259 113 24 Ceccaldi,
2101 1261 64 19 dettu
2175 1260 102 26 Sippinu,
2287 1262 85 20 d’anni
2378 1262 36 20 82.

2001 1310 102 25 Figari—
2108 1311 107 24 Morte,in
2223 1311 113 25 Tivarôlu,
2343 1312 28 20 di
2375 1319 16 13 u
2398 1312 51 25 sgiô

1976 1340 23 21 P
1996 1346 32 14 au
2028 1340 25 21 lu
2058 1341 77 21 Maria
2147 1342 95 21 Simoni.

2001 1390 157 27 Guargualè—
2166 1393 73 20 Morte
2251 1393 27 21 di
2284 1393 165 21 madamicella

1977 1421 110 26 Sarafina
2093 1423 110 24 Barboni,
2213 1424 83 20 d’anni
2302 1424 36 21 80.

2002 1481 26 5 —
2031 1472 74 21 Morte
2110 1474 28 20 di
2142 1474 162 21 madamicella
2314 1475 88 21 Chiara
2408 1475 43 21 Ca-

1976 1509 97 15 sanova.

2000 1564 27 5 —
2036 1554 72 20 Morte
2122 1555 27 20 di
2165 1556 163 20 madamicella
2340 1556 110 25 Stefania

1977 1584 130 21 Maestroni.

2003 1635 125 21 Pietranera
2135 1648 24 4 —
2169 1637 72 20 Morte
2256 1637 26 21 di
2298 1643 15 14 u
2330 1638 50 24 sgiô
2401 1637 49 21 Vin-

1977 1669 52 17 cent
2028 1673 14 13 e
2050 1666 82 26 Giorgi,
2143 1668 144 24 agriculfore.

2003 1716 94 22 Rusazia
2104 1727 24 5 —
2137 1719 73 20 Morte
2220 1719 26 20 di
2257 1719 193 21 madamicella

1980 1748 101 24 Charles,
2090 1749 83 20 d’anni
2183 1749 33 21 i5.

2002 1808 25 4 —
2036 1797 73 21 Morte
2118 1797 27 21 di
2161 1798 111 20 madama
2280 1798 96 21 Ninetta
2389 1798 60 22 Poli,

1977 1827 84 21 d'anni
2067 1832 35 16 22.

2003 1878 146 22 Sant’Andria
2158 1879 23 21 di
2191 1879 118 22 Cutone-r-
2317 1880 35 21 Un
2358 1880 92 25 dispac-

1978 1909 52 21 chiu
2038 1910 39 20 d’u
2085 1910 117 21 minisferu
2214 1911 27 20 di
2252 1918 16 13 a
2278 1918 84 18 guerra
2371 1911 32 21 ha
2410 1917 42 15 an-

1977 1941 112 20 nunciatu
2097 1947 15 15 a
2120 1941 132 25 sparizione
2260 1948 16 14 a
2281 1941 113 26 Bachaya
2403 1941 49 26 (Si-

1978 1971 47 25 ria)
2034 1972 27 20 di
2076 1979 16 13 u
2099 1972 70 21 suida
2169 1975 26 18 tu
2210 1973 94 25 Jasepp'
2304 1973 93 21 Antone
2408 1972 43 22 Pe-

1977 2003 60 20 retti.

2003 2053 277 26 Speluncatu—Prossimu
2302 2056 150 20 matrimoniu

1977 2085 35 20 di:
2026 2086 162 20 madamicella
2197 2086 148 26 Pasqualina
2365 2087 87 20 Colom-

1977 2116 59 20 bani
2051 2122 28 14 cu
2093 2123 15 14 u
2129 2117 51 24 sgiô
2196 2117 105 21 Martinu
2323 2117 129 25 Grazianu;

1978 2147 163 21 madamicella
2149 2148 73 20 Lucia
2234 2148 98 21 Verdoni
2335 2155 29 14 cu
2373 2155 16 14 u
2396 2149 52 25 sgiô

1977 2178 120 25 Pasquale
2130 2178 124 26 Allegrini;
2286 2180 165 20 madamicella

1977 2209 143 21 Maddalena
2134 2210 104 21 Mariotti
2251 2217 28 14 cu
2296 2218 15 14 u
2327 2211 52 25 sgiô
2399 2211 51 20 Vin-

1977 2241 141 24 centeJPapi.

2003 2290 289 23 Soliacarò—Matrimoniu.
2298 2293 26 20 di
2337 2293 115 20 madami-

1977 2322 58 20 cella
2048 2322 109 21 Carulina
2166 2323 145 21 Casablanca
2324 2324 26 20 di
2371 2324 80 20 Calve-

1977 2359 32 17 se,
2018 2360 29 14 cu
2054 2360 16 14 u
2090 2355 50 24 sgiô
2149 2354 79 22 Simon
2241 2354 134 22 Ghiuvanni
2391 2354 61 25 Pog-

1976 2384 106 25 gionovo.

2003 2415 163 21 Venzulasca—
2175 2417 72 20 Morte
2255 2417 27 19 di
2287 2423 15 13 u
2317 2417 52 24 sgiô
2378 2416 72 20 Fran-

1978 2452 64 14 cescu
2051 2446 204 26 Muglioni,d‘anni
2261 2446 36 22 82.

2006 2497 95 21 Verdese
2110 2496 211 24 d’Orezza—Morte,
2332 2504 15 13 a
2360 2497 89 21 Yaoun-

1977 2530 29 20 dé
2014 2529 13 24 (
2032 2529 136 23 Cameroun)
2176 2528 26 20 di
2209 2535 16 13 u
2232 2531 109 21 sargente
2348 2528 102 25 Guilghi-

1978 2560 26 20 ni
2011 2558 293 25 Anton’Lavighiu,d’anni
2309 2558 39 22 33.

1991 2630 238 30 Aiacciu-Stamparia
2247 2631 22 21 di
2294 2633 20 20 A
2342 2631 93 23 Muvra

1979 2664 19 23 U
2010 2664 216 30 direltore-gerenle
2236 2672 5 15 :
2265 2664 68 23 Petru
2348 2664 103 23 ROCCA

17 2807 83 26 PugliUinu
105 2817 17 17 di
126 2819 21 17 A
155 2818 79 22 Muvra
239 2831 22 4 —
267 2827 19 13 n-
292 2821 47 19 34—
344 2822 18 18 di
369 2827 14 13 u
389 2822 71 19 11-4-26

194 2958 64 20 OSSIA

34 3033 5 4 _
54 2982 32 38 ^
99 2988 73 41 Botta
189 2995 30 35 di
233 2995 175 38 Pùntenmvù

19 3037 244 43 Ra-CONTOCORSO
271 3057 57 22 DEL
336 3056 124 24 SECOLO

184 3098 81 24 XVIII

214 3140 22 19 DI

91 3167 31 26 F.
135 3171 33 26 D.
187 3174 174 28 Guerrazzi

164 3223 10 26 (
176 3223 110 31 Seguito)

16 3307 10 15 c
36 3283 22 29 T
64 3276 22 39 y
87 3285 22 17 01
121 3284 50 24 aìtri
192 3287 45 24 fate
257 3288 149 29 professione
435 3289 24 21 di

16 3311 125 51 nonta,°n(^
143 3323 15 17 0
168 3320 62 24 ^evo
243 3323 97 22 creciere
352 3322 43 22 che
418 3322 41 21 voi

26 3369 4 5 .
39 3356 6 20 ;
73 3350 82 23 parlate
172 3360 13 15 a
204 3361 113 21 vanvera;
337 3355 122 29 parlatemi

15 3402 12 20 j
38 3379 49 34 !ar°’
101 3387 66 20 avete
188 3390 99 26 qualche
308 3390 92 22 motivo
419 3395 42 22 per

41 3412 62 23 °itare
112 3416 37 24 del
160 3424 166 22 commissario
339 3422 100 23 Astolfi?

16 3450 43 41 nQ7~
69 3444 122 34 ^Mspecie
206 3456 24 21 io
242 3462 49 16 non
303 3463 30 16 ne
346 3457 32 22 ho
389 3462 71 16 vern-

17 3489 29 35 CQ’
117 3486 41 21 voi
169 3492 81 24 sapete
261 3491 82 26 quello
364 3490 44 22 che
425 3490 36 21 di-

17 3513 47 46 tüo°
74 3518 7 14 1
90 3519 89 23 Vecchh
193 3522 64 23 ffdati
273 3529 42 17 era
328 3530 34 16 un
381 3524 80 27 galan-

18 3546 26 44 g,,
47 3546 35 19 210
91 3554 36 17 ma
142 3558 49 17 non
212 3555 67 23 fidati
296 3558 43 26 poi
356 3563 40 16 era
417 3556 44 27 più

19 3598 21 24 ^
69 3579 74 27 tuomo
150 3586 25 21 ^
183 3588 87 28 lai:per
278 3591 85 22 ultimo
372 3596 32 16 ve
410 3590 49 22 l’ho

96 3621 66 19 corne
168 3620 26 22 in
202 3623 165 23 confessione?

90 3648 24 21 te
123 3657 66 21 pure.

17 3700 24 19 Oji
50 3680 87 37 AS6nto
149 3686 17 21 R
177 3688 71 24 cùore
264 3697 67 21 peso,
342 3698 13 15 e
374 3692 85 27 questo

84 3718 83 23 cattivo
186 3724 106 26 augurio:
302 3726 61 21 mira
377 3730 32 16 un
420 3723 41 28 po’

486 2820 30 21 da
534 2820 95 20 levante
655 2824 41 16 ora
712 2818 44 22 che
780 2818 143 22 incomincia
943 2823 13 15 a

486 2853 123 25 schiarjre;
620 2858 49 16 non
685 2852 58 22 vedi
763 2857 68 17 corne
855 2852 17 21 il
895 2852 61 21 cielo

486 2887 53 27 paia
551 2886 62 22 tinto
625 2886 24 21 di
658 2885 71 26 ferro,
736 2892 14 15 e
756 2888 38 20 col
796 2887 36 20 est
834 2885 7 21 i
857 2886 100 21 nuvoîo-

487 2920 81 26 ni,che
580 2920 148 27 precipitano
741 2918 124 29 percostà,
873 2925 50 16 non
937 2919 18 21 ti

487 2954 128 22 sembrano
627 2954 22 21 le
662 2953 80 21 anime
753 2953 39 21 del
809 2952 147 29 purgator-io,

487 2988 45 22 che
540 2986 163 23 strascinando
711 2987 7 20 i
729 2987 99 21 lenzuoli
839 2986 128 28 sepulcra-,

486 3022 18 21 li
513 3022 21 21 si
542 3021 107 22 affretino
661 3021 45 21 aile
717 3020 96 22 antiche
825 3020 133 27 sepolture?

515 3066 29 5 —
553 3054 76 22 Padre
637 3054 58 26 mio,
705 3059 64 22 pocu
778 3053 41 28 più
830 3059 63 22 pocu
908 3056 50 19 ine-

487 3094 32 16 no
533 3089 8 21 i
553 3088 80 28 giorni
657 3088 19 21 si
698 3087 192 28 rassomigliano;
905 3093 54 21 spe-

487 3128 70 16 ranze
565 3121 247 28 lunghedribolazioni
833 3122 123 26 perpetue,

487 3162 15 16 e
513 3154 134 30 prospérité
659 3161 14 15 a
681 3155 180 27 spizzico,corne
873 3154 85 27 ilp.epe

487 3196 29 15 su
526 3190 24 21 la
561 3189 121 22 minestra.
694 3187 20 23 Il
726 3189 64 27 poeti
801 3189 101 20 cantano
910 3188 48 20 mi-

487 3222 100 24 rdbilfa
598 3228 28 16 su
641 3222 70 22 l’alba
722 3222 45 22 che
777 3227 93 20 nasce,e
883 3221 23 21 in
920 3220 36 22 cui

487 3262 51 17 non
547 3262 26 16 se
582 3262 31 16 ne
622 3256 97 22 intende
729 3257 107 20 mettono
846 3256 21 20 la
877 3255 81 27 voglia

487 3290 26 21 in
525 3295 74 22 corpo
612 3289 23 22 di
647 3289 116 21 ruzzolare
777 3288 27 20 da
817 3288 58 21 ietto
887 3293 13 15 a
902 3293 64 17 van-,

486 3323 20 22 ti
514 3323 96 28 giorno:
624 3322 108 21 fantasie!
745 3321 45 21 Per
797 3326 41 16 me
850 3320 31 22 ho
895 3320 63 22 visto

487 3357 18 21 il
515 3356 44 28 più
567 3356 62 21 delle
639 3356 68 21 volte
724 3356 18 20 il
758 3355 52 21 sole
828 3354 82 22 alzarsi
934 3354 24 21 in

486 3395 79 17 mezzo
575 3389 30 22 ad
618 3394 46 17 una
686 3389 87 21 nebbia
790 3388 25 21 di
833 3386 98 29 sangué,
944 3393 14 15 e

486 3423 179 28 rassomigiiare
675 3423 35 21 lui
727 3424 76 20 stesso
832 3421 126 22 all’occhio

487 3458 40 21 del
538 3458 106 27 parente,
656 3456 45 21 che
712 3456 71 21 abbia
801 3455 82 27 pianto
898 3455 60 21 tutta

485 3492 24 20 la
520 3492 69 21 notta
602 3490 19 21 il
635 3489 129 22 morticino
782 3489 24 21 in
817 3494 95 15 casa.—
927 3487 31 21 Di

486 3530 61 16 vero
557 3524 26 22 io
594 3529 50 16 non
657 3522 94 28 capisco
764 3523 25 20 in
797 3521 46 22 che
855 3521 105 21 avrebbe

486 3558 19 22 il
515 3558 52 21 sole
578 3563 14 15 a
602 3556 77 28 gioire
690 3556 105 21 uscendo
806 3552 12 24 à
826 3554 135 22 illuminare

487 3593 83 26 questa
593 3590 61 22 culla
670 3589 66 21 délia
756 3588 117 27 sciagura.
932 3586 28 22 Io

486 3625 64 21 vedo
558 3624 19 21 il
596 3624 50 21 sole
663 3622 50 26 che,
736 3627 67 16 corne
821 3623 61 19 tutte
901 3621 60 21 altre

486 3664 58 16 cose
575 3657 24 21 di
623 3657 83 26 questo
736 3655 96 25 mondo,
859 3660 44 21 per
927 3654 35 22 di-

486 3693 99 19 ventare
613 3689 122 21 luminoso
756 3694 16 15 e
793 3688 72 25 bello,
898 3687 64 22 biso-

487 3730 46 15 o-na
558 3723 44 21 che
628 3721 149 23 staccandosi
811 3721 61 20 dalla
899 3723 63 19 terra

982 2816 19 21 si
1020 2815 104 22 avvicini
1137 2815 22 20 al
1172 2814 68 22 cielo.

1012 2861 28 4 —
1057 2848 46 22 Voi
1118 2848 88 27 parlate
1218 2852 70 17 corne
1311 2852 31 15 un
1364 2846 93 22 dottore

982 2883 109 27 capitano
1112 2881 106 28 Angiolo
1229 2887 6 15 :
1249 2886 58 22 pure
1335 2879 24 21 vi
1378 2879 78 22 hanno

984 2919 34 22 fra
1037 2921 57 19 tant:
1116 2917 50 22 neri
1185 2917 38 21 dei
1248 2916 79 29 giorni
1350 2915 103 25 bianchi,

983 2954 153 26 quantunque
1153 2951 53 22 rari;
1219 2956 13 15 e
1249 2951 16 20 il
1282 2954 71 18 cuore
1366 2949 91 21 sembra

984 2986 44 22 che
1041 2986 24 20 vi
1080 2984 101 22 annunzi
1194 2989 45 16 con
1262 2982 101 29 qualche
1382 2987 74 22 segno

983 3018 51 23 cosi
1047 3018 34 28 gli
1090 3018 40 21 uni
1143 3022 69 16 corne
1224 3017 34 28 gli
1270 3016 62 22 altri.

1011 3064 30 4 —
1045 3051 45 22 Sua
1102 3051 131 21 eccellenza
1243 3050 17 22 il
1266 3050 111 28 generale
1390 3048 64 22 Paoli

984 3087 33 21 mi
1032 3086 64 21 disse
1107 3085 45 21 che
1167 3084 90 22 l’uomo
1278 3084 130 21 deliberato
1431 3083 24 21 di

984 3120 85 21 vivere
1089 3124 13 15 e
1123 3118 24 22 di
1160 3118 90 21 morire
1272 3123 44 22 per
1334 3117 24 21 la
1380 3116 75 27 patria

984 3158 49 17 non
1044 3152 132 28 abbisogna
1190 3152 140 21 .dtramente
1338 3150 26 21 di
1381 3151 75 20 atten-

984 3187 57 21 dere
1055 3186 22 21 ai
1102 3185 101 28 presagi;
1217 3182 177 30 imperciocchè
1415 3188 41 16 av-

984 3226 78 21 venga
1075 3219 43 21 che
1143 3218 46 27 puô
1214 3218 25 21 ih
1260 3219 84 26 questo
1365 3216 89 22 mondo

985 3259 48 16 non
1044 3254 18 21 si
1072 3252 80 23 muoia
1164 3252 46 21 mai
1228 3252 46 20 alla
1285 3251 77 27 gloria
1372 3255 82 22 presso

984 3288 33 27 gli
1049 3286 100 25 uomini,
1175 3285 119 21 nell’altro
1325 3285 21 20 al
1368 3284 86 21 merito

984 3325 83 22 presso
1079 3319 86 22 Dio.—
1183 3339 3 3 .

985 3353 77 28 —Egli
1079 3352 96 28 parlavà
1183 3352 28 20 da
1221 3350 121 26 cristiano,
1354 3350 30 22 ed
1391 3350 24 21 io
1436 3349 18 22 ti

984 3386 69 29 parrà
1065 3386 43 22 che
1121 3386 59 27 parli
1194 3385 28 21 da
1233 3388 100 23 pagano:
1346 3390 60 21 pure
1428 3384 24 22 io

985 3420 107 22 dichiaro
1103 3418 108 23 riuscirci
1227 3416 42 28 più
1279 3417 67 22 facile
1358 3423 94 22 negare,

985 3454 45 21 che
1039 3452 117 22 astenerci
1168 3452 39 21 dal
1215 3451 57 21 dare
1281 3452 60 20 retta
1361 3451 22 21 ai
1403 3456 52 22 pre-

985 3486 148 25 sentimenti;
1142 3485 51 22 cosi
1203 3489 57 16 vero
1271 3486 93 24 questo,
1374 3484 44 22 che
1438 3484 17 22 il

985 3520 118 28 generale,
1117 3519 25 21 in
1152 3520 55 20 onta
1212 3517 69 21 délia
1300 3522 43 16 sua
1363 3518 91 27 sapien-

986 3559 33 19 sa,
1027 3553 25 21 io
1066 3557 27 17 so
1102 3551 61 23 ch’ei
1176 3552 21 21 ci
1209 3550 79 22 crede.
1298 3550 40 22 Ma
1362 3550 56 22 orsù
1438 3551 17 21 il

986 3586 25 22 di
1023 3585 145 23 incomincia
1175 3591 14 14 a
1209 3583 55 22 farsi
1286 3583 89 26 chiaro,
1394 3589 13 16 e
1429 3585 26 19 tu

986 3620 45 21 che
1043 3618 93 28 aspetti,
1149 3617 109 29 figliuolo
1269 3616 59 26 mio,
1341 3623 14 15 a
1366 3617 89 21 inalbe-

986 3658 53 16 rare
1048 3653 22 21 la
1082 3654 66 19 santa
1162 3650 120 26 bandiera,
1290 3655 13 16 e
1315 3656 14 16 a
1346 3651 110 22 salutarla

986 3691 47 16 con
1045 3686 22 21 la
1075 3684 144 22 cannonata?
1224 3694 30 4 —

1014 3730 31 4 —
1050 3718 150 27 Aspettiamo
1225 3716 45 21 che
1284 3716 60 22 butti
1373 3717 42 28 giu
1434 3717 23 21 la

1484 2811 122 22 maschera
1613 2812 78 27 quella
1697 2813 65 20 torre
1771 2810 104 23 costà:—
1882 2816 14 16 e
1904 2810 50 22 cosi

1483 2844 135 24 favellarido
1630 2846 18 21 il
1659 2846 110 27 capitano
1790 2846 106 27 Angiolo
1915 2845 39 21 ad-

1483 2879 80 22 ditava
1580 2880 23 21 al
1614 2879 72 27 padre
1700 2878 130 26 Casgcconi
1842 2885 48 16 una
1904 2880 50 20 tor-

1483 2912 58 22 r'etta
1557 2912 119 28 quadiata,
1689 2913 45 21 che
1754 2913 113 22 costruita
1883 2918 27 16 su
1928 2912 24 21 di

1482 2952 46 15 una
1539 2946 103 27 pendice
1651 2948 35 20 sta
1696 2952 69 16 corne
1773 2952 14 16 a
1799 2947 117 21 cavalière
1925 2952 28 15 su

1481 2980 22 20 la
1524 2980 51 20 cala
1587 2979 62 22 délia
1660 2979 110 28 Capraia,
1782 2986 14 15 e
1819 2986 70 16 serve
1912 2979 40 28 pei

1482 3013 90 28 segnali
1589 3013 75 27 Quivi
1676 3015 60 20 tutte
1748 3014 23 21 le
1791 3014 61 21 notti
1870 3019 84 16 accen-

1482 3046 90 26 devasi,
1587 3053 13 15 e
1619 3047 101 21 tuttavia
1740 3047 20 21 si
1772 3047 111 26 accende,
1905 3052 48 16 una

1480 3080 116 26 lanterna,
1605 3081 23 21 la
1640 3081 69 27 qualé
1720 3081 86 21 manda
1824 3082 64 20 tanta
1898 3081 55 21 luce

1481 3114 79 27 giusto
1575 3116 89 25 quanto
1674 3114 67 22 tasta
1757 3120 44 21 per
1821 3114 89 22 vedere
1927 3114 24 21 in

1481 3147 68 28 quale
1569 3153 64 16 razza
1650 3147 25 22 di
1693 3148 77 28 scogli
1782 3148 18 21 ti
1819 3148 133 21 scaraventi

1481 3180 16 22 il
1509 3182 94 27 grecale
1615 3187 14 16 a
1640 3182 100 27 perdere
1750 3182 79 21 anima
1841 3187 14 16 e
1868 3186 82 22 corpo.

1507 3214 76 22 —Per
1597 3214 84 27 fermo,
1692 3215 130 28 soggiunse
1845 3215 19 21 il
1882 3214 67 26 frate,

1481 3253 60 22 quan
1543 3248 31 21 do
1586 3250 27 20 tu
1630 3249 60 21 sarai
1702 3250 98 20 assunto
1819 3249 22 21 al
1858 3253 94 17 coman-

1480 3281 31 22 do
1524 3286 113 22 supremo
1649 3281 39 22 del
1695 3283 84 20 nostro
1791 3282 161 27 naviglio,ve-

1480 3319 59 16 runo
1551 3314 106 27 negherà
1669 3314 44 22 che
1729 3315 25 20 la
1771 3314 100 22 Corsica
1896 3320 56 22 pos-

1480 3347 66 22 siede
1556 3353 32 16 un
1596 3348 150 28 ammiraglio
1755 3348 125 27 prudente.

1508 3381 18 21 E
1535 3382 20 21 il
1571 3382 110 27 capitano
1693 3381 45 23 che
1750 3382 78 23 intese
1839 3382 24 22 la
1874 3382 77 26 botta,

1480 3415 141 22 sorridendo
1630 3415 102 28 rispose:

1507 3460 29 4 —
1545 3448 27 22 Io
1582 3454 50 16 non
1642 3449 25 22 lo
1679 3454 72 23 nego;
1764 3449 34 22 mi
1805 3451 72 20 trovo
1894 3449 58 21 cari-

1480 3486 29 17 co
1527 3481 25 22 di
1565 3481 63 22 ferro
1649 3488 13 16 e
1680 3482 23 22 di
1721 3488 73 22 paura
1805 3488 70 16 corne
1899 3482 53 21 dice

1481 3515 17 21 il
1514 3517 83 20 nostro
1617 3515 140 27 proverbio,
1768 3522 13 15 e
1796 3517 25 20 lo
1844 3516 106 22 vedrete:

1481 3547 131 23 d’altronde
1629 3551 75 19 metto
1724 3549 78 22 subito
1819 3555 13 15 a
1854 3549 97 27 profitto

1480 3581 22 21 la
1513 3583 83 20 vostra
1607 3582 92 22 lezione
1711 3588 72 22 sopra
1798 3583 23 21 la
1841 3582 111 22 diffiden-

1480 3620 52 16 za...
1930 3631 4 3 -

1508 3660 28 4 —
1541 3648 100 22 Certo...
1651 3651 66 19 certo
1726 3649 24 21 la
1759 3649 90 21 cautela
1861 3654 48 16 non
1926 3648 26 22 fù

1477 3682 51 21 mai
1543 3684 112 25 troppa...

1509 3714 95 22 Intanto
1613 3714 85 28 ch’egli
1718 3715 129 27 profferiva
1869 3718 83 25 queste

1981 2811 89 27 parole,
2080 2816 56 16 ecco
2146 2811 77 21 tirarsi
2233 2816 28 16 su
2270 2811 74 27 lungo
2352 2810 98 22 I’anten-

1980 2850 29 16 na
2021 2844 61 22 délia
2101 2847 65 19 torre
2187 2845 20 20 la
2224 2844 120 25 bandiera;
2370 2844 80 22 subito

1980 2878 72 27 dopo,
2067 2878 14 21 il
2094 2879 77 20 saluto
2181 2878 22 21 di
2215 2883 29 16 un
2258 2878 70 26 colpo
2348 2878 24 20 di
2386 2878 64 26 spin-

1979 2911 80 28 garda.
2084 2910 18 23 Il
2115 2914 82 22 vento,
2227 2911 14 21 il
2261 2911 68 27 quale
2344 2911 107 21 sebbene

1980 2945 124 21 abbassato
2117 2950 58 22 pure
2191 2944 98 22 soffiava
2299 2950 95 22 sempre
2405 2950 45 17 con.

1978 2977 203 29 violenza,spiegô
2193 2978 25 23 in
2225 2983 33 16 un
2266 2978 84 21 attimo
2358 2978 23 21 la
2393 2978 56 21 ban-

1979 3011 73 26 diera;
2055 3011 129 22 inalberata
2193 3016 13 16 e
2227 3011 20 21 ci
2260 3010 91 23 mostrò
2373 3011 78 27 dipin-

1978 3046 23 20 ta
2012 3045 23 21 la
2047 3045 100 27 insegna
2163 3044 25 22 di
2200 3043 106 27 Francia;
2321 3045 76 21 scudo
2410 3050 40 16 ce-

1978 3079 59 21 leste
2054 3084 45 16 con
2109 3078 60 28 gigli
2182 3078 24 21 di
2219 3083 43 16 oro
2284 3080 85 20 tenuto
2392 3079 58 21 ritto

1978 3112 29 21 da
2016 3112 47 21 due
2071 3111 89 28 angioli
2174 3111 25 21 in
2208 3117 84 22 campo
2304 3111 95 22 bianco.

2006 3144 41 22 Me
2059 3151 30 15 ne
2113 3145 119 21 rincresce
2245 3145 100 27 proprio
2368 3151 44 21 per
2427 3146 25 20 là

1977 3179 151 27 reputazione
2149 3178 25 22 di
2195 3179 73 27 padre
2290 3178 158 27 Bernardino,

1977 3212 45 21 che
2031 3212 96 28 egregia
2138 3217 60 17 anco
2207 3212 22 21 ai
2241 3212 26 22 di
2282 3213 77 21 nostri
2385 3212 66 28 gode

1977 3246 25 21 in
2024 3244 107 27 Corsica;
2152 3251 39 16 ma
2214 3251 68 16 corne
2299 3246 90 22 storico
2415 3247 35 21 mi

1977 3280 71 20 trovo
2077 3279 26 21 in
2126 3278 99 28 obbligo
2255 3279 23 21 di
2302 3281 147 24 raccontare,
2463 3291 4 3 •

1978 3311 85 29 ch’egli
2077 3317 121 22 proruppe
2206 3312 26 21 in
2243 3317 32 16 un
2300 3314 150 21 sacramento

1978 3346 37 22 coi
2027 3345 86 23 fiocchi
2134 3345 132 28 all’aspetto
2290 3345 61 22 délia
2370 3346 80 23 odiata

1977 3379 121 26 bandiera;
2110 3379 86 22 strinta
2205 3384 44 17 con
2268 3385 56 16 man
2337 3380 113 22 rabbiosa

1976 3413 23 21 la
2007 3413 78 26 barba,
2102 3419 25 15 se
2140 3418 30 16 ne
2179 3412 96 28 strappô
2293 3413 46 22 due
2348 3414 100 22 ciocche

1977 3452 15 16 0
1999 3448 36 20 tre
2047 3452 14 16 e
2080 3446 96 27 quando
2187 3446 22 21 la
2228 3447 113 27 passione
2359 3447 92 23 sfocata

1977 3480 32 27 gli
2022 3484 115 17 concesse
2147 3480 24 20 la
2187 3478 145 28 favella,non
2351 3481 99 22 rifiniva

1976 3513 48 22 mai
2036 3513 25 21 di
2070 3513 135 21 esclamare:

2003 3558 30 4 —
2044 3546 18 21 E
2073 3551 48 20 ora,
2135 3546 45 21 che
2192 3548 81 21 novita
2286 3547 14 22 è
2307 3550 83 25 questa
2399 3549 14 21 ?
2424 3548 24 23 O

1978 3585 68 17 corne
2055 3581 35 20 sta
2102 3582 83 25 questa
2197 3586 55 17 cosa
2257 3580 65 24 ?Che
2328 3581 121 23 l’abbiano

1977 3613 178 26 assediata,non
2163 3614 22 21 ci
2191 3614 13 22 è
2212 3616 106 26 pericolo
2333 3622 6 20 ;
2353 3622 96 16 avrem-

1976 3655 41 17 mo
2030 3651 72 21 avuto
2112 3651 94 22 odorea
2215 3651 189 23 Livorno.Santa
2415 3653 35 21 fe-

1977 3683 30 22 de
2014 3683 6 21 !
2025 3683 22 22 Il
2052 3684 97 22 diavolo
2157 3685 23 21 al
2198 3686 79 21 sicuro
2287 3686 21 21 ci
2326 3686 32 22 ha
2367 3692 82 16 messo

1977 3718 86 22 dentro
2073 3719 24 21 la
2112 3719 95 21 coda-—
2265 3719 155 28 (Cuntinua)
