2550 3802
88 114 102 23 Ensuite,
199 114 33 20 Mc
239 114 102 21 Berthon
351 113 42 20 fait
401 118 31 13 un
440 109 62 25 grief
506 115 28 13 au

64 141 122 20 Président
194 141 27 19 de
235 142 20 19 la
264 142 63 19 Cour
340 139 86 21 d’avoir
440 135 95 21 interdit

62 174 45 13 aux
116 168 135 20 défenseurs
258 169 28 19 de
295 173 81 20 passer
384 171 41 18 par
433 164 22 19 la
469 165 66 21 porte

60 195 29 19 de
94 195 102 19 derrière
204 196 13 19 à
223 196 22 19 la
250 196 64 19 Cour
320 193 120 21 d'Assises,
445 193 23 16 et
473 189 14 19 d
495 194 39 13 en-
542 195 4 4 ■

59 226 49 16 trer
116 228 42 18 par
166 223 21 19 la
201 227 63 20 porte
273 223 28 19 de
310 221 75 20 droite
406 217 40 25 qui
457 216 77 19 donne

60 256 40 12 sur
113 249 22 19 ie
150 250 59 19 banc
224 250 28 19 du
259 250 62 24 jury.
338 256 10 10 «
354 245 94 21 Jamais,
464 241 69 21 dit-il,

61 282 58 14 nous
129 276 94 20 n’avcns
232 277 49 19 subi
293 274 96 26 pareille
399 275 99 17 mesure,
511 271 23 15 et

60 310 44 13 nos
109 304 115 23 collègues
232 304 38 24 qui
277 301 125 27 plaidaient
407 303 44 15 aux
456 299 78 16 autres

60 331 90 19 Assises
164 331 63 19 n'ont
241 337 41 18 pas
290 337 29 13 eu
328 330 13 18 à
356 333 24 14 se
388 323 105 27 plaindre
506 321 28 19 de

61 358 97 25 pareille
167 359 112 19 vexation.
289 358 28 19 Je
326 357 102 19 constate
437 356 53 19 que,
497 350 38 18 de-

61 386 52 24 puis
122 386 21 18 le
152 386 69 19 début
229 386 27 19 de
264 392 36 13 ma
310 382 99 21 carrière
422 379 15 19 d
444 379 89 19 avocat,

59 413 25 24 je
93 413 44 19 n'ai
145 413 84 24 jamais
237 419 36 16 eu,
283 413 13 18 à
312 409 74 22 Paris,
396 408 13 19 à
418 405 65 20 subir
497 409 39 18 pa-

62 440 64 19 reille
134 440 152 19 humiliation.
296 438 68 20 C’est,
373 442 29 13 au
415 431 64 23 fond,
489 436 46 14 une

61 467 69 20 chose
142 467 41 24 qui
197 467 115 24 témoigne
320 465 29 19 de
357 461 118 22 méfiance,
483 461 52 16 tant

60 494 106 20 vis-à-vis
183 494 40 19 des
236 494 65 24 jurés
318 497 46 19 que
380 486 104 23 vis-à-vis
506 485 28 19 de

62 527 69 14 nous.
141 526 11 10 »
491 536 6 4 .

89 547 31 19 Le
128 546 123 20 Président
263 544 90 20 affirme
366 547 45 19 que
419 540 22 19 la
455 540 58 17 salie
520 542 13 12 a

62 574 37 19 été
106 574 125 23 aménagée
239 576 50 16 tout
306 570 140 21 récemment
455 568 23 17 et
489 569 45 20 que

62 602 55 18 c'est
131 607 29 13 en
176 601 75 19 raison
267 600 28 19 de
310 601 38 17 cet
362 594 173 23 aménagement

62 635 44 18 que
115 631 60 16 cette
183 633 88 14 mesure
280 633 12 12 a
301 626 37 19 été
343 629 70 19 prise.
420 621 19 20 Il
447 618 88 26 rappel-

61 656 31 22 le,
101 656 89 23 d’après
205 660 36 14 ses
253 652 123 21 souvenirs
389 651 145 23 personnes,

62 683 52 24 qu’à
123 682 63 20 Paris
196 689 28 13 on
234 681 82 20 accède
324 680 13 18 à
346 679 22 20 la
377 676 57 21 salle
447 675 41 20 des
496 673 39 20 As-

62 711 59 19 sises
130 716 42 18 par
180 716 45 13 une
233 712 63 22 porte
306 707 108 25 spéciale.

88 738 33 20 M°
129 737 114 21 Berthon.
257 736 61 20 Vous
334 730 159 23 conviendrez,
504 728 28 20 M.

61 766 24 19 le
97 765 127 22 Président,
240 770 52 18 que,
300 761 104 26 plaidant
416 757 82 26 depuis
510 755 25 21 25

62 799 43 14 ans
114 792 11 19 à
140 793 73 22 Paris,
226 791 52 25 j’aie
286 796 46 14 une
345 786 138 27 supériorité
494 790 41 14 sur

63 826 58 15 vous
129 827 6 16 ;
145 826 59 13 nous
213 824 96 19 passons
318 817 29 20 où
357 821 58 14 nous
427 818 107 15 vouions.

63 848 79 24 Quant
149 848 15 19 à
171 847 189 23 l’aménagement
368 843 54 20 delà
431 840 65 23 salle,
502 839 33 19 les

62 879 78 21 portes
149 876 63 19 n’ont
217 880 40 18 pas
265 873 36 20 été
307 871 113 25 changées
428 868 106 25 déplacé,

64 903 24 20 ni
97 903 22 19 la
128 902 135 25 disposition
272 901 41 19 des
322 899 78 21 salles.

90 931 33 19 Le
130 930 122 20 Présideiit
260 927 87 26 répond
355 934 6 12 :
370 926 28 20 Je
411 923 125 22 maintiens

64 958 22 20 la
96 958 120 24 consigne.

90 986 33 20 Ma
128 985 101 20 Berthon
238 984 27 20 de
274 982 113 25 répondre
394 988 6 13 :
405 981 64 20 Nous
477 985 59 14 som-

66 1013 124 21 mes-fixes.

90 1041 32 22 M,
137 1039 91 24 Ricklin
242 1038 113 21 demande
371 1037 23 20 la
410 1036 80 25 parole
506 1041 28 14 au

65 1069 61 24 sujet
134 1068 71 20 d’une
213 1066 105 21 nouvelle
326 1064 90 21 affiche.

90 1097 31 20 Le
129 1095 121 21 Président
252 1096 110 23 proteste.
372 1092 99 24 «Quand
477 1092 59 19 donc

65 1130 59 15 nous
132 1124 175 19 laisserez-vous
316 1128 29 13 en
355 1126 67 19 repos
431 1125 56 14 avec
494 1124 41 15 vos

65 1151 111 22 affiches?
185 1151 61 20 Nous
256 1150 101 25 jugeons
365 1155 31 13 un
410 1148 83 24 procès
508 1147 28 20 de

64 1180 102 24 complot
173 1182 77 17 contre
257 1178 77 23 l’Etat,
344 1182 59 15 nous
410 1182 30 13 ne
448 1175 88 20 faisons

65 1215 40 18 pas
114 1208 21 19 la
145 1212 83 20 guerre
236 1206 39 19 des
283 1204 102 21 affiches.
393 1208 10 12 »

91 1236 34 20 La
140 1234 98 25 Défense
251 1233 89 22 insiste,
356 1236 24 16 et
393 1232 34 20 M.
444 1230 92 22 Ricklin

65 1263 71 24 reçoit
143 1263 24 20 la
175 1262 83 25 parole.
269 1261 18 20 Il
299 1260 67 25 s’agit
373 1260 69 19 d’une
455 1258 82 21 affiche

64 1291 77 25 jaune,
160 1290 98 25 apposée
275 1288 113 21 mercredi
404 1287 72 20 matin
485 1288 14 19 à
514 1287 22 19 la

65 1322 65 22 perte
147 1318 31 20 du
196 1317 105 20 domicile
318 1316 29 20 de
364 1315 31 20 M.
408 1315 99 22 Ricklin,
523 1315 14 19 à

66 1346 160 22 Dannemarie,
235 1343 82 21 affiche
325 1343 41 25 qui
374 1343 32 20 lui
415 1346 34 16 est
457 1348 80 19 parve-

65 1380 46 15 nue
127 1380 29 14 ce
172 1373 70 20 matin
259 1378 41 19 par
318 1372 77 19 lettre.
411 1370 37 20 Qn
458 1370 28 20 lit
498 1376 41 14 sur

66 1406 59 16 cette
141 1400 82 21 affiche
239 1406 44 18 que
300 1399 31 20 M.
349 1398 91 21 Ricklin
454 1401 36 17 est
507 1405 31 13 un

66 1429 94 25 ignoble
168 1428 71 21 boche
256 1431 24 16 et
288 1433 47 19 que
345 1427 21 19 le
375 1425 126 26 signataire
508 1426 30 20 du

66 1457 129 24 manifeste,
202 1463 30 13 un
239 1455 91 21 nommé
335 1453 205 24 herbelin,officier

66 1486 134 22 d’aviation,
208 1485 54 19 dont
268 1489 59 14 nous
333 1488 74 15 avons
412 1481 127 26 parléhier,

68 1521 25 13 se
101 1513 130 26 chargerait
239 1512 27 20 de
276 1512 31 19 lui
317 1512 75 19 botter
399 1510 22 20 le
429 1510 110 20 derrière.

92 1542 34 20 M.
139 1541 92 21 Ricklin
244 1540 76 20 relève
334 1543 50 16 tout
397 1538 101 20 l'odieux
512 1537 28 21 de

66 1574 60 17 cette
134 1568 123 21 mentalité.
265 1568 18 20 Il
292 1566 111 27 reproche
411 1567 14 19 à
433 1569 37 17 cet
477 1565 64 21 hom-

68 1605 36 14 me
112 1598 29 20 de
150 1602 109 19 manquer
267 1595 29 20 de
304 1595 88 25 l’esprit
400 1594 141 20 chevaleres-

70 1633 45 19 que
131 1625 40 25 qui
188 1624 41 21 fait
242 1624 20 19 la
280 1623 74 25 gloire
370 1623 30 19 du
417 1627 69 19 corps
500 1621 40 20 des

66 1653 103 21 officiers
184 1651 107 24 français.
310 1651 18 19 Il
337 1657 14 13 a
368 1656 29 14 eu
405 1650 21 19 la
443 1649 96 24 lâcheté,

68 1681 127 23 d’ailleurs,
205 1679 64 24 dit-il,
279 1679 29 20 de
321 1678 59 20 faire
389 1677 93 20 afficher
494 1682 47 15 une

562 108 95 24 pareille
674 103 127 26 ignominie
818 104 13 18 à
849 102 21 19 la
887 103 66 22 porte
970 99 67 19 d’une

561 135 92 19 maison
670 132 69 24 qu'on
758 130 44 19 sait
818 129 93 19 habitée
920 132 42 19 par
977 125 60 19 deux

559 161 98 19 femmes
666 158 85 21 seules,
762 156 105 20 Madame
876 153 91 20 Ricklin
982 154 23 16 et
1011 156 25 13 sa

560 188 83 18 bonne.
656 184 54 21 Puis
718 184 30 18 M.
757 183 90 19 Ricklin
856 184 52 21 part
917 186 28 13 en
954 182 83 20 guerre

560 217 82 17 contre
649 211 104 20 l’officier
768 209 119 20 Herbelin.
896 208 19 19 Il
930 213 26 13 se
969 206 67 19 lance

560 241 58 19 dans
625 245 47 13 une
680 237 161 24 comparaison
850 236 41 18 des
899 233 96 20 mérites
1007 231 29 19 de

559 266 119 21 l’aviation
696 268 23 16 et
736 264 28 18 de
777 261 147 22 l’infanterie,
944 264 22 15 et
981 263 55 15 sans

559 293 94 20 vouloir
662 291 108 24 dénigrer
777 290 35 19 les
820 289 94 20 mérites
923 288 29 18 de
960 289 35 16 cet
1004 284 33 19 of-

559 321 65 19 ficier
644 317 136 22 d’aviation,
802 317 17 19 il
840 315 40 20 fait
902 317 134 19 remarquer

560 347 69 25 qu’ils
646 352 30 13 ne
693 348 54 17 sont
764 349 41 19 pas
823 343 52 23 plus
891 340 87 26 grands
990 343 45 20 que

560 380 58 14 ceux
625 374 29 19 de
663 372 95 24 simples
766 369 135 21 fantassins.

585 402 37 19 On
632 400 91 20 revient
731 404 29 13 au
770 397 67 24 sujet,
846 399 23 16 et
876 396 35 19 Mc
918 393 115 22 Fourrier,

561 436 59 18 pour
627 427 137 23 développer
772 424 125 22 l’incident,
907 423 29 19 lit
943 428 31 13 un
982 419 54 21 arti-

560 457 34 19 cle
602 456 29 19 de
639 455 32 20 1’«
679 454 61 20 Echo
758 452 29 20 de
801 451 138 20 Mulhouse»
955 448 40 25 qui
1003 446 32 21 af-

560 484 65 20 firme
634 488 45 19 que
687 482 40 19 des
733 479 95 21 affiches
835 482 41 16 ont
881 478 37 19 été
924 476 111 25 apposées

559 512 52 19 hier
619 512 14 18 à
641 509 122 20 Mulhouse
780 513 40 14 sur
829 506 40 19 des
885 505 65 20 lieux
966 501 70 21 d’affi-

560 539 72 23 chage
648 536 104 22 officiels,
767 538 23 16 et
807 540 45 19 que
864 533 21 20 la
899 530 135 26 population

560 565 110 26 indignée
687 564 33 20 les
729 570 22 14 a.
757 561 127 21 arrachées.
899 560 44 20 Cet
956 557 79 22 article

560 594 34 20 dit
601 598 85 15 encore
694 596 53 20 que,
756 590 40 19 dès
805 589 60 23 hier,
874 589 34 19 les
922 585 113 22 autorités

560 625 40 16 ont
608 621 103 24 prévenu
720 618 63 19 leurs
791 620 81 21 agents
880 616 30 19 de
926 614 58 20 faire
1000 619 36 13 ar-

560 648 80 21 racher
647 645 196 21 immédiatement
850 646 78 16 toutes
941 642 34 19 les
987 639 49 21 affi-

560 677 56 19 ches
624 671 164 23 existentes.Et
796 671 22 20 la
824 670 94 21 défense
923 667 112 22 demande

560 705 12 19 à
581 703 31 20 M.
623 701 86 21 Fachot
725 703 116 17 comment
856 698 17 20 il
890 704 26 13 se
933 696 43 21 fait
989 701 45 19 que

560 734 50 18 tout
617 730 23 20 le
648 728 84 21 monde
740 727 33 20 ait
780 726 168 21 connaissance
959 724 29 19 de
996 728 38 15 ces

560 759 54 20 faits
623 761 23 16 et
654 762 45 18 que
707 755 33 20 lui
749 754 49 21 seul
807 755 34 19 les
850 754 90 24 ignore.

585 786 32 21 M.
628 783 89 22 Fachot
722 790 9 13 :
740 782 93 21 Laissez
841 782 59 20 donc
915 779 120 22 s’achever

561 813 121 25 l’enquête,
692 817 59 14 nous
760 816 73 14 avons
841 813 50 17 tout
899 809 23 20 le
931 807 63 21 loisir
1006 806 29 20 de

562 847 79 16 mener
649 841 23 19 la
680 839 69 20 chose
758 844 49 14 vers
815 845 31 13 un
853 838 40 20 but
901 842 29 14 en
940 834 95 26 gardant

562 874 66 17 notre
642 868 82 21 calme.
740 866 61 21 C’est
814 867 22 20 le
850 865 48 21 seul
914 870 83 18 moyen
1006 862 29 20 de

560 898 59 20 faire
628 897 30 20 du
667 896 46 20 bon
722 894 90 21 travail.
892 918 6 5 _
918 911 4 4 .

587 923 27 20 Et
634 922 36 20 Me
685 920 101 21 Berthon
808 918 102 21 insistait
931 922 87 15 encore
1028 922 6 13 :

561 952 62 20 Nous
633 947 207 28 regrettons,dit-il,
847 947 28 19 de
881 946 88 20 n’avoir
974 948 62 16 trou-

561 980 29 20 vé
606 978 85 24 auprès
700 977 28 19 de
745 976 22 20 la
775 975 63 21 Cour
852 980 75 14 aucun
942 976 47 17 mot
1005 972 29 20 de

561 1007 83 23 blâme,
653 1009 23 16 et
680 1005 58 20 “c’est
746 1003 49 21 cela
813 1003 40 25 qui
866 1007 59 15 nous
934 1001 64 20 irrite
1013 1003 22 17 et

561 1035 40 25 qui
610 1036 91 18 montre
709 1038 46 14 une
764 1031 117 21 mauvaise
890 1029 101 20 volonté.

586 1062 34 21 Mc
627 1060 99 22 Feuillet
734 1066 25 14 se
767 1060 51 19 lève
826 1062 24 16 et
858 1058 94 20 déclare
960 1062 45 20 que
1014 1056 22 20 le

562 1090 118 26 président
696 1088 28 20 de
741 1088 22 20 la
777 1087 87 20 section
877 1086 41 20 des
935 1085 101 20 Anciens

562 1119 160 20 Combattants
731 1116 29 20 de
768 1115 94 21 Colmar
875 1114 32 20 lui
916 1120 13 13 a
947 1113 89 20 déclaré

562 1147 55 25 qu’il
634 1152 25 14 se
673 1143 169 22 désolidarisait
855 1145 127 17 nettement
994 1141 41 20 des

562 1175 151 25 agissements
727 1172 106 25 indignes
847 1170 29 20 de
887 1170 32 20 M.
928 1169 107 21 Herbelin

562 1207 23 16 et
592 1202 69 26 qu’ils
669 1201 33 20 les
717 1199 141 26 réprouvait.
873 1198 29 20 M.
913 1197 80 20 Feillet
1005 1196 32 21 af-

561 1231 66 20 firme
644 1228 55 26 qu’il
708 1232 36 17 est
759 1228 48 19 très
815 1226 42 21 fier
874 1226 29 20 de
920 1229 117 16 constater

562 1265 45 19 que
615 1258 34 20 les
658 1256 100 21 Anciens
765 1255 158 20 Combattants
932 1254 29 19 de
969 1253 68 20 Fran-

562 1293 27 14 ce
604 1289 43 17 ont
654 1284 69 26 gardé
732 1284 21 20 le
768 1284 47 20 bon
824 1288 54 15 sens
886 1286 23 16 et
926 1281 69 25 qu'ils
1003 1281 35 20 ré-

563 1317 115 22 prouvent
686 1318 37 15 ces
733 1312 114 20 manières
856 1310 81 25 d’agir.

588 1342 28 20 Et
629 1342 22 19 la
665 1341 59 20 série
739 1340 41 19 des
793 1338 114 21 incidents
920 1337 116 21 continue.

563 1370 32 21 M.
603 1369 87 21 Fachot
699 1367 162 24 communique
870 1367 13 19 à
890 1365 37 21 Me
937 1365 99 20 Berthon

563 1405 47 14 une
625 1398 69 19 lettre
719 1396 29 20 de
765 1400 107 15 menaces
889 1394 40 25 qui
950 1394 33 19 lui
1003 1397 35 16 est

564 1425 110 22 adressée
689 1424 28 20 de
732 1424 74 20 Paris.
821 1422 36 20 Me
866 1422 101 20 Berthon
981 1421 22 20 la
1011 1421 28 20 lit

564 1461 30 14 au
602 1453 85 26 public.
698 1452 18 20 Il
725 1451 69 25 s’agit
801 1451 54 20 d'un
865 1451 55 23 père
929 1453 23 16 et
965 1449 28 20 de
1001 1455 37 14 ses

565 1483 60 19 deux
633 1480 37 21 fils
684 1480 39 25 qui
730 1482 123 18 menacent
860 1479 29 19 de
894 1477 67 21 venir
966 1477 13 20 à
988 1476 51 21 Col-

565 1516 49 14 mar
630 1509 89 20 abattre
734 1506 37 21 Me
788 1506 102 21 Berthon
905 1511 89 14 comme
1007 1512 31 13 un

566 1537 77 21 chien.
652 1535 28 25 (Il
689 1535 67 26 s’agit
764 1535 69 20 d’une
840 1539 96 15 menace
943 1533 13 20 à
964 1533 22 20 la
993 1533 47 20 sui-

565 1569 24 17 te
603 1565 30 20 de
650 1563 116 21 certaines
787 1562 136 21 excitations
944 1561 67 20 faites
1026 1562 13 18 à

566 1593 66 21 Paris
640 1596 24 16 et
671 1592 57 20 dont
736 1591 36 20 Me
778 1589 100 21 Berthon
887 1595 52 14 sera
948 1595 92 18 respon-

566 1619 83 26 sable.)

591 1649 38 20 Me
636 1647 102 21 Berthon
752 1647 84 20 insiste
849 1651 40 14 sur
901 1645 23 20 le
933 1644 49 22 fait,
994 1650 45 19 que

565 1677 23 20 la
595 1677 68 20 lettre
671 1675 33 20 ait
711 1675 37 20 été
756 1674 176 25 communiquée
945 1673 93 20 directe-

1062 97 65 17 ment
1134 100 29 13 au
1174 94 129 19 Procureur
1312 89 105 22 Général,
1427 91 23 17 et
1455 87 34 20 lui
1502 87 38 19 de-

1062 121 85 20 mande
1155 120 28 19 de
1192 121 90 20 donner
1291 116 196 21 immédiatement
1498 114 40 19 des

1063 147 134 25 poursuites
1206 153 58 18 pour
1272 149 108 16 menaces
1389 143 28 19 de
1424 146 68 16 mort.

1087 175 36 19 M.
1132 174 91 20 Fachot
1237 171 72 27 prend
1319 174 51 16 acte
1384 170 28 19 de
1426 171 62 17 cette
1500 168 38 18 de-

1063 201 93 20 mande-

1088 226 29 19 Et
1134 225 39 19 Me
1181 225 108 20 Fourrier
1305 228 59 18 pour
1381 225 92 16 revenir
1490 225 13 13 a
1516 220 21 17 la

1062 252 95 24 charge:
1164 256 12 11 «
1182 252 63 20 Nous
1250 256 72 15 avons
1328 248 98 20 cherché
1431 246 58 22 hier,
1495 245 43 19 dit-

1062 279 24 23 il,
1095 285 56 14 sous
1160 279 23 19 la
1191 277 152 22 surveillance
1351 276 41 19 des
1401 273 136 26 gendarmes

1061 307 115 23 quelques
1184 307 77 22 pièces
1269 304 60 20 dans
1337 303 34 20 les
1379 301 110 21 dossiers.
1502 300 35 19 Au

1062 333 56 20 bout
1134 333 70 19 d’une
1220 330 144 23 demi-heure
1385 334 59 15 nous
1464 333 73 14 avons

1061 360 82 20 trouvé
1152 366 47 13 une
1212 360 62 20 foule
1283 358 28 19 de
1324 357 77 25 pièces
1412 356 126 24 importan-

1061 391 42 16 tes.
1119 386 62 21 Elles
1196 388 83 19 étaient
1289 384 179 20 naturellement
1480 382 57 19 dans

1061 416 34 19 les
1107 413 92 21 recoins
1213 415 41 20 des
1266 412 110 20 dossiers.
1386 410 18 20 Il
1417 417 14 18 y
1440 416 21 16 a,
1477 409 59 19 dit-il

1062 443 40 20 des
1110 441 84 21 scellés
1208 449 45 13 non
1271 440 63 19 cotés
1349 444 46 19 que
1408 438 30 19 M-
1454 437 82 19 Mitton

1061 471 37 19 n’à
1106 475 43 19 pas
1157 468 44 20 mis
1210 470 13 18 à
1232 471 65 18 notre
1306 466 138 24 disposition
1453 464 48 20 lors
1509 464 28 19 de

1061 497 144 25 l’enquête.»

1060 540 171 26 Propagande
1251 536 135 28 organisée
1404 537 31 21 de
1447 536 26 22 la
1488 536 49 21 Zu-

1060 573 76 22 kunft

1086 610 64 21 Nous
1162 614 115 15 revenons
1291 607 62 20 enfin
1368 608 12 18 à
1395 607 144 22 l'interroga-

1060 638 60 20 toire
1129 636 29 20 de
1175 636 84 20 Schall.
1269 635 36 20 On
1314 635 43 20 fait
1373 634 43 20 lire
1424 634 14 18 à
1454 633 85 19 l’inter-

1060 666 65 24 prète
1140 671 47 13 une
1200 663 122 20 circulaire
1336 668 45 14 aux
1395 661 104 20 hommes
1510 660 29 20 de

1062 691 122 22 confiance
1192 692 29 19 de
1229 691 21 20 la
1260 697 10 11 «
1278 687 128 24 Zukunft».
1417 688 66 20 Cette
1496 688 43 19 cii-

1061 720 89 21 culaire
1167 719 100 25 rappelle
1276 719 22 19 le
1311 718 81 20 succès
1409 715 130 21 considéra-

1060 749 37 20 ble
1105 747 116 26 qu’obtint
1228 747 22 20 le
1256 746 102 25 journal,
1368 745 40 20 dès
1417 750 42 14 son
1469 750 69 19 appa-

1061 776 70 21 rition
1146 779 24 17 et
1177 774 129 21 l’influence
1314 773 55 25 qu’il
1386 777 133 16 commence
1525 772 13 18 à

1061 810 93 14 exercer
1163 802 98 21 aussitôt
1269 808 40 14 sur
1318 803 21 18 la
1353 800 111 26 politique
1471 800 68 25 géné-

1061 832 48 20 rale
1118 838 29 14 en
1157 832 89 19 Alsace.
1257 828 184 27 L’organisation
1461 834 29 13 en
1508 827 31 20 fa-

1061 866 56 14 veur
1132 860 31 19 du
1178 858 186 26 particularisme
1377 856 101 20 alsacien
1491 855 49 20 doit

1061 889 48 19 être
1124 887 109 21 conduite
1249 886 29 20 de
1294 886 67 24 façon
1379 884 159 21 méticuleuse.

1061 916 63 21 Dans
1141 921 76 14 aucun
1234 920 47 17 cas,
1296 914 16 19 il
1322 919 30 14 ne
1366 912 49 20 doit
1423 918 26 14 se
1455 911 84 21 laisser

1061 944 111 25 englober
1180 943 58 20 dans
1247 942 33 19 les
1295 945 77 16 autres
1385 939 81 26 partis,
1481 939 58 20 mais

1061 978 102 19 grouper
1179 975 53 16 tous
1240 970 34 20 les
1288 970 105 19 hommes
1407 968 40 20 des
1461 967 78 20 divers

1061 999 74 26 partis
1141 1003 83 16 autour
1233 998 68 20 d’une
1306 997 75 20 même
1389 996 52 20 idée
1446 995 94 26 généra-

1060 1028 29 20 le.
1097 1027 19 21 II
1126 1030 36 17 est
1168 1026 93 21 évident
1269 1032 46 18 que
1323 1025 22 20 le
1354 1029 147 20 programme
1509 1023 29 19 du

1061 1058 151 18 mouvement
1225 1053 48 21 doit
1285 1056 27 17 'se
1325 1052 107 21 mouvoir
1446 1052 59 19 dans
1517 1051 22 19 le

1061 1084 69 20 cadre
1138 1083 30 20 de
1176 1083 22 20 la
1207 1082 94 23 France,
1310 1087 29 14 au
1356 1080 75 21 moins
1446 1079 58 20 dans
1517 1079 22 20 le

1061 1118 54 14 sens
1124 1111 30 20 où
1161 1114 60 17 cette
1229 1109 135 26 expression
1370 1114 13 14 a
1392 1108 36 20 été
1436 1107 104 20 discutée

1061 1141 13 20 à
1083 1140 23 20 la
1116 1140 94 19 récente
1218 1137 109 21 réunion.

1088 1168 31 20 La
1136 1166 123 21 circulaire
1276 1171 57 19 pose
1349 1164 91 21 ensuite
1457 1167 83 19 quatre

1062 1195 121 26 questions
1189 1201 29 13 au
1224 1194 59 24 sujet
1289 1194 29 19 de
1326 1191 174 26 l’organisation
1509 1191 30 20 du

1062 1223 69 27 parti.
1141 1223 50 20 Elle
1199 1222 113 20 demande
1326 1224 143 17 notamment
1478 1219 19 21 si
1504 1219 35 20 les

1062 1252 107 21 hommes
1186 1251 29 20 de
1223 1249 119 22 confiance
1359 1249 109 20 estiment
1484 1247 55 26 qu’il

1062 1279 73 22 serait
1142 1278 130 26 préférable
1280 1278 68 25 qu’on
1363 1276 71 21 fonde
1441 1283 32 13 un
1480 1276 59 25 parti

1063 1314 29 14 ou
1109 1308 21 20 si
1139 1307 49 20 l’on
1203 1306 78 20 devait
1297 1305 129 20 seulement
1439 1309 101 19 grouper

1063 1336 34 20 les
1114 1335 106 20 hommes
1228 1341 29 13 en
1265 1334 35 20 les
1313 1333 98 20 laissant
1418 1332 59 19 dans
1490 1331 51 20 leur

1063 1363 59 26 parti
1132 1363 113 25 politique
1250 1359 114 28 respectif.
1371 1359 49 21 Elle
1427 1359 113 20 demande

1063 1397 57 15 avec
1129 1391 67 25 quels
1204 1390 103 20 hommes
1316 1388 29 21 ils
1363 1391 54 17 sont
1430 1387 111 25 spéciale-

1063 1422 66 18 ment
1137 1425 29 14 en
1175 1418 119 22 relations,
1303 1416 67 26 quels
1378 1419 54 17 sont
1439 1416 35 19 les
1491 1421 49 18 par-

1064 1448 74 20 tisans
1146 1446 41 20 des
1196 1446 76 20 divers
1286 1447 164 23 groupements
1466 1443 75 25 politi-

1064 1481 59 19 ques
1129 1474 41 25 qui
1176 1477 122 22 partagent
1302 1479 29 13 en
1340 1471 87 26 grande
1435 1471 106 24 majorité

1064 1504 35 20 les
1106 1502 112 26 opinions
1227 1501 29 20 de
1264 1501 23 20 la
1297 1509 10 11 «
1314 1499 103 21 Zukunft
1423 1504 20 19 »,
1464 1499 77 25 quelle

1065 1531 56 21 était
1129 1529 71 24 enfin,
1210 1536 28 14 au
1248 1529 59 24 sujet
1315 1529 28 19 de
1351 1528 23 20 la
1388 1527 151 21 constitution

1065 1559 54 20 d’un
1128 1558 69 25 parti,
1204 1557 107 25 l’opinion
1322 1558 28 18 de
1359 1556 21 20 la
1387 1555 106 25 majorité
1500 1555 41 20 des

1065 1587 125 20 adhérents
1195 1586 31 19 du
1232 1587 146 18 mouvement
1386 1582 154 21 Zukunftiste.

1089 1614 74 24 Après
1172 1613 128 20 traduction
1307 1612 30 20 de
1343 1615 61 17 cette
1412 1611 128 23 circulaire,

1065 1642 39 25 qui
1122 1641 88 21 éclaire
1226 1641 53 20 d’un
1294 1640 54 25 jour
1365 1639 136 25 particulier
1520 1639 21 20 le

1065 1669 119 25 problème
1192 1669 28 19 de
1229 1669 22 19 la
1259 1668 148 25 propagande
1415 1667 29 20 de
1451 1667 23 20 la
1482 1674 9 10 «
1498 1667 43 20 Zu-

1564 82 69 21 kunft
1638 87 20 17 »,
1664 82 22 19 le
1693 81 132 20 traducteur
1831 78 27 20 lit
1865 84 47 13 une
1919 75 118 21 deuxième

1563 111 69 19 lettre
1646 109 107 19 adressée
1761 108 13 18 à
1788 105 77 20 Schall
1874 111 29 13 en
1919 105 98 22 réponse
2024 102 13 18 à

1564 140 60 17 cette
1633 135 127 20 circulaire.
1767 133 65 20 Cette
1840 132 68 19 lettre
1914 131 76 19 donne
1997 129 40 19 des

1564 165 111 23 réponses
1680 163 47 19 très
1733 161 83 20 claires
1822 165 44 14 aux
1871 162 93 22 quatres
1971 162 67 20 ques-

1564 191 63 20 tions
1635 194 22 15 et
1666 196 25 13 se
1700 194 118 19 prononce
1827 188 144 18 notamment
1985 190 53 14 con-

1564 223 35 14 tre
1606 218 23 19 la
1635 216 149 21 constitution
1794 215 53 19 d’un
1854 213 84 25 parti.«
1945 213 17 20 Ii
1969 211 69 21 serait

1563 246 138 23 dangereux,
1719 242 96 22 dit-elle,
1837 241 29 19 de
1885 247 99 19 grouper
1997 239 40 20 des

1563 272 104 19 hommes
1684 271 41 20 des
1732 271 77 19 divers
1827 269 71 23 partis
1913 267 123 26 politiques

1563 305 60 18 pour
1637 304 42 14 nos
1693 299 71 21 idées,
1780 302 39 14 car
1827 296 22 19 la
1863 296 138 24 divergence
2009 294 28 19 de

1562 332 57 15 vues
1629 333 38 13 sur
1682 327 98 19 d’autres
1793 323 131 25 problèmes
1936 321 101 26 pourrait

1562 355 34 19 les
1604 353 86 20 inciter
1698 354 13 19 à
1720 353 40 19 des
1769 351 122 20 trahisons.
1898 350 65 20 Voici
1971 355 67 19 pour-

1563 381 54 25 quoi
1625 381 23 20 le
1653 382 146 19 mouvement
1807 378 50 21 doit
1862 379 48 20 être
1918 378 119 19 au-dessus

1563 409 41 19 des
1613 409 80 23 partis.
1701 416 12 11 »
1723 407 49 20 Elle
1780 408 72 23 prône
1861 412 42 18 par
1910 406 94 19 ailleurs
2016 405 22 19 le

1563 437 99 24 système
1671 436 29 19 de
1709 435 149 24 propagande
1866 439 42 20 par
1921 434 34 19 les
1963 432 76 21 confé-

1563 470 81 14 rences
1661 463 122 25 publiques
1798 462 114 20 destinées
1920 462 13 18 à
1942 460 97 20 éclairer

1563 492 22 19 le
1594 490 87 26 public,
1691 494 24 16 et
1723 489 88 21 affirme
1820 496 45 18 que
1880 489 94 24 lorsque
1986 491 52 16 tous

1563 519 35 20 les
1615 519 62 20 vrais
1693 518 119 20 Alsaciens
1829 520 84 17 auront
1929 516 48 25 pris
1986 522 53 13 con-

1563 547 123 20 naissance
1694 547 28 19 de
1730 552 28 14 ce
1762 548 156 20 mouvement,
1924 544 29 20 ils
1961 546 78 17 seront

1564 575 62 25 prêts
1635 575 13 19 à
1657 580 79 14 verser
1744 580 47 13 une
1796 572 121 21 cotisation
1924 577 58 19 pour
1990 577 50 17 per-

1564 606 83 16 mettre
1655 601 174 24 l’organisation
1838 601 28 18 de
1875 605 38 14 ces
1922 598 117 20 conféren-

1564 635 46 14 ces.

1564 674 131 27 Pourquoi
1705 674 39 21 les
1755 673 103 22 chiffres
1866 673 15 22 ?

1590 715 33 20 Le
1639 714 125 20 Président
1780 713 113 20 demande
1910 712 89 21 ensuite
2011 718 28 14 ce

1564 749 46 20 que
1618 742 116 25 signifient
1742 748 40 14 sur
1791 741 98 21 certains
1898 741 100 20 dossiers
2004 740 34 21 les

1565 770 93 21 chiffres
1668 770 25 21 05
1702 774 22 16 et
1732 774 34 20 09.

1588 799 34 20 M.
1633 798 84 21 Schall
1728 798 108 24 explique
1849 797 22 20 le
1883 798 101 24 mystère
1997 797 42 20 des

1564 826 92 21 chiffres
1665 832 41 14 sur
1714 826 84 24 lequel,
1816 831 88 15 comme
1913 825 16 20 il
1944 825 93 23 semble,

1564 854 150 21 l’accusation
1727 860 13 14 a
1755 854 56 20 basé
1826 859 45 14 une
1879 853 75 25 partie
1962 853 29 20 de
2002 858 37 15 ses

1565 883 157 25 préventions.
1729 882 33 20 «II
1769 881 122 26 s’agissait,
1897 881 67 24 dit-il,
1970 883 69 18 avant

1564 915 59 19 tout,
1631 911 28 20 de
1667 914 95 17 trouver
1770 917 32 13 un
1811 915 82 19 moyen
1902 909 138 25 d’échapper

1564 945 57 15 sans
1629 945 64 14 cesse
1700 939 14 20 à
1720 939 21 19 la
1750 938 111 20 violation
1870 937 30 20 du
1907 940 75 17 secret
1988 942 52 19 pos-

1565 967 40 20 tal.
1623 966 82 21 C’était
1721 967 14 20 à
1752 972 26 14 ce
1795 968 102 18 moment
1913 965 23 20 la
1952 964 87 26 grande

1565 995 60 25 plaie
1640 1001 57 19 pour
1706 998 67 17 notre
1784 993 104 25 journal.
1897 993 87 20 Toutes
1997 999 43 14 nos

1565 1023 211 25 correspondances
1785 1022 86 20 étaient
1879 1025 115 16 ouvertes.
2004 1021 35 20 Un

1565 1052 81 21 article
1654 1051 78 26 publié
1740 1051 58 19 dans
1806 1051 16 19 1’
1829 1057 11 12 «
1846 1049 105 21 EIsasser
1957 1054 10 11 »
1974 1049 67 20 insis-

1565 1084 23 17 te
1605 1086 41 13 sur
1661 1085 39 14 ces
1709 1078 155 21 continuelles
1873 1078 125 19 violations
2008 1077 32 20 du

1565 1111 77 17 secret
1657 1107 75 25 postal
1746 1112 58 19 pour
1813 1112 46 14 une
1875 1105 62 20 foule
1946 1106 29 19 de
1991 1111 50 19 per-

1565 1141 84 16 sonnes
1666 1135 41 25 qui
1717 1134 111 21 n’étaient
1836 1139 40 20 pas
1884 1137 77 17 toutes
1976 1137 65 16 auto-

1565 1163 119 21 nomistes.
1694 1162 64 21 Voici
1773 1162 113 24 pourquoi
1905 1167 60 14 nous
1981 1161 59 20 déci-

1565 1192 79 20 dâmes
1653 1191 29 20 de
1690 1190 108 25 désigner
1805 1190 34 20 les
1849 1190 114 19 membres
1977 1189 28 20 de
2017 1189 22 20 la

1567 1226 9 11 «
1583 1219 102 21 Zukunft
1691 1225 56 19 «par
1754 1224 46 14 une
1807 1218 67 20 lettre
1880 1221 23 16 et
1912 1224 31 13 un
1952 1217 87 21 chiffre.

1566 1247 62 22 C’est
1636 1247 138 22 moi-même,
1784 1246 67 23 dit-il,
1866 1246 41 25 qui
1921 1246 33 20 ait
1967 1245 74 21 classé

1566 1282 45 14 nos
1624 1275 205 25 correspondants,
1844 1280 42 14 nos
1894 1274 105 20 hommes
2012 1273 29 21 de

1566 1303 118 22 confiance
1692 1303 29 20 de
1730 1306 60 17 cette
1798 1302 75 24 façon,
1882 1301 46 20 afin
1943 1302 28 19 de
1985 1308 56 18 pou-

1566 1331 51 21 voir
1633 1330 100 25 prendre
1749 1329 169 20 connaissance
1934 1329 29 20 de
1978 1329 62 20 leurs

1566 1358 174 25 communiqués
1749 1363 54 14 sans
1813 1363 45 19 que
1865 1357 21 19 la
1895 1356 77 26 police
1986 1363 55 14 con-

1566 1391 44 17 nut
1622 1386 34 21 les
1674 1385 154 26 expéditeurs.
1837 1384 28 20 Je
1882 1385 117 25 désignais
2006 1384 34 21 les

1566 1415 109 21 Lorrains
1683 1420 42 19 par
1733 1414 22 20 la
1769 1413 69 20 lettre
1846 1412 18 21 L
1872 1417 23 16 et
1903 1413 22 19 le
1939 1412 80 21 chiffre
2028 1418 9 15 1

1566 1444 13 19 à
1587 1443 28 20 X.
1625 1442 42 21 Les
1677 1441 174 21 Bas-Alsaciens
1859 1447 43 19 par
1910 1441 22 20 la
1940 1441 67 20 lettre
2021 1441 19 21 U

1565 1470 190 26 (Unter-Elsass)i
1764 1469 50 24 àX;
1822 1469 218 21 lesHauts-Rhinois

1567 1505 41 19 par
1621 1499 23 20 la
1660 1499 69 20 lettre
1737 1497 20 21 O
1775 1496 169 27 (Ober-Elsass)
1961 1502 10 15 1
1991 1498 12 19 à
2011 1497 27 21 X.

1566 1528 61 20 Tout
1640 1527 22 20 le
1678 1527 84 20 monde
1769 1532 101 14 avouera
1887 1526 153 25 qu’aprèsles

1566 1555 55 21 faits
1635 1561 45 19 que
1686 1555 24 25 je
1718 1554 67 21 viens
1794 1554 29 20 de
1837 1560 58 14 vous
1912 1553 127 26 expliquer^

1567 1583 54 21 MM.
1628 1584 34 19 les
1668 1583 65 25 jurés
1742 1582 179 25 comprendront
1928 1588 46 19 que
1981 1588 59 15 nous

1566 1618 13 19 y
1589 1612 75 20 étions
1673 1611 133 21 réellement
1819 1610 84 21 forcés.

1742 1664 139 25 (Guntinua)

2061 79 185 49 MT1ZIE
2269 77 53 47 DI
2351 79 167 61 CORSICA

2084 161 95 23 Ajacciu
2187 171 24 4 —
2218 161 59 17 Morte
2285 160 21 17 in
2319 160 51 18 Bona
2386 163 20 17 di
2417 168 13 13 u
2440 166 41 24 Sgiò
2488 174 8 11 A

2062 187 105 22 Pompeani,
2173 187 92 17 direlloie
2276 185 20 18 di
2305 182 11 20 à
2326 190 9 11 «
2343 186 83 20 Tribune
2429 190 74 23 Bônoic.

2083 212 145 17 —Malrimoniu
2236 211 19 17 di
2263 215 14 13 u
2285 209 44 23 Sgiô
2337 210 79 20 Batlista
2424 204 79 34 Bocoîn^
2507 208 13 15 1'

2062 241 23 13 eu
2093 236 128 18 madamicella
2228 235 57 18 Santa
2293 235 82 18 Peraldi.
2469 233 10 8 c

2083 270 22 4 —
2111 261 120 18 Malrimoniu
2239 260 19 18 di
2274 260 129 19 Madamicella
2419 263 62 24 Estera
2493 273 12 16 p

2062 286 47 17 raidi
2116 291 24 13 eu
2148 291 13 12 u
2170 286 45 22 Sgiò
2222 285 93 18 Mauriziu
2324 285 78 20 Peretli.
2506 282 13 11 f>

2083 320 22 4 —
2113 311 59 18 Morte
2188 311 19 17 di
2216 311 84 18 Madama
2316 310 50 22 Papa
2380 312 73 22 Agmila
2475 324 29 14 Snfl

2062 336 125 22 Barbagelata,
2197 336 23 17 30
2228 336 51 18 anni.
2454 329 5 9 ’
2504 330 17 16 Sa

2083 370 23 3 —
2112 361 122 18 Malrimoniu
2242 361 20 17 di
2276 360 130 19 Madamicella
2422 363 55 22 Maria
2484 370 14 15 Ai

2063 386 89 17 teolicuu
2161 386 45 23 Sgiô
2215 385 79 19 Slefanu
2302 386 81 18 Predali.
2513 388 5 2 "

2083 424 78 18 Bastia
2169 425 87 18 —Morte
2260 425 21 17 di
2288 424 130 19 Madamicella
2421 428 58 23 Agata
2485 434 21 19 Bp

2063 449 80 21 nardini,
2152 448 23 18 38
2183 450 53 17 anni.

2084 483 23 4 —
2113 473 120 19 Malrimoniu
2242 474 20 18 di
2272 474 129 19 Madamicella
2405 476 24 18 M.
2437 478 22 19 D.
2466 481 36 21 pUc
2510 488 5 4 •

2064 499 45 18 nelli
2116 503 23 14 eu
2146 503 14 13 u
2169 498 45 22 Sgiò
2221 499 71 18 Andria
2299 499 101 22 Allegrini.
2498 492 25 12 X!-

2084 534 23 3 —
2111 523 121 19 Malrimoniu
2241 525 20 17 di
2265 524 129 19 Madamicella
2401 526 107 27 CatalinaCa

2064 550 41 18 lotti
2113 554 22 13 eu
2144 554 13 12 u
2165 548 46 23 Sgiô
2219 548 97 18 Salvatore
2323 549 114 21 Lanzelloni.

2085 588 138 23 Bocognami
2227 596 23 4 —
2254 587 60 18 Morte
2330 588 19 17 di
2363 594 15 12 u
2391 590 43 23 Sgiô
2449 594 74 25 Martinu

2065 613 94 22 Serpaggi,
2168 613 80 18 anzianu
2257 612 84 22 sindacu,
2347 612 24 19 40
2379 615 50 18 anni.

2086 651 38 18 Cal
2126 651 180 19 enzana—Morte
2319 652 20 17 di
2355 657 15 13 u
2384 653 44 23 Sgiô
2442 656 75 22 Cinrian,

2064 676 102 22 Villanova,
2176 676 23 19 60
2207 676 50 19 anni.

2085 702 85 18 —Morte
2176 702 20 17 di
2208 702 83 18 Madama
2305 703 76 18 veduva
2396 704 81 26 Luciani,
2485 715 38 17 na<a

2065 727 109 22 Pasqoalina
2181 726 99 23 Marini,92
2285 727 51 18 anni.

2086 766 64 18 Calvi
2158 775 24 4 —
2189 767 59 17 Morte
2253 766 20 17 in
2281 766 68 19 Tunisi
2356 767 21 18 di
2384 768 80 21 Madama
2471 774 52 23 Maria

2064 792 99 17 Benedelta
2170 792 79 22 Lugaro,
2257 790 23 19 69
2288 792 52 17 anni.
2490 790 7 3 ”
2514 786 8 10 d

2086 830 105 19 Cozzanu
2199 840 23 4 —
2227 831 75 17 Intarru
2306 831 20 18 di
2333 836 14 13 u
2352 830 46 24 Sgiô
2406 833 71 23 Agnulu
2491 840 24 20 Re

2064 856 59 22 nucci,
2129 857 63 17 mortu
2200 856 21 18 in
2229 855 85 23 Ajacciu.

2084 895 69 18 Evisa
2160 904 25 5 —
2191 895 59 18 Morte
2258 895 20 17 di
2285 900 15 12 u
2306 895 44 23 Sgiô
2358 895 78 21 Stefanu
2444 899 70 25 Massoni

2065 920 21 19 83
2094 921 50 18 anni.
2514 921 5 9 ’

2085 955 23 4 —
2112 946 60 18 Morte
2180 946 19 17 di
2212 951 13 13 u
2238 945 45 22 Sgiô
2297 945 60 19 Paulu
2371 947 101 22 Francescu
2485 954 36 20 Cec-

2065 971 53 22 caldi,
2127 970 22 19 86
2154 971 53 18 anni.

2086 1009 66 19 Moca
2163 1009 73 20 Croce
2245 1019 25 4 —
2275 1010 60 18 Morte
2340 1011 20 18 di
2368 1015 14 13 u
2386 1013 84 22 capilanu
2476 1016 20 20 in
2501 1021 22 17 ri-

2066 1040 45 18 posu
2117 1036 75 18 Antone
2199 1035 83 22 Luciani,
2292 1035 23 18 69
2320 1036 52 18 anni.

2088 1074 117 19 Olivese—
2226 1075 122 18 Malrimoniu
2370 1076 19 18 di
2405 1077 118 27 Madamicella

2065 1100 46 19 M.C.
2119 1100 111 19 Giacometti
2235 1105 25 14 eu
2267 1106 13 13 u
2286 1100 46 24 Sgiô
2337 1100 60 20 Paulu
2407 1102 95 24 Casanova.

2085 1140 110 19 Piobbeta
2202 1150 23 4 —
2230 1140 59 19 Morte
2306 1141 21 18 di
2337 1141 85 20 Madama
2437 1144 81 22 Vincenti

2066 1167 42 17 nata
2115 1166 58 18 Maria
2181 1166 71 19 Mattéi.

2085 1204 126 24 Pruprianu
2216 1215 22 3 —
2247 1206 60 18 Morte
2314 1206 21 17 di
2346 1206 56 19 Prete
2410 1207 64 20 Tollini
2490 1211 35 20 Ste-

2065 1230 50 22 îanu,
2122 1230 22 19 72
2151 1231 52 18 anni.

2085 1270 114 24 Roglianu
2205 1280 23 4 —
2233 1271 59 18 Morte
2306 1271 19 18 di
2335 1271 64 24 uSgiô
2407 1272 73 23 Agnulu
2488 1276 39 19 Ber-

2066 1296 59 17 nard!.

2087 1333 116 19 Sollacarô
2211 1343 23 5 —
2244 1334 121 19 Malrimoniu
2379 1335 20 18 di
2410 1336 116 24 Madamicella

2065 1359 79 18 Antonia
2148 1359 120 19 Giovannetti
2273 1364 24 14 eu
2303 1365 13 13 u
2321 1360 45 23 Sgiô
2372 1360 76 21 Ghiuliu
2453 1364 70 22 Fieschi.

2062 1409 4 3 •
2088 1398 183 20 Venacu—Morte
2275 1400 21 17 di
2307 1400 84 19 Madama
2398 1401 69 23 Regina
2473 1405 52 20 Anni-

2065 1425 43 21 bali,
2117 1424 23 19 93
2147 1425 52 18 anni.

2084 1463 146 25 Viggianellu
2235 1474 21 3 —
2262 1465 60 18 Morte
2330 1465 20 17 di
2358 1470 15 13 u
2379 1466 86 20 slitutore
2472 1469 50 20 Fran-

2066 1494 54 14 cescu
2127 1490 81 18 Benetti.

2085 1529 95 19 Vivariü
2186 1539 22 4 —
2213 1529 122 19 Malrimoniu
2340 1530 20 18 di
2364 1535 14 13 u
2384 1530 43 23 Sgiô
2435 1531 86 23 Ghiacinlu

2065 1555 90 18 Perinetti
2162 1559 25 14 eu
2195 1555 128 18 Madamicella
2331 1555 82 20 Luciana
2420 1557 64 20 Mattéi.

2066 1623 99 22 Aiacciu
2173 1635 30 4 —
2214 1623 133 29 Siamparia
2359 1623 25 22 di
2397 1625 23 21 A
2430 1625 88 29 Muvra,

2068 1667 13 15 u
2093 1659 230 23 Diretlore-Gerente
2332 1667 6 15 :
2351 1659 71 24 Petru
2430 1662 91 24 ROCCA

71 1798 171 48 Libraria
264 1796 40 47 di
318 1794 33 49 A
371 1791 169 50 MU¥Ri

120 1881 121 24 ULTIME
251 1878 238 25 PUBLICAZIONE

92 1936 96 19 Carlotti
195 1936 38 21 (D):
241 1944 23 4 —
270 1932 143 20 Mamialettu
420 1930 121 19 diParlata

136 1963 77 18 Corsa.
222 1963 17 17 A
246 1962 61 23 prima
313 1960 120 24 grammatica
443 1958 98 19 dialettale

136 1995 53 14 corsa
197 1990 97 23 publicata.
306 1988 86 19 Cuntene
402 1991 10 14 e
422 1986 67 23 régulé
500 1985 20 17 di
529 1989 12 13 a

135 2019 73 22 parlata
215 2018 122 20 cismuntana,
344 2016 11 17 4
363 2015 39 18 vol.
410 2014 24 18 80
442 2019 18 18 p.
496 2012 13 18 3

92 2057 136 20 Coâaccioni
236 2056 28 23 (G.
270 2056 29 22 P.)
308 2065 21 4 —
334 2054 111 19 Canzone.
454 2052 88 19 Raccolta
552 2051 4 20 |

136 2086 21 17 di
165 2090 10 14 e
183 2085 32 23 più
222 2085 88 22 populare
323 2083 64 23 puesie
400 2082 20 17 di
427 2080 87 19 l’anfarte
521 2079 21 17 di

135 2113 104 22 Proprianu
254 2111 80 23 (Satare,
351 2109 90 22 Lamenti,
456 2108 86 18 Canzoue

137 2141 90 22 puliliche
237 2140 67 25 _eee..)
324 2139 43 18 c’un
385 2137 79 18 inlroitu
483 2135 21 18 di
522 2133 20 19 ü

137 2167 175 24 Sam.petra.ceiu..
328 2167 10 17 1
347 2165 38 18 vol.
399 2164 40 19 in-8
449 2164 22 17 di
480 2162 22 19 96
511 2166 32 19 pa-

136 2197 53 23 gine.
497 2190 13 18 5
518 2198 25 5 —

92 2235 118 20 I&aisirale
215 2244 22 4 —
241 2234 91 18 Lettare
351 2237 16 13 a
384 2230 159 23 Lumbrigone.

137 2263 81 19 Cronaca
226 2262 73 19 satirica
306 2261 63 22 d’ogni
377 2259 121 19 evemmentu
504 2261 40 14 cor-

137 2296 30 16 su,
179 2292 82 21 attempu
271 2289 115 18 documenta
396 2287 86 23 preziosu
490 2290 12 13 e
509 2284 35 18 mi-

136 2320 55 18 uiera
197 2317 98 20 scaccani.l
301 2314 99 21 vol.di220
404 2315 74 22 pagine.
495 2312 25 19 10

92 2359 84 18 L’Orsu
185 2357 105 19 d’Qrezza
293 2366 22 3 —
320 2353 200 21 Primizie.Raccolta
525 2352 20 18 di

140 2391 11 14 e
159 2387 35 22 più
202 2386 49 18 belle
257 2385 67 22 puesie
332 2384 20 17 di
359 2382 87 19 l’anfarte
453 2381 21 18 di
481 2386 12 12 a
501 2380 44 19 Cas-

138 2414 98 23 tagniccia.
249 2413 23 18 Di
285 2413 15 17 A
311 2409 111 21 Cullezzione
433 2409 21 19 di
460 2409 13 18 P
473 2414 24 13 an
495 2404 51 28 fard

138 2442 56 19 corsi.
206 2442 10 17 i
224 2441 37 18 vol.
270 2441 20 17 di
298 2440 24 18 04
330 2445 20 18 p.
509 2441 13 13 0

97 2482 89 19 Matteu
201 2480 100 19 Cirnensi
319 2478 71 23 (Malte!
404 2477 58 18 Torre
467 2485 23 5 —
496 2475 49 24 Que

142 2510 56 18 veut
213 2508 24 19 la
252 2507 70 19 Corse
327 2507 6 17 l
354 2505 57 19 Tutt’i
427 2504 55 24 puuti
498 2504 21 17 di
534 2507 12 14 a

162 2537 94 22 Quistione
264 2535 71 18 corsa”.
344 2534 62 18 Bifesa
414 2537 11 14 e
433 2531 113 19 iliustrazio-

142 2569 26 14 ne
175 2565 20 18 di
203 2569 12 13 u
223 2563 103 19 Gursismu.
336 2562 10 18 i
355 2562 38 17 vol.
402 2560 22 18 64
432 2566 19 16 p.
522 2567 24 4 —

91 2604 69 19 Paolî
165 2604 24 18 di
193 2602 155 24 Taglio—Eisa
352 2605 13 14 e
368 2598 158 21 Pianti.Sunetti
530 2602 12 13 e

140 2631 66 19 Poesie
211 2631 51 17 varie
268 2631 44 17 c’un
318 2630 29 17 lut
348 2629 26 17 roi
376 2629 21 16 ta
403 2628 20 17 di
428 2625 119 20 Maistrale

140 2659 92 22 (Cuntene
244 2663 13 12 u
270 2657 93 18 Lamenta
373 2656 21 17 di
403 2660 14 13 u
432 2655 93 22 Castagnu
536 2657 11 14 a

139 2691 15 14 u
163 2686 71 22 Gorsu).
240 2686 10 17 i
257 2685 39 18 vol.
304 2684 41 18 in-8
353 2684 19 17 di
379 2683 34 18 112
421 2688 19 17 p.
503 2681 12 18 5
523 2690 25 4 —

96 2730 23 4 —
126 2720 65 19 Piori
198 2724 13 12 e
218 2718 73 23 Spine,
297 2718 68 18 Puesie
373 2716 50 18 varie
431 2717 44 17 c’un
481 2715 67 18 introi-

140 2749 23 17 lu
170 2748 21 17 di
197 2746 67 20 Petru
272 2746 83 18 Rocca,
366 2745 10 17 i
385 2744 38 18 vol.
435 2744 18 17 di
466 2743 22 18 86
495 2742 53 23 pagi-

139 2781 33 14 ne.
501 2770 15 18 ^

97 2815 19 19 ü
124 2814 168 23 Sampetracciu
301 2811 148 24 (Cliiannettu
454 2809 93 22 Notini.)

140 2843 67 18 Rime
214 2842 74 22 (Puesie
292 2841 60 20 varie,
359 2839 119 20 Strufulette,
486 2837 62 18 Punie

141 2871 22 17 di
169 2870 73 18 Minuta
249 2868 78 22 Grosse,
339 2868 90 20 Canzone,
440 2865 109 19 Induvinel-

141 2899 33 22 le).
193 2898 45 18 C’un
253 2897 80 18 introita
345 2896 19 18 di
383 2894 69 18 Petru
465 2893 83 18 Rocca.

143 2927 12 17 1
165 2926 38 18 vol.
217 2925 21 18 di
247 2924 35 18 160
292 2925 75 22 pagine.
504 2920 13 18 S
525 2929 25 4 —

98 2975 23 4 —
129 2965 11 18 I
150 2964 104 20 Successi
261 2963 23 19 di
290 2963 81 19 Natale
377 2962 110 18 Zuccone.
494 2960 57 18 Cum-

143 2993 63 18 medïa
213 2993 20 17 in
240 2992 12 17 4
259 2992 42 18 atti.
305 2991 28 18 Ba
338 2991 19 17 fà
364 2990 41 18 ride
410 2993 49 14 ancu
468 2993 11 14 e
487 2988 64 23 sporie

143 3026 12 13 e
162 3022 24 17 da
192 3020 24 18 dà
221 3024 36 13 una
265 3020 51 18 bella
322 3019 74 18 lezione
403 3022 11 13 a
422 3017 48 18 certi
477 3016 67 23 parent

142 3047 99 19 iutusicati
250 3048 24 17 da
284 3045 143 24 l’impiegheria.
438 3045 23 17 Di
468 3042 83 20 atCulle-

141 3076 54 18 zione
203 3075 19 18 di
229 3080 13 12 u
253 3074 66 18 Tealm
327 3074 20 18 di
354 3074 15 17 A
377 3072 71 19 Muvra.
461 3072 11 17 1
481 3071 39 18 vol.
528 3070 22 18 di

142 3103 36 19 1C6
186 3103 72 23 pagine.
503 3097 13 19 6
525 3107 25 4 —

97 3152 24 5 —
134 3142 23 19 A
169 3142 103 18 Pulitica,
290 3140 110 19 Cummedia
415 3140 22 17 in
450 3139 12 18 4
475 3138 43 18 atti.
534 3137 16 17 E

142 3169 106 24 spurchizie
258 3169 21 17 di
289 3174 11 12 a
311 3167 121 19 Pulxticaceia
441 3166 110 22 d’impurta-

142 3199 56 17 zione
208 3201 60 14 messe
279 3201 10 13 a
300 3197 54 17 nudu
363 3200 11 13 e
385 3195 108 18 scurticate.
504 3193 24 18 Di
537 3197 13 13 a

145 3224 101 19 Cullezione
251 3223 21 19 di
276 3229 13 13 u
296 3224 66 18 Tcalru
368 3222 21 18 di
393 3223 14 17 A
413 3222 72 18 Muvra.
492 3222 11 17 1
510 3221 39 18 vol.

144 3253 22 18 di
173 3252 23 19 96
206 3252 73 23 pagine.
505 3248 14 18 6
526 3257 25 4 —

102 3302 112 17 Dumandate
221 3306 14 12 u
242 3300 63 18 listinu
312 3299 22 19 di
340 3300 60 17 nosire
404 3297 125 24 publicazionc

198 3374 33 25 Per
247 3373 76 31 iscopre
340 3370 94 32 Snrgenti,

159 3409 58 30 Âeqxie
237 3409 126 25 Sntterranee.
380 3405 94 28 linerali.

147 3465 107 30 Pr-eie
281 3465 205 33 Casanova

151 3507 140 25 Pievanu
307 3508 34 24 di
357 3507 123 25 Sicavu

111 3555 24 17 dà
142 3560 13 13 a
163 3555 144 18 eunuscimentu.
315 3557 19 17 di
343 3556 60 23 quelli
409 3555 33 18 chi
446 3555 19 18 ei
470 3559 51 19 ponu

133 3581 58 17 truvà
199 3585 13 13 u
218 3585 21 13 so
246 3580 102 23 intéressa,
356 3581 68 18 clrellu
433 3585 65 18 scopre

134 3605 91 21 surgenti,
232 3609 57 17 aeque
296 3606 115 21 sutteranee,
418 3605 81 18 minière

198 3629 143 22 raetallurgiche
350 3631 22 17 ed
380 3631 55 17 aître.

113 3660 153 19 tnfallifcile—
278 3662 98 18 Pruvate
386 3668 14 12 e
407 3662 114 20 vidarete!

575 1786 9 11 t,
616 1786 11 8 A
638 1785 11 9 v
661 1784 11 9 *
685 1789 6 3 -
699 1784 19 12 .A
729 1783 34 10 VA
793 1782 17 12 AE.
819 1782 53 20 "A.”
876 1782 25 20 «A

575 1811 461 125 PKiiSii

575 1955 24 39 jj
616 1955 134 30 CRÈME
769 1967 40 17 ss
827 1949 159 33 BEAUTÉ
1002 1945 34 36 B

575 1986 46 46 ÉfL
653 2004 73 20 REND
735 2004 34 19 LA
780 2001 73 21 PEAU
860 2000 95 21 DOUCE
982 1986 54 33 AEÊ

575 2022 86 42 |§§|p^
671 2033 115 20 FRAICHE
792 2022 244 41 PAPFUMÉE^g0l

575 2066 21 38 ï
608 2070 32 33 II
924 2076 29 25 11
968 2072 29 28 M

710 2127 186 27 FRATACCf

682 2179 122 31 Bandagiste,
817 2178 112 31 Spécialiste

644 2228 105 22 Avenue
761 2227 35 22 dti
811 2233 42 16 1er
867 2226 101 22 Consul

753 2265 104 27 Ajaccio

626 2346 105 27 Strnmenti
742 2345 89 26 Musical!
841 2345 65 30 d’ogni
917 2344 70 26 Généré

616 2403 60 52 V.
705 2401 295 53 Muraeciole

599 2481 173 23 Prufessoredi
785 2481 95 22 Musica
888 2486 14 15 e
914 2479 102 23 Viulinu

672 2526 59 20 9-19,
745 2521 41 20 Via
794 2520 65 21 Jules
869 2520 73 21 Cazot

736 2552 52 20 Alès
801 2549 79 27 (Gard)

627 2610 78 20 Viulini,
710 2609 114 22 Manduline,
830 2609 104 22 Urganetti,
940 2608 48 18 Fono

679 2642 64 22 Piano,
752 2643 63 22 Banjo,
824 2642 63 19 Jazz...
896 2646 40 14 ecc.

645 2689 85 24 Catalogu
738 2689 71 24 graiisi,
818 2689 59 24 sopr’a
884 2688 89 19 cumanàa

648 2776 111 27 Contru
776 2785 16 17 a
806 2776 67 26 Vita
885 2776 57 27 Car
943 2777 29 24 a!

649 2825 103 34 GfiltZE
769 2825 20 33 E
812 2824 164 34 GBMETTE

670 2878 13 11 "
690 2874 96 23 Inusable
804 2873 50 24 Mail
870 2873 82 26 flcier’'

755 2912 41 24 Filu
816 2919 51 24 puru

703 2966 111 31 Eleganza,
829 2965 90 24 Solidità

658 3023 66 31 Mma
753 3024 217 36 Fasqttsdim

619 3071 40 27 El
668 3071 143 26 Arrouch
807 3073 5 9 1
827 3070 176 27 Custantina

743 3110 137 34 (Algeria)

624 3207 214 59 itamparla
860 3207 39 46 di

782 3272 32 48 A
835 3271 167 50 MUVRA

632 3358 101 21 Lettere
741 3369 29 4 —
777 3357 105 22 Fatture
892 3368 28 5 —
932 3357 72 22 Carte

626 3390 116 26 Biglietti
760 3401 29 5 —
803 3390 163 21 Memoranda
970 3402 30 3 —

624 3423 90 23 Afffssi
725 3434 30 5 —
765 3422 73 22 Libri
852 3434 27 5 —
891 3423 119 21 Giurnali

730 3462 73 16 ecc...
819 3462 71 16 ecc...

597 3527 137 29 PresM
751 3526 39 29 fa
790 3528 55 27 tin

748 3580 23 20 e
789 3579 25 21 a
830 3570 77 30 bon
925 3573 106 32 patin

596 3631 207 21 Cimsultateei
811 3636 16 15 e
842 3631 189 22 d.nmandate-

703 3661 13 20 i
722 3662 100 20 nostri
828 3662 95 24 prezzi

1222 1807 158 38 MODE

1184 1916 242 72 Santa

1143 2056 33 17 22
1191 2047 60 26 Cor
1249 2056 34 17 su
1294 2047 167 34 Napulione

1234 2099 142 30 Ajacciu

1150 2249 84 24 Qrande
1250 2249 84 24 Fabrica
1349 2249 21 23 di
1382 2248 71 24 Mobili

1098 2321 160 25 MARTINU
1289 2321 216 26 BERNARDINI

1142 2360 39 19 San
1192 2360 56 19 Petru
1258 2361 21 18 di
1293 2360 69 19 Venacu
1372 2360 88 23 (Gorsica)

1140 2427 82 20 Generi
1230 2428 104 23 semplici
1341 2433 14 13 e
1362 2428 23 19 di
1392 2427 79 22 Lussu.

1242 2491 59 22 Legni
1311 2490 55 19 scelli

1174 2523 54 23 Noce,
1240 2523 99 24 Castagnu,
1350 2524 84 18 Laricciu

1087 2582 111 23 Aperture
1209 2587 13 14 e
1230 2583 54 18 altri
1291 2583 75 19 lavori
1374 2587 41 19 per
1422 2583 102 19 fabriche

1208 2617 76 22 sopr’a
1291 2617 112 18 cumanda

1136 2677 66 15 Prezzi
1209 2678 65 15 ridutti
1282 2681 33 16 per
1324 2682 42 11 case
1375 2679 102 14 cuxaercali

1195 2706 79 15 Facilità
1283 2706 19 14 di
1312 2707 112 18 pagamecti-

1161 2834 96 21 Andate
1268 2839 14 16 a
1293 2835 96 22 vestevi
1403 2836 65 21 duve

1219 2879 42 25 DI
1279 2878 125 27 FAEIO

1187 2929 26 15 12
1228 2923 70 21 Corsu
1309 2925 131 25 Napulione

1138 2964 31 17 Pè
1177 2969 16 13 u
1205 2965 13 10 “
1225 2964 51 18 chic
1282 2965 19 22 ”,
1313 2969 14 14 e
1338 2965 150 24 Stoîeîscelte,

1178 2998 9 17 i
1198 2998 75 22 prezzi
1284 2995 164 28 raggiunevüli.

1142 3132 85 24 Fabrica
1245 3133 105 25 d^Rrticuii
1370 3134 121 25 Orezzihchi

1148 3194 45 29 o-
1210 3195 27 29 F
1266 3195 214 32 PIAZZOLÎ

1111 3238 49 19 Valle
1168 3239 91 24 d'Orezza,
1265 3247 35 17 per
1307 3242 106 19 Piedicroce
1421 3242 89 24 (Gorsica)

1154 3297 46 23 Pipe
1208 3299 19 17 di
1234 3299 60 22 lussu,
1304 3300 69 23 Califfi,
1379 3301 90 18 Bucchini

1192 3325 58 24 Scopa
1258 3328 20 17 di
1285 3328 60 22 prima
1353 3329 70 21 qualité

1133 3374 95 23 Calamari,
1240 3377 56 19 Porta
1302 3383 67 17 penna,
1379 3378 63 22 Taglia
1449 3380 51 16 carta

1181 3430 110 26 Articuli
1301 3434 29 21 di
1340 3434 95 22 Tavula

1090 3478 98 18 Cucchiare
1198 3485 10 13 e
1215 3482 38 18 Fur
1252 3483 40 18 cime
1301 3492 21 5 —
1328 3482 94 24 Ovaghioli
1426 3493 24 4 —
1454 3484 77 18 Zucche-

1101 3506 50 18 riere
1156 3515 25 4 —
1189 3506 85 27 Chiarchj
1281 3515 13 13 a
1302 3510 94 23 luvaglioli
1402 3520 24 5 —
1430 3510 89 20 Salinere.

1132 3559 139 22 Assurtimenta
1283 3563 20 17 di
1310 3564 72 17 seatnle
1389 3565 103 17 scultarate

1090 3596 34 18 per
1133 3592 82 24 tahaccu,
1224 3597 76 20 polvera
1310 3597 22 17 di
1344 3597 62 21 risu,..
1421 3602 54 13 ecc...
1484 3602 45 14 ecc..

1115 3654 60 16 £ceo»-£
1181 3660 46 15 sopre
1235 3660 77 14 ctimanda
1322 3660 19 14 in
1347 3663 52 15 scopa,
1406 3661 51 16 bussu,
1463 3662 44 13 clhyu

1945 1800 80 26 avo^r
2041 1800 126 35 toujours
2186 1801 50 26 des
2253 1801 131 35 produits
2401 1803 117 25 alimen-

1788 1834 17 21 y
1945 1842 87 26 taires
2056 1845 55 24 très
2129 1843 93 35 frais,
2250 1844 35 25 de
2308 1846 65 24 tout
2395 1845 122 34 premier

1582 1886 94 26 choix,
1692 1889 29 23 et
1735 1887 68 26 bien
1825 1887 131 26 meilleur
1971 1887 118 27 marché
2105 1896 54 26 que
2177 1891 115 32 partout
2309 1889 171 26 ailleurs?...

1965 1951 95 36 Faites
2084 1963 52 25 VÔS
2161 1952 102 36 achats
2288 1952 19 36 à
2332 1953 28 35 la

1661 2017 151 49 Grande
1839 2017 169 61 Epicerie
2039 2017 149 51 COSTA
2217 2019 63 49 ET
2307 2019 145 49 NEGEI

1847 2092 190 26 Boulevard
2054 2094 58 25 Roi
2127 2094 134 26 Jérome

1620 2195 93 25 Vous
1729 2197 177 26 réaliserez
1923 2197 75 26 ainsi
2016 2198 108 34 chaque
2141 2198 74 26 mois
2233 2207 66 18 une
2315 2199 169 26 économie
2508 2212 3 31 j

1795 2245 56 25 très
1871 2245 125 26 sensible
2014 2253 73 27 pour
2105 2249 79 23 votre
2204 2246 109 35 budget
2508 2244 3 28 !

1853 2338 189 27 Livraisons
2060 2340 20 24 à
2099 2340 155 26 domicile

1759 2433 33 51 â
1815 2435 223 51 LIERISIA
2061 2437 47 49 DI
2129 2437 33 49 A
2183 2439 165 51 MUVRA

1651 2514 112 36 compra
1774 2517 11 24 t

1569 2568 144 29 VECCHJ
1729 2572 257 29 MANUSCRITTI
2001 2589 35 4 —
2053 2576 231 29 INCUNABULI
2305 2594 34 3 —
2352 2576 168 30 EDTZIONE

1663 2610 283 29 INTERESSANTE
1957 2627 35 6 —
2007 2614 167 28 VECCHJE
2187 2617 150 28 STAMPE
2349 2626 79 18 ecc...

1682 2668 61 31 Un
1761 2674 180 28 mancate
1961 2672 38 30 di
2015 2675 165 30 scriveci
2196 2678 127 35 prima
2342 2678 40 31 di

1899 2723 126 31 vende
2043 2724 49 31 ad
2115 2725 94 32 altri.

1673 2871 147 27 Antichità
1838 2872 86 28 Corse

1581 2936 214 51 Fraeeeieit
1836 2939 182 50 P1ETRÏ

1593 3002 22 25 8,
1628 3003 83 22 Corsu
1725 3003 131 24 Grandval
1869 3017 29 4 —
1914 3006 104 23 Aiacciu

1582 3065 73 33 Cispre,
1679 3067 49 32 Stili,
1739 3068 78 33 Pistole,
1828 3069 108 34 FiancMne,
1946 3072 73 32 Stampe

1619 3105 57 25 Piatti
1687 3112 10 19 e
1709 3107 58 26 Tazze
1778 3113 24 21 en
1812 3109 9 25 i
1832 3110 87 30 proverbj
1931 3112 51 25 corsi

1667 3145 71 26 Zncclie
1750 3152 24 20 en
1783 3148 71 30 sngetti
1863 3147 60 28 locali

1609 3311 387 103 Tomasi

1712 3473 204 65 Fôlôgrafu

1580 3580 450 69 Aiacciu-Bastia

2149 2895 133 54 Casa
2313 2895 159 56 RICCI

2103 2989 42 34 38,
2177 2990 92 28 Corsu
2284 2986 205 42 Napulione,;#

2177 3060 35 5 —
2233 3047 142 26 Aiacciu
2394 3060 34 5 —

2121 3108 164 28 RICORDI
2308 3103 172 33 AIACCINI

2105 3152 100 28 ARTICULI
2223 3153 113 28 RELIGIOSI
2358 3166 36 6 —
2418 3145 77 33 GUROKE

2184 3290 86 23 L’Arte
2284 3289 131 29 Religiosu

2119 3330 147 26 Damasu
2280 3324 192 31 Maestracci

2094 3372 84 21 Artista
2186 3370 193 25 scultore,allievu
2387 3370 23 20 di
2418 3375 12 13 a
2438 3363 57 24 scola

2111 3400 28 20 d’i
2148 3400 16 9 “
2171 3400 76 21 Beaux
2255 3401 71 20 Arts”
2335 3400 22 20 di
2366 3393 116 27 MarsegHa

2141 3430 160 24 Occhiatana
2325 3431 11 24 (
2341 3428 113 25 Corsica)

2076 3477 65 19 Statue
2145 3479 88 23 religiose
2238 3479 65 23 d’ogni
2307 3481 70 20 genere
2382 3481 11 13 e
2397 3470 113 24 dimensione-

2084 3503 35 18 Via
2126 3505 58 22 cruci,
2193 3505 83 21 cunsole,
2284 3502 101 21 battisteri,
2394 3498 98 21 monninen

2091 3527 104 25 fumerarii,
2206 3531 22 17 in
2235 3530 94 24 ghiesgiu,
2338 3528 73 19 stuccu,
2423 3525 57 17 cimen
2488 3522 11 13 ^

2103 3556 79 21 armata,
2191 3556 59 18 simili
2256 3556 59 22 petra,
2324 3553 76 18 cartone
2406 3550 87 31 rutn^nu^

2081 3579 89 19 st’ultima
2176 3581 79 18 materia
2264 3581 11 18 è
2280 3578 128 20 ricumandata
2412 3575 28 23 pè’
2444 3571 63 19 chiese-

2092 3622 115 19 Momxmenti
2214 3629 11 12 a
2229 3624 8 18 i
2241 3623 58 19 morti
2304 3622 20 18 di
2329 3624 73 20 guerra,
2408 3618 21 17 in
2433 3614 66 19 bronzG

2150 3653 11 13 0
2170 3653 100 17 marmaru,
2278 3647 62 23 sopr’a
2349 3642 94 22 cunianda.

2088 3689 64 15 Prezzi
2159 3690 98 15 mnderati.
2261 3689 79 16 Damacdà
2344 3693 12 10 n
2362 3686 68 16 catalogn
2435 3683 36 17 gene
2486 3676 7 14 1
