2580 3778
95 92 36 52 U
148 83 254 56 Minadore

43 193 12 14 *
66 186 101 21 «Pj5/.ior»u,
177 185 10 12 c
196 179 12 17 1,
209 183 5 13 1
224 178 41 17 sole
274 176 108 19 “rpabbialu

56 219 4 5 •
73 213 49 19 ioba;
131 205 62 20 vera’u
203 204 76 17 lerrcnu
288 202 98 22 crepulntu

43 220 62 35 pl“"le
113 230 64 21 fronde
186 227 86 19 J'urburu
282 226 93 18 ussolulu.

42 245 293 43 Spaoichn»i?r,luf’òl,isatu>
350 275 4 5 .
388 276 5 12 ,

43 275 30 28 J:'*'
90 291 8 6 o
115 284 17 16 la
140 279 76 19 sebiena
226 277 72 19 tronca,
309 280 10 12 n
329 276 110 21 mmadore;

43 294 64 38 fvbeUc
115 304 70 26 gonfie,
195 301 72 18 ’nünlu
275 300 19 17 di
304 300 77 22 sudore,

43 323 13 33 f
60 339 32 17 ,Ua
100 329 85 23 accanilu
193 331 37 14 cun
239 324 50 23 pétri
297 325 106 23 ferrhigbie
409 330 5 17 ;

44 368 11 10 n
67 362 18 16 ,,i
94 357 51 21 tantu
154 354 17 17 si
180 356 50 19 pesa,
240 350 55 22 cppoi
304 350 104 22 abbinghio

43 368 27 28 °A
90 388 21 15 su
119 380 31 23 giù
158 376 94 25 prufondu
262 374 88 19 ch’eU’lin
359 375 57 21 fallu,

43 418 11 8 „
65 405 82 21 .jifflghia
155 404 20 17 lu
185 400 91 19 terricciu
285 400 88 21 eslrallu,

43 441 12 15 F
62 437 38 19 dice
108 426 114 25 suspirendu
229 430 5 12 :
243 430 9 11 «
257 420 15 22 È
281 425 51 18 l.ellu
342 430 50 17 pocu
398 424 5 19 i
411 431 9 11 »

45 461 73 20 Asciuva
125 454 49 19 lestu
183 452 19 17 la
210 450 27 18 so’
245 449 64 19 Ironie
317 450 19 17 in
345 450 51 22 locu,

42 488 29 18 Poi
79 484 16 19 si
102 480 54 23 spula
164 477 21 18 in
193 476 18 18 le
220 474 62 20 mani;
291 476 95 21 agguauta
395 476 55 17 torna

44 516 12 15 A
64 506 76 22 mazüola
148 501 31 20 chi
188 505 44 18 pesa
240 500 119 22 maraviglia,

43 537 53 19 T’alza
104 528 51 25 cppo’
165 530 61 14 mena.
236 526 14 16 A
260 524 78 18 voluntà
348 529 11 13 u
369 524 60 23 piglia

44 564 17 11 n-
69 559 58 19 viuce.
136 554 48 17 Pare
192 555 26 13 un
226 549 77 18 cavallu
312 549 31 18 chi
352 554 75 18 sporna,

42 589 25 17 Un
74 580 75 26 gigantc
159 575 92 21 lerribile,
260 575 83 18 adiralu.

43 615 23 16 Du
72 611 17 17 le
97 603 48 26 pétri
154 603 21 17 lu
184 601 43 18 focu
236 599 10 18 è
255 599 119 18 schizzillalu

44 640 6 16 I
70 632 49 21 miilc
127 627 63 20 slelle,
199 630 55 13 cumc
263 625 46 17 d’un
319 625 62 18 focace
388 629 5 17 ;

43 665 6 4 .
68 657 55 21 2’erba
131 652 88 20 asciutta,
229 651 77 17 attornu
315 650 26 18 s’è
349 650 84 18 ’nlanalu

43 669 12 38 p!
61 685 35 19 i’iia
104 680 46 19 fatta
158 676 61 23 piccià
227 680 57 13 cume
292 675 89 18 bamhace
388 679 5 17 ;

43 714 25 17 Ma
76 706 60 21 nunda
144 702 48 19 vede
200 702 57 17 l’omu
265 705 6 12 :
280 701 56 17 slanu
344 700 36 18 tesi

44 731 72 24 Musculi
125 734 10 13 e
143 726 80 20 voluntà
231 730 59 13 versu
298 726 20 17 lu
327 730 66 17 scopu.

43 770 8 10 s
55 762 18 18 Ci
80 755 63 24 vogliu
152 751 80 24 junghie
239 750 4 19 !
253 750 118 23 Poseraghiu
380 751 49 21 dopu
435 753 4 17 !
447 756 9 11 »

43 785 34 22 Oli!
85 779 74 25 Quanti,
169 782 11 13 a
187 776 64 22 st’ora,
260 775 103 19 sarebbinu
371 775 67 21 arresi,

44 806 77 27 Capp>ati
128 805 20 18 in
157 803 66 22 I)iami’
233 801 54 23 SiuIIi
296 806 11 13 e
315 806 55 13 £Cllza
379 801 56 21 ,iolU:

44 838 35 18 Cun
86 833 54 18 l’osse
148 829 20 18 in
177 827 51 23 pezzi
236 831 11 13 e
256 827 19 17 lu
285 827 31 22 pet
319 827 21 17 tu
349 830 55 18 crêpa
406 826 19 17 lu
434 825 4 18 !

44 863 25 19 Ma
75 856 72 25 queslu,
155 858 25 13 no
187 852 5 18 !
202 852 91 18 Perch’un
302 852 41 17 idea
351 855 54 19 pazza

44 886 38 21 yha
90 882 43 18 datu
143 883 39 14 una
190 879 80 22 putenza
278 877 126 22 sopr’umana,

44 907 67 24 Picchia
119 910 11 13 e
138 903 90 23 ripicchia
237 903 51 17 soltu
298 902 18 17 la
323 902 74 20 sulana,

44 936 67 20 Adopra
119 930 54 23 piccu
183 928 35 23 pal’
228 928 19 17 di
256 927 53 18 lerru
318 932 10 13 e
337 931 62 14 mazza
405 931 5 17 ;

44 963 54 18 Mena,
106 955 89 20 fruzzica,
204 958 58 17 ruspa
270 958 49 13 ancu
327 957 23 14 eu
358 952 93 23 l’unghie,

44 988 53 17 Senza
106 982 18 17 là
132 984 45 14 casu
186 980 16 17 a’
211 980 53 21 petra
273 978 32 18 chi
313 978 19 17 lu
342 977 83 23 pungbic

45 1012 12 19 E
64 1010 13 19 li
84 1007 56 19 mette
148 1005 19 18 le
175 1004 52 18 carni
235 1004 20 17 in
264 1003 130 23 sanguiniccia
401 1008 5 17 ;

44 1037 26 18 Un
76 1033 41 19 vole
125 1031 18 17 di
151 1030 5 18 !
166 1029 24 19 Sà
198 1029 30 18 chi
237 1029 55 18 s’ellu
302 1028 16 18 si
326 1028 77 23 spiccia,

43 1056 103 25 Affaccherà
154 1055 33 22 più
196 1059 43 18 près
242 1055 19 16 lu
271 1054 19 18 lu
300 1054 84 21 melallu,

44 1084 61 20 Ouellu
114 1081 34 19 Dio
156 1080 21 18 di
184 1079 60 22 l’omi,
253 1084 57 13 rossu
316 1083 11 14 o
335 1079 66 22 giallu,

44 1111 32 20 Chi
84 1109 20 18 fù
112 1107 98 18 chiamalu
218 1106 50 17 l’oru
275 1104 5 18 !
289 1104 67 18 Nunda
364 1105 56 17 sente

43 1139 24 17 Lu
75 1132 90 21 minador’
173 1131 19 18 di
201 1136 12 12 u
222 1131 27 18 so’
258 1130 51 18 disiu
320 1130 86 18 schiavu.

42 1161 15 20 Ü
64 1164 54 18 corpu
125 1163 10 13 a
145 1158 51 17 terra
205 1161 10 13 e
221 1156 19 17 lu
249 1160 48 18 capu
307 1155 19 18 in
334 1156 21 17 lu
364 1160 65 16 scavu,

42 1185 72 24 Fegbia,
124 1183 48 18 belle
181 1182 94 20 slondale,
284 1182 135 17 atlentomente
424 1185 5 17 ;

43 1210 105 24 S’appronta
156 1213 11 13 a
176 1208 46 17 bede
231 1211 57 18 sorge
297 1207 17 17 la
323 1206 78 18 furluna
407 1211 6 16 ;

41 1240 92 18 Interroga
140 1235 19 17 le
168 1233 44 19 toile
220 1233 56 17 un’ad
286 1236 43 16 una,

42 1265 13 18 E
62 1263 29 18 vol
94 1263 18 16 ta
117 1260 53 22 eppo’
178 1260 19 17 le
205 1258 49 23 gira,
264 1258 19 17 le
291 1258 100 20 malmena,

42 1290 13 18 E
63 1290 62 19 rompe
133 1290 11 13 o
153 1284 56 19 sinnô
217 1284 19 17 le
245 1283 61 18 rascia
313 1286 78 19 appena,

42 1315 18 18 Ci
69 1312 55 19 soffia
131 1310 68 20 nantu,
208 1314 10 13 e
226 1308 109 23 quand’ellu
344 1308 18 17 le
372 1308 58 19 tocca,

42 1340 44 18 Pare
93 1336 70 19 eh’ellu
170 1335 15 17 li
191 1335 31 17 dia
230 1339 39 13 nna
277 1337 74 14 carezza
357 1337 5 17 ;

41 1365 13 18 E
61 1364 46 18 lissa
115 1366 37 14 cun
160 1360 93 23 prufonda
262 1360 104 19 tenerezza,

41 1390 56 18 Cumu
105 1386 73 24 guarda
186 1386 89 17 l’amante
283 1389 11 13 a
302 1388 43 14 cara
353 1384 56 17 bocca

39 1413 107 24 Quand’ellu
154 1412 63 19 chere,
226 1410 86 20 ausiosu,
320 1409 139 18 faccunsentu.

41 1441 20 18 Ci
69 1439 43 18 vole
119 1443 11 13 a
139 1437 49 18 bede
196 1435 75 19 cum’ell
279 1435 11 18 è
297 1435 101 19 cuntenlu,

42 1463 119 24 Malgradula
169 1462 113 18 stanchezza
290 1460 31 17 chi
329 1460 20 17 lu
359 1459 61 22 piega,

40 1491 16 18 U
63 1490 41 18 celu
112 1492 69 15 accesu
190 1487 31 18 chi
229 1487 14 17 li
252 1490 46 19 pesa
306 1485 89 20 addossu,

41 1515 94 22 Malgradu
146 1518 11 13 n
167 1511 118 24 polvericciu
294 1511 31 18 ebi
334 1510 21 17 lu
364 1509 103 22 slringhie,

41 1540 170 23 Quaud’ell’appare
219 1537 78 23 qualclii
305 1536 69 22 frisgiu
383 1539 78 14 rossu...

41 1567 26 18 No
73 1566 5 18 1
87 1565 66 22 Quella
161 1564 51 23 gioia
220 1568 41 13 nun
270 1562 18 19 si
296 1562 24 23 pò
328 1560 98 23 dipinghie
432 1559 5 19 1

40 1591 64 19 Lascia
112 1591 20 17 lu
140 1590 102 22 pistulellu
251 1593 12 13 o
272 1588 18 17 la
299 1587 89 20 mazzola,

41 1618 62 17 Ferma
112 1615 104 20 immobile,
226 1619 38 13 cun
273 1612 67 22 l'occhj
350 1611 88 21 sburlali,

42 1643 66 17 Rilene
116 1646 27 12 un
151 1641 56 22 gridu
216 1640 32 18 chi
257 1639 15 17 li
281 1637 76 23 scoppia
365 1637 21 18 in
394 1637 49 22 goia,

41 1669 55 17 Lestu
102 1667 18 18 si
128 1667 56 21 rizza,
194 1670 16 17 e,
219 1665 15 18 li
242 1664 64 19 bracci
315 1663 84 20 stinzali,

41 1693 31 18 Slà
80 1692 47 21 cusi,
136 1696 56 14 cume
199 1691 20 18 in
227 1690 89 18 fervente
323 1688 98 23 preghera.

41 1718 29 19 Ah
76 1718 5 18 !
93 1717 47 19 sudà
149 1721 70 18 sangue
228 1716 23 18 ed
260 1719 58 18 acqua
326 1718 55 13 mane
390 1718 10 13 e
408 1717 51 17 sera,

42 1744 78 18 Rientre
128 1743 21 17 in
158 1746 43 14 casa
209 1746 24 13 eu
241 1742 19 17 le
268 1740 78 18 vembre
353 1740 57 20 rotte,

42 1769 70 18 Strazià
119 1773 24 13 eu
151 1768 20 18 le
178 1768 73 17 lumere
259 1771 49 13 ancu
315 1766 18 17 la
341 1766 75 17 notte...

42 1794 29 18 Ma
79 1793 49 24 pudè
136 1794 60 17 mette
204 1792 20 18 in
233 1792 60 17 fondu
302 1796 10 13 a
320 1791 20 17 lu
349 1790 87 18 bursellu

42 1820 22 18 Di
72 1820 77 17 l’amatu
158 1818 78 18 metallu
245 1822 26 13 un
281 1816 103 23 pezzatellu

42 1846 51 17 Paru
102 1845 76 17 minuta
186 1847 53 14 cume
247 1848 27 12 un
282 1842 52 23 gran’
343 1841 20 18 di
371 1845 49 14 vena
427 1845 6 13 :

42 1871 35 17 Dio
85 1870 11 19 è
103 1870 138 22 ricumpensata
249 1869 19 17 la
277 1868 39 18 miò
323 1872 48 17 pena
378 1866 5 18 !

42 1895 73 21 Quante
121 1895 51 17 volte
180 1894 44 18 dinô
232 1894 21 18 lu
263 1893 97 18 minadore

42 1920 84 19 Ghiuntu
132 1920 73 22 allegru
213 1924 24 13 eu
245 1919 19 18 la
273 1922 89 19 speranza
370 1917 21 18 in
399 1921 49 16 core.

43 1945 20 18 Si
71 1950 23 13 ne
101 1950 24 13 va
134 1946 67 16 staucu
209 1946 63 15 mortu
281 1949 12 12 a
300 1948 48 17 capu
356 1942 59 22 chjnu

44 1971 13 18 E
65 1975 55 14 senza
128 1970 20 17 lu
157 1970 64 17 valore
230 1969 47 17 d’un
285 1967 99 19 zeechinu.

44 1996 59 18 L’idea
112 1995 109 22 supranisce
230 1995 18 17 la
260 1993 118 20 stanchezza,

43 2021 16 18 U
67 2021 74 22 risposu
149 2020 15 17 li
172 2020 57 17 rende
238 2019 51 18 forze
298 2022 45 14 sane
350 2023 5 16 ;

44 2046 81 22 Ripiglia
133 2046 15 17 li
154 2045 87 22 transiglî
249 2044 124 20 l’indumane,

43 2071 15 18 E
65 2072 30 17 bia
102 2071 33 18 via
143 2075 58 14 versu
209 2071 19 17 la
236 2070 96 18 ricebezza

44 2097 14 18 0
66 2101 57 14 versu
131 2097 19 17 le
159 2100 90 18 speranze
258 2095 98 20 ruvinate,

44 2123 25 17 Da
76 2123 31 17 chi
115 2123 19 17 le
142 2122 61 22 prime
211 2121 57 18 stelle
277 2120 21 18 sò
306 2120 84 18 ciottate.

44 2149 16 17 A
66 2148 21 17 lu
95 2147 42 23 pisà
145 2147 20 18 di
173 2147 62 22 quelle
243 2147 19 16 di
272 2146 19 17 la
299 2150 49 16 sera,

44 2173 51 18 Starà
102 2173 21 17 la
132 2172 98 18 minadore
238 2176 11 13 a
257 2172 19 17 la
285 2171 78 18 minera.

280 2198 26 18 G.
315 2198 23 18 di
348 2198 23 18 la
381 2196 89 19 Grotta.

29 2275 36 21 Un
76 2275 24 21 ci
111 2275 81 21 ferma
202 2274 46 26 più
259 2274 47 21 che
318 2273 50 21 220
380 2271 74 26 copie
466 2271 28 21 di

56 2326 3 3 .
80 2306 308 28 L’ÀLMANACCU
401 2306 33 24 di

158 2346 30 24 A
202 2344 152 26 MUVRA

195 2387 46 20 per
253 2379 67 23 1930

54 2415 38 23 Un
103 2416 101 22 volume
216 2415 25 22 di
254 2420 43 20 224
310 2413 99 28 pagine,
422 2413 74 20 sent-

30 2448 21 19 ie
61 2447 29 20 da
102 2447 7 21 i
123 2445 132 28 principali
269 2444 67 28 pueti
356 2449 13 15 e
386 2441 108 23 scrittori

30 2477 121 26 dialettali,
165 2483 13 16 e
192 2482 38 23 150
243 2475 173 22 illustrazione.
430 2473 66 22 Cun-

30 2509 50 20 tene
95 2515 47 15 una
158 2507 84 23 Storia
255 2506 127 26 Populare
395 2505 27 21 di
433 2504 63 21 Cor-

31 2538 56 27 sica,
93 2540 30 21 da
135 2540 7 20 i
154 2539 76 27 tempi
241 2538 24 21 di
276 2537 47 22 San
333 2537 72 21 Pieru
416 2535 80 22 Corsu

31 2575 10 14 a
53 2570 6 20 i
71 2571 78 20 nostri
160 2569 75 28 jorni,
249 2569 24 21 di
286 2568 30 22 P.
328 2567 28 21 di
367 2567 36 26 C.,
413 2572 29 16 eu
452 2572 46 15 nu-

31 2604 90 18 merose
132 2600 168 22 illustrazione
312 2604 13 16 e
337 2600 75 20 carte.

68 2638 65 19 Prezzu
141 2645 5 12 :
157 2639 12 17 8
179 2638 96 18 franchi.
284 2637 35 18 Per
326 2637 55 18 Posta
388 2641 5 13 :
403 2635 13 19 9
425 2635 29 18 fr.

131 2667 71 18 Contru
210 2667 94 17 rimborsu
311 2671 5 12 :
325 2664 25 19 10
359 2664 29 18 fr.

87 2696 81 21 Ajaeciu,
178 2694 103 22 Stamparia
289 2693 20 18 d't
318 2692 20 19 A
346 2692 88 21 Muvra,

59 2722 83 25 (Contu
152 2724 95 20 Pustale
254 2729 6 13 :
270 2721 116 22 Marseille
394 2719 69 27 45-82)

533 93 22 35 L
564 93 176 45 Âlmanaccu
760 104 30 35 di
810 105 24 36 A
850 107 103 37 Muvra

530 166 159 24 VAlmmaccudi
706 175 12 16 A
730 175 62 19 Muvra
807 178 34 22 qui
857 179 53 17 vient
918 180 24 17 de
948 184 31 17 pa-

518 194 47 15 nure
572 198 24 12 en
605 196 29 16 est
642 202 11 11 a
661 202 21 13 sa
691 198 92 20 huitième
791 203 67 17 année.
868 203 23 17 Et
904 204 75 18 celui-ci

508 219 12 12 n
527 216 29 17 est
563 221 34 17 pas
606 220 92 20 inférieur
706 223 10 17 à
725 229 31 13 ses
774 226 52 18 aînés
835 231 5 12 :
850 227 14 17 il
873 228 28 17 les
918 228 60 23 égale,

509 244 15 12 si
534 245 60 15 meme
603 244 13 17 U
626 249 24 14 ne
659 246 27 18 les
696 252 95 18 surpasse,
807 252 19 16 et
835 256 34 17 par
877 252 103 22 l’élégance

509 269 4 11 (
522 269 10 12 c
539 270 21 13 sa
569 270 136 22 présentation,
723 273 18 17 la
757 274 86 19 richesse
860 277 19 16 et
896 277 84 18 l’intérêt

509 291 33 16 (les
549 293 61 19 sujets
619 294 46 18 dont
673 295 14 17 il
698 297 62 20 traite,
771 299 17 16 la
796 299 73 19 variété
878 302 20 16 et
909 301 71 23 l’orlgi-

509 316 59 17 nahle
576 317 24 17 de
608 322 33 13 son
650 319 125 21 illustration.
790 323 51 18 C’est
854 329 26 13 un
888 325 92 18 véritable

509 340 50 21 legul
568 345 37 17 que
614 346 33 14 son
657 344 76 19 éditeur
741 347 48 18 offre
797 348 12 17 à
819 349 42 17 lous
869 349 29 18 les
913 350 67 18 Corses

509 365 18 15 et
535 368 48 14 amis
592 366 23 18 do
624 367 18 17 la
651 368 64 22 Corse,
730 376 37 13 aux
784 372 80 19 curieux
881 374 99 18 d’histoire

509 391 53 15 corse
570 391 21 16 et
598 391 24 18 de
630 392 87 20 folk-lore
726 395 99 22 insulaire,
839 402 37 13 aux
884 399 96 17 amateurs

509 413 23 17 de
540 414 53 18 saine
602 416 14 17 li
619 417 47 18 Itéra
669 419 42 18 turc
719 421 105 21 populaire.
838 422 16 17 A
862 422 19 17 le
897 423 42 22 lire,
956 428 24 12 on

509 441 100 20 comprend
618 446 21 13 ce
648 444 40 17 mol
704 445 45 17 d’un
765 445 90 19 minisire
870 447 24 17 de
910 448 71 18 France

509 463 31 21 qui
550 465 30 17 est
587 465 11 17 à
606 466 18 17 la
632 467 37 17 fois
679 473 25 12 un
713 469 102 22 diplomate
829 471 85 18 éminent
927 473 18 16 et
954 477 26 12 un

510 487 28 18 fin
546 489 62 19 lettré:
619 498 8 8 .<
637 491 47 18 Mais
692 493 45 18 c’esl
746 495 83 21 quelque
837 495 57 17 chose
908 496 24 17 de
940 501 41 16 pro-

509 512 79 22 digieux
596 519 37 16 que
641 517 31 16 cet
680 517 103 18 Almanach
793 519 24 17 de
825 519 18 17 la
851 519 71 21 Muvra,
934 521 47 17 c’est

511 540 24 14 un
552 538 136 20 chef-d’oeuvre
697 542 25 16 du
739 546 78 18 genre.»

530 562 23 17 Je
561 567 24 14 ne
592 563 110 20 chercherai
711 571 34 18 pas
753 567 11 17 à
772 568 88 22 analyser
874 568 18 18 le
900 569 81 18 contenu

509 587 24 18 de
541 592 21 13 ce
570 590 117 23 magnifique
695 596 90 18 ouvrage,
800 593 49 18 mais
856 593 19 23 je
891 594 90 18 voudrais

510 611 68 20 inciter
585 618 36 14 nos
628 615 83 20 lecteurs
716 617 11 17 à
733 618 68 21 goûter
806 619 20 17 et
834 623 92 14 savourer
932 620 49 17 cette

509 636 140 27 subslunlifiquc
663 642 70 17 moelle.
753 643 26 18 La
796 643 31 18 vie
844 643 138 19 intellectuelle

510 662 23 17 de
541 663 18 17 la
567 663 58 19 Corse
632 667 83 20 pendant
728 668 74 18 l’année
810 668 45 18 1929
863 673 13 18 y
884 670 31 17 est
926 673 56 18 expo-

510 686 32 18 sée
550 692 46 14 avec
604 689 58 19 clarté
670 692 18 17 et
703 692 89 21 sobriété,
801 694 21 17 et
837 693 52 18 aussi
906 698 22 13 ce
944 698 37 17 que

510 711 37 18 l’on
555 714 46 21 peut
609 715 76 22 appeler
693 716 28 19 les
737 718 155 18 manifestations
905 719 25 16 du
938 718 43 18 Cor-

510 736 58 19 sisme
574 743 5 12 :
590 739 47 18 mais
646 740 19 18 la
673 741 96 23 politique
777 744 119 20 proprement
910 743 40 18 dite
957 748 24 12 en

511 763 29 17 est
547 763 111 20 totalement
665 767 74 18 exclue.
747 767 36 18 Les
791 767 58 19 récits
862 768 26 17 du
906 768 74 21 terroir,

511 789 71 20 contes,
599 789 91 20 histoires
707 792 116 22 drolatiques
840 794 20 16 et
873 798 9 11 «
892 793 91 18 stalbato-

511 812 32 23 ghj
552 819 8 11 »
574 819 12 17 y
600 815 102 22 abondcnl,
717 817 65 22 signés
796 818 34 17 des
844 822 53 13 noms
911 819 24 17 de
947 822 35 14 nos

510 838 98 19 meilleurs
616 841 86 22 auteurs,
711 842 47 17 dont
766 842 84 18 certains
858 844 44 16 sont
910 843 72 18 d’aussi

512 863 35 18 bon
556 863 65 22 poètes
629 870 36 17 que
673 867 34 17 des
715 868 109 20 prosateurs
837 867 107 23 distingués
950 873 5 12 :
964 868 18 18 le

511 887 137 24 Sampelracciu
664 891 123 21 (Ghianncllu
799 892 79 22 Notini),
900 893 83 18 Martinu

511 913 133 24 Appinzapalu,
653 915 87 23 Sussinu,
754 917 119 21 Codaccioni,
885 918 38 21 etc,
932 919 19 16 et
959 918 24 17 de

511 938 95 19 délicieux
614 940 74 22 poèmes
696 942 24 17 de
729 942 100 19 Babbuziu.
837 943 25 18 de
869 942 114 21 Tristani.de

511 963 97 23 Filippini,
617 966 23 17 de
647 965 78 19 Siinoriu
735 966 18 18 di
761 967 13 17 li
783 967 61 21 Lecci,
857 968 23 17 de
888 967 96 18 Ghiuvan-

512 988 18 17 ni
539 989 18 17 di
566 994 11 12 a
586 989 72 22 GrolLn,
673 992 25 17 de
711 992 58 18 Pelru
783 992 19 17 di
812 992 62 21 Niolu,
889 992 23 18 de
928 992 56 18 Mini-

511 1014 46 21 cale,
566 1015 24 17 de
598 1014 60 19 l’Orsu
668 1016 94 21 d’Orezza,
778 1018 24 17 de
810 1017 22 18 G.
842 1017 87 21 Olivieri,
938 1018 19 17 et
965 1017 19 18 le

512 1039 87 21 spirituel
608 1042 55 17 conte
671 1042 155 23 d’Appinzapalu,
837 1048 9 11 a
853 1042 15 18 U
877 1043 28 17 Re
913 1043 19 17 di
941 1042 43 18 Cor-

512 1064 40 18 siea
561 1070 19 12 ».
588 1065 24 18 Je
620 1066 83 19 11’oublie
720 1072 33 17 pas
771 1072 37 13 non
825 1068 43 21 plus
885 1068 29 17 les
931 1067 53 18 mille

513 1091 101 20 proveibes
627 1092 19 17 et
663 1092 68 18 «Detli
746 1092 20 18 di
780 1093 52 22 paesi
843 1099 8 11 »
870 1094 47 17 dont
930 1093 19 17 le
962 1092 22 18 li-

513 1119 34 13 vre
555 1116 30 17 est
599 1115 82 20 émaillé.
699 1117 101 18 L'Histoire
814 1117 97 24 populaire
928 1117 21 18 de
966 1117 19 18 la

513 1139 52 19 Corse
574 1141 24 18 de
606 1141 21 17 P.
636 1141 20 18 di
664 1141 21 18 C.
695 1143 47 17 dont
757 1143 19 17 le
793 1143 59 18 débul
867 1143 53 18 avait
937 1147 46 18 paru

512 1166 47 17 dans
565 1166 116 19 l’Almanach
690 1168 24 17 de
723 1167 51 22 1929,
783 1168 108 21 continuée,
900 1169 47 17 dans
955 1173 30 13 ce-

513 1190 53 18 lui-ci
575 1192 21 17 et
603 1192 65 18 menée
676 1192 12 17 à
696 1193 37 17 bon
742 1194 61 16 terme
810 1198 5 12 :
832 1193 89 18 succinte
935 1193 49 18 mais

513 1216 83 17 donnant
604 1217 104 18 l’essentiel
715 1218 25 17 de
748 1218 54 17 notre
811 1217 82 18 histoire
906 1217 79 18 insulai-

513 1244 28 17 re,
549 1241 36 17 elle
593 1242 30 17 est
631 1242 57 17 d’une
697 1241 94 23 précision
805 1243 20 17 et
832 1243 57 17 d’une
897 1242 89 22 indépen-

513 1266 60 17 dance
581 1266 33 22 qui
624 1266 91 19 méritent
732 1267 60 18 d’être
809 1267 123 23 soulignées:
948 1267 38 18 elle

513 1291 96 18 constitue
617 1292 19 17 le
644 1292 97 19 bréviaire
754 1292 142 23 indispensable
912 1293 25 17 de
945 1293 41 17 tout

514 1317 81 21 patriote
603 1322 61 13 corse.

536 1341 40 18 Une
584 1343 34 17 des
626 1343 43 22 plus
684 1344 119 22 attrayantes
820 1344 82 22 qualités
910 1344 24 17 de
941 1343 46 18 l’Al-

514 1367 86 21 manach,
623 1368 46 17 c’est
685 1372 34 14 son
738 1368 126 19 illuslralion.
880 1370 17 17 A
914 1369 18 18 la
948 1368 38 18 fois

514 1392 148 21 documentaire,
684 1394 103 22 artistique
803 1395 20 17 et
839 1393 146 23 humoristique,

515 1417 85 23 toujours
608 1418 117 19 instructive
734 1420 19 17 et
760 1419 144 21 divertissante,
913 1420 37 17 elle
956 1420 30 17 est

514 1447 73 13 comme
595 1448 26 12 un
629 1444 57 17 reflet
694 1445 24 17 de
726 1444 61 22 l’âme,
796 1445 24 17 (1e
833 1445 19 17 la
868 1444 32 18 vie
916 1444 70 18 sociale

514 1468 20 17 et
540 1468 24 18 de
571 1468 95 19 l’histoire
674 1473 72 14 corses.
755 1470 36 17 Des
806 1469 91 23 portraits
910 1470 25 17 de
942 1469 45 18 Cor-

515 1497 30 13 ses
553 1493 92 22 illustres,
654 1495 33 17 des
705 1499 91 18 paysages
814 1494 131 23 significatifs,
953 1495 33 17 des

514 1518 76 18 dessins
607 1519 103 22 satiriques
728 1524 23 13 en
774 1520 84 17 forment
873 1520 19 17 la
908 1519 79 18 matière

515 1544 124 21 essenlielle;
654 1545 28 18 les
700 1545 79 18 artistes
795 1546 60 18 aimés
872 1546 26 17 du
914 1545 72 22 public,

515 1569 57 22 Kyrn,
581 1569 71 18 Matleu
662 1570 65 21 Rocca,
738 1569 76 22 Canasi,
823 1571 20 18 S.
858 1570 86 23 Arrigbi,
953 1569 34 19 Co-

516 1594 50 21 rizzi,
582 1595 20 17 et
610 1595 43 18 bien
661 1596 92 17 d’autres.
770 1596 21 18 Je
799 1601 25 13 ne
841 1601 51 13 veux
908 1600 33 17 pas
949 1600 38 13 non

515 1620 43 22 plus
566 1624 66 18 passer
639 1625 46 14 sous
690 1621 72 18 silence
768 1621 28 18 les
802 1622 29 17 fac
838 1621 62 18 simile
907 1621 80 18 extraits

515 1646 25 17 de
547 1646 18 17 la
573 1646 84 22 superbe
673 1646 107 24 Anlholoejie
787 1647 32 18 des
832 1647 88 18 écrivains
929 1652 59 12 corses

515 1672 24 17 de
547 1671 24 18 M.
578 1671 120 21 Yvia-Croce,
705 1672 20 17 ni
734 1673 17 16 la
758 1672 138 23 photographie
904 1673 26 16 du
938 1672 49 17 beau

516 1696 97 18 bas-relief
621 1697 130 21 représentant
758 1697 59 18 Santa
829 1697 75 22 Divota,
913 1698 75 21 patron-

516 1725 24 14 ne
547 1722 23 17 de
578 1722 19 17 la
605 1721 58 18 Corse
670 1723 20 17 et
699 1722 33 22 qui
741 1723 31 17 est
786 1722 80 18 l’oeuvre
882 1723 26 16 du
926 1722 62 22 sculp-

516 1748 43 17 teur
566 1751 55 14 corse
628 1748 82 17 Damasu
719 1747 119 22 Maestracci,
848 1748 47 18 dont
901 1748 19 17 le
929 1748 58 18 talent

516 1773 30 16 est
553 1772 35 18 des
596 1773 44 21 plus
649 1773 149 21 remarquables.

537 1797 76 18 Comme
621 1802 24 13 on
654 1798 18 17 le
681 1798 47 22 voit,
738 1799 31 17 cet
782 1798 98 18 almanach
894 1799 31 16 est
932 1798 56 17 d’une

516 1823 38 22 vie,
562 1824 58 17 d’une
628 1823 87 18 richesse
723 1824 24 17 de
755 1824 45 17 fond
810 1825 19 16 et
837 1824 24 17 de
872 1824 68 20 forme,
949 1824 40 17 d’u-

516 1853 25 13 ne
556 1848 94 18 diversité
665 1849 24 18 de
707 1850 33 16 ton
756 1849 163 18 extraordinaire:
941 1848 47 18 mais

516 1874 129 22 l’inspiration
657 1874 33 22 qui
699 1874 78 18 l’anime
786 1875 29 17 est
831 1875 20 17 la
866 1874 62 17 même
943 1874 45 17 d’un

518 1899 46 17 bout
571 1899 11 17 à
590 1899 68 18 l’autre
667 1900 23 16 de
708 1903 32 14 ses
756 1899 51 18 deux
823 1900 55 17 cents
895 1903 58 18 pages
969 1900 20 17 et

518 1925 45 21 peut
571 1928 22 13 se
601 1924 87 17 résumer
702 1924 50 17 ainsi
759 1929 6 12 :
784 1925 80 17 l’amour
881 1924 81 22 profond
970 1925 19 17 et

517 1949 110 22 intelligent
635 1949 23 17 de
666 1949 19 17 la
694 1948 63 18 Corse.
777 1949 38 18 Son
832 1949 82 21 éditeur,
931 1949 56 18 Pelru

517 1974 68 22 Rocca,
593 1975 46 21 peut
651 1973 40 18 être
700 1973 38 18 fier
745 1974 23 17 de
777 1978 34 13 son
820 1978 91 18 ouvrage.

815 2001 24 18 P.
849 2001 114 19 Graziani.

540 2026 33 22 {La
583 2026 51 18 Corse
646 2025 118 24 Touristique)

681 2116 143 37 Smenlita

550 2188 92 21 Avemu
654 2187 115 22 ricevulu
788 2194 16 15 u
824 2190 118 25 seguente
955 2188 36 21 bi-

519 2221 87 28 gliettu
619 2227 6 15 :

665 2258 110 25 Ajacciu,
784 2263 14 16 2
807 2258 86 21 Marzu
904 2258 62 25 ig3o.

778 2306 63 20 Caru
850 2306 79 23 Petru,

547 2343 49 20 Cun
609 2342 94 24 grande
710 2346 117 20 surpresa,
844 2342 73 24 aghiu
931 2343 62 20 vistu

519 2371 78 25 figura
606 2377 16 14 u
631 2371 43 20 me'
682 2377 68 14 nome
755 2370 40 25 fra
805 2371 75 24 quelli
886 2370 25 20 di
925 2371 11 19 i
947 2370 47 21 cul-

521 2399 133 20 laburatori
660 2399 28 19 di
695 2399 55 20 duie
764 2398 81 20 rivisie
859 2398 87 20 esciute
958 2401 36 18 at-

521 2430 78 22 tempu
607 2434 14 13 e
628 2427 85 20 dirette
727 2427 32 20 da
775 2433 31 13 un
821 2430 134 21 cumpagnu
968 2427 27 20 di

519 2455 55 24 fede
582 2455 27 20 di
616 2455 35 20 sei
658 2455 60 20 anni
723 2454 35 24 fà,
775 2455 40 19 chi
825 2454 93 24 affacca
927 2455 67 24 oghie

522 2484 32 19 da
563 2490 32 13 un
603 2483 23 20 si
632 2483 29 20 sà
668 2483 69 22 duve,
744 2482 63 25 dopu
813 2483 45 19 avè
862 2483 132 20 scambiatu

522 2511 104 21 d’ideale
633 2518 13 12 e
654 2517 62 14 aveu
724 2511 27 20 di
758 2516 74 15 nome.

547 2540 19 20 A
577 2539 76 20 simile
660 2539 122 20 annunciu
790 2539 28 19 di
824 2538 171 21 cullaburazio-

522 2574 30 14 ne
559 2567 31 20 dò
603 2574 16 13 a
632 2568 42 24 piìi
682 2567 146 24 cattegorica
836 2567 111 20 smentita
955 2573 14 13 e
977 2567 20 20 ti

521 2599 74 21 pregu
603 2595 33 20 da
642 2594 65 25 falla
720 2595 59 23 sapé
792 2600 74 14 senza
878 2594 33 20 rit
910 2594 62 20 ardu
979 2600 15 14 a

523 2624 62 22 tutti,
600 2629 32 14 un
647 2622 103 21 vulendu
765 2625 52 17 tene
830 2625 107 22 suspettu
953 2622 43 20 ad-

523 2652 78 20 dossu.

550 2679 163 21 T’abbracciu.

735 2714 103 22 Stefanu
850 2713 116 22 Luciani.

1357 105 261 51 Mémoires

1128 183 51 46 du
1203 183 45 46 R.
1266 183 42 46 P.
1333 184 46 46 de
1404 183 217 58 Singlande,
1647 181 206 47 Aumônier

1167 249 210 33 (Spedizione
1395 250 32 24 di
1444 249 181 25 Maillebois
1642 246 168 33 17384741)

1413 320 148 34 (Seguitu)

1035 388 64 23 Pour
1116 391 34 21 lui
1172 392 18 20 il
1207 393 116 19 retourna
1342 392 23 20 le
1377 398 27 22 25
1417 392 56 27 Sep-

1005 422 95 21 tembre
1111 422 13 22 à
1137 429 44 16 son
1194 430 69 20 camp
1275 422 136 29 d'Ornano,
1420 425 22 21 &
1451 425 23 21 le

1006 453 28 21 28
1045 453 13 22 à
1069 455 99 27 Ajacio.

1035 486 31 21 Le
1077 487 55 25 jour
1143 489 80 21 môme
1235 495 47 21 que
1289 494 62 17 nous
1358 496 61 16 nous
1426 496 50 16 em-

1007 518 110 26 parâmes
1129 520 31 20 de
1179 521 100 26 Zicavo,
1300 527 32 15 un
1348 523 81 21 soldat
1446 523 30 20 de

1008 552 72 20 notre
1099 551 136 29 Régiment
1254 554 36 22 fut
1308 555 90 22 trouvé
1413 557 64 20 mort

1007 583 88 27 auprès
1104 585 57 21 d'un
1173 588 109 20 tonneau
1298 589 68 25 plein
1378 589 30 21 de
1420 595 57 14 ven-

1008 616 107 28 danges;
1137 618 49 28 j’en
1201 620 38 21 fus
1262 621 88 25 averti,
1371 621 22 22 &
1402 622 26 27 je
1438 627 39 16 me

1007 651 146 26 transportai
1173 658 42 15 sur
1225 653 24 21 le
1260 653 58 22 lieu,
1330 653 32 22 où
1374 654 17 21 il
1407 654 70 22 étoit.

1008 682 136 29 Craignant
1156 690 47 21 que
1215 687 65 20 cette
1289 686 100 22 boisson
1403 693 30 15 ne
1444 687 36 21 fût

1008 717 178 26 empoisonnée
1193 724 43 21 par
1245 725 62 16 ceux
1316 721 41 25 qui
1365 719 115 22 l’avoient

1007 749 169 28 abandonnée,
1184 751 26 28 je
1218 757 31 16 ne
1258 754 89 20 voulus
1355 752 125 22 l’enterrer

1008 781 112 28 qu’après
1131 789 47 21 que
1190 785 23 20 le
1234 784 148 29 Chirurgien
1402 785 79 27 Major

1008 814 41 21 eût
1064 814 44 22 fait
1126 816 153 23 l’ouverture
1304 819 32 20 du
1360 824 81 21 corps,
1457 818 23 21 &

1008 846 59 27 qu’il
1076 848 77 21 m’eût
1165 848 46 23 fait
1222 851 57 20 voir
1290 850 59 28 qu’il
1363 850 41 29 n’y
1414 851 67 22 avoit

1009 880 52 21 rien
1074 881 60 21 dans
1155 884 65 19 cette
1231 883 111 26 boisson,
1368 883 21 21 &
1402 889 45 21 que
1456 884 24 20 le

1008 913 162 23 malheureux
1182 915 88 23 n’étoit
1282 918 65 20 mort
1359 922 47 21 que
1420 922 61 21 pour

1010 951 29 16 en
1052 947 71 21 avoir
1134 949 57 26 trop
1200 949 41 21 bu.
1252 948 36 22 Ce
1296 949 43 26 fut,
1350 955 63 21 pour
1420 949 59 26 moi,

1010 985 48 15 une
1069 980 83 22 raison
1173 981 141 23 d’exhorter
1329 983 23 20 la
1372 984 87 25 troupe
1469 981 14 22 à

1010 1018 27 15 se
1045 1013 110 27 corriger
1164 1014 56 21 d'un
1228 1014 91 27 défaut,
1330 1015 40 27 qui
1380 1020 57 16 sous
1447 1015 36 21 les

1009 1051 65 22 yeux
1094 1047 89 21 venoit
1203 1047 96 22 d’avoir
1310 1048 45 21 des
1375 1047 75 22 suites
1460 1047 22 22 si

1011 1078 117 27 funestes,
1139 1080 22 21 &
1173 1081 31 21 de
1217 1081 44 21 fait
1273 1085 38 18 cet
1325 1081 112 27 exemple
1446 1081 37 21 les

1010 1117 13 16 a
1035 1112 60 22 dans
1113 1113 24 21 la
1149 1113 66 22 suite
1226 1114 93 21 rendus
1339 1114 55 26 plus
1413 1119 70 22 sages

1011 1145 23 22 &
1042 1147 54 26 plus
1107 1146 116 22 modérés
1232 1153 43 16 sur
1284 1149 39 20 cet
1333 1147 95 21 article.

1038 1178 68 22 Nous
1130 1185 32 15 ne
1180 1180 120 21 restâmes
1321 1185 46 22 que
1387 1185 47 21 peu
1452 1180 31 20 de

1009 1211 71 27 jours
1099 1212 14 21 à
1124 1212 98 21 Zicavo.
1235 1212 22 20 &
1269 1217 63 16 nous
1352 1212 83 21 eûmes
1446 1217 37 16 or-

1012 1244 43 21 dre
1067 1244 30 21 de
1109 1249 63 17 nous
1192 1245 89 21 rendre
1293 1244 11 22 à
1326 1245 21 21 la
1359 1244 123 28 Tavagna.

1014 1277 30 22 Le
1056 1277 135 28 Régiment
1204 1278 36 22 fut
1252 1278 121 21 cantonné
1385 1284 44 21 par
1438 1277 47 22 dif-

1012 1310 81 23 férens
1102 1311 183 22 détachemens.
1298 1311 72 22 Trois
1382 1311 103 28 Compa-

1012 1345 71 28 gnies
1096 1344 82 22 furent
1189 1345 14 21 à
1211 1346 24 21 la
1245 1345 164 25 Vinsonasca,
1421 1345 64 21 deux

1011 1377 14 22 à
1035 1377 113 27 Luciana,
1161 1379 64 21 trois
1233 1377 14 22 à
1256 1378 86 26 Lento,
1352 1377 21 22 &
1385 1378 24 21 le
1420 1379 65 20 reste

1012 1417 63 16 avec
1085 1411 71 22 l’Etat
1169 1411 87 28 Major,
1268 1411 23 22 &
1306 1412 37 20 les
1362 1411 124 27 drapeaux

1013 1445 82 21 furent
1114 1444 71 28 logés
1206 1451 30 15 au
1250 1444 117 22 Couvent
1383 1445 43 20 des
1437 1443 48 22 Ré-

1012 1479 79 21 colets
1102 1479 32 21 de
1144 1479 24 21 la
1186 1478 138 28 Tavagnia.
1345 1477 69 22 C’est
1426 1478 59 20 dans

1013 1518 28 15 ce
1053 1511 141 22 Monastère
1206 1517 48 22 que
1265 1512 25 20 le
1298 1510 100 23 fameux
1407 1509 79 23 Théo-

1014 1545 60 22 dore
1089 1545 69 21 avoit
1177 1545 22 21 le
1220 1546 54 26 plus
1296 1544 190 21 ordinairement

1013 1578 124 28 séjourné,
1162 1577 85 22 c’étoit
1268 1583 45 16 son
1338 1577 74 22 Hôtel
1442 1576 44 21 des

1014 1612 150 28 Monnoyes,
1176 1611 23 21 &
1212 1612 17 21 il
1239 1617 18 22 y
1267 1611 68 21 avoit
1355 1611 44 21 fait
1410 1611 76 20 battre

1012 1647 82 20 toutes
1106 1645 76 21 celles
1194 1645 41 27 qui
1249 1645 83 21 furent
1350 1643 112 27 frappées
1473 1642 13 22 à

1014 1684 46 16 son
1077 1679 58 21 coin
1145 1685 6 14 :
1174 1677 84 23 c’étoit
1277 1678 23 21 le
1321 1679 83 20 centre
1422 1676 22 22 &
1462 1677 24 21 le

1014 1712 165 21 rendez-vous
1197 1712 31 20 de
1249 1713 56 20 tous
1326 1711 37 21 les
1382 1710 105 22 rebelles

1014 1746 32 20 du
1055 1747 90 20 canton
1159 1745 41 27 qui
1210 1744 189 22 venoientaussi
1407 1749 17 23 y
1435 1743 53 22 har-

1015 1779 76 21 celler
1113 1777 180 28 fréquemment
1309 1783 47 16 nos
1379 1780 107 24 troupes.

1016 1812 37 21 De
1072 1814 56 19 tous
1140 1812 37 21 les
1188 1811 114 26 rebelles,
1316 1811 35 21 les
1363 1810 123 26 Récolets,

1015 1846 58 21 chez
1090 1845 41 27 qui
1151 1850 64 16 nous
1242 1845 120 27 logions,,
1381 1843 105 27 étoient,

1015 1884 57 17 sans
1084 1878 134 25 contredit,
1225 1879 37 20 les
1269 1878 56 27 plus
1333 1878 154 27 dangereux;

1015 1919 33 16 on
1067 1914 23 20 le
1101 1912 158 22 connoissoit
1277 1917 63 22 pour
1351 1912 56 25 tels,
1422 1911 21 22 &
1455 1917 31 16 on

1015 1952 40 15 me
1076 1946 105 26 chargea
1201 1945 42 28 d’y
1255 1946 89 19 mettre
1365 1944 73 21 ordre
1448 1950 5 15 :
1463 1945 26 26 je

1016 1978 152 28 commençai
1187 1983 44 22 par
1251 1978 38 20 les
1311 1977 144 26 assembler,
1468 1977 21 21 &

1015 2013 54 21 leur
1091 2010 152 28 représentai
1267 2010 115 22 combien
1393 2011 16 20 il
1430 2010 60 22 étoit

1016 2045 124 23 contraire
1153 2044 13 22 à
1186 2045 55 20 leur
1252 2043 143 28 profession
1414 2043 30 22 de
1453 2043 37 21 fo-

1017 2081 95 21 menter
1126 2079 22 20 la
1159 2077 97 22 révolte
1264 2077 44 22 des
1321 2077 77 28 sujets
1406 2079 85 19 contre

1016 2114 66 21 leurs
1090 2111 128 28 légitimes
1227 2110 159 22 Souverains.
1395 2110 30 21 La
1432 2110 59 21 hon-

1016 2148 26 20 te
1054 2145 41 28 qui
1104 2144 155 29 rejaillissoit
1270 2145 103 20 surtout
1384 2145 54 20 leur
1444 2142 48 22 Or-

1018 2180 53 25 dre,
1089 2177 22 22 &
1131 2178 24 21 le
1167 2179 49 20 tort
1228 2176 73 28 qu’ils
1314 2182 25 15 se
1352 2176 116 22 faisoient
1479 2175 12 22 à

1019 2212 153 22 eux-mêmes
1192 2216 45 22 par
1249 2216 48 15 une
1315 2210 60 21 telle
1393 2209 98 22 condui-

1018 2248 25 19 te
1053 2253 6 14 :
1070 2246 25 27 je
1104 2246 55 20 leur
1170 2243 91 28 ajoutai
1271 2249 47 21 que
1327 2244 24 21 le
1361 2243 62 27 parti
1432 2242 58 22 étoit

1019 2279 52 27 pris
1079 2278 56 21 d’en
1145 2277 73 22 venir
1223 2279 84 19 contre
1317 2282 49 15 eux
1373 2278 65 24 tous,
1445 2281 47 16 aux

1019 2311 128 23 dernières
1159 2309 194 27 extrémités,s’il
1365 2309 49 22 s’en
1426 2311 67 20 trou-

1019 2346 53 21 voit
1084 2345 138 22 seulement
1233 2349 42 16 un.
1289 2344 42 26 qui
1343 2343 70 27 parût
1421 2343 72 21 avoir

1020 2385 31 16 eu
1085 2379 30 21 de
1141 2377 114 22 mauvais
1279 2377 113 21 desseins
1411 2378 82 19 contre

1020 2418 73 16 nous.
1106 2411 137 27 Craignant
1252 2415 89 16 encore
1351 2415 47 22 que
1406 2410 24 21 ni
1442 2415 51 16 mes

1020 2446 195 24 remontrances,
1228 2443 26 22 ni
1266 2449 54 16 mes
1337 2448 114 16 menaces
1462 2448 31 15 ne

1020 2479 96 22 fussent
1132 2478 72 27 point
1216 2482 69 17 assez
1296 2476 78 22 fortes
1386 2481 61 22 pour
1456 2476 38 21 les

1021 2512 117 23 contenir
1149 2512 62 20 dans
1222 2511 23 21 le
1257 2509 99 26 devoir,
1363 2509 65 28 j’eus
1438 2509 55 22 soin

1021 2546 31 21 de
1062 2546 38 21 les
1121 2544 61 22 faire
1194 2543 135 25 désarmer,
1346 2541 23 23 &
1378 2542 26 27 je
1415 2547 30 16 ne
1455 2541 39 22 fus

1021 2584 44 22 pas
1076 2583 49 22 peu
1136 2577 95 27 surpris
1244 2577 31 21 de
1289 2579 105 19 trouver
1403 2581 41 15 sur
1453 2580 42 16 ces

1021 2611 143 28 Religieux,
1185 2609 23 22 &
1226 2610 61 21 dans
1305 2610 55 21 leur
1371 2608 122 25 chambre,

1021 2643 112 30 quantité
1144 2643 32 22 de
1189 2643 126 27 pistolets,
1328 2641 21 23 &
1362 2642 44 20 des
1416 2641 79 21 stilets

1022 2678 14 22 à
1055 2677 149 23 lTtaîiebne.
1217 2675 55 22 Non
1287 2676 100 22 content
1404 2674 30 22 de
1443 2676 53 19 tou-

1021 2714 38 19 tes
1071 2717 41 16 ces
1125 2709 168 29 précautions,
1317 2710 55 21 tous
1384 2708 36 21 les
1431 2707 63 21 soirs

1503 391 153 21 demi-heure
1668 393 74 19 avant
1754 391 22 20 le
1789 390 72 21 soleil
1873 389 101 26 couche,

1503 424 22 26 je
1544 424 37 21 les
1600 423 87 22 faisois
1715 424 123 21 enfermer
1865 422 60 22 dans
1943 428 32 14 un

1503 457 105 25 dortoir,
1622 456 13 21 à
1647 458 22 19 la
1693 458 71 25 porte
1783 456 91 26 duquel
1889 455 89 21 restoit

1503 495 48 15 une
1559 489 141 26 sentinelle,
1711 489 22 21 &
1738 489 24 26 je
1771 495 31 14 ne
1811 489 36 20 les
1856 494 30 15 en
1894 487 81 25 tirois,

1504 527 48 21 que
1560 522 170 21 demie-heure
1743 521 71 27 après
1827 522 22 20 le
1859 520 73 22 soleil
1942 520 36 21 le-

1505 553 40 22 vé.
1559 554 30 21 Le
1598 554 56 27 jour
1675 554 31 21 ils
1719 560 31 15 ne
1769 553 139 28 pouvoient
1918 553 61 20 aller

1505 586 54 28 qu’à
1574 587 98 27 l’Eglise
1684 587 22 21 &
1718 593 29 15 au
1759 586 152 26 Réfectoire,
1923 590 56 17 sans

1505 620 74 22 sortir
1591 620 31 21 de
1631 621 55 20 leur
1699 620 123 26 Couvent,
1835 620 145 25 &sanspar-

1506 654 36 20 ler
1555 652 13 22 à
1592 659 133 21 personne.
1746 654 120 20 Aucunes
1885 653 32 20 de
1939 657 40 16 ces

1505 691 110 16 mesures
1627 692 31 15 ne
1670 692 62 15 nous
1745 686 35 21 fut
1792 686 87 21 inutile
1890 691 6 19 ;
1917 690 63 16 nous

1507 717 83 22 étions
1600 719 99 26 perdus,
1717 719 20 21 si
1750 719 22 20 la
1785 717 130 23 troisième
1927 717 54 21 nuit

1507 750 71 27 après
1590 754 71 19 notre
1673 751 105 26 arrivée,
1791 752 99 26 lorsque
1897 751 36 20 les
1945 755 35 16 re-

1508 784 76 21 belles
1596 784 114 21 instruits
1719 784 30 21 de
1757 786 74 20 notre
1840 784 63 27 petit
1913 789 69 15 nom-

1507 816 52 25 bre,
1584 817 100 21 vinrent
1708 823 62 15 nous
1790 819 112 25 attaquer
1920 821 61 16 avec

1508 850 43 20 des
1563 849 80 22 forces
1655 849 167 28 supérieures,
1835 851 36 20 les
1882 849 99 22 Moines

1507 881 128 22 n'avoient
1646 888 43 21 pas
1708 881 39 23 été
1767 881 144 26 renfermés,
1923 882 58 21 hors

1508 914 74 22 d’état
1593 915 31 21 de
1633 916 53 20 leur
1695 915 86 22 ouvrir
1791 916 23 20 la
1827 916 79 26 porte,
1918 914 22 21 &
1952 915 29 20 de

1508 953 62 16 nous
1580 949 90 20 mettre
1682 950 71 19 entre
1765 948 66 21 deux
1839 948 58 21 feux
1905 953 6 16 :
1921 948 61 21 mais

1510 980 98 29 n’ayant
1620 981 52 21 rien
1685 980 14 22 à
1712 981 113 21 craindre
1834 986 63 22 pour
1906 981 23 21 le
1941 981 41 20 de-

1510 1013 59 22 dans
1588 1013 22 21 &
1628 1013 75 22 tirant
1723 1019 60 16 avec
1803 1015 120 26 avantage
1940 1019 43 21 par

1510 1046 43 21 des
1562 1045 124 22 créneaux
1698 1052 47 21 que
1757 1052 62 16 nous
1829 1047 87 21 avions
1929 1052 54 21 pra-

1509 1078 81 28 tiqués
1606 1079 62 22 dans
1688 1080 37 21 les
1737 1085 66 16 murs
1816 1080 32 21 du
1861 1079 121 26 Couvent,

1510 1117 42 16 sur
1564 1118 64 15 ceux
1639 1113 41 26 qui
1696 1113 32 21 du
1740 1113 92 22 dehors
1847 1118 62 16 nous
1923 1115 61 19 atta-

1511 1145 128 27 quoient'à
1651 1145 135 22 découvert
1798 1151 62 16 nous
1872 1151 63 16 nous
1943 1145 42 22 dé-

1510 1177 249 22 fendîmesaisément
1765 1178 96 28 jusqu’à
1869 1180 20 20 la
1899 1179 86 27 pointe

1511 1211 31 20 du
1551 1210 65 27 jour,
1636 1211 73 26 qu’ils
1722 1217 26 15 se
1760 1211 138 25 retirèrent,
1915 1211 70 27 après

1510 1244 73 21 avoir
1594 1243 44 22 fait
1649 1246 70 19 toute
1731 1245 22 21 la
1765 1245 54 20 nuit
1831 1250 31 15 un
1875 1243 40 23 feu
1926 1249 59 17 con-

1511 1276 78 22 tinuel
1601 1277 31 21 de
1644 1277 200 28 mousqueterie;
1854 1280 70 19 notre
1932 1283 53 21 per-

1511 1312 24 19 te
1548 1316 30 15 ne
1589 1310 38 22 fut
1639 1316 46 22 que
1698 1311 57 21 d’un
1767 1312 83 21 soldat
1868 1310 42 22 tué
1921 1310 23 22 &
1955 1311 31 21 de

1512 1344 118 26 quelques
1650 1343 103 22 blessés.
1768 1344 32 22 La
1813 1346 69 25 perte
1895 1345 43 20 des
1949 1350 36 15 re-

1512 1376 78 21 belles
1609 1376 37 22 fut
1657 1377 128 27 beaucoup
1806 1378 55 27 plus
1874 1377 113 22 considé-

1512 1409 67 21 rable
1591 1415 6 20 ;
1610 1410 18 21 il
1648 1409 66 22 n’est
1725 1411 143 26 cependant,
1876 1416 43 22 pas
1931 1416 56 22 pos-

1512 1442 63 21 sible
1587 1442 32 21 de
1631 1442 145 28 l’apprécier
1785 1449 29 15 au
1826 1443 75 28 juste,
1914 1449 73 21 parce

1512 1480 46 21 que
1566 1476 55 20 leur
1630 1478 115 19 coutume
1752 1475 64 23 étoit
1825 1477 59 20 dans
1894 1477 93 27 chaque

1512 1508 93 26 action,
1627 1508 152 28 d’emporter
1790 1515 60 16 avec
1862 1515 49 16 eux
1921 1510 66 22 leurs

1513 1543 77 20 morts
1602 1541 22 22 &
1636 1543 66 20 leurs
1715 1542 102 22 blessés.
1830 1542 69 23 Nous
1911 1549 30 16 en
1950 1543 38 28 ju-

1513 1575 99 27 geâmes
1626 1576 74 26 parle
1713 1581 61 23 sang
1781 1582 48 21 que
1840 1582 63 16 nous
1909 1577 78 21 vîmes

1513 1613 43 16 sur
1566 1609 23 20 le
1609 1609 93 21 terrein
1719 1609 72 27 qu’ils
1803 1609 103 22 avoient
1917 1615 71 16 occu-

1514 1640 38 28 pé,
1564 1640 23 22 <&
1596 1647 44 21 par
1650 1643 36 20 les
1699 1644 76 19 morts
1788 1647 47 23 que
1844 1648 65 16 nous
1921 1645 67 19 trou-

1515 1674 83 22 vâmes
1609 1675 61 21 dans
1682 1676 37 20 les
1731 1675 56 22 bois
1799 1681 45 22 par
1856 1676 31 21 où
1898 1677 31 20 ils
1944 1676 44 21 s’é-

1514 1708 80 21 toient
1617 1707 122 28 échappés
1751 1715 5 17 ;
1781 1715 27 15 ce
1830 1709 57 27 qu’il
1904 1716 17 22 y
1934 1716 13 15 a
1958 1710 30 21 de

1515 1741 49 25 sûr,
1576 1741 62 22 c'est
1654 1741 60 27 qu’il
1726 1741 82 23 furent
1826 1745 64 19 cette
1907 1743 48 22 fois
1966 1743 22 22 si

1516 1774 55 21 bien
1592 1780 81 22 reçus,
1698 1775 72 27 qu'ils
1792 1781 32 15 ne
1835 1775 83 22 furent
1935 1777 54 26 plus

1515 1806 80 23 tentés
1615 1807 41 28 d’y
1676 1808 111 26 revenir,
1801 1808 22 22 &
1835 1814 46 22 que
1892 1809 62 22 dans
1965 1810 23 20 la

1516 1841 62 21 suite
1590 1846 62 16 nous
1665 1841 80 21 fûmes
1763 1842 157 26 tranquilles,
1932 1848 58 16 sans

1517 1874 100 27 danger,
1639 1873 22 22 &
1679 1880 57 16 sans
1754 1875 114 21 allarmes
1885 1876 31 21 de
1936 1876 55 21 leur

1516 1910 61 24 part.
1596 1908 40 21 Au
1655 1908 60 21 bout
1735 1908 29 21 de
1775 1909 64 21 trois
1856 1909 132 26 semaines,

1517 1946 62 15 ceux
1594 1940 32 21 de
1648 1946 47 15 nos
1719 1941 92 21 soldats
1831 1942 42 26 qui
1893 1941 99 22 étoient

1517 1972 133 23 cantonnés
1667 1973 13 21 à
1697 1974 23 20 la
1739 1973 160 27 Vensolasca,
1912 1980 40 15 me
1962 1975 29 21 fi-

1517 2008 54 19 rent
1582 2006 94 21 avertir
1687 2006 59 27 qu’il
1754 2012 16 23 y
1779 2008 70 20 avoit
1858 2008 77 26 parmi
1944 2013 48 16 eux

1517 2040 105 21 nombre
1634 2039 30 22 de
1676 2040 117 26 malades,
1806 2041 41 26 qui
1862 2041 60 21 dans
1933 2041 61 21 l’ex-

1517 2072 99 23 trémité
1622 2073 32 21 où
1661 2074 32 20 ils
1699 2079 27 15 se
1733 2073 259 26 trouvoient,avoient

1518 2106 88 21 besoin
1626 2105 22 22 &
1668 2106 75 21 envie
1762 2106 31 21 de
1813 2112 27 15 se
1857 2106 134 22 confesser.

1520 2139 122 22 Persuadé
1654 2144 48 22 que
1715 2145 95 16 comme
1823 2140 16 21 il
1852 2146 31 15 ne
1901 2141 92 26 parais-

1519 2173 47 21 sait
1578 2173 56 27 plus
1642 2173 31 20 de
1684 2173 115 25 rebelles,
1807 2174 19 20 il
1833 2172 40 29 n’y
1882 2179 31 16 en
1924 2174 70 21 avoit

1519 2206 185 22 effectivement
1726 2207 66 26 plus,
1816 2205 21 22 &
1861 2212 46 22 que
1937 2208 56 21 tous

1519 2242 73 26 ayant
1603 2239 127 22 embrassé
1741 2240 24 21 le
1777 2241 63 26 parti
1862 2240 30 21 de
1904 2241 22 20 la
1939 2246 55 16 sou-

1519 2273 115 26 mission,
1644 2273 25 27 je
1681 2274 125 26 pourrois,
1831 2279 58 15 sans
1901 2274 92 27 risque,

1520 2312 39 16 me
1570 2307 89 21 rendre
1671 2305 34 22 où
1727 2306 49 22 l’on
1795 2306 163 28 m’appeîloit,
1968 2307 27 27 je

1520 2340 77 27 partis
1608 2339 168 28 accompagné
1788 2339 57 22 d’un
1857 2340 53 21 seul
1920 2339 75 22 misé-

1520 2374 66 21 rable
1601 2372 79 22 Corse
1695 2373 41 27 qui
1751 2373 86 22 devoit
1860 2379 40 16 me
1914 2374 82 21 servir

1520 2407 31 21 de
1561 2406 84 28 guide.
1657 2405 28 28 Je
1708 2405 94 22 n’avois
1814 2412 44 21 pas
1878 2406 44 22 fait
1933 2407 62 21 trois

1520 2440 78 25 mille,
1622 2439 60 28 qu’il
1706 2439 98 22 survint
1824 2445 48 16 une
1891 2440 68 27 pluie
1973 2441 21 20 si

1521 2473 111 22 horrible
1643 2478 47 22 que
1700 2475 57 20 tous
1763 2478 53 16 mes
1825 2473 81 22 habits
1913 2473 83 22 furent

1521 2507 13 22 à
1545 2506 113 22 l’instant
1669 2505 126 22 traversés
1804 2512 6 19 ;
1824 2512 62 21 pour
1898 2507 98 21 comble

1521 2540 31 21 de
1563 2540 124 27 disgrâce,
1699 2540 24 20 le
1735 2539 85 22 traître
1840 2540 41 27 qui
1893 2545 40 16 me
1945 2540 51 27 gui-

1522 2573 61 26 doit,
1598 2578 40 16 me
1649 2572 28 21 fit
1686 2572 102 22 tomber
1796 2574 69 19 entre
1870 2573 38 20 les
1916 2573 80 20 mains

1522 2607 30 20 de
1568 2605 124 28 plusieurs
1711 2605 116 25 rebelles,
1848 2605 41 28 qui
1902 2604 94 23 étoient

1522 2638 83 28 postés
1617 2638 56 28 près
1685 2639 31 21 de
1727 2644 40 15 ma
1777 2641 83 23 route,
1868 2637 21 23 &
1902 2639 41 27 qui
1956 2644 40 15 me

1522 2672 170 22 conduisirent
1708 2677 29 16 au
1750 2677 81 16 neveu
1843 2671 30 22 de
1884 2670 112 23 Théodo-

1522 2711 35 16 re.
1569 2705 30 22 Sa
1608 2705 105 22 retraire
1725 2704 62 22 étoit
1799 2709 64 22 pour
1868 2705 50 21 lors
1931 2703 13 22 à
1957 2705 39 21 six

2000 98 65 21 mille
2088 97 31 22 de
2137 95 119 23 l’endroit
2276 94 32 22 où
2328 91 87 28 j’avoit
2433 91 38 20 oie

2000 129 84 27 arrêté,
2106 130 60 21 dans
2178 134 48 16 une
2247 127 96 28 épaisse
2356 125 73 25 forêt,
2441 122 32 22 où

2000 163 121 28 plusieurs
2133 162 138 21 déserteurs
2280 160 29 21 de
2320 164 46 16 r.os
2374 160 100 24 troupes

2000 196 97 22 l'accom
2104 195 141 27 pagnoient.

2028 232 39 21 On
2090 236 140 22 commença
2254 234 43 22 par
2317 235 39 14 me
2371 227 60 22 faire
2445 232 29 15 en

2001 265 88 21 Italien
2096 264 122 28 plusieurs
2228 262 129 27 questions
2366 260 110 27 ausquel-

2000 299 36 20 lcs
2045 297 25 27 je
2083 297 94 28 feignis
2188 296 30 21 de
2232 301 31 16 ne
2274 295 56 21 rien
2343 296 54 18 ente
2405 292 70 25 ndre;

2000 333 184 27 quoiqu’effecti
2189 333 101 21 vement
2304 331 24 21 la
2337 330 89 26 langue
2439 327 38 28 qu’

2002 371 77 16 onme
2087 366 91 27 parloit
2188 372 30 15 ne
2227 371 40 16 me
2275 364 38 22 fut
2319 363 72 28 point
2398 362 77 21 étran-

2001 401 146 25 gère,-cette
2159 399 78 21 feinte
2250 404 40 15 me
2301 396 93 23 réussit
2407 402 30 14 en
2450 401 27 15 ce

2003 431 87 27 qu’elle
2106 431 98 27 obligea
2222 432 36 20 les
2269 430 108 22 rebelles
2386 428 12 22 à
2412 428 67 22 cher-

2004 464 59 22 cher
2080 470 33 16 un
2132 464 142 27 interprête,
2297 463 42 27 qui
2361 468 31 15 ne
2405 462 73 21 laissa

2004 503 42 21 pas
2059 497 30 21 de
2101 503 39 15 me
2152 497 95 25 servir;
2261 502 28 15 ce
2302 496 37 21 fut
2350 501 33 15 un
2396 493 83 22 déser-

2003 530 56 20 teur
2079 530 33 21 du
2139 529 133 28 Régiment
2301 528 161 26 d’Auvergne
2470 532 6 19 ;

2005 566 75 27 ayant
2095 564 89 22 trouvé
2195 570 91 23 moyen
2299 564 32 21 de
2341 563 36 22 lui
2390 563 92 28 glisser

2005 604 32 16 un
2049 597 44 23 écu
2106 599 30 21 de
2147 599 40 21 six
2196 599 87 25 livres,
2297 603 57 16 sans
2367 603 48 21 que
2427 601 53 22 per-

2007 636 78 17 sonne
2096 631 52 22 s’en
2160 633 124 26 apperçut,
2293 631 17 21 il
2323 629 158 23 m’instruisit

2006 664 30 21 de
2051 666 55 20 tout
2114 670 28 15 ce
2154 665 40 27 qui
2207 670 26 16 se
2245 662 122 23 tramoilà
2379 664 23 20 la
2415 662 65 22 Cour

2007 697 30 21 de
2056 703 28 15 ce
2103 697 161 22 malheureux
2285 696 139 22 Souverain
2437 701 5 15 :
2464 695 17 21 il

2008 739 38 15 me
2059 733 37 21 dit
2107 733 75 27 qu’un
2202 734 44 20 des
2259 733 100 25 Corses,
2373 733 36 20 les
2427 732 67 26 plus,

2007 765 110 22 attachés
2129 765 13 22 à
2154 766 23 21 la
2189 771 123 22 personne
2329 766 31 20 de
2379 765 33 21 M.
2426 763 55 22 Fré-

2008 797 77 26 déric,
2106 797 92 29 (c’étoit
2210 799 22 21 le
2243 804 58 16 nom
2314 799 31 20 du
2359 803 79 16 neveu
2450 797 31 21 de

2007 830 140 26 Théodore)
2159 837 27 15 se
2198 831 184 22 trouvoitalors
2395 830 87 27 auprès

2008 866 31 21 de
2044 866 68 26 lui,&
2121 873 39 15 me
2167 867 183 22 reconnoissoit
2358 873 64 21 pour
2431 867 50 21 être

2007 899 157 22 l'Aumônier
2180 901 41 26 qui
2237 901 71 21 avoit
2319 899 105 23 exhorté
2436 899 13 22 à
2460 900 23 20 la

2008 936 64 20 mort
2092 940 45 16 son
2154 936 80 25 oncle,
2256 935 81 22 arrêté
2348 942 44 21 par
2404 936 34 21 M.
2452 935 29 21 de

2009 966 109 22 Valence
2130 967 22 21 &
2163 968 83 27 pendu
2253 974 45 21 par
2305 969 37 20 les
2354 969 87 21 ordres
2453 968 29 20 de

2010 999 33 22 M.
2057 1000 29 21 de
2100 999 133 28 Contades,
2247 1007 64 21 pour
2322 1002 75 21 avoir
2409 1002 73 20 voulu

2009 1035 61 21 faire
2081 1042 86 20 passer
2184 1043 47 15 aux
2245 1037 106 21 rebelles
2368 1037 68 22 l’état
2451 1037 32 20 du

2009 1068 94 22 renfort
2113 1069 73 27 qu’on
2198 1070 70 21 avoit
2278 1071 49 20 mis
2336 1071 61 20 dans
2410 1069 74 22 Ghis-

2010 1102 55 21 soni
2075 1108 5 14 :
2099 1103 18 20 il
2134 1102 113 28 m’ajouta
2270 1108 47 22 que
2335 1105 39 19 cet
2384 1103 100 21 homme

2010 1138 108 26 pressoit
2137 1138 161 22 instamment
2318 1139 34 21 M.
2373 1138 113 22 Frédéric

2011 1171 29 20 de
2053 1176 95 22 venger
2160 1177 43 15 sur
2214 1172 51 21 moi
2276 1173 23 20 la
2319 1174 66 19 mort
2396 1172 31 21 de
2439 1177 45 16 son

2011 1204 81 24 oncle,
2113 1204 61 21 dont
2186 1204 17 21 il
2216 1205 70 20 avoit
2298 1210 30 15 eu
2341 1205 23 20 la
2382 1205 105 21 douleur

2011 1236 30 20 de
2060 1236 56 21 voir
2127 1235 159 28 l’exécution,
2300 1243 58 15 sans
2378 1237 110 27 pouvoir

2012 1271 35 30 s’y
2061 1278 113 22 opposer,
2188 1273 94 22 n’étant
2294 1280 44 21 pas
2350 1280 30 15 en
2393 1273 51 22 état
2455 1274 31 21 de

2011 1306 23 21 le
2045 1306 62 21 faire
2118 1312 62 16 avec
2197 1308 24 20 le
2232 1313 48 21 peu
2295 1308 89 21 d’amis
2402 1308 40 27 qui
2459 1313 27 15 se

2012 1340 143 21 trouvoient
2174 1346 61 15 avec
2246 1341 43 25 lui,
2302 1347 44 15 sur
2356 1342 24 20 la
2392 1343 97 20 monta-

2012 1378 48 20 gne
2068 1373 32 21 où
2112 1373 18 21 il
2142 1373 36 22 fut
2188 1375 24 20 le
2224 1374 73 21 triste
2308 1376 141 25 spectateur
2458 1375 29 21 de

2011 1408 131 30 l'injustice
2149 1409 23 22 &
2181 1410 30 21 de
2220 1411 22 20 la
2252 1410 101 22 cruauté
2360 1411 45 21 des
2415 1411 73 21 Fran-

2013 1442 61 27 çois.
2087 1442 69 21 Dans
2168 1443 22 21 le
2208 1445 81 25 temps
2302 1450 48 21 que
2363 1446 38 19 cet
2415 1444 74 21 inter-

2012 1476 69 26 prète
2098 1475 175 23 m’instruisoit
2289 1477 64 21 ainsi
2377 1478 32 20 du
2430 1478 58 20 dan-

2012 1514 45 22 ger
2068 1509 111 21 extrême
2198 1510 41 26 qui
2253 1516 40 15 me
2307 1511 135 27 menaçoit,
2455 1516 32 15 on

2013 1544 55 22 vint
2079 1545 125 22 m’avertir
2218 1546 59 27 qu’il
2290 1546 80 22 falloit
2382 1547 107 27 paroître

2014 1577 91 22 devant
2116 1578 35 22 M.
2165 1578 124 23 Frédéric.
2303 1579 144 28 Quoiqu’on
2456 1580 34 21 ef-

2014 1610 44 27 fet,
2070 1612 87 27 rempli
2176 1612 30 21 de
2219 1612 105 28 frayeur,
2340 1613 27 27 je
2383 1619 41 15 me
2435 1613 54 27 pré-

2014 1645 78 20 sentai
2114 1645 91 21 devant
2216 1645 37 22 lui
2270 1651 63 16 avec
2350 1648 83 20 toutes
2453 1647 37 20 les

2015 1686 151 22 apparences
2175 1682 30 21 de
2217 1682 23 21 la
2253 1683 54 26 plus
2319 1683 96 27 grande
2426 1685 65 19 tran-

2015 1713 105 28 quillité.
2135 1714 19 22 Il
2167 1715 63 22 étoit
2241 1715 169 28 accompagné
2422 1716 30 21 de
2466 1722 25 22 15

2015 1753 139 21 personnes
2166 1749 30 20 de
2212 1754 44 16 son
2269 1749 63 27 parti
2343 1756 5 15 :
2363 1750 18 20 il
2401 1755 39 16 nie
2450 1750 42 20 de-

2015 1781 88 21 manda
2132 1781 100 22 d’abord
2259 1783 116 21 combien
2398 1782 92 28 j’avois

2015 1816 41 21 tué
2068 1817 31 21 de
2111 1818 89 21 monde
2209 1817 12 21 ?
2231 1818 29 26 Je
2270 1819 35 20 lui
2317 1818 120 28 répondis
2453 1819 38 21 in-

2015 1849 149 27 génuement
2171 1855 47 22 que
2222 1851 26 27 je
2258 1857 30 15 ne
2295 1851 87 22 faisois
2391 1853 23 20 la
2421 1857 71 22 guer-

2017 1888 26 16 re
2055 1882 91 28 qu’aux
2157 1883 100 27 péchés,
2269 1884 23 21 &
2303 1891 59 15 sans
2379 1885 62 22 faire
2452 1891 41 15 au-

2017 1921 46 16 cun
2072 1917 48 20 mal
2126 1922 49 15 aux
2182 1916 127 28 pécheurs.
2317 1917 20 22 Il
2344 1924 39 15 me
2391 1919 102 21 deman-

2017 1949 31 21 da
2066 1949 97 22 ensuite
2187 1955 65 22 pour
2273 1952 81 25 quelle
2373 1952 83 21 raison
2467 1952 26 26 je

2017 1985 94 22 n’avois
2123 1985 71 28 point
2213 1987 52 26 pris
2285 1987 134 27 d’escorte,
2437 1988 22 21 &
2470 1989 23 20 si

2016 2019 25 27 je
2051 2019 95 22 n’avois
2158 2026 43 21 pas
2211 2020 31 21 du
2256 2021 84 22 moins
2358 2022 44 21 des
2414 2028 80 15 armes

2018 2061 42 15 sur
2071 2056 49 21 moi
2130 2056 13 21 ?
2152 2055 29 27 Je
2191 2057 36 20 lui
2241 2056 121 28 répondis
2385 2058 110 27 qu’étant

2020 2088 91 26 Prêtre,
2124 2089 22 21 &
2159 2095 30 15 ne
2198 2089 92 22 faisant
2302 2096 48 22 que
2362 2091 90 22 l’office
2463 2092 32 21 de

2019 2123 93 27 Prêtre,
2131 2125 90 27 j’avois
2236 2132 43 15 cru
2297 2126 99 23 n’avoir
2408 2128 88 21 besoin

2019 2158 25 21 ni
2056 2157 114 27 d’armes,
2183 2160 25 20 ni
2221 2159 124 22 d’escorte
2357 2162 78 26 parmi
2453 2162 43 21 des

2019 2190 133 23 Chrétiens
2158 2192 113 22 instruits
2278 2193 30 21 de
2316 2194 56 21 leur
2378 2195 117 27 religion.

2020 2227 20 21 Il
2049 2227 54 22 vint
2113 2229 95 20 ensuite
2220 2228 12 21 à
2246 2235 48 15 une
2305 2231 125 25 question,
2443 2231 51 26 qui,

2020 2264 187 26 probablement
2218 2264 88 23 n’étoit
2318 2271 44 21 pas
2374 2267 23 20 la
2415 2267 82 21 moins

2021 2297 143 22 essentielle
2174 2303 60 22 poui
2250 2299 45 20 lui.
2305 2298 22 22 &
2340 2305 41 16 me
2399 2300 98 21 deman-

2021 2330 30 21 da
2069 2331 116 21 combien
2203 2331 92 27 j’avois
2307 2331 113 29 d’argent
2427 2333 13 21 ?
2455 2333 41 21 Ma

2020 2365 107 28 réponse
2150 2367 42 26 fut.
2209 2367 31 22 de
2261 2368 34 21 lui
2315 2371 119 20 remettre
2458 2375 39 16 ma

2021 2400 98 26 bourse,
2130 2401 59 20 dans
2201 2401 107 27 laquelle
2322 2402 18 21 il
2350 2408 27 15 se
2386 2403 114 21 trouvoit

2020 2434 66 21 alors
2098 2435 22 20 la
2132 2435 87 20 valeur
2227 2434 31 21 de
2265 2435 67 21 deux
2340 2436 68 21 louis
2420 2442 29 15 en
2461 2442 38 16 ar-

2022 2468 68 26 gent,
2110 2467 110 22 dix-huit
2237 2473 30 16 en
2290 2468 89 27 espèce
2398 2469 63 22 d’or.
2475 2469 23 22 &

2021 2500 120 27 quelques
2154 2506 139 23 monnoyes
2312 2502 32 21 de
2361 2502 96 22 Gênes.

2188 2556 10 26 (
2202 2555 147 29 Cuntinua)

2022 2665 97 22 Aiacciu
2128 2677 29 4 —
2168 2665 133 30 Stamparia
2314 2667 24 21 di
2353 2668 23 21 A
2387 2668 104 27 Muvra,

2023 2711 14 14 u
2051 2703 238 25 Diretlore-Gerente:
2298 2706 70 22 Petru
2380 2706 112 24 ROCCA.

33 2827 97 25 Fuglittinu
138 2832 20 18 dj
165 2833 21 17 A
191 2831 81 19 Muvra
280 2840 19 4 —
303 2835 20 13 n.
330 2830 34 18 136
368 2839 17 4 —
393 2829 18 18 di
417 2833 12 14 u
434 2827 63 19 9-8-30

55 2895 241 55 PASQOALE
327 2891 147 51 PA0L1

229 2971 66 19 OSSIA
310 2975 4 4 -

72 3014 35 37 La
125 3016 80 37 Rotla
221 3016 31 37 di
267 3016 176 36 Poalenum

35 3072 268 29 RÀCONTOCORSO
309 3072 187 26 DELSECOLO

217 3116 84 23 XVIII

221 3161 4 3 -
250 3160 24 17 DI

122 3202 33 24 F.
170 3204 35 24 D.
222 3201 176 27 Guerrazsd

61 3267 48 25 Non
128 3271 112 30 impedilo
252 3272 30 22 da
301 3277 54 16 cosa
367 3270 44 21 che
430 3268 35 29 gli
477 3267 22 21 si

38 3304 89 22 Parasse
147 3313 42 21 per
210 3306 24 22 la
244 3304 82 23 strada
348 3302 110 24 molesta,
482 3299 17 22 il

36 3329 90 30 Massesi
137 3340 77 22 arrivé
224 3347 14 14 a
245 3338 91 25 Bastia,
346 3336 60 23 dove
418 3334 82 23 chiese

36 3367 85 26 parlare
132 3373 37 22 col
183 3373 121 22 marchesc
321 3371 28 27 di.
357 3367 142 26 Chauvelin,

37 3401 23 17 Se
71 3406 41 18 non
124 3405 43 22 che
177 3406 78 29 qucsli
268 3406 24 21 di
304 3405 76 22 salule
397 3402 103 23 infermo

39 3434 44 32 e.Su
95 3435 20 22 le
126 3445 77 16 mosse
215 3440 24 21 di
252 3439 89 29 parlire
360 3443 43 20 per
423 3435 78 22 Fran-

40 3467 38 23 e*a»
90 3467 134 27 lorimandô
237 3473 23 21 al
271 3473 69 21 conte
349 3466 150 26 diMarbeuf.

99 3502 96 32 disegno
214 3504 37 24 d'ci
277 3507 68 20 conte
365 3501 136 29 accogliere

40 3531 149 42 j^erbamente
208 3539 16 22 il
238 3537 160 29 messaggiere
404 3535 24 22 di
441 3534 60 21 Pao-

49 3566 14 19 L
80 3564 64 33 largli
166 3578 30 15 un
214 3571 110 23 rabbufîo
345 3570 22 21 di
384 3568 60 22 male
459 3573 42 22 pa-

39 3594 51 29 l0^
100 3607 12 15 e
123 3609 69 18 senza
204 3605 97 26 leggere
309 3604 92 24 lctlere,
410 3603 31 20 nè
450 3599 51 23 udi-

71 3633 148 32 arnbascialc,
233 3638 138 28 respingere
384 3635 16 21 il
419 3633 82 29 tapino

38 3663 98 32 nratoim;
148 3671 94 28 quando
254 3671 40 29 poi
307 3670 33 28 gli
359 3668 29 22 fu.
402 3665 99 23 davanli

38 3696 6 14 1
63 3693 126 32 bellissimo
210 3705 111 27 giovane,
331 3708 13 15 e
362 3701 24 21 in
398 3697 103 24 modesli

37 3726 46 28 allb
94 3733 89 25 sofî'uso
195 3737 18 22 il
227 3737 66 23 volto
305 3736 24 22 di
340 3738 105 20 rossore,
465 3730 36 30 gli

524 2828 82 21 mancô
619 2827 96 22 I'animo
721 2824 152 23 dimoslrarsi
880 2826 113 20 scorlese.

523 2861 76 22 Tanta
611 2860 62 22 virtù
685 2858 132 23 esercitala
827 2857 167 23 bellezzaanco

523 2895 37 22 nei
574 2894 40 29 più
626 2893 52 22 duri
693 2894 6 20 !
711 2892 68 22 Onde
790 2897 69 23 pre.se
871 2891 22 22 la
901 2891 92 25 Jettera,

524 2929 22 21 la
558 2928 64 21 lesse
633 2934 12 15 e
658 2927 39 28 poi
710 2925 143 23 incominciò
864 2931 13 15 a
895 2924 101 21 inlerro-

523 2968 58 22 gare
592 2960 89 23 Malleo
692 2965 44 16 con
752 2958 85 29 parole
858 2960 89 19 oneste.
960 2957 35 22 Da

525 2995 75 29 prima
612 2996 13 20 è
633 2993 30 22 da
675 2992 105 23 credersi
792 2991 46 22 che
861 2991 16 21 il
903 2990 93 22 facesse

524 3035 70 15 senza
604 3027 88 22 caltiva
709 3025 143 26 intenzione,
865 3030 37 15 ma
913 3029 84 23 proee-

525 3061 76 22 dendo
614 3059 38 23 nel
659 3058 121 30 colloquio
787 3059 104 27 présent!
899 3059 98 26 poterne

525 3100 86 17 eavare
625 3092 102 30 qualche
747 3093 117 20 coslrullo
885 3089 37 30 pci
943 3089 53 22 suoi

525 3128 40 22 fini
576 3135 6 19 ;
601 3127 94 22 almeno
714 3124 35 30 gli
768 3130 79 23 parve,
860 3123 43 22 che
914 3123 82 21 valeva

525 3161 17 22 il
554 3160 82 30 pregio
644 3159 102 23 lenlarlo
756 3165 5 20 ;
771 3158 76 22 allora
856 3156 76 22 disse:
942 3157 56 20 trat-

527 3195 57 22 tarsi
596 3194 24 21 (li
632 3193 102 29 negozio
742 3198 83 23 grave,
838 3197 46 15 non
895 3189 102 30 polergli

526 3227 98 23 rendere
636 3227 105 28 risposla
751 3231 72 16 senza
836 3229 98 16 averere
944 3229 54 15 con-

525 3261 91 22 sultalo
628 3259 77 28 prima
711 3258 17 21 il
737 3256 117 29 consiglio
863 3256 23 21 di
896 3261 85 22 goerra
990 3262 7 18 ;

526 3291 136 25 fermassesi
671 3299 6 14 :
691 3291 42 28 qui
744 3290 68 21 volto
821 3288 30 23 ad
860 3294 31 16 un
896 3287 103 28 giovane

526 3329 108 21 cornetta
645 3324 63 22 délia
719 3323 126 22 fisonomia
853 3321 103 28 maligna
969 3319 29 22 da

525 3362 98 22 vincere
638 3364 45 16 una
696 3355 118 26 scimmia,
825 3354 35 29 gli
872 3354 77 21 disse:
962 3352 37 22 Si-

526 3401 60 22 gnor
596 3392 73 28 Tilly,
682 3391 24 22 ib
717 3388 127 23 loconfido
857 3394 12 14 a
881 3386 51 27 voi;
944 3385 55 22 ado-

527 3426 103 30 peratevi
642 3423 88 30 perché
741 3423 84 28 quesio
837 3419 97 30 giovine
942 3424 58 22 gcn-

527 3461 101 23 tiluomo
639 3464 46 15 non
696 3456 20 21 si
729 3454 71 23 annoi
815 3456 93 26 troppo.

554 3494 19 22 E
586 3493 16 22 il
615 3492 105 22 cornetta
734 3493 69 16 senza
826 3485 130 23 cerimonie
966 3485 35 20 in-

528 3524 137 26 trecciando
685 3522 17 22 il
723 3520 97 30 proprio
838 3518 97 22 braccio
961 3516 38 22 col

527 3559 98 23 braccio
637 3557 23 21 di
672 3556 49 21 lui:
732 3566 27 5 —
765 3553 60 21 Vien
836 3557 75 19 meco,
924 3549 16 22 il
952 3549 48 22 mio

527 3600 56 15 caro
594 3589 161 24 orsacchioLlo
775 3591 78 19 corso,
861 3583 34 29 gli
907 3582 92 25 diceva,

528 3630 24 18 tu
562 3625 47 22 slai
622 3630 41 23 per
673 3618 151 26 bubbolarmi
837 3618 23 21 la
869 3621 83 24 ganza,
963 3621 36 14 ma

526 3665 47 16 non
593 3658 102 27 importa
705 3661 6 19 ;
724 3661 14 15 a
756 3653 114 22 ciascuno
892 3652 67 18 tocca
976 3647 23 21 la

527 3693 23 21 la
561 3697 43 16 sua
617 3689 37 22 vol
658 3691 21 19 ta
689 3696 8 18 ;
709 3686 96 29 quando
817 3684 69 22 verrô
898 3689 13 15 a
930 3681 71 22 Corte

529 3725 19 23 li
559 3723 86 24 rubero
658 3722 22 21 la
694 3723 54 23 tua;
760 3730 29 6 —
798 3723 14 17 e
824 3717 37 22 via
869 3716 41 21 via
921 3720 45 16 con
976 3713 24 22 la

1021 2822 106 23 vivacité
1138 2822 114 21 consueta
1263 2820 24 21 ai
1300 2818 122 27 Francesi,
1436 2823 61 16 mas-

1022 2855 61 22 sime
1092 2861 27 15 se
1131 2853 100 30 giovani
1254 2859 13 15 e
1280 2852 93 29 allégri,
1391 2851 80 29 capaci
1483 2857 12 15 a

1022 2888 38 23 far
1070 2891 80 19 tacere
1163 2887 17 21 il
1200 2887 40 28 più
1264 2885 142 23 assordante
1415 2890 81 22 passe-

1023 2922 50 22 raio
1089 2921 45 21 che
1152 2920 47 22 mai
1217 2919 104 22 s’udisse
1331 2924 74 22 sopra
1422 2917 72 24 olmo,

1023 2956 99 21 aecanlo
1142 2952 48 23 alla
1211 2952 96 23 fonlana
1320 2952 38 22 del
1373 2950 121 29 villaggio.

1022 3001 30 4 —
1060 2987 28 22 Ei
1100 2987 23 21 lo
1135 2986 120 23 condusse
1266 2993 15 14 a
1293 2991 87 23 pranzo
1393 2984 23 21 in
1433 2990 63 16 com-

1024 3021 85 29 pagnia
1122 3020 23 22 di
1161 3019 101 23 ufficiali
1274 3019 42 28 più
1336 3025 13 16 0
1366 3023 67 16 meno
1444 3023 51 16 sca-

1024 3054 99 29 peslrati
1139 3053 24 21 di
1175 3053 43 25 lui,
1237 3059 37 14 ma
1287 3049 208 32 scapestratissimi

1025 3088 63 22 tutti.
1096 3085 73 29 Quali
1175 3085 93 22 fossero
1275 3085 9 22 i
1292 3083 203 24 coslumidiFran-

1025 3121 45 26 cia,
1084 3120 77 22 allora
1172 3119 6 21 i
1191 3118 57 22 Iibri
1257 3117 104 23 francesi
1372 3116 100 27 dissero,
1483 3122 13 15 e

1024 3154 56 28 ogni
1101 3153 84 28 giorno
1207 3151 127 22 ricordano
1356 3149 97 22 Lullavia
1462 3157 7 18 ;
1483 3155 12 16 a

1025 3187 39 22 aoi
1081 3187 53 22 sarà
1148 3185 65 22 bella
1233 3184 93 22 tacerlo
1334 3191 6 18 ;
1362 3181 51 23 solo
1432 3184 64 19 tanlo

1025 3227 30 15 ne
1065 3220 64 22 basti
1140 3218 45 23 che
1195 3217 18 22 il
1225 3217 107 22 Voltaire
1340 3217 85 27 poleva
1436 3221 60 16 seer-

1025 3260 26 15 re
1062 3252 30 22 ad
1104 3252 141 27 argomento
1257 3249 25 22 di
1304 3248 85 29 po’enia
1405 3247 92 25 lubriço

1025 3286 25 21 la
1059 3291 70 16 sacra
1142 3283 180 29 magnanimité,
1332 3287 12 15 e
1362 3281 16 21 il
1392 3280 105 22 marlirio

1026 3317 63 22 délia
1110 3317 99 28 vergine
1227 3315 124 23 orleanese
1363 3313 135 22 libératrice

1026 3351 62 21 délia
1101 3349 111 26 Francia,
1223 3351 31 19 nè
1262 3347 52 22 solo
1325 3346 15 21 il
1353 3349 94 25 poleva,
1460 3352 37 15 ma

1026 3389 72 16 erane
1109 3383 91 21 lodato.
1214 3381 51 22 Non
1279 3385 58 24 pure
1348 3379 22 21 ai
1384 3379 69 29 lempi
1474 3378 22 22 di

1027 3417 37 21 cui
1077 3415 139 22 favelliamo
1226 3418 119 24 sapevano
1358 3412 8 21 i
1386 3411 112 23 Francesi

1027 3449 114 22 decorare
1152 3447 17 22 il
1181 3447 64 22 vizio
1253 3452 44 15 con
1309 3443 131 30 l’eleganze
1449 3444 51 21 dél-

1027 3482 23 21 ié
1060 3480 94 30 grazie;
1168 3480 116 21 bensiora
1294 3477 205 29 saecheggiavano

1027 3514 23 21 le
1061 3512 96 23 antiche
1169 3519 13 15 e
1194 3512 113 22 moderne
1319 3510 83 21 scuole
1413 3509 23 22 di
1448 3509 52 22 filo-

1027 3546 59 23 sofia
1097 3552 42 22 per
1158 3551 44 16 con
1205 3545 75 21 ferma
1284 3541 44 30 rgli
1339 3542 18 21 il
1370 3549 81 22 regno,
1470 3542 29 21 ed

1027 3577 157 29 acerescergli
1196 3576 114 22 dominio.
1324 3574 87 23 Malleo
1418 3574 81 23 sobrio

1026 3619 43 21 per
1080 3610 129 26 desiderio,
1227 3610 22 21 si
1260 3609 69 22 trovô
1344 3608 26 20 di
1389 3611 71 25 punto
1475 3607 23 21 in

1027 3645 84 22 bianco
1126 3646 35 19 Ira
1173 3643 23 22 le
1214 3641 195 23 eommessazioni
1425 3641 22 21 di
1467 3645 31 16 un

1026 3676 122 23 Mirabeau
1169 3675 97 28 giovine
1286 3673 23 21 di
1327 3673 64 22 venti
1407 3675 93 27 quatlro

1027 3710 64 26 anni,
1111 3708 39 22 del
1172 3706 154 25 Dumouriez,
1344 3704 75 30 fìgaro
1436 3705 63 22 délia

1524 2815 138 23 monarchia
1675 2815 116 27 francese,
1802 2822 13 15 e
1825 2814 22 23 di
1860 2815 60 22 allia
1928 2817 70 26 gente

1524 2849 23 22 di
1566 2849 81 22 siffala
1667 2849 74 21 risina
1755 2855 5 20 ;
1780 2848 154 29 immaginale
1953 2848 44 22 die

1524 2881 100 27 lorrentj
1635 2881 24 22 di
1676 2881 53 22 lava
1748 2880 106 23 infocata
1874 2880 124 23 dovevano

1523 2921 115 23 sgorgare
1650 2915 64 21 dalle
1731 2914 84 22 Jabbra
1827 2913 39 22 del
1874 2913 124 22 Mirabeau

1523 2955 13 15 a
1549 2948 162 29 venliquallro
1719 2947 54 22 anni
1783 2947 6 22 !
1799 2949 97 26 pensale
1908 2947 48 22 alla
1964 2947 34 28 gi-

1523 2981 100 22 randola
1640 2981 37 21 de’
1698 2980 67 22 molli
1778 2981 80 28 arguli
1871 2980 44 22 che
1931 2986 67 22 seop-

1523 3015 106 28 pietlava
1637 3020 28 15 su
1679 3013 24 22 la
1713 3014 73 21 bocca
1794 3013 38 22 del
1839 3013 145 22 Dumouriez
1992 3013 5 21 !

1523 3047 27 22 Ci
1565 3053 41 16 era
1619 3047 28 22 da
1660 3047 52 22 fare
1724 3047 96 28 fuggire
1831 3047 23 22 la
1866 3047 62 21 virlù
1950 3053 48 15 ros-

1523 3087 26 15 sa
1565 3087 69 15 corne
1646 3086 46 15 una
1715 3080 103 26 fravola,
1832 3086 45 15 con
1896 3079 22 22 le
1935 3079 63 22 mani

1523 3120 27 15 su
1561 3113 35 29 gli
1607 3113 106 26 orecehi,
1726 3119 23 20 e,
1757 3119 70 16 corsa
1834 3119 13 15 a
1858 3112 141 29 rimpiallar-

1523 3147 20 21 si
1556 3149 35 19 Ira
1600 3146 23 22 le
1632 3145 304 30 pieghe-déliasanlissima
1941 3145 60 21 Ver-

1523 3180 65 28 gine,
1600 3186 47 15 non
1664 3179 20 22 si
1704 3181 94 20 Irovarc
1816 3181 29 19 nè
1871 3184 85 17 manco
1976 3179 23 21 in

1525 3219 78 15 mezzo
1616 3219 13 15 a
1648 3212 80 29 quelle
1748 3212 90 21 sicura.
1852 3211 24 22 Si
1889 3212 111 27 frequen-

1525 3247 85 20 tavano
1623 3247 13 19 è
1653 3244 93 27 veroje
1757 3244 88 26 chiese,
1859 3250 37 15 ma
1913 3250 47 15 non
1978 3243 21 22 si

1525 3277 101 23 credeva
1637 3277 23 21 in
1673 3277 54 26 Dio,
1737 3276 77 22 donde
1827 3282 90 22 nacque
1929 3276 23 22 la
1961 3282 40 23 gc-

1525 3310 125 23 nerazione
1663 3310 39 21 dei
1718 3309 71 29 preli,
1807 3309 44 22 che
1864 3309 63 22 dette
1947 3307 53 30 quel

1525 3343 116 22 Lomenie
1654 3342 103 23 Brienne
1768 3343 17 21 il
1803 3343 72 28 quale
1886 3344 115 27 proposto

1525 3384 13 14 a
1551 3376 71 29 Luigi
1630 3375 54 23 XVI
1696 3383 44 21 per
1759 3375 155 22 arcivescovo
1925 3375 24 21 di
1959 3375 42 21 Pa-

1525 3409 45 29 rigi
1578 3409 53 22 fece
1642 3409 51 21 dire
1706 3408 55 29 quel
1770 3408 123 22 meschino
1904 3416 38 13 :—
1952 3407 50 22 alii-

1526 3444 37 19 raè
1571 3442 5 21 !
1600 3441 176 29 bisognerebbe
1789 3441 93 22 almeno
1895 3441 44 22 cbe
1950 3440 53 23 l’ar-

1525 3475 127 22 civescovo
1665 3474 23 21 di
1700 3473 80 29 Parigi
1793 3474 110 21 credesse
1911 3474 25 21 in
1947 3474 54 21 Dio.

1525 3519 30 4 —
1562 3505 39 23 Gli
1622 3506 100 27 anlichi,
1736 3506 156 22 conducendo
1904 3507 7 20 i
1931 3506 71 22 Numi

1526 3547 28 15 su
1563 3540 23 22 la
1599 3543 71 22 Lerra,
1683 3542 67 19 cerlo
1761 3545 108 15 avevano
1888 3545 115 16 concesso

1526 3574 47 21 alla
1586 3572 98 22 materia
1708 3574 83 26 troppa
1804 3574 73 25 parle,
1884 3578 14 15 a
1909 3572 94 28 scapiLo

1526 3605 64 22 dello
1601 3605 94 28 spirilo,
1710 3611 38 15 nia
1759 3604 8 22 i
1780 3604 113 22 Francesi
1905 3606 100 20 metlen-

1527 3639 31 21 do
1568 3638 25 21 la
1605 3637 101 22 materia
1719 3637 23 21 in
1753 3637 61 21 cielo
1827 3644 12 14 e
1847 3637 24 21 in
1878 3640 64 19 lerra
1949 3643 56 16 ven-

1526 3677 57 15 nero
1596 3677 12 15 a
1625 3676 82 16 creare
1719 3670 73 21 unico
1803 3669 46 22 Dio
1862 3669 16 22 il
1890 3671 98 27 piaeere
1997 3677 6 13 :

1527 3711 13 15 e
1552 3709 101 24 parvero
1664 3702 77 23 allora
1750 3703 121 22 anacoreii
1879 3702 74 29 quelli
1961 3702 44 22 che

2024 2815 160 22 emendarono
2195 2815 24 22 la
2230 2815 104 23 doLLrina
2344 2816 24 22 di
2380 2818 121 29 Aristippo

2025 2852 49 20 cos!
2083 2858 6 13 :
2103 2851 36 22 sia
2152 2851 44 21 Dio
2210 2851 17 21 il
2238 2852 96 28 piaeere
2346 2859 13 16 a
2378 2856 66 26 patio
2457 2854 44 22 che

2024 2892 47 15 non
2081 2886 71 22 abbia
2174 2893 42 22 per
2232 2888 126 22 sacerdole
2371 2889 16 21 il
2408 2889 92 23 delilto.

2024 2921 111 23 Vennero
2146 2923 74 22 bocce
2237 2924 24 21 di
2273 2924 58 22 vino
2344 2924 23 22 di
2380 2924 123 30 Sciampa-

2024 2964 55 22 gna,
2092 2964 103 16 vennero
2208 2959 87 27 donne,
2313 2960 79 22 donne
2404 2968 14 14 e
2429 2961 74 22 bocce

2024 2993 94 29 spedite
2130 2994 24 22 di
2163 2994 102 23 Francia
2274 3003 6 20 ;
2291 3003 13 15 e
2316 2996 47 22 due
2375 2997 23 21 di
2412 3000 91 19 colesle

2026 3029 134 30 cortigiane
2173 3031 21 21 si
2207 3037 88 22 posero
2315 3033 24 21 in
2353 3039 80 16 mezzo
2445 3033 59 22 Mat-

2027 3068 47 24 leo,
2086 3073 14 15 e
2112 3067 100 28 piacque
2220 3068 29 21 ad
2261 3068 118 22 ambedue
2390 3076 5 19 ;
2407 3076 37 15 ma
2457 3070 46 28 egli

2025 3101 44 22 che
2086 3104 68 26 polrà
2176 3103 95 22 vincere
2284 3104 18 21 il
2309 3104 126 27 -rimorso,
2457 3112 46 15 non

2026 3144 74 22 seppe
2115 3137 97 23 vincere
2224 3139 16 21 il
2264 3139 101 29 pndore,
2381 3147 13 15 e
2406 3141 21 22 si
2439 3142 65 21 svin-

2026 3173 53 22 colô
2090 3173 64 22 dalle
2171 3175 95 21 braccia
2288 3175 62 23 delle
2372 3177 61 22 male
2446 3177 57 23 fém-

2026 3209 71 26 inine,
2110 3216 45 15 con
2179 3210 104 29 dispetlo
2301 3212 61 26 loro,
2387 3213 80 22 ilarità
2480 3214 25 21 di

2026 3245 64 26 tutti,
2103 3245 44 22 che
2157 3245 107 23 vedendo
2276 3247 18 21 il
2302 3248 98 27 giovine
2410 3255 95 15 menare

2027 3280 81 23 calcie
2119 3282 141 27 sergozzoni
2271 3289 31 16 ne
2313 3284 192 23 smascellavano

2027 3316 64 22 dalle
2108 3317 56 27 risa,
2186 3318 100 23 urlando
2302 3327 6 14 :
2328 3332 28 5 —
2369 3319 52 23 Due
2439 3321 38 22 vol
2481 3324 22 19 Le

2028 3352 134 30 Giuseppe!
2176 3354 47 22 due
2231 3355 67 22 voile
2308 3356 6 21 !
2323 3367 29 5 —
2364 3356 47 21 Per
2423 3357 82 22 ultimo

2028 3389 7 21 i
2047 3389 98 28 giovani
2157 3390 60 21 sazii
2229 3390 25 21 di
2265 3390 58 23 here
2335 3397 13 15 e
2360 3391 65 23 délia
2445 3393 60 22 inve-

2028 3424 105 22 reconda
2155 3426 126 27 petulansa
2306 3427 65 22 délie
2385 3428 120 27 féminine,

2029 3460 138 22 caeciarono
2177 3461 62 22 fuori
2251 3462 22 21 di
2286 3462 97 23 fîneslra
2393 3464 24 21 le
2426 3464 79 26 bocce,

2029 3502 13 14 e
2053 3496 62 21 fuori
2137 3497 62 21 délia
2213 3500 66 26 porta
2293 3498 22 21 le
2328 3498 115 23 femmine
2465 3507 37 21 pei

2030 3531 56 22 dure
2095 3532 72 29 iuogo
2179 3535 57 26 però
2249 3540 13 15 a
2273 3534 63 22 vizio
2353 3536 123 28 peggiore,
2491 3537 14 20 ii

2030 3567 95 28 giuoco.

2200 3653 165 28 (Cuntinua)
