2596 3868
104 186 107 21 Cullana
222 183 98 22 Storica
331 180 26 22 di
368 180 21 20 A
402 179 92 21 Muvra

158 252 26 35 Â
201 251 156 44 Gunquista
373 247 143 35 Francese

238 306 31 35 di
286 316 18 23 a
323 303 117 35 Corsica

149 358 47 28 (Da
210 363 29 14 un
254 354 119 22 Giurnale
384 352 24 20 di
420 348 103 28 l’epuca)

276 410 129 29 (Seguitu)

132 469 34 21 M.
180 467 111 23 d’Astier
302 464 128 27 Capitaine
449 467 31 15 au
500 460 73 27 Régi-

102 501 69 21 ment
182 499 30 20 de
224 498 129 25 Bretagne,
371 494 40 26 qui
428 490 144 23 commande

101 531 24 21 le
138 527 171 23 détachement
320 524 70 27 qu'on
402 529 13 15 a
427 520 69 29 placé
512 520 61 21 dans

104 561 63 20 cette
180 558 84 23 Pieve,
277 555 29 22 fit
317 558 121 18 annoncer
449 551 63 21 cette
529 549 44 20 Fê-

104 593 25 18 te
141 595 44 21 par
196 587 123 28 plusieurs
331 583 131 26 décharges
475 581 30 20 de
515 580 59 21 boë-

103 623 39 18 tes
154 619 14 22 à
179 621 55 19 tous
245 618 38 19 les
295 614 109 23 habitans
414 619 6 18 ;
436 611 24 21 &
470 612 36 20 les
522 609 52 21 No-

103 650 79 21 tables
194 648 31 20 du
238 646 64 23 Païs,
319 642 75 28 parmi
412 641 107 26 lesquels
536 641 39 18 est

103 680 25 20 la
145 677 149 22 nombreuse
306 672 90 22 famille
408 670 45 21 des
465 669 108 21 Ornano,

104 709 83 21 furent
206 703 100 24 mandés
328 706 58 23 pour
403 699 102 22 assister
521 704 12 14 a
550 698 23 19 la

104 737 93 29 grande
211 735 89 23 Messe,
307 731 68 28 après
385 729 104 27 laquelle
501 727 33 21 M.
543 727 31 20 de

104 768 53 21 Nau
169 763 178 24 Commandant
358 766 27 15 en
398 758 101 25 second,
513 757 60 22 Che-

103 798 81 21 valier
195 796 29 21 de
235 793 99 23 l’Ordre
345 791 30 21 de
386 789 33 22 St.
430 788 81 25 Louis,
521 787 52 27 pria

105 828 30 21 de
148 827 23 21 la
183 827 53 26 part
247 825 31 20 de
290 825 56 19 tous
357 822 34 20 les
411 819 115 22 Officiers
542 817 32 21 du

106 855 178 25 Détachement
309 853 37 21 les
371 849 148 29 principaux
543 847 32 21 du

106 889 55 21 Païs
173 886 14 22 à
198 892 32 15 un
251 884 72 22 diner
342 881 38 28 qui
400 880 37 21 fut
453 878 122 22 très-bien

106 918 77 23 servi.
196 916 78 22 Toute
285 915 23 21 la
320 910 151 28 Compagnie
488 909 88 21 assista

107 948 98 23 ensuite
217 951 48 16 aux
276 944 103 27 Vêpres,
400 948 30 15 au
452 939 32 23 Te
494 940 82 21 Deum

105 979 75 27 qu’on
192 977 87 21 chanta
298 980 31 16 au
344 972 65 22 bruit
425 972 46 21 des
488 971 89 21 Boëtes

106 1010 22 21 &
143 1009 13 21 à
167 1009 24 20 la
211 1005 160 23 Bénédiction
389 1003 32 21 du
440 1002 35 21 St.
494 1000 84 22 Sacre-

108 1040 68 22 ment
185 1044 6 20 ;
204 1043 32 15 un
256 1036 42 22 feu
319 1035 31 21 de
362 1034 57 27 joye
432 1031 105 23 termina
553 1031 24 21 la

106 1071 65 23 Fête,
199 1065 108 24 célébrée
327 1070 60 22 pour
403 1061 121 23 seconder
540 1062 37 21 les

106 1105 78 17 voeux
202 1099 30 21 de
252 1099 59 19 tous
331 1097 35 20 les
377 1095 63 21 bons
452 1092 124 28 François,

106 1131 47 21 afin
166 1135 48 22 que
225 1129 23 20 le
260 1127 57 21 Ciel
331 1125 100 22 accorde
443 1123 13 22 à
470 1122 73 22 Louis
553 1123 24 20 le

105 1157 146 26 Bien-Aimé
262 1157 23 22 &
297 1157 13 21 à
322 1161 44 17 son
376 1155 102 27 auguste
490 1152 87 22 Famil-

106 1193 23 21 le
146 1192 38 20 les
202 1190 55 26 plus
276 1188 62 26 long
354 1186 68 27 jours
433 1184 24 22 &
468 1185 35 20 les
522 1183 55 28 plus

107 1219 121 25 fortunés.

130 1271 81 18 Numéro
219 1270 26 18 du
253 1268 96 19 Vendredi
356 1268 22 18 22
385 1267 111 23 Septembre
503 1265 53 19 1709.

267 1303 28 17 De
302 1301 71 19 Madrid
380 1301 18 17 le
441 1299 115 23 Septembre.

137 1343 41 22 On
198 1349 14 15 a
231 1341 89 22 mandé
339 1341 30 21 de
388 1340 89 21 Parme
496 1344 47 22 que
554 1339 24 20 le

107 1375 81 22 Baron
200 1373 30 21 de
245 1374 24 20 la
283 1372 91 24 House,
391 1370 117 21 Ministre
525 1368 53 22 Plé-

107 1403 178 29 nipotentiaire
297 1402 31 21 de
343 1401 88 22 France
451 1399 86 28 auprès
547 1399 32 21 de

108 1436 25 21 S.
146 1436 32 20 A.
191 1434 30 21 R.
232 1432 173 25 l’Infant-Duc,
415 1432 35 21 lui
462 1430 69 22 avoit
536 1435 44 16 no-

107 1465 52 23 tifié
172 1471 46 21 que
228 1465 24 20 le
270 1463 50 22 Roi
338 1468 43 16 son
402 1462 89 21 Maître
510 1461 70 21 avoit

107 1497 46 21 fait
164 1500 62 17 avec
237 1495 23 20 la
277 1493 155 28 République
450 1492 31 21 de
496 1490 83 23 Gènes

107 1528 25 20 le
146 1532 25 22 15
185 1525 49 22 Mai
246 1523 55 29 176S
308 1530 33 15 un
349 1522 80 23 Traité
438 1528 45 22 par
488 1522 90 26 lequel,

107 1562 59 17 sous
184 1557 36 20 les
240 1554 140 22 conditions
397 1559 17 22 y
431 1551 146 28 exprimées,

107 1589 52 21 Elle
173 1586 83 22 cédoit
267 1585 14 22 à
293 1585 25 22 S.
329 1584 33 22 M.
372 1584 27 22 T.
409 1584 29 21 C.
451 1585 24 20 la
487 1583 93 21 Souve-

107 1616 96 25 raineté
213 1617 102 22 absolue
327 1616 29 21 de
366 1615 66 22 l’Isle
446 1615 30 21 de
489 1613 89 25 Corse;

109 1649 73 28 qu’en
193 1647 170 28 conséquence
374 1645 23 22 S.
408 1645 36 22 M.
457 1645 68 21 avoit
536 1644 45 21 fait

109 1682 112 25 attaquer
232 1684 65 16 ceux
307 1678 40 27 qui
366 1677 150 26 auparavant
531 1674 49 22 Re-

601 173 77 21 belles
690 170 13 22 à
712 172 23 20 la
747 168 157 28 République
915 162 163 30 persisloient

601 203 60 20 dans
670 202 67 20 leurs
749 198 110 23 révoltes
870 203 6 19 ;
889 196 22 21 &
923 200 48 22 que
988 192 88 26 depuis

599 230 114 23 l’arrivée
723 231 31 20 de
762 235 41 15 ses
814 228 122 24 Troupes,
945 223 50 21 Elle
1004 222 72 21 avoit

599 267 56 21 reçu
668 261 23 21 le
708 260 110 21 serment
829 258 30 20 de
880 252 95 24 fidélité
986 252 30 21 de
1035 258 41 15 ses

599 296 131 16 nouveaux
742 289 77 26 sujets
831 287 21 21 &
865 285 52 28 pris
929 282 145 28 possession

600 321 31 21 de
643 321 62 20 cette
724 320 58 23 Isle,
797 317 39 28 qui
849 314 71 23 avoit
931 312 39 22 été
989 311 86 22 réunie

599 350 13 22 à
624 351 22 20 la
659 349 149 22 Couronne:
830 344 81 27 Qu’en
930 341 146 23 considéra-

600 380 52 20 tion
676 379 29 20 de
728 375 104 24 l’amitié
855 373 88 29 qu’elle
970 373 70 26 porte
1063 377 13 15 a

600 409 23 21 S.
635 409 31 20 A.
677 408 30 21 R.
722 408 51 20 Elle
785 405 69 22 avoit
865 403 78 21 voulu
961 402 34 21 lui
1015 401 62 21 faire

600 440 54 26 part
665 438 30 21 de
707 439 41 20 cet
760 435 159 23 Evènement,
939 438 31 15 en
987 433 21 19 la
1021 430 57 28 pré-

600 469 93 21 venant
713 473 31 15 en
765 466 80 21 même
866 465 64 19 tems
951 467 47 21 que
1015 461 62 20 dans

599 500 56 20 tous
666 498 36 20 les
715 497 71 21 Ports
798 495 29 20 de
838 494 24 21 la
875 493 79 21 Corse
963 492 36 20 les
1007 490 70 22 habi-

599 530 55 20 tans
673 527 36 28 s’y
728 525 151 22 conduiront
900 522 31 21 de
952 522 24 21 la
995 521 82 21 même

600 557 108 23 manière
721 555 73 28 qu’on
807 554 44 21 fait
862 559 31 15 en
907 552 91 22 France
1009 550 14 22 à
1035 552 8 19 1
1053 557 24 14 e-

600 588 61 26 gard
678 587 44 20 des
742 585 139 26 Etrangers,
906 582 23 21 &
949 581 93 27 qu’Elle
1060 586 18 22 y

600 617 69 21 avoit
680 614 82 22 donné
775 614 72 21 ordre
859 612 75 27 qu’on
954 611 37 27 s'y
1007 611 70 25 prêta

601 646 13 21 à
631 647 54 19 tout
707 650 28 15 ce
760 643 41 26 qui
821 643 59 26 peut
900 640 145 22 contribuer
1063 637 14 22 à

600 675 143 27 augmenter
755 672 94 22 l’union
862 671 22 20 &
895 670 138 26 l’avantage
1041 667 34 22 ré-

602 705 116 26 ciproque
738 703 31 20 de
789 707 39 16 ses
842 700 83 28 Sujets
937 699 23 22 &
972 699 31 21 de
1014 703 64 16 ceux

602 735 31 20 de
645 733 23 22 S.
679 734 31 20 A.
721 733 42 25 R.,
776 738 26 15 se
814 731 96 21 flattant
921 736 48 21 que
981 730 35 20 les
1029 728 48 22 Re-

601 765 80 21 belles
698 769 31 15 ne
746 763 147 21 trouveront
911 766 78 15 aucun
1009 759 69 28 asyle

602 795 60 21 dans
674 795 36 20 les
723 793 67 21 Etats
801 792 30 21 de
849 791 96 25 Parme,
965 790 30 21 de
1014 789 64 22 Plai-

603 830 73 16 sance
687 823 22 22 &
721 824 30 21 de
764 822 138 22 Guastalla.

624 878 81 19 Numéro
713 879 27 17 du
748 877 95 19 Vendredi
850 876 26 18 22
883 875 112 23 Septembre
1003 874 53 18 1769.

768 908 27 18 De
802 908 71 18 Toulon
881 907 19 18 le
908 906 23 18 10
939 905 117 23 Septembre.

631 946 44 21 Les
687 944 134 29 Régimens
831 944 43 27 qui
883 948 71 22 apres
966 940 113 24 l’entière

604 976 151 22 soumission
768 975 30 21 de
808 975 23 21 la
843 974 78 21 Corse
933 976 58 18 sont
1008 977 71 16 reve-

603 1013 47 15 nus
671 1013 31 15 en
723 1006 100 24 France,
845 1004 22 21 &
880 1004 41 27 qui
942 1003 71 27 après
1024 1003 56 20 leur

605 1037 194 27 débarquement
809 1035 31 21 ici
853 1034 104 22 avoient
975 1032 39 22 été
1030 1032 49 22 mis

605 1068 60 21 dans
677 1068 42 20 des
730 1065 130 27 Quartiers
873 1065 30 20 de
915 1063 165 22 rafraîchisse-

604 1100 76 23 ment,
689 1097 42 28 n’y
739 1098 44 20 ont
792 1102 42 21 pas
842 1095 46 22 fait
897 1101 32 14 un
942 1094 66 22 aussi
1019 1094 62 25 long

605 1127 82 27 séjour
698 1127 75 27 qu’on
784 1126 87 22 l’avoit
880 1123 140 29 conjecturé
1029 1130 6 19 ;
1043 1124 37 20 les

605 1159 66 21 deux
687 1158 134 21 Bataillons
835 1157 32 21 de
879 1156 64 21 celui
965 1155 30 20 de
1013 1154 68 22 Dau-

605 1189 59 27 phin
676 1188 41 28 qui
729 1187 98 22 étoient
838 1186 13 22 à
863 1187 24 21 la
899 1185 75 22 Seine
986 1191 29 15 en
1028 1189 52 22 par-

604 1219 77 21 tirent
691 1220 23 20 le
728 1224 27 16 21
769 1218 33 21 du
813 1217 65 22 mois
890 1216 108 24 dernier*
1011 1215 22 20 &
1044 1215 36 20 les

605 1250 66 21 deux
679 1249 40 28 qui
728 1255 27 15 se
764 1248 144 22 trouvoient
918 1246 14 21 à
941 1245 140 22 Oullioules

605 1281 24 20 le
641 1286 36 21 23,
689 1279 23 22 &
722 1279 99 28 prirent
831 1278 23 21 la
867 1279 70 20 route
955 1277 32 20 de
1004 1275 78 22 Stras-

605 1311 81 27 bourg
696 1315 64 22 pour
777 1309 30 21 où
826 1309 31 21 ils
876 1308 84 21 furent
971 1304 110 23 destinés

605 1346 49 22 peu
666 1341 30 20 de
707 1342 65 19 tems
785 1338 70 28 après
868 1337 72 28 qu’ils
951 1336 82 21 furent
1044 1340 37 16 ar-

605 1371 68 23 rivés
685 1370 70 29 içi,&
766 1372 74 19 avant
854 1368 73 27 qu’ils
939 1367 143 27 passassent

595 1420 3 3 .
606 1409 31 15 en
650 1401 77 22 Corse
738 1407 5 19 ;
757 1401 38 20 les
812 1400 66 21 deux
894 1398 30 21 de
939 1397 64 21 celui
1015 1396 31 21 de
1057 1396 23 21 la

607 1433 96 21 Marine
715 1431 42 27 qui
770 1430 94 22 étoient
883 1428 14 22 à
917 1427 110 22 Souliers
1048 1432 31 15 en

607 1465 57 20 sont
682 1462 76 27 partis
776 1462 24 20 le
818 1466 14 19 4
852 1459 31 21 de
894 1464 28 16 ce
933 1457 65 22 mois
1009 1456 23 22 &
1043 1457 38 20 les

606 1494 65 21 deux
682 1493 40 27 qui
735 1491 93 22 étoient
838 1489 13 22 à
865 1489 77 22 Cuers
955 1489 23 20 le
993 1487 13 22 6
1017 1492 65 22 pour

606 1524 130 27 Briançon,
750 1521 33 22 où
795 1521 30 21 ils
837 1520 143 21 relèveront
993 1519 23 20 le
1034 1517 48 22 Ré-

605 1554 96 27 giment
711 1552 68 21 d’Eu.
794 1551 43 21 Les
849 1552 85 26 quatre
946 1549 136 21 Bataillons

606 1584 32 21 de
649 1583 160 26 Champagne
827 1581 61 21 dont
905 1580 66 21 deux
988 1578 95 23 étoient

606 1616 14 19 à
632 1614 121 26 Aubagne
770 1612 23 21 &
812 1612 66 21 deux
898 1610 14 22 à
931 1611 24 21 la
976 1609 106 22 Cadière

606 1646 58 20 sont
675 1644 77 27 partis
758 1643 61 21 dans
827 1643 23 20 le
857 1642 81 21 même
946 1644 64 18 tems
1018 1646 66 22 pour

608 1674 72 23 Metz.
692 1674 32 21 Le
735 1672 133 29 Régiment
876 1672 31 21 de
915 1671 93 27 Jenner
1015 1671 68 22 Suis-

1104 165 25 16 se
1141 157 43 28 qui
1196 156 62 22 étoit
1270 155 31 22 ici
1315 160 29 15 en
1358 149 126 24 Garnison
1503 146 75 29 partit

1102 186 142 24 avant-hier
1269 190 63 24 pour
1361 180 65 23 Muni
1430 186 13 15 n
1447 185 33 22 gu
1483 185 22 15 e.
1534 177 44 21 Les

1103 220 65 20 deux
1178 217 136 21 Bataillons
1325 214 31 20 de
1369 210 63 22 celui
1442 210 17 20 d
1468 208 112 27 Aquitai-

1102 255 30 15 ne
1145 247 42 27 qui
1200 245 96 23 étoient
1308 244 13 21 à
1333 241 89 23 Hières
1434 241 58 20 sont
1503 241 77 17 venus

1100 277 100 28 joindre
1211 277 37 20 les
1262 276 66 21 deux
1340 272 82 21 autres
1432 269 40 27 qui
1487 266 96 23 étoient

1103 307 53 28 déjà
1170 307 30 21 ici
1214 306 49 28 &y
1270 302 129 25 attendent
1406 300 30 21 de
1445 301 133 19 nouveaux

1103 338 86 23 ordres
1198 343 5 19 ;
1217 337 22 20 &
1261 336 64 22 enfin
1347 331 62 23 celui
1430 331 15 20 d
1456 329 120 28 Eptingen

1103 368 41 28 qui
1164 373 27 15 se
1211 368 90 20 trouve
1312 364 13 22 à
1342 364 23 20 la
1378 361 98 26 yalette
1495 357 83 23 attend

1103 398 65 22 aussi
1181 397 43 21 des
1240 395 132 23 ultérieurs
1384 391 95 22 ordres.

1132 431 44 21 Les
1193 429 66 22 deux
1278 428 138 22 Vaisseaux
1433 419 144 25 Marchands

1103 460 58 28 qu’il
1172 466 18 22 y
1203 460 68 21 avoit
1283 464 30 16 eu
1325 455 73 23 ordre
1409 453 106 22 d’armer
1523 451 56 21 sont

1103 490 78 28 partis
1193 490 89 26 depuis
1294 487 118 29 quelques
1430 483 71 28 jours
1516 485 63 23 pour

1102 522 21 20 la
1138 520 87 24 Corse,
1235 519 58 22 d’où
1306 518 32 21 ils
1356 515 102 22 doivent
1479 515 100 19 amener

1103 557 42 21 400
1157 549 134 22 Artilleurs
1303 547 41 28 qui
1357 552 18 22 y
1386 543 145 24 attendront
1542 542 37 21 les

1104 581 85 21 ordres
1200 580 31 20 de
1243 580 24 20 la
1279 578 69 21 Cour
1360 582 42 15 sur
1412 576 55 21 leur
1474 572 105 23 destina-

1103 612 53 20 tion
1168 609 142 21 ultérieure.
1324 607 32 21 La
1369 606 103 26 Fregate
1487 604 23 20 la
1526 602 54 21 Flè-

1103 640 44 21 che
1167 637 162 23 commandée
1349 642 45 21 par
1411 636 23 20 le
1447 632 134 23 Chevalier

1103 669 138 28 d’Oppede,
1255 667 72 28 après
1339 666 72 22 avoir
1423 662 82 24 croisé
1519 662 61 21 dans

1103 701 35 20 les
1151 699 67 22 Mers
1230 699 31 21 de
1273 698 87 24 Corse,
1369 695 62 22 étoit
1439 692 63 23 allée
1511 691 13 22 à
1533 691 47 22 Tu-

1103 730 39 21 nis
1153 735 61 15 avec
1224 727 144 23 YAtalante
1377 731 47 21 que
1435 721 144 24 commande

1104 760 34 22 M.
1152 760 30 21 de
1194 760 96 21 Broues
1302 762 64 23 pour
1377 754 99 23 notifier
1488 759 29 15 au
1529 752 51 27 Bey

1104 797 47 21 que
1170 792 64 19 cette
1254 789 49 22 Isle
1320 786 141 28 appartient
1472 780 108 30 aujourd’

1104 821 41 22 hui
1158 820 13 22 à
1180 821 22 20 la
1212 820 100 23 France,
1323 817 23 21 &
1358 814 135 23 demander
1500 814 22 20 la
1531 818 49 15 res-

1104 850 102 23 titution
1218 850 30 21 de
1261 849 121 27 quelques
1400 846 109 21 Bateaux
1521 842 60 22 Cor-

1104 888 39 15 ses
1155 880 23 22 &
1189 881 30 20 de
1230 881 68 21 leurs
1319 877 135 27 équipages
1474 873 52 28 pris
1537 878 45 22 par

1104 913 36 20 les
1152 911 129 22 Corsaires
1294 908 29 21 de
1336 908 65 20 cette
1409 905 125 27 Régence.
1545 903 35 21 El-

1104 943 23 21 le
1138 943 38 19 est
1187 945 110 17 revenue
1310 937 41 25 ici,
1370 937 23 21 &
1411 937 39 20 est
1465 934 117 21 actuelle-

1104 974 70 20 ment
1185 977 30 15 en
1228 967 168 31 quarantaine.
1406 966 31 22 Le
1447 963 135 23 Chevalier

1105 1002 131 27 d’Oppede
1248 1000 40 22 n'a
1300 998 72 28 point
1383 995 40 23 été
1434 994 107 23 satisfait
1550 994 31 22 de

1105 1035 22 20 le
1140 1032 118 27 Réponse
1277 1030 31 20 du
1322 1028 66 28 Bey;
1409 1026 18 22 il
1446 1032 14 15 a
1478 1025 62 22 écrit
1549 1030 32 16 en

1106 1063 69 22 Cour
1186 1068 30 15 en
1229 1058 173 27 conséquence
1414 1057 22 21 &
1453 1056 84 22 attend
1550 1055 31 22 de

1105 1097 135 18 nouveaux
1252 1090 96 22 ordres.

1132 1127 32 21 Le
1184 1125 90 22 Comte
1292 1122 30 21 de
1342 1120 123 23 Marboeuf
1486 1120 96 22 Lieute-

1106 1154 189 25 nant-Général,
1323 1153 41 26 qui
1389 1152 82 21 arriva
1494 1151 32 21 ici
1551 1151 31 21 de

1107 1187 78 22 Corse
1196 1185 13 22 à
1222 1184 64 22 bord
1294 1183 58 21 d’un
1361 1182 91 22 Bateau
1462 1182 32 22 de
1501 1183 79 26 poste,

1106 1217 38 28 s’y
1155 1219 39 19 est
1205 1213 80 24 arrêté
1298 1214 66 21 deux
1372 1213 70 28 jours
1455 1213 22 22 &
1490 1215 38 19 est
1539 1218 44 16 en-

1106 1248 64 21 suite
1181 1245 63 29 parti
1258 1251 64 21 pour
1334 1245 70 21 Paris
1413 1250 6 20 ;
1432 1244 36 22 M.
1482 1243 99 22 Hurson

1107 1277 132 23 Intendant
1251 1276 31 21 de
1293 1276 23 21 la
1329 1275 98 22 Marine
1443 1275 79 27 prend
1542 1280 42 16 au-

1104 1307 122 29 jourd’hui
1239 1307 25 20 la
1275 1307 81 21 même
1369 1308 79 20 route.
1468 1306 33 22 Le
1519 1305 65 22 Mar-

1106 1339 55 27 quis
1181 1338 30 20 de
1233 1336 168 29 Monteynard
1426 1336 158 22 Lieutenant-

1107 1367 104 23 Général
1219 1367 22 22 &
1249 1366 265 29 Inspecteur-Général
1521 1366 62 22 d’in-

1106 1398 104 23 fanterie
1222 1400 39 20 est
1272 1398 63 28 parti
1348 1398 58 22 d’ici
1420 1399 22 20 le
1455 1404 14 20 4
1480 1403 63 22 pour
1559 1398 24 21 la

1107 1429 78 23 Corse
1197 1435 42 16 sur
1250 1430 25 21 le
1287 1429 128 22 Schebeck
1426 1430 24 20 le
1470 1428 75 26 Rusé,
1561 1428 23 22 &

1108 1461 34 21 M.
1152 1461 125 27 Beranger
1285 1459 259 23 Procureur-Général
1551 1459 32 21 du

1091 1484 5 40 j
1107 1491 102 22 Conseil
1230 1490 141 22 Souverain
1394 1491 30 21 de
1448 1492 64 20 cette
1535 1490 48 22 Isle

1091 1527 6 22 {
1107 1522 76 28 partit
1192 1522 23 22 le
1226 1523 82 21 même
1314 1522 58 28 jour
1381 1527 59 16 avec
1450 1527 47 16 son
1507 1521 77 28 Epou-

1108 1559 27 16 se
1146 1559 43 15 sur
1202 1558 35 16 un
1249 1553 126 22 Bâtiment
1386 1552 142 22 Marchand.

1150 1608 81 19 Numéro
1240 1609 27 17 du
1275 1608 61 18 Mardi
1344 1608 22 18 26
1375 1608 110 23 Septembre
1493 1607 52 18 1769.

1252 1637 28 18 De
1287 1637 20 17 la
1314 1636 52 23 Haye
1374 1637 20 17 le
1401 1636 12 18 8
1421 1636 118 22 Septembre.

1136 1671 32 22 Le
1187 1670 100 22 fameux
1308 1669 107 23 Général
1426 1670 70 21 Paoli
1514 1669 70 21 vient

1605 143 119 23 d’arriver
1735 140 31 22 ici
1785 137 92 23 venant
1894 132 180 24 d’Amsterdam

1606 174 32 22 où
1648 174 17 21 il
1676 179 14 15 a
1702 169 72 30 passé
1786 169 118 27 quelques
1922 165 69 27 jours
2014 166 60 18 avec

1606 205 37 21 les
1653 203 62 22 trois
1725 204 136 24 personnes
1874 196 39 27 qui
1936 196 23 20 le
1976 193 98 23 suivent

1607 235 59 21 dans
1676 239 25 15 sa
1714 232 70 21 route
1795 236 6 19 ;
1815 227 108 29 pendant
1934 232 45 15 son
1992 223 84 28 séjour

1609 265 58 21 dans
1680 264 63 20 cette
1756 260 71 21 Ville'
1836 258 17 22 il
1866 264 12 15 a
1891 255 39 23 été
1942 255 14 22 à
1970 256 58 23 Loo,
2043 258 30 16 ou

1605 301 26 15 se
1650 296 89 19 trouve
1760 292 22 20 le
1804 289 87 22 Prince
1921 283 153 25 Stadhouder

1606 330 60 22 pour
1672 322 127 28 présenter
1808 325 38 16 ses
1852 319 110 26 respects
1969 316 12 21 à
1988 316 24 21 S.
2015 314 58 22 A.S.

1605 354 41 28 qui
1664 353 31 22 l'a
1715 357 56 22 reçu
1790 355 60 16 avec
1868 349 126 25 beaucoup
2013 344 62 22 cfac-

1605 384 70 24 cueil,
1688 382 21 21 &
1721 382 33 21 lui
1765 387 13 15 a
1787 380 44 22 fait
1839 378 129 23 l’honneur
1978 377 29 21 de
2018 374 58 23 l’ad-

1605 415 87 21 mettre
1703 411 13 22 à
1728 418 25 14 sa
1766 410 82 22 Table.
1859 409 40 22 On
1907 415 32 15 ne
1947 407 46 22 sait
2005 406 71 28 point

1605 449 88 16 encore
1704 441 39 22 s’il
1755 441 126 21 s’arrêtera
1890 440 133 27 long-tems
2032 436 43 25 ici,

1605 480 32 16 on
1649 472 111 29 présume
1773 470 71 29 qu’en
1856 472 97 26 partant
1962 469 16 22 il
1987 474 26 16 se
2019 472 57 17 ren-

1606 505 41 21 dra
1659 510 31 15 en
1702 503 155 28 Angleterre.
1878 510 4 4 ■

1646 559 80 19 Numéro
1734 559 26 18 du
1768 557 95 19 Vendredi
1872 556 11 18 6
1892 556 79 18 Octobre
1979 554 51 19 1769.

1753 592 27 17 De
1789 591 60 18 Gênes
1856 591 19 17 le
1883 590 23 18 23
1914 589 115 22 Septembre.

1633 626 31 21 Le
1677 626 91 20 Patron
1780 623 57 21 d’un
1856 622 122 21 Bâtiment
1994 619 81 22 arrivé

1606 656 30 21 de
1649 655 78 21 Corse
1738 660 14 15 a
1763 651 115 29 rapporté
1887 657 47 22 que
1942 651 25 21 le
1978 650 98 22 fameux

1607 685 127 27 Capitaine
1747 683 101 25 Pelone,
1866 681 50 22 l’un
1929 681 43 22 des
1986 680 92 28 princi-

1606 721 64 22 paux
1677 715 124 25 Rebelles,
1810 714 73 27 ayant
1891 711 43 23 osé
1942 711 135 28 débarquer

1606 746 14 22 à
1637 747 22 21 la
1677 744 89 26 Bastia,
1793 750 17 22 y
1827 743 69 21 avoit
1914 743 100 22 d'abord
2038 741 38 23 été

1606 774 88 26 arrêté,
1714 774 89 28 chargé
1823 774 29 21 de
1874 773 49 22 fers
1935 773 23 22 &
1976 773 102 22 conduit

1608 813 28 15 en
1656 806 85 27 prison
1753 811 6 19 ;
1779 805 22 20 &
1821 810 46 22 que
1888 805 88 27 depuis
1998 804 33 22 M.
2053 805 24 20 le

1608 836 87 22 Comte
1706 836 30 21 de
1749 835 72 22 Vaux
1832 835 86 21 l'avoit
1928 835 45 21 fait
1983 835 96 22 embar-

1607 872 61 23 quer
1679 872 41 16 sur
1731 872 34 16 un
1777 866 119 22 Vaisseau
1909 865 115 28 François
2035 866 41 27 qui

1608 899 22 21 le
1641 899 140 25 transporte
1792 898 13 20 à
1818 896 105 22 Toulon.
1942 896 21 22 Il
1974 902 12 15 a
1998 895 80 29 ajouté

1608 934 46 22 que
1674 933 28 16 ce
1724 927 106 22 Général
1842 934 12 14 a
1866 927 45 21 fait
1930 927 97 27 publier
2046 933 31 15 un

1608 958 92 28 pardon
1711 957 101 29 général
1823 964 29 16 en
1865 957 86 22 faveur
1968 958 43 21 des
2030 957 49 22 Ha-

1609 990 80 21 bitans
1700 989 32 22 du
1743 989 97 22 Nebbio
1852 989 42 27 qui
1907 995 28 15 se
1950 991 57 19 sont
2023 994 56 16 sou-

1608 1019 68 23 levés
1688 1020 60 21 dans
1759 1021 36 21 les
1809 1020 156 27 Montagnes,
1983 1025 62 15 avec
2055 1020 23 20 la

1608 1050 90 23 liberté
1709 1051 30 21 de
1752 1051 74 21 sortir
1837 1051 30 21 de
1887 1049 67 23 l’Isle
1970 1055 57 16 sous
2045 1056 32 15 un

1610 1082 128 27 Passeport
1747 1088 6 15 :
1774 1081 65 22 Parti
1851 1086 48 22 que
1910 1081 23 21 la
1944 1081 55 27 plus
2009 1086 70 22 gran-

1609 1113 30 21 de
1650 1112 78 28 partie
1739 1118 14 15 a
1767 1111 106 28 accepté,
1887 1111 31 21 de
1936 1113 66 20 sorte
2020 1111 59 27 qu'il

1608 1143 55 21 n’en
1674 1143 87 21 restoit
1772 1144 55 26 plus
1839 1148 46 22 que
1903 1143 177 26 quelques-uns

1609 1172 111 24 obstinés
1732 1174 61 20 dans
1804 1174 54 21 leur
1868 1172 104 27 révolte,
1987 1172 14 22 à
2011 1174 23 21 la
2046 1174 34 21 tê-

1609 1207 24 20 te
1645 1205 114 27 desquels
1771 1207 38 19 est
1820 1211 32 15 un
1866 1204 135 22 Chanoine.

1661 1262 82 18 Numéro
1752 1262 26 17 du
1786 1261 61 18 Mardi
1854 1261 24 18 10
1886 1261 81 19 Octobre
1974 1261 53 19 1769.

1751 1295 27 18 De
1786 1294 55 19 Corte
1849 1295 19 18 le
1876 1294 23 19 28
1907 1294 117 23 Septembre.

1637 1329 64 22 Tout
1712 1331 38 20 est
1761 1329 33 22 ici
1813 1328 154 22 maintenant
1985 1329 59 21 dans
2057 1329 23 21 la

1610 1361 54 26 plus
1673 1360 92 28 grande
1775 1358 154 29 tranquillité
1939 1365 5 19 ;
1957 1360 35 21 les
2004 1359 77 22 Trou-

1610 1397 45 22 pes
1665 1391 144 22 continuent
1820 1389 145 22 néanmoins
1976 1390 31 21 de
2017 1396 65 16 cam-

1611 1428 45 22 per
1671 1421 23 22 &
1704 1423 59 20 sont
1782 1420 121 28 occupées
1924 1426 49 16 aux
1991 1421 91 27 grands

1611 1452 112 22 chemins
1743 1452 23 21 &
1786 1457 48 16 aux
1853 1451 177 22 fortifications
2039 1458 6 19 ;
2057 1452 24 21 le

1611 1483 134 28 Régiment
1764 1483 31 21 de
1813 1481 162 23 Soissonnois
1997 1483 42 27 qui
2058 1483 24 21 la

1611 1514 142 28 Campagne
1765 1513 113 22 dernière
1890 1519 26 15 se
1929 1513 123 27 distingua
2060 1513 21 21 si

1611 1544 226 28 particulièrement
1856 1542 13 23 à
1889 1544 23 21 la
1931 1543 101 23 défense
2052 1544 31 21 de

1611 1576 105 25 Loretto,
1730 1575 32 22 où
1773 1575 168 22 commandoit
1952 1580 45 17 son
2010 1575 74 22 Colo-

1611 1607 41 21 nel
1663 1606 35 22 M.
1710 1607 24 21 le
1746 1606 81 22 Baron
1839 1605 30 22 de
1880 1605 97 29 Juigné,
1987 1611 97 19 comme

1611 1639 100 26 partout
1721 1637 101 21 ailleurs
1833 1635 33 23 où
1878 1637 18 21 il
1911 1636 60 22 s’est
1985 1636 98 27 trouvé,

1611 1670 37 20 est
1667 1667 85 28 campé
1773 1673 58 16 sous
1852 1669 64 20 cette
1934 1667 72 22 Place
2021 1674 62 15 avec

2100 132 62 16 ceux
2170 126 30 21 de
2210 125 117 29 Bulkeley
2335 126 23 21 &
2367 126 30 21 de
2405 127 154 37 Roscomm0n

2100 156 131 26 Irlandois,
2249 156 21 21 &
2291 156 64 21 celui
2376 156 116 28 d'Anhalt
2503 171 16 21 y
2529 175 32 19 est

2101 186 81 23 arrivé
2194 186 134 28 d’Ajaccio.
2343 186 71 22 Celui
2435 189 29 22 de
2473 192 22 22 la
2506 195 47 27 Mar

2101 217 143 23 che-Prince
2256 216 77 27 quille
2346 223 45 15 son
2411 218 115 30 Quartier

2101 248 104 23 Vivario
2225 252 61 22 pour
2300 253 17 22 y
2337 247 72 22 venir
2436 253 65 22 aussi
2519 260 41 24 afin

2101 279 145 23 d’accélerer
2262 279 36 21 les
2319 280 110 21 travaux.
2451 281 40 23 On
2512 292 50 23 veut

2101 311 104 22 fortifier
2216 311 61 20 cette
2289 309 71 21 Place
2371 315 43 21 par
2425 316 31 16 un
2470 312 90 32 Bastion

2101 343 22 21 &
2134 348 45 22 par
2197 341 63 22 deux
2277 339 198 30 demi-Bastions,
2496 344 13 23 à
2520 354 40 21 peu

2101 373 56 27 près
2168 378 54 16 sous
2235 372 21 21 la
2267 370 78 28 figuie
2357 369 57 23 d’un
2427 371 114 33 Ouvrage
2550 382 12 24 à

2102 402 102 23 Cornes.
2224 402 29 22 Le
2265 402 64 21 reste
2342 400 30 22 de
2390 400 129 28 l’enceinte
2531 415 31 20 est

2102 433 162 28 inattaquable
2276 437 44 22 par
2331 437 27 15 sa
2369 432 109 26 position
2493 441 39 18 sur
2544 442 18 22 ie

2101 464 151 28 Tavignano,
2279 461 69 23 étant
2373 463 115 23 entourée
2512 468 51 27 d’un

2101 501 55 16 mur
2165 493 176 23 considérable.
2355 491 41 23 On
2408 492 113 31 s'occupe
2531 501 32 22 sé-

2102 526 148 22 rieusement
2261 524 30 22 de
2300 524 23 21 la
2332 524 170 23 construction
2513 529 50 26 d’un

2103 557 104 22 Chemin
2220 562 40 16 sur
2270 556 36 22 les
2318 555 67 21 rives
2404 554 31 21 du
2448 554 64 25 Golo
2527 565 36 23 qui

2103 588 35 22 ira
2149 587 55 22 d’ici
2216 586 13 23 à
2241 588 21 21 la
2274 586 82 22 Bastia
2367 591 58 16 sans
2437 586 58 27 qu’il
2508 595 17 22 y
2534 594 29 23 ait

2102 624 48 15 une
2169 618 66 21 seule
2253 617 143 27 Montagne.
2413 615 22 22 Il
2446 622 54 17 sera
2510 621 53 25 très-

2103 649 61 20 beau
2174 648 23 21 &
2204 647 193 27 très-praticable
2405 652 63 21 pour
2475 648 36 23 les
2519 657 43 19 mu-

2102 679 47 21 lets
2169 678 59 21 dans
2246 678 24 21 le
2290 679 103 20 courant
2405 677 32 21 du
2456 680 64 22 mois
2538 685 24 22 de

2102 709 65 22 Nov.
2178 708 31 22 Le
2216 707 131 29 Régiment
2356 708 30 21 de
2396 708 166 31 Royal-Italien

2103 740 41 28 qui
2154 740 105 27 campoit
2268 740 126 21 ci-devant
2401 738 14 22 à
2425 739 137 32 Merosagha

2104 776 36 17 est
2151 769 47 23 allé
2208 770 14 22 à
2234 770 64 22 Valli
2317 776 62 21 pour
2397 776 17 22 y
2431 772 131 25 travailler-

2103 803 23 21 &
2137 802 19 22 il
2161 808 17 22 y
2187 807 55 16 aura
2251 801 123 22 sûrement
2382 800 104 23 d’autres
2495 802 68 27 Trou-

2104 839 44 22 pes
2160 831 138 30 employées
2309 838 5 20 ;
2327 838 29 15 ce
2369 831 105 23 Chemin
2487 839 54 18 aura
2552 838 10 23 à

2104 863 98 28 présent
2215 869 25 16 10
2251 863 70 28 pieds
2333 863 31 21 de
2375 863 105 28 largeur,
2495 871 29 16 en
2535 871 29 20 at-

2104 894 134 23 tendantde
2246 894 106 28 pouvoir
2358 893 93 23 l’année
2460 897 104 25 prochai-

2103 932 31 16 ne
2151 926 23 21 le
2185 925 86 21 rendre
2283 931 90 21 propre
2386 930 62 22 pour
2459 926 37 21 les
2510 927 53 25 Voi-

2103 959 76 20 tures.
2194 956 63 22 Tous
2277 962 41 15 ces
2332 957 104 21 travaux
2453 956 111 29 fatiguent

2104 987 136 28 cependant
2249 987 36 21 les
2297 986 116 28 Troupes,
2426 987 21 21 &
2460 988 60 22 elles
2536 995 29 20 at-

2104 1018 101 22 tendent
2214 1023 60 16 avec
2285 1018 92 27 grande
2387 1018 146 27 impatience
2541 1023 23 23 de

2105 1049 106 28 pouvoir
2219 1050 80 20 entrer
2308 1055 31 15 en
2347 1049 108 27 quartier
2462 1049 101 30 d’hyver.

2137 1099 81 18 Numéro
2226 1099 25 17 du
2260 1099 94 18 Vendredi
2364 1099 22 18 13
2394 1099 80 18 Octobre
2483 1100 50 20 17G9.

2248 1130 27 18 De
2283 1129 64 19 Gênes
2356 1130 18 18 le
2382 1130 23 18 30
2412 1130 116 23 Septembre.

2134 1164 75 23 Selon
2221 1170 27 16 ce
2259 1164 42 28 qui
2314 1166 38 20 est
2363 1164 90 28 stipulé
2472 1165 59 23 dans
2548 1171 18 22 le

2106 1195 82 23 Traité
2207 1201 46 22 que
2272 1196 22 21 la
2319 1195 90 22 France
2421 1202 13 15 a
2451 1195 46 22 fait
2515 1204 52 19 avec

2106 1229 72 20 notre
2198 1226 154 28 République
2373 1232 30 16 au
2422 1226 63 28 sujet
2505 1229 28 21 de
2549 1233 18 21 la

2107 1259 86 26 Corse,
2204 1258 143 22 l’Artillerie
2359 1259 42 27 qui
2420 1264 26 16 se
2463 1261 84 22 trouve
2556 1262 11 23 à

2106 1291 23 21 la
2139 1290 89 25 Bastia,
2239 1291 52 20 tant
2303 1290 31 21 de
2346 1289 38 22 fer
2395 1295 46 22 que
2453 1290 30 21 de
2503 1291 65 24 bron-

2107 1327 33 19 ze,
2163 1321 52 21 doit
2237 1321 49 20 être
2309 1319 138 28 transporté
2474 1321 42 22 ici.
2541 1323 27 23 Le

2107 1351 79 28 grand
2204 1350 96 22 chemin
2320 1356 47 21 que
2386 1350 48 22 l’on
2457 1355 112 22 construit

2108 1387 61 22 pour
2188 1382 22 21 la
2231 1381 207 22 communication
2459 1385 69 20 entre
2547 1392 23 15 ce

2108 1412 60 23 Port
2178 1412 22 22 &
2212 1411 82 27 Corte,
2309 1412 84 22 suivra
2404 1413 24 21 le
2441 1413 84 29 rivage
2545 1417 25 21 de

2107 1445 23 21 la
2141 1443 56 22 Mer
2204 1442 92 29 jusqu’à
2310 1442 148 28 Campoloro
2470 1445 23 21 &
2513 1445 57 24 Ver-

2108 1475 39 25 de,
2168 1474 23 21 &
2211 1474 34 22 ira
2266 1474 96 22 ensuite
2382 1480 30 15 en
2434 1475 108 23 droiture
2558 1478 12 23 à

2109 1505 76 23 Corte
2197 1511 102 22 presque
2311 1506 111 27 toujours
2434 1513 30 15 en
2482 1509 86 27 plaine.

2281 1551 13 25 (
2293 1552 128 25 Cuntin.ua)

2109 1627 98 22 Aiacciu
2215 1639 28 5 —
2254 1627 135 30 Stamparia
2401 1628 25 22 di
2438 1630 22 21 A
2472 1629 98 29 Muvra,

2110 1674 15 15 u
2136 1666 240 24 Diretlore-Gerenle:
2385 1667 70 23 Petru
2465 1668 106 25 ROCCA.

111 1816 172 47 Lihraria
306 1813 39 47 di
358 1812 30 48 â
409 1809 168 51 MtJYRÂ

161 1910 121 23 ULTIME
294 1906 233 26 PUBLICAZIONE

132 1980 96 19 Carîotti
234 1980 39 22 (D):
283 1989 23 4 —
312 1978 140 19 Manualettu
459 1976 119 19 diParlata

177 2008 75 18 Corsa.
262 2008 18 17 A
287 2007 59 23 prima
353 2006 119 23 grammatica
482 2004 95 18 dialettale

176 2040 52 14 corsa
234 2036 101 22 publicata.
346 2034 82 18 Cuntene
439 2038 11 13 e
460 2032 66 24 régulé
536 2031 20 18 di
566 2036 11 13 a

176 2064 71 22 parlata
254 2063 121 21 cismuntana,
382 2062 10 17 1
400 2062 40 17 vol.
448 2060 23 18 80
480 2065 18 18 p.
532 2058 12 19 5
553 2068 24 4 —

132 2116 136 20 Codaccioni
275 2116 31 23 (G.
310 2116 30 22 P.)
345 2125 22 4 —
373 2114 110 19 Canzone.
491 2113 87 18 Raccolta

177 2145 20 18 di
204 2150 11 13 e
222 2144 32 23 più
262 2145 87 22 populare
362 2143 62 22 puesie
437 2142 21 18 di
465 2141 85 19 l’anfarte
558 2140 19 17 di

176 2172 102 23 Proprianu
296 2171 75 23 (Satare,
387 2170 92 22 Lamenti,
494 2168 84 19 Canzone

177 2200 89 23 pulitiche
283 2200 61 22 ecc...)
362 2199 41 17 c’un
421 2198 80 18 introitu
520 2196 19 18 di
558 2195 20 18 U

177 2227 174 23 Sampetracciu.
366 2227 10 17 1
383 2226 39 18 vol.
436 2225 40 19 in-8
487 2225 20 17 di
516 2223 22 19 96
546 2228 32 17 pa-

178 2256 49 22 gine.
533 2250 12 19 5
555 2259 24 5 —

132 2305 114 19 Minicale.
255 2315 22 3 —
286 2304 65 19 Musa
358 2304 110 18 d’Aitone.
477 2303 15 18 E
499 2302 33 22 più
539 2301 40 18 bel-

177 2334 19 18 le
202 2333 84 18 Canzone
294 2333 19 18 di
320 2338 13 12 u
339 2333 54 22 pueta
401 2330 109 20 d’Evisa.Di
517 2334 12 13 a
538 2328 41 19 Cul-

178 2361 67 18 lezione
258 2360 21 19 di
293 2360 85 24 l’Anfarli
387 2359 55 19 corsi.
456 2359 11 17 1
475 2358 39 18 vol.
528 2356 20 17 di
556 2355 23 18 80

177 2389 74 23 pagine.
533 2383 14 18 ^

132 2439 84 19 L’Orsü
223 2439 130 18 d’Orezza—
358 2435 198 21 Primizie.ïtaceolla
560 2434 20 17 di

179 2472 11 13 e
197 2467 34 22 più
239 2467 51 18 belle
298 2466 64 23 puesie
369 2466 19 17 di
395 2464 88 19 l’anfarte
490 2463 20 18 di
517 2467 12 13 a
537 2462 43 18 Cas-

180 2495 98 22 tagniccia.
293 2495 23 17 Di
328 2494 14 17 A
352 2492 110 20 Cullezzione
473 2490 21 19 di
500 2490 81 23 l'Anfar-

178 2522 53 19 corsi.
242 2523 12 17 1
262 2523 39 18 vol.
309 2522 21 18 di
337 2521 22 19 64
366 2527 19 17 p.
543 2517 38 18 5—

137 2573 88 19 Matteu
238 2573 104 18 Cirnensi
358 2571 69 22 (Mattéi
442 2571 58 17 Torre
504 2567 78 24 —Que

181 2602 54 17 veut
251 2601 25 17 la
293 2599 79 19 Corse!
390 2598 60 18 Tutt’i
465 2597 55 23 punti
535 2596 21 17 di
571 2600 12 13 a

183 2630 13 9 “
201 2629 97 21 Quistione
306 2627 68 19 corsa”.
382 2626 64 18 Difesa
453 2630 11 13 e
472 2623 112 19 illustrazio-

183 2660 25 14 ne
215 2656 19 17 di
241 2661 15 12 u
264 2655 103 19 Cursismu.
375 2654 9 17 1
392 2653 39 18 vol.
441 2652 23 18 64
471 2657 20 17 p.
560 2659 24 4 —

133 2706 65 19 Paoli
204 2706 23 18 di
230 2704 156 24 Taglio—Xisa
389 2708 13 12 e
406 2700 159 21 Pianti.Sunetti
568 2704 11 13 e

180 2733 64 19 Poesie
250 2732 53 18 varie
312 2731 89 22 (Cuntene
409 2735 14 12 u
437 2728 91 19 Lamentu
538 2727 22 17 di
570 2732 14 12 u

180 2761 92 21 Castagnu
283 2764 12 13 a
310 2764 13 13 u
332 2759 70 21 Corsu).
408 2758 10 17 1
426 2757 40 18 vol.
474 2754 40 20 in-8
522 2754 19 18 di
549 2754 35 17 112

182 2794 18 17 p.
540 2781 12 18 5
561 2791 24 4 —

135 2842 23 4 —
165 2832 64 18 Fiori
235 2835 14 13 e
258 2831 74 22 Spine,
339 2829 64 18 Puesie
411 2828 50 18 varie
469 2828 43 17 c’un
519 2825 66 19 introi-

181 2861 21 16 tu
210 2859 19 17 di
235 2858 71 18 Petru
313 2856 79 19 Rocca.
404 2855 10 18 1
422 2855 40 18 vol.
474 2854 19 17 di
503 2852 23 19 86
533 2852 51 23 pagi-

180 2891 32 14 ne.
538 2880 15 17 4
561 2889 24 5 —

135 2931 70 18 Petru
214 2929 22 18 di
244 2928 77 18 Niolu.
327 2936 21 5 —
354 2926 107 19 Canoîari
470 2930 13 13 e
490 2924 96 19 Trivuli.

180 2956 69 19 Puesie
268 2955 105 23 profumate
387 2954 77 22 quant’e
481 2954 7 16 i
504 2952 81 18 canoîari

181 2983 101 19 salvatichi
295 2982 19 18 di
325 2986 11 13 e
348 2982 46 17 cime
405 2982 20 17 di
436 2980 51 19 Cinti
501 2984 11 14 e
522 2980 20 17 di
552 2980 36 17 Pa-

183 3010 78 24 gliorba,
278 3015 12 12 e
300 3011 61 17 satara
374 3009 31 17 chi
415 3012 65 19 pugne
494 3008 76 22 quant’e
579 3007 8 17 i

181 3037 69 18 trivuli
257 3037 20 17 di
285 3042 14 12 u
305 3037 78 21 Tilerga.
388 3036 16 18 E
410 3036 54 18 virtù
473 3040 11 13 e
490 3040 11 13 a
508 3035 79 18 îierezza

181 3064 86 18 Niulinca
283 3064 72 18 cantata
371 3063 22 18 da
403 3063 92 18 l’Anfarte
506 3062 21 18 di
536 3061 52 19 Cala-

182 3092 93 18 cuccia.Di
282 3096 12 13 a
301 3091 97 18 Cullezione
404 3090 20 19 di
432 3089 88 22 VAnfarti
528 3089 57 19 Corsi.

183 3119 10 18 1
202 3119 39 17 vol.
253 3119 20 17 di
281 3118 23 19 64
312 3118 71 23 pagine.
540 3116 14 18 5
563 3126 23 4 —

138 3163 19 18 U
166 3162 170 23 Sampetracciu
344 3162 146 23 (Gbiannettu
494 3161 91 23 Notîni.)

183 3190 65 18 Rime
256 3190 76 22 (Puesie
335 3190 56 21 varie,
398 3190 119 21 Strufulette,
525 3189 61 18 Punte

184 3218 20 18 di
211 3218 75 18 Minutu
293 3217 76 21 Grossu,
380 3217 89 22 Canzone,
480 3216 107 19 Induvinel-

183 3246 33 22 le).
232 3245 48 18 C’un
296 3245 78 18 introitu
383 3245 20 17 di
421 3245 70 18 Petru
503 3244 82 18 Rocca.

186 3273 10 17 1
205 3272 38 19 vol.
258 3273 21 17 di
289 3272 35 19 160
334 3271 72 24 pagine.
540 3271 14 18 8
563 3280 24 4 —

138 3322 24 4 —
175 3311 22 19 A
208 3312 105 18 Pulitica.
332 3312 106 18 Cummedia
454 3312 22 18 in
488 3311 12 17 4
513 3310 43 18 atti.
572 3310 15 18 E

184 3340 106 22 spurehizie
300 3338 22 19 di
332 3344 10 13 a
351 3339 120 18 Puliticaccia
480 3338 108 22 d’impurta-

184 3367 53 17 zione
248 3371 63 14 messe
321 3371 12 13 a
342 3367 50 17 nudu
402 3371 11 13 e
423 3366 109 18 senrticate.
541 3365 26 17 Di
575 3370 12 13 a

186 3393 102 19 Cullezione
294 3394 19 18 di
318 3399 14 13 u
338 3393 63 18 Tealru
407 3393 20 18 di
431 3394 16 17 A
453 3392 71 19 Muvra.
530 3393 10 18 1
547 3394 39 17 vol.

185 3421 21 18 di
214 3420 20 18 96
245 3422 76 22 pagine.
542 3420 14 18 6
564 3430 24 4 —

207 3450 14 7 ✓

138 3470 24 4 —
169 3460 51 18 Una
225 3459 125 19 Manatella
361 3459 22 18 di
391 3459 112 19 Canzone.
514 3460 23 18 14
544 3464 45 14 can-

184 3494 46 14 zone
237 3490 21 18 di
266 3490 20 19 U
292 3490 174 21 Sampetracciu.
474 3490 18 19 U
497 3490 37 18 rniò
541 3491 48 18 Pae-

184 3520 20 13 se
212 3524 22 4 —
242 3515 15 17 A
266 3515 56 18 Moda
330 3524 22 4 —
359 3514 12 18 I
377 3515 65 19 Ricchi
449 3515 70 23 d'oghie
523 3525 21 4 —
550 3515 38 18 Zit-

187 3540 25 17 Co
219 3539 191 19 Marial.—Dumande
417 3540 22 18 in
446 3540 142 18 Matrimoniu—

185 3564 66 17 Primu
258 3565 66 18 Amore
331 3574 22 4 —
360 3564 47 19 Lode
414 3565 74 18 a'Moda
496 3574 23 4 —
526 3565 62 18 Ritro-

185 3588 126 19 vi—Brindisi
316 3598 23 4 —
343 3590 15 17 A
368 3589 85 18 Donna—
457 3591 23 17 In
489 3590 72 17 Trennu
568 3599 20 4 —

185 3613 12 18 I
202 3613 158 19 MercantuzziMn
367 3614 79 18 librettu
454 3615 21 17 di
485 3614 23 18 24
518 3614 70 22 pagine

185 3642 25 13 eu
220 3643 13 12 u
244 3639 80 17 ritrattu
334 3639 18 17 di
362 3639 86 18 l’autore.
543 3638 14 17 5
566 3647 23 5 —

645 1873 402 87 TL0RÊÏNE1

654 1976 133 31 CRÈME
806 1988 39 17 DE
863 1971 161 33 BEAUTÉ
1041 1981 6 20 I

645 2026 18 28 \
689 2026 74 20 REND
772 2025 34 20 LA
815 2023 75 21 PEAU
897 2022 96 21 DOUCE
1013 2009 34 40 jf

645 2050 44 28 Él-v
707 2054 115 22 FRAICHE
829 2045 218 43 PARFUMÉE^gi

664 2203 106 26 Strnmenti
780 2202 88 26 Husicali
879 2201 65 30 fl’ogni
955 2201 70 26 Généré

654 2261 58 50 V.
741 2258 298 54 Muracciole

638 2339 171 22 Prufessoredi
822 2338 95 22 Musica
926 2343 14 15 e
952 2336 102 22 Viulinu

709 2383 61 20 9-19,
783 2378 40 20 Via
831 2377 65 21 Jules
906 2377 74 20 Cazot

775 2409 51 20 Alès
837 2407 81 26 (Gard)

665 2467 77 21 Viulini,
748 2466 114 21 Manduline,
868 2464 105 24 Urganetti,
978 2464 50 18 Fono

716 2500 65 21 Piano,
791 2499 62 22 Banjo,
861 2499 65 17 Jazz...
935 2502 39 14 ecc.

683 2547 86 22 Catalogu
776 2546 70 24 gralisi,
855 2545 60 24 sopr’a
922 2544 89 19 cwnanda

728 2681 36 25 Per
780 2680 76 30 iscopre
874 2678 94 32 Surgenti,

690 2718 60 29 âcpe
770 2716 126 31 Sutterranee,
913 2714 94 26 Minerali.

679 2774 110 29 Frété
814 2772 205 33 Casanova

683 2816 142 24 Pievanu
840 2815 34 24 di
889 2815 123 24 Zicavu

645 2866 23 17 dà
676 2869 11 13 a
694 2865 146 18 cunuscimentu
847 2864 21 18 di
876 2864 59 22 quelli
943 2863 32 19 chi
980 2863 18 18 ci
1003 2868 51 18 ponu

666 2890 56 18 truvà
729 2894 15 13 u
751 2894 21 14 so
780 2889 101 21 interessu,
888 2889 71 18 cb’ellu
966 2892 65 19 scopre

666 2914 93 23 surgenti,
765 2918 58 18 acque
830 2915 115 20 sutteranee,
952 2913 80 18 minière

728 2939 146 22 metallurgiche
882 2939 23 18 ed
913 2939 55 17 altre.

646 2973 119 18 Infallibile
776 2981 24 4 —
811 2972 98 18 Pruvate
918 2976 13 13 e
940 2971 114 19 vidarete!

637 3105 181 27 CULLANA
836 3104 165 28 STORICA
1019 3105 43 26 DI

769 3146 31 23 A
817 3145 114 25 Muvra

644 3221 9 15 I
669 3226 29 4 —
714 3213 131 27 Napoléon
863 3215 152 25 Bonaparte.

615 3260 29 4 —
649 3248 79 22 Lettre
735 3254 14 15 a
757 3247 91 23 Matteo
864 3248 151 22 Buttafuoco.

615 3281 100 23 Préface
727 3282 31 22 de
770 3281 92 23 Matteo
874 3281 91 23 Rocca.

644 3321 60 22 1925.
720 3321 9 15 1
743 3316 52 21 vol.
807 3315 25 21 di
842 3321 30 22 32
883 3321 56 23 pag.
1025 3316 16 22 2
1052 3315 33 25 fr.

644 3365 24 16 II
678 3360 157 21 —Processo
840 3360 110 22 Verbale
958 3360 59 22 dell’

615 3392 275 23 AssembleaGenerale
898 3393 28 22 di
932 3394 84 21 Corsi-

615 3432 38 16 ca.
677 3425 95 23 Tenuta
788 3426 26 22 in
828 3425 76 24 Corte
918 3427 18 21 il
950 3432 34 20 10,
1003 3432 13 16 e

615 3460 81 28 giorni
721 3460 111 27 seguenti
858 3460 25 21 di
917 3459 99 27 Giugno

617 3498 63 23 I794-

645 3524 61 29 1928.
722 3532 9 15 1
741 3526 52 21 vol.
806 3525 25 21 di
841 3524 31 23 80
884 3530 57 22 pag.
1025 3524 19 21 4
1054 3524 32 21 fr.

646 3575 39 15 m
694 3580 29 5 —
731 3569 38 21 La
781 3568 84 22 Storia
876 3568 71 25 degli
957 3567 62 21 anni

616 3601 68 22 1732
695 3608 15 14 e
722 3601 77 21 1733.

646 3633 62 27 1928.
720 3640 10 15 1
738 3635 52 20 vol.
799 3633 24 21 di
834 3638 29 20 40
874 3638 56 22 pag.
1000 3631 88 21 2fr.50

303 3686 153 21 Dumandate
467 3691 17 16 u
492 3685 87 22 listinu
589 3685 25 22 di
626 3687 84 20 nostre
723 3685 177 29 publicazione.

1183 1851 171 59 €yrnos=
1368 1850 138 47 Palace

1225 1955 251 71 Moieî

1213 2075 260 25 Mudernissimu

1191 2254 85 23 Qrande
1292 2253 85 24 Fabrica
1392 2253 20 23 di
1424 2253 73 23 Mobiii

1139 2326 161 25 MARTINU
1330 2325 217 25 BERNARDINI

1183 2364 39 19 San
1232 2364 58 18 Petru
1301 2364 21 18 di
1335 2364 69 18 Venacu
1415 2364 89 23 (Corsica)

1180 2431 83 19 Generî
1272 2431 104 23 semplxci
1384 2435 13 14 e
1403 2431 25 18 di
1434 2430 75 20 Lussu

1284 2493 59 23 Legni
1353 2492 55 19 scelti

1212 2526 57 23 Noce,
1281 2526 100 22 Castagnu,
1392 2526 84 18 Laricciu

1123 2585 114 22 Âperture
1248 2589 14 14 e
1270 2585 55 18 altri
1333 2585 75 18 lavori
1415 2588 42 19 per
1464 2584 102 19 fabriche

1247 2619 77 22 sopr’a
1332 2618 112 18 cumanda

1175 2679 65 15 Prezzi
1248 2679 67 15 ridutti
1323 2682 34 15 per
1364 2682 43 12 case
1416 2679 101 15 cumercall

1234 2707 81 15 Facilità
1323 2707 20 14 di
1354 2707 105 18 pagamenti

1193 2840 98 22 Andate
1304 2846 13 16 a
1327 2840 97 22 vestevi
1437 2840 66 21 duve

1254 2885 42 24 m
1313 2884 125 25 FABÎO

1220 2935 26 15 12
1262 2930 71 20 Corsu
1345 2929 130 25 Napulione

1170 2970 32 18 Pè
1209 2974 17 14 u
1237 2969 99 23 “chic”,
1348 2974 13 14 e
1373 2969 149 24 Stofeïscelte,

1209 3004 11 17 i
1229 3003 79 22 prezzi
1318 3004 165 22 raggiunevuli.

1182 3138 85 25 Fabrica
1285 3139 107 25 d’Rrticuli
1410 3140 122 25 Orezzinchi

1187 3201 44 30 O-
1247 3202 38 29 F-
1307 3203 213 31 PIAZZOLl

1150 3247 48 19 Valle
1205 3247 95 24 d'Orezza,
1307 3254 35 19 per
1348 3249 106 19 Piedicroce
1462 3249 87 23 (Corsica)

1193 3307 45 22 Pipe
1245 3308 22 17 di
1274 3308 61 21 lussu,
1345 3307 69 22 Califfi,
1420 3308 90 18 Buccbini

1231 3334 60 23 Seopa
1299 3336 20 17 di
1326 3336 61 21 prima
1395 3336 70 21 qualité

1171 3384 98 22 Calamari,
1280 3385 57 17 Porta
1345 3389 67 17 penna,
1420 3385 64 21 Taglia
1492 3385 49 17 carta

1220 3439 113 22 Articuli
1344 3439 28 21 di
1383 3439 95 22 Tavula

1130 3486 97 19 Cucchiare
1237 3492 10 13 e
1255 3487 79 19 Furcine
1344 3496 20 6 —
1371 3486 95 24 Ovaghioli
1469 3497 25 4 —
1498 3487 71 18 Zucche-

1142 3513 78 18 riere—
1229 3513 87 24 Chiarchj
1324 3519 12 13 a
1346 3514 92 23 luvaglioli
1444 3514 116 19 —Salinere.

1173 3565 142 19 Assurtimentu
1325 3566 21 18 di
1354 3567 71 17 scatule
1433 3567 102 18 sculturate

1132 3602 34 17 per
1175 3598 82 21 tabaccu,
1267 3600 77 21 polvera
1354 3599 21 17 di
1388 3599 61 22 risu,.-
1465 3604 53 14 ecc...
1527 3603 38 14 ecc.

1157 3659 58 15 Lavori
1222 3664 48 13 sopra
1278 3661 78 14 eurr.anda
1366 3661 19 14 in
1392 3664 50 14 seopa,
1450 3662 9 13 b
1460 3665 17 10 us
1477 3665 24 12 su,
1508 3662 42 14 olivu

1993 1823 80 26 avoir
2089 1824 128 34 toujours
2234 1824 48 26 des
2295 1825 132 34 produits
2444 1826 118 27 alimen-

1993 1865 87 26 taires
2099 1867 58 24 très
2175 1866 90 34 frais,
2293 1867 35 25 de
2351 1869 64 24 tout
2437 1869 124 33 premier

1629 1909 94 33 choix,
1739 1912 29 23 et
1782 1910 69 26 bien
1871 1910 131 25 meilleur
2018 1910 119 26 marché
2153 1919 55 26 que
2224 1914 113 31 partout
2354 1912 171 27 ailleurs?...
2564 1938 2 5 ,

2007 1973 96 37 Faites
2129 1985 53 25 vos
2207 1974 100 36 achats
2332 1975 19 35 à
2375 1975 29 36 la

1720 2039 150 48 Grande
1894 2040 168 60 Epicerie
2088 2039 150 49 CÔSTÂ
2263 2041 63 47 ET
2353 2041 144 48 NEGEI

1891 2114 190 25 Boulevard
2098 2115 61 24 Roi
2174 2115 131 26 Jérome

1664 2217 93 25 Vous
1774 2218 176 25 réaliserez
1968 2218 74 26 ainsi
2059 2218 111 35 chaque
2187 2219 71 26 mois
2276 2228 66 17 une
2360 2221 173 26 économie

1840 2266 56 24 très
1915 2265 125 26 sensible
2059 2274 73 26 pour
2151 2269 78 23 votre
2248 2266 110 36 budget

1897 2358 190 25 Livraisons
2104 2360 20 23 à
2144 2360 152 25 domicile

1797 2479 32 48 A
1850 2479 226 49 L1BRÂKIÂ
2098 2482 48 47 M
2169 2481 32 49 A
2220 2482 166 52 MUVRA
2436 2481 3 3 '

1692 2554 112 35 cùtnpra
1816 2556 11 24 ;

1610 2600 143 28 VECCHJ
1769 2602 255 27 MANUSCRITTI
2041 2617 34 5 —
2093 2604 231 29 INCUNABULI
2344 2622 34 5 -
2392 2609 173 29 EDIZIONE

1703 2640 282 28 INTERESSANTE
1996 2656 35 6 —
2047 2642 168 28 VECCHJE
2227 2645 149 29 STAMPE
2389 2656 80 19 ecc...

2560 2688 4 9 i

1723 2699 34 30 U
1759 2708 25 21 n
1802 2702 180 27 mancate
2002 2701 38 28 di
2056 2703 165 30 scriveci
2237 2706 128 34 prima
2382 2707 38 30 di

1939 2751 126 30 vende
2084 2752 49 29 ad
2158 2753 91 31 altri

1712 2889 147 26 Antichità
1878 2888 86 27 Corse
1992 2909 7 5 .

1622 2955 213 49 Francesct!
1876 2956 181 49 PiETRI

1633 3022 22 26 8,
1668 3022 84 22 Corsu
1765 3022 131 23 Grandval
1909 3034 30 4 —
1953 3022 105 22 Aiacciu

1622 3086 74 32 Cispre,
1719 3086 49 33 Stili,
1779 3087 78 32 Pistole,
1867 3087 110 31 FiancMne,
1985 3088 75 30 Stampe

1659 3126 57 25 Piatti
1728 3131 9 20 e
1749 3127 59 25 Tazze
1819 3131 24 21 eu
1853 3126 8 25 i
1871 3126 89 30 proïerbj
1973 3125 50 26 corsi

1708 3165 72 26 Zucche
1792 3170 24 20 eu
1824 3164 71 31 sngetti
1905 3164 59 26 local!

1649 3323 391 93 Tomasi

1756 3481 206 61 Folografu

1626 3590 449 60 Aiacciu=Bastia

2191 2897 325 59 CasaRICCI

2143 2991 44 34 3,8,
2217 2993 90 27 Corsu.
2322 2994 177 37 Napulione,
2504 2996 31 36 38

2217 3061 34 5 —
2271 3049 141 26 Aiacciu
2432 3065 35 5 —

2164 3117 161 28 RICORDI
2348 3120 178 29 AIACCINI

2146 3160 101 27 ARTICULI
2264 3163 112 28 RELIGIOSI
2400 3178 35 5 —
2456 3163 85 29 CUR01IE

2142 3321 132 39 Madame
2298 3324 35 38 Â.
2352 3324 187 39 Baciocchinî

2117 3378 89 31 QjRue
2214 3380 172 35 Bonaparte.
2393 3398 13 5 -
2411 3380 144 37 Ajacccio-

2142 3469 226 47 flSSOHTiPïïT
2391 3472 146 42 GOMPtET

2173 3522 40 36 DE
2235 3524 172 44 GJÏIPEfillX
2427 3524 84 43 POUR

2163 3574 106 44 D5PS
2286 3580 41 35 ET
2348 3578 172 42 FIEIiETTES

2168 3652 46 18 :—:
2225 3649 62 23 Prix
2297 3654 164 24 avantageux
2471 3653 45 19 :—‘
