2688 3970
154 188 114 48 Corse
285 182 37 45 et
343 176 168 58 Pologne

124 281 67 23 Nous
200 277 103 21 sommes
314 269 110 22 heureux
444 264 89 22 d’offrir
554 262 14 22 à

98 321 45 18 nos
158 313 100 22 lecteurs
274 311 31 16 un
327 300 88 24 extrait
435 299 42 21 des
495 304 9 13 «
515 296 52 22 Mé-

98 347 88 24 moires
195 349 14 15 »
220 341 30 22 de
265 339 106 22 Maurice
381 331 118 25 Gnmaldi
509 331 8 26 (
530 336 8 15 i
549 331 18 26 ),

98 383 23 20 le
131 379 58 28 père
205 376 29 21 de
248 375 69 20 notre
326 370 49 22 très
389 363 121 30 distingué
520 363 48 22 col-

98 412 140 25 laborateur,
252 405 94 29 Eugène
359 399 117 26 Grimaldi
486 405 5 14 :

124 463 11 10 «
144 471 31 7 ....
186 456 61 20 Dans
256 453 32 20 les
294 449 107 29 premiers
413 447 64 25 jours
491 441 76 23 d’avril

100 489 57 23 1865,
162 488 24 25 je
194 487 36 20 fus
239 482 102 29 présenté
345 482 13 19 à
368 476 125 24 Gurowski,
503 475 20 19 le
532 480 33 13 cé-

98 521 62 21 lébré
183 518 108 25 agitateur
308 511 108 28 polonais.
426 509 46 20 Son
494 506 76 24 aspect

100 559 36 14 me
144 551 86 24 frappa,
240 553 37 14 car
284 545 17 21 il
310 540 137 25 ressemblait
456 540 12 19 à
477 538 93 24 s'y..mé-

100 581 96 27 prendre
204 581 14 19 à
226 585 53 14 mon
288 575 65 22 oncle
370 569 135 24 Paul-Emile
521 568 50 18 Gn-

100 612 93 20 maldi...
202 608 42 26 (2)

125 642 111 19 Entrevue
248 636 79 25 simple
341 638 23 16 et
377 632 101 21 combien
493 634 78 15 émou-

99 674 67 18 vante
174 671 7 18 !
190 669 29 20 Je
228 673 28 14 ne
264 664 124 22 l'oublierai
394 662 108 26 jamais...

94 707 12 7 -
125 715 24 7 ...
158 700 109 20 Lecomte
283 695 72 21 Adam
364 690 160 27 Gurowski(3)
534 696 37 15 me

99 732 62 27 parla
171 736 55 14 avec
244 731 57 18 cette
315 726 117 21 déférence
445 724 38 26 qui
501 726 34 17 est
550 722 22 20 la

100 767 93 20 marque
215 760 39 20 des
271 759 102 20 hommes
403 755 134 26 supérieurs.
554 753 18 20 11

99 793 83 23 aborda
191 792 32 20 les
229 790 70 25 sujets
306 790 32 19 les
347 788 51 26 plus
404 788 81 22 divers,
495 789 22 16 et
522 784 51 27 puis

93 825 22 22 jl
124 831 37 14 me
166 823 34 20 dit
206 828 45 14 non
261 827 53 15 sans
322 823 124 17 amertume
455 824 6 13 :

95 866 4 3 •
126 862 10 10 «
147 854 61 21 Voiis
214 853 69 20 devez
292 851 63 20 subir
363 851 13 19 à
389 852 78 17 contre
478 853 61 14 coeur
552 846 21 19 le

97 887 57 25 joug
163 885 28 20 de
200 885 21 19 la
231 884 83 19 France
318 881 12 20 ?
336 886 10 11 »

103 919 3 14 :
124 915 104 21 —«Mais
236 920 45 14 non
289 920 10 9 »
309 910 136 27 répondis-je
458 908 115 20 étonné....

95 939 20 35 J
125 946 77 22 J’étais
223 945 59 20 alors
304 943 46 20 très
362 938 182 28 jeune—j'avais
560 938 14 19 à

95 979 72 26 -jpeine
186 973 125 28 vingt-trois
326 975 104 18 ans—et
438 970 24 25 je
472 976 29 14 ne
515 975 59 14 com-

100 1008 90 27 prenais
198 1013 41 20 pas
247 1012 44 19 que
304 1005 25 20 -la
338 1003 77 22 Corse,
424 1001 76 21 nation
513 999 62 21 vain-

94 1054 3 3 •
103 1046 49 17 cue,
162 1038 90 22 aliénait
260 1043 36 14 ses
304 1035 90 21 libertés
403 1037 23 16 et
434 1039 41 14 son
488 1030 85 24 avenir,

95 1079 35 15 :au
139 1071 44 20 lieu
193 1070 28 19 de
230 1068 62 21 vivre
300 1067 66 20 d’une
374 1065 37 20 vie
418 1064 67 25 digne
490 1066 23 17 et
520 1061 56 21 réel-

100 1103 47 20 le...

128 1133 111 21 L’illustre
247 1130 57 21 exilé
313 1128 69 25 reprit
396 1133 55 14 avec
470 1124 106 22 bienveil-

99 1166 66 22 lance

107 1201 4 3 -
126 1193 126 21 —«J’aime
269 1192 21 20 la
304 1191 77 20 Corse.
392 1189 115 21 Elle'est,,
518 1194 58 19 pour

96 1226 51 20 moi
156 1231 31 14 un
200 1223 124 26 symbole...
328 1222 20 20 N
351 1222 125 19 'avez-vous
485 1225 39 19 pas
539 1218 38 28 dé^

102 1256 68 21 fendu
178 1261 40 14 vos
227 1254 73 25 foyers
304 1253 12 20 ?

96 1284 6 3 "
106 1287 7 22 ;
128 1286 64 21 Voilà
201 1286 51 27 près
260 1284 28 20 de
292 1287 100 17 cenfeans
400 1288 45 19 que
450 1285 63 16 votre
522 1280 54 20 mal-

103 1318 100 21 heureux
209 1321 55 20 pays
272 1314 60 20 subit
340 1313 22 20 la
370 1312 31 20 loi
410 1312 29 20 du
449 1311 50 26 plus
505 1311 69 20 fort...

98 1349 64 24 Vous
175 1347 102 20 marchez
285 1347 14 18 à
307 1345 21 20 la
342 1348 122 19 remorque
472 1343 28 18 de
507 1341 21 20 la
537 1347 40 13 na-

99 1384 49 16 tion
166 1378 152 25 conquérante
336 1382 53 14 sans
406 1374 70 21 avoir,
495 1379 28 14 en
542 1378 34 13 re-

99 1415 62 18 tour,
169 1416 42 14 son
219 1408 79 21 estime
306 1411 23 17 et
337 1413 37 14 ses
387 1404 187 27 sympathies....»

97 1437 28 24 ît-
128 1441 61 21 Pour
202 1440 22 20 la
241 1439 110 26 première
357 1438 47 22 fois
418 1451 6 7 ,
431 1443 32 14 un
484 1435 91 22 homme

102 1473 153 24 m’enseignait
272 1471 20 19 la
314 1469 70 21 venté
388 1469 8 18 1
404 1469 28 20 Je
446 1473 96 18 compris
554 1469 22 16 le

101 1509 123 19 mensonge
244 1502 29 20 de
286 1501 22 21 la
319 1507 9 11 «
336 1501 71 20 Corse
424 1498 150 24 française»...

102 1535 40 21 Un.
153 1533 82 22 nouvel
252 1533 95 22 horizon
354 1531 79 21 s’offrit
452 1531 14 20 à
475 1535 49 16 mes
542 1535 34 14 re-

98 1563 77 29 gards,
189 1565 92 20 horizon
288 1563 90 21 sombre
394 1565 23 17 et
425 1563 107 18 mouvant
545 1559 30 20 où

101 1596 119 27 passaient,
245 1601 87 14 comme
352 1600 31 14 un
404 1591 114 26 reproche,
542 1590 34 20 les

96 1631 75 20 'morts
179 1627 29 20 de
215 1627 158 20 Pontènovo...

98 1665 7 15 j
127 1657 119 22 Gurowski
255 1657 107 20 continua
372 1662 6 13 :

96 1693 16 19 ?■[
125 1700 28 4 —
160 1698 10 11 «
177 1688 72 26 Soyez
257 1687 52 21 fiers
317 1687 28 20 de
353 1685 116 26 .Pasqualè
478 1684 69 21 Paoli.
558 1683 27 29 |L

84 1738 7 5 ,
96 1721 60 21 -était
163 1719 79 27 grand,
249 1717 220 22 intellectuellement
474 1719 22 17 et
504 1721 72 15 mora-

97 1752 113 29 lement...
217 1751 18 20 Il
244 1749 96 27 joignait
347 1750 14 18 à
369 1748 22 20 la
399 1753 90 20 sagesse
499 1746 28 20 de
536 1745 40 21 So-

97 1778 51 29 jón,
158 1783 21 20 le
196 1787 95 20 courage
305 1781 29 19 de
351 1778 149 21 Thémistocle
514 1781 23 17 et
555 1777 21 20 la

98 1815 73 21 -bonté
179 1813 29 21 de
217 1811 176 22 Marc-Aurèle...
404 1810 19 20 Il
431 1813 36 17 est
481 1809 52 20 cher
547 1814 28 14 au

100 1852 64 14 coeur
179 1845 29 20 de
216 1848 51 16 tous
284 1843 33 20 les
328 1841 120 26 opprimés,
458 1846 37 14 car
504 1840 14 19 il
537 1845 39 14 osa

104 1883 25 14 ce
156 1882 44 19 que
218 1874 37 21 nul
282 1873 81 21 n’avait
380 1873 40 19 osé
437 1875 66 16 avant
530 1870 30 20 lui
569 1877 6 13 :

104 1907 90 21 résister
203 1912 40 19 par
259 1905 31 20 les
305 1909 73 15 armes
386 1904 13 19 à
417 1903 20 20 la
453 1903 50 24 plus
519 1901 57 21 forte

103 1938 118 26 puissance
239 1935 101 21 militaire
355 1935 29 19 du
404 1933 80 21 monde
494 1934 6 19 !
509 1933 16 20 Il
543 1939 34 14 sa-

105 1969 45 20 vait
159 1969 19 19 la
185 1968 54 19 lutte
249 1966 85 25 inégale
351 1965 56 20 mais
416 1965 14 19 il
447 1964 83 23 tomba,
545 1963 30 20 du

103 2000 83 21 moins,
196 2004 54 14 avec
257 1995 116 23 honneur!

129 2029 44 20 Oh!
184 2034 51 15 mon
243 2028 69 24 jeune
320 2026 51 21 ami.
383 2032 28 14 ne
429 2030 147 20 croyez-vous

105 2067 47 19 pas,
163 2059 68 25 qu’un
240 2058 59 25 jour,
305 2058 20 19 la
343 2056 71 21 Corse
433 2061 62 14 verra
511 2056 24 19 sé
547 2055 29 19 le-

101 2098 43 14 ver
158 2090 73 20 l’aube
239 2088 102 21 radieuse
350 2087 30 20 de
386 2092 38 14 ses
431 2086 89 20 libertés
538 2086 36 19 éri-

102 2122 32 21 fin
143 2119 190 26 reconquises?...

129 2153 19 23 H
157 2159 30 14 ne
195 2151 47 20 faut
256 2150 65 25 point
337 2149 154 25 désespérer,.,
504 2148 72 24 .Après

103 2184 25 21 la
137 2183 49 20 nuit
194 2182 31 20 du
241 2181 111 22 tombeau,
372 2180 21 20 la
410 2179 149 23 résurrection
569 2178 6 20 !

105 2215 63 21 Nous
185 2213 92 20 aurions
293 2218 38 19 pu,
351 2217 57 14 nous
425 2211 74 19 autrés
515 2209 62 26 polo-

103 2243 58 25 nais,
172 2251 57 14 nous
243 2244 86 20 donner
339 2248 66 19 corps
419 2245 22 16 et
457 2242 51 19 âme
524 2241 13 19 à
554 2240 22 20 la

102 2276 91 22 Russie,
212 2274 137 26 quémander
362 2279 37 14 ses
418 2272 97 23 faveurs,
536 2271 41 20 des

102 2307 88 25 grades,
210 2306 40 20 des
267 2305 101 25 emplois,
391 2303 96 21 affirmer
512 2306 67 16 notre

102 2342 14 11 «
126 2337 116 26 loyalisme
251 2345 10 11 »
279 2336 57 21 mais
345 2336 25 23 à,,
380 2334 54 25 quoi
451 2334 45 20 bon
514 2333 63 20 vivre

101 2369 60 20 dans
169 2374 45 14 une
223 2368 92 20 odieuse
323 2366 120 21 sécurité...

127 2399 65 21 Nous
201 2398 116 26 préférons
326 2398 21 20 la
356 2397 94 20 douleur
465 2395 39 26 qui
516 2395 62 25 puri-

104 2431 35 22 fie,
150 2431 34 20 les
195 2430 66 25 périls
270 2430 38 25 qui
321 2428 107 22 fortifient
437 2433 22 16 et
469 2429 31 20 les
517 2434 60 14 com-

103 2462 50 21 bats
167 2462 39 25 qui
229 2461 164 20 entretiennent
410 2460 19 20 la
453 2459 66 21 haine
543 2464 34 15 sa-

102 2494 77 20 crée...
190 2500 11 10 »

293 2522 113 22 Maurice
417 2520 129 23 Grimaldi.

330 2554 3 3 .

101 2562 4 7 ;
120 2563 8 16 (
137 2562 105 15 Souvenirs
249 2562 45 14 d’un
305 2561 110 14 Volontaire
421 2560 24 14 de
451 2559 84 15 l'Armée
552 2559 25 14 du

102 2585 98 15 Potomac.
211 2583 102 15 1361-1365
322 2583 87 16 chapitre
417 2582 61 16 XXI.)

101 2646 4 8 :
127 2635 278 25 (4).Mauriziu.Grimaldi,
419 2635 82 18 écrivain
513 2636 75 21 et-pa-.

106 2667 60 20 triete,
172 2665 25 19 né
200 2666 12 17 à
220 2664 161 19 Canale-di-Verde
388 2662 71 24 (Corse)
465 2664 18 17 le
488 2663 12 18 5
504 2667 75 14 novem-

105 2695 34 17 bre
145 2692 102 23 1841,mort
252 2692 12 18 à
267 2692 62 18 Bastia
334 2692 20 17 le
357 2691 23 18 15
384 2691 70 18 février
460 2690 50 19 1922.
516 2691 17 18 Il
540 2690 39 23 prit

106 2723 43 21 part
153 2726 72 14 comme
231 2721 101 18 volontaire
333 2720 39 22 jija
377 2724 68 18 guerre
452 2720 25 18 de
482 2719 97 18 Sécession

107 2750 116 21 américaine,
231 2754 14 18 y
255 2746 105 20 furiblessé'
366 2747 122 23 grièvement/
497 2749 83 21 voyagea

105 2779 104 21 longtemps
220 2782 24 13 en
255 2776 100 22 Amérique
364 2777 20 16 et
394 2780 24 14 en
432 2775 80 22 Europe,,
522 2777 20 16 et
556 2776 28 20 de.

105 2807 65 17 retour
182 2810 24 13 en
211 2801 92 26 îlorse,'.il
312 2801 168 27 dpnncû’ëxèmple
491 2804 33 17 des
535 2804 44 21 plus

106 2835 67 17 hautes
179 2834 71 17 vertus.
255 2835 5 4 '
297 2831 4 5 '

117 2878 7 8 ,
129 2867 27 23 (2)
165 2865 166 25 Paulp-Lmiliti
338 2864 117 22 Grimaldi,
466 2864 81 18 écrivain
560 2865 20 17 et

107 2894 98 23 magistrat
209 2899 58 17 corse,
273 2894 24 18 né
305 2894 12 17 à
322 2888 125 23 Sânt’Anàréa
454 2893 20 17 di
482 2889 70 21 Côtone
556 2896 24 14 en

107 2922 51 22 1816,
168 2924 49 16 mort
223 2927 25 13 en
254 2921 53 19 1881-.-
321 2931 24 4 —
349 2921 22 18 .11
376 2921 31 18 est
416 2921 79 18 llauteur
505 2921 23 16 de
543 2920 39 17 fort

107 2951 58 17 belles
170 2950 72 22 poésies
250 2951 24 17 eh
279 2953 61 14 corse-
342 2950 49 17 et-en
397 2948 71 18 italien.

130 2983 26 24 (3)
174 2983 78 18 Comte
268 2983 75 21 Adam
362 2981 131 24 Gurowsky,
510 2981 72 20 célèbre

107 3009 163 23 révoîiitipnnairei
273 3011 90 22 polonais-,
370 3009 116 21 hé'.en-18.05
500 3010 49 18 mort
558 3013 24 13 en

107 3038 51 19 1866.
172 3049 23 4 —
208 3040 61 22 Ayant
279 3039 40 23 pris
329 3039 42 22 part
381 3039 12 16 à
403 3037 137 19 l’insurrection
559 3037 24 17 de

108 3067 81 23 Pologne
195 3068 23 17 de
225 3066 51 22 1830,
283 3067 14 18 il
304 3067 30 17 fut
340 3066 101 18 condamné
447 3066 12 17 à
466 3066 53 20 mort,
532 3066 51 16 s’en-

109 3095 37 18 fuit
153 3096 12 16 à
173 3096 53 17 Paris
236 3096 24 17 où
271 3095 14 18 il
296 3094 66 19 devint
367 3094 40 17 l’un
412 3094 33 17 des
454 3093 91 18 membres
555 3092 28 17 les

110 3123 43 22 plus
166 3123 55 18 actifs
234 3124 26 17 du
276 3122 71 19 Comité
359 3121 84 18 national
458 3120 88 23 polonais,
564 3121 21 17 et

110 3151 53 21 après
176 3155 38 14 une
224 3151 88 18 nouvelle
321 3149 91 18 tentative
423 3153 48 18 pour
484 3148 69 17 libérer
563 3152 22 13 sa

110 3178 64 22 patrie,
190 3179 15 17 il
215 3179 59 22 reprit
284 3179 19 16 le
316 3178 76 18 chemin
404 3177 24 17 de
441 3176 52 18 l’exil
507 3176 19 18 et
542 3176 42 17 vint

110 3205 85 19 s’établir
199 3207 11 17 à
217 3205 109 19 New-York
336 3205 25 18 où
367 3205 16 17 il
391 3205 95 17 mourut...

487 3237 24 18 P.
522 3237 27 18 R.

207 3417 285 31 L’Almanaccu

113 3465 205 27 L’Almânaccu
341 3465 30 26 di
387 3464 30 26 A
430 3463 106 27 Muvra
548 3462 38 26 ha

113 3500 36 29 da
167 3513 63 18 esce
253 3514 19 17 u
299 3514 29 26 23
348 3503 153 27 Dicembre
514 3503 6 25 S
535 3510 50 17 200

112 3544 105 33 pagine
238 3546 5 24 !
265 3554 47 17 roo
334 3543 114 36 disegni
465 3543 6 25 1
482 3551 15 27 7
521 3550 67 17 can-

114 3589 71 18 zone
203 3592 36 17 eu
256 3593 17 17 a
285 3584 112 26 musica
411 3584 6 24 !

149 3620 14 24 I
184 3622 52 31 più
250 3632 70 25 gran
338 3623 124 26 scrivani
475 3631 14 17 e
498 3630 40 27 pu
541 3624 27 23 et
570 3630 17 17 a

119 3663 46 17 cor
166 3657 24 24 si
205 3659 6 23 !

152 3693 107 37 Pre^u
270 3708 9 15 :
301 3702 20 24 3
329 3703 141 25 franchi.

152 3730 42 24 Pe
213 3741 18 16 a
247 3740 84 29 posta
356 3742 209 28 racimimiAaiu
578 3750 10 15 :

117 3767 21 26 4
155 3768 136 31 franchi.

386 3774 3 2 -
403 3769 7 13 :

403 3783 12 15 F

537 3776 7 3 -

488 3787 15 13 £.
514 3785 13 14 ÿ
540 3791 11 8 r

595 165 126 26 Comité
742 166 161 31 Ajaccien
927 167 44 25 du
993 175 76 16 cen-

641 206 124 23 tenaire
784 205 41 24 de
837 205 35 24 la
884 208 85 21 mort
980 205 43 24 de

727 243 169 30 Napoléon
905 243 30 24 1er

622 312 30 20 Le
660 312 86 20 Comité
756 318 13 13 a
777 312 22 20 le
807 312 79 24 plaisir
894 312 28 21 de
930 314 75 22 porter
1020 311 13 18 à
1048 310 20 19 la

595 343 159 20 connaissance
763 343 29 19 du
802 342 76 24 public
886 342 33 19 les
927 341 103 20 résultats
1039 340 29 19 du

595 379 108 14 concours
712 373 55 25 qu'il
781 372 59 20 avait
854 371 102 25 organisé
974 376 58 19 pour
1049 369 20 20 le

595 403 61 20 socle
664 403 27 20 de
700 403 21 20 la
730 406 72 16 statue
817 401 28 20 de
855 401 113 25 Napoléon
978 400 44 20 1er.

622 434 61 20 Voici
690 434 31 19 les
729 432 186 25 procès-verbaux
924 431 29 19 du
962 430 57 24 Jury
1027 431 43 18 ins-

596 465 56 19 titué
669 471 39 18 par
724 464 22 19 le
761 463 87 20 Comité
861 465 23 17 et
898 461 37 25 qui
951 461 68 24 jugea
1038 460 32 20 les

597 495 83 25 projets
697 495 38 24 qui
753 500 25 14 se
793 496 105 17 trouvent
921 498 27 13 au
977 491 93 20 nombre

596 526 29 21 de
633 526 20 20 3:

709 579 43 21 1er
760 575 188 31 procès-verbal

624 626 31 20 Le
668 625 56 24 Jury
737 624 92 25 désigné
843 629 42 19 par
898 622 22 20 le
937 621 88 20 Comité
1042 619 28 20 du

598 656 132 22 Centenaire
739 656 54 20 s'est
801 654 64 21 réuni
877 654 13 19 à
903 651 68 22 l’effet
986 651 29 20 de
1028 653 44 17 sta-

599 693 50 16 tuer
657 695 39 14 sur
708 688 34 20 les
751 686 83 26 projets
850 684 114 27 présentés
977 689 29 14 au
1022 688 51 14 con-

599 727 66 14 cours
674 726 56 19 pour
738 719 21 21 le
768 720 132 19 monument
915 715 158 21 commémora-

600 752 29 20 tif
644 752 27 19 de
685 758 25 13 ce
727 749 135 23 centenaire,
876 747 73 26 lequel
964 751 109 15 concours

600 783 81 20 faisant
697 782 57 20 suite
772 782 14 19 à
796 780 58 21 celui
872 779 30 20 du
916 778 25 21 25
954 777 51 25 juin
1015 779 57 22 1922»

600 814 48 20 clos
656 819 51 15 sans
716 812 99 21 résultat.

627 844 103 20 Présents
740 850 6 13 :
756 843 52 20 MM.
820 841 113 25 Carrayol,
942 836 130 24 Corbellini,

601 875 109 21 Carbone.
721 873 101 23 Bassoul,
832 871 113 27 Sampolo,
958 870 115 23 Canavag-

600 906 46 25 gio,
655 905 127 26 professeur
790 904 33 20 de:
827 903 75 21 dessin
914 908 29 14 au
951 900 93 25 collège.

627 937 94 20 Absents
731 943 6 13 :
747 935 52 20 MM.
811 934 83 23 Lovisi,
909 932 59 21 Luisi
982 934 23 17 et
1019 930 56 22 Mas-

601 974 51 14 son.

628 999 19 20 A
657 997 142 25 d'unanimité
808 1000 53 17 sont
873 995 102 26 désignés
988 998 90 15 comme

603 1029 116 21 Président
732 1029 28 20 de
778 1029 80 19 séance
873 1026 31 21 M.
927 1025 106 25 Sampolo
1054 1028 20 15 et

603 1067 86 14 comme
698 1059 118 22 secrétaire
825 1058 29 21 M.
865 1057 110 21 Carbone.

628 1092 30 20 M.
668 1090 114 25 Carrayol,
791 1097 28 13 au
828 1096 55 14 nom
892 1089 30 20 du
931 1087 94 22 Comité,
1036 1086 40 21 fait

603 1124 113 20 connaître
738 1128 44 19 que
799 1121 55 21 trois
872 1122 145 18 concurrents
1037 1121 38 17 ont

604 1154 46 25 pris
659 1158 47 21 part
720 1160 29 13 au
758 1158 110 15 concours
877 1155 22 17 et
908 1150 15 21 il
937 1150 84 25 dépose
1038 1154 37 15 sur

603 1186 21 20 le
647 1185 81 20 bureau
754 1184 54 20 trois
835 1182 85 26 projets
943 1181 67 20 remis
1037 1185 38 19 par

604 1216 51 21 MM;
669 1215 89 23 Bartoli,
779 1214 72 23 Levie,
870 1212 128 22 Tessarech,
1018 1210 56 21 ainsi

603 1253 46 20 que
666 1247 19 20 le
701 1246 76 21 cahier
793 1245 40 20 des
844 1244 92 25 charges
955 1245 120 18 contenant

603 1279 33 20 les
645 1277 125 21 conditions
778 1276 29 20 du
817 1280 110 15 concours
936 1280 55 14 avec
1003 1273 22 20 le
1031 1278 45 14 mo-

603 1308 50 21 dèle
663 1309 27 19 de
698 1307 143 22 soumission,
857 1309 23 17 et
894 1305 28 20 de
930 1308 48 17 tout
987 1307 36 17 est
1036 1302 40 20 fait

596 1339 98 21 .lecture.

629 1379 31 20 Le
668 1378 55 24 Jury
732 1376 75 21 donne
815 1378 50 18 acté
875 1381 5 13 :

628 1423 20 16 f
662 1429 25 4 —
695 1419 30 20 du
738 1417 81 26 parfait
832 1418 46 19 état
892 1416 40 20 des
940 1414 136 25 enveloppes

602 1453 23 18 et
641 1450 108 20 rouleaux
764 1448 57 21 ainsi
836 1454 46 19 que
896 1447 39 20 des
946 1445 90 21 cachets
1048 1445 28 20 de

603 1483 81 19 sûreté.

628 1518 21 15 2'
662 1513 27 20 de
695 1512 21 20 la
721 1511 145 21 constitution
874 1509 108 26 régulière
991 1508 29 20 de
1027 1507 50 21 cha-

604 1551 44 18 que
665 1543 96 23 dossier/
772 1542 90 20 suivant
870 1541 33 20 les
918 1539 157 26 pi*èscriptionS

602 1576 31 20 du
645 1574 73 21 cahier
726 1574 40 20 des
773 1573 100 25 charges.

629 1606 42 21 Sur
679 1605 139 25 proposition
834 1604 32 20 du
875 1602 124 23 Président,
1011 1601 16 20 il
1043 1604 33 17 est

604 1637 79 21 décidé
694 1637 53 20 d'un
760 1641 105 15 commun
880 1633 79 21 accord
979 1633 29 20 de
1028 1638 49 14 ren-

603 1675 69 18 voyer
682 1668 21 20 la
711 1666 126 21 discussion
846 1669 24 17 et
879 1668 50 17 vote
937 1665 13 19 à
959 1670 46 14 une
1014 1664 62 19 séan-

592 1703 37 17 ..Ce
646 1699 119 20 ultérieure
782 1698 29 20 où
826 1696 152 21 assisteraient
991 1695 34 20 les
1039 1701 38 13 au-

603 1734 46 20 tres
657 1729 124 24 onembres.
797 1729 69 19 Entre
871 1731 86 21 .temps,
973 1726 23 20 le
1007 1726 70 21 secré-

603 1762 57 20 taire
675 1760 104 21 vérifiera
787 1766 39 14 sur
838 1759 72 25 place,
922 1758 19 20 si
953 1757 34 20 les
1004 1757 73 24 dispo-

604 1793 79 20 sitions
691 1792 40 19 des
746 1791 64 25 plans
827 1793 53 17 sont
896 1788 126 21 conformes
1034 1794 43 14 aux

604 1823 143 26 dispositions
765 1821 78 21 réelles
864 1821 30 20 du
909 1820 91 23 terrain,
1017 1820 61 19 étant

604 1854 96 21 entendu
719 1852 169 21 unanimement
905 1857 43 19 que
967 1851 65 24 plans
1055 1853 21 17 et

604 1886 63 20 devis
683 1885 95 20 devront
791 1884 46 19 être
852 1883 97 19 d’autant
964 1881 51 25 plus
1031 1882 45 19 étu-

604 1917 48 19 diés
661 1922 43 19 que
713 1922 38 13 sur
761 1915 32 19 les
802 1914 55 20 trois
867 1916 145 17 concurrents
1021 1911 55 25 figu-

605 1951 48 16 rent
662 1947 57 19 deux
729 1945 110 21 membres
848 1944 31 20 du
888 1943 94 21 Comité.

630 1977 45 21 Ont
684 1977 63 25 signé
757 1983 5 12 :
778 1975 52 21 MM.
842 1974 112 25 Sampolo,
965 1973 111 23 Carbone,

605 2007 150 26 Canavaggio,
784 2006 100 23 Bassoul,
910 2004 121 21 Corbellini
1056 2008 21 16 et

604 2038 112 25 Carrayol.

715 2098 55 16 2me
780 2090 193 29 proces-verbal:

631 2140 31 20 Le
668 2140 52 25 jury
728 2138 54 21 s’est
790 2138 63 20 réuni
864 2143 56 19 pour
927 2137 21 19 la
961 2135 117 21 deuxième

603 2165 52 21 fois.

634 2197 104 20 Présents
747 2202 6 13 :
765 2193 55 21 -MM.
836 2193 112 25 Sampolo,
967 2192 109 21 Carbone,

605 2227 101 23 Bassoul,
724 2225 116 25 Carrayol,
860 2223 120 22 Corbellini
996 2226 25 17 et
1038 2222 41 21 Ca-

605 2258 116 25 navaggio.

630 2289 95 21 Absents
740 2295 7 13 :
761 2286 53 22 MM.
835 2287 98 21 Masson,
960 2285 75 21 Lovisi
1057 2287 22 17 et

606 2319 68 22 Luisi.

631 2351 18 20 11
663 2354 33 17 est
703 2353 49 17 tout
768 2348 93 21 d’abord
870 2348 64 20 refait
947 2348 85 20 lecture
1049 2346 29 20 du

594 2382 85 20 /cahier
688 2382 39 19 des
737 2381 98 24 charges.
851 2379 92 25 Chaque
956 2378 76 26 projet
1045 2381 34 16 est

604 2413 87 20 ensuite
699 2411 92 25 analysé
804 2411 147 24 séparément,
968 2409 57 20 dans
1042 2414 37 15 ses

604 2444 94 22 dessins,
709 2442 118 21 mémoires
836 2446 23 16 et
868 2441 69 20 devis.
948 2440 31 20 En
990 2440 88 20 dernier

605 2475 52 23 lieu,
667 2475 31 19 les
707 2474 54 20 trois
778 2472 83 26 projets
870 2476 50 16 sont
933 2472 94 24 exposés
1041 2477 38 14 sur

606 2506 20 20 le
637 2512 55 16 mur,
702 2509 21 16 et
733 2504 114 20 examinés
861 2502 217 26 comparativement.

633 2537 29 20 La
673 2535 124 21 discussion
814 2534 105 26 générale
934 2534 59 20 étant
1012 2533 66 22 close,

605 2569 21 19 le
645 2567 113 20 Président
777 2565 67 20 invite
863 2565 83 20 chacun
963 2565 13 19 à
994 2564 86 20 donner

605 2597 186 21 successivement
804 2602 40 14 son
855 2595 91 25 opinion
964 2594 116 21 définitive

597 2635 51 16 ..sur
657 2628 86 24 chaque
751 2626 73 25 projet
838 2627 50 21 et...à
902 2626 127 24 l’exprimer
1041 2631 40 19 par

608 2666 32 13 un
656 2662 55 16 vote.

631 2702 20 19 A
659 2700 138 21 l’unanimité
810 2699 23 20 la
845 2698 99 21 décision
955 2698 30 20 du
999 2698 53 25 jury
1068 2704 14 14 a

607 2733 44 22 été.
655 2732 20 20 la
684 2731 102 20 suivante
795 2738 6 12 :

633 2778 19 16 î*
661 2785 24 5 —
695 2774 30 19 Le
743 2772 70 25 projet
825 2772 66 20 Levie
903 2772 57 25 (déjà
979 2772 103 25 présenté

606 2811 29 14 au
645 2810 108 15 concours
762 2803 28 20 de
797 2803 54 20 Juin
870 2802 58 26 1922)
941 2807 22 15 et
976 2803 20 19 le
1010 2802 70 25 projet

607 2835 120 21 Tessarech
738 2841 28 13 ne
776 2838 49 16 sont
838 2840 40 19 pas
887 2834 98 24 adoptés.

633 2870 19 16 2'
664 2875 25 5 —
705 2865 38 21 Est
763 2869 76 15 retenu
867 2864 20 20 le
906 2864 70 24 projet
999 2862 83 22 Bartoli

607 2902 54 15 sous
675 2897 88 19 réserve
776 2901 103 19 expresse
894 2895 27 19 de
934 2894 142 20 corrections.

634 2929 22 22 a)
669 2926 143 25 suppression
828 2926 28 20 de
870 2929 60 16 toute
942 2924 139 25 inscription,

609 2957 79 21 inutile
697 2963 28 14 en
738 2956 94 25 l’espèce
844 2957 64 19 étant
916 2956 74 19 donné
1004 2960 45 19 que
1063 2955 21 19 la

608 2992 79 19 statue,
700 2987 21 20 la
734 2987 51 20 date
796 2986 196 21 commémorative
1004 2989 30 18 et.
1041 2993 42 19 par

610 3019 79 20 dessus
709 3021 56 18 tout,
771 3025 9 15 /
785 3013 21 24 ie
829 3016 127 25 légendaire
982 3016 99 25 chapeau

610 3052 52 17 sont
672 3055 39 18 par
720 3048 137 20 eux-mêmes
871 3047 51 20 bien
936 3046 146 25 significatifs.

637 3079 23 25 b)
672 3078 144 26 suppression
833 3078 41 19 des
891 3077 68 25 aigles
980 3083 58 18 pour
1054 3077 31 20 di-

612 3115 76 15 verses
709 3109 88 20 raisons
805 3116 7 16 ;
831 3108 88 20 modèle
938 3108 30 19 du
1000 3107 82 20 second

612 3141 84 24 empire
710 3143 24 17 et
745 3146 46 13 non
803 3139 31 20 du
849 3139 103 24 premier,
967 3144 89 14 comme
1068 3138 16 20 il

613 3170 154 22 conviendrait
776 3177 6 17 ;
792 3170 74 24 pierre
878 3169 77 20 tendre
968 3169 28 20 de
1014 3169 72 20 Saint-

614 3203 94 21 Florent,
714 3202 46 19 très
774 3201 98 20 sensible
876 3206 43 14 aux
930 3199 155 25 dégradations

613 3237 24 16 et
644 3239 29 14 ne
680 3235 101 22 pouvant
790 3231 124 20 s’accorder
922 3236 54 14 avec
990 3230 34 20 les
1040 3236 46 14 ma-

612 3264 85 20 tériaux
705 3264 84 23 prévus
796 3268 44 14 aux
848 3262 92 24 projets.

639 3293 21 25 c)
671 3293 144 24 suppression
837 3293 29 19 de
884 3295 49 16 tout
949 3292 137 19 revêtement

613 3330 28 13 en
661 3324 89 21 ciment,
769 3322 22 19 le
804 3322 54 24 jury
876 3322 103 19 estimant
1002 3327 45 18 que
1064 3321 22 19 la

613 3360 85 14 somme
706 3353 29 20 de
743 3355 73 22 40.000
824 3351 82 23 francs,
922 3351 58 20 fixée
994 3351 57 20 dans
1065 3351 21 20 le

613 3385 74 20 cahier
695 3384 40 20 des
745 3383 105 25 charges.,,
854 3382 137 26 permettrait
1003 3382 83 20 d’obte-

613 3415 37 21 nir
658 3415 74 21 mieux
740 3418 23 16 et
771 3414 51 25 plüs
831 3414 19 20 si
858 3414 39 20 des
911 3413 60 21 devis
988 3413 97 24 avaient,

613 3453 30 14 en
652 3453 36 14 cas
697 3446 29 20 de
733 3445 111 24 besoin,(à
853 3446 48 21 être
909 3445 72 20 serrés
989 3444 30 20 de
1027 3445 58 24 près.

640 3477 29 21 M.
679 3476 107 21 Car-bond
797 3483 97 19 propose
908 3482 28 14 au
953 3473 89 22 Comité
1056 3481 30 14 un

614 3514 108 15 concours
738 3507 90 23 d’idées,
847 3514 41 19 par
902 3507 72 25 lequel
990 3506 97 21 seraient

614 3539 111 21 accueillis
733 3542 50 17 tout
796 3539 56 22 idée,
863 3542 49 17 tout
925 3538 92 25 croquis
1032 3543 54 16 sous

614 3572 23 20 la
644 3571 70 20 forme
728 3571 22 20 la
757 3570 51 25 plus
820 3570 89 26 simple^
917 3570 50 21 d’ân
977 3571 73 25 projet
1060 3571 27 21 de

614 3605 131 19 monument
753 3602 223 25 ou'd’emplacemënt.
983 3602 18 20 Il
1006 3602 40 21 fait
1051 3609 37 14 va-

615 3634 42 21 loir
667 3640 44 19 que
718 3640 27 14 ce
749 3640 30 14 ne
784 3634 67 20 serait
857 3640 41 18 pas
901 3633 23 21 la
929 3634 110 25 première
1045 3633 42 21 fois

615 3666 68 25 qu’un
700 3665 97 25 croquis,
816 3665 105 25 quelque,
940 3665 71 24 jeune
1035 3665 51 25 qu’il

615 3696 104 25 paraisse,
741 3696 32 19 ait
792 3699 97 17 contenu
908 3695 22 20 la
955 3696 132 24 conception

615 3727 68 20 d’une
697 3727 52 20 telle
768 3726 73 22 chose,
862 3726 114 20 réalisable
991 3733 41 18 par
1049 3726 39 20 des

616 3759 71 19 mains
697 3758 51 25 plus
757 3761 114 21 expertes..

644 3788 140 26 Proposition
802 3788 100 20 discutée
920 3787 56 20 mais
993 3793 45 13 non
1054 3792 34 14 ac-

1094 169 76 24 ceptée
1179 175 40 17 par
1232 172 52 16 tous
1298 167 32 19 les
1343 169 112 21 membres
1471 172 29 19 du
1512 172 52 25 jury

1094 202 22 16 et
1124 198 39 24 qui
1173 198 46 20 doit
1233 198 47 19 être
1292 197 129 22 considérée
1430 207 86 14 comme
1532 209 32 13 re-

1094 228 63 20 iefée.

1120 258 33 20 En
1163 258 137 20 conclusion,
1310 257 21 19 le
1336 256 53 25 jury
1403 259 13 19 à
1429 260 135 22 l’unanimité

1094 288 81 24 adopte
1183 288 22 19 le
1213 287 73 25 projet
1295 286 89 20 Bartoli.

1120 317 47 20 Ont
1182 318 64 24 signé
1255 324 9 12 .•
1280 316 30 20 M.
1324 315 112 27 Sampolo,
1455 320 109 23 Carbone,

1095 347 101 23 Bassoul,
1219 345 147 25 Canavaggio,
1394 347 120 23 Corbellini
1544 354 22 16 et

1095 377 114 24 Carrayol.

1121 407 31 19 Le
1161 406 71 25 projet
1246 406 30 19 du
1290 411 131 16 monument
1435 411 131 19 commémo-

1096 437 53 20 ratif
1160 440 33 17 est
1210 436 58 20 donc
1287 435 87 25 adopté,
1391 437 22 20 le
1433 439 87 20 Comité
1536 440 29 20 du

1096 467 132 20 Centenaire
1246 473 13 14 a
1272 466 86 23 envoyé
1376 473 25 13 ce
1419 469 71 25 projet
1502 470 14 19 à
1530 470 37 19 cli-

1096 498 53 20 cher
1171 497 44 21 afin
1238 497 29 20 de
1280 496 94 26 pouvoir
1393 497 22 20 le
1437 499 92 20 diffuser
1538 506 28 13 en

1097 529 70 20 Corse
1180 532 22 17 et
1213 535 44 13 aux
1265 526 105 21 Colonies
1387 534 41 17 par
1440 529 21 19 la
1474 530 50 19 voie
1540 530 27 20 de

1096 560 21 20 la
1127 565 77 20 presse
1212 562 23 17 et
1243 558 40 20 des
1295 560 73 18 tracts.

1123 591 45 20 Des
1187 589 99 21 Comités
1301 588 78 20 locaux
1396 593 41 16 ont
1453 591 35 18 été
1507 591 61 19 créés

1097 621 56 20 dans
1174 620 111 25 plusieurs
1309 618 98 20 colonies
1424 619 57 20 ainsi
1502 620 65 23 qu’en

1098 651 140 27 République
1250 649 121 26 Argentine
1383 656 7 16 ;
1413 649 27 19 ils
1458 649 111 19 attendent

1098 682 84 22 d’avoir
1190 688 52 18 reçu
1258 681 32 20 les
1301 679 168 26 reproductions
1479 679 29 20 du
1521 685 48 19 pro-

1096 715 33 25 jet
1148 714 80 24 adopté
1246 718 57 20 pour
1318 713 140 19 comméncer
1471 710 21 20 la
1512 716 57 14 cam-

1099 752 80 20 pagne.

1126 777 30 21 Le
1175 775 87 21 Comité
1283 774 88 20 lancera
1390 771 180 26 prochainement

1099 815 28 14 en
1144 807 70 20 Corse
1238 812 46 14 une
1302 804 102 22 nouvelle
1424 802 145 25 souscription

1100 844 22 15 et
1130 839 78 24 espère
1220 843 44 19 que
1273 841 51 16 tous
1338 836 33 20 les
1380 835 88 22 Corses,
1480 836 50 17 tous
1538 832 32 20 les

1099 869 146 21 admirateurs
1254 868 28 20 de
1288 867 115 26 Napoléon
1412 871 43 16 1er,
1471 864 99 20 aideront

1100 904 47 23 par:
1157 901 48 20 leur
1216 899 149 25 souscription
1380 898 14 20 à
1411 892 21 25 ia
1445 894 124 22 réalisation

1100 933 28 20 de
1142 939 33 13 ce.
1180 934 132 17 monument
1329 930 55 20 dont
1403 928 21 20 la
1441 930 79 20 statue,
1539 932 30 14 un

1100 964 82 21 bronze
1193 963 28 20 de
1233 967 14 20 4
1260 962 82 20 mètres
1353 960 29 21 de
1392 960 93 20 hauteur
1499 957 72 25 repré-

1101 998 89 18 sentant
1199 993 115 26 Napoléon
1330 998 36 15 1er
1382 990 89 23 debout,
1486 995 54 14 avec
1548 988 21 20 la

1101 1025 125 26 légendaire
1239 1027 79 23 capote
1331 1023 59 26 grise
1398 1026 23 17 et
1429 1021 21 21 le
1458 1020 54 27 petit
1521 1019 50 21 cha-

1100 1063 65 20 peau,
1176 1055 75 21 attend
1259 1055 57 20 dans
1326 1055 21 20 la
1358 1060 55 15 cour
1423 1052 29 21 de
1465 1052 22 20 la
1495 1050 75 22 Mairie

1100 1087 111 26 d’Ajaccio
1219 1086 68 21 d’être
1295 1086 55 20 mise
1359 1091 39 14 sur
1406 1090 42 15 son
1456 1082 64 22 socle.

1367 1117 30 19 Le
1408 1114 113 22 Président

1355 1146 79 22 Marcel
1448 1144 88 22 LEVIE.

1265 1214 61 24 Dm
1336 1211 72 26 Dôli

1757 185 117 69 Sf
1877 185 522 69 Almataascaii

1127 1276 17 20 A
1159 1273 96 27 famiglia
1267 1272 92 21 cursista
1368 1273 13 19 è
1389 1276 57 16 stata
1460 1270 69 21 affûta
1544 1270 26 20 da

1101 1307 38 20 dui
1150 1306 46 20 dôli
1211 1312 6 14 :
1238 1321 4 3 .
1274 1319 3 4 •

1126 1337 19 20 U
1158 1340 77 17 nostru
1255 1340 126 20 cumpagnu
1393 1333 23 20 di
1430 1333 51 20 fede
1498 1332 73 20 Mattéi

1101 1369 70 20 Torre
1183 1367 30 21 ha
1230 1366 60 21 vistu
1305 1366 62 20 mòre
1375 1371 45 14 una
1438 1370 26 15 so
1482 1363 88 26 figliôla,

1101 1400 95 26 giovana
1210 1398 22 21 di
1244 1396 164 22 dicianòv’anni
1418 1396 65 25 piena
1493 1395 22 20 di
1524 1401 48 19 gra-

1100 1432 36 20 zia
1144 1438 14 13 e
1166 1430 22 21 di
1197 1430 72 20 vertù.

1128 1463 19 20 U
1157 1465 77 18 nostru
1243 1467 53 14 caru
1306 1460 73 21 Toniu
1391 1458 91 21 Laicinu
1491 1458 28 20 ha
1525 1464 48 19 per-

1102 1501 26 14 su
1138 1501 15 14 u
1163 1493 81 24 babbu,
1254 1493 53 20 òmu
1318 1491 22 20 di
1345 1491 84 20 duvere
1442 1497 13 13 e
1465 1489 22 21 di
1498 1489 73 21 bontà.

1126 1527 20 20 A
1160 1526 27 21 sti
1206 1524 85 22 .fratelli
1309 1522 125 21 addulurati
1454 1520 118 22 mandemu

1102 1556 156 27 l’espressione
1265 1555 23 20 di
1299 1561 14 14 a
1321 1552 188 23 nostr’affezione.

1331 1592 18 15 4.

1183 1616 40 22 Un
1249 1620 119 17 rumanzu
1379 1618 77 21 sopra
1469 1610 104 23 Aiacciu

1104 1657 52 26 Un
1172 1657 155 24 drammu
1350 1660 101 24 sopra
1473 1652 100 24 !’anti=

1182 1696 53 25 chi
1258 1694 143 26 custumi
1419 1690 88 28 côrsi

1129 1762 48 20 Mer
1189 1761 58 20 belle
1257 1766 42 14 aux
1324 1759 42 20 Iles
1383 1757 165 26 Sanguinaires,
1562 1762 12 14 e

1102 1793 61 21 Milia
1177 1793 108 20 dramma
1293 1791 25 20 in
1335 1791 35 19 trè
1380 1789 123 24 attisopra
1517 1787 56 20 l’an-

1102 1823 159 22 tichicustumi
1271 1822 64 22 côrsi,
1342 1824 68 22 opéré
1423 1820 27 19 di
1456 1819 53 21 J.B.
1515 1818 61 20 Mar-

1102 1856 76 25 caggi.
1199 1861 16 13 u
1231 1854 97 20 distintu
1342 1853 116 20 Direttore
1469 1850 26 20 di
1507 1856 16 13 a
1537 1849 38 20 Bi-

1102 1887 99 20 blioteca
1218 1884 128 23 d’Aiacciu,
1359 1883 26 20 sò
1402 1883 25 20 in
1447 1882 99 23 istampa
1563 1886 13 13 e

1102 1920 123 18 surteranu
1232 1916 26 20 in
1272 1913 161 27 ghiennaghiu
1453 1911 55 27 1923.
1514 1927 7 7 >
1533 1917 13 14 s
1551 1917 25 13 a-

1102 1947 121 22 hunzianu
1237 1947 65 20 cufnè
1315 1951 47 14 una
1380 1942 196 27 .manifësfazione

1103 1979 105 20 cursista.
1287 1992 7 6 ,
1343 1985 6 14 ;

1101 2009 4 9 :
1128 2010 48 19 Mer
1192 2008 59 21 belle
1268 2014 13 13 e
1295 2007 60 20 Milia
1371 2007 26 19 sà
1413 2006 54 19 libri
1482 2007 68 22 sopra
1559 2010 16 13 a

1106 2040 92 20 Corsica
1213 2038 75 20 scritfi
1299 2038 33 19 da
1347 2043 32 13 un
1392 2037 66 19 còrsu
1475 2038 101 20 stampa-

1104 2070 19 20 ti
1139 2076 14 13 e
1169 2069 84 20 editati
1270 2068 25 19 in
1311 2066 98 21 Corsica.
1419 2066 21 20 A
1456 2065 119 20 solidarità

1103 2107 68 14 corsa
1179 2100 23 20 si
1215 2098 42 26 far
1256 2099 17 20 à
1283 2104 102 17 cunosce,
1397 2103 48 14 cusz
1454 2103 16 13 a
1481 2095 95 21 cridimu

1105 2139 16 14 a
1142 2131 135 20 l’occasione
1289 2129 28 20 di
1327 2131 39 18 sta
1379 2128 76 26 pròva
1471 2127 105 25 regiuna-

1103 2164 63 23 lista,
1175 2162 74 20 d’una
1257 2167 96 14 manera
1359 2158 149 26 particulare.

1131 2195 21 20 U
1157 2194 40 25 giò
1205 2192 124 25 Marcaggi
1336 2191 55 20 avia
1402 2190 149 21 addirizzatu
1559 2195 16 14 a

1104 2226 43 20 uni
1150 2224 75 26 poghi
1231 2224 28 20 di
1266 2222 157 25 cumpairiotti
1427 2228 32 13 un
1470 2220 106 21 certünu-

1103 2263 64 15 meru
1180 2256 27 20 di
1218 2254 102 26 bîglietti
1329 2256 44 22 per
1383 2252 134 21 sottùs'crive
1536 2258 16 13 a
1563 2258 13 13 e

1103 2296 26 14 so
1138 2291 67 22 opéré
1213 2294 9 13 :
1228 2293 31 14 ne
1268 2285 33 21 ha
1310 2285 102 20 ricevutu
1420 2283 35 20 da
1472 2289 16 14 a
1507 2284 68 23 parte

1104 2321 27 20 di
1142 2317 178 23 Vàssuciaziohe
1324 2316 62 20 còrse
1394 2315 27 20 di
1428 2321 16 14 a
1453 2311 67 24 Costa
1527 2314 49 20 d’a-

1104 2357 77 17 zurru,
1190 2350 116 21 Maroccu,
1315 2346 102 25 Algeria,
1435 2340 99 28 tunisia,
1539 2345 37 20 ln-

1104 2381 124 22 dio-china,
1238 2377 193 26 incuraggimèriti
1435 2376 106 26 préziosi.

1130 2413 109 20 Pinsemu
1252 2410 28 26 fa
1289 2409 70 25 piacè
1366 2414 16 14 a
1397 2409 11 19 i
1417 2408 74 20 nostri
1502 2407 75 20 letfori

1103 2444 75 26 fendu
1184 2443 20 20 li
1210 2442 58 25 sdpè
1276 2441 40 20 chi
1322 2443 43 22 per
1375 2440 75 19 riceve
1460 2439 50 20 Mer
1518 2438 58 20 belle

1105 2482 48 14 aux
1162 2475 43 20 Iles
1217 2471 159 29 Sanguinaires
1384 2477 13 13 e
1403 2470 60 20 Milia
1477 2470 24 19 in
1513 2469 64 25 fran-

1105 2506 39 22 chi
1142 2506 48 23 zia,
1200 2503 272 26 tempue.h’êll’esçeranu,
1478 2501 98 20 bastarà

1105 2538 27 21 di
1139 2536 112 26 diponein
1258 2534 134 26 qualungue
1395 2539 89 18 scagnu
1492 2532 27 20 di
1523 2532 54 20 Pos-

1106 2572 26 17 ta
1140 2574 48 15 una
1197 2573 64 16 spma
1277 2565 27 21 di
1312 2565 55 20 dece
1378 2563 95 25 franchi
1484 2570 33 13 au
1527 2569 57 14 con--

1106 2603 26 17 tu
1137 2600 28 20 di
1168 2600 11 20 i
1184 2599 97 24 chèques
1296 2595 90 26 piistali
1395 2595 28 20 di
1433 2595 35 20 M.
1474 2594 102 24 Marcag-

1105 2631 28 25 gi
1134 2634 32 20 M-
1178 2629 77 25 13-1,04
1263 2628 27 20 di
1297 2626 133 25 Marseglia.

1132 2659 150 26 lncuraggitu
1291 2659 32 19 da
1334 2658 10 19 i
1347 2657 67 25 segni
1424 2657 29 20 di
1470 2656 108 24 simpatia

1107 2691 105 22 ch’ell’ha
1220 2690 103 21 ricevutu
1332 2695 15 14 u
1354 2689 40 24 gio
1409 2686 122 25 Marcaggi
1546 2686 33 20 ha

1098 2725 5 4 '
1107 2723 74 21 dicisu
1189 2722 27 22 di
1217 2721 29 25 fa
1251 2720 114 24 ristàrhpà
1371 2719 45 21 Les
1420 2718 91 22 Chants
1518 2717 29 20 de
1555 2717 24 20 la

1108 2761 48 14 mer
1172 2755 23 18 et
1217 2752 30 20 de
1257 2752 25 20 la
1297 2749 105 22 vindètia
1414 2756 13 13 e
1443 2748 93 21 Fleuves
1552 2748 28 19 de

1108 2790 57 19 sang
1174 2783 39 21 chi
1223 2783 27 20 sò
1262 2781 85 25 compii
1355 2781 66 24 dipoi
1432 2786 48 14 una
1491 2778 88 21 vintina

1108 2814 86 22 d’anni
1201 2821 13 12 e
1221 2820 28 14 so
1259 2812 71 21 mùltu
1339 2811 106 21 ricercati
1452 2810 32 19 da
1493 2809 87 20 ibiblio-

1107 2844 51 30 0:
1250 2837 10 20 ;

1135 2879 43 20 Les
1204 2878 80 20 chants
1302 2877 29 20 de
1343 2877 21 20 la
1370 2879 59 17 mort
1438 2875 26 20 sò
1481 2875 9 19 i
1497 2874 25 20 la
1521 2879 60 15 men-

1107 2911 22 20 ti
1172 2908 78 22 voceri
1269 2907 66 20 canti
1351 2906 111 25 funebri"
1474 2905 62 20 duva
1555 2910 26 14 so

1109 2946 65 15 nanu
1179 2946 17 14 a
1204 2938 138 25 simplicizia
1350 2944 16 13 u
1375 2936 97 22 slanciu,
1480 2941 15 14 a
1507 2935 74 25 passi-

1109 2977 44 14 one
1161 2976 16 14 u
1183 2969 90 21 lirismu
1282 2968 28 20 di
1316 2974 16 13 a
1343 2967 99 21 Corsica.

1119 3008 7 11 s
1137 3001 85 20 Fleuve,
1234 2999 29 20 de
1276 3005 57 18 sang
1341 2999 14 19 è
1370 3004 48 14 una
1433 2997 89 24 pittura
1543 2998 33 18 tre

1110 3031 85 21 menda
1204 3030 25 20 di
1235 3036 17 14 u
1263 3029 143 20 banditismu
1418 3028 25 20 in
1455 3027 96 20 Corsica.

1136 3062 82 19 Fleuve
1221 3060 29 20 de
1259 3066 56 18 sang
1325 3059 101 25 riferisce
1443 3064 17 13 a
1478 3057 103 20 vindetta

1109 3091 143 25 sanguinosa
1272 3090 40 20 chi
1326 3089 107 25 spavintò
1451 3089 10 19 i
1481 3087 101 20 circondi

1110 3122 96 21 d-Evisa
1220 3121 33 19 da
1274 3120 57 25 1848
1338 3126 17 14 a
1376 3119 61 20 1862.
1449 3119 27 20 Ci
1486 3118 22 20 si
1526 3117 56 20 vede

1110 3152 103 25 cumpar'z
1225 3152 10 19 i
1251 3151 94 20 banditi
1359 3149 110 23 Massoni,
1480 3148 100 25 Arrighi,

1111 3182 115 25 Serpenti,
1232 3181 125 24 Serafinue
1365 3179 154 22 Paduvanidi
1526 3179 55 20 Sari

1111 3213 119 22 â’Orcinu.

1135 3244 71 21 Ind'a
1219 3240 61 22 ftòva
1289 3241 105 21 edizione
1402 3248 16 14 u
1432 3241 40 24 gio
1476 3241 108 24 Marcag-

1109 3276 28 24 gi
1142 3278 44 22 per
1193 3273 117 24 iscrvpulu
1317 3272 72 25 facile
1397 3279 15 13 a
1427 3274 53 21 capz
1497 3271 32 20 ha
1537 3277 47 14 mu-

1111 3304 97 26 dificâtu
1219 3301 60 22 cerie
1296 3301 81 22 casâté
1383 3309 14 13 e
1413 3302 64 20 nomi
1491 3302 93 23 appari-

1111 3338 59 17 natu
1178 3335 10 19 i
1192 3334 70 25 pinzi
1269 3336 84 22 troppu
1361 3333 70 21 acuti,
1451 3332 57 20 toltu
1523 3331 59 20 dita-

1110 3366 37 25 gli
1151 3364 146 27 parisatarii.

1136 3397 95 24 L’operh
1240 3402 30 14 ne
1277 3395 58 21 sarà
1340 3394 43 25 più
1400 3394 99 21 schietta
1514 3399 70 15 senza

1109 3428 73 25 perde
1195 3429 77 19 niénte
1288 3427 27 20 di
1330 3432 15 13 a
1356 3431 27 15 so
1390 3432 85 19 rogwa
1483 3426 30 20 nè
1528 3425 26 20 di
1569 3431 16 13 a

1111 3466 26 14 so
1145 3465 83 15 rozura
1237 3459 30 20 nè
1275 3458 28 20 di
1309 3457 19 21 d
1333 3463 26 14 so
1364 3459 105 22 putenza
1477 3456 106 21 accinnu-

1112 3491 61 20 lente
1180 3490 27 21 di
1213 3490 81 21 verità.

1128 3543 118 22 Elezione
1265 3543 28 22 di
1309 3542 76 22 Santa
1395 3541 82 22 Maria
1486 3540 86 23 Sicche

1729 376 27 25 O
1770 378 84 32 paisà
1863 379 11 23 !
1885 379 59 24 vôli
1961 379 63 24 ride
2050 388 37 16 un
2106 381 150 28 momentu,

1732 420 112 26 Torceti
1868 422 31 24 in
1912 422 25 25 U
1960 423 113 33 calçoni
2083 431 19 17 a
2115 423 173 34 sbillighera

1729 464 26 25 E
1775 465 84 33 gioia
1881 466 114 25 suminà
2017 467 128 25 mattina
2163 476 14 16 e
2194 475 64 18 sera
2266 466 15 26 ?

1728 508 81 33 Apri
1824 510 47 24 stu
1893 509 76 26 libru
1985 518 14 17 e
2023 510 82 34 leghj
2121 511 43 25 ciò
2186 511 59 25 ch3è
2263 511 112 25 drentu*

1732 616 27 25 O
1768 617 96 32 zitillò
1875 619 10 23 !
1895 620 47 23 stu
1962 619 58 25 bòli
2039 621 149 25 damicelle

1734 659 105 26 Ricche
1862 661 125 26 d’amore
2009 671 14 17 e
2037 663 28 26 d1
2068 664 227 35 impupulatura,

1732 703 43 25 Di
1790 705 35 24 sf
1827 705 177 34 almanacou,
2026 717 19 16 a
2064 708 69 26 luna
2152 709 102 26 chiara
2274 718 15 17 0
2300 718 93 23 scura,

1733 748 129 31 Gantali,
1890 750 30 25 in
1938 752 102 33 primu
2065 761 100 24 sonnu,
2189 756 42 24 ste
2247 754 157 34 paghielle.

1736 859 27 24 O
1781 868 46 24 ^tu
1850 861 114 26 vecchm
1973 864 11 23 !
1992 863 90 26 vulete
2101 873 17 17 a
2135 866 175 33 cunipagnia

1732 903 61 25 Par
1808 908 87 30 passà
1913 906 33 25 di
1962 906 141 28 Vinvernu
2124 910 26 24 le
2168 911 90 24 sirate
2268 910 16 25 ?

1734 947 293 35 Quand’elVannolta,
2044 954 70 32 ogni
2129 954 76 25 volta
2225 954 133 26 intunate

1733 994 27 25 A
1787 995 116 33 canton’
1912 995 33 25 di
1953 995 30 25 la
1997 999 40 31 pn
2040 997 29 25 ci
2069 1005 17 17 a
2106 1006 17 17 a
2144 998 47 34 %ia
2210 999 111 25 Maria.

1734 1106 28 27 O
1783 1107 113 25 calavrò
1907 1108 10 24 !
1927 1115 82 27 sen^a
2027 1108 101 27 ch’ella
2145 1110 25 25 ti
2181 1119 78 26 vega,

1733 1152 89 26 Metti
1837 1154 111 33 sempre
1966 1152 40 26 sti
2015 1153 80 26 conti
2104 1154 30 25 in
2148 1155 30 25 lu
2196 1155 110 34 lin^òlu
2318 1163 9 17 :

1732 1198 29 25 A
1780 1206 67 17 man
1868 1198 34 25 di
1919 1197 61 26 Diu
1994 1200 14 22 è
2028 1205 59 26 que,
2109 1200 46 24 stu
2175 1199 180 32 libracciôlu,

1732 1243 35 26 Si
1781 1243 30 26 la
1830 1245 27 24 to
1871 1243 110 35 moglia
1989 1243 59 25 sait
2047 1251 19 17 a
2084 1243 32 26 in
2123 1243 173 36 fantanega.

1735 1363 28 26 O
1774 1363 60 35 Fiji
1847 1364 10 24 !
1864 1364 102 33 prestu
1988 1364 125 33 apronta
2129 1362 32 26 lu
2176 1361 143 36 fangottu

1736 1408 60 27 Chi
1810 1410 47 24 sta
1877 1408 78 26 volta
1973 1411 15 22 è
2006 1408 129 26 Pannata
2156 1407 34 27 di
2211 1416 21 17 u
2244 1408 109 26 maritu
2359 1418 12 22 ;

1737 1454 128 35 Compra
1883 1456 48 24 stu
1951 1453 78 26 libru
2044 1462 15 17 e
2078 1453 89 36 scegli
2190 1453 69 26 incu
2278 1454 31 26 lu
2331 1454 65 26 ditu

1736 1500 22 26 S
1767 1502 32 24 tu
1818 1500 60 26 vòli
1898 1499 105 26 biondu
2018 1508 15 17 0
2047 1499 93 26 brunu
2155 1508 20 17 u
2190 1499 163 35 givanottu.

2265 1569 170 26 Maistrale.

2102 1703 37 18 tus
2151 1707 30 14 ne
2198 1701 112 20 détestent
2321 1704 46 22 pas
2383 1702 25 20 la
2421 1703 115 24 propreté.

2124 1800 32 20 Et
2163 1801 94 25 puis-je,
2263 1801 73 23 aussi,
2340 1804 48 22 par
2396 1801 25 21 la
2430 1803 81 22 même,
2520 1809 56 14 vous

2100 1831 103 25 signaler
2217 1838 47 19 que
2283 1832 25 21 la
2318 1832 110 25 Chapelle
2441 1833 130 25 Impériale,

2101 1868 45 19 que
2162 1863 94 21 visitent
2275 1866 52 19 tous
2340 1863 34 21 les
2383 1864 67 25 jours
2469 1864 32 21 de
2512 1871 64 14 nom-

2100 1893 73 21 breux
2196 1895 113 23 touristes,
2332 1897 35 18 est
2379 1895 140 26 malpropre,
2529 1895 50 21 mal

2103 1927 131 19 entretenue
2241 1928 24 18 et
2273 1926 34 20 les
2312 1927 55 20 trois
2374 1929 84 22 quarts
2463 1926 34 21 du
2502 1929 73 23 temps

2103 1962 72 14 veuve
2191 1956 30 21 de
2239 1963 43 14 son
2295 1957 116 25 concierge
2420 1957 14 20 ?

2126 1987 45 20 Les
2183 1988 117 25 étrangers
2314 1990 107 19 tournent
2428 1990 100 19 souvent
2534 1995 42 14 au-

2102 2019 54 18 tour
2167 2018 32 20 de
2208 2021 37 17 cet
2257 2018 81 25 édifice
2354 2019 109 25 pendant
2474 2019 43 20 des
2536 2019 39 20 de-

2103 2047 121 21 mi-heures
2230 2051 76 18 avant
2310 2055 47 20 que
2363 2056 29 14 sa
2393 2052 69 23 porte
2471 2052 107 18 consente

2101 2081 16 21 à
2132 2081 50 20 leur
2195 2087 29 13 en
2234 2082 124 22 permettre
2368 2080 90 21 l’accès.

2126 2111 119 26 Pourquoi
2262 2113 25 18 et
2302 2111 16 20 à
2331 2112 42 25 qui
2384 2111 25 21 la
2428 2111 71 26 faute
2505 2111 14 21 ?

2331 2142 81 22 Mèmè
2428 2142 115 23 Luciani.

2325 2177 21 20 A
2348 2177 165 22 meublements

2178 2207 29 20 3i
2221 2214 41 14 rue
2274 2207 80 25 Fesch,
2368 2208 104 25 Ajaccio.

2128 2244 44 21 PS.
2187 2244 19 20 ri
2223 2251 36 14 me
2271 2245 115 24 prossima
2411 2245 85 21 lettera
2520 2246 56 20 sarà

2101 2276 79 20 scritta
2196 2276 24 19 in
2235 2282 73 14 corsu.

1722 1708 71 49 Una
1815 1708 141 48 Lettara

1728 1818 116 21 Monsieur
1852 1818 22 19 le
1887 1817 124 23 Directeur,

1114 3599 5 4 '
1139 3600 123 21 Dumenica
1271 3605 77 16 scorza
1362 3598 19 20 ci
1398 3605 25 14 so
1429 3602 57 17 State
1495 3598 91 21 i’elezio-

1113 3635 29 18 nè
1151 3639 29 19 pe
1189 3639 15 13 u
1213 3630 133 27 cuhsigliere
1358 3629 101 25 ginarale
1473 3630 22 19 di
1510 3636 15 13 u
1536 3635 51 14 can-

1113 3668 61 16 tone.

1141 3694 18 20 U
1176 3694 49 25 sgiò
1243 3694 124 20 Francescu
1382 3691 111 21 Tollinchi
1505 3692 13 19 è
1529 3693 57 17 statu

1114 3725 68 20 eîettu
1196 3731 26 14 eu
1237 3725 40 20 802
1289 3723 56 20 voti-

1140 3756 19 19 U
1176 3755 144 20 nostr’amicu
1332 3752 61 21 Luicî
1402 3753 67 20 Costa
1480 3752 29 20 ha
1520 3753 65 18 avufu

1116 3786 39 19 626
1167 3786 53 19 voti.

1625 1862 29 19 Je
1663 1867 57 14 vous
1733 1860 107 21 remercie
1851 1860 92 20 d’avoir
1947 1859 83 25 publié
2036 1865 39 14 ma

1601 1892 66 20 lettre
1679 1892 61 20 dans
1752 1891 22 20 le
1789 1891 92 20 dernier
1896 1891 93 20 numéro
2003 1890 31 20 de
2050 1889 25 21 la

1600 1922 114 21 vaillante
1735 1922 86 20 Muvra.
1847 1922 51 20 Mes
1915 1921 119 24 réflexions
2042 1927 35 14 re-

1602 1954 85 20 latives
1697 1960 33 14 au
1742 1952 156 21 laisser-aller
1908 1954 23 19 et
1944 1953 16 19 à
1974 1952 25 20 la
2014 1952 60 20 mal-

1600 1986 111 24 propreté
1722 1985 58 19 dont
1795 1983 86 25 souffre
1893 1986 66 18 notre
1972 1983 54 20 ville
2031 1985 45 22 pa-

1601 2016 131 20 raissent—
1741 2021 58 14 sans
1802 2015 81 24 fausse
1883 2014 155 25 présomption
2046 2013 30 20 de

1604 2053 41 13 ma
1648 2049 57 21 part
1709 2055 26 4 —
1741 2045 67 20 avoir
1813 2046 70 23 porté
1885 2044 111 25 quelques
1997 2044 78 24 fruits.

1604 2077 64 20 Mais
1686 2076 63 21 voilà
1754 2076 11 20 !
1773 2076 42 20 Ces
1818 2076 71 24 fruits
1897 2075 43 25 qui
1947 2075 86 20 étaient
2045 2074 31 21 de

1601 2108 23 19 si
1637 2107 59 20 belle
1710 2113 73 14 venue
1803 2106 114 21 semblent
1941 2105 88 21 vouloir
2045 2112 32 13 ne

1601 2138 56 25 plus
1674 2138 78 20 mûrir.
1770 2138 136 20 Autrement
1923 2137 36 20 dit
1973 2136 20 21 il
1998 2143 15 19 y
2021 2143 17 14 a
2046 2142 30 14 eu

1603 2177 32 13 un
1650 2171 191 19 commencement
1855 2168 150 23 d’exécution,
2015 2167 61 20 mais

1600 2201 44 25 qui
1654 2207 17 14 a
1681 2201 38 19 été
1732 2200 62 21 suivi
1806 2200 56 20 d’un
1883 2200 64 19 arrêt
1953 2200 124 23 menaçant

1600 2233 30 19 de
1647 2232 135 20 s’éterniser.

1630 2263 105 20 Certains
1738 2262 166 25 propriétaires
1917 2260 158 21 d’immeubles

1600 2294 56 20 sitôt
1671 2294 34 20 les
1723 2293 60 25 faits
1801 2292 105 26 signalés
1926 2298 25 14 se
1964 2294 53 18 sont
2030 2297 46 14 em-

1598 2326 92 24 pressés
1699 2324 39 25 d’y
1745 2326 80 23 porter
1838 2323 97 21 remède.
1956 2323 34 20 Uu
2007 2322 70 25 égoût

1601 2363 16 13 a
1634 2357 39 20 été
1676 2357 169 25 promptement
1852 2355 85 24 réparé
1939 2356 24 18 et
1973 2353 42 20 des
2017 2356 58 21 par-

1601 2388 67 20 celles
1688 2387 31 20 de
1732 2393 55 15 cour
1794 2387 120 24 nettoyées,

1629 2419 63 20 Mais
1704 2418 50 20 cela
1780 2424 30 13 ne
1821 2416 63 25 suffit
1894 2419 53 22 pas.
1965 2416 36 20 La
2021 2420 56 15 cour

1601 2450 124 21 intérieure
1740 2449 141 20 intéressant
1891 2447 35 20 les
1943 2445 133 22 immeubles

1601 2481 33 20 du
1651 2481 71 20 Cours
1737 2479 119 25 Napoléon
1875 2479 97 24 portant
1991 2477 34 20 les
2035 2482 42 14 nu-

1602 2513 77 21 méros.
1692 2511 38 24 28,
1739 2511 37 22 3o,
1784 2510 36 23 32,
1838 2510 29 25 34
1877 2511 24 18 et
1908 2509 32 20 36
1945 2508 106 21 continue
2059 2507 16 20 à

1602 2545 48 19 être
1658 2549 45 14 une
1709 2542 63 25 fosse
1775 2542 16 19 à
1797 2540 154 25 vidange.Les
1955 2538 123 22 locataires

1603 2581 30 14 ne
1637 2580 26 14 se
1666 2574 87 25 gênent
1757 2576 47 21 pas
1808 2578 10 17 ;
1826 2572 30 20 ils
1858 2571 95 20 doivent
1958 2575 57 15 sans
2022 2569 57 20 dou-

1603 2608 23 18 te
1646 2608 85 22 penser
1745 2609 47 19 que
1814 2609 41 14 sur
1876 2602 21 20 le
1909 2600 84 25 fumier
2008 2603 70 22 pous-

1603 2638 52 19 sent
1665 2634 91 26 parfois
1761 2634 31 20 de
1799 2633 72 21 belles
1873 2633 95 24 fleurs-...
1974 2631 26 20 A
2005 2630 75 21 moins

1603 2667 71 25 guils
1687 2672 30 13 ne
1737 2665 75 20 soient
1832 2663 100 21 bouchés
1944 2663 16 19 à
1975 2662 89 20 l'émeri
2071 2667 9 16 ;

1604 2704 26 13 ce
1644 2697 42 25 qui
1691 2697 57 20 n’est
1755 2699 47 22 pas
1807 2701 46 14 non
1855 2694 56 25 plus
1919 2692 156 25 impossible...

1602 2731 49 22 par
1667 2728 34 20 les
1723 2729 74 22 temps
1813 2726 43 24 qui
1872 2726 99 19 courent.

1630 2759 37 20 De
1676 2760 62 18 toute
1747 2757 71 24 façon
1833 2761 59 15 nous
1903 2754 124 21 attendons
2030 2755 50 18 tou-

1602 2790 68 24 jours
1688 2789 69 24 qu'on
1774 2786 83 21 veuille
1873 2786 55 20 bien
1949 2784 131 25 supprimer

1605 2820 35 20 les
1658 2818 117 26 multiples
1797 2817 122 24 fabriques
1930 2816 30 20 de
1965 2821 49 19 gaz
2026 2821 50 14 am-

1606 2851 141 20 moniacaux
1757 2851 23 18 et
1794 2848 110 20 délétères
1912 2847 42 24 qui
1963 2845 121 21 émaillent

1605 2882 26 19 la
1644 2881 54 20 ville
1713 2879 127 25 d'Ajaccio.

1633 3008 131 25 Devrais-je
1772 3014 57 13 vous
1842 3009 123 22 rapporter
1980 3006 25 20 la
2019 3005 64 24 réfle-

1606 3040 55 20 xion
1679 3039 56 20 d’un
1752 3038 104 25 Ajaccien
1870 3044 33 13 au
1918 3037 61 25 sujet
2000 3036 30 20 de
2059 3035 24 20 la

1607 3074 129 21 campagne
1755 3075 45 20 que
1820 3069 46 24 j’ai
1882 3068 124 25 entreprise
2012 3075 9 13 :
2027 3072 11 11 «
2044 3069 40 19 Se-

1607 3103 114 19 riez-vous
1732 3102 68 24 payé,
1814 3101 47 19 m’a
1870 3100 37 20 dit
1916 3105 28 14 en
1961 3099 124 20 substance

1607 3133 22 20 le
1641 3132 121 23 Monsieur,
1767 3135 61 21 pour
1833 3131 25 20 la
1866 3131 100 24 besogne
1971 3135 46 19 que
2028 3136 56 13 vous

1606 3163 74 25 faites
1686 3163 59 20 !...»

1622 3211 4 3 .
1635 3194 36 20 Ne
1683 3199 57 15 vous
1749 3192 134 21 semble-t-il
1885 3195 54 21 pas,
1963 3191 117 20 Monsieur

1608 3225 23 20 le
1649 3225 120 20 Directeur
1785 3229 46 20 que
1841 3225 59 18 cette
1914 3222 87 25 phrase
2021 3222 60 25 lapi-

1608 3256 68 19 daire
1687 3254 36 26 (/)
1740 3256 89 18 résume
1849 3252 193 21 admirablement
2057 3253 25 19 la

1608 3285 123 21 mentalité
1742 3285 136 24 ajaccienne
1885 3283 13 20 ?

1634 3316 30 21 N’
1666 3315 164 26 équivaut-elle
1832 3318 47 22 pas
1887 3321 33 13 au
1926 3320 11 11 «
1946 3314 76 20 Lascia
2036 3320 45 13 cor-

1610 3347 37 20 ra!
1656 3353 12 12 »
1679 3346 105 25 d’usage,
1788 3352 28 13 en
1822 3345 79 25 lequel
1902 3345 36 20 vit
1948 3343 137 26 (sommeille

1609 3378 58 20 irait
1676 3378 76 20 mieux
1754 3377 13 25 )
1782 3377 70 20 l’âme
1867 3376 30 20 de
1910 3378 65 18 notre
1988 3375 22 21 si
2022 3376 62 20 beau

1607 3412 62 22 pays
1673 3409 13 20 ?
1699 3408 77 21 Lascia
1782 3414 64 14 corre
1855 3408 6 20 !
1868 3407 138 20 dêst-à-dire
2016 3406 67 21 mêle-

1610 3441 36 20 toi
1665 3440 29 20 de
1712 3442 33 18 tes
1768 3439 102 25 affaires.
1896 3439 36 20 En
1949 3437 137 21 l’occurence

1610 3478 49 13 mes
1675 3471 96 25 affaires
1784 3473 54 18 sont
1849 3472 26 18 et
1879 3470 95 20 doivent
1988 3470 47 19 être
2043 3468 44 21 cel-

1610 3503 35 20 les
1659 3503 42 20 des
1716 3504 85 18 autres.
1815 3501 25 21 Il
1864 3503 36 18 est
1913 3501 33 20 du
1966 3500 79 21 devoir
2056 3499 30 20 de

1610 3533 90 21 chacun
1719 3533 29 20 de
1770 3539 42 14 nos
1838 3532 142 25 concitoyens
1995 3531 30 20 de
2032 3534 54 22 pro-

1610 3567 71 19 tester
1700 3567 78 18 contre
1790 3564 104 20 l’incurie
1908 3562 129 25 incroyable
2045 3561 43 26 qui

1603 3597 62 24 .pèse
1681 3602 42 13 sur
1731 3595 26 20 la
1771 3594 102 25 capitale
1887 3594 31 20 de
1937 3594 25 20 la
1986 3594 74 20 Corse.

1636 3626 102 25 J’ajoute
1750 3631 46 19 que
1805 3624 39 21 s’il
1855 3631 29 14 en
1896 3627 36 17 est
1936 3624 79 25 parmi
2028 3629 57 14 ceux

1610 3658 45 25 qui
1660 3656 136 21 s’habillent
1804 3656 57 19 chez
1872 3661 11 11 «
1893 3655 109 24 Suprême
2013 3654 57 20 Chic
2075 3661 10 9 »

1611 3695 46 18 que
1683 3688 25 20 la
1724 3688 109 23 présence
1861 3685 58 20 d’un
1942 3687 87 18 torrent
2057 3684 30 20 de

1617 3718 133 21 m....élasse
1763 3723 54 14 sous
1836 3717 51 19 leur
1899 3715 128 25 appendice
2045 3720 42 13 na-

1611 3749 41 19 sal
1670 3749 99 19 n’émeut
1783 3747 68 24 point
1864 3747 20 19 il
1890 3752 29 14 en
1934 3747 35 18 est
1985 3745 103 19 d’autres

1613 3779 44 24 qui
1676 3778 100 25 quoique
1788 3777 56 24 plus
1870 3776 163 20 modestement
2050 3775 38 18 vê-

2146 2644 47 25 La
2210 2643 103 26 Corse
2331 2644 210 31 Touristique

2134 2715 30 19 Le
2173 2714 95 25 premier
2277 2716 92 19 numéro
2378 2716 28 20 de
2419 2719 60 17 cette
2488 2716 91 21 intéres-

2106 2749 62 16 sante
2178 2751 68 15 revue
2254 2745 55 21 dont
2318 2752 56 15 nous
2382 2753 71 14 avons
2459 2753 29 14 eu
2496 2747 21 20 le
2526 2747 52 24 plai-

2107 2776 31 20 sir
2153 2776 142 21 d’entretenir
2308 2777 15 20 i!
2336 2784 13 18 y
2361 2784 14 13 a
2392 2778 100 25 quelque
2510 2781 70 22 temps

2109 2813 40 14 nos
2159 2807 93 20 lecteurs
2270 2807 61 21 vient
2339 2808 28 20 de
2375 2809 97 24 paraître
2483 2815 55 14 avec
2550 2815 31 14 un

2108 2838 120 20 sommaire
2241 2844 29 14 on
2287 2844 28 14 ne
2321 2843 52 20 peut
2383 2839 50 25 plus
2442 2839 112 21 alléchant
2563 2846 6 14 :

2108 2892 16 17 A
2131 2895 33 14 nos
2175 2892 81 17 lecteurs
2370 2892 25 18 La
2402 2891 57 20 Corse
2464 2892 118 23 Touristique

2109 2919 25 18 En
2142 2924 10 13 a
2156 2918 60 19 Route
2221 2920 52 17 toute
2277 2925 9 11 »
2293 2924 47 17 pour
2346 2919 17 18 la
2368 2918 57 20 Corse
2447 2921 67 17 Albert
2520 2919 63 19 Surier

2110 2947 88 18 L’Avenir
2205 2946 62 19 aérien
2272 2947 24 18 de
2304 2947 17 18 la
2330 2947 58 19 Corse
2437 2948 58 18 Henri
2506 2949 76 17 Omessa

2110 2975 92 19 Boniiacio
2440 2977 46 18 Paul
2500 2976 82 19 Graziani

2109 3003 79 23 Ajaccio,
2197 3003 71 19 Station
2277 3003 105 23 climatique
2393 3005 24 17 de

2129 3032 54 18 toute
2188 3031 72 18 l’année
2306 3041 5 5 •
2474 3032 27 19 Dr
2510 3033 73 18 Marcou

2109 3060 25 17 La
2140 3059 35 18 Vie
2184 3059 133 19 Universitaire
2328 3064 24 13 en

2131 3087 57 18 Corse
2269 3100 5 4 .
2387 3088 78 19 Charles
2473 3089 110 23 Nivaggioni

2109 3115 39 18 Mer
2153 3115 50 18 Belle
2205 3119 38 14 aux
2247 3115 37 18 Des
2289 3115 131 25 Sanguinaires
2442 3117 18 18 J.
2461 3117 22 18 B.
2491 3117 92 23 Marcaggi

2109 3144 16 17 A
2137 3143 19 18 la
2168 3143 56 18 Corse
2231 3142 83 19 (Sonnet)
2467 3145 44 18 Max
2524 3145 60 23 Roger

2109 3171 25 18 La
2138 3171 57 18 Corse
2198 3171 11 17 à
2212 3172 74 17 travers
2291 3171 28 18 les
2323 3171 67 19 siècles
2417 3173 59 18 Henri
2481 3173 103 23 Pierangeli

2109 3199 25 18 La
2138 3198 82 19 Charrue
2228 3200 57 17 avant
2291 3199 28 18 les
2329 3200 63 18 Boeufs
2413 3201 90 21 François
2508 3201 75 18 Santoni

2109 3227 29 18 Un
2152 3231 71 18 voyage
2229 3232 24 13 en
2263 3227 56 19 Corse
2325 3228 85 23 (Roman)
2433 3229 18 18 J.
2463 3229 25 18 de
2494 3229 20 18 la
2519 3229 65 18 Parata

2135 3278 58 21 Sous
2216 3284 46 15 une
2286 3279 139 25 magnifique
2451 3283 133 17 couverture

2110 3312 61 19 verte
2181 3309 43 20 elle
2236 3309 101 21 contient
2344 3311 63 19 outre
2415 3313 51 18 tant
2474 3310 109 21 d’articles

2111 3339 122 26 captivants
2246 3340 29 19 de
2290 3339 45 21 fort
2344 3340 69 21 belles
2418 3340 148 21 illustrations
2576 3348 7 17 ;

2111 3370 42 21 elle
2161 3377 30 14 ne
2199 3371 65 20 coûte
2273 3376 45 20 que
2331 3376 10 15 1
2351 3371 69 21 franc.

2136 3401 46 21 Nos
2190 3401 51 26 plus
2255 3401 99 21 sincères
2365 3401 145 22 félicitations
2520 3403 14 20 à
2542 3397 54 26 son*

2111 3432 54 20 actif
2168 3432 112 21 directeur
2286 3432 30 20 M.
2326 3433 105 20 François
2440 3433 78 20 Pietri.

2148 3709 132 22 Imprimerie
2291 3707 89 22 spéciale
2392 3706 27 20 de
2432 3706 20 20 A
2459 3704 93 21 MUVRA

2195 3737 33 22 88,
2236 3736 66 21 Cours
2308 3734 109 22 Grandval,
2425 3732 84 26 Ajaccio

2149 3774 33 19 Le
2196 3774 87 20 Gérant
2288 3780 9 12 :
2301 3771 136 24 Dominique
2444 3770 75 20 Massa
