2550 3862
113 100 61 20 droit
182 102 29 19 de
219 104 111 23 répondre
339 110 24 16 et
371 106 29 19 de
407 112 26 13 se
442 105 131 20 défendre.”

134 128 31 19 Me
172 128 78 22 Feillet
258 132 28 19 de
295 132 165 25 Quimper,qui
469 138 25 13 se
503 135 82 15 trouve

107 155 84 24 depuis
205 163 26 13 ce
245 160 70 19 matin
331 167 29 12 au
376 160 59 19 banc
448 159 41 19 des
506 157 77 20 défen-

106 188 65 14 seurs
177 190 6 12 :
194 191 10 10 «
214 184 55 21 Très
278 186 63 24 bien,
350 187 47 19 très
407 186 53 19 bien
468 185 6 19 !
481 191 9 10 »

131 209 33 20 M.
173 210 58 21 Rick
231 212 31 20 lin
270 220 8 12 :
287 220 11 10 «
305 214 28 20 Je
355 213 48 20 suis
424 219 31 13 un
478 211 102 20 honnête

105 236 101 24 homme,
214 238 25 24 je
252 241 52 23 puis
320 247 36 13 me
365 240 119 21 défendre,
496 238 25 24 je
534 237 44 19 n’ai

106 263 51 20 rien
166 264 13 19 à
193 271 35 14 me
242 268 131 23 reprocher.
381 267 29 19 Je
418 266 50 19 vais
476 264 61 20 droit
548 270 29 13 au

105 290 100 24 chemin,
213 293 24 23 je
245 295 47 19 suis
302 301 46 13 une
365 298 10 11 «
382 294 45 19 tête
436 292 79 20 carrée
522 296 11 10 »
547 291 29 19 du

104 317 119 26 Sundgau.

132 345 17 19 II
160 350 36 15 est
204 347 62 24 midi,
276 349 20 19 la
307 350 84 19 séance
399 350 34 17 est
442 345 115 24 renvoyée
563 345 14 19 à

104 377 13 15 2
126 372 58 20 h.i5.

104 416 96 22 Séance
207 417 30 21 de
240 418 72 25 jeudi
323 419 75 25 après
406 416 64 22 midi

130 450 31 19 La
170 451 81 20 séance
265 457 35 15 est
314 452 87 24 reprise
408 452 13 18 à
430 455 13 15 2
451 450 84 19 heures
542 448 32 20 25.

131 477 33 20 Le
172 478 125 21 Procureur
315 478 98 21 Général
422 477 42 20 fait
480 482 46 14 une
540 476 37 19 dé-

103 504 111 21 claration
229 512 27 13 au
266 507 61 24 sujet
341 506 39 19 des
394 505 115 19 fameuses
528 503 49 20 affi-

103 532 55 19 ches
184 536 79 17 contre
283 534 36 19 les
344 533 96 24 députés
457 532 73 19 Rossé
554 533 22 17 et

102 559 93 20 Ricklin
204 560 54 20 dont
265 561 17 19 il
290 568 13 12 a
313 561 37 20 été
359 560 108 25 question
479 559 59 19 dans
554 557 21 20 la

101 587 108 20 matinée.
220 588 17 19 II
246 588 34 19 dit
287 595 6 12 :
299 594 12 11 «
319 588 29 20 Je
357 587 51 25 puis
416 592 59 14 vous
483 591 93 14 assurer

101 615 129 23 qu'aucune
238 616 28 19 de
273 622 39 13 ces
320 615 95 20 affiches
423 615 37 19 n’a
478 614 37 19 été
530 613 46 24 pla-

101 642 81 19 cardée
191 642 56 20 dans
256 649 45 13 une
310 647 122 15 commune
445 640 131 25 dépendant

100 669 31 19 du
141 670 83 18 réseau
233 669 27 20 de
269 676 49 13 mes
327 669 58 20 trois
393 669 181 23 départements»

100 696 19 19 II
127 702 25 13 se
161 696 111 20 demande
281 697 31 19 où
318 697 22 19 la
349 695 95 21 défense
452 696 55 19 s’est
524 701 52 17 pro-

101 724 69 19 curée
178 727 57 16 cette
243 724 103 20 fameuse
354 723 90 20 affiche.
452 723 31 20 M-
491 722 85 20 Fachot

100 751 65 25 parle
173 751 29 20 de
211 756 160 16 «manoeuvres
380 756 11 11 »
409 754 24 17 et
445 751 34 19 dit
487 756 46 18 que
549 755 26 14 ce

100 779 59 19 n’est
166 779 114 20 sûrement
288 785 42 19 pas
339 779 21 19 la
369 778 113 20 dernière.
488 777 87 20 Méfiez-

100 812 68 17 vous,
174 806 119 23 dit-il,tous
302 807 34 19 les
346 807 86 23 pièges,
441 806 40 24 qui
495 808 79 17 seront

99 834 84 19 tendus
192 837 76 16 seront
276 834 102 24 déjoués.
385 834 42 19 Les
439 836 94 17 auteurs
540 838 34 14 se-

98 865 56 16 ront
162 861 138 25 poursuivis.

99 889 35 20 M°
148 889 89 20 Marcel
242 889 108 20 Fourrier
358 896 6 13 :
372 889 63 20 Nous
452 894 101 15 sommes
560 889 13 19 à

99 917 22 20 la
129 916 46 21 fois
181 917 85 24 réjouis
275 921 23 16 et
304 917 97 20 étonnés
417 917 41 19 des
473 916 99 25 paroles,

99 951 46 18 que
155 945 63 19 vient
231 945 27 19 de
275 950 133 19 prononcer
415 944 59 20 M.le
491 944 83 20 Procu-

99 978 55 14 reur
162 971 104 21 Général.

124 999 102 25 Réjouis,
244 1006 67 18 parce
335 999 55 26 qu’il
412 1006 61 13 nous
493 1005 81 14 assure

98 1027 232 25 qu’ioemédiatement
353 1027 15 20 il
387 1033 27 14 va
432 1027 80 20 ouvrir
527 1033 47 14 une

99 1056 100 24 enquête
204 1061 56 19 pour
268 1059 95 16 trouver
370 1055 97 20 l’auteur
474 1055 29 20 de
511 1055 22 20 la
541 1055 34 20 di-

98 1087 23 16 te
128 1082 90 21 affiche-
228 1083 43 20 Pas
279 1083 83 20 besoin
381 1083 28 19 de
426 1083 78 20 courir
519 1083 53 20 bien

96 1112 57 22 loin,
166 1111 34 19 dit
207 1111 105 23 l’avocat,
322 1111 44 20 elle
374 1114 35 16 est
417 1111 79 24 signée
505 1111 69 20 etim-

97 1140 90 23 primee
196 1145 41 18 par
244 1138 30 21 M.
283 1139 79 19 André
377 1138 110 20 Herbelin
501 1139 14 19 à
523 1139 51 19 Bel-

96 1166 55 21 fort.
162 1167 178 20 Adressez-vous
348 1166 77 20 doncà
433 1166 41 24 lui,
480 1166 17 20 il
506 1172 67 19 pour-

98 1201 26 14 ra
134 1200 58 15 vous
201 1194 145 25 renseigner.

123 1222 63 21 Nous
195 1228 97 14 sommes
307 1223 95 19 étonnés
418 1222 78 25 quand
506 1222 30 20 M.
551 1222 21 20 le

98 1251 128 20 Procureur
239 1249 99 21 Général
355 1250 64 24 parle
427 1250 29 20 de
472 1256 102 14 manoeu-

97 1284 61 14 vres.
168 1277 61 21 Nous
238 1284 28 13 ne
274 1278 99 20 voulons
391 1278 87 25 qu’une
493 1277 78 25 chose,

97 1313 45 18 que
150 1307 23 19 la
181 1306 95 20 lumière
284 1309 23 16 et
320 1309 64 16 toute
399 1306 22 19 la
438 1306 98 20 lumière
548 1312 25 14 se

95 1334 61 20 fasse
164 1334 57 19 dans
233 1339 25 14 ce
266 1334 88 23 procès.
369 1333 28 20 Et
404 1340 59 13 nous
478 1339 94 15 verrons

95 1361 56 25 qu’il
159 1368 15 18 y
182 1367 14 14 a
213 1367 60 14 «une
287 1362 129 19 innocence
423 1367 20 16 »,
453 1361 58 24 qu’il
527 1367 16 18 y
559 1367 13 14 a

95 1389 85 26 quinze
188 1394 126 19 personnes
329 1388 47 25 qui.
384 1394 25 14 se
417 1392 110 17 trouvent
533 1395 40 14 sur

96 1424 26 14 ce
130 1418 61 19 banc
198 1417 115 20 d’accusés
322 1421 24 15 et
359 1416 40 25 qui
409 1422 30 14 ne
455 1416 60 20 l’ont
530 1423 41 18 pas

96 1446 89 20 mérité.
193 1444 64 21 Cette
265 1443 84 21 affiche
358 1448 35 16 est
406 1450 47 14 une
469 1450 103 15 manoeu-

95 1479 48 18 vre,
153 1473 48 23 oui,
210 1473 56 19 dans
274 1472 22 20 le
304 1477 54 15 sens
366 1472 70 19 d’une
444 1472 128 24 provocati-

95 1507 30 14 on
142 1501 30 19 du
191 1501 49 19 côté
247 1500 29 20 de
289 1505 43 14 nos
345 1499 152 24 adversaires,
506 1503 23 16 et
545 1506 26 14 ce

95 1529 61 20 n’est
164 1534 40 19 pas
209 1528 21 20 la
239 1528 113 25 première
357 1531 23 16 et
388 1533 57 14 sans
452 1527 70 20 doute
529 1533 41 19 pas

92 1558 22 19 la
119 1556 176 21 dernière.Nous
305 1556 110 24 espérons
424 1561 45 19 que
473 1555 22 20 la
504 1561 67 19 pour-

93 1585 62 20 suite
163 1584 46 21 soit
216 1584 97 25 poussée
325 1584 110 24 jusqu'au
444 1583 64 24 bout,
523 1583 46 20 afin

94 1619 45 19 que
146 1614 23 19 la
177 1612 94 20 lumière
279 1618 26 14 se
313 1611 68 21 fasse.

120 1641 100 20 Anciens
229 1640 167 23 Combattants,
414 1639 111 24 Français
541 1639 29 20 de

93 1669 134 23 l’intérieur,
245 1674 57 14 nous
320 1673 100 15 sommes
441 1673 74 14 venus
529 1667 38 24 ici,

596 105 7 31 |
613 109 60 17 pour
682 102 111 20 défendre
809 101 42 20 des
868 106 56 18 gens
941 99 148 20 honorables.

610 130 162 19 Nousn’avons
778 135 42 17 pas
825 127 154 25 peur,malgré
986 126 29 19 de
1024 132 63 13 nom-

608 156 96 19 breuses
711 155 83 19 lettres
802 155 29 19 de
837 160 109 14 menaces
955 159 62 18 quon
1027 158 57 13 nous

605 182 95 20 adresse
717 181 191 24 journellement.
930 180 133 19 Manoeuvre
1076 178 6 19 !

604 209 17 19 il
631 209 40 23 n’y
679 214 28 13 en
716 214 13 12 a
744 214 41 18 pas
793 208 29 19 de
836 212 67 15 notre
912 210 58 22 part,
980 206 55 20 elles
1053 212 30 13 ne

604 236 113 19 viennent
725 240 49 18 pas,
787 234 124 20 Messieurs
920 234 35 19 les
969 233 73 24 jurés,
1051 233 30 19 du

603 263 53 19 côté
664 262 29 19 de
700 262 23 19 ia
735 261 104 20 défense.
849 262 34 18 De
892 264 51 16 tout
960 266 71 16 coeur,
1053 260 29 19 de

603 293 52 15 tout
663 292 65 16 notre
737 294 98 18 courage
843 292 24 15 et
879 294 57 13 avec
950 294 46 13 une
1010 286 71 20 ferme

603 316 140 22 conviction,
753 321 59 13 nous
819 315 90 19 faisons
917 319 68 14 notre
1001 313 80 20 devoir

603 347 23 16 et
643 349 59 13 nous
719 342 144 20 remercions
871 341 31 20 M.
912 341 22 19 le
951 342 130 19 Procureur

602 370 99 20 Général
707 369 29 19 de
744 368 91 20 vouloir
841 375 58 13 nous
909 368 172 23 soutenir,nous

601 404 62 13 nous
671 396 142 24 réjouissons
827 396 29 18 de
864 399 59 16 cette
937 395 144 20 collaborati-

602 431 29 13 on
640 424 58 20 dans
706 423 103 20 l’intérêt
825 423 29 19 de
864 423 22 19 la
900 422 99 23 Justice,
1016 422 28 20 de
1057 422 22 19 la

602 452 59 20 Paix
669 455 23 16 et
701 451 28 19 de
738 454 60 17 cette
806 450 69 20 chère
892 454 61 16 terre
966 449 111 20 d’Alsace-

602 480 63 19 Nous
673 478 144 20 maintenons
823 484 43 13 nos
874 477 154 20 conclusions.

625 506 35 20 Mc
664 505 102 21 Berthon
772 511 25 14 se
805 505 52 20 lève
862 508 22 16 et
889 505 68 19 d’une
962 504 53 20 voix
1028 510 51 19 gra-

602 541 28 13 ve
635 538 24 16 et
666 532 129 22 solennelle
800 532 148 20 déclare:«En
957 532 122 23 efïet,nous

601 561 123 21 marchons
732 560 30 20 de
770 560 104 25 surprise
890 566 29 14 en
937 560 102 24 surprise
1056 563 23 16 et

601 596 60 13 nous
675 596 28 12 en
714 594 101 14 sommes
823 587 177 26 profondément
1016 589 63 18 éton-

601 618 49 19 nés.
660 617 53 19 Hier
718 615 52 25 déjà
779 622 29 13 on
818 621 59 14 nous
884 615 83 20 envoie
975 621 32 13 un
1016 618 61 17 texte

601 648 24 16 et
630 650 26 14 ce
665 644 71 19 matin
746 649 82 13 encore
836 649 31 13 on
876 648 60 14 nous
944 648 68 18 passe
1021 643 57 19 dans

600 673 22 19 la
631 671 57 20 salle
697 671 74 19 même
780 676 45 13 une
833 669 82 20 affiche
926 669 89 25 dirigée
1024 676 54 13 con-

600 703 36 16 tre
646 698 60 20 deux
714 698 29 19 de
751 703 44 14 nos
803 697 84 20 clients
901 700 24 17 et
938 697 140 20 immédiate-
1088 708 3 9 :

600 730 64 17 ment
671 732 58 13 nous
737 725 118 25 signalons
863 725 21 20 le
890 724 41 20 fait
938 725 14 19 à
960 724 22 20 la
990 724 68 21 Cour.
1065 732 10 10 »

601 755 31 19 La
640 754 82 19 séance
731 756 36 17 est
774 753 67 19 levée
849 754 13 18 à
872 752 56 20 midi
937 755 23 17 et
965 752 111 25 quelques

600 782 83 20 heures
699 781 75 24 après,
789 780 30 20 M.
831 780 22 20 le
871 780 129 20 Procureur
1022 784 55 20 peut

600 815 59 14 nous
668 808 101 20 affirmer
786 808 129 24 qu’aucune
931 808 29 19 de
974 814 38 14 ces
1028 808 49 20 affi-

600 837 55 20 ches
664 837 36 19 n'a
708 837 36 19 été
760 835 73 20 collée
844 836 57 19 dans
914 835 34 20 les
964 836 59 20 trois
1038 836 37 20 dé-

599 867 142 23 partements
759 867 23 16 et
789 863 103 20 ailleurs,
901 864 14 18 à
932 863 88 20 Belfort
1034 870 42 18 par

599 892 113 25 exemple.

625 917 34 21 Ne
671 916 159 21 circulait-elle
847 922 42 19 pas
904 922 84 14 encore
1005 919 49 17 tout
1062 917 13 19 à

599 945 87 21 l’heure
703 944 58 20 dans
779 944 21 19 la
815 944 54 20 ville
881 944 29 19 de
923 943 94 21 Colmar
1024 944 12 20 ?
1044 944 30 21 M.

599 973 92 21 Fachot,
700 978 60 14 nous
768 972 111 24 espérons
888 977 46 19 que
942 978 57 14 vous
1008 978 67 18 pous-

599 1007 65 15 serez
671 1000 115 24 l’enquête
791 999 109 26 jusqu’au
909 1000 65 19 bout.

623 1029 36 20 Mc
666 1028 97 20 Thomas
769 1034 7 13 :
787 1027 49 21 Une
844 1027 232 25 question.L’enquê-

599 1062 23 15 te
634 1057 31 20 du
674 1058 98 23 parquet
779 1056 165 24 portera-t-elle
959 1056 63 20 aussi
1035 1062 40 14 sur

598 1085 23 20 la
629 1084 103 21 fameuse
738 1083 83 20 affiche
829 1084 31 19 du
871 1084 35 19 Dr.
915 1083 93 21 Ricklin
1018 1083 12 21 ?

623 1112 34 21 M.
666 1112 90 21 Fachot
763 1118 7 13 :
780 1111 24 20 Si
810 1111 25 25 je
841 1111 90 20 voulais
937 1112 137 24 poursuivre

598 1144 77 17 toutes
682 1140 34 19 les
725 1139 96 20 affiches
829 1140 135 20 électorales
972 1140 6 20 !

622 1167 126 23 M.Ricklin
755 1174 6 13 :
770 1167 28 20 Je
806 1168 60 20 tiens
874 1168 14 20 à
897 1171 115 21 protester
1019 1174 56 14 avec

598 1196 22 20 la
628 1195 106 21 dernière
742 1195 93 25 énergie
852 1199 81 17 contre
942 1196 34 20 les
984 1196 90 24 paroles

598 1224 29 20 de
639 1223 32 21 M.
680 1223 86 20 Fachot
773 1223 29 20 de
809 1227 51 16 tout
868 1224 13 19 à
889 1223 97 21 l’heure.
996 1224 19 21 Il
1024 1231 51 17 par-

598 1252 42 20 lait
648 1252 30 19 de
684 1257 135 14 manoeuvre
826 1255 24 16 et
857 1251 91 21 laissait
955 1259 120 18 compren-

598 1280 42 19 dre
660 1285 44 19 que
717 1283 61 16 cette
791 1285 132 15 manoeuvre
931 1280 99 20 émanait
1046 1281 28 19 de

598 1313 69 14 nous.
676 1307 41 22 Or,
732 1313 68 17 nous,
813 1308 104 23 accusés,
927 1314 60 14 nous
999 1308 74 20 étions

597 1335 60 20 dans
688 1334 165 24 Pimposibilité
887 1335 187 24 d’entreprendre

598 1362 70 21 chose
676 1361 103 25 pareille.

622 1389 33 20 M.
665 1389 91 20 Fachot
762 1389 54 20 d’un
825 1393 65 21 geste
899 1389 42 20 fait
954 1395 120 19 compren-

597 1418 41 20 dre
646 1416 56 26 qu’il
710 1423 30 13 ne
747 1416 89 20 voulait
843 1423 43 18 pas
895 1417 50 20 dire
953 1417 57 20 cela.

621 1444 125 22 Président
754 1451 6 12 :
770 1444 147 21 Continuons
930 1445 142 25 l’interroga-

596 1473 67 20 toire.
670 1471 30 21 M.
709 1471 22 20 le
739 1471 92 25 greffier
839 1473 138 23 passez-moi
993 1473 23 20 la
1031 1473 42 21 let-

596 1505 36 16 tre
644 1499 91 21 Ricklin
744 1500 13 19 à
764 1499 85 21 Schall.

621 1526 45 20 Par
688 1529 60 16 cette
772 1525 68 20 lettre
863 1525 42 25 qui
926 1525 53 20 date
999 1526 30 20 du
1046 1531 23 16 21

596 1553 129 25 septembre
742 1557 58 21 1927,
819 1559 29 14 on
866 1554 103 24 apprend
987 1560 44 19 que
1039 1554 31 21 M.

596 1581 90 21 Ricklin
695 1581 57 20 était
758 1581 73 20 invité
846 1581 14 20 à
868 1581 95 20 assister
971 1582 14 20 à
1001 1582 23 20 la
1037 1584 35 19 sé-

595 1616 58 13 ance
667 1609 28 19 de
710 1608 122 21 fondation
849 1609 31 20 du
901 1610 59 24 parti
977 1614 95 17 autono-

595 1637 74 20 miste.
680 1637 17 19 Il
711 1643 15 18 y
734 1637 57 20 était
804 1637 111 25 empêché
930 1641 23 16 et
969 1638 102 21 s’excuse

595 1666 29 19 de
632 1671 30 14 ne
670 1665 98 24 pouvoir
776 1671 15 19 y
807 1665 104 24 assister,
924 1669 51 17 tout
983 1672 28 14 en
1020 1672 51 15 sou-

1100 86 8 30 I
1116 97 90 19 haitant
1219 104 31 13 un
1268 97 63 24 plein
1343 94 80 20 Succès
1431 94 13 18 à
1455 92 21 20 la
1493 91 97 20 reunion

1114 128 24 15 et
1147 130 30 13 au
1183 124 73 24 jeune
1264 123 71 26 parti.

1138 151 32 19 Le
1182 152 119 23 président
1309 147 113 22 demande
1437 148 41 19 des
1495 145 97 25 explica-

1110 177 65 20 tions
1182 184 40 13 sur
1234 179 35 19 les
1278 182 87 16 termes
1373 175 29 19 de
1410 174 21 20 la
1444 174 78 19 lettre.

1134 205 36 19 Mc
1177 205 102 20 Berthon
1285 212 9 12 :
1301 201 184 23 Permettez-moi
1494 200 28 19 de
1530 205 59 14 vous

1108 232 108 23 rappeler
1245 239 46 18 que
1312 230 49 20 cela
1383 229 58 20 n’est
1461 227 128 20 nullement

1108 258 172 24 poursuivable.
1288 259 49 20 Mes
1343 257 83 19 clients
1434 258 54 17 sont
1495 255 94 18 accusés

1107 286 30 19 de
1145 286 110 24 complot,
1270 287 56 20 c’est
1334 284 28 19 de
1377 284 48 19 cela
1440 281 59 26 qu'il
1513 281 74 24 s’agit.

1107 312 80 24 Quant
1195 313 14 18 à
1218 319 45 15 une
1269 312 101 21 réforme
1376 309 119 26 régionale
1501 309 29 19 de
1536 308 53 19 l’Al-

1106 346 55 13 sace
1169 339 83 21 sachez
1261 346 46 20 que
1315 338 24 20 le
1346 339 186 23 gouvernement
1539 335 47 20 s’en

1107 372 90 19 occupe
1205 367 118 21 lui-même
1333 369 23 16 et
1365 366 70 24 qu’un
1445 363 77 26 projet
1529 369 13 13 a
1551 363 36 19 été

1106 394 88 24 déposé
1203 400 29 13 au
1242 393 126 22 bureau-de
1376 392 22 19 la
1408 391 125 22 Chambre,
1542 396 46 18 que

1106 421 90 20 celle-ci
1205 421 37 20 n'a
1251 423 52 23 plus
1312 420 72 20 voulu
1393 422 75 17 voter.
1479 418 34 20 En
1527 417 59 25 plus,

1105 450 185 23 permettez-moi
1304 448 29 19 de
1357 453 59 14 vous
1432 447 52 19 dire
1500 451 45 19 que
1565 445 22 20 le

1105 477 61 24 parti
1174 477 158 21 autonomiste
1345 474 113 25 comptait
1464 473 40 20 500
1519 479 69 14 mem-

1106 504 54 20 bres
1170 507 24 16 et
1202 505 115 23 qu’aucun
1328 506 65 16 autre
1408 502 29 20 de
1452 507 40 14 ces
1505 501 38 20 500
1558 506 30 14 ne

1105 538 26 13 se
1147 535 85 16 trouvé
1249 539 40 14 sur
1303 530 23 21 le
1344 530 60 20 banc
1419 528 168 21 d’accusation.

1104 559 144 25 Appartenir
1255 561 14 18 à
1278 565 26 13 ce
1312 558 70 24 parti,
1392 564 26 14 ce
1432 556 63 21 n’est
1502 562 41 19 pas
1556 562 32 13 un

1105 587 81 19 crime.

1130 614 33 19 Le
1171 613 45 20 Dr.
1222 613 93 23 Ricklin
1321 613 89 24 répond
1419 612 94 20 ensuite
1521 617 68 14 enco-

1104 648 26 13 re
1137 642 13 18 à
1160 642 117 23 quelques
1285 640 72 25 griefs
1370 640 70 24 qu’on
1446 640 34 18 lui
1488 645 15 13 a
1512 644 76 18 repro-

1103 669 55 20 chés
1167 669 60 20 dans
1236 669 23 19 la
1265 668 112 20 matinée.
1386 667 20 20 Il
1420 666 67 24 parle
1499 668 88 17 notam-

1103 700 68 16 ment
1187 697 29 20 de
1230 702 24 14 sa
1273 695 38 20 vie
1327 695 80 24 privée
1424 694 59 19 dont
1498 693 23 20 la
1534 693 52 24 plus

1103 723 90 25 grande
1201 723 76 25 partie
1285 722 56 21 était
1349 722 103 24 occupée
1460 727 39 14 ces
1511 725 75 20 temps

1103 751 108 20 derniers
1219 751 15 20 à
1240 751 91 19 donner
1336 750 41 20 des
1384 750 79 23 leçons
1472 749 15 19 à
1492 755 32 13 un
1530 748 57 24 petit

1103 785 86 17 neveu,
1206 778 86 25 auquel
1309 777 16 20 il
1340 777 112 25 enseigna
1465 777 24 19 la
1501 776 85 25 langue

1102 806 119 24 française
1230 810 23 16 et
1260 806 24 19 le
1291 805 66 20 latin.

1128 832 18 20 A
1156 838 27 14 ce
1191 838 22 13 m
1218 835 78 16 ornent
1304 831 17 19 il
1330 837 14 18 y
1350 837 13 13 a
1372 836 31 14 un
1408 830 66 24 léger
1483 829 103 20 incident

1102 863 68 16 entre
1177 860 24 19 la
1209 858 97 21 défense
1315 862 24 16 et
1346 858 22 20 la
1377 857 71 20 Cour.

1127 887 36 20 Me
1170 886 100 21 Feuillet
1277 887 29 19 de
1315 885 96 21 s’écrier
1417 892 6 13 :

1128 912 47 21 «Je
1195 919 38 13 me
1242 912 52 20 suis
1311 911 90 25 engagé
1410 912 12 19 à
1431 915 25 20 19
1474 916 45 14 ans
1527 916 58 18 pour

1102 940 112 20 défendre
1221 940 23 20 la
1254 939 97 24 France,
1360 943 23 16 et
1392 937 145 26 aujourd’hui
1554 944 30 14 on

1102 974 38 14 me
1146 969 70 19 traite
1224 968 32 20 ici
1265 968 13 19 à
1288 967 94 20 Colmar
1390 966 29 20 de
1428 966 82 24 boche,
1516 972 69 19 parce

1102 1002 46 19 que
1153 996 26 24 je
1187 996 68 20 viens
1264 995 113 20 défendre
1393 995 33 20 les
1445 994 140 20 autonomis-

1101 1027 44 17 tes.
1155 1028 12 11 »

1126 1052 36 20 M°
1166 1051 143 26 Jaeglé:On
1318 1050 100 21 cherche
1426 1051 15 21 à.
1448 1050 86 21 rendre
1542 1050 43 21 im-

1101 1080 104 25 possible
1219 1082 70 18 notre
1304 1079 72 20 client
1393 1085 28 13 en
1448 1079 34 20 lui
1507 1084 78 19 repro-

1101 1108 71 20 chant
1180 1108 41 21 des
1229 1107 132 21 niaiseries.
1371 1108 63 19 Avec
1442 1113 47 14 une
1501 1107 82 25 phrase

1101 1142 32 14 on
1141 1140 56 20 peut
1205 1136 23 20 le
1243 1136 62 20 faire
1313 1136 116 24 déporter.

1126 1164 112 25 Mazoyer
1242 1171 8 13 :
1258 1163 62 21 Mais
1329 1163 16 20 il
1355 1169 29 14 ne
1393 1169 52 14 sera
1452 1163 84 25 jamais
1545 1163 39 20 dé-

1101 1193 76 24 porté.

1125 1220 36 21 M*
1168 1220 104 21 Berthon
1279 1227 9 13 :
1302 1219 62 24 Non,
1380 1226 30 13 on
1425 1226 30 13 ne
1470 1223 56 16 veut
1537 1225 46 20 que

1100 1248 34 21 lui
1143 1249 96 20 enlever
1246 1255 45 14 son
1300 1248 104 20 mandat.

1126 1276 110 21 L’accusé
1252 1276 95 21 déclare
1361 1275 63 21 enfin
1442 1282 47 18 que
1506 1282 26 13 ce
1547 1275 36 20 fut

1100 1311 48 14 une
1162 1311 81 14 erreur
1257 1305 31 20 de
1296 1304 93 20 vouloir
1402 1304 129 20 combattre
1542 1303 40 21 des

1101 1337 11 10 «
1121 1332 65 20 idées
1193 1339 9 10 »
1212 1339 28 13 en
1256 1334 36 19 les
1310 1333 73 19 tirant
1400 1338 41 13 sur
1456 1332 24 19 le
1496 1332 85 19 terrain

1100 1360 123 25 politique.
1234 1359 198 22 L’autonomisme
1449 1359 39 20 n’a
1498 1359 84 24 jamais

1100 1388 73 23 pensé
1181 1388 14 20 à
1208 1389 71 20 sortir
1287 1389 31 20 du
1333 1387 72 21 cadre
1413 1387 28 20 de
1455 1387 23 20 la
1487 1387 93 20 France.

1100 1415 44 20 Les
1160 1416 124 21 Alsaciens
1292 1417 66 20 n’ont
1364 1415 85 25 jamais
1463 1421 30 13 eu
1505 1415 75 24 envie,

1099 1444 76 20 même
1189 1449 73 16 avant
1275 1445 23 20 la
1306 1450 94 20 guerre,
1410 1444 28 19 de
1446 1442 85 21 fermer
1538 1443 14 20 à
1558 1443 23 20 la

1099 1471 91 21 culture
1205 1471 116 26 française
1336 1472 84 20 l’accès
1438 1471 59 20 dans
1515 1474 66 18 notre

1099 1505 65 19 pays.
1172 1499 63 21 Nous
1241 1507 30 14 ne
1280 1500 147 21 demandons
1435 1506 46 18 que
1489 1500 23 19 la
1520 1499 60 25 paix.

1099 1527 32 20 La
1158 1528 138 25 population
1321 1528 135 21 alsacienne
1476 1526 106 27 s’oppose

1098 1561 58 14 avec
1173 1556 22 20 la
1211 1556 107 21 dernière
1332 1556 96 25 énergie
1436 1557 14 19 à
1459 1559 62 17 cette
1529 1562 53 14 con-

1098 1584 86 20 trainte
1191 1584 29 20 de
1228 1585 105 25 changer
1340 1588 55 17 tous
1409 1584 34 20 les
1456 1584 125 24 cinquante

1097 1618 43 13 ans
1148 1612 31 20 de
1186 1613 146 24 nationalité,
1341 1618 58 14 sans
1407 1613 71 24 qu’on
1488 1618 28 14 en
1524 1612 58 20 tien-

1098 1646 30 13 ne
1135 1644 103 20 compte.

1122 1668 35 20 Ma
1165 1668 71 21 Peter
1243 1676 9 13 :
1265 1670 32 20 M.
1316 1669 101 25 Ricklin,
1436 1669 145 20 connaissez-

1617 93 58 14 vous
1684 92 48 14 mes
1740 85 91 20 clients,
1838 81 85 21 Kohler
1928 82 23 18 et
1960 73 129 25 Baumann?

1641 115 42 19 Dr.
1693 113 92 24 Riçklin
1792 118 9 13 :
1809 110 59 20 Non.

1641 141 34 19 A/c
1683 141 69 19 Peter
1758 146 9 13 :
1774 139 29 20 Je
1811 137 61 20 tiens
1880 136 14 19 à
1908 133 120 24 souligner
2043 134 45 20 que

1616 168 88 24 malgré
1720 167 57 23 cela,
1787 166 29 20 ils
1830 166 52 18 sont
1890 162 94 20 accusés
2001 164 58 20 pour
2066 156 21 20 le

1616 196 74 19 même
1699 195 81 19 crime.

1639 223 35 20 M*
1681 222 112 20 Feuillet:
1809 219 30 21 M.
1850 217 99 23 Ricklin,
1964 215 125 25 qu’aunez-

1615 256 57 13 vous
1681 250 43 19 fait
1732 249 35 20 s’il
1776 255 15 18 y
1804 246 61 21 avait
1874 252 28 13 eu
1912 245 29 19 de
1949 244 97 23 l’argent
2059 240 30 19 al-

1614 277 92 20 lemand
1715 277 58 19 dans
1782 278 66 17 votre
1856 270 166 22 mouvement?

1639 304 42 20 Dr.
1693 303 94 23 Ricklin
1797 309 8 12 :
1819 301 23 20 Si
1857 299 83 25 j’avais
1958 304 39 14 cru
2014 299 74 17 servir

1614 331 156 25 l’Allemagne,
1777 330 25 25 je
1809 327 86 21 n’aurai
1902 327 42 20 fait
1952 330 87 16 aucune
2051 322 36 20 de-

1616 359 101 20 marche.

1639 384 35 19 Du
1684 387 67 19 reste,
1760 382 34 20 les
1801 379 131 21 Allemands
1941 379 105 19 auraient
2058 380 28 19 pu

1614 411 112 25 dépenser
1733 410 40 20 des
1781 408 109 21 millions,
1900 407 28 20 ils
1941 405 105 21 auraient
2054 403 34 25 je-

1614 439 24 19 té
1645 438 97 25 l’argent
1750 443 42 19 par
1800 436 23 20 la
1832 435 97 20 fenêtre.

1641 466 106 19 L’Alsace
1761 471 30 13 ne
1808 467 55 16 veut
1879 463 52 25 plus
1939 462 28 20 de
1975 461 112 20 l’Allema-

1614 500 53 18 gne.

1639 519 35 20 Mc
1681 517 99 21 Feuillet
1789 524 6 13 :
1806 516 31 21 Le
1845 516 83 25 procès
1936 518 35 17 est
1976 514 67 25 jugé!

1639 547 35 20 M°
1686 545 104 21 Berthon
1799 551 9 14 :
1824 544 136 20 Aviez-vous
1976 542 40 20 des
2037 548 50 18 rap-

1614 578 65 21 ports
1686 573 82 26 depuis
1776 572 132 21 l’armistice
1923 576 58 14 avec
1989 570 33 19 les
2038 575 49 18 per-

1614 602 129 21 sonnalités
1750 602 30 18 du
1790 600 70 20 Reich
1867 600 12 20 ?

1638 629 93 22 Ricklin
1739 635 9 13 :
1763 628 88 23 (levant
1871 627 21 19 la
1915 626 62 20 main
2004 623 83 26 droite)

1613 657 61 20 Sous
1682 656 22 19 la
1712 655 32 20 foi
1753 655 30 19 du
1793 657 109 18 serment,
1908 653 25 25 je
1942 659 57 14 vous
2013 652 74 20 décla-

1614 691 24 14 re
1651 690 46 18 que
1710 682 92 25 jamais,
1812 681 80 27 depuis
1909 681 138 22 l’armistice,
2062 680 24 25 je

1613 712 44 20 n’ai
1666 718 28 14 eu
1703 711 42 20 des
1755 709 109 21 relations
1872 716 59 14 avec
1939 709 41 21 des
1993 714 94 19 person-

1612 740 83 20 nalités
1711 737 126 27 politiques
1844 738 29 19 de
1885 737 158 25 l’Allemagne.
2058 736 27 21 Je

1613 768 44 20 n’ai
1670 774 29 13 eu
1717 767 23 20 ni
1755 766 41 21 des
1813 765 135 23 entretiens,
1958 765 24 20 ni
1999 772 28 13 eu
2040 771 45 14 une

1612 796 206 24 correspondance,
1827 795 74 20 même
1914 800 42 18 pas
1964 800 56 14 avec
2029 793 55 21 Wir-

1612 825 34 23 th,
1653 824 97 21 l’ancien
1759 822 130 21 chancelier
1897 828 56 14 avec
1965 822 77 25 lequel
2046 821 39 25 j’é-

1612 853 44 20 tais
1663 852 46 20 ami
1718 852 82 20 intime
1805 851 101 26 pendant
1911 850 22 20 la
1941 849 142 26 guerre.Lui,

1612 881 16 20 il
1636 880 55 20 était
1700 879 106 25 toujours
1814 885 89 15 comme
1911 878 56 23 moi,
1976 884 31 14 un
2012 878 71 24 grand

1611 907 137 27 pacifiste,et
1757 914 29 14 ne
1794 906 138 22 s’entendait
1940 912 41 18 pas
1989 912 56 14 avec
2051 906 33 20 les

1611 936 204 27 pangermanistes.

1644 962 33 21 En
1686 968 26 14 ce
1721 965 109 20 moment,
1839 960 37 21 Me
1884 960 107 21 Fourrier
1999 960 84 25 dépose

1611 990 41 21 des
1673 990 148 21 conclusions
1835 988 138 21 demandant
1986 995 46 14 une
2045 994 38 14 en-

1611 1019 69 25 quête
1687 1021 142 18 concernant
1839 1017 99 21 l’affiche
1947 1017 98 20 Ricklin.

1636 1047 95 20 Ensuite
1754 1046 98 20 l’avocat
1874 1046 28 20 lit
1916 1052 30 13 un
1964 1045 82 20 extrait
2054 1044 28 21 de

1611 1075 15 20 1’
1631 1080 11 11 «
1649 1075 62 20 Echo
1720 1075 28 19 de
1756 1074 121 21 Mulhouse
1883 1080 11 11 »
1903 1074 29 19 de
1935 1073 65 25 jeudi
2006 1073 14 20 3
2028 1073 53 24 mai,

1610 1103 91 25 parlant
1713 1102 28 20 de
1753 1103 22 19 la
1786 1101 103 21 fameuse
1895 1101 81 22 affiche
1984 1101 98 23 d'André

1611 1131 117 21 Herbelin.

1634 1160 32 20 M.
1676 1159 90 21 Fachot
1770 1166 10 14 :
1796 1159 33 20 De
1846 1158 78 26 quelle
1939 1159 52 20 date
2008 1162 36 17 est
2060 1159 22 20 le

1607 1188 91 25 journal
1704 1187 13 21 ?

1634 1216 33 21 M.
1677 1215 99 22 Feuillet
1781 1223 9 13 :
1798 1216 184 24 D'aujourd’hui.

1634 1244 38 21 Me
1679 1244 90 21 Fachot
1772 1244 44 21 .-Je
1831 1244 34 20 dis
1883 1244 198 27 qu’açtuellement

1609 1273 17 20 il
1635 1272 37 26 n’y
1679 1279 13 14 a
1698 1273 51 24 plus
1756 1271 123 21 d’affiches.

1633 1301 39 21 Me
1686 1299 111 22 Feuillet:
1827 1300 174 24 Parfaitement,
2023 1301 57 21 niais

1609 1329 57 20 elles
1682 1329 87 20 étaient
1784 1327 117 25 affichées,
1919 1332 23 17 et
1956 1329 21 20 le
1989 1329 91 24 journal

1610 1355 139 22 croitsavoir
1767 1362 46 18 que
1821 1356 33 20 les
1859 1356 60 20 dites
1930 1356 95 21 affiches
2040 1360 40 17 ont

1609 1385 37 20 été
1653 1384 92 20 enlevés
1758 1389 40 14 sur
1806 1383 34 20 les
1849 1384 68 20 ordre
1924 1384 30 20 de
1961 1384 22 20 la
1992 1384 88 21 Préfec-

1608 1416 59 17 ture.

1632 1441 38 19 Me
1674 1440 85 25 Jaeglé
1762 1447 8 14 :
1779 1440 73 23 Voilà,
1862 1440 30 21 M.
1911 1440 21 20 le
1942 1441 136 24 Procureur,

1608 1476 31 13 un
1655 1466 101 28 complot
1754 1466 10 23 5.
1788 1468 57 22 Mais
1864 1469 146 20 maintenant
2034 1475 45 19 que

1608 1497 190 25 l’interrogatoire
1806 1497 29 20 de
1843 1497 31 22 M-
1884 1497 89 21 Ricklin
1983 1501 34 17 est
2032 1500 47 18 ter-

1609 1526 36 22 né,
1654 1526 30 20 où
1693 1529 35 16 est
1734 1525 23 20 le
1765 1526 100 24 complot
1881 1525 56 21 dont
1945 1526 17 20 il
1971 1526 49 20 doit
2031 1527 48 20 être

1608 1554 22 20 le
1636 1552 63 21 chef?
1704 1553 71 24 Quels
1785 1558 55 15 sont
1847 1553 34 21 les
1889 1553 71 26 griefs
1968 1560 45 20 que
2022 1561 56 14 vous

1608 1588 55 14 avez
1670 1585 80 16 contre
1762 1581 34 20 lui
1802 1581 12 20 ?

1632 1610 34 20 M.
1674 1610 90 21 Fachot
1771 1609 41 21 fait
1815 1611 150 24 comprendre
1971 1617 45 19 que
2029 1611 48 21 cela

1608 1638 96 21 viendra
1713 1638 52 24 plus
1776 1639 60 20 tard.

1769 1668 140 28 (Cuntinua)

2111 74 185 51 mmiE
2321 77 54 48 PI
2402 84 138 57 consic

2121 168 33 23 “A
2155 174 76 22 jacciu
2237 183 21 4 —
2265 174 59 18 Morte
2329 176 112 25 accidcntale
2456 188 28 15 11>

2113 198 43 22 Sgiò
2163 199 89 18 Ghiuvan
2259 199 65 18 Natale
2331 200 72 21 Lëceia.
2442 197 4 8 ’
2471 193 55 27 P°rto,
2531 205 14 19 dj

2133 235 22 4 —
2160 227 61 17 Morte
2233 227 19 18 di
2260 232 13 12 u
2285 227 45 23 Sgiô
2339 227 100 24 Dumenicn
2455 238 17 13 <5.
2494 245 5 6 ,

2113 250 20 19 73
2141 252 52 17 anni.

2133 288 22 4 —
2160 279 121 19 Matrimoniu
2292 281 20 18 di
2319 282 127 25 Madamicella
2458 292 16 17 M
2495 298 5 4 •

2113 309 21 12 eu
2143 309 12 12 u
2168 304 46 23 Sgiô
2226 305 74 19 Anlone
2310 306 92 22 Sinibaldi
2415 313 18 18 di
2441 300 70 34 finFu*
2517 304 28 26 ^

2113 329 81 18 Venacu.
2464 324 12 12 Q
2542 343 3 9 (

2134 367 21 3 —
2162 358 60 19 Morte
2235 359 19 17 di
2263 360 84 19 Madama
2359 362 58 21 Maria
2425 366 75 22 Niva^i

2111 383 50 18 anni.
2469 381 59 25 °°l0Ui,
2538 391 7 13 ,

2132 421 23 4 —
2159 412 61 20 Morte
2224 413 18 18 di
2249 419 13 12 u
2270 413 44 24 Sgiô
2322 415 77 23 Agnulu
2402 418 78 25 Renucci
2495 430 20 17 21

2132 448 22 4 —
2159 440 62 19 Morte
2227 442 18 17 di
2252 446 13 13 u
2274 442 44 23 Sgiô
2322 443 78 23 Agnulu
2408 446 47 25 Tosi,
2464 453 22 19 40
2494 462 10 12 a
2521 446 24 23 7*

2131 476 23 3 —
2158 467 119 20 Matrimoniu
2287 470 20 17 di
2314 475 14 13 u
2333 471 46 23 Sgiô
2386 473 57 22 Sanlu
2451 463 74 36 Bianr0*
2525 469 11 15 1'

2111 497 22 13 eu
2140 492 127 21 Madamicella
2275 494 93 23 Speranza
2376 498 56 21 Tolla.
2495 490 50 23 Ca®ar

2132 530 21 4 —
2158 521 61 19 Morte
2226 522 19 17 di
2258 523 84 18 Madama
2349 524 95 23 Persogljn

2111 547 57 19 mette
2176 545 96 23 Gabriel».
2407 535 12 16 8
2433 536 18 18 °’
2459 538 42 18 nata
2510 543 35 24 M

2131 581 80 20 Bastia
2216 593 22 4 —
2247 583 60 21 Morte
2317 586 21 19 di
2345 592 13 13 u
2367 587 42 24 Sgiô

2112 608 88 23 teggiani,
2208 609 23 18 27
2239 611 51 17 anni.
2314 624 8 3 ..
2348 630 3 2 .
2380 602 11 10 b
2431 600 84 21 ran<*scn
2527 606 18 22 Cc

2131 644 23 4 —
2158 636 121 20 Matrimoniu
2293 639 20 17 di
2319 640 125 22 Madamicella
2453 650 17 12 HT
2492 654 5 5 -

2110 660 105 19 Antoniotti
2223 668 22 13 en
2254 668 12 12 u
2275 663 44 23 Sgiô
2323 665 76 23 Agnulu
2408 669 56 23 Santu
2470 660 39 36 Va?

2134 689 146 20 -Matrimoniu
2288 692 19 17 di
2315 692 127 24 Madamicella
2450 685 84 34 Kern,??'

2111 713 15 18 si
2134 717 23 14 eu
2161 719 14 12 u
2181 714 45 23 Sgiô
2234 716 108 19 Ghiuvanni
2350 719 65 20 Torre.
2492 712 12 16 ^
2510 712 35 21 ^ar:

2130 750 22 4 —
2157 742 62 19 Morte
2227 744 19 18 di
2253 744 84 20 Madama
2345 749 74 19 veduva
2423 751 63 21 Léonin
2495 760 11 12 r

2109 771 30 18 va,
2144 767 22 18 79
2174 769 52 19 anni.
2477 764 11 11 d
2495 764 49 22 ^san

2130 801 67 32 Caïyî
2202 804 86 18 —Morte
2299 805 38 19 diu
2346 806 45 24 Sgiô
2399 809 90 25 Bernardu
2498 820 28 17 Mil

2109 827 22 18 34
2138 832 53 15 anni.

2130 861 93 20 Galeria
2229 873 21 4 —
2255 865 59 18 Morte
2320 866 22 18 in
2350 866 108 24 Calacuccia
2463 874 19 18 di
2488 877 15 17 M
2512 882 9 12 a

2108 887 86 19 Juvanna
2202 889 97 22 Lucchesi,
2304 892 45 18 nata
2356 892 63 24 Rossi,
2424 895 22 19 4G
2454 902 47 18 anni
2531 890 14 14 10

2129 920 108 21 Grosseto
2242 923 90 24 Prugna
2337 935 23 4 -
2365 926 117 24 Matrimoniu
2487 936 16 16 di
2508 938 15 14 M
2531 944 8 8 a

2107 946 74 19 micella
2184 947 56 19 Santa
2244 949 41 18 Poli
2290 953 23 15 eu
2317 955 14 13 u
2333 950 46 23 Sgiô
2382 951 104 25 Ghiuvanni
2489 960 37 23 Lore
2539 950 6 13 6

2127 980 63 21 Isula
2195 982 73 19 Rossa
2271 993 24 3 —
2300 984 60 19 Morte
2367 986 21 17 di
2394 987 56 20 Prete
2454 970 88 41 Ovid»,^

2107 1006 46 22 telli,
2161 1012 81 17 parroen
2250 1008 20 19 di
2277 1009 121 22 Speluncatu.
2519 1003 26 18 Mai

2127 1039 68 20 Moca
2202 1041 72 20 Croce
2279 1053 23 4 —
2307 1044 60 19 Morte
2374 1045 20 18 di
2402 1051 12 13 u
2420 1050 82 21 capitenu
2509 1056 16 17 in
2536 1065 8 8 „

2106 1070 47 19 posu
2159 1067 76 19 Antone
2242 1068 84 19 Luciani.
2537 1066 6 11 r

2126 1101 134 19 JVionticellu
2264 1113 23 4 —
2291 1103 60 19 Morte
2356 1105 21 18 di
2381 1106 82 20 Madama
2470 1110 75 23 France

2106 1126 99 23 Saccketti,
2214 1129 44 18 nata
2263 1128 132 21 Emmanuel».
2540 1126 5 10 1

2127 1160 47 19 San
2182 1161 113 20 Fiurenzu
2299 1173 22 4 -
2326 1164 61 19 Morte
2394 1166 20 17 di
2420 1172 12 12 u
2440 1167 43 24 Sgiô
2493 1172 51 19 Aj>n.,i

2105 1187 118 23 Franeescbi,
2231 1188 23 18 23
2259 1189 50 19 anni.
2508 1186 9 10 b

2127 1222 66 19 Sartè
2197 1233 24 4 —
2228 1223 59 22 Morte
2298 1225 19 17 di
2331 1230 14 13 u
2352 1225 75 19 duttore
2439 1228 26 18 De
2478 1229 67 22 Giovam

2105 1247 22 19 80
2131 1249 53 18 anni.
2231 1265 6 6 ..

2126 1282 118 20 Sollacarô
2249 1285 85 18 —Morte
2340 1285 19 18 di
2364 1287 84 18 madama
2454 1287 91 26 Gasabîanci

2105 1308 73 19 veduva
2186 1309 93 22 Brunet»,
2285 1310 20 18 di
2313 1310 128 20 Casalabriva.

2125 1341 98 20 Vivariu
2230 1352 23 4 —
2258 1343 59 19 Morte
2324 1344 22 20 ip
2358 1345 64 24 Parigi
2428 1346 21 18 di
2456 1351 12 13 u
2479 1348 39 21 Sgiô
2528 1353 17 16 N,

2106 1367 35 17 taie
2148 1367 90 19 Raffiani.
2491 1361 11 12 0

2124 1404 24 4 —
2151 1395 121 19 Matrimoniu
2277 1397 21 18 di
2303 1397 128 20 Madamicella
2435 1399 78 23 Catalïna
2517 1406 28 20 Pas

2104 1421 64 18 talacci
2176 1425 24 14 eu
2208 1426 14 13 u
2230 1421 43 24 Sgiô
2282 1421 88 20 Ghiuvan
2378 1424 76 19 Battista
2459 1426 77 23 Mosconi.

2123 1454 96 19 Venacu
2223 1456 86 19 —Morte
2317 1457 21 18 di
2345 1462 12 13 u
2367 1457 45 23 Sgiô
2420 1459 94 21 Dumenicn
2521 1464 24 18 Sf*

2103 1480 45 22 tani,
2153 1480 24 18 86
2185 1482 52 17 anni.

2124 1518 23 4 —
2151 1509 62 19 Morte
2220 1510 19 17 di
2247 1515 14 13 u
2269 1510 44 23 Sgiô
2320 1511 93 23 Pasquale
2420 1512 56 25 Paoli,
2484 1515 20 19 30
2511 1521 34 18 anni

2124 1546 23 4 —
2155 1537 120 19 Matrimoniu
2289 1539 22 18 di
2322 1539 129 20 Madamicella
2464 1544 81 23 Appnloni;

2103 1562 51 21 B.acci
2161 1567 26 14 eu
2192 1568 13 13 u
2211 1563 44 22 Sgiô
2264 1564 76 23 Agnulu
2347 1565 59 18 Maria
2415 1565 31 20 Coi
2450 1568 72 22 tichiato.

2102 1629 100 22 Aiacciu
2211 1641 28 5 —
2250 1630 134 29 Stamparia
2395 1631 25 23 di
2432 1634 22 21 A
2464 1634 72 26 Muvra

2103 1673 13 15 u
2128 1666 230 24 Diretlore-Gerente
2367 1675 7 16 :
2387 1668 69 25 Petni
2464 1671 72 26 ROCC;

95 1786 171 48 Libraria
289 1785 40 48 di
343 1784 32 49 A
397 1785 38 48 M
437 1783 128 50 UVRA

145 1872 119 22 ULTIME
276 1870 238 24 PUBLICAZIONE

115 1924 96 19 Carlotti
217 1926 29 21 (D)
250 1931 5 12 :
263 1935 24 4 —
293 1924 144 19 Manualet’cu
444 1924 23 18 di
472 1923 92 19 Parlata

161 1953 74 18 Corsa.
245 1954 16 17 A
268 1953 62 22 prima
336 1953 121 23 grammatica
467 1951 97 19 dialettale

161 1985 52 14 corsa
219 1981 99 22 pubiicafa.
330 1980 84 18 Guntene
425 1985 11 13 e
446 1980 67 23 régulé
523 1979 21 18 di
553 1983 11 14 a

160 2009 70 21 parlata
238 2009 122 21 cismantana,
367 2008 10 18 1
386 2008 39 18 vol.
433 2007 23 19 80
465 2012 19 18 p.
519 2006 13 18 5
540 2016 24 4 —

115 2047 135 18 Codaccioni
257 2047 30 23 (G.
293 2048 30 22 P.)
329 2057 23 4 —
358 2047 111 18 Canzone.
477 2047 87 18 Raccolta

160 2075 19 18 di
187 2080 11 13 e
205 2075 32 22 più
244 2076 89 22 populare
346 2075 64 23 puesie
422 2075 22 18 di
449 2075 87 18 l’anfarte
544 2074 19 18 di

159 2103 101 22 Proprianu
277 2103 79 22 (Satare,
373 2103 90 22 Lamenti,
479 2103 85 17 Gauz'one

160 2131 88 22 pulitiche
264 2132 62 22 ecc...)
346 2131 42 18 c’un
406 2131 80 18 introitu
506 2131 18 17 di
544 2129 20 19 U

161 2159 173 22 Sampetraccïu.
349 2159 11 18 1
367 2159 40 18 vol.
420 2158 40 19 în-8
471 2159 20 17 di
501 2157 22 19 96
531 2163 33 18 pa-

160 2187 50 23 gine.
518 2185 12 19 5
539 2195 24 4 —

112 2225 118 19 Maistrale
235 2235 22 4 —
261 2226 92 18 Lettare
372 2230 15 13 a
405 2225 158 24 Lumbrigone.

159 2253 80 19 Cronaca
246 2254 75 18 satirica
327 2254 62 22 d’ogni
397 2254 121 18 evenimentu
524 2257 40 14 cor-

159 2286 28 17 sa,
200 2283 81 21 attempu
291 2282 115 18 documenta
416 2282 87 22 preziosu
511 2286 11 13 e
529 2281 35 17 mi-

157 2310 54 18 niers
216 2310 100 18 scaceani.l
322 2309 60 19 vol.di
385 2309 34 18 220
425 2310 74 23 pagine:
516 2308 48 19 10—

111 2349 86 19 L’Orsix
205 2349 129 19 d’Orezza—
340 2349 199 18 Primizie.Raccolta
544 2349 20 18 di

160 2382 11 14 e
178 2378 34 22 più
220 2378 50 17 belle
277 2378 67 22 puesie
351 2377 20 18 di
378 2377 87 18 l’anfarte
473 2377 18 18 di
500 2382 12 13 a
520 2377 44 18 Cas-

158 2406 96 23 tagniccia.
268 2405 22 18 Di
304 2406 15 17 A
330 2404 112 20 Cullezzione
452 2405 21 18 di
479 2405 85 23 Vanfarti

160 2439 31 13 cor
189 2434 23 18 si.
224 2434 10 17 1
243 2434 37 17 vol.
289 2434 21 17 di
318 2434 22 18 64
349 2439 19 18 p.
527 2433 38 18 5—

115 2473 90 18 Matien
218 2472 103 19 Cirnensi
337 2473 71 22 (Mattéi
422 2473 58 18 Torre
485 2482 24 5 —
515 2472 48 24 Que

161 2502 55 17 veut
230 2501 24 18 la
270 2500 70 19 Corse
346 2501 6 18 !
371 2501 58 18 Tutt’i
445 2501 55 23 punti
516 2501 20 18 di
552 2506 12 13 a

161 2530 12 9 ::
179 2529 95 22 Quistione
282 2530 71 17 corsa”,
362 2529 62 18 üifesa
432 2529 131 18 e-illustrazio-

161 2562 24 13 ne
193 2557 19 18 di
219 2562 14 12 u
240 2556 103 19 Cursismu.
353 2558 10 17 1
370 2557 39 18 vol.
419 2556 23 19 64
449 2562 19 17 p.
539 2565 24 5 —

110 2596 66 19 Paoü
181 2597 25 17 di
209 2596 156 23 Taglic—Risa
368 2601 13 14 e
385 2596 82 19 Pianti.
469 2596 74 19 Sunetti
547 2600 12 14 e

157 2625 65 18 Poesie
228 2624 51 19 varie
285 2625 44 18 c’un
334 2625 79 18 introitu
419 2625 22 17 di
445 2623 118 20 Maistraîe

157 2652 90 22 (Guntene
259 2657 15 13 u
287 2652 91 19 Lamenta
390 2653 20 17 di
419 2658 15 12 u
447 2652 95 22 Gastagnu
553 2657 10 13 a

157 2685 13 12 u
178 2679 72 23 Corsu).
255 2680 10 18 1
274 2681 39 18 vol.
321 2679 40 19 in-8
368 2681 20 17 di
396 2680 34 18 112
438 2685 26 18 p..
519 2680 12 18 5
540 2689 24 4 —

111 2722 24 4 —
142 2713 64 18 Ficri
213 2712 94 23 e'Spine,
314 2714 66 18 Puesie
388 2714 51 18 varie
446 2715 43 17 c’un
496 2714 67 18 introi-

157 2742 21 17 tu
186 2741 20 18 di
213 2741 67 18 Petru
287 2741 82 18 Rocca.
381 2741 11 18 1
401 2741 38 18 vol.
450 2742 19 17 di
481 2741 23 18 86
512 2741 51 23 pagi-

156 2774 31 13 ne.
516 2769 16 18 4'
538 2779 24 4 —

111 2808 20 19 ü
138 2807 169 24 Sampetraccïu
317 2809 146 22 (GMannettu
468 2808 93 24 Notini.)

156 2836 64 19 Rime
228 2836 73 22 (Puesie
306 2837 60 21 varie,
372 2836 119 19 Strufulette.
499 2837 63 18 Punte

156 2865 20 17 di
183 2865 72 17 Minuta
263 2864 78 23 Grossu,
353 2865 90 21 Canzone,
453 2865 109 18 ïnduvinel-

155 2893 33 22 le).
206 2892 45 18 C’un
266 2893 81 18 introitu
358 2893 19 17 di
397 2892 69 19 Petru
479 2892 83 19 Rocca.

158 2921 10 17 1
177 2921 38 18 vol.
230 2920 19 18 di
259 2920 34 19 160
305 2921 74 23 pagine.
517 2921 13 17 8
538 2929 25 5 —

110 2969 24 4 —
141 2959 13 18 I
162 2959 104 19 Suceessi
273 2960 23 18 di
302 2960 82 19 Natale
390 2960 110 19 Zuccone.
507 2960 56 19 Cum-

157 2988 61 18 ruedia
224 2988 21 17 in
252 2988 11 17 4
271 2989 42 18 atti.
318 2989 28 18 Da
350 2989 19 17 fà
375 2989 41 18 ride
423 2993 49 14 ancu
480 2993 11 14 e
499 2989 64 22 sporte

156 3021 11 13 e
173 3017 25 16 da
204 3016 23 17 dà
232 3021 37 13 una
277 3017 50 18 belia
334 3017 73 18 lezione
414 3022 12 13 a
434 3017 48 18 cerli
488 3018 69 21 parent

155 3043 97 18 inlusicati
262 3044 23 18 da
295 3044 144 23 l’impiegberia.
450 3045 24 17 Di
480 3044 83 23 a'jCulle-

155 3071 52 18 zione
213 3071 21 18 di
240 3077 13 12 u
264 3071 66 19 Teatru
338 3072 21 18 di
365 3072 14 18 A
389 3072 71 18 Muvra.
473 3072 10 18 1
492 3073 39 17 vol.
541 3072 21 19 di

142 3105 7 15 ;
155 3099 34 18 106
198 3099 72 23 pagine.
515 3099 13 18 6
538 3109 24 4 —

108 3147 24 4 —
145 3137 23 20 A
179 3138 104 19 Pulitica,
301 3139 109 19 Cummedia
426 3140 22 17 in
460 3139 13 18 4
485 3139 43 18 atti.
546 3138 15 18 E

154 3167 104 22 spurchizie
269 3167 19 17 di
299 3172 12 13 a
322 3167 121 18 Pnliticaccia
452 3167 110 22 d’impurta-

154 3195 54 17 zione
218 3198 61 14 messe
289 3199 10 13 a
311 3196 53 17 nudu
373 3199 11 13 e
395 3195 109 18 scurtieate.
516 3195 23 18 Di
548 3199 13 13 a

157 3221 98 18 Cullezione
260 3221 22 18 di
286 3227 13 12 u
306 3222 66 18 Tealru
378 3221 21 18 di
403 3222 13 17 A
424 3222 71 18 Muvra.
502 3223 11 17 1
519 3223 40 17 vol.

156 3249 19 18 di
183 3248 23 18 96
216 3249 73 22 pagine.
515 3249 12 17 6
536 3259 24 4 —

112 3297 111 18 Duìnandate
231 3302 13 13 u
251 3297 64 19 lislinu
322 3298 21 18 di
349 3299 59 18 noslre
412 3298 127 23 publicazionc

206 3370 34 25 Per
255 3370 77 31 iscopre
349 3371 93 31 Surgenti,

166 3405 59 30 ieque
244 3406 127 32 Sntterranee,
387 3406 95 26 Minerali.

156 3461 105 31 Frété
288 3463 205 33 Casanova

160 3503 138 26 Flevami
314 3506 34 25 di
363 3506 123 26 z^icavu

119 3550 22 17 dà
150 3556 13 12 a
170 3552 144 19 emmseimentu
321 3555 20 17 di
350 3555 58 22 quel»
415 3556 33 17 ebi
452 3556 74 22 ciponu

139 3576 60 18 trnvà
205 3581 12 12 u
225 3581 20 13 so
253 3577 102 24 înteressu,
362 3580 70 18 ch’ellu
440 3585 65 19 seopre

140 3601 92 22 surgenü,
238 3606 57 17 acque
302 3605 115 22 sutteranee,
425 3606 80 18 minier^

204 3627 143 22 metallurgiehe
355 3630 23 16 ed
385 3630 56 18 aitre.

120 3655 119 21 Infallibite
248 3668 24 4 —
283 3660 99 19 Pruvate
392 3667 13 13 e
412 3664 114 19 vidarete!

589 1935 35 46 S
640 1952 133 30 CB.ÉME
793 1965 39 18 Dt
850 1950 160 31 BEAUTÉ
1027 1935 36 64 H

676 2001 73 38 iaer/Jf
757 2000 221 99 LA^EAU^^C^

731 2127 187 27 FRATACCl

703 2178 122 32 BandagMe,
837 2179 113 30 Spécialiste

665 2227 104 22 Avenue
782 2228 35 21 du
831 2233 43 16 1er
888 2227 101 23 Consul

773 2267 105 26 Ajaccio

645 2346 106 26 Strmnenti
762 2346 87 27 Musicali
861 2347 65 31 d’ogni
937 2347 70 26 Généré

635 2404 58 50 V.
723 2404 297 53 Mnracciole

618 2481 172 24 Prufessoredi
803 2483 95 22 Musica
907 2490 14 15 e
933 2483 101 22 Vmlinu

689 2528 61 19 9-19,
763 2523 41 20 Via
811 2523 65 20 Jules
887 2524 72 20 Cazot

754 2554 52 20 Aîès
818 2553 80 26 (Gard)

599 2610 6 35 j
644 2611 77 22 Viulini,
727 2611 114 23 Manduline,
847 2612 104 23 Urganetti,
956 2613 50 18 Fono

600 2646 4 28 j
696 2645 64 22 Piano,
768 2645 64 23 Banjo,
840 2646 65 19 Jazz...
914 2651 38 14 ecc.

600 2691 4 28 |
662 2692 85 23 Catalogu
754 2693 71 23 gratisi,
834 2694 62 23 sopr’d
901 2693 89 19 cumanda

663 2779 110 27 Contra
790 2789 16 17 a
820 2781 68 25 Vita
901 2781 73 26 Cara
982 2782 6 24 î

664 2828 102 35 CIIiZE
784 2829 19 33 E
826 2829 164 34 GfîkZETIE

683 2877 117 25 "Inusable
818 2878 50 23 Mail
884 2879 62 26 flder
952 2879 13 11 5'

768 2917 42 23 Fiiu
829 2925 51 23 puru

716 2969 111 32 Eleganza,
841 2970 91 25 Solidiià

670 3028 67 30 Mma
764 3029 219 37 Pasqualmi

631 3075 40 26 El
679 3076 48 25 Ar
726 3085 69 16 roue
797 3076 27 25 h'
838 3076 178 28 Cusiantina

754 3115 138 35 (Algeria)

634 3212 213 59 Stamparia
870 3214 39 46 di

792 3278 32 48 A
844 3279 168 49 MUVRA

641 3363 102 22 Lettere
751 3375 29 4 —
786 3363 105 23 Fatture
903 3377 27 4 —
940 3365 75 22 Car-te
1048 3360 2 27 !

635 3395 116 26 Biglietti
769 3408 29 4 —
811 3397 164 22 Memoranda
980 3410 30 5 —

633 3428 90 22 Affissi
733 3440 30 5 —
774 3429 72 22 Libri
860 3441 28 5 —
901 3431 117 22 G-iurnali
1040 3431 4 31 j

738 3468 73 16 ecc...
827 3469 72 16 ecc...

604 3531 26 29 F
633 3534 108 26 resta
758 3532 94 31 fattu

755 3585 22 21 e
795 3586 25 20 a
837 3577 77 31 bon
931 3582 107 32 paiiü

598 3630 211 40 jCimsultateei
816 3643 17 15 e
847 3639 192 23 EJumandate-

709 3666 13 20 i
729 3669 98 20 nostri
833 3670 96 23 prezzi

1249 1816 160 39 MODE

1209 1926 244 75 Santa

1167 2065 33 18 22
1216 2058 91 27 Corsu
1318 2059 171 36 Napulione

1258 2110 143 31 Ajaecm

1174 2260 83 25 Grande
1272 2262 85 25 rabrica
1373 2263 20 24 di
1406 2264 72 24 Mobiii

1120 2331 160 28 MARTINU
1310 2335 219 28 BERNARDINI

1164 2371 39 19 San
1214 2372 55 19 Pelru
1280 2374 22 18 di
1315 2374 69 19 Venacu
1394 2375 90 25 (Corsica)

1160 2439 83 19 Generi
1251 2442 103 22 semplici
1363 2447 14 15 e
1382 2443 26 19 di
1414 2444 74 19 Lussu

1261 2503 60 24 Legni
1332 2505 54 18 scelti

1192 2535 55 24 Noce,
1258 2536 100 25 Castagnu,
1371 2538 83 20 Laricciu

1101 2593 116 23 Aperture
1228 2599 13 14 e
1249 2596 54 19 altri
1310 2597 75 19 lavori
1393 2603 41 18 per
1441 2599 103 20 fabriche

1226 2631 76 21 sopr’a
1309 2632 113 18 cumanda

1153 2689 66 15 Prezzi
1226 2690 67 15 ridatti
1300 2695 34 14 per
1341 2696 43 11 case
1393 2695 102 14 ccmercali

1213 2717 79 16 Facilità
1300 2720 19 13 di
1330 2722 105 17 pagamenti

1177 2846 95 21 Andate
1285 2853 13 15 a
1308 2850 98 21 vestevi
1420 2850 66 22 duve

1234 2891 41 25 DI
1294 2892 126 27 FABIO

1202 2941 25 15 12
1242 2935 71 22 Corsu
1324 2938 131 26 Napulione

1150 2974 33 19 Pè
1191 2981 16 13 u
1217 2978 15 9 “
1238 2976 52 19 chic
1296 2977 19 23 ”,
1328 2983 12 14 e
1352 2979 150 25 Stoîejscelte,

1191 3010 9 17 i
1212 3011 76 21 prezzi
1298 3013 164 23 raggiunevuli.

1154 3144 85 24 Labrica
1256 3145 107 26 d'fìrticuli
1382 3149 122 25 Orezzinchi

1160 3205 34 30 O
1221 3208 28 29 F
1279 3208 213 33 PIAZZOLI

1123 3250 30 18 Val
1154 3250 18 19 le
1179 3252 13 17 d
1199 3253 72 22 Orezza,
1277 3260 35 17 per
1319 3256 106 19 Piedicroce
1432 3257 90 24 (Corsica)

1165 3309 46 23 Pipe
1218 3312 19 17 di
1245 3312 60 23 lussu,
1315 3313 69 24 Califfi,
1390 3315 91 20 Bucchini

1203 3338 58 23 Scopa
1268 3340 21 18 di
1296 3342 60 22 prima
1364 3344 71 21 qualité

1142 3386 97 24 Calamari,
1250 3389 56 20 Porta
1313 3396 66 18 penna,
1389 3393 63 21 Tag»a
1459 3396 52 17 carta

1190 3443 110 25 Articuli
1311 3447 28 22 di
1349 3448 96 22 Tavula

1099 3490 97 19 Cucckiare
1207 3497 10 13 e
1223 3494 78 20 Furcbie
1310 3506 21 4 —
1337 3496 95 24 Ovaghioli
1436 3508 23 4 —
1463 3500 77 18 Zucche-

1110 3518 49 18 riere
1198 3519 85 28 Chiarchj
1291 3529 12 12 a
1311 3524 94 23 luvaglioli
1411 3535 23 4 —
1439 3525 89 21 Salinere.

1139 3571 141 23 Àssurtimentu
1291 3577 20 17 di
1319 3578 72 17 scatule
1399 3579 102 19 sculturate

1098 3608 34 17 per
1141 3604 82 24 tabaceu,
1232 3609 76 20 polvera
1319 3610 20 18 di
1352 3611 63 22 risn,..
1429 3617 54 14 ecc...
1492 3618 45 14 ecc..

1122 3666 60 16 Lavori
1188 3673 47 14 sopra
1243 3673 77 14 cumanda
1330 3673 18 14 in
1355 3677 52 15 scopa,
1414 3675 50 18 bussu,
1472 3677 44 14 dieu

1614 1809 323 54 VOULEZ-VOUS

1978 1807 80 26 avoir
2074 1808 127 35 toujours
2220 1808 49 27 des
2285 1810 132 34 produits
2433 1813 108 28 alimen-

1979 1849 87 27 taires
2089 1852 54 25 très
2162 1851 92 34 frais,
2282 1852 35 26 de
2341 1855 63 24 tout
2427 1857 114 30 premier

1616 1892 94 33 choix,
1725 1896 29 23 et
1769 1894 69 26 bien
1858 1894 132 27 meilleur
2005 1895 120 26 marché,
2136 1904 56 27 que
2209 1899 114 32 partout
2341 1898 164 29 ailleurs?...

1999 1960 94 37 Faites
2117 1973 52 25 vos
2194 1962 101 36 achats
2320 1963 19 36 à
2363 1963 28 36 ia

1693 2025 151 49 Grande
1871 2027 171 61 Epicerie
2071 2027 149 51 COSTA
2247 2029 63 49 ET
2337 2029 139 51 NEGRI

1877 2102 190 26 Boulevard
2084 2104 57 25 Roi
2157 2104 133 26 Jérome

1649 2204 92 26 Vous
1759 2206 176 27 réaliserez
1953 2209 74 26 ainsi
2044 2209 108 36 chaque
2168 2211 74 26 mois
2260 2219 65 18 une
2344 2212 165 26 économie

1824 2255 56 25 très
1899 2256 124 27 sensible
2042 2266 72 26 pour
2130 2261 81 24 votre
2231 2259 109 35 budget

1877 2349 189 29 lÂvr&fsons
2083 2353 21 25 à
2122 2353 155 26 domicile

1781 2445 33 49 A
1837 2443 223 55 ÜSRÂRIÂ
2081 2451 47 49 Si
2149 2451 35 49 A
2203 2451 167 51 MOVRA

1673 2525 111 36 compta
1797 2527 10 25 t

1592 2577 141 31 VECCHJ
1750 2583 220 29 MANUSCRIT
1976 2587 29 26 H
2023 2601 33 5 —
2074 2588 231 30 INCUNABULÏ
2325 2606 33 5 —
2374 2590 163 29 EDIZIONE

1684 2620 282 32 INTERESSANTE
1977 2640 35 6 —
2028 2627 167 29 VECCHJE
2208 2630 149 29 STAMPE
2370 2640 77 19 ecc...

1703 2679 60 30 Un
1781 2686 180 28 mancate
1980 2684 39 30 di
2036 2688 163 30 scriveci
2217 2691 127 35 prima
2362 2692 39 30 di

1919 2734 125 31 vende
2062 2737 49 29 ad
2133 2737 97 34 altri.

1689 2882 149 27 Antichità
1855 2884 87 27 Corse

1599 2947 212 51 Pr&Eceietf
1852 2951 182 50 PIETES

1609 3013 22 26 8,
1645 3014 83 22 Corsu
1741 3014 131 24 Grandval
1885 3029 30 4 —
1930 3019 105 22 Aiacciu

1598 3077 71 32 Cispre,
1693 3078 50 33 Süli,
1754 3080 78 33 Pistole,
1843 3081 109 35 FiancWne,
1960 3084 75 32 Stampe

1633 3116 57 26 Pîatti
1702 3122 10 20 e
1724 3118 57 26 Tazze
1793 3125 24 20 eu
1827 3120 8 25 i
1846 3121 87 32 proYerbj
1946 3124 52 25 eorsi

1682 3156 71 26 Zuccfce
1765 3163 23 21 eu
1797 3160 71 30 sugetti
1879 3160 58 27 local!

1619 3323 389 103 Tomasi

1722 3484 205 65 Fobgrafu

1591 3593 449 69 Aiacciu-Bastia

2165 2907 131 57 Casa
2329 2909 159 57 RlCCi

2118 3001 42 35 38,
2193 3004 89 28 Corsu
2300 3001 204 41 Napulione^S

2192 3073 35 5 —
2247 3061 142 26 Aiacciu
2409 3074 32 6 —

2135 3121 165 29 RICORDI
2321 3118 174 32 AIACCINI

2117 3165 103 28 ARTICULI
2236 3167 112 28 RELIGIOSI
2372 3181 35 5 —
2428 3157 81 36 CUBO®

2197 3302 85 24 L’Arte
2298 3303 128 29 Religiosu

2132 3342 145 27 Damas»
2293 3339 191 30 Maestracci

2106 3384 84 21 Artista
2197 3386 193 23 scuItore,ailievu
2398 3384 23 20 di
2429 3390 12 13 a
2450 3378 57 24 scola

2122 3412 29 20 d’i
2159 3412 18 10 “
2184 3413 76 21 Beaux
2267 3415 52 20 Arts
2325 3415 13 8 ”
2346 3414 23 20 dî
2378 3408 115 27 Marseglia

2152 3442 160 24 Occhiatana
2337 3445 10 25 (
2351 3439 114 29 Corsica)

2087 3489 65 20 Statue
2156 3492 87 23 religiose
2249 3492 65 23 d’ogni
2318 3496 70 18 genere
2393 3495 11 14 e
2409 3485 113 23 dimension^.

2095 3515 34 18 Via
2137 3517 58 22 ernei,
2204 3518 82 21 cunsole,
2296 3516 100 21 battisteri,
2406 3508 109 25 monuî»er!tl

2103 3540 103 25 îumerarii,
2218 3543 20 18 in
2245 3542 95 24 ghiesgiu,
2348 3542 74 20 stuccu,
2433 3535 77 22 cimente

2113 3569 80 21 armatu,
2201 3569 60 17 simili
2267 3569 59 21 petra,
2335 3567 76 17 cartone
2417 3563 82 20 ramante

2092 3591 90 19 st’ultima
2187 3594 79 18 materïa
2274 3593 11 18 è
2290 3591 129 19 ricumandata
2422 3589 29 24 pè’
2455 3586 63 20 chiese-

2102 3634 115 21 Monnmenti
2224 3642 10 13 a
2238 3636 8 18 i
2251 3635 57 19 morti
2313 3635 21 17 di
2339 3639 74 18 guerra,
2419 3633 20 17 in
2443 3629 65 20 bronza

2159 3665 12 13 0
2180 3666 98 16 marmarn,
2287 3660 61 22 sopr’a
2358 3658 96 20 enmanda.

2097 3701 64 15 Prezzi
2168 3704 98 15 muderati.
2270 3702 78 16 Dmnandà
2353 3706 12 11 u
2372 3701 67 16 catalosd
2444 3694 64 21 gecera.e
