2564 3897
290 100 136 37 ANNI
429 101 144 39 VERS
575 104 132 40 ARIU

93 173 36 47 di
152 184 24 31 a
198 167 120 46 morte
342 165 39 47 di
404 165 245 53 PASÛUAIE
671 170 73 48 DE’
768 172 143 50 PAOLI

150 244 67 48 Pia
240 243 312 59 manifeslazione
576 262 23 31 a
616 247 229 62 Merusaglia

48 386 136 32 Merusaglia
195 397 29 5 —
234 384 86 23 a”città
349 388 67 20 santa
418 388 15 10 “
450 386 43 25 d’a.

23 424 88 26 Corsiea
117 418 66 22 —ha
192 416 82 22 bululu
281 415 100 27 ricurdà,
393 416 36 22 n'a
439 417 48 22 for-

23 464 34 17 ma
75 452 39 30 più
119 455 5 5 *
136 448 170 26 cummuvente,
326 446 72 23 l’òmu
410 454 14 15 u
445 447 41 29 più

23 484 80 27 grande
122 480 37 23 d’a
180 479 79 20 nostra
279 477 81 22 stôria.

22 508 13 11 °
48 512 84 28 jnfatti,
153 508 79 24 venari
240 514 90 20 scorsu,
349 507 56 23 119u
419 508 64 22 anni-

21 544 96 29 versariu
125 541 24 22 di
161 546 13 16 a
184 540 73 21 morte
266 538 24 21 di
299 538 115 29 Pasquale
425 538 59 22 Pao-

21 581 15 22 li
45 586 14 15 a
69 583 14 15 u
92 572 117 24 mumentu
220 568 53 23 GII’U
285 569 28 21 P.
329 569 29 22 C.
368 570 32 21 A.
410 569 79 23 feciva.

22 607 85 26 célébra
119 608 45 17 una
176 606 75 16 messa
267 599 23 22 di
302 599 79 30 requie
393 599 24 22 in
429 599 54 22 Àic-

22 641 42 24 ciu,
82 632 97 26 un’altra
190 631 46 29 pia;.
243 630 126 24 eerimonia
381 630 59 22 ebbe
449 629 40 23 lô-.

23 679 27 13 mi
58 676 12 15 a
80 661 146 30 Merusaglia,
236 662 25 21 in
270 661 79 23 chiesa
358 661 24 22 di
395 668 15 15 u
423 660 61 22 Cun-

21 702 71 23 ventu,
113 701 13 15 e
137 694 23 21 in
179 692 58 22 Casa
249 692 110 21 de’Paoli.

41 723 23 30 f
72 730 35 20 sta
114 723 139 25 Cerimonia,
264 722 52 21 uP.
329 722 29 21 C.
371 723 32 20 A.
416 721 67 21 aviva

20 760 99 28 delegalu
126 756 8 22 i
142 754 49 23 sciô
191 752 96 29 Ageniu
296 750 112 23 Grimaldi
417 758 13 15 e
436 751 48 21 Du-

19 777 86 39 menîcu
111 784 105 26 Carlolfi,
226 779 82 26 ciïratu
318 782 22 21 di
353 781 47 22 Cas
402 781 38 22 tell
442 785 49 24 are;

19 824 21 22 di
52 820 95 23 Casinea
156 817 8 21 i
176 814 71 23 noslri
257 812 124 29 cumpagni
394 812 24 21 di
430 812 53 21 fede

18 861 13 15 e
46 852 85 23 stimati
143 843 171 27 collaboratori.

45 883 66 27 Dòpu
123 879 102 22 tamantu
232 875 99 22 silenziu
342 873 72 29 (mûri
426 873 59 22 Pas-,

18 913 66 30 quale
96 908 108 26 de’Paoli,
221 913 14 15 u
243 906 16 22 5
276 903 119 29 ferraghiu
409 903 72 29 1807),

16 947 22 21 A
51 943 93 24 Muvra
152 946 39 16 e.u
197 939 29 22 P.
238 937 30 22 C.
277 936 32 22 A.
316 935 21 22 si
356 935 62 27 pònu
426 940 57 16 van-

17 978 22 21 tà
47 975 64 22 d’avè
119 976 69 26 présu
199 966 130 25 l’iniziativa
342 965 73 21 di-ste
428 965 54 21 duie

0 995 146 37 Jcerimonie,
160 1007 44 16 una
221 999 24 22 in
259 996 95 24 Aiacciu
370 1001 14 15 e
406 995 76 22 Paîtra

17 1038 22 21 in
60 1032 146 29 Merusaglia,
219 1036 13 15 e
240 1029 33 28 pè
285 1035 16 15 a
306 1028 87 27 prima
404 1026 53 22 volt
457 1033 23 19 a,

2 1081 4 3 .
17 1068 8 22 i
47 1064 65 23 Corsi
135 1063 62 22 hanu
209 1060 181 23 commemoratu
403 1056 79 23 l’anni-

6 1112 3 3 .
16 1095 101 25 versariu
137 1093 23 22 di
173 1099 13 15 a
198 1093 74 21 morte
288 1089 24 22 di
322 1088 115 29 Pasquale
446 1088 35 21 de’

17 1126 72 25 Paoli.

43 1175 24 22 A
73 1174 85 22 Messa
162 1172 31 22 in
201 1170 85 23 chiesa
298 1169 27 22 di
335 1175 18 16 u
365 1168 116 22 Cunven-

14 1210 36 19 tu.
61 1203 108 22 —Ebbe
185 1202 54 28 lôgu
259 1207 13 15 a
283 1199 27 22 10
321 1201 40 21 ôre
382 1199 23 22 di
422 1201 65 19 mat--

16 1238 52 21 tina.
83 1257 4 3 .

40 1266 38 23 Ma
89 1265 77 26 demu,
179 1262 74 30 prima
265 1260 24 24 di
302 1263 70 26 luttu,
385 1260 30 22 lin
427 1267 55 15 con-

14 1306 30 15 nu
55 1296 86 23 stôricu
161 1293 76 29 sopr’u
262 1292 91 23 famosu
375 1291 106 23 Cunven-

15 1332 31 20 tu.
75 1326 27 22 Gi
111 1326 57 22 funu
178 1330 123 17 numerose
312 1323 119 23 Consulte
438 1322 43 22 du-

15 1361 62 22 rante
87 1364 14 15 e
112 1362 83 24 guerre
206 1354 200 29 d’Indipendenza,
419 1360 13 15 e
443 1353 37 22 n’a

15 1390 75 22 chiesa
96 1388 38 21 d’u
143 1386 120 22 Cunventu
273 1387 13 20 è
295 1385 123 29 seppeîlitu
430 1383 51 22 Clé-

15 1422 72 21 mente
105 1418 75 26 Paoli,
199 1416 93 23 fratellu
309 1416 37 23 d’u
359 1422 57 23 gran
426 1414 55 23 Pas-

0 1464 4 4 •
16 1451 64 25 auàle
93 1451 6 20 !

41 1481 33 22 Or
84 1480 100 29 dunque,
197 1486 14 15 a
223 1485 77 16 messa
322 1484 159 16 anniversana

18 1513 20 22 fù
52 1512 62 22 delta
137 1510 30 22 da
180 1512 64 27 prete
256 1509 113 26 Còlonna,
385 1516 14 14 u
414 1514 67 16 vene-

17 1546 45 20 ratu
78 1542 101 29 piuvanu
196 1540 24 22 di
232 1540 150 29 Merusaglia,
400 1547 15 14 u
422 1542 60 20 stes-

17 1581 23 16 SÜ
52 1573 36 22 chi
101 1572 79 22 uffìciò
189 1571 22 22 in
221 1570 135 23 Pontenòvu
369 1575 14 17 u
396 1576 86 17 nieino-

17 1604 66 23 rabile
91 1603 67 22 iornu
170 1602 23 21 di
203 1609 14 15 u
227 1600 15 23 3
254 1603 83 27 agostu
351 1600 63 23 1925.
424 1601 57 22 Era-

17 1643 28 14 nu
67 1633 108 30 presenti,
189 1638 11 16 a
215 1629 154 32 popülâziône
392 1632 23 22 di
430 1631 52 22 Mo-

17 1665 96 29 rosaglia
136 1662 82 30 (ricchi
229 1669 14 15 e
256 1662 88 29 povari,
369 1662 81 29 grandi
468 1669 13 15 e

17 1695 131 29 chiuehi),.e
159 1700 123 16 numerose
290 1699 98 23 persone
396 1693 85 22 benute

18 1728 26 21 da
58 1724 173 27 Ponte-Leccia,
256 1723 81 28 Valley
354 1723 124 29 Castineta,

18 1758 136 28 Gavignano,
173 1755 107 26 Saliceto,
299 1761 13 15 e
325 1754 111 23 Bisinchi.

41 1788 21 22 U
84 1786 114 24 câtafalcu
219 1786 104 29 s’èrgeva
344 1785 62 23 ind’a
428 1785 53 24 luce

18 1818 90 24 Lremula
130 1818 24 22 di
165 1825 15 15 a
196 1819 84 20 navata
306 1816 107 23 davant’a
430 1816 50 23 l’ai-
487 1839 4 3 ,

17 1853 45 20 tare
79 1847 107 28 maêstru,
199 1854 13 15 e
224 1847 76 29 sopr’a
332 1855 14 14 u
364 1845 115 25 catàfalcu

17 1880 110 23 truvavasi
137 1886 16 15 u
164 1879 69 22 bustu
241 1885 38 16 eu
290 1878 92 22 ritrattu
391 1878 23 22 di
425 1879 54 22 Pas-

17 1911 64 30 quale
95 1910 115 23 De’Paoli.

42 1943 21 21 A
73 1947 73 17 messa
158 1941 81 22 durata
251 1941 67 28 quasi
333 1940 88 27 un’òra,
434 1947 45 15 cun

19 1974 226 27 aecumpagnainentu
261 1971 85 26 corale,
353 1971 39 22 .s'è
398 1978 17 15 s
416 1971 38 23 vol
457 1974 22 20 La

19 2007 86 22 sulenue
115 2006 24 21 in
152 2011 75 17 mezza
237 2012 15 15 a
273 2012 14 15 u
300 2004 114 29 prufondu
427 2012 52 15 rac-

21 2037 137 29 coglimenlu.
182 2038 13 20 è
216 2038 60 20 stala
297 2036 90 28 seguita
407 2036 71 23 d’ûna

20 2068 117 22 bellissima
145 2074 14 15 e
170 2069 160 21 cummuvente
337 2067 108 23 orazione
454 2068 24 22 di

21 2101 57 26 prete
98 2099 126 22 Dumenicu
244 2098 106 22 Carlolti.

45 2130 20 21 A
75 2129 94 22 l’ondeci
192 2136 68 16 menu
273 2136 30 15 un
314 2132 92 26 quartu,
421 2136 57 17 eccu

20 2160 101 22 enLrendu
133 2160 24 22 in
169 2160 84 27 chiesa,
264 2160 93 22 l’allievi
370 2160 23 22 di
403 2167 14 16 a
427 2168 11 16 s
439 2168 38 17 co-

19 2191 20 21 la
59 2191 68 27 Paoli,
149 2192 23 21 in
187 2191 78 30 quellu
276 2194 127 25 mumentu,
417 2193 60 22 colla

18 2221 20 22 in
50 2222 85 29 pulpitii
154 2223 208 28 prête-Dumenicu
371 2222 105 24 Carlotti.

42 2252 65 29 Dôpu
120 2255 42 20 avè
173 2254 116 24 ricurdatu
301 2254 123 23 l’orazione
439 2255 38 22 fu-

18 2283 66 23 nèbre
96 2283 23 22 di
130 2283 115 24 Clemente
257 2285 103 22 de’Paoîi
376 2285 62 23 detta
447 2285 30 23 da

17 2313 94 27 Muselli,
126 2314 36 23 n’a
184 2315 78 23 chiesa
283 2316 158 29 parrocchiale
453 2317 23 22 di

17 2343 67 28 Corti,
98 2352 13 14 u
121 2345 15 22 7
154 2347 126 29 jennaghiu
294 2346 55 23 1794
360 2347 47 28 (era
420 2348 56 22 dun-

18 2381 41 22 que
76 2376 39 28 più
123 2376 23 22 di
158 2380 67 19 centu
237 2378 123 22 Crent’anni
376 2378 67 23 cb’un
456 2380 20 21 si

18 2405 69 23 faciva
99 2415 13 14 u
126 2409 132 28 panegiricu
269 2408 24 23 di
303 2408 66 23 Paoli
384 2410 92 23 ind’una

20 2436 70 23 chiesa
110 2439 23 21 di
140 2438 95 24 Corsica
246 2440 17 28 !)
290 2439 46 23 ellu
357 2442 117 27 cuntinua,

18 2467 102 28 parlendu
132 2469 24 22 di
175 2476 13 15 a
199 2471 88 21 nascita
313 2471 23 22 di
362 2471 115 31 Pasquale

18 2498 93 23 de’Paoli
131 2503 112 20 avvehula
255 2502 93 28 quandu
366 2509 13 16 a
399 2503 77 23 Patria

16 2535 36 16 era
76 2531 124 23 schiava...
224 2538 13 15 a
261 2533 213 29 qualtordeci’anni,

18 2566 12 14 u
41 2560 93 29 giovane
151 2562 114 29 Pasquale
282 2563 24 22 fu
325 2566 151 22 costrettu.ad

18 2591 89 23 esiliassi
126 2593 37 21 c'u
180 2593 75 22 babbu
270 2601 52 16 e.u
335 2595 101 28 fratellu,
451 2597 24 22 in

17 2619 77 31 Napuli
103 2630 36 15 ma
155 2624 115 22 chiamatu
283 2625 29 24 da
328 2632 14 15 u
354 2629 55 20 volu
422 2635 54 15 una-

17 2651 58 24 nimu
97 2653 30 22 d’i
147 2653 74 29 Corsi,
249 2662 30 15 ne
291 2663 15 14 u
316 2657 63 27 1755,
390 2658 45 22 ellu
445 2660 32 21 ri-

17 2684 61 22 turnò
96 2685 23 21 in
140 2685 92 23 Corsica
244 2699 28 5 —
293 2688 66 22 aviva
387 2696 88 23 appena

16 2714 67 22 trenta
96 2716 52 21 anni
157 2728 29 4 —
196 2723 13 16 e
218 2717 92 24 divento
318 2720 108 28 générale
437 2721 39 22 d’u

16 2741 77 32 Hegîm
105 2745 23 23 di
148 2746 129 25 Corsica....

41 2777 36 22 Ma
89 2778 73 24 Bense
179 2782 37 27 pòi
237 2782 96 30 l’iniqua
355 2784 121 24 invasione

17 2805 99 26 francese
130 2816 13 16 e
163 2814 48 19 cu.-ì
228 2812 78 24 l’Eroe
320 2816 107 22 cunobbe
452 2817 23 22 di

16 2839 56 21 nôvu
90 2839 131 25 l’amarezza
241 2843 24 22 di
275 2845 92 23 l’esiliu.
381 2843 19 25 Ê
413 2847 61 29 dôpu

16 2870 39 19 avè
78 2869 116 24 ricurdatu
211 2873 9 22 i
231 2880 26 16 so
273 2876 34 22 49
327 2878 61 21 anni
403 2878 73 22 d’ési-

14 2897 41 28 lin,
68 2906 13 15 a
98 2906 26 15 so
147 2905 71 21 morte
231 2912 12 15 e
270 2914 14 14 u
307 2913 26 16 so
361 2907 111 28 funerale,

16 2929 57 28 dôpu
82 2933 42 19 avè
132 2931 54 24 datu
196 2941 13 16 a
222 2937 52 21 tutti
290 2938 135 23 cuniscenza
437 2939 37 22 d’a

15 2958 58 23 beîla
94 2960 79 25 letlara
184 2965 22 22 di
218 2966 144 24 Giacomorsi
373 2975 14 16 a
397 2969 74 23 Pado-

13 2991 58 26 vani,
81 2991 59 30 dôpu
162 2998 41 20 avè
223 2999 91 27 parlatu
326 2999 22 22 di
359 3000 115 29 Pasquale

15 3021 26 20 de
48 3021 63 24 Paoli
123 3036 27 6 —
165 3029 124 27 guerrière,
316 3029 133 30 legislatbre
460 3039 13 15 e

16 3052 103 24 crislianu
128 3068 28 4 —
164 3057 175 24 indirizzendusi
356 3061 118 29 a’giuven-

18 3082 30 25 bj,
59 3089 13 16 aL
83 3084 90 26 l’allievi
196 3089 23 22 di
229 3097 13 14 a
269 3091 64 21 scôla
346 3091 74 27 Paoli,
438 3099 15 15 a
464 3093 8 21 i

15 3113 59 22 Corsi
97 3118 58 26 tutti,
175 3118 80 24 finisce
272 3121 53 21 cusî
345 3128 14 15 a
372 3128 26 15 so
409 3129 63 16 cum-

15 3147 97 21 muvente
120 3150 106 22 orazione
235 3158 6 13 :
255 3157 14 14 «
278 3152 94 21 Paisani
392 3153 24 21 di
425 3153 48 23 Me-

13 3176 102 28 rusaglia,
134 3180 138 27 ricurdateyi
285 3181 43 21 che
348 3182 39 22 boi
407 3187 66 19 avete

12 3202 8 20 1
27 3209 66 20 onore
104 3209 22 22 di
138 3211 91 22 custudi
241 3218 16 15 u
268 3211 84 22 vecûlu
364 3218 13 16 e
386 3219 13 16 a
414 3216 58 20 tom-

11 3232 26 23 ha
48 3235 22 22 di
81 3245 14 15 u
103 3241 40 27 più
151 3241 74 23 Corsu
233 3241 25 22 di
267 3243 8 20 i
290 3241 67 23 Corsi
367 3243 7 21 !
386 3243 37 22 Un
436 3244 34 22 bi*

11 3268 68 25 sogna
92 3276 13 15 a
114 3270 121 24 dimenticà
257 3273 44 21 che
312 3279 41 22 per
371 3274 38 21 noi
427 3276 48 20 tut-,

12 3294 21 25 b,
54 3297 137 33 Merusaglia
207 3304 15 20 è
235 3309 13 16 e
273 3303 105 23 dev’esse
397 3311 15 15 a
426 3306 43 21 cit-

11 3325 24 21 ta
41 3332 108 22 sauta....
162 3332 62 23 Eccu
235 3335 93 27 perché,
350 3336 55 28 ogni
417 3335 55 23 Gor-

9 3359 33 31 s?»
55 3359 89 25 Mmenu
159 3370 44 16 una
223 3365 64 22 volta
306 3366 61 22 ind’a
384 3373 28 16 so
423 3367 48 22 vita

9 3390 20 16 ei
44 3387 56 25 deve
110 3391 31 28 fà,
164 3401 30 15 un
214 3396 134 27 patrlotticu
360 3404 14 15 e
384 3397 87 23 devôtu

9 3417 176 35 pelîegrinaggiu
197 3425 34 22 !...
245 3434 13 13 »

33 3446 46 25 Mai
101 3451 66 25 Dom.
192 3456 98 23 Carlotti
310 3458 94 28 parlede
426 3466 44 15 cun

18 3480 49 29 ^ula
82 3481 124 31 eloquenza
229 3494 13 15 e
264 3494 45 15 cun
328 3491 62 19 tanta
407 3496 63 16 emo-

7 3510 62 19 2ione
88 3512 37 23 chi
145 3518 132 26 quand’ellu
298 3518 76 23 falede
385 3519 24 22 di
418 3520 51 29 pul-

8 3540 22 45 P|
40 3544 23 21 u,
69 3570 5 17 ^
85 3541 24 23 fQ
127 3545 130 25 vivamenfe
279 3550 190 29 complimentât»

56 3571 74 25 chiesa
156 3583 14 15 e
189 3579 128 23 acclamatu
338 3581 23 21 in
379 3581 88 29 piazza.

33 3613 29 43 J?.
76 3616 133 25 cerimonia
226 3621 29 21 in
269 3622 63 22 Casa
348 3623 80 22 Paoli.
440 3636 30 4 —

8 3669 26 16 nu
54 3646 43 23 °^u
105 3649 134 28 mezziornu,
245 3658 70 16 versu
322 3653 17 21 2
347 3655 47 25 òre,
401 3654 69 22 sonà-

7 3675 52 41 ven?
69 3678 108 26 CamPane
222 3688 14 15 a
248 3682 79 23 chiesa
339 3683 24 22 di
376 3691 14 14 u
407 3684 62 22 Cun-

58 3706 13 15 u
78 3709 39 21 Per
124 3712 110 21 annunzià
240 3718 14 15 a
262 3715 59 20 luttu
327 3713 140 27 Merusaglia

513 385 38 21 chi
560 385 95 30 bisògna
664 388 102 22 abbiassi
778 390 36 21 n’a
821 390 116 23 direzione
949 391 35 21 d'a

513 415 61 23 Casa
586 416 74 23 Paoli.

540 445 100 30 Ognunu
649 450 26 20 sà
683 449 38 21 chi
729 456 13 15 a
754 450 67 22 Casa
829 451 77 22 Paoli
913 451 20 21 si
940 453 45 19 trô-

512 482 29 16 va
550 477 24 21 in
584 478 94 22 Stretta
686 481 113 25 suttana,
806 481 61 28 sopr’
876 488 14 14 u
897 481 88 21 strado-

512 512 37 16 ne.
557 507 21 21 A
587 514 54 16 casa
649 508 42 22 èdi
700 509 105 23 mudesta
813 517 128 22 apparenza
947 517 38 15 ma

511 540 89 25 quantu
608 545 52 15 cara
669 545 13 15 e
690 539 104 29 gluriosa
801 540 6 21 !
815 540 64 22 Eccu
886 547 54 16 cosa
950 541 33 21 di-

511 573 27 15 ce
546 574 46 15 una
604 568 77 29 lapide
690 569 23 21 di
723 576 97 20 marmu,
831 573 68 25 posta
907 571 77 29 sopr’a

511 597 98 23 facciata
621 599 137 28 principale:

532 630 20 19 II
560 630 72 19 Padre
640 631 61 19 délia
714 632 77 19 Patria
799 633 13 18 è
821 634 40 23 qui
874 634 87 23 sepolto

599 657 33 18 La
641 657 58 19 dove
704 662 90 19 nacque
801 659 21 18 ei
829 660 65 23 giace

532 681 20 18 Il
560 682 39 21 pio
607 683 54 17 voto
671 683 23 18 di
701 683 69 19 Cirao
778 685 73 17 ormai
859 684 13 18 è
880 684 81 19 sciolto

632 707 137 23 Requiescat
775 709 24 17 in
804 713 56 18 pace

538 734 20 20 A
569 733 16 21 2
592 735 41 21 ôre
644 734 96 28 précisé,
754 742 14 15 a
780 735 57 22 folia
845 737 13 21 è
866 736 63 28 digià
937 737 46 21 riu-

509 763 49 22 nita
571 764 92 22 davanti
675 771 14 16 a
701 772 55 15 casa
769 765 74 23 Paoli.

538 793 62 23 Eccu
610 794 104 23 benenclu
725 796 29 22 da
766 803 12 15 u
789 796 113 28 Cuventu,
910 805 15 14 u
931 798 51 28 piu-

508 831 63 15 vanu
580 825 111 28 Colonna,
701 829 65 26 prete
774 827 106 27 Carlotti,
888 835 13 14 e
908 835 15 14 u
932 827 49 22 sciô

510 855 105 29 Eugeniu
627 855 121 28 Grimaldi,
758 858 176 28 accumpagnati
952 857 28 22 da

509 886 70 21 amici
591 886 23 21 di
626 893 14 15 a
651 887 67 27 pieve
730 887 23 21 di
766 887 107 22 Rostino.

538 915 20 22 E
570 916 102 29 quand’u
685 918 96 21 custode
790 918 36 22 d’a
841 919 66 21 Casa
918 920 64 21 Pao-

509 947 28 26 li,
550 948 51 27 apri
613 953 13 15 e
637 950 66 26 porte
712 948 36 22 d’a
761 949 112 29 cappella>
881 962 29 4 —
916 950 65 21 indu-

508 984 30 15 ve
549 977 36 22 d'a
598 985 14 14 u
625 984 63 16 inese
699 979 23 22 di
737 980 125 22 settembre
875 980 62 27 1889,
950 981 32 22 ri-

509 1014 89 22 posanu
613 1008 78 28 rçduci
703 1009 30 23 da
745 1010 146 29 Inghilterra,
912 1011 69 23 l’ossa

508 1038 25 22 di
545 1039 114 29 Pasquale
674 1039 40 23 De’
724 1041 74 27 Paoli,
810 1054 30 4 —
850 1045 65 26 prete
926 1042 54 22 Car-

509 1069 52 22 lolti
573 1070 129 24 s’indirizzò
715 1078 14 16 a
744 1079 14 15 u
770 1073 95 28 pòpulu,
879 1079 13 15 e
903 1073 76 23 disse:

507 1107 15 15 «
529 1100 125 28 B'invitu,ô
666 1102 98 29 paisani,
770 1110 13 15 a
796 1103 184 23 indinuccbiavvi

508 1137 13 16 e
536 1138 13 15 a
565 1132 139 28 raccoglievi
720 1140 30 15 un
766 1134 97 27 minulu,
881 1135 22 22 in
918 1142 63 16 cum-

508 1168 79 16 mossu
599 1163 96 22 silenziu
703 1164 52 22 !...»

536 1193 83 22 Subitu
640 1194 61 29 dopu
717 1202 14 15 a
751 1196 117 29 prigliera,
890 1197 90 28 Ageniu

507 1223 121 29 Grimaldi,
635 1224 80 24 dirittu
725 1227 76 28 sopr’a
810 1227 75 29 sôglia
892 1227 36 22 d’a
936 1227 45 22 Ca-

507 1261 27 16 sa
540 1255 74 28 Paoli,
621 1258 127 27 pronunciô
755 1261 133 26 u.seguenle
894 1259 91 22 diseor-.

506 1293 41 16 su:

535 1342 120 23 Discorzu
668 1343 126 26 d’Ageniu
806 1344 121 23 Grimaldi

532 1394 16 20 5
553 1395 122 25 ferraghtu
695 1396 54 25 180J
756 1396 12 20 !
786 1396 73 21 Tristu
875 1398 105 20 anniver-

506 1426 67 20 sariu
580 1433 13 13 e
598 1426 103 25 gluriosa
715 1426 103 22 ricordû!
831 1427 104 24 Eccuci,ô
943 1429 37 20 De

507 1457 71 21 Paoli
584 1458 25 19 in
615 1457 25 21 la
649 1460 23 18 to
682 1464 57 14 casa
746 1458 62 20 duve
818 1461 26 18 tu
854 1460 98 20 nascisti
966 1466 14 14 e

506 1488 63 20 duve
577 1490 25 18 tu
606 1488 80 25 riposi.

534 1519 66 21 Simu
611 1519 72 25 junti,
692 1519 24 21 in
734 1522 39 18 stu
791 1525 48 20 ng‘
845 1521 134 21 anniversa-

506 1550 45 23 riu,
569 1550 102 25 delegati
677 1551 33 20 da
716 1557 17 14 u
741 1551 26 21 P.
776 1551 27 20 C.
812 1552 35 23 A.,
854 1555 44 22 per
905 1553 33 20 dà
946 1559 32 14 un

506 1581 81 20 salutu
594 1588 14 13 e
613 1588 49 14 una
667 1582 113 25 prighera
787 1589 17 14 a
812 1585 24 18 to
844 1583 116 25 memòria,
965 1591 14 13 e

506 1612 102 20 davanti
620 1619 15 13 a
645 1615 39 18 stu
698 1613 89 26 pòpulu
794 1613 27 21 di
835 1614 143 25 Merusaglia

507 1643 67 21 ch'un
582 1644 23 20 si
612 1645 48 24 può
676 1645 86 21 scurdà
775 1645 40 21 d'u
823 1648 24 18 to
855 1653 73 17 nome,
935 1647 43 20 d’a

507 1676 24 18 to
541 1674 77 25 gloria
630 1682 13 13 e
657 1676 38 20 d’e
706 1678 25 18 to
746 1677 68 23 virtù,
821 1677 21 20 ti
852 1677 127 21 dumande-

507 1711 39 14 mu
551 1705 140 25 ispirazioue
698 1713 14 14 e
719 1707 104 25 lumiper
830 1708 88 25 Vopéra
925 1715 54 14 sau-

507 1738 26 18 ta
538 1736 43 21 che
590 1737 40 20 noi
636 1738 122 24 cumpimu.

532 1767 98 21 Fratelli
634 1768 12 20 !

531 1798 29 20 In
574 1800 38 18 sta
630 1799 78 20 tomba
725 1807 26 13 so
769 1800 112 22 rinchiusi
897 1802 11 19 i
922 1803 57 20 resti

506 1829 98 21 murtali
610 1829 28 21 di
643 1830 80 25 quellu
729 1831 40 22 chi
776 1831 53 25 fùu
837 1833 51 24 più
887 1834 90 24 grande

505 1859 37 20 d’i
552 1859 70 24 Corsi,
631 1860 28 21 di
665 1861 79 25 quellu
752 1862 39 20 chi
807 1863 23 20 ci
841 1863 60 21 dede
908 1864 69 21 hono-

504 1896 27 14 re
538 1897 30 13 eu
579 1897 16 14 a
606 1891 91 21 libertà.
866 1906 6 4 -

531 1922 19 19 A
557 1922 119 25 Pasquale
681 1923 30 21 de
719 1923 155 26 Paoli,gloria
880 1928 78 19 eterna
965 1927 12 21 !

507 1952 22 20 U
535 1952 91 21 destinu
634 1953 20 21 li
661 1954 50 24 fece
726 1961 95 15 cunosce
833 1956 114 22 Valtaree
960 1964 16 14 a

504 1983 104 25 polvera,
617 1990 16 14 a
636 1987 105 22 putenzra
748 1992 15 14 e
770 1986 85 22 Tesiliu
859 1987 12 21 !

529 2014 54 21 Ellu
601 2017 59 19 mûri
672 2023 17 13 u
704 2017 17 20 5
734 2017 121 26 ferraghiu
872 2019 53 25 i8oÿ
935 2020 41 20 n’a

504 2045 87 21 nebbia
606 2046 26 20 di
641 2047 100 23 Londra,
762 2048 99 22 lùntanu
875 2050 39 20 d’u
926 2050 50 21 celu

504 2076 98 21 ardente
613 2077 41 21 d’a
661 2084 27 14 so
698 2078 92 21 Corsica
801 2081 74 22 nafia,
893 2082 58 19 mûri
960 2088 16 14 a

504 2106 56 21 l’età
569 2108 27 20 di
599 2108 28 21 82
632 2110 60 19 anni
702 2110 36 20 n’e
745 2111 92 21 braccie
845 2112 41 20 d’u
893 2118 26 14 so
925 2113 50 24 fidu

504 2138 79 21 amicu
593 2139 147 25 Giacomorsi,
751 2141 111 21 lascendu
876 2142 46 21 due
928 2144 48 20 scô-

504 2169 22 20 le
533 2170 26 20 in
571 2170 61 20 Corti
645 2177 13 14 e
674 2171 25 21 in
707 2172 104 25 Rostinu,
820 2173 111 21 lascendu
938 2180 39 14 eu.

504 2206 36 15 me
551 2201 63 21 disse
632 2202 131 22 Tommaseo
780 2208 11 12 «
797 2204 25 20 a’
828 2205 156 25 saccheggia-.

504 2232 46 19 tori
561 2232 11 20 i
578 2239 50 14 suoi
636 2233 57 21 béni
698 2241 10 16 ;
725 2235 108 21 a’nemici
845 2236 19 20 il
876 2243 42 14 suo
923 2240 52 22 per-

504 2262 85 22 dono...
601 2270 9 11 »

528 2294 62 20 Eccu
605 2301 15 14 u
627 2298 78 18 vostru
722 2297 87 23 babbu,
819 2298 14 20 ò
838 2298 99 25 paisani
949 2300 28 20 di

504 2325 143 26 Merusaglia
654 2326 12 21 !

529 2357 87 25 Megliu
624 2357 42 21 che
674 2364 31 14 un
714 2359 92 20 ricordu
813 2360 27 20 bi
848 2360 33 20 ha
892 2361 82 23 lasçia-

504 2389 25 19 tu
537 2394 32 14 un
575 2388 106 25 gluriosu
686 2390 147 23 patrimoniü
845 2387 128 29 spirituaîe,

504 2424 12 14 e
524 2424 65 15 cume
597 2420 55 22 mai,
662 2420 40 20 noi
711 2420 72 25 Corsi,
791 2422 133 24 puteriamu
939 2424 36 20 di-

504 2450 98 20 menticà
610 2450 67 21 Valtu
686 2458 13 13 e
706 2452 77 20 nobile
791 2454 101 24 esempiu
899 2454 41 20 d’a
947 2461 27 14 so

504 2481 57 20 vita.

527 2512 56 21 Ah!
593 2512 97 25 fratelli,
704 2514 108 26 rileghjte
825 2522 17 13 a
858 2515 82 21 lettera
948 2516 28 21 di

505 2543 146 24 Giacomorsi,
660 2545 81 20 scritta
749 2546 34 20 da
791 2546 95 21 Londra
894 2553 15 14 u
917 2552 15 16 2
936 2547 39 25 ju-

504 2580 46 19 gnu
563 2574 59 26 180g,
637 2575 83 21 lettera
731 2576 125 21 bellissima
872 2584 14 14 e
898 2584 76 14 cumu-

504 2607 66 18 venfe
578 2606 65 20 ind’a
654 2612 27 14 so
688 2607 151 25 seinplicità.e
847 2608 41 20 d'a
895 2608 77 25 quale,

504 2638 112 23 stamanè,
626 2637 25 21 in
657 2637 79 21 chiesa
746 2638 28 21 di
780 2645 16 13 u
812 2642 123 22 cunventu,
949 2640 26 20 bi

504 2674 28 13 ne
545 2668 114 24 parledde
675 2675 44 14 cun
736 2671 69 19 tanta
818 2670 128 25 eloquenza
958 2678 16 13 u

504 2700 78 18 nostru
590 2705 57 14 caru
655 2703 138 22 cumpagnu,
803 2703 64 22 prete
888 2702 86 20 Carlot-

504 2728 41 21 ti...
553 2729 178 22 Duverebb’esse
738 2731 41 20 n’a
787 2735 75 17 mente
871 2732 35 20 d’i
913 2733 62 19 tutt’i

505 2760 70 20 Corsi.
590 2760 58 21 Dice
659 2764 82 21 pressa
749 2768 17 14 a
784 2765 62 22 pocu
858 2763 48 20 cusî
916 2770 8 13 :
932 2768 11 11 «
955 2764 20 20 U

504 2793 84 20 boveru
601 2791 109 21 Generale
727 2793 13 19 è
757 2796 95 18 cascatu
859 2794 91 20 malatu
958 2792 16 22 ù

504 2821 50 21 luni
560 2826 16 16 2
580 2821 128 26 ferraghiu,
725 2830 16 13 a
759 2823 17 20 8
780 2824 39 20 ôre
833 2831 14 13 e
858 2831 82 15 mezza
947 2826 28 20 di

504 2855 68 21 notte,
580 2859 15 13 u
598 2853 56 25 jòvi,
665 2854 63 24 spirò
735 2854 96 21 n’emio’
838 2856 116 21 braccie...
959 2865 12 11 »

504 2882 42 21 Sta
559 2883 81 21 lettera
649 2884 13 20 è
675 2883 76 26 degna
765 2883 73 23 d'essé
853 2888 119 23 stampata

504 2920 22 14 m
543 2914 111 20 caratteri
660 2914 73 21 d’oru.

526 2945 20 20 A
558 2944 73 26 oghie,
641 2945 26 20 sô
675 2950 40 20 11g
733 2946 58 21 anni
800 2947 39 20 chi
844 2947 33 20 dè
889 2950 83 22 spenta

504 2977 105 19 iamanta
621 2975 58 24 liice,
689 2983 16 14 a
713 2977 52 20 luce
773 2977 39 21 chi
819 2978 74 24 guidò
904 2979 12 19 i
921 2985 51 14 nos-

504 3006 28 19 tri
547 3007 92 23 destini,
654 3013 14 14 e
683 3008 72 24 dapoi
776 3010 29 23 2j
820 3009 66 24 anni,
900 3009 74 25 dapoi

504 3036 49 25 l’8g,
562 3037 120 25 Pasquale
689 3038 37 20 De
733 3039 71 20 Paoli
810 3040 79 24 riposa
897 3040 40 20 n’a
944 3046 27 14 so

504 3069 58 18 terra
572 3069 74 19 nafia.
655 3068 54 21 Ellu
717 3069 78 21 dorme
804 3071 40 24 qui
852 3071 26 19 in
890 3077 81 15 mezzu

504 3104 11 14 a
524 3098 42 19 boi
572 3098 57 20 altri
635 3100 62 23 tutti,
703 3100 15 20 ò
724 3100 97 24 paisani
827 3101 28 20 di
869 3101 102 21 Merusa-

504 3128 53 25 glia,
564 3128 14 21 ò
590 3129 90 24 figliòli,
687 3130 132 25 purfìgliòli,
836 3132 64 20 eredi
906 3139 14 12 e
927 3135 45 22 pa-

504 3159 57 21 '■enti
568 3159 40 21 d’a
615 3166 26 14 so
647 3163 101 22 persona
757 3168 15 13 e
778 3162 28 19 di
809 3168 16 14 a
830 3168 27 14 so
859 3162 85 25 gloria.

525 3190 66 20 Siate
600 3190 93 26 dunque
702 3191 53 25 fieri
760 3192 73 21 d'esse
845 3193 10 19 i
859 3193 112 24 guardia-

504 3220 22 20 ni
533 3227 13 13 e
553 3221 12 19 i
572 3222 90 20 custodi
668 3222 27 20 di
701 3229 14 13 e
722 3228 26 15 so
756 3226 65 17 sacre
834 3224 83 24 ceneri,
925 3225 47 20 sia-

504 3253 18 17 'e
536 3251 55 23 fieri
605 3252 103 20 d’avecci
732 3254 58 19 datu
811 3254 71 20 l’òmu
897 3261 16 13 u
927 3255 44 24 più

504 3281 85 23 grande
597 3282 40 19 d’a
645 3284 80 18 nostra
732 3284 81 21 stqrià.

524 3311 43 20 Ma
575 3311 120 26 Pasquale
702 3313 31 20 de
739 3313 72 21 Paoli
817 3320 32 14 un
866 3315 102 22 è.mortu,

504 3348 7 13 2
517 3342 52 20 mai
576 3348 31 14 un
617 3343 49 24 può
674 3346 23 18 in
698 3344 39 20 ôre
752 3351 18 13 u
784 3351 27 14 so
828 3345 84 23 ideale,
919 3349 52 22 per-

504 3373 38 21 :hè
549 3379 18 14 a
575 3373 10 20 i
591 3375 148 23 magnanimi
747 3375 141 25 benefattori
894 3376 76 25 de’po-

504 3404 52 21 ïuli.
567 3404 45 21 Dio
619 3405 20 20 li
643 3406 99 19 cuncede
754 3412 18 14 a
776 3407 85 24 grazia
875 3407 27 20 di
908 3413 62 15 camr

504 3436 26 19 ià
538 3437 162 19 eternamente.
708 3436 25 20 E
738 3443 15 13 u
775 3437 70 24 jornu
852 3437 94 24 benerà,
955 3438 14 19 ô

504 3466 95 23 Paisani,
607 3466 54 22 ch’u
677 3467 105 20 vederete
795 3468 88 25 risorge
898 3468 27 20 di
930 3470 39 19 sta

504 3497 96 20 !omba...

521 3527 40 21 Ah
569 3528 12 20 !
596 3528 28 23 si,
637 3528 54 20 òmu
706 3529 146 20 rarissimu...
864 3529 88 20 Finchè
960 3529 11 21 i

504 3558 61 20 Corsi
581 3565 104 14 averanu
699 3561 45 23 per
754 3559 84 21 decoru
854 3566 14 13 e
881 3559 88 25 sponde

504 3589 91 23 duriose
607 3589 118 21 dil’Isola
741 3596 16 13 a
758 3592 65 18 mata
841 3596 15 14 u
870 3592 24 18 to
901 3596 68 14 nome

507 3620 45 19 arà
561 3626 31 14 un
601 3620 104 24 simbolu,
712 3627 50 14 una
769 3620 76 25 forza,
854 3627 48 13 una
911 3620 58 20 ban-

504 3650 58 20 liera
571 3650 11 20 !
599 3651 28 20 Si
632 3653 187 18 rammenteranu
827 3651 28 20 di
862 3653 31 21 te,
897 3651 11 20 i
918 3651 51 20 Cor-

504 3681 20 24 i,
531 3681 28 20 di
566 3683 22 18 te
600 3681 39 21 chi
642 3682 61 24 fusti
708 3688 18 14 u
733 3682 80 20 babbu
826 3681 41 20 d’a
875 3681 92 21 Patria,

504 3712 23 20 '.d
534 3711 68 25 oghie
616 3718 44 14 cun
669 3712 126 20 devozione
808 3712 82 24 filiale,
899 3712 70 20 intor-

1013 117 32 14 nu
1053 117 17 14 a
1075 114 38 18 sta
1121 113 86 23 tomba,
1216 114 93 21 benimu
1320 121 16 14 a
1345 116 139 21 dumandati

1013 147 16 14 a
1035 141 55 24 fede
1104 142 39 21 chi
1157 143 105 25 rinforza
1275 151 16 13 a
1304 148 123 21 speranza,
1437 154 13 13 e
1457 154 26 13 a-

1013 172 76 20 vendu
1097 173 42 20 noi
1145 174 102 24 cumpitu
1254 176 38 18 stu
1305 182 69 14 sacru
1390 177 90 22 duvere,

1013 201 105 21 chinemu
1126 209 16 14 a
1149 203 77 25 fronte
1234 211 13 13 e
1261 205 123 24 prighemu
1389 210 44 21 per
1441 208 41 20 l’a-

1012 232 65 20 nima
1083 234 91 23 grande
1182 235 28 19 di
1217 235 36 20 De
1261 235 70 20 Paoli
1337 236 12 20 !

1040 279 20 21 A
1070 279 44 21 line
1121 279 37 22 d’u
1169 280 106 22 discorsu
1282 281 36 21 d’u
1327 283 49 21 sciô
1386 283 95 23 Grimal-

1013 307 23 22 di
1044 311 12 19 è
1065 312 61 19 stata
1134 311 100 21 saluLala
1244 310 75 22 d’una’
1331 312 106 23 calurosa
1444 321 36 15 ac-

1013 338 140 24 clamazione
1160 348 13 14 e
1182 341 29 21 da
1220 341 8 21 i
1237 340 61 29 gridi
1306 341 22 22 di
1336 350 6 13 :
1357 350 10 13 «
1375 343 58 23 Viva
1441 344 39 22 De’

1012 368 79 23 Paoli!
1104 370 58 22 Viva
1172 379 13 14 a
1203 371 94 21 Corsica
1304 371 24 21 !»

1041 399 19 22 U
1070 400 70 27 jornu
1152 404 76 19 slessu
1241 407 30 15 un
1286 403 87 26 punch
1389 403 92 23 d’onore

1011 428 26 22 fù
1048 429 85 22 offertu
1144 431 24 21 in
1183 432 66 21 Casa
1259 431 76 23 Paoli
1343 439 14 15 a
1365 433 9 21 i
1382 433 98 30 delegati

1011 458 24 22 di
1045 466 14 14 u
1067 460 29 21 P.
1106 461 28 21 C.
1141 462 33 21 A.
1187 460 67 30 eppòi
1264 462 148 27 quest’ultimi
1425 464 55 22 funu

1011 491 175 28 accumpagnati
1198 491 76 22 insinu
1289 498 13 15 a
1314 492 74 23 Ponte
1398 493 82 23 Leccia

1011 519 30 22 da
1050 527 15 14 u
1076 520 101 27 piuvanu
1189 521 104 22 Colonna
1302 528 14 15 e
1323 523 95 22 salutati
1426 523 29 22 da
1466 531 13 15 a

1011 550 159 27 populazione.

1037 626 21 22 A
1070 626 120 23 cirimonia
1202 633 13 16 e
1226 628 8 21 i
1247 626 97 25 discorsi
1356 629 62 22 Iianu
1427 637 52 22 pru-

1010 656 65 23 dottu
1086 657 89 28 grande
1188 658 151 28 impressione
1354 659 23 22 in
1390 666 13 16 a
1414 661 65 28 pieve

1010 688 23 21 di
1045 687 99 22 Rostinu
1158 688 84 22 induve
1255 689 63 22 l’òmi
1330 691 27 21 sô
1372 690 106 24 rinumati

1009 725 65 21 per.u
1086 718 119 28 curaggiu,
1218 725 21 17 a.
1245 719 63 23 forza
1319 720 67 22 fisiea
1395 727 13 15 e
1417 728 14 14 u
1440 729 39 21 pa-

1009 748 125 22 triuttismu
1149 748 118 24 isulanu...
1280 750 39 22 Ma
1330 751 55 21 dinò
1397 757 13 16 a
1422 753 56 21 ceri-

1008 778 77 22 monia
1106 778 24 22 di
1153 778 140 31 Merusaglia
1314 787 68 16 cume
1403 783 75 27 quella

1008 807 117 23 d’Aiacciu
1136 815 101 16 averanu
1245 817 45 16 una
1298 818 58 22 gran
1366 811 111 29 ripercus-

1008 838 94 22 sion'ein
1112 839 64 22 tutt’a
1187 839 101 29 Corsica,
1296 849 14 15 e
1315 842 60 22 simu
1383 841 49 23 fieri
1441 844 37 23 chi

1008 875 41 21 per
1056 869 117 22 iniziativa
1182 869 38 22 d’a
1228 871 90 23 Muvra
1326 879 13 15 e
1348 872 32 22 du
1387 874 89 22 P.C.A.

1007 901 144 23 ell’abbianu
1160 905 69 20 avutu
1239 904 63 29 lôgu,
1315 913 13 14 u
1336 906 16 21 5
1361 905 116 30 ferraghiu

1009 931 62 28 1926,
1080 933 61 28 dôpu
1151 940 30 15 un
1194 934 95 23 silenziu
1298 936 23 21 di
1330 939 69 19 centu
1407 937 70 23 dicia-

1007 964 52 21 nòv’
1067 964 52 22 anni
1128 964 5 21 !

1259 1000 64 22 L.P.

1095 1031 139 26 Merusaglia,
1248 1038 12 20 7
1274 1033 112 26 ferraghiu
1395 1035 56 24 1926.

1029 1092 26 23 (1)
1066 1092 17 18 U
1090 1092 105 23 pauegiricu
1204 1093 19 18 di
1230 1093 91 23 Pasquale
1328 1094 90 18 De’Paoli
1425 1095 52 19 dettu

1007 1116 173 24 da’prête-Carlotti
1191 1118 20 18 in
1221 1119 64 18 chiesa
1295 1119 20 18 di
1325 1124 13 13 u
1349 1119 98 19 Cunventu
1458 1121 18 18 di

1006 1143 115 23 Merusaglia,
1133 1148 14 13 u
1155 1143 12 17 5
1175 1143 100 24 ferraghiu,
1284 1145 41 18 sarà
1332 1146 64 21 prestu
1407 1147 76 18 editatu:

1007 1169 18 17 in
1037 1169 80 21 libreria,
1130 1168 10 19 è
1152 1173 36 14 una
1200 1169 99 20 bellissima
1315 1170 64 23 pagina
1391 1172 19 18 di
1421 1172 55 18 stôria

1006 1198 74 14 corsa...
1088 1204 21 4 —
1118 1194 45 18 L.P.

1163 1496 159 23 Mondanités

1080 1556 81 38 Balîo
1186 1559 30 35 in
1237 1558 161 43 maschera,

1131 1625 68 25 casa
1225 1614 114 38 Peraidi

1029 1698 59 22 Mme
1092 1699 21 21 la
1117 1699 115 23 Comtesse
1236 1701 28 20 de
1269 1701 87 21 Peraidi
1363 1705 24 18 et
1394 1708 36 15 ses
1436 1709 37 15 en-

1001 1729 61 22 fants
1071 1734 40 17 ont
1123 1731 83 24 donné,
1219 1732 71 20 mardi
1303 1733 96 24 dernier,
1417 1734 54 21 dans

1003 1761 60 21 leurs
1072 1761 71 21 beaux
1151 1763 75 20 salons
1240 1763 27 21 de
1283 1764 22 20 la
1322 1770 50 16 casa
1387 1765 85 21 Peraidi

1003 1798 31 14 un
1051 1792 116 25 splendide
1184 1794 35 20 bal
1237 1796 99 24 masqué,
1355 1801 118 20 reprenant

1003 1822 56 21 ainsi
1070 1830 44 13 une
1122 1824 74 21 vieille
1200 1829 21 16 et
1228 1825 128 22 charmante
1360 1827 111 22 tradition.

1003 1852 45 22 Dès
1064 1854 38 21 dix
1119 1855 81 21 heures
1216 1856 30 20 du
1263 1857 47 21 soir
1325 1858 34 20 les
1376 1858 96 22 voitures

1003 1883 111 23 défilaient
1134 1885 81 22 devant
1232 1887 107 26 l'antique
1361 1889 109 25 demeure,

1002 1920 105 16 amenant
1114 1916 33 21 les
1153 1917 83 25 joyeux
1249 1919 88 23 invités,
1351 1920 121 22 richement

1002 1948 118 20 costumés.
1138 1947 60 22 Mme
1214 1947 141 25 de^Peraldr
1367 1953 105 21 entourée

1002 1977 28 20 de
1038 1977 52 20 Mlle
1098 1977 113 23 Charlotte
1216 1980 30 20 de
1254 1980 87 22 Peraidi
1350 1988 24 14 sa
1383 1982 52 25 fille,
1443 1984 28 19 de

1002 2013 36 15 ses
1054 2008 35 21 fils
1107 2009 22 20 M
1135 2009 31 21 M.
1180 2010 33 20 les
1228 2010 91 23 Comtes
1332 2012 104 26 François
1449 2018 22 17 et

1002 2038 107 21 GuaJbert
1116 2040 29 20 de
1160 2041 95 25 Peraidi,
1274 2044 124 20 recevaient
1412 2045 58 20 leurs

1002 2068 63 22 hôtes
1068 2076 54 14 avec
1126 2070 21 21 la
1152 2071 50 24 plus
1206 2073 144 21 accueillante
1352 2075 118 21 amabilité.

1003 2100 33 20 De
1061 2101 147 26 magnifiques
1231 2105 101 19 travestis
1352 2104 119 27 [égayaient

1002 2131 28 20 de
1045 2132 60 20 leurs
1122 2133 102 21 couleurs
1242 2135 85 21 variées
1344 2136 33 21 les
1396 2137 74 21 salons

1001 2162 141 25 qu'ornaient
1150 2163 29 21 de
1186 2165 105 25 précieux
1303 2167 109 24 tableaux,
1422 2174 48 19 par-

1002 2193 30 20 mi
1048 2193 97 26 lesquels
1154 2195 33 21 les
1195 2196 227 25 portraitvénérables
1430 2200 39 20 des

1001 2225 100 20 ancêtres
1109 2225 28 21 de
1145 2226 22 20 la
1177 2226 82 22 famille
1267 2225 95 24 Peraidi.
1372 2229 36 21 On
1417 2231 52 20 dan-

1001 2261 25 14 sa
1033 2261 55 15 avec
1095 2256 81 21 ardeur
1181 2257 105 26 jusqu’au
1294 2260 77 23 matin,
1379 2261 39 20 des
1423 2268 47 14 sur-

1001 2285 181 26 prises-cadeaux
1191 2288 76 22 furent
1273 2290 157 26 distribués,un
1437 2299 32 14 re-

1002 2323 39 18 pas
1048 2317 59 21 froid
1115 2317 34 21 fut
1157 2319 59 21 servi
1224 2326 44 14 aux
1277 2320 87 26 invités,
1373 2329 29 13 au
1408 2329 61 14 nom-

1001 2347 39 21 bre
1048 2348 28 20 de
1085 2349 51 25 près
1145 2350 28 19 de
1181 2350 101 22 soixante
1289 2352 45 21 dix.

1025 2379 127 25 Reconnus,
1178 2382 71 23 parmi
1266 2382 32 21 les
1316 2384 84 24 dames,
1417 2390 52 15 avec

1001 2409 58 21 Mme
1072 2410 28 20 de
1117 2411 87 21 Peraidi
1221 2416 23 17 et
1260 2413 53 21 Mlle
1328 2415 29 20 de
1373 2415 94 25 Peraidi,

1000 2440 128 22 charmante
1153 2442 55 22 dans
1225 2450 25 14 sa
1267 2445 54 20 robe
1338 2445 67 21 Louis
1422 2446 45 23 XV,

1000 2474 58 21 Mme
1068 2475 135 26 Dominique
1211 2477 78 21 Cuneo
1303 2479 123 25 d'Ornano,
1439 2486 29 14 en

1000 2505 114 26 Arlequin,
1124 2506 53 21 Mlle
1185 2508 90 24 Biellut,
1287 2508 57 22 dans
1360 2517 31 14 un
1399 2511 70 20 admi-

1001 2538 59 21 rable
1074 2541 22 17 et
1103 2538 146 26 authentique
1257 2540 55 21 robe
1320 2541 147 26 Pompadour,

1000 2569 59 21 Mme
1064 2570 72 24 Roux,
1143 2576 29 14 en
1186 2570 96 25 premier
1298 2571 98 25 Empire,
1410 2572 58 21 Mme

1001 2600 284 25 Ludovic-Forcioli-Conti,
1312 2602 59 20 Mme
1394 2602 74 21 Savei-

1000 2633 22 23 H,
1043 2640 29 14 en
1086 2634 94 25 tzigane,
1190 2634 70 22 Mmes
1284 2635 182 26 Pugliesi-Conti,

1001 2667 40 20 Del
1050 2667 133 25 Pellegrino,
1194 2667 83 25 Ottavi,
1288 2673 42 16 etc.
1340 2669 64 21 Mlles
1412 2669 57 21 Mar-

1000 2698 92 26 cangeli,
1107 2698 110 25 Giocantî,
1227 2699 142 23 Desclozeau,
1385 2700 81 24 Ottavi,

1001 2728 140 23 Lanfrânchi,
1149 2729 127 26 Chiappini,
1284 2730 116 23 Valdener,
1406 2731 62 21 Lam-

1000 2759 113 21 bruschini
1130 2763 42 20 etc,
1191 2766 27 14 en
1238 2762 106 24 superbes
1357 2762 109 20 travestis.

1024 2790 74 20 Parmi
1108 2790 32 20 lès
1146 2791 127 24 messieurs,
1291 2798 55 14 avec
1359 2792 29 20 M.
1402 2792 66 20 Fran-

999 2821 46 24 çois
1061 2821 29 20 de
1108 2821 94 23 Peraidi,
1217 2827 29 15 en
1270 2822 109 26 Méphisto
1402 2826 22 17 et
1436 2823 30 20 M.

1000 2851 106 21 Gualbert
1114 2851 28 20 de
1151 2851 87 21 Peraidi
1247 2858 28 14 en
1283 2853 82 23 sultan,
1375 2853 53 21 MM.
1438 2854 27 20 D.

999 2882 78 21 Cuneo
1098 2882 122 22 d’Ornano,
1236 2883 56 20 dans
1313 2890 31 13 un
1353 2884 114 24 splendide
1474 2891 3 5 ■

999 2917 99 17 costume
1108 2912 201 24 de;mandarin,.M.
1316 2914 22 20 di
1349 2914 116 24 Barbazza,

998 2944 55 20 dans
1058 2950 31 13 un
1098 2943 92 20 rutilant
1198 2947 99 17 costume
1305 2944 28 20 de
1342 2944 85 25 radjah,
1436 2945 29 20 M.

999 2973 108 23 Palmieri,
1117 2980 28 14 en
1154 2973 93 21 Charles
1259 2975 36 22 IX,
1305 2975 29 20 M.
1347 2975 21 20 le
1383 2975 32 20 Dr
1431 2976 35 20 del

999 3005 123 25 Pellegrino
1127 3011 28 14 en
1163 3005 100 20 médecin
1270 3005 117 21 du-XVIIP
1392 3006 73 24 siècle,

998 3035 29 21 M.
1040 3035 104 24 Oliyieri,
1162 3042 28 13 en
1206 3036 97 24 premier
1323 3037 88 25 Empire
1429 3043 37 14 au-

998 3067 122 25 thentique,
1127 3066 30 21 M.
1166 3067 22 19 le
1198 3066 31 20 Dr
1245 3067 174 23 Pitti-Ferrandi,
1434 3068 30 20 M.

998 3098 82 23 Pei’ier,
1095 3104 29 13 en
1138 3097 116 24 Mexicain,
1270 3098 30 21 M.
1316 3098 105 20 Broustra
1437 3105 28 13 en

998 3128 175 22 Ku-KIux-KIan,
1181 3128 30 20 M.
1221 3128 84 24 Ottavi,
1316 3135 29 14 en
1350 3129 114 23 détective,

997 3159 29 20 M.
1037 3160 20 19 le
1072 3159 31 20 Dr
1111 3158 83 21 Savelli
1207 3165 28 14 en
1244 3159 76 25 prince
1333 3157 131 26 Caucasien,

997 3190 52 21 MM.
1065 3190 75 23 Foàta,
1150 3208 3 3 .
1160 3190 176 23 Lambruschini,
1355 3190 108 21 Graziani.

997 3225 42 19 etc,
1048 3227 29 14 en
1086 3221 102 20 travestis
1197 3221 82 20 divers.

1021 3254 109 24 Ajoutons
1146 3258 45 19 que
1209 3251 125 21 l’orchestre
1361 3253 104 25 composé

997 3283 27 20 de
1041 3284 63 19 Mlles
1116 3284 29 19 de
1168 3282 52 20 Bozi
1236 3287 22 14 et
1272 3281 113 21 Fromenti
1402 3288 23 15 et
1437 3284 28 20 de

996 3313 29 21 M.
1043 3313 99 21 Peschek
1155 3312 34 21 fut
1205 3318 28 14 en
1249 3316 51 15 tous
1322 3313 75 24 points
1418 3321 48 18 par-

996 3344 40 21 fait
1057 3349 23 16 et
1090 3350 57 15 nous
1169 3345 76 20 donna
1264 3344 117 20 l’occasion
1404 3345 59 25 d’ap-

996 3376 86 25 précier
1093 3382 81 14 encore
1190 3382 44 14 une
1247 3374 43 22 fois
1305 3375 21 20 le
1343 3375 69 21 talent
1429 3376 36 20 vé-

996 3407 79 20 ritable
1088 3406 29 20 de
1128 3413 38 13 ces
1184 3406 55 21 trois
1260 3406 120 20 excellents
1400 3406 63 20 artis-

995 3440 41 17 tes.

1153 3494 161 25 Giuventù

1020 3554 18 25 È
1047 3559 134 20 risuscittatu
1194 3558 119 22 Giuventù,
1326 3558 103 25 giurnale
1436 3559 28 19 d’i

994 3590 89 24 giovani
1092 3589 96 20 cursisti.

1020 3620 54 20 Ottu
1089 3620 81 24 pagine
1184 3620 22 19 di
1220 3619 101 25 graziose
1335 3620 76 24 poesie
1422 3626 12 13 e
1441 3620 23 19 di

994 3650 101 25 generosi
1104 3650 86 19 articuli
1200 3656 13 13 e
1221 3649 58 20 belle
1287 3649 155 21 illustrazione.

1021 3681 19 20 U
1049 3687 95 14 numaru
1153 3687 7 13 :
1173 3680 13 20 5
1198 3679 65 21 soîdî.

1019 3711 180 23 Abbunamentu,
1213 3716 32 14 un
1257 3716 62 14 annu
1325 3717 6 13 :
1345 3715 14 19 4
1370 3709 93 21 franchi.

1509 117 52 26 Un
1579 119 158 25 scandale

1579 203 489 77 FraSssinet
2107 207 167 75 and
2319 207 66 77 C

1624 314 37 43 et
1682 311 36 47 îe
1732 312 294 48 renouvellement
2041 315 44 46 de
2104 314 36 48 la
2157 318 205 46 convention

1534 463 79 27 Ainsi,
1631 471 47 15 une
1690 465 47 22 fois
1749 465 30 22 de
1791 467 60 26 plus,
1864 466 66 23 voilà
1940 468 36 21 les

1506 501 82 17 corses
1599 497 59 22 dans
1669 499 23 20 le
1713 504 67 16 sac...

1533 528 136 28 Fraissinet,
1702 537 61 15 avec
1791 538 44 15 son
1867 532 112 22 faux-nez

1505 561 97 27 marqué
1612 561 13 22 à
1636 562 150 28 l’estampille
1798 565 30 20 de
1845 566 23 20 la
1885 565 92 23 Marine

1506 593 152 28 Marchande,
1680 602 14 15 a
1705 596 173 28 brusquement
1892 598 86 22 décou-

1504 629 55 20 vert
1570 633 39 16 ses
1618 628 113 23 batteries
1740 629 70 28 qu’en
1820 631 107 22 artilleur
1936 632 42 21 ha-

1504 659 49 22 bile
1564 661 19 21 il
1594 661 83 27 pointe
1689 668 42 16 sur
1738 663 26 21 -le
1773 664 86 21 rocher
1870 664 108 28 stratégi-

1504 698 75 21 que...

1528 726 39 21 -En
1587 726 56 22 effet
1661 729 23 20 le
1704 732 106 24 rapport,
1832 733 145 20 concernant

1503 758 172 28 l’exploitation
1687 761 30 21 de
1733 767 45 17 nos
1789 763 107 22 services
1904 764 73 22 mari-

1503 792 71 21 times
1586 793 41 26 qui
1639 794 68 21 vient
1718 795 73 21 d’être
1801 796 117 22 distribué
1929 797 13 21 à
1953 797 22 21 la

1504 824 112 23 chambre
1641 832 62 16 nous
1730 828 81 27 paraît,
1836 830 138 25 constituer,

1503 857 59 22 dans
1571 859 23 21 le
1605 864 83 22 genre,
1700 866 33 15 un
1743 861 170 23 chef-d’oeuvre
1925 862 51 22 iné-

1503 891 92 27 galable
1606 892 104 22 d’astuce
1728 895 25 20 et
1764 894 173 28 d’impudence.

1531 924 123 27 Après..un
1674 926 91 27 exposé
1780 927 29 21 de
1820 928 82 22 motifs
1915 929 60 21 dont

1503 962 31 15 on
1544 959 58 25 peut
1610 958 52 22 dire
1671 958 58 27 qu’il
1740 962 38 20 est
1782 966 33 15 un
1824 961 50 27 plat
1884 961 90 22 hébreu

1502 989 133 28 largement
1646 992 82 22 arrosé
1740 993 30 21 de
1781 994 66 21 cidre
1858 995 117 21 normand

1502 1024 25 20 et
1544 1023 33 22 où
1586 1024 102 26 chiffres,
1702 1025 75 27 dates,
1797 1028 25 20 et
1836 1029 88 20 termes
1940 1029 35 20 te-

1502 1055 124 29 chniques;,
1634 1063 27 16 se
1671 1058 90 22 livrent
1778 1059 12 22 à
1799 1066 48 15 une
1859 1060 115 22 véritable

1502 1088 122 23 débauche
1635 1091 38 24 de.
1677 1093 151 22 contorsions
1840 1095 25 20 et
1876 1094 29 21 de
1917 1094 58 21 dan-

1502 1128 38 15 ses
1552 1123 138 28 plastiques,
1704 1130 62 17 nous
1783 1132 31 15 en
1833 1127 110 21 arrivons
1960 1127 14 21 à

1502 1157 81 25 capter
1594 1157 42 21 des
1643 1163 79 16 aveux
1732 1158 29 22 de
1774 1164 26 16 ce
1809 1165 74 22 genre
1896 1166 6 16 :

1527 1205 11 10 «
1548 1201 62 20 Sans
1618 1201 76 24 doute,
1705 1202 18 19 ni
1734 1202 17 20 le
1760 1203 74 21 service
1849 1205 83 24 complet
1949 1204 25 20 de

1504 1230 22 19 10
1535 1231 104 20 traversées
1648 1231 164 25 hebdomadaires,
1822 1233 19 20 ni
1853 1234 82 25 l’emploi
1944 1235 26 19 du

1500 1266 57 20 cargo
1567 1261 72 21 destiné
1647 1262 11 19 à
1675 1261 70 21 libérer
1754 1262 18 20 le
1780 1263 73 21 service
1861 1264 34 20 des
1904 1270 69 20 paque-

1501 1292 50 23 bots,
1561 1292 19 20 ni
1587 1292 56 20 d’une
1658 1293 87 20 manière
1753 1293 87 26 générale
1850 1295 18 19 le
1883 1295 90 25 rajeunis-

1500 1326 73 17 sement
1579 1322 23 21 de
1612 1323 17 19 la
1638 1323 61 23 flotte,
1707 1329 24 15 ne
1740 1328 81 21 peuvent
1826 1325 41 20 être
1875 1325 97 27 envisagés

1500 1353 33 20 dès
1543 1353 18 21 le
1570 1354 57 20 début
1635 1354 24 20 de
1668 1354 113 21 l’exécution
1790 1355 25 20 de
1824 1356 19 19 la
1851 1356 120 24 convention,

1499 1385 48 19 mais
1555 1389 32 15 ces
1596 1389 85 16 mesures
1687 1389 33 16 ont
1725 1386 31 19 été
1761 1386 80 25 prévues
1851 1392 33 20 par
1888 1392 37 14 une
1933 1388 40 19 mé-

1499 1415 59 20 thode
1563 1415 108 26 judicieuse
1679 1415 24 20 de
1715 1416 147 25 remplacement
1878 1417 34 20 des
1928 1416 45 27 plus

1500 1445 68 20 vielles
1573 1446 62 20 unités
1642 1446 135 21 acluellemeul
1782 1452 23 15 en
1811 1447 101 25 service;et
1915 1453 58 21 pour-

1499 1479 43 16 ront
1558 1478 42 18 être
1623 1476 47 20 ainsi
1694 1477 89 21 réalisées
1800 1485 29 14 en
1844 1482 47 21 peu
1907 1479 66 21 d’an-

1498 1508 61 20 nées.
1569 1507 56 26 (???)

1525 1538 63 21 Sans
1595 1539 69 20 doute
1672 1538 53 20 aussi
1735 1538 19 20 la
1760 1540 124 25 suppression
1891 1539 46 21 dans
1943 1540 29 20 les

1498 1569 164 20 connaissements
1670 1569 33 20 des
1712 1569 76 21 clauses
1796 1569 142 21 d’exonération
1945 1571 27 19 du

1498 1602 137 24 transporteur,
1653 1600 16 20 si
1688 1603 81 17 souvent
1785 1600 95 21 réclamée
1896 1606 33 21 par
1943 1601 29 21 les

1498 1631 110 25 chargeurs,
1619 1636 23 15 ne
1651 1634 45 22 peut
1704 1633 40 19 être
1752 1631 158 21 immédiatement
1919 1632 52 20 envi-

1498 1662 81 26 sagée...
1587 1671 10 11 »

1526 1704 44 22 Pas
1583 1704 46 22 mal
1642 1704 97 22 n'est-ce
1752 1710 41 23 pas
1801 1705 13 21 ?

1527 1737 71 23 Voici
1613 1743 87 17 encore
1710 1744 6 16 :

1518 1789 9 10 «
1536 1782 47 19 Sans
1590 1783 59 21 doute,
1659 1783 72 21 enfin,il
1739 1784 31 18 eût
1780 1788 44 18 paru
1833 1784 74 23 logique
1915 1784 56 18 d’ins-

1498 1811 47 19 crire
1553 1812 46 18 dans
1613 1811 26 19 les
1648 1811 82 19 services
1744 1812 87 18 concédés
1840 1813 28 17 les
1883 1812 87 18 relations

1498 1843 100 15 reconnues
1607 1839 112 19 nécessaires
1729 1841 52 17 entre
1788 1840 19 17 la
1815 1839 63 24 Corse,
1884 1840 87 23 l’Algérie

1498 1868 18 17 et
1523 1867 20 19 la
1551 1867 82 22 Tunisie,
1648 1872 54 17 parce
1710 1868 46 22 qu’il
1763 1873 14 18 y
1784 1872 12 14 a
1803 1868 19 18 là
1829 1872 25 14 en
1861 1868 31 23 jeu
1901 1869 34 18 des
1942 1869 29 17 in-

1498 1895 56 19 térêts
1562 1899 63 15 corses
1633 1900 25 13 au
1665 1896 81 22 premier
1753 1896 48 22 chef,
1817 1897 20 18 et
1844 1901 55 18 parce
1906 1897 65 22 qu’au-

1498 1924 63 18 trefois
1569 1921 62 21 celait
1644 1924 19 18 le
1675 1924 160 18 concessionnaire
1843 1925 33 18 des
1890 1925 80 18 services

1498 1952 100 18 maritimes
1606 1952 23 18 de
1636 1951 56 19 Corse
1703 1952 34 22 qui
1744 1953 81 17 assurait
1835 1957 32 14 ces
1875 1953 94 18 relations.

1498 1980 44 18 Mais
1550 1984 25 14 on
1581 1984 24 14 ne
1610 1980 76 22 pouvait
1692 1984 67 19 songer
1767 1980 11 18 à
1785 1981 72 18 donner
1864 1985 25 13 au
1897 1985 74 14 conces-

1498 2008 91 18 sionnaire
1594 2007 33 19 des
1633 2008 113 22 obligations
1751 2008 150 23 nouvelles,avec
1906 2009 19 18 le
1932 2013 39 13 ma-

1498 2035 51 19 tériel
1557 2036 56 18 naval
1621 2036 88 18 restreint
1724 2036 46 18 dont
1783 2036 14 18 il
1814 2037 76 22 disposé
1897 2041 47 18 pour
1950 2037 20 18 le

1498 2065 86 17 moment.
1592 2063 101 22 Toutefois,
1702 2068 46 14 avec
1755 2064 33 18 des
1795 2065 64 18 unités
1871 2065 42 22 plus
1922 2065 48 23 rapi-

1498 2092 30 18 des
1537 2092 20 18 et
1560 2091 114 22 améliorées,
1683 2092 47 18 dont
1737 2092 19 18 la
1760 2092 80 19 rotation
1849 2097 41 14 sera
1897 2093 73 18 stricte-

1498 2120 49 17 ment
1557 2120 86 21 calculée,
1660 2120 15 18 il
1683 2121 30 17 est
1720 2120 69 23 permis
1797 2120 94 23 d’espérer
1898 2125 37 18 que
1940 2121 29 18 les

1498 2148 79 18 services
1585 2148 122 18 contractuels
1720 2149 25 18 de
1752 2149 19 18 la
1779 2148 56 19 Corse
1849 2150 89 21 pourront
1945 2149 24 18 de

1498 2180 81 14 aouveau
1586 2176 91 18 s’étendre
1684 2180 45 14 vers
1737 2176 90 23 l’Afrique
1835 2177 27 17 du
1867 2176 102 22 Nord,avec

1498 2203 50 19 laide
1561 2204 102 18 financière
1679 2205 33 18 des
1727 2205 156 22 gouvernements
1899 2205 24 18 de
1937 2209 31 14 ces

1498 2236 49 18 pays.
1557 2238 9 11 »

1522 2271 161 27 Sans-doute,
1696 2278 62 16 sans,
1769 2273 102 21 doute...
1893 2274 24 20 et
1936 2278 31 16 en

1498 2310 121 22 iéfinitive
1630 2311 13 21 ?

1516 2361 10 11 «
1535 2354 28 19 En
1571 2355 102 22 définitive,
1693 2360 45 14 nous
1753 2361 14 13 n
1772 2358 115 21 augmentons
1897 2361 35 18 pas
1947 2355 20 19 la

1498 2383 45 18 'lotte
1558 2383 127 18 contractuelle
1692 2389 5 13 :
1714 2388 49 14 nous
1777 2385 114 22 remplaçons
1907 2384 61 18 seule-

1498 2412 47 17 nent
1552 2411 53 19 unité
1612 2416 33 17 par
1658 2412 59 21 unité,
1733 2413 19 17 et
1759 2416 48 14 nons
1820 2413 77 17 n’avons
1905 2416 36 19 que
1948 2412 19 18 la

1498 2439 63 23 îharge
1569 2440 12 18 à
1589 2440 79 22 laquelle
1676 2440 15 18 il
1706 2440 50 18 n’est
1763 2444 33 18 pas
1812 2441 82 22 possible
1909 2441 24 17 de
1945 2444 22 14 se

1498 2468 102 22 soustraire,
1609 2468 33 22 qui
1650 2469 29 17 est
1684 2468 48 18 celle
1739 2472 37 18 que
1788 2468 93 19 constitue
1885 2469 22 17 la
1914 2468 54 18 diffé-

1498 2499 51 15 rence
1555 2496 26 18 du
1589 2496 57 18 vieux
1654 2500 24 14 au
1686 2496 53 18 neuf-,
1749 2502 9 11 s

1522 2535 103 22 Pent-on
1635 2536 50 21 être
1697 2536 54 27 plus
1763 2536 58 22 clair
1829 2540 24 18 et
1865 2536 111 28 plus'cat-

1498 2568 120 28 égorique
1625 2569 12 21 ?
1645 2568 22 22 N
1669 2574 31 16 ou
1702 2575 11 15 s
1725 2575 31 15 ne
1763 2570 29 21 le'
1798 2574 104 24 croyons
1914 2575 51 21 pas.

1522 2601 122 28 Donc,pas
1656 2602 30 21 de
1694 2607 129 17 nouveaux
1834 2603 133 27 paquebots

1498 2640 58 21 pour
1575 2640 40 16 ces
1630 2636 115 27 quelques
1756 2637 79 26 temps
1848 2635 40 28 (ou
1901 2637 66 26 quel-

1498 2674 54 22 ques
1564 2668 98 29 années)
1672 2675 6 20 ;
1700 2669 91 22 vitesse
1803 2668 92 23 réduite
1907 2675 60 16 avec

1498 2707 131 22 promesses
1652 2701 190 23 d’amélioration
1866 2703 40 26 qui
1929 2708 38 15 re-

1498 2735 113 22 tiennent
1622 2736 58 21 dans
1690 2741 27 16 ce
1729 2735 161 28 long'exposé
1901 2741 66 17 corn-

1498 2774 33 16 ue
1542 2775 30 15 un
1585 2769 121 21 leitmotiv
1721 2768 225 29 d’encouragement
1957 2776 8 15 :

1498 2808 25 15 m
1537 2808 46 20 peu
1592 2802 31 21 de
1634 2802 165 27 patience,que
1808 2803 90 21 diable!
1909 2802 57 22 Plus

1498 2835 46 21 :ard
1552 2841 62 16 vous
1621 2841 82 15 verrez
1710 2841 29 16 ce
1748 2841 45 22 que
1802 2841 62 16 vous
1871 2841 81 16 verrez
1957 2842 7 15 :

1520 2868 34 21 En
1566 2869 123 21 attendant
1702 2875 5 15 :

1513 2918 9 10 a
1530 2912 28 18 En
1566 2912 40 18 face
1614 2913 24 17 de
1652 2916 30 14 ces
1694 2913 78 22 charges
1785 2913 24 17 de
1822 2913 67 22 capital
1896 2912 70 24 légère-

1498 2941 46 17 nent
1550 2944 82 16 accrues,
1641 2944 24 14 en
1673 2940 40 18 face
1721 2941 33 17 des
1762 2940 90 22 dépenses
1860 2941 106 22 d’expioita-

1499 2968 30 18 ion
1535 2968 12 18 à
1551 2968 60 21 venir,
1614 2968 32 22 qui
1651 2972 24 14 ne
1680 2969 82 21 peuvent
1769 2969 60 17 tontes
1834 2968 40 18 être
1879 2968 85 23 prévues,

1498 3000 41 14 LOUS
1546 3000 59 14 avons
1613 2996 18 18 le
1639 2996 87 18 correctif
1734 2996 33 18 des
1776 2997 84 17 recettes.

1513 3024 54 18 Alors
1576 3028 37 18 que
1622 3025 60 17 toutes
1696 3024 28 18 les
1733 3024 112 22 entreprises
1861 3025 23 17 de
1889 3025 77 17 .strans-

1498 3053 34 16 >ort
1541 3053 88 17 terrestre
1637 3052 20 18 et
1665 3052 92 17 maritime
1765 3053 31 16 ont
1806 3051 52 19 élevé
1866 3052 51 18 leurs
1923 3052 42 22 prix

1498 3080 38 17 tans
1545 3080 33 18 des
1583 3079 116 22 proportions
1704 3079 172 22 considérables,les
1884 3080 43 21 prix
1931 3084 35 14 sur

1498 3112 10 13 a
1516 3107 57 18 Corse
1581 3108 43 17 sont
1632 3107 60 18 restés
1707 3107 81 22 pendant
1796 3107 43 22 plus
1849 3107 24 18 de
1880 3108 43 21 cinq
1930 3112 35 13 ans
1979 3114 4 11 1

1498 3140 15 13 ;u
1522 3135 61 18 même
1591 3136 51 20 taux,
1651 3136 19 17 et
1678 3135 80 18 certains
1763 3135 54 18 tarifs
1824 3139 49 18 pour
1880 3135 33 18 des
1920 3135 45 18 arti-

1498 3163 30 18 ;les
1535 3163 137 22 d’importation
1680 3163 24 18 de
1711 3162 91 23 première
1810 3162 97 23 nécessité,
1916 3167 49 14 corn-

1498 3196 22 13 ue
1525 3191 20 18 la
1552 3191 67 21 farine,
1628 3192 19 16 et
1654 3195 47 18 pour
1708 3191 35 17 des
1750 3190 74 18 articles
1830 3191 134 22 d’exportation

1498 3220 37 16 l’un
1542 3219 58 22 grand
1608 3218 68 18 intérêt
1681 3218 119 22 économique
1808 3223 48 17 pour
1869 3219 18 17 la
1900 3218 62 22 Corse,

1498 3251 64 14 :omme
1569 3247 20 17 le
1596 3246 80 22 bois,ont
1685 3246 60 18 même
1753 3246 29 18 été
1787 3246 177 18 considérablement

1498 3274 81 17 .baissés.

1512 3300 53 19 Cette
1572 3301 88 18 situation
1674 3301 94 17 anormale
1774 3305 24 13 ne
1813 3301 76 22 pouvait
1900 3301 62 18 durér.

1498 3329 20 18 Jn
1526 3329 53 22 léger
1594 3328 104 19 relèvement
1711 3328 33 18 des
1748 3328 46 24 prix
1810 3328 22 18 de
1837 3333 81 19 passage,
1938 3333 25 14 ou

1498 3357 53 18 ilutôt
1557 3357 19 18 la
1584 3357 47 17 mise
1638 3360 24 14 en
1668 3357 67 17 accord
1743 3357 33 17 des
1788 3356 53 18 tarifs
1855 3357 24 18 de
1887 3360 77 19 passage

1498 3389 36 14 ,vec
1542 3385 28 17 les
1579 3385 91 17 distances
1678 3384 146 22 kilométriques,
1833 3384 66 23 depuis
1911 3385 53 21 long-

1498 3417 53 18 emps
1563 3412 90 18 réclamée
1660 3416 34 18 par
1710 3412 68 18 maints
1786 3417 83 18 usagers,
1884 3413 19 17 et
1910 3412 53 18 seule

1498 3440 87 18 onforme
1592 3441 12 16 à
1612 3440 19 18 la
1639 3439 71 23 logigue
1718 3440 24 22 (J)
1757 3440 54 18 vient
1823 3440 59 18 d’être
1889 3440 74 18 décidée

1498 3470 13 16 ;t
1516 3472 86 14 assurera
1611 3468 32 17 des
1652 3469 79 16 recettes
1738 3468 43 21 plus
1788 3468 101 17 normales.
1896 3474 9 10 »

1517 3507 61 22 Très
1589 3507 105 27 logique,
1718 3506 171 26 évidemment,
1909 3509 51 19 et...

1498 3541 85 21 tonnai
1595 3540 73 21 aussi.

1519 3573 43 22 Les
1581 3579 79 16 corses
1677 3579 31 15 ne
1726 3573 120 21 sauraient
1857 3574 50 20 être
1918 3573 43 21 des

1499 3609 82 24 ngrats
1593 3609 24 19 et
1622 3607 29 20 ils
1656 3606 177 21 reconnaîtront
1850 3611 54 15 sans
1909 3606 54 26 pel-

1498 3646 22 15 le
1532 3646 47 21 que
1587 3639 68 22 l’Etat
1667 3640 37 21 est
1714 3638 48 22 fort
1774 3639 48 21 bon
1833 3639 84 26 prince
1929 3645 30 15 en

1498 3672 127 22 ’occasion.
1635 3672 22 21 Il
1667 3673 38 19 est
1714 3672 106 27 logique,
1832 3672 94 21 normal
1936 3674 25 20 et

1498 3705 84 21 laturel
1593 3710 45 21 que
1651 3703 176 29 roulés,grugés
1838 3706 26 20 et
1874 3704 86 23 bernés

2004 468 61 16 nous
2077 464 111 22 sachions
2200 466 148 22 reconnaître
2358 467 36 21 les
2406 466 71 23 énor-

2003 502 51 15 mes
2064 497 118 22 sacrifices
2194 499 30 21 de
2243 501 78 26 temps
2333 502 25 19 et
2369 500 108 29 d'argent

2004 534 46 21 que
2068 530 35 21 les
2119 530 96 23 forbans
2226 533 32 21 du
2272 533 131 22 Gallicum
2420 533 57 22 Ma-

2002 568 39 15 ns
2058 568 26 16 se
2096 565 55 20 sont
2171 564 104 28 imposés
2295 572 62 21 pour
2367 573 84 15 mener
2461 566 15 22 à

2003 595 56 21 bien
2071 602 47 16 une
2127 597 139 27 expédition
2275 600 41 27 qui
2325 605 62 16 nous
2396 600 78 22 ruine.

2031 628 27 22 Et
2066 629 18 21 il
2093 631 37 20 est
2134 630 65 27 juste
2209 632 63 22 aussi
2282 639 46 21 que
2343 639 63 16 nous
2417 639 59 22 pa3^-

2003 661 80 22 ions...
2112 679 4 2 .

2017 694 68 26 ^-Que
2097 702 60 16 nous
2176 698 102 28 payions
2296 699 100 22 d'abord
2413 705 62 22 pour

2001 728 23 20 le
2044 734 47 21 peu
2114 730 30 21 de
2161 731 164 29 clairvoyance
2345 739 47 21 que
2412 739 62 16 nous

2002 766 75 16 avons
2086 765 108 20 montrée
2200 770 29 16 en
2237 765 95 28 plaçant
2339 768 71 20 notre
2416 771 58 17 con-

2002 793 74 22 fiance
2086 801 28 15 en
2127 796 43 22 des
2183 799 193 25 parlementaires
2384 800 41 27 qui
2438 805 36 16 se-

2001 827 77 22 raient
2089 829 82 22 mieux
2187 829 14 22 à
2209 831 52 21 leur
2269 833 68 26 place
2349 833 58 21 chez
2417 833 57 21 Bar-

2002 871 57 16 num
2071 872 30 16 ou
2125 867 85 30 Rancy
2225 870 70 27 qu’au
2307 871 78 22 Palais
2398 871 75 23 Bour-

2001 898 57 23 bon.

2029 933 55 26 Que
2096 940 61 16 nous
2178 936 109 28 payions,
2299 938 102 26 ensuite,
2411 944 62 21 pour

2000 966 22 20 la
2034 965 99 28 période
2145 968 31 21 de
2187 968 116 30 léthargie
2315 971 59 21 dans
2382 972 91 27 laquel-

2000 999 23 21 le
2030 1001 43 20 ont
2081 1000 54 22 suffi
2140 1000 14 22 à
2162 1007 60 16 nous
2228 1003 102 28 plonger
2335 1005 35 21 les
2380 1005 92 21 sirènes

2000 1032 42 21 des
2054 1033 81 22 sabots
2147 1033 155 25 Fraissinet...
2326 1038 93 21 sirènes
2431 1038 40 27 qui

2000 1065 93 22 bientôt
2099 1067 130 23 strideront
2234 1075 41 15 sur
2283 1076 45 15 nos
2333 1070 67 22 côtes
2408 1072 63 20 leurs

2000 1104 115 22 sauvages
2135 1100 147 24 hurlements
2294 1103 30 21 de
2340 1104 130 27 triomphe.

2028 1131 62 23 Mais
2102 1133 18 21 il
2131 1139 53 17 sera
2194 1146 29 4 —
2235 1136 17 21 il
2263 1138 37 20 est
2311 1136 54 28 déjà
2376 1149 29 4 —
2417 1139 53 26 trop

1998 1165 53 21 tard
2058 1170 62 23 pour
2128 1167 105 29 changer
2239 1170 106 27 quoique
2354 1176 28 15 ce
2394 1171 49 21 soit
2456 1170 15 22 à

1999 1198 22 21 la
2030 1198 80 22 chose.

2028 1231 30 22 La
2069 1234 146 22 convention
2224 1241 31 16 va
2264 1236 50 22 être
2323 1236 148 22 renouvelée

1998 1270 62 21 pour
2071 1272 46 15 une
2126 1266 99 27 période
2234 1269 30 21 de
2275 1270 72 28 vingt
2359 1270 91 22 années
2460 1276 11 21 ;

1997 1298 71 28 vingt
2073 1304 42 16 ans
2121 1300 105 26 pendant
2233 1302 104 27 lesquels
2346 1309 63 16 nous
2415 1309 56 16 con-

1997 1331 125 23 tinuerons
2139 1333 14 21 à
2174 1335 49 21 être
2242 1335 125 23 véhiculés
2378 1342 42 16 sur
2428 1337 43 21 des

1998 1364 102 23 bâteaux
2121 1367 93 28 exigüs,
2227 1368 194 28 inconfortables,
2446 1372 25 20 et

1997 1399 155 28 malpropres,
2163 1400 14 22 à
2189 1401 41 22 des
2242 1403 103 22 vitesses
2357 1404 114 21 ridicule-

1997 1435 67 19 ment
2075 1432 112 29 réduites,
2202 1438 30 23 et,
2245 1442 31 16 en
2287 1438 53 20 tout
2351 1442 49 21 cas,
2410 1436 60 23 infé-

1997 1465 91 23 rieures
2099 1472 14 16 a
2125 1473 27 16 ce
2165 1468 96 27 qu’elles
2273 1469 90 23 étaient
2374 1476 42 16 sur
2434 1471 35 21 les
2484 1491 2 2 .

1997 1500 91 21 mêmes
2107 1501 86 28 lignes,
2214 1508 59 16 avec
2285 1503 42 22 des
2335 1503 135 28 paquebots

1997 1532 56 22 d’un
2063 1535 58 26 t}q>e
2129 1536 81 21 moins
2221 1536 173 27 important,en
2408 1543 62 22 1913.

2026 1565 20 23 Il
2055 1568 37 20 est
2099 1568 51 21 vrai
2164 1568 70 28 qu’on
2247 1572 58 25 peut
2316 1576 66 16 nous-
2391 1569 81 29 objec-

1996 1601 37 20 ter
2044 1605 47 22 que
2110 1608 14 13 «
2133 1601 160 29 Vobligation
2317 1604 30 21 de
2358 1604 113 22 révision

1998 1633 42 22 des
2058 1634 166 28 stipulations
2231 1636 156 29 financières
2397 1637 29 22 de
2445 1637 26 21 la

1996 1669 150 21 convention
2158 1671 58 21 tous
2227 1669 36 23 les
2274 1672 59 27 cinq
2347 1677 48 16 ans
2409 1671 61 28 pré-

1996 1702 84 21 munit
2096 1701 76 24 /'Etat
2183 1705 85 21 contre
2284 1706 69 20 toute
2370 1705 102 28 surpri-

1995 1740 73 16 se...»

2025 1777 30 22 La
2066 1778 63 22 belle
2139 1778 71 29 blage
2216 1779 6 21 !
2231 1791 29 5 —
2269 1780 90 22 Mais...
2373 1782 25 20 et
2406 1782 50 20 cela
2463 1787 6 15 :

2019 1833 9 11 «
2037 1828 25 18 La
2070 1829 112 18 convention
2190 1830 31 22 qui
2229 1835 49 13 vous
2286 1831 30 17 est
2324 1830 88 22 soumise,
2428 1835 42 18 por-

1995 1857 42 17 tant
2043 1857 19 17 la
2068 1857 43 18 date
2116 1857 25 18 du
2149 1856 13 19 8
2175 1858 95 18 décembre
2276 1857 53 23 i925,
2344 1859 30 18 est
2387 1858 84 19 destinée

1995 1884 12 18 à
2014 1885 102 22 remplacer
2124 1886 48 18 celle
2179 1886 27 18 du
2210 1885 27 19 25
2242 1886 45 23 juin
2296 1886 60 22 1920,
2364 1886 107 23 approuvée

1995 1916 33 19 par
2035 1913 19 18 la
2061 1913 27 18 loi
2096 1914 25 18 du
2129 1913 12 19 8
2148 1914 46 18 août
2200 1915 23 17 de
2230 1915 19 18 la
2253 1914 60 19 même
2318 1914 65 22 année,
2390 1914 34 24 qui
2427 1919 13 13 a
2445 1914 27 18 été

1992 1942 86 22 prorogée
2083 1946 36 18 par
2127 1942 59 18 tacide
2192 1942 127 19 reconduction
2326 1942 75 19 d’année
2409 1947 21 14 en
2439 1947 31 13 an-

1995 1969 37 17 née.
2042 1969 27 18 En
2077 1970 74 18 dernier
2157 1970 47 22 lieu,
2212 1971 19 17 le
2243 1970 161 19 concessionnaire
2410 1975 11 13 a
2429 1975 43 14 con-

1995 1997 49 18 senti
2052 2002 38 14 une
2095 1998 86 18 nouvelle
2186 1998 124 23 prorogation,
2319 1998 48 18 mais
2373 2003 44 14 sans
2425 1999 47 18 aller

1994 2029 24 14 au
2027 2026 41 18 delà
2076 2026 25 18 du
2111 2026 25 18 15
2143 2026 69 24 février
2219 2026 60 18 1926.
2287 2026 53 19 Cette
2348 2026 85 19 dernière
2441 2027 31 18 da-

1995 2054 18 18 te
2019 2054 30 18 est
2054 2054 48 18 donc
2105 2054 111 22 impérative
2222 2059 48 17 pour
2275 2054 78 18 l’entrée
2361 2059 24 14 en
2390 2055 82 23 vigueur

1994 2082 26 18 du
2028 2082 71 18 contrat
2107 2082 33 22 qui
2148 2083 32 17 est
2184 2082 70 18 soumis
2262 2082 12 17 à
2282 2086 34 14 vos
2323 2081 163 20 délibérations»—

1994 2123 40 26 qui
2043 2122 60 22 n’est
2111 2125 67 19 autre
2184 2128 47 22 que
2237 2121 99 23 l'entrée
2345 2122 60 22 dans
2412 2122 57 22 l’ex-

1993 2155 60 28 posé
2070 2156 43 22 des
2130 2156 83 22 motifs
2227 2157 25 21 et
2267 2156 41 27 qui
2326 2157 85 21 mieux
2422 2162 46 22 que

1993 2188 129 29 n’importe
2130 2190 55 27 quel
2192 2190 171 21 commentaire
2371 2189 98 22 édifiera

1994 2221 192 24 définitivement
2194 2229 61 16 ceux
2268 2223 31 21 de
2317 2228 46 17 nos
2372 2228 97 23 compa-

1992 2257 85 24 triotes
2086 2257 60 21 dont
2156 2257 37 21 les
2199 2262 66 23 yeux
2271 2262 31 16 ne
2306 2259 62 22 .sont
2376 2262 43 22 pas
2427 2262 40 16 en-

1994 2296 56 17 core
2059 2292 97 20 ouverts
2168 2290 14 22 à
2189 2291 23 21 la
2223 2290 94 22 vérité?

2020 2329 127 26 Prorogée
2152 2336 49 19 par
2205 2330 76 21 tacite
2286 2329 182 22 reconduction

1993 2362 105 23 d’année
2109 2363 31 22 eh
2148 2362 80 23 année
2241 2363 38 28 (de
2289 2369 54 21 1920
2352 2362 14 22 à
2377 2362 54 29 1926
2440 2371 29 11 =

1993 2396 12 22 6
2014 2396 60 30 ans).
2088 2396 145 23 Savez-vous
2245 2396 64 22 enfin
2322 2402 27 16 ce
2359 2402 47 21 que
2414 2402 54 22 par-

1992 2431 35 21 ler
2038 2432 59 20 veut
2107 2430 60 26 dire,
2180 2430 41 22 oui
2227 2431 13 21 ?

2020 2465 72 21 Alors
2101 2462 258 23 rendormons-hôus...
2370 2463 96 22 demain

1992 2497 18 22 il
2021 2496 49 23 fera
2081 2497 66 27 jour!

2021 2530 62 22 Mais
2095 2536 28 16 ce
2134 2531 41 27 qui
2187 2530 58 22 dans
2260 2536 28 16 ce
2307 2531 99 21 rutilant
2426 2530 40 22 feu

1992 2563 113 22 d’artifice
2116 2565 60 27 peut
2187 2564 131 21 constituer
2328 2565 23 20 lé
2360 2564 108 27 bouquet

1993 2597 57 22 c’est
2058 2602 46 22 que
2112 2597 23 21 le
2144 2596 79 28 projet
2232 2597 29 21 de
2270 2597 34 22 loi
2314 2603 30 15 en
2355 2598 110 27 question

1992 2630 37 22 n’a
2038 2630 38 22 été
2083 2630 173 27 'communiqué
2268 2631 14 21 à
2291 2631 22 21 la
2325 2636 84 22 presse
2420 2637 46 21 que

1991 2664 49 22 très
2049 2669 47 22 peu
2113 2664 30 22 de
2150 2664 68 27 jours
2237 2666 72 20 avant
2327 2666 56 20 sont
2394 2664 73 28 dépôt

1992 2703 44 16 sur-
2042 2698 24 21 le
2077 2697 89 22 bureau
2177 2698 31 21 de
2218 2698 23 21 la
2253 2697 120 23 chambre.

2020 2730 40 22 On
2072 2736 59 16 nous
2142 2733 51 19 met
2204 2737 60 21 pour
2281 2731 61 21 ainsi
2356 2731 52 21 dire
2425 2732 42 21 de-

1992 2766 58 19 vant
2057 2764 23 21 le
2089 2764 43 22 fait
2142 2764 124 27 accompli.

2020 2797 58 22 Cela
2083 2798 131 21 ressemble
2222 2803 106 20 assez,ne
2336 2803 130 17 voussem-

1991 2830 88 22 ble-t-il
2090 2831 60 27 pas?
2162 2831 14 21 à
2186 2837 33 15 un
2230 2832 142 26 guet-apens
2387 2830 79 28 d’apa-

1992 2864 57 21 ches
2060 2864 131 28 parisiens:
2206 2863 29 22 La
2247 2864 87 21 bourse
2344 2870 31 16 ou
2384 2865 22 20 la
2416 2864 47 22 vie!

2021 2898 29 21 La
2062 2898 95 25 bourse,
2172 2897 138 26 Messieurs,
2323 2898 36 21 les
2375 2896 89 23 Corses

1992 2936 60 16 vous
2064 2932 22 20 la
2098 2931 114 22 donnent.

2021 2965 29 21 La
2060 2965 39 21 vie
2111 2970 62 16 vous
2185 2965 22 21 la
2216 2966 51 20 leur
2279 2970 86 22 prenez
2377 2970 31 16 un
2418 2971 46 21 peu

1990 3000 55 19 tous
2057 2998 35 21 les
2101 2998 94 27 jours...

2019 3030 144 27 Seulement,
2196 3036 192 17 souvenez-vous
2418 3037 46 22 que

1990 3070 62 16 nous
2061 3070 105 16 sommes
2175 3065 30 21 de
2214 3070 39 16 ces
2261 3067 77 20 morts
2348 3065 59 27 qu’il
2415 3065 49 22 faut

1990 3103 88 17 encore
2090 3098 72 27 qu’on
2168 3100 68 20 tue...

2166 3154 103 22 Saveriu.
2282 3155 149 26 Mahispina.

2002 3261 213 44 Commerçants
2231 3264 29 34 et
2276 3263 170 37 Industriels

2113 3352 221 27 Convocation

2017 3446 31 22 Le
2059 3446 114 29 Syndicat
2183 3448 42 21 des
2244 3447 181 30 Commerçants
2437 3454 19 18 el

1988 3479 140 22 Industriels
2139 3480 122 27 d'Ajaccio
2273 3488 27 15 se
2314 3482 97 23 réunira
2424 3484 32 21 di-

1986 3512 103 22 manche
2098 3513 123 27 prochain,
2244 3520 25 21 14
2280 3519 106 24 courant,
2406 3517 14 22 à
2435 3524 21 15 ic

1986 3546 86 22 heures
2082 3546 32 22 du
2120 3547 83 27 matin,
2212 3554 30 16 en
2247 3549 23 21 la
2279 3549 57 22 salle
2344 3550 44 22 des
2399 3550 57 23 fêtes

1986 3579 31 21 de
2024 3579 90 22 l’Hôtel
2126 3580 30 22 de
2167 3581 65 22 ville.

2015 3612 79 22 Ordre
2099 3613 31 22 du
2132 3614 64 27 jour:
2205 3615 131 26 Questions
2340 3617 116 22 diverses.

2014 3646 64 22 Tous
2092 3647 36 21 les
2139 3651 173 26 commerçants
2324 3650 132 28 d’Ajaccio,

1986 3679 96 23 inscrits
2101 3686 32 16 ou
2151 3687 59 20 non,
2226 3685 57 19 sont
2304 3683 152 23 instamment

1986 3712 64 28 priés
2062 3713 120 23 d’assister
2192 3714 15 22 à
2217 3717 62 20 cette
2290 3715 111 24 réunion.
