2604 3856
18 382 90 30 Larnentu
121 378 20 23 di
151 384 12 16 u
177 374 100 25 Cuscrittu

22 456 12 17 0
40 451 51 20 Musa
97 443 72 20 tecchia
176 441 21 18 di
205 445 67 15 sonnu,

24 474 122 23 Accunipagna
153 468 21 17 lu
183 466 39 18 miò
230 469 43 14 core
278 469 6 17 ;

26 500 62 22 vrritta
95 497 5 17 !
109 493 40 19 ch’è
157 493 41 17 altu
206 491 62 22 jornu,

22 513 23 34 Ìò
52 523 64 21 viciffu
123 520 19 17 le
153 519 45 17 dece
206 520 33 14 ore
246 520 6 17 ;

23 553 32 21 Vai
61 555 11 13 e
79 548 56 17 trova
141 544 19 17 la
169 542 38 18 miò
215 541 61 18 bruna

23 581 13 19 35
43 570 75 29 spiegall
124 574 14 13 u
145 568 39 18 miò
192 566 72 19 dulore.

24 613 86 26 S'avicina
117 610 19 17 la
143 608 89 23 partanza

27 637 85 26 per'andà
119 640 12 13 a
138 639 14 13 u
160 632 127 23 reggimentu.

25 670 21 18 Sò
53 664 40 20 solu
101 660 47 18 indu
155 659 20 17 la
183 657 39 18 miò
236 657 64 18 stanza

26 696 23 15 „a
55 692 20 17 3u
83 685 37 20 miò
126 688 42 14 core
174 683 102 18 scuntentu
282 686 6 16 ;

25 720 23 19 pè
55 717 18 17 la
80 711 38 20 miò
126 709 40 19 sola
177 711 89 19 speranza

25 728 61 38 ^aceiu
93 738 32 18 stu
132 735 59 18 tristu
198 733 90 18 lameulu.

25 787 24 17 La
56 780 94 19 staccanza
158 774 11 18 è
177 774 69 21 troppu
254 772 47 17 dura

58 808 40 17 nun
106 801 18 19 si
131 801 24 22 pò
163 799 69 18 ricusà.

26 837 23 19 La
55 830 37 21 xniò
100 827 53 19 dolce
158 825 98 19 creatura,

28 853 120 24 ■r’avaragbiu
155 852 25 17 da
186 849 60 19 lascià
251 848 5 18 !

27 886 18 18 0’
53 884 66 18 ruancu
125 878 21 17 lu
154 878 21 16 to
182 874 76 19 ricordu

27 913 20 20 jn
53 913 23 14 eu
84 909 30 15 me
122 901 66 24 vogliu
196 899 61 24 purtà.

28 953 13 18 E
48 952 19 17 t0
74 945 65 21 labbre
146 940 119 21 iuzuccarate

20 977 30 18 più
54 966 163 27 nuna'averaghiu
220 965 18 18 'a
241 964 49 19 vede
294 962 10 19 ?

20 1005 23 16 K0
50 1001 4 13 i
64 1013 5 4 .
74 995 46 21 Innò
125 993 5 19 !
137 993 21 19 sò
163 993 69 21 troppu
237 990 66 20 amate,

20 1019 23 28 \
50 1026 65 23 quessa
122 1024 28 14 un
157 1018 81 22 cipossu
243 1015 61 19 crede.

13 1047 111 27 T’averagbiu
132 1047 75 19 sempre
214 1043 21 17 in
243 1041 62 18 mente

31 1080 13 19 g
50 1077 67 18 seranu
124 1072 19 17 la
154 1069 39 18 miò
200 1068 49 18 ìede.

32 1113 106 26 Pardunate,
145 1115 11 14 o
164 1107 107 25 Signurina,

29 1146 50 18 Sòun
83 1143 48 20 pocu
137 1138 69 20 troppu
211 1132 94 20 sfacciatu;

31 1165 99 24 gerivendu
138 1163 30 18 sta
175 1159 88 20 letterina

23 1198 46 17 Ve^u
77 1188 87 24 ch’aghin
169 1188 69 21 troppu
246 1184 60 18 osatu:

32 1207 82 34 gìumiò
119 1217 44 16 core
171 1209 135 22 ch’ha'scrittu,

31 1247 32 20 Eiu
71 1246 39 16 nun
116 1239 71 24 1’agMu
192 1236 81 19 furzatu.

15 1288 73 20 Sempre,
90 1283 73 19 sempre
168 1283 11 13 a
184 1277 123 22 voipensava,

32 1313 14 17 E
52 1310 31 24 più
90 1306 52 20 nulla
149 1308 29 14 un
184 1302 44 18 vole
235 1301 20 17 îà
260 1305 6 16 ;

33 1338 14 21 g
52 1335 63 20 yostre
122 1330 65 19 labbre
195 1327 80 20 circava,

35 1362 35 19 4và
77 1359 20 19 bi
104 1356 66 21 vurria
177 1354 59 25 parla,

30 1377 62 31 jîavoi
100 1388 23 14 eu
128 1383 21 18 lu
153 1381 69 18 vostra
227 1376 82 24 sguardu

32 1415 15 18 U
54 1411 62 20 vulete
123 1405 97 22 avvelenà.

34 1451 48 19 Siate
89 1452 27 13 un
124 1449 48 20 pocu
180 1445 90 21 generosa
277 1439 6 18 !

35 1476 43 21 Date
86 1476 44 20 pace
138 1475 11 14 a
157 1469 69 24 questu
234 1471 42 16 core
282 1465 6 18 1

34 1499 68 24 perché
109 1501 42 15 esse
156 1493 134 20 tant’ombrosa

35 1528 37 19 Cun
77 1529 41 13 unu
123 1522 40 20 cb:è
168 1520 50 24 pien’
222 1515 89 22 damore?

35 1551 58 22 Scrivj
96 1549 43 20 terni
147 1547 45 18 duie
200 1545 55 24 rigbe
260 1549 6 16 ;

36 1578 25 19 0b
69 1577 5 17 i
82 1573 66 21 îatemi
155 1573 33 18 stu
196 1569 73 20 favore!

36 1616 68 20 Ditemi
111 1614 101 22 n’importa
219 1615 48 17 eosa,

35 1643 56 19 ïuttu
99 1641 27 18 mi
134 1639 40 19 îarà
180 1637 60 24 piacè.

35 1669 45 21 jSuu
85 1667 47 18 siate
143 1668 86 20 paurosa,

35 1694 35 19 CUi
77 1691 97 21 temeriste
181 1690 25 17 da
214 1688 30 18 mè
248 1687 10 18 ?

37 1720 20 18 Si
63 1718 33 19 voi
104 1719 61 17 stessa
172 1720 28 13 un
207 1713 85 24 palisate,

36 1745 55 20 Nimu
99 1748 11 13 a
118 1742 71 24 pudarà
196 1739 51 24 sapé.

38 1786 23 18 Or
67 1789 43 14 cosa
117 1788 24 14 ne
148 1781 106 24 pensarete,

38 1811 13 18 û
58 1815 49 17 cara,
115 1809 21 18 di
143 1809 19 17 la
170 1807 38 19 miô
216 1806 48 18 rima
268 1803 9 19 ?

36 1837 35 18 Per
79 1836 72 20 sieuru,
160 1833 89 20 ridarete,

37 1862 42 19 Nun
87 1866 27 14 ce
119 1860 60 19 fondu
187 1863 11 13 e
206 1861 46 20 poca
256 1856 49 18 cima
309 1859 6 17 ;

34 1888 30 18 Ma
77 1886 59 19 s’ell’è
142 1885 56 23 piena
206 1884 88 18 d’errore,

37 1909 15 22 È
60 1913 111 18 tutt’aecesa
179 1910 81 17 d’amore
266 1907 5 18 !

35 1954 65 20 Forse,
109 1952 27 17 mi
144 1949 124 20 cunuscerete

35 1980 57 17 Ancu
100 1981 55 14 senza
163 1975 98 23 signatura
266 1977 6 17 ;

35 2005 16 18 S
61 2008 14 14 u
84 2002 93 19 cuscrittu
185 2000 31 18 chi
225 1998 71 23 sapete,

36 2028 106 20 Cùnuscite
149 2032 12 13 a
169 2030 22 14 so
200 2024 96 19 scrittura.

14 2055 76 22 Sempre
98 2050 221 26 uguardateintraversu

37 2080 61 19 Gb’un
103 2078 21 19 vi
129 2077 53 23 piace
187 2081 12 13 a
206 2079 21 14 so
232 2074 69 22 figura.

28 2119 74 24 Basgi,o
108 2122 48 17 cara,
161 2121 28 13 un
194 2115 22 19 vi
220 2119 24 13 ne
249 2112 70 20 mandu

27 2145 70 20 Perché
103 2143 57 19 unn’è
168 2143 21 17 lu
194 2141 39 18 miô
241 2140 77 18 duvere.

37 2171 30 18 Ma
71 2170 20 18 di
99 2168 80 20 dabbine
184 2171 29 14 un
220 2165 77 19 milione

38 2196 53 19 Saria
98 2195 22 18 lu
127 2194 39 18 miô
173 2193 82 22 piaeere.

39 2222 50 18 Mille
97 2219 58 20 saluti
163 2219 83 17 d’amore

40 2247 25 18 Da
70 2251 14 14 u
90 2246 59 18 fondu
156 2244 21 18 di
182 2245 33 17 stu
221 2242 38 19 miô
266 2244 44 15 core
314 2242 5 18 !

68 2278 153 24 L’Artigliore
230 2276 23 19 di
260 2280 17 13 u
285 2273 35 20 94.

32 2366 4 4 ■
76 2354 16 27 A
102 2353 68 28 Yanità
183 2351 75 34 d’ojMe

38 2407 104 23 Unn’aghiu
150 2410 23 13 ea
180 2402 124 21 diciott’anni,

41 2433 14 18 E
61 2432 95 24 principiu
163 2431 22 18 in
191 2429 73 23 puesia.

39 2459 17 17 À
62 2459 18 18 le
88 2463 35 14 nos
124 2459 28 17 ire
160 2455 98 20 damicelle

40 2484 76 21 Qualehi
124 2483 57 18 cantu
188 2482 21 18 fà
216 2479 64 20 vurria

41 2509 34 18 Per
83 2509 52 23 parla
142 2513 28 13 un
181 2505 108 24 suppulellu

42 2535 22 18 Di
70 2540 12 12 a
90 2539 21 14 so
120 2538 51 15 vana
178 2531 88 20 fantasia.

42 2573 34 19 Eiu
82 2576 57 17 trovu
148 2578 34 19 per
190 2573 39 18 miô
236 2571 53 23 parte

32 2598 132 20 Ch’eU’ban’un
173 2597 83 20 cerbellu
264 2600 58 13 vanu.

42 2624 105 23 Quand’elle
155 2625 78 18 sortenu
241 2622 41 18 fora

43 2650 52 19 Hanu
102 2651 22 18 lu
131 2649 88 20 bursellu
226 2648 21 18 in
254 2651 57 14 manu

43 2675 59 20 Pienu
109 2681 14 14 a
130 2676 51 18 tinte
188 2679 12 14 e
208 2679 11 13 a
227 2673 86 23 profume

24 2699 31 19 Chi
61 2706 13 13 u
80 2702 60 18 ventu
144 2699 89 24 sparghie
237 2699 86 17 luntanu.

343 374 29 18 Un
380 375 18 18 ci
407 376 30 19 n’è
445 382 56 13 senza
509 379 65 18 catene

342 400 16 17 A
367 405 12 13 u
388 402 51 18 collu
448 408 23 12 eu
478 403 80 18 «broche
563 408 24 13 en
594 409 36 13 or».

343 425 66 24 Scarpi
413 427 35 18 alti
453 433 5 13 :
465 427 59 18 unn’è
531 428 32 22 più
572 429 59 22 l’usu,

344 450 22 18 Ci
374 452 64 18 ’oienu
446 453 15 18 li
469 453 63 22 scarpi
539 460 9 10 «
555 456 66 20 sport»

344 476 29 18 Un
382 477 17 18 si
408 482 66 18 campa
482 482 21 13 ca
510 478 25 22 pè
542 484 14 13 u
569 479 62 22 lussu,

345 501 59 23 Oghie
412 503 86 18 terrihile
506 503 88 19 influssu.

345 549 29 18 Un
383 550 112 21 s’accapanu
502 549 20 17 le
530 554 80 13 mamme

325 573 55 19 S’elle
388 578 52 13 vanu
448 578 12 13 a
468 573 7 18 i
480 579 9 11 «
494 574 69 18 rendez
568 579 65 13 vous»-

346 599 27 18 Né
380 599 135 22 l’obliganuai
523 599 66 23 yestiti

325 624 70 23 Longhi
399 629 11 13 e
414 629 24 13 eu
442 625 191 21 menu«chouchoux»,

346 649 22 18 Li
376 654 85 18 speranu
468 649 125 24 l’impiegatu,

347 674 35 19 Chi
390 680 14 12 u
413 679 34 18 pas
450 676 39 17 tore
497 680 27 13 un
531 675 42 18 baie
582 675 39 23 più.

347 721 17 18 U
371 721 44 18 solu
422 721 96 22 travagliu
523 721 11 18 è
542 721 47 18 l’acu

347 746 27 18 Pô
381 751 12 13 a
400 747 91 22 puntetta
498 751 11 13 e
517 747 21 17 lu
546 746 87 18 riccame.

348 771 9 17 I
365 772 94 17 vesütelli
467 771 21 18 di
496 772 41 17 seta

349 796 24 18 Sô
381 797 19 17 le
409 801 21 14 so
438 797 72 18 uniehe
519 797 70 21 brame,

348 821 15 18 E
372 822 17 17 si
397 822 68 18 ridenu
476 822 26 17 d’i
510 822 58 22 tempi

349 846 79 22 Quandu
437 848 18 18 si
461 847 59 18 filava
527 852 13 13 u
548 848 67 17 stame.

351 893 17 17 A
376 892 61 19 rohba
444 893 25 18 và
477 892 114 18 accurtendu

350 917 15 18 E
373 918 105 23 ghiunghie
484 922 11 13 a
500 917 135 22 l’infurcatura,

351 943 15 18 E
373 943 85 18 s’ell’usa
466 943 68 18 d’andà
541 943 52 18 nude

350 968 135 19 Unn’averauu
492 973 58 18 peura

351 994 23 17 Di
382 994 20 18 fà
408 995 50 17 vede
465 999 12 12 a
485 994 8 17 i
500 993 107 23 giuvanotü

326 1033 4 4 .
352 1019 15 18 E
374 1019 82 18 bellezze
464 1019 21 18 di
492 1024 11 13 a
510 1019 73 18 natura.

352 1065 18 18 À
377 1065 50 22 majô
435 1066 54 21 parte
496 1064 21 18 di
525 1069 11 13 e
543 1064 62 18 donne

352 1090 27 18 Ne
387 1090 111 18 marchianu
506 1089 42 22 capi
555 1090 50 20 tose,

353 1115 126 22 Pumpunate,
488 1115 90 22 pitturate

354 1140 15 18 E
376 1141 70 18 carche
454 1140 21 18 di
482 1140 51 18 belle
540 1144 49 17 cose,

354 1165 15 18 E
376 1170 28 14 un
412 1165 73 18 volenu
492 1165 74 18 ch’omu
576 1164 42 17 dica

355 1191 35 18 Chi
398 1192 22 17 sô
427 1192 70 22 troppu
505 1190 93 18 vanitose.

355 1236 29 19 Un
393 1237 19 18 si
419 1236 49 23 parli
477 1236 21 17 di
505 1235 95 22 travagliu

355 1262 73 18 Perché
436 1262 18 17 si
461 1265 26 14 ne
494 1261 58 22 perde
560 1261 57 19 l’usu,

356 1287 15 17 E
379 1288 82 16 trovanu
469 1285 32 18 chi
507 1285 89 17 l’antiche

356 1311 28 18 Ne
391 1311 76 18 faciauu
475 1314 28 13 un
513 1309 66 18 abusu.

356 1334 143 21 Abbandunat’è
505 1335 20 18 la
532 1338 53 14 rocca

357 1362 14 19 E
379 1362 126 19 scambattatu
512 1361 21 17 lu
544 1360 51 17 fusu.

459 1395 20 19 U
489 1394 129 19 Petrulanu.

337 1489 19 24 R
367 1496 12 17 u
393 1494 35 18 me
442 1487 66 24 amicu
521 1485 23 24 fl.
559 1483 83 26 Bardini

360 1557 14 19 0
383 1557 107 20 Carissimu
497 1555 89 20 Amedeu,

360 1584 25 19 Sò
393 1585 112 18 veramente
513 1582 80 23 stupitu.

360 1611 50 18 Eccu
418 1611 34 22 più
460 1610 21 17 di
488 1609 67 22 cinque
563 1608 49 18 mesi

361 1637 36 18 Chi
404 1638 23 17 tu
435 1641 41 14 nun
484 1635 39 18 mai
527 1635 33 22 più
568 1633 75 21 scrittu,

339 1663 69 23 Eppui’
412 1662 66 18 niente
482 1666 28 13 un
516 1660 72 23 t’aghiu
596 1659 49 18 fattu

362 1689 37 18 Chi
409 1688 15 18 ti
432 1692 58 19 pessa
497 1686 35 19 avè
542 1685 81 23 culpitu.

362 1728 80 23 T’aghiu
451 1727 82 19 mandat’
537 1731 39 14 una
583 1725 53 18 carta

363 1754 25 19 Pè
396 1755 22 17 lu
426 1753 62 24 prima
495 1753 21 18 di
528 1751 105 24 jannaghiu
639 1754 6 17 ;

362 1780 61 19 Avale
431 1783 55 15 semu
493 1777 64 24 diggià

363 1807 28 17 Lu
399 1803 106 25 quatordici
512 1804 21 17 di
539 1802 84 23 maghiu,

364 1831 14 18 E
386 1831 21 18 di
415 1832 26 20 te,
451 1827 69 21 nissuh
527 1828 81 23 risposta

364 1856 159 19 Ricevut’ancora
535 1852 111 23 unn’aghiu.

365 1897 49 23 Soga
421 1897 17 18 ti
446 1896 29 19 sei
483 1895 95 21 scurdatu,

365 1922 14 19 O
387 1923 102 18 carissimu
494 1919 108 22 amicacciu,

365 1948 63 22 Quelli
432 1947 114 24 quattr’anni
550 1947 98 18 ch’avemu

365 1973 82 18 Passatu
454 1973 73 18 inseme
534 1973 21 17 in
561 1970 87 25 Ajacciu?

366 1999 36 18 Per
407 1999 38 18 ’sse
450 1998 144 22 queile..avemu
599 1996 49 18 fattu

366 2024 75 18 Inseme
449 2023 34 23 più
490 2024 45 17 d’un
540 2021 99 23 culpacciu
643 2020 4 18 !

366 2064 28 18 No
401 2067 5 17 !
415 2064 31 18 Ma
453 2064 51 18 forse
512 2064 23 17 tu
542 2061 94 24 aspettavi

366 2089 43 18 Ch’i
417 2089 63 18 freddi
486 2089 54 18 sìanu
547 2087 54 18 finiti
605 2086 10 19 ?

366 2115 99 22 Aspettavi
473 2114 38 18 eh’i
524 2112 92 23 chiarasgi

366 2140 87 19 Eussinu
461 2139 47 19 tutti
517 2139 62 18 fiuriti
584 2137 10 19 ?

367 2166 54 18 Saria
429 2167 78 21 dunque
516 2164 35 19 avà
559 2164 47 18 l’ora

366 2191 23 19 Di
397 2191 68 18 dimmi
473 2191 31 18 chi
509 2191 17 17 ti
533 2189 71 18 mariti.

368 2231 14 18 0
391 2232 61 17 allora
459 2230 72 23 aspetti
538 2233 80 18 sempre,

369 2257 68 18 Amicu
447 2255 80 24 garbatu
535 2259 10 14 e
553 2254 59 21 bellu,

370 2281 74 19 Ch’ella
451 2285 63 19 venga
521 2280 18 18 la
547 2284 30 14 me
586 2279 50 18 festa

356 2307 37 19 Per
399 2306 116 19 mandammi
521 2310 26 13 un
551 2303 100 24 rigalellu?

369 2332 32 22 Or,
410 2333 22 18 sô
440 2331 65 24 diggià
513 2332 77 22 quattru
604 2329 48 19 mesi

369 2358 46 19 Ch’è
422 2359 78 22 passatu
508 2356 37 19 San
550 2356 91 19 Marcelin
645 2354 5 19 !

369 2398 14 19 O
391 2398 66 21 allora,
467 2401 45 14 earu
520 2397 69 21 amicu,

368 2423 33 19 ï’è
409 2423 83 19 stalbatu
500 2422 76 23 qualehi
588 2421 50 18 male
642 2419 10 19 ?

370 2449 29 19 Sè’
409 2449 64 18 mortu
482 2448 19 18 di
509 2452 49 18 pena
565 2447 21 18 in
595 2451 58 18 corpu

370 2474 13 19 0
392 2475 22 18 in
422 2478 47 15 cura
476 2479 12 13 a
495 2473 98 23 l’ospidale
597 2471 10 19 ?

369 2501 48 18 Inné
423 2500 5 17 !
438 2499 81 19 l’avaria
526 2499 51 18 vista

369 2527 68 17 Annan
438 2525 25 18 t’a
471 2525 76 22 qualehi
558 2523 93 23 giurnale.

370 2566 71 20 Allora,
451 2565 72 20 dimmi,
533 2563 100 22 ch’aspetti

370 2591 37 19 Per
411 2591 68 18 fammi
484 2589 74 24 qualehi
562 2587 91 24 risposta?

370 2616 44 23 Sog’
421 2616 65 18 avaria
493 2615 105 22 scioperatu

370 2643 17 17 A
394 2641 146 23 vostr’ajaceina
548 2641 60 21 posta,

371 2667 14 19 0
395 2668 51 19 saria
454 2667 69 18 ch’una
530 2665 103 19 franchizia

371 2693 37 19 Per
416 2694 20 17 te
443 2694 70 21 troppu
522 2696 42 14 cara
571 2691 54 18 costa
630 2689 9 19 ?

679 380 62 19 S’ell’è
749 385 34 17 per
792 382 68 21 questu
868 381 78 17 rautivu

679 405 36 18 Chi
722 405 27 18 c’è
758 406 82 17 silenziu
847 406 92 20 tamantu,

680 430 94 21 Serivimi,
784 435 44 13 caru
837 430 79 21 Baldini,

680 454 59 19 Senza
747 455 34 22 più
793 456 71 21 aspettà
873 456 57 17 tantu

680 479 14 17 E
703 480 94 17 mandami
807 485 27 12 un
842 480 91 18 letterinu

680 503 59 20 Senza
742 505 19 18 la
765 505 102 18 franchizia
872 506 89 17 annantu.

682 545 55 18 S’ella
747 547 15 17 ti
769 551 67 13 manca
843 547 18 17 la
869 548 59 19 carta,

681 570 77 18 Dillami
766 575 56 14 senza
829 575 69 18 penser
899 575 24 16 u;

681 595 22 17 Ti
710 596 19 17 la
736 596 138 22 manderaghiu
882 596 33 17 eiu

682 620 36 18 Per
726 620 75 19 ritornu
809 621 21 17 di
837 620 93 18 currieru.

681 645 68 19 Ricevi
757 646 76 18 intantu
842 651 27 13 un
878 646 65 17 salutu

681 671 23 18 Di
713 676 13 13 u
735 672 20 17 to
763 671 64 18 amicu
837 671 82 18 sinceru.

709 704 30 18 M.
747 704 28 19 A.
786 704 24 18 di
819 703 119 20 Chidazzo.

660 794 154 30 Risposta
822 801 20 17 a
850 793 73 25 C.di
929 792 34 25 C.

683 864 25 18 La
717 864 37 17 miô
763 864 90 18 Culomba
860 864 83 20 adorata,

683 889 64 18 Eccuti
756 890 76 21 partuta
839 889 21 17 in
867 889 49 18 losa.

682 914 65 20 ■Forse,
757 914 34 18 ’nu
798 915 19 17 la
825 914 37 17 miô
871 914 75 18 cantata

684 938 22 19 Ci
714 939 72 18 avresti
795 941 56 16 trovu
861 939 90 22 qualeosa
957 936 10 23 f

685 964 80 23 Pigliala
772 964 92 18 cum’ell’è
872 964 50 21 data,

684 990 18 17 A
709 990 38 17 miô
757 989 93 18 musaecia
858 989 11 18 è
875 989 91 22 ghielosa.

686 1032 128 21 Ma,t’accertu
823 1031 31 18 chi
861 1031 85 21 l’amore,
968 1037 4 3 ■

686 1056 131 22 Quand’ell’un
825 1056 27 18 c’è
865 1055 102 23 ghielusia,

686 1077 15 23 È
709 1082 103 22 platonicu,
818 1087 28 12 un
853 1082 28 17 c’è
889 1085 12 14 a
909 1085 58 17 corre;

686 1107 15 18 E
710 1108 76 21 questu,
793 1107 98 18 manc’una
900 1106 46 21 cria;

687 1128 15 22 È
710 1133 84 18 sublime
802 1132 74 23 quande
883 1136 14 12 u
905 1131 50 22 joeu,

688 1157 132 23 Fiacculeghia
828 1161 54 14 cume
890 1156 51 18 focu.

687 1200 39 22 Sai,
734 1205 35 17 per
776 1204 43 13 esse
827 1197 108 24 pasturella,

687 1225 84 20 La.heltà
779 1225 22 18 di
807 1225 19 17 la
834 1225 76 19 natura,

687 1250 67 18 Nant’a
761 1250 62 17 fresea
831 1247 110 19 erbicineUa

688 1274 77 21 Quantu
772 1274 66 17 rosula
843 1273 72 22 figura,

688 1298 15 18 E
710 1299 22 18 lu
740 1298 84 22 squisitu
833 1297 88 22 profume

688 1323 68 19 Manda
764 1328 28 13 un
800 1324 93 22 pueteseu
901 1321 59 18 lume.

680 1368 60 18 -Puru
748 1368 62 17 nantu
816 1366 16 18 li
840 1365 97 24 sciappali,

690 1393 79 22 Quandu
777 1392 57 19 soffia
841 1392 20 18 lu
872 1391 77 21 zefîiru,

689 1419 91 18 L’imbelu
788 1418 20 17 di
814 1417 92 18 l’animali

690 1444 21 18 Ci
718 1444 58 23 jugne
784 1447 55 14 cume
846 1447 27 14 un
886 1441 84 23 suspiru.

690 1470 16 17 A
714 1469 125 18 nostr’omhra
846 1468 16 18 si
871 1467 93 18 cunfonde

690 1494 29 19 Cn
726 1495 74 22 l’acqne
807 1494 64 18 chiare
876 1493 20 18 di
903 1492 68 18 Fonde.

691 1538 81 22 Quandu
779 1538 83 22 appunta
869 1537 22 17 lu
897 1540 68 14 serenu

691 1563 15 19 E
714 1564 31 18 chi
753 1564 19 17 la
779 1563 47 18 luna
834 1562 99 21 tramonta,

691 1590 75 18 Isbiona
773 1593 75 18 sempre
855 1593 12 18 p
869 1588 54 18 routa

691 1616 18 18 A
716 1615 108 22 chiappacci
832 1618 48 15 senu
887 1618 12 13 a
908 1617 54 16 senn,

692 1640 29 19 Cu
728 1640 68 24 pallidi
803 1639 52 23 raggi
864 1639 37 18 tesi

693 1666 22 19 Ci
722 1667 54 18 torna
784 1666 21 18 in
813 1665 65 18 ombre
885 1664 67 19 einesi.

693 1709 83 19 Silenzin
783 1708 64 19 !...ma
854 1713 12 13 e
874 1707 100 18 nostr’idee

692 1735 80 23 Voganu
780 1735 20 17 in
809 1733 151 19 l’ineunuscintu
968 1737 6 16 ;

693 1760 15 18 E
716 1761 40 18 toie
764 1760 21 19 sô
795 1760 60 18 eum’e
862 1758 56 21 meie,

693 1786 124 18 Yurrebbenu
824 1784 106 19 l’assolutn.

693 1821 25 4 —
726 1811 40 19 Soli
773 1811 42 22 qui,
823 1814 44 14 cosa
875 1809 17 18 ci
901 1808 54 19 fate?

693 1846 25 5 —
724 1837 41 18 Deh
768 1835 5 19 !
780 1835 122 20 cunsultemu
907 1835 18 18 le
930 1833 45 20 fate!

693 1881 90 20 L’amore,
794 1879 44 18 inde
845 1878 119 23 Rimaglione,

693 1905 31 19 Un
731 1906 19 17 ci
760 1906 76 17 accosta
843 1909 69 13 mancu
920 1903 44 18 cria.

694 1931 47 18 Face
749 1934 75 18 sempre
831 1930 20 18 lu
857 1929 87 21 huffone,

695 1956 134 18 Curtizerebbe
836 1955 70 18 ürania

674 1981 33 19 Chi
716 1982 25 17 ha
748 1981 86 22 rispostu
839 1985 5 13 :
850 1986 9 11 «
864 1981 17 16 A
891 1980 85 20 furtuna,

695 2007 34 18 Bai
737 2011 11 13 e
756 2005 74 19 cercala
838 2005 20 18 in
866 2006 19 17 la
891 2005 47 17 luna
944 2004 5 17 !
956 2010 9 11 »

695 2049 28 18 Mi
729 2053 45 19 pare
781 2053 29 13 un
817 2050 41 17 otre
870 2047 108 22 imbnffaiu,

696 2074 71 19 Gonfiu
775 2074 21 17 di
804 2074 18 17 le
831 2078 20 14 so
859 2077 83 14 canzone
949 2077 6 17 ;

696 2099 92 22 Vecehiu,
797 2099 87 22 insipitu,
892 2098 73 18 tuffatu

697 2124 35 19 Chi
739 2125 54 18 batte
800 2125 21 18 lu
824 2124 120 18 .tintinnone.

697 2150 58 19 Cume
763 2155 32 14 me
808 2149 92 23 penserai,
910 2153 56 18 speru
972 2153 6 12 :

696 2176 119 23 Rimaglione
820 2180 27 13 un
849 2175 43 18 baie
895 2179 28 13 un
927 2178 51 14 zeru.

696 2219 65 18 Adoru
769 2223 40 13 una
817 2218 59 18 faccia
883 2218 65 18 chiara

686 2245 52 18 Duve
744 2244 89 23 specchia
837 2244 18 17 la
862 2244 117 21 franchezza,

697 2270 54 18 Duve
759 2275 12 13 a
777 2274 91 13 cuscenza
876 2273 67 18 sépara

699 2296 28 18 Lu
735 2295 54 18 viziu
797 2296 24 17 da
828 2296 19 17 la
853 2295 100 22 prudezza.

697 2321 80 18 Detestu
785 2321 20 18 le
812 2320 104 19 sciabulate

699 2346 36 19 Chi
742 2347 25 17 da
775 2351 23 14 se
806 2347 65 17 stessu
879 2345 22 19 sô
909 2345 50 18 date.

724 2381 19 19 U
751 2381 72 18 Pueta
830 2380 130 23 pippaghxti.

1005 95 139 35 Cuncorsu
1168 90 260 45 d’impruvisazione

1080 149 34 35 A’
1128 149 83 35 Santa
1225 146 32 35 di
1273 144 80 37 Niolu

1026 205 157 28 Organisât
1184 209 17 16 u
1214 202 33 22 da
1259 200 22 22 A
1293 201 92 21 Muvra
1397 207 12 14 e

979 237 201 22 l’Assuciazione
1189 235 36 22 d’i
1232 234 75 22 Pueti
1314 233 138 23 Dialettali.

1014 306 21 22 U
1047 313 115 15 cuncorsu
1176 306 24 22 di
1212 307 69 21 cantu
1293 304 160 29 impruvisatu,

987 346 29 15 eu
1028 340 104 28 suggetli
1140 340 64 21 tirati
1227 346 14 14 a
1253 337 120 22 Timbusca
1395 337 29 22 da
1447 336 8 21 i

987 373 159 26 cuncurrenti,
1164 373 21 21 si
1198 372 78 22 tenerà
1288 371 132 27 quist’annu
1432 370 24 20 in

987 405 79 26 Niolu,
1090 408 64 19 soltu
1171 412 15 15 a
1206 403 117 24 direzione
1343 404 23 21 di
1385 403 71 22 Petru

988 438 207 26 Rocca,Direltore
1204 438 25 22 di
1240 438 21 21 A
1266 435 90 28 Muvra,
1367 435 91 23 assisti-

989 474 24 19 tu
1022 472 30 21 da
1061 479 15 14 u
1087 471 183 29 Sampeiracciu,
1279 469 131 22 Secretariu
1418 474 40 22 ge-

989 505 79 21 nerale
1076 505 24 21 di
1107 505 183 21 l’Assuciazione
1299 502 30 23 d’i
1336 502 63 30 pueti
1410 501 49 21 dia-

989 536 82 27 letlali,
1092 545 14 14 e
1123 538 30 21 da
1164 545 31 14 un
1216 538 61 28 giuri
1296 537 121 27 cumpostu
1434 534 24 21 di

990 575 100 22 persone
1102 571 151 27 cumpetenti.

1008 602 20 21 4
1037 603 151 22 cuncurrenti
1207 604 27 20 sò
1254 602 90 29 pregati
1361 601 23 22 di
1401 599 59 23 fassi

989 635 77 22 scrive
1077 636 79 22 avanti
1166 643 16 15 u
1194 636 28 22 15
1233 638 92 27 agostu.

1018 668 62 22 Frai
1091 669 84 28 premii
1187 676 14 14 a
1214 669 177 26 dassi,.saremu
1403 673 57 16 cun-

991 703 56 20 tenti
1057 702 24 22 di
1100 703 107 28 pudenne
1222 701 116 23 annuncià
1359 700 102 29 qualehi-

991 735 70 22 d’unu
1079 737 166 27 cunsequente,
1272 735 24 21 in
1319 735 17 21 li
1353 733 108 30 prossimi

991 769 99 25 numari,
1121 776 14 15 a
1152 768 118 23 l’araatori
1292 768 23 22 di
1336 769 66 20 cantu
1418 773 13 15 e
1449 773 13 14 a

991 801 73 29 quelli
1079 802 39 22 chi
1131 804 98 20 trovanu
1249 802 92 28 piaeere
1364 807 13 15 a
1396 802 67 19 sente

992 837 66 19 canlà
1070 841 78 16 corsu.

1018 868 22 21 A
1048 868 56 22 lista
1117 868 128 28 cumpletta
1254 868 23 21 di
1284 868 9 21 i
1301 866 83 30 premii
1392 873 12 15 e
1413 874 14 14 a
1436 872 28 16 so

993 901 199 26 classifieazione,'
1201 901 92 28 l’epuca
1305 907 13 15 e
1327 907 13 15 e
1349 899 79 29 régulé
1439 899 26 21 di

993 941 16 15 u
1028 941 125 20 cuncorsu,
1167 941 87 15 saranu
1272 933 117 29 publicate
1404 932 59 22 ulte-

993 967 135 22 rionnente.

1021 1024 74 22 Nota.
1105 1035 28 5 —
1142 1023 19 22 E
1174 1029 100 23 persone
1291 1022 132 22 desiderose
1441 1021 24 22 di

994 1057 141 22 soltuserive
1151 1064 14 14 o
1177 1056 61 23 offre
1249 1057 22 21 aï
1274 1056 28 22 tri
1313 1055 77 28 primii
1401 1057 29 26 pè
1450 1062 16 14 u

995 1097 125 20 cuncorsu,
1130 1092 28 20 sô
1169 1092 98 27 pregate
1287 1089 24 22 di
1332 1088 55 22 falla
1410 1089 57 27 sapé

994 1124 81 22 avanti
1091 1131 16 14 u
1121 1123 28 22 15
1167 1126 93 26 agostu.
1273 1123 19 22 E
1312 1121 154 28 ringraziemu

995 1157 123 22 d’avanzu.

1008 1275 247 30 Cummumqué
1267 1275 19 23 à
1297 1275 34 23 la
1343 1274 115 25 Presse

1026 1362 100 22 Service
1137 1360 334 30 Téléphonique.—Pendant

997 1397 24 21 la
1037 1396 104 27 période
1161 1396 31 21 de
1210 1395 63 22 mise
1291 1400 30 15 au
1339 1396 69 26 point
1427 1395 43 21 des

998 1432 117 20 centraux
1121 1429 176 27 automatiques
1303 1428 30 21 de
1340 1428 129 26 Marseille,

997 1464 37 21 les
1046 1463 110 23 abonnés
1168 1463 61 22 dont
1236 1463 36 21 les
1279 1464 84 25 postes
1374 1464 56 20 sont
1440 1467 31 16 en

998 1497 176 29 dérangement
1191 1497 124 28 pourront,
1333 1501 55 16 sans
1399 1501 73 23 paye-

998 1533 69 20 ment
1083 1530 136 27 immédiat,
1240 1529 96 23 obtenir
1351 1530 42 21 des
1405 1534 66 17 com-

998 1565 165 22 munications
1183 1563 14 23 à
1217 1564 76 28 partir
1312 1563 43 22 des
1374 1563 98 22 cabines

1000 1599 127 28 publiques
1146 1605 42 16 sur
1202 1598 87 28 simple
1308 1596 164 29 présentation

1000 1633 30 21 de
1040 1633 55 22 leur
1108 1633 112 22 dernière
1238 1633 120 27 quittance
1376 1631 96 22 d’abon-

1000 1668 107 20 nement.

1028 1699 49 23 Ces
1090 1700 221 22 communications
1326 1701 83 20 seront
1418 1704 55 22 por-

1000 1733 52 23 tées
1060 1740 30 16 au
1099 1738 97 24 compte
1205 1734 43 22 des
1256 1733 108 23 abonnés
1373 1732 102 23 intéres-

1001 1767 39 22 sés
1052 1768 61 21 dans
1123 1769 36 20 les
1171 1769 93 21 mêmes
1278 1767 138 22 conditions
1427 1772 47 22 que

1002 1802 75 21 celles
1095 1802 81 27 prises
1196 1801 14 23 à
1229 1801 76 28 partir
1327 1801 43 22 des
1391 1802 83 26 postes

1001 1835 93 28 privés.

1123 1870 32 22 Le
1169 1870 138 22 Directeur
1321 1868 126 29 régional,

1156 1903 79 25 Signé
1240 1910 9 15 :
1263 1902 145 23 L’Herbier.

1178 2034 129 30 Mozze

1033 2117 89 23 Sabatu
1133 2123 93 20 scorsu,
1246 2123 29 22 30
1283 2118 87 27 jugnu,
1389 2116 13 22 è
1414 2118 63 20 statu

1006 2152 122 21 celebratu
1140 2158 16 15 u
1167 2151 158 22 matrimoniu
1336 2151 24 22 di
1368 2157 14 15 a
1390 2151 88 27 simpa-

1004 2186 49 21 tica
1079 2185 170 22 Madamicella
1258 2204 3 3 .
1276 2184 91 23 Cecilia
1387 2183 90 27 Nicoli,

1004 2219 94 28 fîgliola
1106 2219 25 21 di
1140 2225 16 15 u
1165 2218 60 29 Sgiò
1238 2218 105 22 Camillu
1353 2218 88 26 Nicoli,
1450 2222 29 17 eu

1006 2259 16 16 u
1034 2255 86 20 nostru
1132 2253 104 21 distintu
1250 2252 78 22 amicu
1343 2251 137 22 Dumenicu

1007 2286 106 23 Peraldi.

1036 2320 55 23 Una
1102 2326 130 16 numerosa
1246 2326 15 15 e
1272 2320 74 22 scelta
1359 2322 78 20 scorta
1449 2319 31 22 ha

1007 2356 192 27 accumpagnatu
1215 2355 9 21 i
1238 2354 101 28 giovani
1359 2354 63 27 sposi
1436 2360 14 15 a
1465 2359 16 15 u

1008 2388 136 28 municipiu
1157 2394 13 15 e
1183 2388 25 21 in
1221 2387 80 22 chiesa
1315 2387 24 22 di
1355 2386 46 23 San
1415 2387 66 22 Roc-

1009 2428 38 15 cu.

1037 2456 143 28 Auguremu
1188 2461 14 16 a
1210 2457 39 20 stu
1258 2455 129 27 simpaticu
1394 2454 87 27 coppiu

1009 2496 48 16 una
1067 2490 52 21 vita
1131 2489 118 22 d’unione
1260 2489 73 27 longa
1345 2494 13 15 e
1369 2487 78 23 felice.

1040 2605 82 24 Quelli
1133 2605 42 22 chi
1191 2605 119 22 ricevenu
1323 2605 24 21 A
1364 2604 119 23 MUVRA

1010 2649 15 16 e
1042 2642 74 23 ch’un
1135 2642 23 22 si
1173 2642 94 21 volenu
1277 2641 80 22 micca
1373 2639 110 28 abbünà,

1010 2679 130 22 unn’hanu
1148 2684 30 16 ca
1186 2684 15 16 a
1207 2677 120 22 ricusalla
1333 2683 16 16 a
1355 2684 17 15 u
1377 2677 106 26 pedone.

1611 81 73 59 Le
1727 79 195 55 Procès
1963 75 71 55 da
2077 69 247 69 Complot

1503 163 379 61 Autonomiste
1923 151 509 63 Alsacien-Lorrain

1921 246 91 29 [Suite)

1506 357 31 21 M.
1554 356 92 21 Ricklin
1664 355 40 20 fait
1721 358 135 19 remarquer
1873 357 45 18 que
1936 350 22 19 la

1482 385 109 20 situation
1600 380 214 24 constitutionnelle
1831 379 55 20 dont
1899 377 61 26 jouit

1483 413 96 20 l’Alsace
1586 413 13 19 à
1609 412 87 19 l’heure
1709 409 29 20 où
1747 409 18 20 il
1774 407 57 21 écrit
1845 413 29 13 ne
1881 406 78 20 donne

1484 447 39 19 pas
1528 441 35 20 les
1567 439 117 25 garanties
1689 435 168 23 nécessaires.Il
1862 435 97 23 fautque

1483 469 22 20 le
1512 469 183 24 gouvernement
1702 464 102 24 français
1813 466 94 22 apporte
1919 461 41 19 des

1484 495 172 21 modifications
1662 494 13 19 à
1681 499 25 14 ce
1712 492 87 25 régime
1804 489 156 22 d’unitarisme

1484 528 23 16 et
1514 525 30 19 de
1552 522 171 21 centralisation
1730 520 30 19 où
1766 519 96 20 l’Alsace
1868 524 25 13 se
1899 521 61 16 trou-

1485 558 28 14 ve
1527 551 46 20 mal
1581 551 13 19 à
1603 550 74 20 l’aise.
1688 549 17 19 I!
1719 547 41 20 fait
1769 551 134 19 remarquer
1915 550 46 18 que

1485 582 60 17 cette
1557 576 154 22 modification
1728 574 87 21 semble
1827 572 135 25 impossible

1485 608 14 18 à
1507 607 22 19 la
1539 604 106 26 majorité
1659 604 40 19 des
1713 601 108 24 Français
1829 601 17 19 il
1860 603 35 17 est
1903 599 57 22 vrai,

1486 634 58 20 mais
1552 633 53 26 qu’à
1613 632 91 21 l’heure
1718 630 99 21 actuelle
1825 635 32 14 un
1870 633 93 15 mouve-

1486 666 63 16 ment
1566 667 24 14 se
1608 665 102 20 propage
1724 659 28 19 de
1769 661 75 17 toutes
1861 660 64 21 parts
1933 661 29 14 en

1486 689 81 20 faveur
1583 689 30 19 du
1631 686 164 26 régionalisme
1813 688 23 17 et
1857 690 44 19 que
1922 683 41 20 des

1487 717 104 20 hommes
1596 716 81 20 sensés
1683 714 130 21 travaillent
1818 713 57 20 dans
1881 718 26 14 ce
1913 712 49 20 but.

1488 745 116 20 Retenons
1612 750 47 14 une
1668 742 83 25 phrase
1763 742 96 24 typique
1866 740 29 20 de
1904 742 60 17 cette

1488 773 69 20 lettre
1570 776 23 16 et
1601 772 40 25 qui
1657 770 106 25 explique
1778 769 52 19 bien
1839 769 21 19 la
1877 767 87 25 pensée

1489 800 28 20 de
1526 800 30 20 M.
1566 799 100 22 Ricklin,
1676 797 82 25 phrase
1767 803 41 14 sur
1815 796 99 25 laquelle
1923 794 42 20 lui-

1489 828 75 20 même
1578 827 97 20 insiste:
1687 832 9 10 «
1706 825 44 20 Les
1766 824 115 24 Français
1887 824 78 19 seront

1490 858 103 17 contents
1600 855 23 20 si
1630 852 224 22 TAlsace-Lorraine
1868 853 96 18 autono-

1490 890 37 13 me
1536 885 58 17 reste
1603 882 55 20 unie
1666 881 16 19 à
1691 881 25 19 la
1725 880 96 22 France,
1832 879 55 20 c’est
1900 877 66 21 aussi

1491 913 66 18 notre
1565 910 68 20 désir.
1644 914 12 11 »

1514 938 66 20 Cette
1593 937 85 24 phrase
1691 935 86 20 détruit
1792 935 34 20 les
1834 933 71 26 griefs
1920 934 46 19 for-

1490 966 74 20 mulés
1578 968 81 17 contre
1666 964 33 20 lui
1712 963 59 20 dans
1779 963 22 19 la
1815 962 67 20 lettre
1890 962 77 24 précé-

1490 994 77 22 dente,
1577 993 29 20 où
1615 993 16 19 il
1641 995 36 17 est
1685 990 63 26 parlé
1756 991 30 19 de
1794 990 21 20 la
1823 989 143 20 destruction

1491 1021 30 19 du
1530 1020 75 21 cadre.
1613 1020 18 20 Il
1640 1018 110 21 continue
1759 1018 53 24 plus
1820 1017 47 20 loin
1874 1024 7 12 :
1888 1021 11 11 «
1906 1016 62 21 C’est

1491 1055 31 13 un
1532 1048 118 24 problème
1657 1046 102 23 difficile,
1768 1046 59 19 mais
1841 1045 127 20 nullement

1492 1076 122 21 insoluble.
1630 1076 19 19 Il
1658 1075 48 20 faut
1719 1073 120 21 travailler
1852 1073 28 19 de
1893 1077 75 15 toutes

1493 1110 43 14 nos
1548 1103 75 20 forces
1638 1106 24 17 et
1676 1101 96 21 éclairer
1785 1101 111 24 l’opinion
1910 1107 58 17 pour

1493 1131 89 21 aboutir
1589 1137 30 14 au
1629 1131 153 23 changement
1789 1129 29 19 de
1825 1129 23 20 la
1860 1128 108 20 constitu-

1494 1159 47 20 tion
1550 1158 121 24 française.
1679 1166 11 11 »

1519 1195 12 11 «
1544 1192 81 14 toutes
1634 1192 34 14 tes
1677 1192 77 13 autres
1764 1192 79 12 lettres
1851 1192 118 11 auressees

1495 1214 52 20 à-M.
1558 1214 74 23 Riehi,
1642 1213 34 20 dit
1683 1212 29 21 M.
1724 1212 100 23 Ricklin,
1834 1215 54 16 sont
1901 1211 68 20 inuti-

1495 1242 34 20 les
1543 1246 23 16 et
1574 1242 90 19 vaines.
1680 1240 61 21 C’est
1749 1240 22 20 là
1784 1246 37 13 ma
1837 1239 93 25 pensée,
1944 1245 26 14 ce

1495 1275 46 19 que
1546 1269 41 24 j’ai
1596 1269 60 20 écrit
1662 1269 14 19 à
1684 1271 36 17 cet
1728 1267 104 20 écervelé
1846 1273 29 13 ne
1883 1272 88 18 preuve

1496 1298 49 19 rien
1552 1304 20 15 »,
1582 1300 23 16 et
1613 1296 16 20 il
1638 1295 113 20 demande
1760 1301 13 13 a
1787 1295 77 24 placer
1877 1301 32 13 un
1924 1298 48 16 mot

1496 1331 39 14 sur
1544 1324 30 21 M.
1583 1323 77 21 Riehi.
1669 1323 18 20 Il
1697 1323 64 20 vient
1769 1322 153 25 d’apprendre
1929 1322 43 19 dit-

1496 1353 25 23 il,
1531 1359 42 19 par
1580 1353 22 19 la
1610 1352 90 20 lecture
1709 1351 30 19 du
1750 1357 10 10 «
1766 1350 84 25 Temps
1857 1357 9 10 »
1877 1356 46 19 que
1935 1350 37 19 l’a-

1496 1384 56 22 gent
1559 1382 152 22 provocateur
1720 1378 56 20 était
1783 1378 82 25 depuis
1879 1378 41 19 des
1933 1384 40 13 an-

1497 1410 55 19 nées
1560 1415 29 13 au
1598 1407 92 21 service
1697 1406 29 20 de
1735 1405 32 21 M.
1776 1405 90 21 Mitton.

1523 1437 31 20 Le
1572 1435 119 26 président
1710 1437 112 21 proteste,
1835 1434 76 19 disant
1929 1439 45 19 que

1498 1465 114 20 vraiment
1619 1469 32 14 un
1660 1462 120 25 magistrat
1787 1461 34 20 tel
1829 1467 46 19 que
1886 1461 32 20 M.
1924 1461 51 20 Mit-

1498 1497 41 16 ton
1547 1498 13 14 a
1574 1493 12 19 à
1602 1492 121 22 s’occuper
1740 1489 105 20 d’autres
1861 1489 114 25 besognes

1498 1527 46 19 que
1551 1520 30 20 de
1588 1518 131 21 s’entendre
1725 1524 57 13 avec
1787 1518 41 19 des
1834 1520 82 22 agents
1924 1523 50 19 pro-

1498 1552 130 17 vocateurs.
1638 1547 59 20 Mais
1706 1546 61 20 voici
1777 1552 46 19 que
1831 1545 31 20 Me
1871 1545 66 20 Peter
1950 1551 25 14 se

1498 1577 52 20 lève
1555 1580 24 17 et
1583 1576 125 21 corrobore
1717 1575 34 20 les
1758 1574 62 20 dires
1829 1574 30 19 du
1867 1573 107 25 «Temps»

1499 1612 29 14 en
1537 1604 115 21 affirmant
1660 1603 50 25 qu’à
1725 1602 141 24 Strasbourg
1874 1601 16 20 il
1904 1601 72 20 existe

1499 1633 63 21 aussi
1570 1633 40 20 des
1618 1636 83 21 agents
1709 1634 165 22 provocateurs
1883 1636 28 13 en
1921 1629 56 20 rela-

1499 1662 62 21 tions
1570 1667 56 14 avec
1635 1661 23 20 la
1667 1659 170 26 gendarmerie.

1526 1689 29 21 M.
1565 1689 107 25 Mazoyer
1687 1687 112 21 demande
1814 1688 13 19 à
1844 1686 32 21 M.
1885 1686 91 21 Ricklin

1500 1718 53 26 quel
1563 1717 56 21 était
1627 1723 43 14 son
1679 1716 47 21 rôle
1734 1716 59 20 dans
1802 1715 21 20 la
1833 1715 103 20 création
1950 1714 28 20 de

1500 1748 21 20 la
1532 1755 11 12 «
1550 1746 164 21 Volksstimme
1723 1752 11 12 »
1744 1748 23 17 et
1783 1744 29 20 de
1824 1743 134 21 l’«Erwinia
1966 1747 11 12 »

1500 1774 154 27 (Imprimerie
1663 1773 110 21 d’édition
1788 1773 29 20 de
1831 1771 150 25 Strasbourg-

1501 1802 118 26 Neudorf),

1526 1831 133 22 M..Ricklin
1674 1830 103 25 rappelle
1791 1830 14 20 à
1819 1835 27 14 ce
1859 1828 61 25 sujet
1932 1834 46 14 une

1502 1861 68 21 lettre
1577 1860 58 20 dans
1641 1859 100 25 laquelle
1749 1858 17 20 il
1772 1858 56 20 était
1836 1857 108 26 question
1952 1856 29 21 de

1502 1889 22 21 la
1541 1888 104 21 création
1663 1887 54 20 d’un
1738 1886 121 26 quotidien
1878 1890 103 20 pouvant

1503 1919 50 19 être
1560 1917 24 20 lu
1593 1922 42 19 par
1643 1916 35 20 les
1692 1915 145 24 catholiques
1846 1917 22 17 et
1882 1914 35 19 les
1931 1919 50 19 pro-

1502 1949 108 20 testants,
1627 1944 122 25 quotidien
1758 1943 57 20 basé
1832 1949 40 14 sur
1881 1948 31 14 un
1930 1947 51 19 pro-

1502 1979 103 21 gramme
1613 1973 104 20 chrétien
1727 1971 81 21 social.
1824 1971 19 20 II
1857 1971 74 19 s’était
1944 1976 37 13 en-

1502 2002 73 21 tendu
1582 2002 13 19 à
1604 2007 26 14 ce
1639 2001 62 24 sujet
1708 2006 58 15 avec
1779 1999 76 20 l’abbé
1867 1998 114 20 Fashauer

1503 2034 23 17 et
1534 2037 31 13 un
1572 2029 154 25 professeaur,
1732 2033 55 15 sans
1793 2028 70 19 doute
1868 2026 112 23 M.Rossé,

1504 2063 23 16 et
1534 2059 17 20 il
1559 2058 64 20 avait
1630 2057 102 21 souscrit
1737 2063 58 19 pour
1804 2062 47 14 une
1858 2061 88 14 somme
1955 2054 26 20 de

1504 2091 84 17 îOO.OOO
1596 2086 44 21 frs.
1646 2092 55 14 sans
1707 2085 120 24 s’occuper
1833 2084 148 20 directement

1504 2116 41 20 des
1561 2115 84 20 détails
1658 2115 30 20 de
1700 2117 60 17 cette
1774 2113 102 20 création
1887 2115 22 16 et
1923 2111 29 20 de
1961 2111 20 20 la

1504 2145 100 24 gérance
1612 2143 29 20 de
1650 2141 168 26 l’imprimerie.

1530 2172 29 20 M.
1581 2171 107 25 Mazoyer
1708 2170 83 20 insiste
1813 2176 40 14 sur
1870 2175 42 14 son
1934 2168 47 21 rôle

1505 2203 74 18 exact.

1531 2228 46 21 «Je
1590 2227 99 24 n’avais,
1704 2227 36 20 dit
1755 2226 31 21 M.
1797 2226 100 23 Ricklin,
1907 2225 51 20 rien
1969 2225 12 20 à

1505 2256 58 21 faire
1569 2256 19 20 si
1594 2262 26 14 ce
1626 2256 62 20 n’est
1693 2256 13 20 à
1713 2256 78 24 signer
1797 2261 49 14 mes
1852 2257 85 18 i00.000
1942 2252 39 21 frs.

1506 2285 61 20 Tout
1579 2285 22 20 le
1617 2288 61 16 reste
1694 2290 29 14 ne
1737 2289 37 14 me
1788 2282 98 26 regarde
1895 2287 49 20 pas,
1953 2287 28 14 ne

1506 2319 38 14 me
1556 2312 129 21 demandez
1699 2318 41 18 pas
1754 2312 41 19 des
1809 2311 83 20 choses
1907 2315 46 19 que
1960 2309 21 25 je

1506 2347 31 14 ne
1544 2341 96 20 connais
1650 2346 41 19 pas
1700 2344 24 16 et
1737 2346 40 13 sur
1785 2339 124 25 lesquelles
1924 2338 57 19 d’au-

1506 2373 48 16 tres
1561 2374 58 15 vous
1631 2368 149 25 répondront.
1797 2367 130 22 D’ailleurs,
1935 2365 46 20 ceci

1507 2397 37 20 n’a
1559 2397 50 20 rien
1617 2397 14 19 à
1641 2397 52 19 voir
1706 2402 58 14 avec
1772 2395 22 20 le
1801 2395 111 24 complot.
1926 2393 55 20 Mais

1508 2425 183 25 permettez-moi
1704 2424 30 20 de
1747 2430 59 14 vous
1824 2422 59 21 faire
1901 2428 80 14 remar-

1508 2459 58 19 quer
1579 2453 129 25 qu’aucune
1722 2452 71 20 liasse
1810 2451 29 20 de
1855 2450 80 26 papier
1956 2455 25 14 ne

1509 2485 50 17 sort
1567 2481 28 20 de
1602 2484 62 17 cette
1678 2479 141 25 imprimerie
1832 2485 54 14 sans
1900 2478 81 25 qu’elle

1508 2509 46 21 soit
1567 2509 119 20 contrôlée
1698 2508 73 26 parla
1784 2507 82 25 police.
1882 2506 63 20 C’est
1953 2512 28 13 un

1509 2538 46 20 état
1563 2537 28 20 de
1600 2537 82 20 choses
1688 2542 46 20 que
1739 2542 60 14 nous
1805 2535 94 20 n’avons
1902 2534 79 25 jamais

1509 2572 31 14 vu
1548 2572 29 13 en
1587 2565 92 20 Alsace.

1535 2596 31 21 M.
1575 2595 106 26 Mazoyer
1694 2595 43 20 fait
1744 2595 42 20 des
1798 2593 162 25 compliments
1972 2598 9 13 2

1509 2624 32 21 M.
1550 2623 92 21 Ricklin
1652 2630 39 14 sur
1699 2629 26 14 sa
1733 2623 117 25 prudence
1860 2620 121 21 habituelle

1510 2656 24 17 et
1541 2658 42 15 son
1591 2657 56 15 sens
1653 2652 41 20 dès
1701 2651 100 20 affaires.
1808 2650 18 20 Il
1835 2649 31 20 lui
1873 2647 108 22 demande

1510 2683 117 18 comment
1643 2679 17 20 il
1673 2685 13 14 a
1703 2685 31 19 pu
1751 2679 78 24 signer
1844 2681 86 16 100.C00
1943 2675 34 21 frs

1984 354 55 14 sans
2048 346 120 23 s'occuper
2177 343 129 24 davantage
2315 343 28 19 de
2352 347 60 16 cette
2421 343 40 20 im-

1984 378 106 22 portante
2096 372 77 21 affaire
2178 372 30 18 où
2214 370 17 20 il
2238 370 98 25 risquait
2342 377 37 14 ses
2385 371 75 20 fends.

2008 403 30 20 M.
2046 401 105 21 Ricklin:
2160 399 45 20 «M.
2212 398 22 20 le
2240 399 127 24 président,
2371 399 25 24 je
2402 400 59 19 n’ac-

1985 434 65 21 cepte
2064 436 41 18 pas
2120 434 41 14 vos
2169 426 163 25 compliments
2340 427 6 19 !
2362 426 78 21 Quant
2448 428 14 18 à

1985 465 38 13 ces
2038 462 85 16 ÎOO.OOO
2131 456 51 22 frs.,
2189 455 25 25 je
2227 461 58 13 vous
2300 455 70 20 dirais
2386 461 45 19 que
2436 455 25 24 je

1984 486 34 20 les
2026 486 21 19 ai
2056 485 89 20 donnés
2151 484 57 19 dans
2217 483 22 20 la
2246 482 120 21 confiance
2375 483 88 20 entière

1985 520 45 19 que
2040 513 82 25 j’avais
2134 519 29 13 en
2176 511 73 20 l’abbé
2265 510 117 21 Fashauer
2397 515 23 15 et
2428 510 35 20 les

1985 546 78 15 autres
2071 542 126 19 créateurs.
2213 539 18 19 II
2241 545 37 13 me
2287 538 98 20 suffisait
2393 538 29 20 de
2430 544 35 14 sa-

1986 570 50 19 voir
2044 575 53 14 mon
2107 571 81 21 argent
2196 567 66 24 placé
2268 566 58 20 dans
2332 572 47 14 une
2387 566 76 20 bonne

1986 603 69 14 cause
2063 603 58 18 pour
2130 601 37 14 me
2174 594 168 20 désintéresser
2356 594 31 19 du
2396 597 67 16 reste.

1987 624 62 21 Vous
2058 631 36 13 me
2102 624 62 19 direz
2173 628 45 19 que
2227 622 57 19 c’est
2293 628 46 13 une
2349 621 80 20 sottise
2438 621 27 19 de

1987 659 37 13 ma
2039 656 60 21 part.
2114 652 98 20 J’avoue
2226 656 45 19 que
2287 656 26 13 ce
2322 650 59 19 n’est
2389 655 42 19 pas
2443 648 22 21 la

1988 681 114 24 première
2124 684 22 16 et
2163 685 45 19 que
2230 685 42 13 sur
2290 684 26 14 ce
2325 681 94 21 rapport
2435 683 30 14 on

1988 715 84 18 pourra
2081 715 37 13 me
2126 708 78 25 placer
2212 713 29 13 en
2251 706 120 20 curatelle.

2013 736 30 20 M.
2053 736 107 25 Mazoyer
2175 734 42 21 fait
2233 734 22 20 le
2273 734 64 20 bilan
2355 733 40 20 des
2409 733 57 20 frais

1988 764 89 20 d’achat
2090 764 30 19 du
2128 763 97 21 terrain,
2240 762 30 19 de
2278 762 22 19 la
2309 760 157 21 construction

1989 793 40 20 des
2039 792 129 22 bâtiments,
2181 790 58 20 frais
2253 790 40 24 qui
2308 789 161 20 s’élèveraient

1989 820 91 24 d’après
2088 819 32 20 lui
2129 820 13 19 à
2151 819 50 20 1600
2210 824 30 14 ou
2249 821 99 21 1700.000
2356 817 43 20 frs.
2406 816 62 20 Vous

1990 848 114 25 disposiez
2112 847 15 20 d
2134 853 31 14 un
2172 845 84 25 capital
2265 845 30 20 de
2303 845 86 20 300.000
2397 844 42 20 frs.
2445 847 24 17 et

1990 878 118 18 comment
2115 880 123 15 osez-vous
2246 872 103 21 affirmer
2357 879 45 18 que
2411 878 58 14 vous

1991 910 29 13 ne
2028 903 101 25 risquiez
2137 908 42 19 pas
2193 901 198 25 imprudemment
2404 903 65 17 votre

1991 935 82 21 argent
2081 931 57 20 dans
2148 936 45 14 une
2202 929 96 25 pareille
2306 928 97 21 affaire?

2016 959 31 20 M.
2056 958 91 21 Ricklin
2155 965 6 13 :
2171 957 63 21 C’est
2241 963 30 14 en
2284 956 55 21 effet
2347 955 124 21 extraordi-

1991 987 72 22 naire,
2070 986 58 21 mais
2136 987 57 19 c’est
2201 986 22 19 la
2232 985 82 20 vérité.

2016 1014 31 20 M.
2057 1014 91 20 Ricklin
2163 1013 115 21 demande
2291 1014 15 19 à
2321 1013 91 20 revenir
2429 1018 41 13 sur

1992 1048 41 14 son
2043 1042 85 20 thème.
2138 1042 19 20 Il
2170 1045 56 16 veut
2234 1041 96 20 d’abord
2344 1041 69 20 relire
2426 1045 46 14 une

1993 1070 67 19 lettre
2073 1070 71 20 écrite
2160 1070 13 19 à
2187 1069 30 20 M.
2236 1069 121 20 Miilerarid
2370 1068 103 25 pendant

1993 1097 56 25 qu’il
2057 1097 56 20 était
2118 1104 29 13 en
2155 1097 110 25 captivité
2273 1097 14 20 à
2292 1097 23 20 la
2321 1097 46 19 tête
2374 1096 32 20 du
2414 1098 58 22 pont

1993 1126 29 19 de
2030 1125 67 20 Kehl.
2105 1125 83 20 C’était
2195 1131 47 14 une
2249 1125 70 20 lettre
2325 1125 29 19 de
2361 1127 112 21 protesta-

1994 1153 49 20 tion
2056 1154 13 19 à
2084 1153 30 20 M.
2124 1153 122 20 Milierand
2259 1159 41 13 sur
2314 1158 43 14 son
2371 1152 102 19 interne-

1994 1184 71 17 ment.
2080 1181 19 20 Il
2112 1181 30 20 l’a
2158 1181 71 20 écrite
2237 1187 30 14 en
2285 1180 124 23 allemand,
2419 1179 55 20 esti-

1995 1212 64 17 mant
2076 1215 52 18 que,
2142 1209 93 24 parlant
2249 1209 24 20 la
2282 1209 85 23 langue
2385 1208 42 19 des
2440 1206 34 25 4/5

1995 1236 268 23 d’AIsaciens-Lorrains,
2277 1236 16 20 il
2309 1242 13 14 a
2336 1236 23 20 le
2372 1235 61 20 droit
2444 1235 30 19 de

1995 1263 88 20 l’écrire
2092 1264 57 20 dans
2158 1270 47 14 une
2212 1264 69 20 lettre
2286 1264 14 19 à
2305 1269 46 14 une
2359 1268 114 20 personne

1996 1290 115 21 officielle.
2117 1290 142 26 (Rappelons
2265 1297 46 19 que
2317 1291 30 20 M.
2354 1290 120 21 Milierand

1997 1319 55 20 était
2060 1319 61 20 alors
2126 1319 157 21 commissaire
2291 1319 95 25 général
2391 1318 84 21 d’Aisa-

1997 1346 165 26 ce-Lorraine).

2022 1375 64 20 Dans
2094 1379 60 17 cette
2162 1376 75 23 lettre,
2248 1375 32 21 M.
2289 1375 92 20 Ricklin
2396 1381 79 14 recon-

1999 1403 47 19 naît
2061 1403 188 25 l’incorporation
2264 1404 30 19 de
2311 1403 96 20 l’Alsace
2424 1403 13 20 à
2452 1402 23 20 la

1999 1430 86 21 France
2091 1438 88 13 comme
2184 1438 32 13 un
2222 1431 43 20 fait
2270 1431 113 25 accompli
2392 1430 84 25 auquel

1999 1458 17 20 il
2024 1465 30 13 ne
2062 1459 106 25 s’oppose
2176 1460 136 23 nullement,
2321 1459 60 20 mais
2394 1459 16 19 il
2424 1464 53 19 pro-

1999 1490 58 17 teste
2071 1493 81 14 contre
2164 1488 22 20 le
2200 1488 68 20 mode
2282 1487 195 25 d’incorporation

2000 1518 23 16 et
2031 1519 80 16 contre
2119 1516 22 19 la
2149 1515 66 24 façon
2225 1516 29 20 de
2262 1516 68 25 gérer
2338 1516 34 20 les
2386 1514 91 21 affaires

2000 1542 232 22 d’Alsace-Lcrraine.
2248 1544 18 20 II
2276 1543 41 21 fait
2330 1550 46 14 une
2393 1542 85 25 profes-

2001 1571 52 20 sion
2061 1571 31 20 de
2099 1571 31 20 foi
2139 1578 30 14 en
2178 1578 45 14 une
2238 1571 188 21 administration
2440 1577 39 13 au-

2001 1602 92 17 tonome
2102 1599 54 20 telie
2163 1605 46 19 que
2217 1606 60 14 nous
2286 1605 89 14 venons
2384 1599 28 20 de
2426 1598 53 20 l’ex-

2002 1626 90 26 pliquer
2100 1627 14 20 à
2122 1627 113 25 plusieurs
2244 1627 101 25 reprises
2353 1633 29 14 en
2388 1626 91 25 parlant

2002 1656 41 19 des
2051 1659 77 17 autres
2136 1656 88 20 lettres.

2028 1683 31 21 Le
2067 1684 39 20 Dr.
2118 1684 89 21 Ricklin
2216 1684 27 20 lit
2255 1684 94 21 ensuite
2361 1690 32 14 un
2406 1683 72 21 mani-

2002 1711 58 22 feste
2068 1712 108 21 électoral
2185 1719 29 14 au
2223 1713 61 25 sujet
2292 1712 29 21 de
2334 1719 26 14 sa
2373 1711 108 21 candida-

2003 1745 53 16 ture
2069 1747 29 14 au
2117 1741 95 20 Conseil
2230 1741 101 21 Général
2340 1747 28 14 en
2386 1740 58 25 1923.
2460 1740 19 20 Il

2004 1769 47 20 dit:
2058 1769 82 20 «C’est
2157 1776 46 13 une
2211 1776 89 18 preuve
2317 1769 29 20 de
2362 1770 60 24 plus,
2436 1774 46 14 eue

2002 1797 84 26 jamais
2092 1797 24 25 je
2124 1804 28 14 ne
2161 1797 37 20 fus
2203 1798 25 20 ni
2234 1797 144 24 neutraliste,
2385 1797 24 20 ni
2418 1797 64 25 sépa-

2005 1826 101 20 ratiste.»
2122 1825 34 21 En
2170 1826 61 23 effet,
2246 1826 16 19 il
2277 1829 104 22 proteste
2395 1824 88 25 énergi-

2005 1857 111 21 quement
2135 1858 79 16 contre
2235 1858 65 16 toute
2320 1853 112 21 tentative
2452 1852 30 20 de

2006 1883 142 24 représenter
2156 1888 25 14 sa
2190 1882 149 20 candidature
2348 1887 87 15 comme
2443 1887 41 14 an-

2007 1910 143 21 tinationale.
2167 1910 18 20 II
2202 1917 30 14 ne
2248 1910 135 20 demandait
2399 1909 84 25 qu’une

2006 1939 70 20 chose
2083 1946 6 12 :
2103 1938 74 21 servir
2192 1944 42 15 son
2243 1938 59 25 petit
2315 1944 55 19 pays
2379 1938 59 19 dans
2449 1937 34 20 les

2006 1966 124 21 difficultés
2146 1967 58 19 dans
2212 1966 127 25 lesquelles
2348 1966 16 19 il
2372 1971 26 14 se
2406 1965 78 20 débat-

2007 1995 50 23 tait,
2072 2001 38 14 car
2118 1995 22 20 le
2148 1994 108 20 candidat
2263 1994 88 20 d’alcrs
2364 1993 57 20 était
2431 1995 53 22 per-

2006 2023 79 21 suadé
2091 2023 86 25 qu’une
2184 2022 87 21 Alsace
2280 2023 104 19 contente
2393 2023 23 18 et
2429 2021 54 20 heu-

2007 2057 66 15 reuse
2087 2053 35 18 est
2134 2051 23 20 le
2169 2050 57 25 plus
2234 2051 61 20 beau
2305 2050 72 25 joyau
2390 2052 61 22 pour
2458 2049 25 20 la

2007 2079 96 21 France.
2114 2078 46 21 Sur
2167 2085 47 13 une
2226 2078 110 25 question
2345 2083 28 14 au
2383 2077 62 25 sujet
2456 2076 30 21 de

2009 2116 10 11 «
2026 2108 63 20 Bons
2105 2107 108 24 Français
2219 2114 12 12 »
2240 2107 71 25 posée
2328 2112 41 19 par
2377 2106 24 20 le
2415 2105 71 26 prési-

2008 2136 62 23 dent,
2080 2136 97 19 l’accusé
2186 2134 89 26 répond
2282 2142 6 13 :

2034 2173 11 11 «
2052 2164 52 22 Qui,
2112 2164 24 25 je
2145 2164 48 20 suis
2202 2170 31 13 un
2242 2163 47 20 bon
2299 2162 117 24 Français,
2430 2165 22 17 et
2458 2161 25 25 je

2008 2193 48 20 suis
2064 2191 138 26 pacifiste,et
2208 2198 60 18 pour
2277 2191 21 20 ia
2312 2190 174 21 réconciliation

2008 2221 30 20 de
2045 2224 53 17 tous
2107 2221 32 19 les
2149 2219 104 26 peuples.
2264 2218 24 21 Si
2297 2218 31 21 M.
2337 2219 23 20 le
2368 2218 119 24 président

2009 2249 126 24 comprend
2144 2254 55 14 sous
2207 2248 46 19 bon
2263 2247 116 24 Français,
2389 2246 21 21 ia
2418 2246 70 20 haine

2009 2277 40 20 des
2057 2276 96 26 peuples
2162 2279 66 17 entre
2242 2281 52 18 eux,
2302 2275 24 25 je
2339 2281 30 14 ne
2378 2274 53 26 puis
2446 2280 43 19 pas

2009 2306 21 19 le
2038 2305 87 20 suivre.
2133 2312 11 12 »

2033 2333 30 20 M.
2074 2333 106 24 Mazoyer
2186 2339 7 13 :
2204 2331 113 24 «Ricklin,
2326 2335 52 16 tous
2387 2331 33 20 les
2430 2331 58 20 bons

2010 2361 108 24 Français
2126 2364 99 22 pensent
2233 2366 91 14 comme
2332 2363 79 16 vous.»

2036 2390 35 20 Ma
2082 2389 97 20 Thomas
2188 2395 9 14 :
2205 2394 11 11 «
2226 2387 113 25 Exceptez
2347 2387 34 20 les
2390 2387 99 20 colleurs

2010 2418 31 20 du
2050 2417 102 25 placard,
2162 2417 28 19 de
2199 2422 27 14 ce
2235 2416 83 20 matin.
2328 2420 11 11 »

2036 2448 124 21 Président
2168 2455 6 12 :
2182 2452 12 11 «
2200 2447 29 20 Je
2237 2453 30 14 ne
2276 2447 35 20 les
2320 2447 96 20 connais
2425 2452 63 18 pas».

2034 2477 19 20 Il
2060 2483 16 18 y
2091 2483 13 14 a
2119 2475 92 21 ensuite
2225 2481 47 14 une
2281 2475 131 20 discussion
2425 2479 65 16 entre

2011 2505 41 20 Dr.
2065 2504 92 21 Ricklin
2172 2508 23 16 et
2208 2503 23 21 le
2247 2503 129 25 président.
2395 2502 95 21 Celui-ci

2011 2533 113 25 reproché
2131 2534 14 18 à
2154 2531 100 21 l’accusé
2266 2532 30 19 de
2307 2535 53 21 trop
2372 2531 85 24 parler.
2472 2530 19 21 II

2010 2561 90 24 croyait
2108 2567 45 18 que
2160 2561 22 19 le
2192 2560 40 20 Dr.
2242 2559 93 20 Ricklin
2344 2559 63 20 avait
2414 2559 76 20 termi-

2011 2589 30 20 né
2050 2595 42 14 son
2101 2589 83 24 exposé
2194 2588 51 20 hier
2253 2587 58 21 soir.
2321 2587 19 20 Il
2350 2593 141 14 recommen-

2012 2623 27 14 ce
2046 2623 26 14 ce
2081 2617 82 19 matin.

2035 2645 35 20 Mc
2078 2644 116 23 Berîhon;
2203 2650 9 11 «
2220 2644 139 23 Permettez,
2368 2643 32 20 M.
2408 2643 23 20 le
2439 2644 52 24 pré-

2012 2673 84 20 sident.
2100 2672 62 21 Vous
2169 2672 132 25 interrogez
2310 2672 106 23 l’accusé,
2426 2671 16 20 il
2450 2677 15 14 a
2472 2671 22 20 le

28 2805 104 26 Eaglittinn
137 2808 19 18 di
160 2808 22 17 A
186 2806 81 19 Muvra
272 2813 23 5 —
302 2808 20 14 a-
329 2802 45 19 93—
378 2801 22 18 di
406 2799 68 20 ul-7-2
478 2798 12 19 8

45 2865 243 55 mûUALB
321 2859 145 51 PAOU

223 2933 66 20 OSSIA

63 2972 38 37 La
118 2973 80 36 Motta
216 2971 31 36 di
260 2969 177 36 Pmknmvo

25 3013 465 34 RACONTOCORSODELSECOLO

212 3053 84 24 XVIII
324 3072 3 3 .

245 3088 23 18 DI

114 3126 34 25 F.
162 3125 37 25 D.
217 3121 175 28 Guerrazzï

193 3239 124 31 (Seguito)

50 3281 54 24 Non
115 3284 101 21 costano
223 3281 75 24 nulla,
311 3284 14 15 e
333 3278 22 21 le
364 3275 99 28 bugie,e
471 3273 24 20 le

26 3316 113 25 calunnie,
152 3322 14 15 e
186 3316 25 21 le
222 3314 64 23 frodi
305 3316 45 23 per
370 3306 125 24 ordinario

26 3350 144 23 Peritandosi
179 3350 25 21 di
214 3349 95 21 entrare
324 3343 65 23 nella
405 3345 55 18 casa
471 3339 25 21 di

27 3378 43 26 ûio
81 3384 146 27 rimangono
237 3381 61 22 sulla
305 3378 76 28 porta.

52 3426 28 6 —
86 3416 32 22 Vi
132 3417 89 22 chiedo
240 3414 101 22 licenza,
355 3409 88 27 signor
457 3411 40 22 ge-

27 3450 85 26 nerale,
132 3450 23 21 di
168 3449 155 28 presentarvi
340 3443 86 27 questo
446 3444 50 16 mio

26 3484 76 21 âmico
117 3483 121 22 Giocante
250 3479 92 23 Canale
355 3483 6 18 ;
374 3480 57 16 esso
448 3478 49 17 non

28 3518 72 25 seppe
114 3517 115 21 resistere
243 3514 45 22 alla
299 3512 83 21 vostra
395 3507 103 22 chiama-

27 3547 32 25 ta,
73 3550 47 21 ami
123 3555 28 16 co
161 3555 53 17 non
223 3548 68 23 voile
306 3541 119 26 dividersi
448 3539 51 21 dal-

28 3579 93 26 l’amico
153 3583 52 27 egli
213 3588 41 17 era
264 3579 100 24 tenente
374 3576 48 20 alla
433 3578 65 16 com-

28 3615 88 27 pagnia
130 3615 24 22 di
166 3616 40 21 cui
217 3617 25 20 io
254 3616 69 21 stava
334 3617 13 16 a
358 3613 60 23 capo
430 3610 69 17 corne

30 3648 118 26 capitano.

54 3691 28 5 —
93 3681 97 22 Datemi
203 3688 33 15 nn
247 3678 137 25 abbiaccio,
394 3674 107 23 Giocan-

32 3712 24 20 te
64 3719 6 15 :
82 3714 24 21 la
119 3716 82 20 vostra
213 3716 89 20 venuta
313 3712 35 23 mi
358 3711 24 21 fa
389 3710 65 20 bene
459 3704 42 28 più

518 2800 24 22 di
560 2799 82 28 quello
653 2798 46 21 cbe
711 2802 50 17 non
776 2796 83 27 potete
872 2793 101 22 crederé
983 2798 6 19 ;

516 2833 42 29 qui
570 2838 50 17 non
629 2832 26 21 vi
663 2831 13 22 è
693 2829 104 29 penuria
814 2828 26 22 di
851 2827 99 24 faticne,
959 2825 32 22 nè

516 2868 25 21 di
553 2866 85 26 officii_,
646 2866 24 21 io
681 2865 24 21 vi
717 2863 67 22 terrò
793 2860 120 24 entrambi
923 2866 68 21 pres-

518 2907 26 16 sa
557 2901 24 21 di
590 2899 93 26 me,voi
699 2898 26 21 in
733 2897 76 28 grado
822 2896 24 21 di
854 2893 136 29 maggiore,

518 2934 132 24 Altobéllo,
663 2938 14 15 e
693 2931 51 26 voi,
762 2929 128 25 Giocante,
904 2927 88 27 capita-

519 2975 32 16 no
564 2975 6 15 :
583 2969 26 20 io
620 2967 34 22 ho
666 2966 105 27 bisogno
791 2963 24 22 di
832 2961 98 24 officiali
955 2965 38 16 es-

519 3002 62 28 perti
595 3007 6 15 :
614 2997 139 30 dentr’oggi
768 2998 28 20 vi
807 2997 93 21 faremo
913 2993 80 28 spedi-

521 3042 24 17 re
562 3036 23 21 la
598 3035 105 27 patente.
722 3030 59 26 Voi,
801 3030 109 27 signore,
931 3027 62 22 siete

520 3070 93 27 inglese
621 3069 14 20 ?
646 3066 65 26 Quai
719 3064 86 30 [grazia
815 3064 84 20 vostra
916 3066 14 16 0
943 3066 51 16 me-

518 3103 50 22 'rito
585 3102 25 21 di
622 3101 43 21 noi
683 3099 27 21 vi
731 3097 110 22 conduce
863 3094 83 29 ospite
966 3093 27 21 in

521 3138 85 26 questa
617 3138 93 24 povera
722 3132 62 21 isola
794 3132 12 19 ?

547 3181 28 4 —
581 3168 90 28 Signor
683 3165 76 26 Paoli,
772 3165 57 20 nato
839 3163 87 24 libero,
938 3164 55 18 amo

520 3205 23 20 la
554 3201 87 23 liberté
651 3207 5 19 ;
670 3200 25 21 di
710 3198 44 22 voi
767 3203 14 16 e
799 3197 40 21 dei
854 3195 77 22 vostri
942 3192 51 22 udii

522 3236 63 28 parla
588 3241 26 15 re
626 3239 46 16 con
685 3232 23 22 di
710 3236 72 17 versa
795 3231 66 20 sente
865 3233 50 20 nza,
931 3225 63 23 volli

522 3269 85 22 venire
619 3264 160 25 asincerarmi
790 3264 28 21 da
828 3267 39 16 me
879 3263 79 19 stesso
967 3264 27 16 se

522 3303 41 22 voi
575 3303 98 20 eravate
685 3305 33 15 un
733 3297 101 22 bandito
846 3300 14 16 0
879 3300 33 15 un
921 3297 56 17 eroe
987 3299 6 18 ;

523 3337 88 27 quanto
620 3334 34 21 bo
662 3332 67 21 visto
738 3330 34 21 mi
785 3329 75 24 basts,
875 3333 14 15 e
900 3332 40 15 me
963 3330 32 16 ne

524 3373 88 19 avanza
622 3372 44 22 per
678 3365 147 22 andarmene
841 3360 155 27 pienamente

524 3402 116 23 convinto
656 3399 45 22 cbe
716 3397 42 21 voi
767 3397 62 21 siete
838 3399 32 16 un
883 3394 113 25 rispetta-

524 3437 88 22 bile....
625 3439 32 16 un
672 3432 78 22 molto
773 3426 181 30 rispettabile...
962 3430 33 16 un

524 3466 224 31 rispettabilissimo
758 3462 152 29 gentiluomo
917 3459 25 21 in
954 3464 43 15 vé-

525 3502 53 24 rité.
580 3496 234 27 Peròconcedetemi
822 3493 61 23 cb’io
890 3492 27 21 vi
926 3491 72 22 strin-

525 3543 30 23 ga
565 3537 24 20 la
601 3538 84 19 mano,
695 3538 13 15 e
718 3529 93 24 dimani
821 3533 40 17 me
872 3531 33 16 ne
922 3527 74 19 torno

526 3577 13 16 a
544 3574 64 18 casa.

593 3599 63 24 Anzi
668 3599 129 23 rimanete,
804 3592 88 30 perche
901 3591 24 21 di
936 3591 62 21 moi-

526 3640 24 19 te
563 3640 56 18 cose
630 3633 32 21 bo
675 3632 30 21 da
716 3628 106 30 parlarvi
832 3628 22 21 le
864 3626 62 21 altre
936 3624 63 21 moi-

526 3673 24 19 te
562 3669 175 22 mostrarvene.

594 3702 74 23 Bene,
682 3699 70 24 bene,
762 3694 133 24 benissimo
907 3691 6 20 !
925 3690 75 21 escla-

1017 2790 40 23 mò
1070 2790 32 22 ad
1111 2789 47 23 alta
1170 2795 64 17 voce
1246 2789 18 22 il
1276 2789 114 26 Boswell,
1396 2795 14 15 e
1422 2791 67 20 tosto

1017 2824 35 29 gli
1065 2823 72 23 occbi
1153 2823 26 22 di
1195 2822 60 22 tutti
1264 2823 34 28 gli
1314 2823 87 21 astanti
1417 2822 36 28 gli
1468 2822 21 21 si

1017 2859 131 21 voltarono
1160 2859 88 20 contro
1270 2855 142 24 corrucciati
1422 2861 6 20 ;
1441 2855 49 29 egli

1017 2898 15 15 a
1043 2892 39 21 cio
1091 2896 51 16 non
1153 2890 115 22 badando
1286 2891 93 27 riprese
1391 2895 6 15 :
1408 2895 26 15 se
1456 2890 34 20 mi

1018 2925 84 22 cedete
1114 2925 92 20 cotesta
1219 2924 88 21 lettera
1318 2923 25 22 io
1352 2923 25 21 vi
1390 2921 58 23 darò
1465 2922 26 21 in

1019 2962 133 23 compenso
1164 2959 103 20 cento...
1280 2956 76 23 anche
1368 2955 124 22 centocin-

1019 2993 90 26 quanta
1119 2991 46 21 lire
1176 2990 131 22 sterline...

1045 3036 30 5 —
1081 3023 131 28 Signore...
1224 3025 140 26 mterruppe
1376 3023 17 21 il
1401 3022 92 22 Giaco-

1018 3058 61 21 mini
1087 3057 117 22 battendo
1217 3057 25 21 di
1254 3063 33 15 un
1295 3057 73 28 piede
1378 3057 22 20 la
1413 3058 64 19 terra
1484 3061 6 20 ;

1019 3097 40 17 ma
1070 3091 18 21 il
1100 3090 110 22 Boswell
1221 3090 174 27 imperturbato
1414 3089 79 21 conti-

1019 3124 49 23 nué
1082 3131 6 15 :

1046 3158 58 22 —Io
1110 3157 103 23 metteré
1221 3157 25 21 in
1256 3157 91 27 quadro
1354 3157 86 20 cotesta
1450 3156 45 21 let-

1019 3193 54 20 tera
1082 3198 13 15 e
1102 3189 156 24 l’attaccheré
1264 3191 22 20 al
1294 3194 69 18 muro
1370 3190 62 20 nella
1439 3188 56 22 Bor-

1020 3231 26 16 sa
1053 3225 25 22 di
1088 3224 93 23 Londra
1187 3223 88 28 perché
1281 3222 8 21 i
1294 3223 114 22 mercanti
1418 3222 78 27 ingle-

1021 3259 29 26 si,
1065 3258 51 22 anzi
1122 3257 56 22 tutti
1186 3258 7 20 i
1199 3257 117 21 mercanti
1323 3257 41 21 del
1371 3255 90 22 mondo
1472 3256 24 20 la

1021 3293 114 26 leggano,
1149 3296 13 15 e
1179 3290 21 21 si
1209 3290 163 27 vergognino,
1383 3294 13 16 0
1405 3287 90 28 meglio

1022 3329 90 16 ancora
1123 3324 106 27 leggano
1241 3329 13 15 e
1264 3323 122 26 imparino
1396 3322 30 20 ad
1437 3327 8 15 1
1450 3320 46 22 mi-

1020 3359 54 20 tare
1084 3357 18 21 il
1115 3356 118 21 cittadino
1245 3355 66 22 Santi
1321 3354 150 23 Giacomini.

1050 3390 87 22 Allora
1147 3390 24 21 lo
1182 3389 94 28 sdegno
1295 3388 68 22 cessé
1373 3393 68 17 corne
1453 3392 44 15 vê-

1022 3424 24 21 la
1057 3424 125 21 alcessare
1194 3422 41 22 del
1243 3422 100 24 vento,e
1352 3419 144 30 glisorrise-

1023 3463 28 16 ro
1067 3457 126 22 benevoli.

1049 3502 30 5 —
1092 3490 96 26 Questo
1200 3489 14 22 è
1227 3494 47 16 una
1286 3488 72 26 copia
1380 3488 24 22 di
1424 3488 73 20 testa-

1024 3526 94 23 mento,
1126 3523 68 21 disse
1205 3522 36 22 fra
1253 3520 153 29 Bonfigliolo.

1050 3568 25 6 —
1089 3556 107 27 Leggete
1207 3562 38 18 su,
1253 3553 115 24 ordinava
1377 3555 17 21 il
1405 3552 92 25 Paoli,e

1025 3589 83 28 quegli
1121 3595 6 15 :

1053 3634 29 5 —
1091 3621 29 22 In
1127 3627 74 16 nome
1212 3621 92 22 diDio.
1316 3620 108 22 Amen...

1054 3667 30 4 —
1095 3654 104 22 Correte
1209 3655 43 21 via
1263 3654 47 21 aile
1329 3652 167 28 disposizioni-

1048 3688 67 28 Jure
1128 3687 87 28 legati,
1228 3693 15 16 o
1256 3691 68 17 corne
1338 3687 95 27 meglio,
1451 3686 46 21 las-

1516 2789 39 22 cio
1569 2795 12 15 a
1591 2787 47 23 Sua
1651 2788 25 21 E.
1688 2788 18 21 il
1717 2787 113 28 generale
1840 2786 68 22 Paoli
1921 2786 70 27 quale

1516 2824 202 26 rappresentante
1728 2821 63 21 délia
1799 2820 101 22 nazione
1921 2825 69 15 corsa

1516 2858 64 20 tutto
1593 2858 93 25 quanto
1697 2856 23 21 la
1739 2855 48 22 mia
1808 2860 55 16 casa
1881 2852 110 29 apparirè

1517 2889 130 22 créditrice
1658 2895 43 21 per
1712 2888 131 28 provviste
1855 2887 31 22 da
1903 2892 88 23 guerra

1517 2929 14 15 e
1543 2923 30 21 da
1584 2923 77 21 bocca
1673 2922 28 21 da
1713 2927 40 16 me
1763 2921 95 28 spedite
1870 2921 23 21 al
1904 2925 87 23 gover-

1518 2961 32 17 no
1562 2956 61 21 délia
1637 2955 101 22 Corsica
1754 2955 51 22 fino
1817 2955 41 21 dal
1868 2953 123 28 principio

1517 2990 63 21 délia
1589 2995 91 22 guerre
1692 2991 88 20 contro
1792 2989 9 20 i
1814 2987 139 23 Genovesi.
1964 2997 28 5 —

1518 3022 62 22 Item
1611 3023 76 21 lascio
1712 3023 25 21 al
1759 3021 95 28 prefato
1878 3020 114 29 generale

1519 3056 76 26 Paoli,
1609 3062 95 21 sempre
1717 3056 64 21 nella
1793 3061 43 16 sua
1845 3053 144 29 qualité,tut-

1517 3091 26 20 te
1552 3090 25 21 le
1588 3089 127 28 provviste
1725 3089 37 21 sia
1773 3089 30 21 da
1814 3093 87 23 guerra
1911 3087 46 22 cbe
1964 3087 30 20 da

1518 3123 85 25 bocca,
1616 3122 46 22 cbe
1671 3123 21 21 si
1704 3124 150 20 troveranno
1864 3122 25 20 in
1913 3125 81 17 essere

1520 3157 23 21 al
1554 3158 86 25 tempo
1653 3156 63 21 délia
1728 3155 50 22 mia
1788 3156 80 21 morte
1882 3154 42 21 nei
1944 3159 51 16 ma-

1519 3189 93 28 gazzini
1620 3189 76 22 messi
1705 3195 14 15 a
1736 3189 78 21 bordo
1825 3193 70 17 senza
1916 3193 77 21 spesa.

1521 3223 63 22 Item
1595 3223 79 22 lascio
1693 3223 23 21 al
1728 3222 135 22 medesimo
1882 3221 113 28 generale

1521 3256 68 22 Paoli
1599 3256 17 21 il
1624 3256 52 21 mio
1689 3256 114 27 orologio
1820 3261 28 15 se
1861 3254 67 22 fosse
1949 3259 46 15 una

1522 3294 90 16 corona
1622 3294 49 16 non
1685 3289 74 27 gliela
1777 3288 110 24 lascerei,
1906 3286 89 28 perché

1521 3322 104 21 sarebbe
1651 3327 33 15 un
1705 3323 115 25 présente
1838 3320 107 27 indegno
1970 3319 24 21 di

1521 3359 75 17 uomo
1608 3354 88 26 libero,
1710 3354 31 21 ed
1749 3353 49 27 egli
1810 3354 23 21 la
1852 3352 143 22 butterebbe

1521 3388 51 21 via.
1581 3387 72 22 Nella
1674 3386 160 23 universalité
1851 3386 64 27 deglî
1941 3385 54 22 altri

1521 3421 60 21 miei
1589 3421 68 26 béni,
1668 3426 96 16 veruno
1772 3420 95 21 escluso
1877 3419 30 22 nè
1920 3420 77 20 eccet-

1521 3456 77 24 tuato,
1620 3454 142 21 instituisco
1786 3453 74 22 erede
1881 3451 114 22 Tiburzio

1523 3487 142 22 Giacomini
1677 3487 24 21 di
1714 3486 103 22 Centuri
1833 3486 51 21 mio
1896 3487 98 25 nepGte,

1523 3521 24 20 al
1558 3521 71 26 quale
1641 3520 76 21 faccio
1731 3519 89 25 invito,
1837 3524 14 16 e
1862 3519 25 21 in
1905 3520 90 25 quanto

1523 3559 100 16 occorre
1632 3553 154 25 comando,di
1793 3552 89 22 recarsi
1891 3557 14 15 a
1914 3550 82 22 Livor-

1521 3592 43 15 no.
1575 3586 162 22 econtinuare
1748 3585 119 22 iltraffico
1879 3584 117 22 dellamia

1522 3620 103 26 ragione
1633 3618 192 22 industriandosi
1839 3617 107 22 favorire
1956 3622 41 17 co-

1523 3657 42 16 rne
1575 3651 34 22 bo
1620 3652 62 21 fatto
1692 3652 25 21 io
1730 3656 48 16 con
1786 3650 144 28 Topera,col
1938 3655 59 16 con-

1523 3685 76 27 siglio
1610 3691 13 15 e
1635 3685 40 21 co’
1684 3685 58 21 béni
1753 3685 24 20 la
1787 3683 91 22 liberté
1888 3683 108 27 déliapa-

2016 2782 56 22 tria.
2085 2783 23 20 A
2120 2787 87 23 guerra
2218 2781 80 25 finita,
2312 2787 26 15 se
2351 2786 69 17 corne
2438 2786 56 21 spe-

2016 2821 29 16 ro
2060 2821 14 16 e
2087 2815 121 26 desidero,
2228 2816 39 20 col
2280 2814 133 28 vantaggio
2428 2814 64 21 délia

2017 2843 110 27 Corsica,
2135 2844 87 27 liquidi
2238 2843 59 28 ogni
2310 2848 45 16 suo
2364 2843 128 24 interesse,

2017 2883 13 16 e
2040 2877 109 22 converti
2153 2877 18 21 ti
2180 2877 35 27 gli
2225 2875 181 28 assegnamenti
2419 2875 26 21 in
2453 2875 43 21 da-

2017 2916 60 16 naro
2094 2910 63 21 cessi
2167 2910 25 21 la
2203 2910 145 25 mercanzia,
2359 2914 13 16 e
2385 2909 20 21 si
2417 2908 78 21 faccia

2009 2951 2 10 :
2018 2943 147 28 agricoltore
2173 2949 6 14 :
2204 2943 26 20 in
2250 2944 96 20 cotesta
2365 2942 130 22 occasione

2017 2976 99 28 porteré
2124 2981 56 17 seco
2187 2977 23 20 le
2215 2976 51 21 mie
2279 2981 81 20 ossa,e
2366 2976 25 21 le
2399 2976 96 27 seppel-

2018 3009 45 22 liré
2074 3016 15 15 a
2098 3009 41 28 piè
2157 3008 124 23 delTolmo
2294 3009 101 21 davanti
2406 3009 23 21 la
2441 3014 55 16 casa

2019 3043 66 22 dove
2095 3043 23 21 la
2129 3045 74 25 gente
2214 3048 32 15 va
2257 3048 14 15 a
2283 3043 158 27 meriggiare,
2449 3048 14 15 e
2471 3043 24 20 la

2020 3082 53 16 sera
2085 3082 13 15 a
2109 3076 119 28 prendere
2240 3075 81 22 fresco
2335 3082 5 19 ;
2352 3081 26 16 se
2391 3075 21 29 (e
2425 3081 71 22 ques-

2019 3111 27 20 to
2055 3109 49 22 Dio
2117 3115 50 16 non
2178 3109 86 28 voglia
2272 3108 33 29 )la
2315 3108 100 23 Corsica
2428 3115 69 16 aves-

2009 3151 3 10 ;
2021 3149 27 16 se
2057 3149 13 15 a
2082 3148 96 17 cascare
2197 3145 65 19 sotto
2281 3143 24 21 la
2325 3143 173 21 dominazicne

2020 3177 126 25 straniera,
2160 3177 76 21 allora
2248 3176 82 21 venda
2341 3177 23 20 le
2370 3178 67 19 terre
2448 3182 15 15 e
2474 3178 25 20 le

2021 3215 55 16 case
2084 3210 23 20 di
2118 3209 101 22 Corsica
2232 3215 13 15 e
2254 3210 64 27 pigli
2326 3212 81 19 stanza
2413 3209 66 22 fuori
2489 3216 7 19 ;

2021 3249 40 15 me
2078 3244 58 20 lasci
2159 3245 63 20 stare
2243 3244 66 21 dove
2328 3244 36 20 mi
2385 3246 111 23 troverc,

2021 3276 91 27 perché
2122 3277 34 20 mi
2168 3277 96 20 sembra
2277 3276 45 21 cbe
2340 3282 14 15 a
2364 3282 41 16 me
2416 3280 82 18 morto

2020 3314 52 15 non
2085 3309 105 21 darebbe
2201 3315 75 16 meno
2299 3309 75 28 uggia
2389 3310 110 22 dormire

2021 3342 66 20 nella
2096 3342 79 26 patria
2187 3342 101 21 sebiava
2301 3342 47 21 cbe
2358 3348 13 15 a
2379 3343 35 21 lui
2436 3343 61 22 vivo

2022 3375 146 21 stracinarvi
2176 3375 25 21 la
2208 3375 61 21 vita.

2049 3419 28 3 —
2086 3408 78 21 Padre
2189 3407 159 28 Bonfigliolo,
2374 3415 61 17 anco
2453 3412 44 26 lui,

2021 3446 63 16 anco
2095 3441 144 21 luimettete
2250 3442 66 21 nella
2328 3441 125 26 Circolare
2476 3447 23 21 ai

2021 3473 98 27 parroci
2128 3480 6 19 ;
2140 3479 70 16 senza
2221 3480 117 17 mancare
2350 3477 24 21 di
2387 3484 113 17 reveren-

2021 3512 28 15 za
2061 3507 23 20 ai
2097 3507 64 20 santi
2172 3507 93 22 antichi
2277 3509 36 21 mi
2332 3511 108 26 sembra,
2455 3512 47 22 cbe

2022 3545 28 15 su
2062 3539 34 27 gli
2104 3540 47 21 alta
2154 3540 18 21 ri
2192 3540 19 21 si
2225 3546 110 22 possono
2353 3547 64 19 stare
2438 3551 64 17 anco

2022 3572 89 27 questi.
2125 3572 50 22 Cbe
2194 3579 30 16 ne
2243 3575 59 26 dite,
2316 3577 74 26 padre
2398 3577 104 24 Bernar-

2023 3605 59 22 dino
2089 3606 12 20 ?

2244 3684 11 26 f
2258 3683 150 30 Cuntinuaj
