2532 3852
371 111 435 56 GIURNALI

136 251 34 19 La
185 247 110 21 Nouvelle
308 247 69 19 Corse

136 289 125 24 L’injustice
266 288 79 21 fiscale,
353 292 36 15 ou,
400 285 79 24 plutôt,
487 283 21 19 la
517 282 63 19 lour-

110 321 56 18 deur
180 319 40 19 des
237 318 79 24 impôts
331 316 40 24 qui
389 320 57 14 nous
462 313 118 19 menacent

110 356 13 13 a
138 348 70 20 réussi
222 349 14 18 à
248 347 58 20 faire,
326 345 56 19 dans
396 346 57 16 cette
466 341 52 19 ville
531 340 14 19 d
552 340 28 19 A-

107 378 73 25 jaccio
193 378 30 19 où
238 379 60 17 toute
305 373 109 21 initiative
423 375 41 18 est,
473 371 14 19 à
501 369 77 25 priori,

111 412 103 20 suspecte
229 406 28 20 de
265 404 90 26 profiter
372 404 12 18 à
402 401 30 20 tel
450 407 29 13 ou
494 399 30 19 tel
541 404 39 13 au-

111 442 35 16 tre
164 437 50 19 clan
232 434 112 25 politique,
363 430 145 22 l’unanimité,
523 428 56 19 dans

110 466 115 24 l’opinion.
236 465 58 19 C’est
307 463 59 19 donc
374 467 44 18 que
434 460 22 19 la
471 464 66 14 cause
546 459 34 17 est

111 497 81 19 bonne.

136 525 59 23 Seul,
212 523 66 22 aussi,
288 521 70 26 parmi
377 526 40 14 nos
426 518 112 21 confrères
552 516 28 20 de

110 556 23 20 la
150 560 82 20 presse,
250 554 21 19 la
283 553 72 19 Jeune
366 551 67 19 Corse
445 551 49 18 crut
502 547 78 20 devoir

111 592 26 13 se
150 583 143 26 singulariser
309 588 29 13 en
346 583 79 18 tenant
441 585 57 19 pour
519 576 61 21 nulle

111 616 21 19 la
147 613 99 21 décision
269 612 29 19 du
314 610 113 24 Syndicat.
438 608 48 20 Elle
502 612 78 18 essaya

111 645 73 19 même
201 648 40 19 par
258 642 37 19 des
311 639 98 25 arguties
425 638 45 20 fort
482 636 99 25 spécieu-

111 680 43 16 ses,
176 673 50 19 d’en
252 670 104 25 critiquer
385 667 156 26 l’opportunité
559 669 22 17 et

111 707 61 17 tenta
186 702 29 20 de
229 700 128 21 discréditer
365 698 85 26 l’esprit
458 697 39 25 qui
512 696 68 25 prési-

111 734 28 19 da
151 734 14 18 à
181 731 81 21 l’envoi
277 731 51 19 d’un
338 729 144 24 télégramme
494 727 29 19 de
530 732 51 18 pro-

110 762 103 22 testation
236 761 91 25 suggéré
353 765 40 19 par
419 758 75 20 Pierre
508 757 72 20 Rocca

111 794 111 19 directeur
237 791 27 20 de
280 791 19 19 A
313 790 93 22 Muvra,
415 794 29 14 au
458 787 59 25 sujet
526 786 54 21 delà

111 822 104 21 nouvelle
235 820 133 21 convention
385 818 126 21 maritime.-

136 854 18 19 A
167 858 108 18 supposer
291 851 73 19 même
375 850 22 19 le
411 849 55 25 pire,
475 847 38 25 (au
528 853 52 14 sens

111 884 28 20 de
163 883 21 19 la
207 890 11 11 «
227 882 71 20 Jeune
314 880 71 20 Corse
393 888 11 11 »
412 879 6 25 )
442 885 45 19 que
502 877 78 21 Pierre

113 914 73 20 Rocca
194 912 32 21 ait
231 912 52 20 saisi
291 914 57 17 cette
355 910 158 21 circonstance,
524 914 57 19 pour

112 950 58 14 nous
187 942 97 25 signaler
299 941 125 22 l’occasion,
444 940 65 24 après
526 938 55 24 mil-

111 974 23 20 le
147 977 81 19 autres,
252 972 27 20 de
300 977 57 14 nous
375 970 101 25 plaindre
492 970 14 19 à
520 969 61 25 juste

111 1005 52 19 titre
174 1007 22 16 et
213 1003 28 19 de
256 1001 112 21 renforcer
384 1001 21 20 la
422 1005 123 19 campagne
553 999 29 20 de

111 1034 99 25 légitime
232 1033 202 20 mécontentement
450 1031 13 19 à
486 1029 96 26 laquelle

112 1070 58 15 nous
188 1069 71 15 avons
284 1062 101 25 toujours
406 1061 91 25 apporté
518 1063 64 18 notre

112 1094 75 25 appui,
203 1093 28 21 ici
241 1101 7 16 ;
268 1094 14 19 à
301 1098 110 19 supposer
427 1091 55 23 cela,
499 1091 82 22 même,

113 1125 75 20 Pierre
204 1124 71 20 Rocca
291 1126 22 17 et
321 1126 60 17 "tous
398 1128 56 14 ceux
462 1121 38 25 qui
515 1121 67 24 adop-

113 1157 72 19 tèrent
193 1154 65 20 l’idée
274 1153 27 20 de
309 1156 57 17 cette
375 1152 152 25 protestation,
537 1151 46 20 n’a-

112 1186 74 24 girent
202 1185 65 25 qu’en
288 1183 83 25 qualité
389 1183 29 20 de
440 1182 81 20 Corses
540 1182 43 20 fer-

113 1219 99 18 mement
238 1214 83 21 résolus
339 1215 13 19 à
370 1220 26 14 ce
415 1219 44 19 que
473 1216 64 17 notre
553 1212 30 20 île

113 1253 30 13 ne
167 1245 105 21 continue
294 1251 41 18 pas
353 1245 14 19 à
384 1244 83 20 traîner
486 1243 34 20 les
537 1242 46 21 fers

113 1278 29 19 de
155 1275 125 26 l’ergastule
293 1274 154 25 économique,
454 1274 30 20 où
497 1273 43 20 elle
549 1274 28 24 gé

113 1307 40 20 mit
167 1307 79 24 depuis
259 1309 47 21 trop
325 1305 133 25 longtemps.

139 1338 25 19 L.
178 1337 31 20 M.
221 1336 90 21 écrivait
320 1342 7 13 :
334 1343 11 11 «
358 1335 21 20 il
382 1341 17 15 a
405 1336 38 19 été
448 1334 84 21 décidé
537 1341 46 13 une

111 1368 70 24 grève
197 1367 31 20 de
245 1367 54 20 trois
319 1366 83 20 heures
414 1365 43 25 qui
468 1372 16 14 a
496 1365 26 20 la
531 1366 53 23 pré-

113 1398 87 21 tention
214 1398 30 19 de
257 1397 58 20 tenir
321 1396 85 25 fermés
421 1396 35 20 les
463 1396 121 24 magasins

111 1429 109 25 pendant
232 1430 61 18 toute
310 1433 45 14 une
370 1427 99 20 matinée
478 1434 18 13 ».

139 1459 64 20 Cette
223 1458 123 25 prétention
370 1457 41 23 fut,
435 1463 29 14 en
486 1457 57 22 effet,
564 1456 19 21 si

114 1489 138 21 exorbitante
267 1494 43 19 que
325 1488 21 20 la
364 1487 86 21 totalité
467 1488 40 20 des
524 1493 60 14 com-

114 1523 110 20 merçants
241 1522 22 17 et
279 1518 116 21 industriel
409 1518 28 20 de
447 1521 64 17 notre
531 1517 53 21 ville

113 1551 145 20 observèrent
282 1550 21 19 la
328 1549 108 25 consigne
452 1549 29 19 de
501 1548 83 20 fermer

112 1582 62 19 leurs
188 1580 98 21 maisons
302 1579 100 25 pendant
415 1579 22 20 la
447 1579 96 20 matinée
555 1579 28 19 de

114 1611 67 24 feudi.

139 1641 59 21 C’est
215 1647 45 14 une
268 1640 56 21 belle
332 1639 165 22 manifestation
506 1640 28 20 de
539 1639 45 20 dis-

114 1672 81 26 cipline
213 1675 23 17 et
252 1671 27 20 de
293 1671 80 20 visible
389 1671 79 20 accord
478 1676 44 19 que
529 1670 55 20 don-

114 1704 80 19 nèrent
210 1703 33 20 les
260 1702 125 20 intéressés.

141 1758 81 24 Quand
238 1759 14 19 à
263 1758 21 19 la
298 1757 112 25 question,
419 1756 123 25 marginale
555 1761 27 15 en

113 1789 103 24 l’espèce,
240 1788 27 20 de
288 1788 20 20 la
317 1787 135 21 convention
464 1786 118 23 maritime,

112 1819 25 25 je
154 1819 92 25 déplore
261 1818 52 25 qu’il
327 1819 56 19 n’ait
399 1818 63 25 point
487 1818 35 20 été
543 1816 41 21 fait

114 1851 15 19 à
147 1850 22 20 la
185 1856 77 18 presse
280 1849 27 20 de
324 1848 187 21 communication
537 1847 47 21 offi-

115 1880 70 24 cielle,
203 1887 41 18 par
256 1879 80 21 l’envoi
361 1879 30 20 du
408 1882 59 17 texte
487 1878 95 25 intégral

114 1911 29 20 dé
159 1911 22 20 la
199 1910 133 21 convention
349 1910 100 20 soumise
461 1916 44 13 aux
520 1912 63 17 votes

114 1942 31 19 du
166 1942 132 19 Parlement.

141 1972 31 20 Ce
186 1972 39 25 qui
242 1977 55 14 nous
319 1972 107 26 apparaît,
450 1976 56 19 pour
524 1970 60 20 l’ins-

114 2006 55 20 tant,
191 2003 53 19 c’est
253 2008 43 19 que
309 2002 75 20 Bastia
401 2001 71 24 hurle,
489 2011 27 4 —
529 2006 55 15 avec

115 2033 74 20 raison
215 2038 52 15 sans
291 2038 72 15 aucun
382 2032 109 23 doute,—
505 2038 41 18 par
562 2032 21 19 la

115 2064 52 20 voix
183 2063 111 20 autorisée
312 2063 33 20 s’il
366 2069 27 14 en
412 2062 40 24 fut,
474 2062 28 20 de
520 2065 63 17 notre

115 2093 45 21 ami
175 2093 70 21 Henri
260 2093 129 25 Pierangeli.
422 2093 73 20 Bastia
510 2092 71 23 hurle,

114 2125 144 20 disons-nous
268 2131 6 17 ;
290 2130 24 14 ce
325 2124 39 25 qui
381 2124 74 20 révèle
471 2123 51 26 déjà
538 2129 45 15 une

114 2155 80 20 lacune
213 2161 67 19 grave
291 2155 27 19 de
334 2155 22 19 la
378 2154 134 21 convention
532 2160 51 19 pro-

114 2187 75 23 posée.
213 2186 35 19 Au
260 2185 95 24 surplus,
372 2185 15 20 il
403 2186 107 24 apparaît,
524 2191 59 14 com-

115 2222 36 14 me
165 2216 96 23 évident,
281 2215 61 21 selon
362 2216 22 19 la
398 2215 60 25 juste
480 2216 104 20 observa-

114 2247 48 19 tion
176 2246 28 20 de
221 2246 29 20 M.
263 2246 132 25 Pierangeli,
414 2252 44 18 que
472 2246 21 20 la
515 2245 68 21 tarifi-

115 2277 73 20 cation
211 2276 154 25 kilométrique
383 2280 33 17 est
428 2283 46 14 une
482 2277 99 25 duperie.

115 2307 110 25 Toujours
241 2308 124 24 repoussée,
380 2308 14 19 à
408 2307 101 25 l’époque
524 2308 30 19 où
562 2307 22 20 le

114 2337 54 21 tarif
182 2337 153 26 kilométrique
343 2338 40 20 des
401 2338 100 20 chemins
513 2338 28 20 de
550 2337 34 21 fer

115 2369 54 20 était
181 2369 31 20 tel
224 2375 44 19 que
282 2374 56 15 nous
346 2369 101 20 n’avions
456 2369 48 19 rien
513 2369 13 19 à
534 2374 50 19 per-

115 2399 39 20 dre
163 2400 14 19 à
192 2405 46 14 une
246 2398 151 24 assimilation,
423 2402 23 17 et
462 2404 119 20 parceque,

115 2429 113 24 disait-on,
245 2429 20 20 la
285 2429 99 21 distance
401 2435 27 14 en
445 2430 91 20 matière
554 2429 28 20 de

114 2463 114 21 transport
253 2460 109 20 maritime
381 2466 29 14 ne
424 2459 55 25 joue
500 2465 41 19 pas
563 2459 21 20 le

115 2491 72 19 même
205 2490 47 21 rôle
264 2497 43 18 que
315 2491 57 20 dans
386 2491 22 20 le
420 2494 112 20 transport
544 2496 40 18 par

114 2524 67 20 terre,
197 2527 30 13 on
236 2519 14 21 f
251 2521 103 25 applique
363 2520 143 25 aujourd’hui
524 2523 23 17 et
555 2526 29 13 au

115 2554 100 17 moment
231 2552 29 19 où
272 2551 21 20 le
304 2551 54 20 tarif
377 2551 39 20 des
434 2551 101 20 chemins
556 2550 28 20 de

114 2581 35 21 fer
164 2584 34 17 ést
213 2582 85 20 devenu
320 2581 123 25 prohibitif.

141 2612 34 20 Au
192 2612 89 25 surplus
299 2612 16 20 il
332 2616 84 17 ressort
438 2612 30 20 du
488 2611 97 25 premier

115 2649 58 19 coup
190 2643 69 23 d’oeil,
273 2649 43 19 que
333 2649 58 14 nous
409 2649 28 13 ne
450 2648 57 14 nous
523 2647 60 19 aper-

115 2680 94 14 cevrons
226 2674 39 20 des
279 2674 86 20 bonnes
381 2674 86 20 clauses
486 2672 29 21 de
528 2675 57 17 cette

115 2704 135 20 convention
262 2710 42 19 que
324 2704 57 20 dans
400 2706 79 22 quatre
496 2708 41 15 ans
546 2708 39 14 en-

605 239 72 21 viron,
699 236 73 20 tandis
781 241 44 18 que
837 234 32 20 les
882 231 125 22 mauvaises
1017 235 57 14 nous

605 270 77 17 seront
706 265 129 25 appliquées
849 262 99 25 pendant
964 263 58 17 cette
1041 262 33 16 at-

605 300 60 16 tente

630 326 18 19 Il
662 332 15 17 y
688 332 14 12 a
720 324 49 20 bien
791 322 91 20 matière
902 322 14 18 à
939 318 133 22 discussion,

605 356 26 19 cà
644 355 56 19 n’est
718 359 39 19 pas
777 352 81 20 niable.

629 400 84 19 Bastia
717 398 107 21 Journal.

629 440 42 20 J’ai
681 440 23 19 lu
719 445 54 14 avec
790 442 61 16 toute
863 436 125 21 l'attention
1002 435 72 24 qu’un

605 470 69 24 pareil
691 470 119 19 document
825 466 137 26 comportait,
977 465 99 25 l'exposé

605 500 39 19 des
650 499 75 20 motifs
731 499 28 19 de
764 498 21 20 la
791 497 102 21 nouvelle
899 495 134 21 convention
1042 500 34 14 re-

605 529 67 21 lative
688 530 14 19 à
718 535 41 14 nos
773 528 96 20 services
887 526 122 20 maritimes
1026 531 50 19 pos-

606 564 59 16 taux.
675 560 19 19 A
702 559 47 20 vrai
757 559 49 19 dire
813 558 23 25 je
844 564 29 14 ne
881 555 141 22 m’attendais
1036 560 39 19 pas

606 591 13 18 à
628 593 56 16 cette
692 589 135 24 publication
837 594 28 13 en
871 594 26 13 ce
903 589 106 17 moment.
1018 585 57 20 Rien

606 625 28 14 en
643 619 59 21 effet,
722 625 29 13 ne
763 617 85 20 laissait
861 616 90 25 prévoir
967 616 16 19 il
1000 622 14 17 y
1023 622 13 12 a
1050 614 25 20 i5

603 649 64 24 jours
684 648 124 20 seulement
821 653 44 20 que
873 652 58 15 nous
948 646 72 20 étions
1033 646 13 18 à
1053 644 22 20 la

606 679 66 20 veille
680 678 28 20 de
717 678 48 20 voir
774 681 62 17 voter
842 684 40 18 par
890 677 21 20 le
920 676 127 21 Parlement
1054 675 22 19 le

606 709 73 25 projet
687 709 28 19 de
723 709 30 19 loi
762 708 50 20 d’où
822 707 73 21 devait
901 706 113 26 dépendre
1027 708 50 18 tout

606 743 64 16 notre
679 739 77 20 avenir
763 738 148 20 d’insulaires.

631 770 23 20 Si
670 769 25 25 je
709 776 36 13 me
753 769 124 20 remémore
884 768 34 20 les
927 767 80 26 phases
1015 767 62 20 anté-

606 800 92 23 rieures,
708 800 55 20 celle
772 800 39 25 qui
826 806 13 13 a
845 799 95 25 précédé
952 798 21 20 la
982 803 95 15 conven-

606 830 47 20 tion
662 830 29 20 de
701 831 50 24 1903
757 837 6 17 ;
773 830 56 20 celle
835 830 50 25 plus
889 830 89 19 récente
984 827 40 26 qui
1028 827 49 25 pré-

606 860 53 21 céda
668 861 22 20 la
699 860 133 21 convention
840 860 30 20 du
879 860 26 20 25
913 859 55 21 Juin
977 863 62 20 1920;
1056 857 20 20 si

603 891 24 25 je
637 897 37 14 me
682 894 88 22 reporte
778 890 61 21 enfin
851 891 14 19 à
879 893 73 17 toutes
964 889 33 20 les
1005 888 72 25 pério-

606 922 39 20 des
659 922 39 24 qui
713 922 144 24 précédèrent
873 920 87 25 chaque
973 924 102 15 nouveau

606 952 84 26 régime
699 952 28 20 de
738 958 42 14 nos
792 951 96 21 services
896 950 122 21 maritimes
1027 954 50 19 pos-

606 986 60 20 taux,
681 983 25 24 je
722 982 105 20 demeure
840 981 112 21 confondu
961 981 82 19 devant
1054 979 22 19 la

607 1013 82 20 facilité
707 1019 54 14 avec
778 1013 96 24 laquelle
881 1018 30 14 on
926 1018 12 14 a
953 1017 30 19 pu
992 1010 55 20 faire
1054 1009 22 20 la

607 1044 151 24 conspiration
775 1043 31 20 du
822 1043 83 20 silence
917 1045 81 20 autour
1011 1041 66 19 d’une

607 1074 103 25 question
717 1080 43 18 que
768 1073 109 26 l'opinion
892 1072 107 25 publique
1007 1070 70 20 Corse

607 1105 60 19 avait
675 1104 100 25 toujours
784 1103 19 21 si
810 1103 181 25 passionnément
997 1100 78 21 suivie.

633 1134 64 21 Cette
714 1134 91 25 opinion
823 1140 29 14 ne
869 1133 83 21 saurait
963 1136 114 20 compren-

608 1165 46 24 dre,
664 1171 29 14 en
702 1165 58 24 effet,
766 1164 69 26 qu’au
842 1167 99 17 moment
949 1163 29 20 où
996 1162 21 19 le
1028 1166 49 20 pro-

609 1196 72 20 blème
691 1196 28 20 de
728 1201 42 14 nos
780 1195 104 20 relations
892 1199 55 15 avec
961 1193 21 19 la
994 1192 83 20 France

608 1226 150 21 continentale
770 1229 64 17 entre
846 1225 57 20 dans
914 1224 21 20 la
947 1223 68 25 phase
1029 1228 48 18 par-

608 1257 136 22 lementaire,
760 1261 87 15 aucune
858 1254 141 26 préparation
1011 1258 67 14 aucu-

609 1295 28 13 ne
646 1287 147 21 consultation
807 1286 70 20 locale
887 1285 52 20 n’ait
953 1290 27 14 eu
993 1283 52 23 lieu,
1055 1286 23 16 et

609 1319 66 25 qu’on
686 1323 85 19 engage
787 1315 92 21 l’avenir
888 1314 69 21 social
967 1317 24 17 et
998 1314 80 19 écono-

609 1349 76 25 mique
689 1348 29 20 de
726 1351 64 16 notre
798 1347 30 20 île
836 1345 99 27 pendant
942 1349 27 15 20
975 1350 41 14 ans
1024 1349 53 15 sans

609 1379 63 21 aveir
677 1378 90 21 d’abord
778 1377 96 21 entendu
883 1376 33 20 les
926 1375 118 21 doléances
1056 1376 22 18 et

609 1410 39 20 des
656 1415 66 19 corps
736 1409 55 23 élus,
804 1411 23 17 et
835 1408 39 20 des
879 1409 158 23 groupements
1045 1405 33 20 in-

608 1441 102 20 téressés.

634 1470 60 21 C’est
696 1470 25 25 je
728 1470 22 20 le
755 1468 220 26 répète,lapremière
982 1466 44 21 fois
1034 1472 45 19 que

609 1507 57 15 nous
683 1506 97 15 sommes
802 1499 84 25 surpris
903 1505 41 18 par
962 1498 117 20 l’annonce

608 1532 69 21 d’une
687 1530 124 21 discussion
817 1530 60 20 aussi
887 1528 127 26 précipitée.

634 1562 23 20 Si
666 1561 124 26 cependant
801 1561 96 25 l’exposé
909 1560 40 20 des
958 1558 76 21 motifs
1039 1558 39 26 qui

609 1593 94 25 précède
711 1592 21 20 le
740 1595 59 18 texte
807 1592 29 20 de
842 1591 22 20 la
872 1590 31 21 loi
916 1591 109 25 proposée
1040 1590 40 20 s’é-

608 1624 41 20 tait
656 1623 85 25 inspiré
749 1623 28 20 de
783 1622 108 25 quelques
895 1627 57 15 unes
960 1621 29 20 de
997 1627 42 14 nos
1046 1627 34 13 re-

608 1653 153 21 vendications
766 1660 7 17 ;
782 1652 34 21 s’il
824 1653 60 20 avait
891 1652 68 21 laissé
967 1651 113 21 entrevoir

609 1685 83 25 qu’une
710 1683 151 21 amélioration
880 1683 61 20 allait
957 1683 47 20 être
1016 1682 64 21 réali-

609 1716 38 19 sée
655 1722 39 13 sur
702 1715 22 20 le
732 1716 73 24 passé,
815 1720 55 15 ceux
876 1714 47 25 qui,
930 1719 88 15 comme
1025 1713 53 24 moi,

609 1746 61 20 n’ont
680 1745 81 26 jamais
772 1745 112 25 témoigné
892 1745 52 20 d’un
954 1744 126 26 optimisme

609 1777 101 25 exagéré,
729 1776 102 21 auraient
846 1782 31 20 pu
900 1776 107 20 convenir
1027 1782 51 18 que,

609 1813 85 15 somme
715 1811 68 20 toute,
798 1813 57 15 nous
876 1807 111 25 pouvions
1006 1806 74 21 saluer

609 1844 86 14 comme
709 1845 31 13 un
754 1838 92 25 progrès
860 1838 148 20 l’avènement
1021 1837 28 20 de
1058 1837 22 20 la

609 1869 104 21 nouvelle
721 1869 143 20 convention.

634 1900 63 24 Mais,
712 1899 53 25 qu’il
780 1906 58 14 nous
849 1899 44 21 soit
913 1899 84 25 permis
1018 1898 28 20 de
1059 1897 22 21 le

609 1931 54 23 dire,
675 1937 26 14 ce
712 1930 72 26 projet
798 1931 28 20 de
841 1930 125 25 régression
982 1929 99 20 contient

609 1962 39 19 des
664 1961 99 23 lacunes,
779 1961 16 20 il
808 1965 64 21 porte
881 1961 41 20 des
936 1960 144 25 dispositions

609 1992 54 20 dont
672 1992 16 20 il
696 1996 35 16 est
735 1992 30 21 du
779 1992 78 21 devoir
867 1992 28 20 de
900 1991 22 20 la
927 1997 76 19 presse
1010 1990 71 20 locale

608 2023 29 20 de
644 2023 98 25 signaler
750 2023 185 25 énergiquement
942 2022 23 20 le
974 2022 85 24 danger
1067 2021 14 20 à

609 2054 38 24 qui
659 2054 29 20 de
697 2054 65 20 droit.

633 2104 112 21 L’Action
761 2104 118 25 française

634 2144 33 20 En
677 2149 58 20 1914,
743 2146 29 18 oh
782 2150 28 14 ne
819 2143 84 21 voulait
911 2148 40 20 pas
960 2142 72 20 croire
1037 2147 45 20 que

608 2172 21 20 la
638 2178 80 19 guerre
730 2172 34 20 fût
776 2171 105 26 possible.
900 2170 33 21 En
947 2170 57 24 1926,
1014 2176 30 14 on
1053 2175 29 14 ne

609 2204 52 17 veut
669 2206 41 19 pas
723 2199 71 21 croire
811 2205 44 19 que
863 2199 22 19 le
898 2198 71 24 franc,
985 2198 76 20 tombé
1069 2197 13 20 à

608 2229 74 20 moins
695 2228 28 20 de
740 2227 63 25 vingt
820 2227 114 23 centimes,
953 2226 83 24 puisse,
1053 2231 29 14 en

609 2260 63 16 vertu
686 2256 29 20 de
725 2256 22 20 la
759 2256 31 19 loi
798 2255 29 20 de
835 2258 119 21 pesanteur
962 2254 39 25 qui
1009 2260 14 13 a
1032 2253 50 25 déjà

608 2285 35 24 agi
652 2291 39 13 sur
701 2288 63 16 notre
779 2283 112 22 monnaie,
905 2282 87 20 tomber
1003 2282 13 19 à
1025 2282 57 20 deux

609 2312 67 21 liards
690 2316 23 16 et
721 2312 13 20 à
748 2312 59 19 zéro.
824 2311 29 20 Le
868 2316 52 19 gros
934 2310 28 20 de
970 2310 21 20 la
1006 2309 75 20 nation

609 2340 73 20 refuse
695 2340 72 19 même
781 2339 28 20 de
818 2344 24 15 se
857 2338 79 21 rendre
951 2341 88 21 compte
1052 2337 29 19 du

609 2367 39 21 fait
659 2374 45 18 que
714 2368 18 19 la
746 2367 104 20 monnaie
864 2366 69 25 légale
942 2371 13 15 a
969 2365 69 25 perdu
1051 2365 32 20 les

609 2400 78 20 quatre
695 2395 138 25 cinquièmes
841 2394 28 21 de
878 2400 24 15 sa
912 2394 76 20 valeur
996 2397 22 16 et
1031 2399 50 19 que,

609 2424 28 19 de
646 2429 25 14 ce
680 2423 88 20 dernier
777 2422 134 25 cinquième,
923 2421 14 20 il
945 2421 46 20 faut
1002 2427 82 14 encore

609 2451 100 23 déduire,
717 2457 55 18 pour
778 2450 95 21 calculer
879 2455 24 15 sa
913 2449 67 20 réelle
986 2449 97 25 capacité

609 2479 93 23 d’achat,
711 2479 31 20 les
748 2483 24 19 40
780 2484 55 18 pour
844 2482 51 16 cent
903 2483 45 19 que
957 2477 126 24 représente

610 2507 125 20 l’élévation
746 2506 27 20 de
782 2513 26 13 ce
816 2507 69 23 qu'on
898 2505 87 25 appelle
994 2505 32 20 les
1036 2505 47 24 prix

610 2534 128 21 mondiaux.
750 2533 152 23 Absolument,
913 2537 63 16 notre
984 2531 62 22 franc
1055 2538 28 14 ne

611 2567 52 16 vaut
670 2562 51 24 plus
728 2561 50 25 qu’à
789 2562 65 24 peine
862 2561 71 20 douze
942 2560 115 21 centimes.

636 2589 63 21 Cette
709 2589 114 23 situation,
834 2589 14 20 il
858 2590 37 23 n’y
904 2595 14 13 a
927 2589 108 24 peut-être
1044 2594 39 19 pas

611 2624 29 13 un
659 2616 104 25 Français
780 2623 39 14 sur
833 2620 50 17 cent
898 2617 38 24 qui
952 2617 46 19 s’en
1016 2616 67 20 rende

610 2648 96 22 compte.
722 2644 32 21 Ce
768 2645 38 24 qui
822 2648 52 21 peut
889 2650 24 15 se
932 2644 98 20 traduire
1044 2649 40 20 par

610 2677 56 16 cette
677 2672 104 21 formule:
792 2672 47 21 «Un
849 2678 55 19 pays
909 2672 28 20 où
944 2672 21 20 le
971 2672 113 24 président

610 2700 54 20 delà
676 2700 138 25 République
822 2700 57 20 croit
887 2700 52 24 qu’il
946 2705 72 20 gagne
1027 2699 56 20 deux

1099 98 99 20 millions
1207 102 41 18 par
1256 101 28 13 an
1293 96 34 17 est
1338 87 237 29 psychologiquement

1099 123 117 26 incapable
1221 122 52 20 d’un
1279 118 180 22 assainissement
1467 116 108 17 financier

1099 151 132 21 monétaire,
1237 149 56 20 line
1301 143 124 26 comprend
1429 143 72 20 même
1506 143 68 22 pas.»

1125 179 27 20 Et
1161 183 89 15 comme
1258 176 16 19 il
1283 181 28 14 ne
1324 170 121 25 comprend
1458 174 47 20 pas,
1516 168 21 18 la
1546 173 29 13 si-

1099 205 130 27 gnification
1234 204 40 19 des
1279 200 79 22 choses
1363 197 91 21 visibles
1458 196 31 19 lui
1495 195 79 23 échap-

1100 240 35 19 pe.
1146 233 31 19 La
1191 229 135 22 démocratie
1340 232 29 15 ne
1383 222 138 26 comprenait
1535 227 39 19 pas

1101 267 45 13 non
1155 260 51 25 plus
1216 264 25 14 ce
1250 263 44 19 que
1305 252 114 23 voulaient
1426 251 48 19 dire
1483 250 33 19 les
1526 255 48 18 pré-

1100 286 92 26 paratifs
1200 284 115 21 militaires
1323 281 28 20 de
1365 278 144 23 l’Allemagne
1517 279 23 16 et
1548 281 25 14 ce

1100 320 45 18 que
1154 313 85 20 voulait
1247 312 54 22 dire,
1307 315 41 19 par
1354 305 108 25 exemple,
1471 304 7 20 1
1488 304 86 19 ultima-

1100 345 48 16 tum
1156 341 14 19 à
1179 340 21 20 la
1212 339 84 20 Serbie.
1305 334 63 23 Ainsi
1378 333 43 19 l’on
1430 335 40 21 put
1482 331 92 19 afficher

1100 374 39 14 sur
1147 371 51 16 tous
1207 367 33 20 les
1252 370 61 16 murs
1321 363 28 19 de
1362 361 93 21 France,
1468 358 76 25 quand
1552 358 21 18 la

1100 394 152 21 mobilisation
1268 393 34 19 fut
1322 390 102 19 devenue
1445 386 127 21 inévitable,

1100 429 45 18 que
1152 422 36 19 «la
1196 418 149 23 mobilisation
1354 415 75 20 n’était
1437 420 39 18 pas
1482 413 21 20 la
1508 418 66 19 guer-

1100 456 47 17 re»,
1155 450 28 19 de
1192 449 74 19 même
1274 446 66 26 qu’on
1349 444 75 24 répète
1431 440 95 26 aujourd
1534 440 39 18 hui

1101 484 44 18 que
1153 476 116 20 l’inflation
1275 475 57 19 n’est
1337 476 40 20 pas
1385 470 22 20 la
1411 469 161 24 banqueroute.

1125 505 44 20 Sur
1178 503 54 25 quoi
1240 503 22 20 la
1270 498 133 24 démocratie
1417 494 157 26 compte-t-elle

1100 539 27 13 en
1136 531 62 25 1926?
1203 530 93 21 Comme
1301 534 28 14 en
1335 530 98 20 19*4,sur
1438 530 31 14 un
1475 520 96 22 miracle.

1101 560 49 20 Une
1158 559 51 20 idée
1218 557 114 25 simpliste,
1345 554 116 24 ignorante
1469 553 23 17 et
1499 554 74 20 pares-

1101 593 73 17 seuse,
1186 592 46 14 une
1240 584 49 20 idée
1297 583 28 20 de
1334 581 67 22 foule,
1416 582 52 17 veut
1475 582 45 20 que
1528 576 8 19 I
1542 581 30 13 on

1100 615 47 20 s’en
1155 614 43 20 tire
1206 619 32 13 un
1253 610 69 21 matin
1331 615 41 19 par
1385 606 97 26 quelque
1496 608 78 19 opera-

1100 642 49 20 tion
1157 640 112 26 magique.

1126 672 57 20 Mais
1191 672 34 20 les
1233 668 101 22 miracles
1346 664 118 22 financiers
1475 664 52 18 sont
1535 666 38 14 en-

1101 706 52 15 core
1158 700 52 24 plus
1218 702 59 16 rares
1283 701 45 19 que
1335 694 32 20 les
1377 690 100 23 miracles
1486 688 88 21 militai-

1102 734 43 15 res.
1155 726 125 22 D’ailleurs,
1292 729 31 14 un
1332 720 90 22 miracle
1430 718 29 20 de
1465 718 22 20 là
1496 716 77 20 Marne

1101 755 121 22 lui-même,
1227 752 33 21 s’il
1266 749 90 26 pouvait
1361 755 15 18 y
1381 753 29 15 en
1416 745 61 21 avoir
1480 751 31 14 un
1516 750 58 18 pour

1101 784 21 20 le
1127 783 71 22 franc,
1206 785 57 16 nous
1271 776 109 22 laisserait
1387 780 86 15 comme
1482 773 57 20 celui
1545 773 29 18 de

1102 816 51 20 1914
1163 815 56 15 avec
1231 809 72 19 toutes
1315 805 35 20 les
1366 802 165 24 conséquences
1545 799 29 21 de

1102 836 123 23 Charleroi.
1241 834 42 20 Ces
1297 832 167 24 conséquences
1477 827 47 26 (dix
1536 827 38 21 dé-

1101 866 137 26 partements
1255 860 92 22 envahis
1356 862 23 17 et
1391 855 109 27 ravagés),
1515 862 58 14 nous

1102 897 51 17 sont
1166 891 85 22 restées
1255 889 5 4 '
1264 887 176 26 intégralement.
1455 885 33 20 De
1500 884 73 20 même

1101 921 27 24 si,
1138 927 42 19 par
1194 924 45 15 une
1253 914 147 23 intervention
1418 912 154 23 miraculeuse,

1101 949 21 20 le
1130 948 132 25 glissement
1271 944 28 20 de
1307 947 65 17 notre
1380 940 104 22 monnaie
1498 940 76 21 venait

1101 977 14 20 à
1131 976 109 20 s’arrêter,
1253 973 21 20 la
1292 970 135 22 destruction
1442 969 39 20 des
1495 972 79 22 quatre

1101 1003 139 26 cinquièmes
1253 1000 29 21 du
1290 999 63 20 franc
1361 997 100 22 resterait
1474 996 98 26 acquise,

1102 1035 21 17 et
1131 1032 56 20 c’est
1194 1029 52 25 déjà
1253 1035 31 14 un
1293 1027 98 21 désastre
1399 1025 109 21 suffisant.

1127 1060 31 20 La
1171 1058 57 21 livre
1242 1056 116 20 au-dessus
1370 1054 28 21 de
1407 1054 38 21 i36
1456 1053 82 24 francs,
1552 1053 22 21 le

1101 1087 72 21 dollar
1185 1087 13 19 à
1214 1085 33 23 28,
1263 1090 26 15 ce
1302 1086 52 18 sont
1370 1082 40 21 des
1426 1082 88 21 chiffres
1535 1082 38 25 qui

1102 1114 111 21 n’avaient
1224 1111 80 27 jamais
1318 1112 35 20 été
1367 1111 97 20 atteints.
1479 1110 32 21 Ce
1523 1113 52 18 sont

1102 1144 39 19 des
1149 1141 98 22 records.
1262 1139 74 25 Qu’on
1345 1145 24 15 se
1382 1142 68 17 mette
1458 1138 51 21 bien
1518 1138 56 21 dans

1101 1171 21 20 la
1131 1171 46 20 tête
1190 1168 55 26 qu’il
1259 1167 37 26 n’y
1304 1174 14 14 a
1332 1174 40 19 pas
1380 1167 29 21 de
1425 1167 74 20 raison
1517 1173 57 19 pour

1102 1205 45 19 que
1154 1198 22 20 la
1185 1197 57 20 livre
1251 1202 28 15 ne
1287 1196 44 21 soit
1338 1202 40 19 pas
1387 1196 12 20 à
1409 1195 45 25 l5o,
1461 1196 13 20 à
1483 1195 68 24 i.5po,
1561 1195 13 20 à

1103 1226 79 21 15.000.

1650 84 41 36 La
1716 81 96 36 Revue
1832 77 36 36 de
1884 76 29 35 la
1931 73 87 36 Corse

1842 151 75 19 Janvier
1934 148 44 19 1926

1692 190 42 18 Mon
1742 189 44 18 cher
1795 185 93 20 Confrère,

1621 232 28 17 En
1654 234 47 14 vous
1711 226 112 23 témoignant
1829 224 51 17 toute
1884 226 29 13 ma
1920 219 94 24 gratitude
2022 222 47 17 poul-

1598 260 18 17 ie
1624 261 89 15 concours
1724 252 120 21 bienveillant
1852 254 41 18 que,
1911 247 65 22 depuis
1991 246 29 17 six
2038 250 30 12 an-

1598 287 51 17 nées.
1658 289 47 13 vous
1710 287 45 14 avez
1763 281 42 18 bien
1813 279 57 18 voulu
1875 276 86 23 apporter
1968 274 11 18 à
1987 274 18 18 la
2011 273 58 18 Revue

1598 314 23 18 de
1629 313 19 18 la
1657 312 57 19 Corse,
1723 310 18 22 je
1749 312 47 14 vous
1804 306 41 22 prie
1853 305 22 17 de
1883 304 43 17 bien
1934 300 79 23 vouloir,
2020 301 48 18 cette

1598 341 36 18 fois
1648 342 71 17 encore,
1736 335 85 19 accorder
1828 334 12 17 à
1848 333 17 17 la
1873 332 43 17 note
1932 330 82 22 ci-jointe
2031 328 37 18 l’ai-

1598 368 60 18 mable
1675 362 104 25 hospitalité
1793 362 24 17 de
1827 365 35 17 vo?
1874 359 92 18 colonnes.

1620 420 65 20 L’actif
1693 420 19 18 et
1720 416 118 25 persévérant
1845 414 95 19 Directeur
1948 414 24 16 de
1979 413 18 17 la
2009 412 60 18 Revue

1598 450 22 17 de
1628 449 19 17 la
1656 447 58 21 Corse,
1732 446 24 17 M.
1765 445 22 17 A.
1798 442 94 21 CLAVEL,
1906 446 48 14 nous
1971 440 34 18 fait
2019 440 47 22 part,

1598 478 47 17 dans
1656 476 19 17 le
1682 474 24 18 N°
1714 473 29 22 36,
1752 473 23 17 de
1782 471 100 18 Décembre
1889 469 46 18 1923
1942 468 102 19 terminant
2051 468 19 18 la

1598 504 35 17 Vie
1647 501 64 21 année,
1720 501 23 17 de
1754 504 34 14 son
1801 498 113 18 irrévocable
1929 496 140 19 détermination

1598 532 23 17 de
1636 533 94 16 renoncer,
1747 532 23 13 en
1781 526 88 23 présence
1885 526 22 18 de
1918 524 152 25 l’augmentation

1597 558 104 18 incessante
1718 556 19 18 et
1750 555 115 18 exorbitante
1873 555 33 18 des
1917 554 46 19 frais
1975 553 95 23 d’impres-

1598 586 47 21 sion,
1652 586 12 17 à
1671 585 19 17 la
1698 583 125 19 continuation
1831 584 23 17 de
1859 583 85 18 l’OEuvre
1953 581 117 24 régionaliste

1597 613 46 22 qu’il
1651 617 11 13 a
1670 612 59 18 créée.
1743 611 81 19 Voulant
1836 615 75 15 assurer
1923 610 87 23 jusqu’au
2017 609 52 18 bout»

1597 640 71 23 malgré
1681 640 28 19 les
1725 640 61 22 pertes
1800 639 69 22 subies,
1879 640 19 18 la
1905 638 71 24 dignité
1984 636 86 23 toujours

1598 669 106 18 maintenue
1712 669 12 17 à
1732 673 20 14 sa
1766 668 119 22 publication,
1894 668 15 18 il
1920 672 11 13 a
1938 666 37 19 fait
1990 665 80 23 paraître

1598 702 26 14 un
1641 697 74 19 dernier
1728 697 77 18 numéro
1821 697 43 23 plus
1872 696 101 22 important
1989 699 36 17 que
2042 693 28 18 les

1598 727 62 17 autres
1673 726 19 18 et
1700 726 34 18 des
1741 726 43 22 plus
1792 723 122 21 intéressants
1922 728 46 14 avec
1975 727 46 15 onze
2029 727 41 18 gra-

1598 758 58 14 vures
1670 755 19 17 et
1697 754 28 18 les
1739 754 136 22 remarquables
1889 752 74 19 articles
1971 752 24 17 de
2002 755 31 14 ses
2041 755 29 14 sa-

1598 783 56 18 vants
1671 782 146 18 Collaborateurs
1826 786 36 18 que
1872 782 19 17 le
1898 784 80 19 manque
1987 780 24 17 de
2018 779 51 21 place

1598 815 48 14 nous
1660 810 87 23 empêche
1757 809 121 19 d’énumérer.

1620 839 51 18 Nous
1679 839 97 22 déplorons
1792 838 113 18 amèrement
1918 837 49 18 cette
1981 835 88 23 regretta-

1598 867 31 19 ble
1641 867 90 22 décision,
1746 867 46 18 mais
1805 871 48 14 nous
1867 868 103 20 apprenons
1982 862 87 20 toutefois

1598 899 46 15 avec
1658 895 113 19 satisfaction
1780 899 37 18 que
1824 895 20 17 la
1850 893 77 19 REVUE
1935 893 45 18 dont
1987 891 28 18 les
2026 890 43 18 Cor-

1599 928 30 14 ses
1645 924 33 18 ont
1692 923 84 23 apprécié
1789 923 19 18 la
1820 923 57 18 haute
1884 921 66 18 valeur
1966 919 103 22 historique

1599 953 19 17 et
1625 952 96 21 littéraire,
1739 956 24 14 ne
1770 955 73 14 cessera
1851 954 33 18 pas
1892 950 23 17 de
1922 948 80 23 paraître
2007 948 20 17 et
2033 951 36 18 que

1598 980 24 18 M.
1634 980 23 18 A.
1673 979 93 22 CLAVEL,
1785 980 42 17 tout
1843 983 24 13 en
1881 976 110 20 conservant
1998 980 31 13 ses
2035 975 34 18 bu-

1599 1013 57 14 reaux
1671 1009 20 18 et
1698 1013 21 13 sa
1730 1006 89 20 Librairie
1827 1006 23 19 de
1858 1005 18 19 la
1888 1005 58 21 Corse,
1961 1009 11 13 a
1980 1003 57 18 remis
2050 1003 19 17 la

1598 1037 68 22 charge
1683 1037 24 17 de
1720 1036 96 19 continuer
1836 1035 48 18 cette
1902 1032 122 19 intéressante
2035 1035 34 18 pu-

1599 1065 87 18 blication
1696 1065 12 17 à
1720 1069 26 13 un
1754 1063 120 24 groupement
1882 1061 56 18 Corse
1945 1060 24 18 de
1976 1058 53 19 Paris
2036 1057 32 23 qui

1598 1093 84 19 l’éditera
1689 1092 106 19 désormais.

1621 1116 78 25 Celui-ci
1705 1126 11 13 a
1729 1121 68 17 obtenu
1811 1122 48 19 pour
1880 1118 18 17 la
1916 1115 94 24 diriger,le
2026 1118 43 14 con-

1599 1154 56 15 cours
1671 1150 24 17 de
1701 1149 25 18 H.
1735 1149 23 18 A.
1766 1145 111 23 AMBR0S1,
1884 1146 19 17 le
1910 1145 67 18 savant
1984 1142 86 19 secrétai-

1599 1184 21 13 re
1635 1179 24 17 de
1669 1178 19 18 la
1699 1175 71 20 Société
1785 1176 34 17 des
1828 1174 85 18 Sciences
1921 1173 23 18 de
1954 1171 68 19 Bastia.
2029 1170 40 18 Elle

1599 1212 25 14 ne
1640 1205 78 24 pouvait
1729 1208 64 19 passer
1806 1208 25 13 en
1839 1203 23 17 de
1867 1201 106 18 meilleures
1981 1198 61 18 mains
2050 1198 19 18 et

2093 65 95 18 l’heureux
2203 63 55 18 choix
2274 63 22 18 de
2307 63 30 18 cet
2345 63 81 22 éminent
2438 71 56 24 enfant
2500 82 8 11 H
2521 58 11 38 f

2094 93 54 18 Corse
2162 92 72 18 montre
2248 96 37 17 que
2294 92 48 17 cette
2356 92 48 20 belle
2419 100 52 18 cause
2485 110 10 12 n

2094 121 78 18 riclilera
2186 124 38 18 pas.
2496 112 8 14 e
2514 119 13 18 K

2117 148 26 17 En
2152 147 102 22 regrettant
2262 147 18 18 le
2288 151 129 17 renoncement
2425 152 24 18 du
2457 160 48 20 grand
2525 144 7 30 f

2093 176 24 17 de
2125 175 17 18 la
2151 174 54 19 Corse
2218 175 33 22 qui
2263 180 11 13 a
2283 180 22 13 eu
2318 175 106 21 l’heureuse
2435 180 60 26 initiatj

2093 204 47 17 cette
2151 202 80 19 création
2238 202 170 24 régionaliste,dont
2418 207 39 20 tous
2462 211 24 21 fis
2490 199 11 34 p
2505 199 18 20 6'

2093 232 33 17 ont
2138 235 80 14 reconnu
2233 231 81 18 l’intérêt
2330 232 19 17 et
2357 232 82 24 l’utilité,
2460 243 32 18 Dou

2094 259 58 18 citons
2164 259 24 17 M.
2198 259 22 18 A.
2236 258 89 19 CLAVEL
2338 260 71 19 d’avoir
2423 267 22 14 su
2458 266 25 20 iuj
2492 249 8 13 S
2510 253 20 29 -^j

2094 287 135 22 tenir,pendant
2236 287 18 17 la
2263 287 149 24 longuejpériode
2421 291 22 18 de
2451 294 26 19 six
2482 302 18 15 an
2511 293 13 18 •*'

2094 319 20 13 sa
2121 314 54 19 haute
2192 315 65 17 valeur
2274 315 89 19 littéraire
2380 318 47 18 et....
2497 309 4 10 1

2115 370 163 21 Permettez-nous,
2297 375 44 13 mon
2360 372 44 19 cher
2427 374 69 25 Confier
2512 375 4 5 '

2093 403 47 13 vous
2154 398 64 19 laisser
2234 399 19 18 le
2267 399 41 18 soin
2326 400 24 17 de
2364 401 86 20 modifier
2462 398 46 32 sei011’

2093 426 50 19 idées
2156 427 28 18 les
2197 427 62 23 lignes
2268 427 92 19 ci-dessus
2371 429 20 18 et
2404 430 24 19 de
2438 432 27 20 les
2472 436 57 25 termp

2094 455 50 18 selon
2153 460 33 13 vos
2195 460 77 18 propres
2285 456 140 22 appréciations.
2433 460 22 18 Je
2467 448 61 38 conf*^

2094 484 27 18 rai
2136 483 82 23 toujours
2232 484 11 18 à
2258 484 103 22 m’occuper
2373 485 24 18 de
2406 486 20 19 la
2436 488 52 23 Corse
2502 499 8 15 A
2516 478 11 17 ^

2095 511 131 24 bibliographie
2243 513 19 17 et
2274 512 75 18 surtout
2361 513 24 17 de
2397 512 131 32 l'achèvement*

2094 539 122 19 Dictionnaire
2233 539 85 24 descritif
2331 540 44 23 des'_
2378 541 100 25 Communes
2500 552 11 16 p
2528 554 4 13 [

2095 569 42 18 rant
2149 568 51 18 avoir
2211 568 19 18 le
2237 568 65 22 plaisir
2311 568 23 18 de
2342 569 99 20 maintenir
2458 579 40 17 avec
2512 588 3 4 ■

2095 597 33 18 des
2140 596 86 18 relations
2234 596 46 18 dans
2287 596 100 22 lesquelles
2396 597 34 24 j’ai
2436 606 25 17 pu
2468 586 45 40 anpj
2515 589 8 29 0.
2521 591 6 14 1

2095 625 51 18 toute
2161 624 53 17 votre
2222 623 100 23 amabilité,
2331 624 21 18 et
2358 629 48 15 vous
2420 629 40 21 prie
2472 632 54 22 d’aerfe

2094 657 45 14 avec
2152 653 41 17 tous
2210 656 40 14 mes
2262 652 143 23 remerciments,
2420 660 39 16 mes
2467 660 37 21 plus
2529 663 2 3 ■

2094 681 58 19 diales
2167 680 115 19 salutations.
2512 671 20 32 ^

2397 705 32 23 A.
2443 708 76 31 Clavel.

2107 775 237 29 Aiaceiu-Stamparia
2361 776 25 22 di
2407 778 23 22 A
2454 780 72 32 Mtivra

2095 809 21 23 U
2128 810 213 28 direltore-gerente
2352 816 5 15 :
2379 810 68 24 Petru
2460 814 68 30 ROCCi

2160 892 193 32 Antichità
2375 863 156 68 Corse^l

2112 953 208 48 Francescu
2362 952 160 59 P1ETRI

2123 1019 21 26 8,
2158 1018 82 23 Còrsu
2253 1017 133 23 Grandval
2398 1030 31 5 —
2442 1015 88 36 Aiacci/

2110 1091 70 31 Cispre,
2202 1089 50 33 Stili,
2264 1089 77 32 Pistole,
2352 1089 107 34 Fianchine,
2466 1093 54 35 stampe

2147 1129 56 26 Piatti
2215 1135 10 20 e
2236 1130 59 25 Tazze
2307 1134 24 20 eu
2341 1129 9 25 i
2360 1130 87 30 proyerbj
2459 1134 45 25 corsi

2197 1168 72 26 Zucche
2281 1174 24 21 eu
2313 1168 72 31 sugetti
2394 1168 59 27 local!

1705 1337 235 55 CORSI
1965 1337 15 49 !

1172 1440 195 41 Giuvanastri,
1384 1438 175 37 Pullastroni
1578 1448 16 25 z
1610 1435 106 46 Vccchj
1733 1431 184 38 buz^acuti***
1943 1427 152 39 LÎGHJTE
2112 1425 115 39 TUTTI
2244 1438 17 24 z
2277 1426 59 46 fate
2354 1426 130 37 LEGHJE

1381 1513 75 95 A
1531 1509 383 97 Baretta
1981 1499 331 123 Misgia

1617 1631 132 24 RIVISTA
1769 1629 175 23 POPULARE
1969 1627 103 23 CORSA

1174 1692 99 27 Scritta
1284 1692 183 26 interamente
1476 1690 31 26 in
1520 1697 81 18 corsu
1614 1688 36 26 da
1660 1688 11 25 i
1683 1688 51 34 più
1745 1685 154 28 talentuosi
1911 1684 122 26 scrrvâni
2045 1691 15 18 e
2072 1682 99 27 anfarti
2182 1681 139 26 nustrani.

1173 1737 132 27 Ganterie
1315 1736 76 26 belle
1402 1731 406 39 puesie,pruverbj,cuntrasti,
1822 1729 128 32 lamenti,
1964 1731 97 29 satare,
2077 1726 181 27 cummidiòle
2275 1734 14 17 e
2302 1725 178 35 stalbatoghj.

1174 1797 48 25 Da
1225 1795 127 36 fàpassà
1364 1794 129 26 cuntenti
1505 1792 124 27 istatina
1641 1800 14 17 0
1671 1791 160 26 imbernata
1842 1799 15 16 e
1873 1789 37 26 da
1918 1786 38 38 fà
1966 1788 120 35 sciuppà
2097 1787 46 25 d?a
2156 1786 60 26 risa
2227 1793 74 18 ancu
2315 1793 13 18 e
2340 1786 150 33 castagne..

1561 1861 26 25 E
1605 1868 46 18 un
1671 1862 93 23 costa
1784 1866 42 18 ca
1846 1858 83 25 dece
1946 1856 84 27 soîdi
2048 1855 17 26 !!

1499 1935 8 36 (
1546 1929 114 32 Corsïca
1886 1931 50 33 (un
1950 1929 89 34 annu)
2076 1946 138 7 ....
2250 1927 21 26 S
2288 1927 129 25 franchi

1260 1960 209 28 Ahbunamenti
2258 1977 15 9 ,

1499 1981 6 33 !
1546 1984 33 26 In
1591 1985 72 25 altro
1956 1989 17 17 »
2080 1997 138 7 ....
2255 1980 20 23 6
2342 1986 17 16 »

1765 2017 8 6 *-

2336 2135 141 7 ...
2501 2130 31 17 fjm

1238 2159 530 88 Sfamparia
1833 2154 93 75 di
1991 2153 89 73 A
2139 2154 324 71 Muvra

1301 2322 217 58 Lettare
1541 2350 22 13 =
1594 2319 221 57 Fatture
1839 2348 21 13 =
1882 2318 160 57 Carte
2071 2345 21 14 =
2124 2316 231 70 Bîgîietti
2379 2344 21 15 =
2527 2303 5 95 |

1238 2416 357 58 Memoranda
1622 2443 22 15 =
1672 2414 187 57 Affissi
1888 2443 21 14 =
1939 2412 143 59 Libri
2112 2441 20 14 =
2161 2411 244 58 Qiurnali
2437 2439 20 15 =

1710 2525 124 40 6G®®e®
1869 2524 123 41 SC®®®.

1403 2661 215 47 Presto
1642 2658 150 50 fattu
1828 2674 36 32 e
1900 2674 40 32 a
1973 2658 126 48 bon
2132 2662 166 54 pattu

115 2811 104 23 Fuglittinu
225 2812 20 17 di
249 2811 21 19 A
278 2810 122 19 Muvra—n-
407 2808 23 19 28
436 2819 23 3 —
465 2809 20 17 di
493 2814 15 13 n
513 2807 73 20 28-2-26

143 2877 243 53 PÂSÛOALE
419 2875 145 49 smi

317 2940 65 19 OSSU.

164 2976 37 36 lu
219 2976 77 36 Mh
313 2976 31 34 di
360 2975 175 35 Ponîemiôvô

119 3027 337 24 RACONTOCORSODEL
464 3025 124 23 SECOLO

307 3069 83 22 XVIII

341 3110 23 17 Di

215 3145 33 24 F.
262 3145 35 23 D.
313 3144 176 24 Guerrazae!

288 3208 123 28 (Seguiio)

119 3275 106 21 Voialtri
229 3274 154 21 méridional!'
388 3274 130 20 costumate
523 3278 69 16 corne

119 3308 7 20 i
136 3306 161 28 selvaggi,che
304 3311 43 21 per
356 3307 127 20 raccattare
492 3306 18 21 il
518 3305 73 21 frutto

118 3340 105 27 tagliano
235 3338 191 22 l’albero.Mirate
437 3344 32 15 un
481 3338 48 27 po’i
543 3338 50 22 Ge-

119 3372 97 21 novesi:
228 3377 49 15 non
297 3372 20 20 si
338 3371 124 21 chiamano
484 3371 108 21 contenti

119 3404 78 21 finchè
207 3409 48 16 non
267 3404 78 21 hanno
359 3404 132 21 sckiantato
504 3404 7 21 i
524 3404 68 21 baro-

121 3437 23 20 ni
150 3442 5 18 ;
168 3436 62 27 dopo
240 3436 7 21 i
257 3436 81 21 baroni
349 3441 57 16 ecco
417 3436 16 20 il
443 3437 96 26 popolo,
548 3436 45 21 che

121 3473 48 16 non
181 3474 25 15 sa
216 3468 32 21 od
259 3468 100 21 abhorre
371 3469 22 21 le
406 3468 40 21 vie
458 3468 24 21 di
495 3473 98 22 compo-

120 3501 91 20 sizione
219 3507 4 18 ;
236 3500 30 21 ed
275 3505 56 16 ecco
343 3506 44 21 per
400 3501 83 20 uîtimo
499 3501 16 20 il
528 3500 65 27 prin-

121 3533 60 26 cipe,
195 3533 46 21 che
253 3533 113 26 piuttosto
378 3533 44 21 che
434 3538 99 22 reggere
547 3537 45 16 con

120 3565 80 26 giusto
214 3565 98 27 impero,
326 3565 19 20 si
360 3565 29 21 dà
402 3565 23 20 in
439 3565 60 21 balia
513 3565 22 20 di
550 3569 44 22 po-

121 3596 60 22 testà
193 3597 111 21 straniera
313 3603 5 14 :
332 3603 13 14 a
362 3599 84 25 questo
461 3601 132 16 menarono

120 3630 24 19 le
155 3631 179 24 stemperatezze
346 3628 52 22 così
410 3628 38 20 dei
459 3629 83 25 popoli
557 3634 37 15 co-

121 3666 39 15 rne
173 3661 39 20 dei
224 3661 101 26 principi
338 3661 26 20 in
376 3660 76 21 Italia.

150 3703 27 5 —
189 3692 87 28 Signor
293 3692 102 27 Inglese,
417 3693 67 24 salyo
509 3695 84 19 vostro

613 2813 83 20 onore,
714 2808 24 21 vi
752 2807 52 23 dirò
818 2808 43 21 che
874 2807 62 22 dallo
958 2810 125 25 anteporre

612 2841 44 22 che
681 2841 41 22 voi
744 2841 47 22 fate
814 2842 21 20 la
859 2843 81 20 vostra
956 2843 71 26 gente
1040 2841 44 21 alla

613 2877 89 22 nostra,
724 2874 50 21 anzi
787 2880 13 15 a
815 2874 76 27 quelia
904 2874 178 26 deil’universo,

613 2908 25 21 vi
651 2908 57 21 lodo
720 2908 75 21 moito
809 2913 5 20 ;
839 2913 37 16 ma
886 2907 45 22 che
942 2908 24 20 vi
980 2907 104 22 serviate

614 2941 61 21 délia
685 2943 80 19 vostra
774 2941 161 26 predilezione
944 2946 42 22 per
995 2945 89 16 cresce-

614 2979 26 16 re
651 2974 24 21 la
686 2979 67 16 soma
773 2974 39 20 dei
825 2973 39 28 già
876 2975 87 26 troppo
986 2973 97 26 carichi,

614 3008 84 25 questo
711 3012 31 15 va
761 3008 83 20 contro
860 3007 46 21 alla
924 3006 71 22 carità
1013 3006 31 22 ed
1063 3007 22 21 al

614 3040 89 27 giusto.
717 3039 54 21 Alla
783 3038 80 27 carità,
876 3039 89 27 perché
984 3039 106 27 bisogna.

616 3072 132 28 compatire
767 3072 9 21 i
796 3073 91 25 miseri,
900 3078 50 16 non
969 3072 114 25 avvilirli;

616 3107 83 19 contro
711 3106 16 20 il
738 3105 89 27 giusto,
835 3105 88 27 perché
931 3105 32 22 ho
973 3106 59 21 letto
1041 3104 44 22 che

616 3138 8 21 i
633 3138 77 21 vostri
726 3143 27 16 re
760 3138 94 26 quando
867 3139 21 20 ci
898 3138 22 21 si
939 3139 90 21 misero
1052 3138 34 22 fe-

616 3176 61 16 cero-
693 3171 25 21 di
730 3172 71 24 tutto;
812 3177 14 15 e
843 3170 138 28 Guglielmo
992 3171 27 21 'il
1041 3170 46 22 Te-

616 3204 80 26 golaiò
713 3209 13 16 e
739 3203 118 23 Giacomo
874 3203 82 28 Paglia
978 3204 109 21 informi-

616 3242 32 16 no
656 3236 46 22 che
718 3242 55 16 cosa
790 3237 97 27 importi
907 3242 60 17 anco
991 3239 36 19 tra
1044 3238 42 20 voi

616 3269 81 22 fidarsi
707 3276 14 15 a
729 3275 145 22 pergamene
885 3270 67 27 regie
969 3270 94 28 giurate
1072 3276 14 16 0

618 3307 48 16 non
682 3303 100 26 giurate,
795 3303 102 27 sigillate
913 3307 92 17 ovvero
1019 3308 68 15 senza

617 3335 90 27 sigillo;
716 3340 13 15 e
742 3335 93 26 quando
842 3335 18 20 il
866 3335 90 26 popolo
976 3340 69 21 prese
1065 3335 23 20 la

617 3368 112 21 rivincita
737 3372 51 16 non
807 3366 90 22 mondé
915 3367 107 27 nespole,
1044 3366 44 22 chè

618 3405 50 16 non
680 3400 20 21 si
712 3401 73 20 tenne
796 3399 78 27 prima
885 3399 24 21 di
923 3405 70 16 avéré
1006 3400 82 27 giusti-

617 3434 62 20 ziato
687 3437 27 16 re
730 3431 80 21 Carlo:
825 3431 52 22 cosl
889 3438 35 14 un
938 3438 60 21 capo
1021 3433 67 27 regio

619 3464 67 21 saldé
694 3465 19 20 il
724 3466 71 19 conto
805 3464 24 21 di
842 3464 46 21 due
900 3466 52 26 capi
964 3466 86 26 plebei,
1076 3472 13 15 e

619 3502 49 16 non
681 3496 26 22 fu
714 3502 62 15 caro.
788 3496 51 29 Egli
853 3497 14 21 è
879 3503 68 20 vero,
965 3499 45 21 che
1029 3499 17 20 il
1063 3504 26 15 re

619 3530 185 20 condannarono
816 3530 8 21 i
836 3530 90 28 giudici
937 3536 15 15 a
962 3531 74 21 modo
1051 3537 14 14 e
1076 3537 13 15 a

619 3567 81 19 verso,
703 3567 14 15 e
728 3562 7 20 i
745 3562 78 27 plebei
835 3563 104 21 mandat!
952 3564 46 20 aile
1009 3564 80 20 coltel-

619 3595 35 20 la:
663 3600 42 16 ma
716 3595 38 20 cio
763 3600 49 16 non
820 3596 68 25 vale;
901 3596 63 20 nelle
977 3596 112 20 faccende

619 3627 25 21 di
656 3626 74 26 Stato,
745 3627 78 22 sicarii
836 3634 14 15 o
870 3628 97 27 giudici,
980 3628 110 21 mannaia

621 3664 15 16 o
645 3660 97 26 pugnali
755 3665 61 16 sono
829 3660 55 21 tutti
896 3666 47 14 una
964 3666 56 15 cosa
1029 3666 6 14 :
1058 3660 32 21 ri-

621 3697 72 15 mane
710 3692 78 20 inteso
806 3698 94 20 sempre
923 3692 51 25 che,
999 3697 46 16 con
1067 3693 23 20 le

1110 2807 120 22 solennité
1239 2813 16 16 o
1265 2813 75 20 senza,
1349 2808 16 21 il
1375 2808 68 21 vinto
1452 2806 28 22 ha
1493 2806 29 22 da
1532 2811 50 17 mo-

1111 2841 56 25 rire,
1181 2846 13 16 e
1205 2841 17 21 il
1235 2841 94 22 coltello
1343 2841 23 21 in
1380 2840 76 28 questi
1468 2839 48 22 casi
1530 2845 53 21 par-

1111 2874 32 22 mi
1159 2874 41 27 più
1214 2874 102 27 spiccio;
1339 2876 133 25 sopratutto
1481 2872 42 28 più
1535 2873 48 21 sin-

1111 2912 64 17 cero.
1187 2906 98 26 Quanto
1294 2907 40 27 poi
1343 2913 13 15 a
1367 2906 150 23 chiamarelo
1527 2908 55 19 stra-

1111 2941 77 24 niero,
1199 2940 42 22 voi
1254 2945 26 16 ce
1285 2941 30 22 Jo
1329 2940 129 22 chiamaste
1471 2939 81 22 mercè
1561 2940 21 20 le

1111 2979 72 16 nozze
1189 2973 25 22 di
1228 2973 75 22 Maria
1312 2979 46 16 con
1375 2974 24 21 lo
1412 2973 117 27 spagnolo
1536 2979 7 19 ;
1557 2977 26 16 ce

1111 3007 24 21 lo
1148 3006 131 22 chiamaste
1289 3007 102 27 quando,
1400 3006 104 22 cacciato
1512 3005 72 22 l’ulti-

1111 3046 40 15 mo
1164 3039 103 22 Stuardo
1281 3039 39 24 dal
1331 3042 79 23 trono,
1423 3040 27 23 vi
1468 3040 116 20 commet-

1111 3074 62 20 teste
1185 3073 45 21 alla
1241 3072 54 22 fede
1307 3073 39 22 dei
1354 3078 43 16 suo
1414 3077 89 23 genero
1519 3072 65 21 olan-

1112 3106 57 21 dese
1178 3112 7 19 ;
1198 3111 28 15 ce
1234 3106 25 20 lo
1269 3105 136 26 chiamaste,
1416 3105 95 27 quando
1521 3110 64 16 mor-

1112 3140 24 20 ta
1144 3139 22 21 la
1176 3139 85 27 regina
1272 3139 73 21 Anna
1355 3138 99 22 andaste
1465 3138 31 21 ad
1510 3139 75 20 accat-

1112 3173 51 19 tare
1174 3177 34 15 un
1218 3171 106 27 padrone
1336 3172 23 21 in
1375 3171 137 25 Germania,
1530 3176 55 22 qua-

1113 3204 20 21 si
1149 3209 33 16 ve
1192 3209 33 16 ne
1233 3209 151 17 mancassero
1393 3204 27 21 in
1428 3209 54 17 casa
1487 3206 83 19 vostra
1577 3209 6 16 :

1113 3243 28 15 ce
1152 3238 25 20 lo
1197 3237 95 22 chiamé
1305 3237 117 22 Giacomo
1439 3236 32 26 II,
1481 3242 14 16 e
1501 3238 84 26 poten-

1112 3270 97 22 tissimo
1230 3276 14 15 e
1259 3271 86 27 cupido
1363 3271 64 21 dello
1445 3270 78 25 altrui,
1541 3270 44 21 sic-

1114 3302 45 21 chè
1174 3303 66 21 dalla'
1252 3303 165 22 dominazione
1428 3303 116 21 straniera
1560 3303 25 21 vi

1113 3340 178 22 preservarono
1301 3336 23 21 la
1330 3337 126 25 tempesta,
1468 3340 16 16 o
1493 3336 23 20 la
1524 3340 62 17 mor-

1114 3370 25 19 te
1147 3374 5 15 :
1163 3369 101 25 qualche
1275 3368 102 22 briciola
1390 3368 26 21 di
1426 3368 74 26 virtù,
1509 3374 40 16 ma
1562 3368 23 21 di

1114 3401 121 27 prudenza
1244 3402 31 21 né
1290 3401 75 21 anche
1375 3407 32 15 un
1420 3401 90 22 chicco.
1529 3401 58 28 Leg-

1114 3434 81 27 giamo
1207 3434 24 20 le
1242 3434 72 22 storie
1329 3433 76 22 anche
1417 3434 41 21 noi
1475 3435 62 25 altri,
1551 3440 36 15 sa-

1114 3466 76 27 pete?
1207 3465 21 22 E
1249 3466 129 28 leggendo,
1402 3473 15 15 e
1439 3467 146 25 meditando,

1115 3500 77 20 siamo
1203 3500 85 21 venuti
1296 3499 64 21 nelia
1372 3502 112 19 sentenza
1499 3500 26 20 di
1534 3506 53 21 pre-

1114 3537 58 22 gare
1195 3530 49 23 Dio
1264 3532 45 21 che
1319 3537 50 16 non
1387 3533 22 20 ci
1421 3532 82 27 voglia
1515 3533 80 21 male‘-

1115 3564 177 26 imperciocchè
1311 3564 75 21 allora
1396 3565 20 21 il
1427 3570 75 16 senno
1523 3565 64 28 degli

1115 3596 94 21 uomini
1222 3597 92 21 diventi
1327 3602 87 16 cenere
1425 3598 31 20 ed
1466 3598 19 20 il
1494 3603 93 22 ragazzo

1116 3628 96 27 spacchi
1222 3630 23 20 la
1255 3631 60 20 testa
1328 3630 22 20 al
1361 3630 105 27 gigante.

1145 3660 20 22 Il
1176 3662 85 26 signor
1271 3662 99 22 Boswel
1387 3663 87 21 rimase
1492 3669 97 21 percos-

1116 3699 29 16 so
1154 3694 63 21 dalle
1227 3696 81 25 parole
1317 3695 40 21 dei
1365 3695 67 26 frate,
1447 3702 13 14 e
1476 3701 52 15 non
1538 3696 50 22 ardi

1609 2811 44 21 per
1671 2806 73 21 allora
1755 2804 139 28 rispondere
1903 2812 7 19 ;
1920 2805 3 3 '
1935 2804 93 29 seguité
2046 2811 33 15 un

1609 2838 74 29 lungo
1704 2838 105 25 silenzio,
1829 2839 98 21 durante
1942 2839 19 21 il
1976 2839 69 27 quale
2055 2839 24 21 la

1610 2872 78 21 destra
1706 2872 39 22 dei
1761 2872 84 28 signor
1857 2872 118 22 Giacomo
1993 2878 40 16 era
2046 2878 31 15 un

1607 2905 44 21 ■via
1659 2911 37 20 va,
1701 2911 34 16 un
1741 2906 40 21 via
1797 2906 69 21 vieni
1874 2905 60 22 dalla
1944 2905 135 22 tabacchie-

1610 2943 26 16 ra
1644 2938 22 21 al
1675 2943 68 17 naso.
1753 2937 104 27 Quando
1866 2944 48 16 non
1927 2939 22 21 ci
1956 2938 71 23 trové
2037 2938 43 28 più

1609 2973 66 20 tanto
1687 2972 104 25 tabacco,
1805 2972 45 21 che
1858 2972 105 21 bastasse
1975 2972 30 21 ad
2016 2977 63 16 esse-

1610 3006 26 20 ré
1648 3010 71 22 preso
1733 3006 36 20 tra
1777 3005 18 21 il
1806 3005 88 27 pollicè
1911 3011 14 15 e
1934 3004 104 27 l’indice,
2049 3011 30 15 ne

1610 3037 72 22 versé
1689 3038 56 28 ogni
1753 3038 97 22 residuo
1860 3036 62 24 neìla
1928 3037 97 24 fossetta
2036 3038 44 22 che

1610 3072 145 21 contraendo
1765 3072 8 20 i
1780 3072 70 21 nervi
1860 3072 20 21 si
1889 3071 24 22 fa
1920 3073 37 20 tra
1963 3071 117 29 Tàggiun-

1610 3106 76 20 tatura
1698 3105 62 21 délia
1773 3110 72 17 mano
1857 3106 39 21 col
1906 3105 104 26 braccio,
2019 3111 14 15 e
2049 3105 32 22 ti-

1611 3136 27 22 ré
1646 3143 28 16 su
1686 3143 27 16 su
1722 3138 30 21 da
1758 3138 98 26 riporne
1865 3138 8 21 i
1882 3139 100 26 graneîli
1988 3138 92 24 in.mez-

1611 3175 28 16 zo
1651 3171 22 20 al
1683 3171 80 21 cranio
1772 3177 6 19 ;
1792 3171 46 21 alla
1846 3171 47 22 fine
1904 3171 68 27 quasi
1983 3177 14 16 a
2008 3177 13 16 a
2032 3171 49 22 dis-

1605 3205 72 25 .petto
1691 3204 65 21 disse
1769 3209 6 16 :

1639 3248 29 4 —
1674 3236 88 28 Signor
1769 3237 68 26 frate,
1846 3237 24 23 io
1879 3243 32 16 ve
1928 3238 24 22 lo
1970 3238 110 22 confesso

1612 3270 102 22 schietto
1720 3277 6 20 ;
1750 3270 30 22 da
1788 3271 78 27 prima
1877 3274 90 25 quanto
1979 3272 20 22 si
2011 3274 70 20 trova

1610 3304 64 20 nelle
1683 3304 50 21 mie
1739 3309 63 16 vene
1810 3305 25 21 di
1842 3310 89 22 sangue
1940 3308 141 19 avvocates-

1613 3341 36 20 co,
1659 3341 13 16 e
1681 3336 54 22 tutti
1744 3342 27 15 ce
1779 3343 32 15 ne
1818 3337 111 22 abbiamo
1932 3344 32 15 an
1965 3338 45 21 che
2015 3340 67 25 trop-

1612 3374 40 22 po,
1662 3370 22 20 si
1706 3375 40 16 era
1763 3369 109 23 risentito
1895 3377 43 21 per
1961 3371 120 27 disputare

1612 3402 56 27 ogni
1677 3402 94 27 virgola
1783 3408 15 15 e
1810 3404 58 26 ogni
1879 3406 76 24 punto
1968 3404 39 21 dei
2025 3410 57 16 vos-

1612 3437 38 19 tro
1662 3435 166 26 discorso,-ma
1839 3437 41 26 poi
1895 3437 147 27 pensandoci
2054 3443 28 16 su

1613 3467 32 22 ho
1656 3468 97 26 veduto,
1768 3468 44 22 che
1824 3471 40 20 nel
1887 3471 136 26 sottosopra
2039 3471 43 22 voi

1613 3502 70 20 avete
1691 3502 107 27 ragione.
1810 3502 155 28 Ringraziovi
1976 3509 44 21 per
2030 3505 53 20 tan-

1613 3535 26 19 to
1658 3534 25 21 di
1702 3536 91 20 avermi
1815 3537 147 25 annacquato
1985 3537 19 21 il
2021 3538 61 21 vino

1614 3566 61 22 délia
1688 3568 118 26 superbia,
1814 3574 15 15 e
1841 3570 85 25 questo
1937 3572 86 24 reputo
2035 3570 47 22 tâle

1614 3600 132 27 guadagno,
1757 3601 52 26 che,
1822 3602 95 26 quando
1934 3608 50 16 non
1996 3609 40 15 me
2052 3609 32 15 ne

1615 3633 96 21 venisse
1734 3634 68 25 altro,
1824 3634 24 21 io
1865 3634 148 28 giudicherei
2033 3641 51 16 non

1614 3671 73 15 avéré
1695 3666 84 27 gittato
1791 3667 62 20 dalla
1862 3667 96 22 finestra
1965 3670 82 25 tempo
2053 3668 31 21 né

1615 3698 81 22 danari
1709 3700 40 20 nel
1758 3700 84 21 venire
1859 3701 25 20 in
1896 3700 108 22 Corsica.
2013 3701 31 21 Se
2057 3702 27 20 vi

2104 2804 65 27 piace
2180 2805 69 22 tirate
2261 2805 100 26 innanzi,
2375 2804 63 22 ch’io
2451 2805 34 20 sto
2494 2798 30 23 ad£

2104 2839 106 21 coltarvi.

2131 2878 28 4 —
2168 2866 86 23 Levate
2277 2867 23 22 di
2325 2872 77 17 mezzo
2425 2867 7 21 i
2446 2866 73 22 baroni,

2105 2899 77 23 Banco
2187 2900 74 21 disan
2270 2900 101 28 Giorgio
2378 2906 68 22 prese
2457 2905 13 15 a
2475 2895 47 33 catf

2105 2939 55 16 nare
2170 2933 23 21 di
2204 2939 33 15 un
2250 2936 108 24 portante
2368 2934 21 21 si
2398 2934 68 22 dolce
2480 2929 52 22 dac--

2104 2966 113 28 gradarne
2242 2966 157 29 Brigliadoro,
2422 2971 36 18 ma
2476 2962 18 22 e’
2503 2958 15 23 fo

2103 3001 73 20 trotto
2189 2997 134 26 delTasfno,
2331 3000 23 23 Il
2368 3001 50 22 sale
2438 3000 29 21 da

2106 3033 68 26 soldi,
2185 3039 69 16 corne
2270 3040 112 16 eravamo
2394 3028 122 28 convenu^

2105 3067 92 26 bacino,
2210 3073 15 16 a
2236 3073 80 20 mano,
2322 3074 14 16 a
2347 3073 73 17 mano
2431 3066 21 22 si
2471 3060 52 32 P°r^

2105 3100 60 22 dieci
2176 3107 5 19 ;
2198 3101 21 21 ci
2232 3102 89 21 tolsero
2329 3102 25 21 le
2362 3093 162 30 cancellerie.^

2105 3133 31 26 li,
2150 3133 79 23 subito
2236 3134 64 28 dopo
2315 3135 8 21 i
2335 3133 98 30 giudizii
2444 3130 36 24 dei
2490 3124 35 31 p°fe

2105 3166 24 22 tà
2138 3173 7 20 ;
2157 3168 72 21 scarsi
2238 3168 34 28 gli
2281 3168 65 22 uffici
2358 3165 110 25 conferiti
2477 3161 21 23 ai
2507 3157 17 22 &

2106 3201 20 21 si
2136 3200 58 26 cosl,
2203 3201 45 22 che
2260 3201 85 22 valeva
2362 3199 99 29 proprio

2105 3239 50 17 non
2163 3234 73 21 darne
2245 3234 53 21 loro
2308 3234 68 27 punti
2388 3240 6 15 :
2406 3238 44 23 per
2467 3227 54 25 ulti®
2520 3229 4 12 1

2106 3267 77 22 dodici
2201 3267 104 27 caporali
2322 3267 91 22 aboliti.
2428 3260 95 35 Verau^

2106 3300 9 21 i
2124 3299 69 23 Corsi
2199 3305 50 15 non
2262 3305 107 17 avevano
2380 3300 76 21 moito
2468 3303 12 15 a

2107 3338 63 20 sene,
2177 3338 40 16 ma
2226 3333 24 21 lo
2263 3333 93 22 istituto
2362 3334 108 27 piaceva,
2478 3334 13 16 e
2498 3328 26 24 ^

2107 3366 30 21 do
2147 3366 24 21 lo
2186 3366 93 22 istituto
2289 3366 139 26 accomoda,
2437 3364 33 29 gli
2480 3358 42 24 uo&

2106 3399 62 21 tristi
2179 3398 45 22 che
2249 3400 25 21 lo
2284 3401 108 26 tengono
2403 3396 114 25 muoionO)

2107 3432 70 21 buoni
2186 3437 107 22 possono
2304 3433 128 22 succedere
2441 3438 6 15 :
2461 3436 13 15 e
2490 3426 15 27 p
2505 3426 15 18 01

2108 3466 53 26 quai
2172 3467 122 20 mornento
2306 3467 131 20 toccarono
2448 3460 81 35 quost!^

2107 3498 49 22 fani
2175 3499 6 21 !
2201 3500 80 26 giusto
2301 3500 82 25 allora,
2397 3499 45 22 che

2108 3532 60 22 délia
2179 3531 147 23 Casablanca
2339 3530 154 24 comandante

2108 3565 75 27 piazza
2202 3565 26 22 di
2240 3565 111 27 Genova,
2366 3558 155 29 emendand<v

2110 3599 20 21 la
2142 3604 41 16 sua
2192 3599 75 21 molta
2280 3598 53 22 fede
2345 3600 22 20 la
2379 3604 61 22 poca
2458 3589 65 34 prù^’

2110 3631 196 28 dellaSignoriae
2315 3632 128 24 delDoria,
2451 3622 71 28 salv^-

2110 3664 54 22 città
2176 3665 62 20 dalla
2249 3665 114 27 congiura
2371 3665 40 21 dei
2420 3662 86 23 Fiesco-

2265 3703 152 28 (Cuntinua)
