2603 3956
125 199 30 19 Le
164 197 118 21 Président
289 198 84 21 insiste
378 203 58 20 pour
441 195 33 20 lui
479 194 93 19 deman-

98 226 42 19 der
145 226 41 19 des
196 226 149 24 explications
361 232 41 14 sur
414 225 23 18 la
450 221 121 21 fondation

98 253 31 19 du
136 253 159 20 Heimatbund.

120 282 32 19 M.
161 280 105 22 Ricklin:
280 281 62 19 Nous
351 285 60 15 nous
419 280 99 17 sommes
526 273 15 18 d
549 278 23 13 a-

97 309 59 21 bord
170 309 132 18 rencontrés
309 309 14 18 à
339 305 86 22 l'Hôtel
442 299 129 26 Monopole,

98 337 58 19 dans
181 341 47 13 une
252 335 99 19 réunion
369 328 159 29 préparatoire
542 331 30 13 ou

98 364 46 20 l’on
151 362 81 20 décida
241 362 28 19 de
277 368 24 14 se
309 361 80 20 réunir
405 358 52 25 plus
474 355 100 20 souvent

100 396 85 15 encore
195 395 58 18 pour
269 389 112 19 défendre
395 391 43 15 son
451 383 72 20 idées.
541 381 32 17 La

100 417 120 21 deuxième
229 416 95 20 réunion
333 418 42 17 eut
382 414 46 20 lieu
436 417 29 13 au
475 409 79 20 Luxno
565 419 7 9 ,

99 446 23 20 le
126 444 64 21 lundi
200 443 29 20 de
237 443 123 19 Pentecôte
369 445 58 20 1923.
437 439 64 19 Dans
514 436 60 17 cette

100 471 110 22 réunion,
219 471 16 19 ii
244 477 13 17 y
267 474 38 15 eut
313 470 22 19 la
344 466 131 23 discnssion

101 499 85 20 nifeste
212 498 30 19 du
265 494 162 23 Heimatbund,
446 492 57 19 dont
519 489 54 18 Min.

100 526 84 24 Keppi,
195 525 52 24 puis
255 524 60 20 Roos
323 523 79 20 furent
406 516 145 24 secrétaires.

126 554 32 20 Le
162 552 123 21 Président
290 559 9 12 :
306 551 152 20 N’avez-vous
467 549 42 20 pas
530 543 46 18 dis-

102 581 60 23 cuté,
168 580 59 20 dans
242 585 38 13 ces
294 578 119 20 réunions,
431 575 22 18 la
468 573 107 23 question

101 609 32 20 du
144 616 11 11 «•
165 607 70 21 cadre
243 607 28 18 de
288 606 21 19 la
327 605 89 20 France
422 609 20 15 »,
459 604 24 16 et
499 599 78 24 quelle

104 636 57 21 était
168 638 67 16 votre
243 633 97 20 attitude
349 638 41 14 sur
398 637 25 13 ce
431 626 84 28 point?

127 664 32 20 M.
169 662 91 22 Ricklin
269 668 9 12 :
291 661 64 19 Nous
372 663 81 16 avons,
469 660 29 14 en
514 653 61 21 effet,

101 692 90 20 discuté
197 696 41 14 sur
243 689 21 20 la
269 687 114 21 nécessité
388 686 30 19 du
425 687 48 17 mot
479 689 10 9 «
495 680 81 21 cadre»

102 720 58 19 dans
174 721 69 17 notre
254 715 127 21 manifeste,
396 716 23 16 et
430 710 39 26 j’ai
484 713 95 21 person-

101 747 127 20 nellement
236 744 79 20 insisté
328 748 60 19 pour
396 740 51 19 voir
454 737 86 25 figurer
551 739 27 14 ce

103 777 48 17 mot
163 773 58 20 dans
236 775 65 17 notre
314 768 131 22 manifeste,
461 770 40 14 car
507 769 9 19 3
526 765 54 17 esti-

102 801 59 22 mais
170 806 27 14 ce
202 803 48 17 mot
258 795 171 27 indispensable
435 798 59 20 pour
499 796 30 14 ne
537 795 42 18 pas

104 835 59 15 nous
172 833 114 19 exposera
294 826 40 19 des
342 821 140 29 poursuites,
490 822 90 16 comme

100 858 27 24 je
134 857 22 19 le
164 856 37 19 dis
209 854 114 20 d’ailleurs
331 853 59 18 dans
397 855 46 14 une
451 845 129 24 lettre,bien

105 890 54 20 que,
177 889 30 14 au
224 881 62 22 fond,
301 880 25 25 je
342 880 24 19 le
380 876 89 26 jugeais
489 873 91 21 inutile,

104 913 63 19 étant
187 909 101 21 entendu
309 913 46 19 que
377 909 66 16 notre
463 902 117 20 intention

104 939 57 20 était
174 938 30 19 de
217 940 71 17 rester
300 935 60 20 dans
368 940 26 13 ce
403 931 76 21 cadre.
493 929 89 20 Encore

105 966 82 22 était-il
201 965 28 19 de
242 967 63 17 notre
319 961 117 27 prudence
444 959 29 19 de
486 957 23 20 le
522 955 59 23 dire,

106 993 178 22 contrairement
297 992 14 19 à
327 996 27 13 ce
371 988 81 25 qu’ont
468 983 113 27 prétendu

105 1022 116 27 plusieurs
229 1020 41 20 des
277 1018 129 21 assistants.
413 1015 31 20 Le
452 1013 74 21 même
534 1014 49 17 mot

105 1049 94 26 figurait
206 1047 115 21 d’ailleurs
328 1045 59 20 dans
400 1045 67 18 notre
481 1044 103 21 proposi-

104 1079 51 20 tion
164 1075 153 22 d’autonomie
325 1073 192 21 d’avant-guerre,
526 1067 58 19 dans

106 1104 101 26 laquelle
214 1104 18 20 il
246 1102 53 21 était
311 1101 34 20 dit
354 1106 46 19 que
412 1096 110 25 l’Empire
530 1094 55 19 alle-

106 1133 70 22 mand
184 1130 119 22 encadrait
310 1129 34 21 les
353 1131 78 16 autres
438 1124 63 21 Etats
509 1123 76 24 (über-

108 1158 113 27 rahmen).
238 1158 60 21 Nous
305 1161 73 16 avons
393 1155 62 19 donc
463 1150 120 22 demandé,

110 1190 58 20 dans
177 1195 27 13 ce
212 1190 142 22 programme
360 1189 46 19 que
413 1186 59 18 vops
480 1183 106 16 connais-

108 1224 47 17 sez,
165 1213 145 23 l’autoncmie
323 1207 183 24 administrative
520 1208 23 17 et
554 1211 32 14 ,e-

108 1245 116 26 gislative,
241 1242 38 25 qui
293 1241 57 20 n’est
362 1245 29 13 en
405 1241 89 16 somme
508 1239 46 19 que
562 1234 23 18 la

108 1271 177 23 reconstitution
293 1268 29 20 de
328 1270 68 17 notre
403 1262 145 27 proposition
557 1262 29 18 de

136 1328 32 19 Le
180 1322 123 23 Président
310 1328 9 13 :
332 1320 26 20 Si
375 1323 61 15 vous
449 1315 136 21 demandiez

111 1361 38 14 ces
157 1354 60 19 deux
230 1351 85 21 choses,
330 1345 133 23 autonomie
477 1344 110 20 adminis-

109 1382 83 21 trative
209 1383 23 16 et
247 1376 135 26 législative,
405 1371 138 22 c'est-à-dire
563 1370 23 19 le

110 1409 62 21 droit
186 1408 30 20 de
231 1406 58 20 faire
302 1404 40 19 des
358 1402 45 20 lois
416 1406 30 14 en
460 1399 87 20 dehors
554 1397 31 20 du

110 1435 188 23 Gouvernement
304 1430 109 24 français,
426 1433 46 20 que
480 1425 106 21 restait-i!

114 1466 14 20 à
135 1465 23 20 la
167 1460 104 23 France?
491 1482 9 7 ,

137 1493 41 20 Dr.
188 1489 103 24 Ricklin:
300 1486 64 21 Nous
372 1484 108 21 voulions
488 1483 98 18 évidem-

112 1523 63 19 ment
188 1518 59 21 faire
260 1521 57 15 nous
326 1514 75 20 même
415 1517 43 15 nos
467 1510 52 23 lois,
528 1508 59 21 mais

113 1554 54 15 sans
175 1551 62 16 nous
245 1545 91 24 séparer
344 1542 29 19 de
381 1539 77 22 l’Etat,
553 1564 6 6 _

137 1575 34 21 M.
180 1575 108 23 Mazoyer
301 1570 104 26 précise:
421 1567 61 20 Vous
496 1566 92 20 laissiez

112 1605 61 20 donc
180 1604 14 19 à
203 1603 21 19 la
240 1600 84 21 France
331 1598 23 20 le
368 1596 61 21 droit
441 1594 117 21 d'assurer
565 1593 23 19 la

113 1631 100 22 sécurité
221 1628 108 27 publique
337 1626 29 19 de
371 1624 98 21 l’Alsace
475 1626 23 17 et
506 1622 29 20 de
542 1626 47 15 me-

114 1668 42 14 ner
163 1661 21 19 la
194 1658 110 27 politique
315 1651 146 24 extérieure?

139 1689 35 20 M.
182 1685 106 24 Ricklin:
301 1683 55 23 Oui,
370 1682 54 20 telle
441 1679 56 21 était
513 1679 13 18 à
544 1683 44 20 peu

116 1718 53 23 près
177 1720 68 16 notre
255 1712 93 26 pensée.
492 1732 5 6 .
528 1732 8 5 ,
551 1730 9 7 r
573 1730 6 5 .

141 1742 33 20 Le
181 1739 121 23 Président
309 1735 114 22 demande
431 1735 92 19 ensuite
527 1738 15 13 a
549 1736 41 15 rai-

118 1776 25 14 re
151 1769 45 20 lire
204 1769 20 19 la
234 1767 66 20 lettre
307 1764 73 21 écrite
388 1764 13 19 à
408 1762 31 20 M.
449 1760 76 24 Riehl,
534 1759 23 21 le
564 1763 26 16 12

597 190 60 20 Mars
667 189 58 24 1926,
732 187 58 19 dans
797 185 99 25 laquelle
901 184 17 20 il
927 186 36 17 est
970 181 65 24 parlé
1042 180 30 19 du

597 217 93 19 fameux
697 214 76 21 cadre,
782 213 69 18 lettre
859 211 40 24 qui
911 217 13 12 a
932 210 37 19 été
981 207 93 25 publiée

598 242 118 21 d’ailleurs
724 246 42 18 par
774 239 22 19 le
801 238 102 24 journal.

622 269 36 20 La
678 267 100 23 Défense
799 264 113 20 demande
933 260 142 22 immédiate-

598 299 64 17 ment
668 293 123 24 l’original,
800 299 39 12 car
847 292 44 19 elle
898 290 78 20 craint
983 289 21 19 la
1013 286 62 21 fâlsi-

599 322 103 21 fication.
712 320 95 19 Comme
816 325 30 13 on
856 324 29 13 ne
893 321 83 15 trouve
984 321 42 18 pas
1033 314 42 19 im-

599 349 162 21 médiatement
768 345 123 24 l’original,
900 348 23 15 et
931 349 41 13 sur
985 342 34 20 les
1027 347 48 13 ins-

599 381 79 16 tances
694 375 31 18 du
742 372 128 21 Président,
888 377 30 13 on
931 370 28 19 lit
967 369 21 19 la
996 373 79 18 repro-

599 403 103 20 duction.
711 400 60 20 Tout
779 400 22 19 le
810 398 84 20 monde
903 397 45 20 sait
956 402 52 18 que,
1018 395 57 19 dans

600 433 60 18 cette
668 429 75 22 lettre,
753 428 22 19 le
784 427 41 19 Dr.
834 424 91 21 Ricklin
933 423 90 20 affirme
1030 427 45 19 que

599 459 22 19 le
629 456 69 21 cadre
706 456 59 19 n'est
769 452 101 26 «qu’une
877 451 81 24 façade
963 456 46 19 que
1017 454 58 15 nous

600 489 81 16 serons
696 482 88 24 obligés
797 481 29 19 de
837 479 78 20 lâcher
931 478 23 19 le
975 479 101 18 moment

601 518 61 14 venu
671 515 20 15 ».
706 509 67 20 Cette
785 508 69 20 lettre
863 513 13 13 a
890 506 36 20 été
935 505 71 20 écrite
1014 504 63 19 anté-

601 540 139 20 rieurement
748 537 13 19 à
769 536 23 20 la
800 534 123 21 formation
934 533 30 18 du
978 531 100 20 Heimat-

601 566 71 23 bund,
687 564 42 21 fait
743 569 135 18 remarquer
885 561 22 20 le
921 560 43 20 Dr.
977 558 98 23 Ricklin,

602 598 24 17 et
634 597 54 16 mon
697 591 98 21 attitude
803 590 58 20 dans
870 589 21 19 la
900 587 133 21 discussion
1046 586 31 19 du

602 620 121 22 manifeste
731 624 87 20 prouve
827 623 45 19 que
880 616 54 20 telle
944 614 82 21 n’était
1037 619 41 19 pas

603 656 37 13 ma
649 649 95 24 pensée.
1014 666 20 9 ,,
1062 666 5 5 .

627 674 34 20 M.
670 674 111 22 Mazoyer
787 678 9 12 :
810 670 70 20 Votre
894 674 87 19 pensee
998 674 15 13 n
1021 669 58 17 était

603 702 60 19 donc
671 706 42 19 pas
721 699 55 20 telle
784 704 46 19 que
838 700 66 16 votre
915 696 68 20 lettre
989 693 91 24 l’expri-

604 735 45 16 me,
659 731 24 16 et
690 729 119 22 pourtant,
823 730 58 14 vous
889 723 73 20 disiez
970 728 46 18 que
1023 726 56 14 vous

604 763 29 13 ne
641 758 90 18 mentez
737 753 95 25 jamais.

628 784 43 19 Dr.
680 781 91 23 Ricklin
779 788 9 12 :
800 780 34 20 En
848 778 62 24 effet,
921 778 26 25 je
963 783 31 14 ne
1015 781 65 15 mens

603 809 152 27 jamais,mais
760 807 111 22 entendez
876 812 49 14 mes
931 804 150 25 explications

606 843 23 16 et
641 844 59 14 vous
712 835 166 26 comprendrez
895 833 58 26 qu’il
969 838 36 26 ne^
1015 831 67 25 s’agit

605 873 42 19 pas
654 866 31 20 ici
691 865 54 20 d’un
751 868 134 19 mensonge.
892 861 49 20 Mes
946 859 135 21 sentiments

606 894 112 21 n’étaient
731 892 128 20 nullement
875 895 57 15 ceux
945 888 69 25 qu’on
1028 890 55 17 veut

606 923 43 20 lire
656 922 58 20 dans
722 923 58 17 cette
788 919 76 20 lettre.
871 918 19 20 Il
898 916 50 21 faut
956 915 76 20 savoir
1037 921 45 18 que

607 951 22 24 je
637 956 37 14 me
679 948 103 21 trouvais
791 953 29 13 en
825 945 52 21 face
884 945 55 20 d’un
944 943 71 25 jeune
1020 943 64 19 hom-

608 985 37 13 me
652 976 84 24 exalté,
746 981 45 19 que
796 974 26 25 je
834 980 31 13 ne
873 971 88 22 voulais
976 976 40 20 pas
1029 970 55 20 éloi-

606 1012 59 19 gner
673 1011 29 14 en
715 1004 22 20 le
749 1001 159 22 contredisant
919 1004 51 20 trop
985 999 99 20 brutale-

608 1036 70 18 ment.
693 1032 42 20 Ses
749 1031 64 20 idées
826 1029 88 20 étaient
926 1027 124 24 éxagérées
1061 1029 23 17 et

608 1060 161 24 fantastiques,
781 1061 23 17 et
810 1057 25 25 je
843 1056 89 21 voulais
945 1055 22 20 le
976 1054 83 20 rendre
1070 1054 14 20 à

608 1090 23 20 la
639 1088 79 21 raison
727 1093 44 19 peu
780 1086 14 20 à
802 1091 44 18 peu
856 1091 28 13 en
897 1083 97 21 laissant
1001 1082 51 25 agir
1062 1082 22 20 le

609 1122 75 18 temps
693 1119 23 16 et
723 1115 35 19 les
766 1114 159 20 évènements.

634 1144 33 21 M.
677 1142 92 22 Ricklin
784 1140 112 21 demande
909 1140 13 19 à
937 1140 44 19 lire
995 1141 90 17 ensuite

610 1179 45 14 une
672 1172 68 20 lettre
761 1169 108 20 adressée
889 1169 14 18 à
924 1166 31 21 M.
965 1165 120 22 Milîerand

610 1199 105 25 lorsqu’il
728 1198 57 20 était
799 1196 59 21 éxilé
872 1202 29 14 au
911 1198 57 22 pont
982 1194 27 20 de
1018 1193 67 21 Kehl.

610 1228 66 21 Cette
683 1227 69 20 lettre
760 1230 88 20 prouve
856 1230 37 14 ses
901 1222 126 21 véritables
1032 1228 54 14 con-

611 1256 99 20 victions
723 1260 40 14 sur
770 1254 24 19 le
807 1252 118 26 problème
933 1250 29 21 de
976 1250 111 20 l’autono-

610 1284 46 21 mie
663 1282 33 21 tel
710 1281 53 26 qu’il
779 1281 21 20 le
816 1279 152 25 comprenait.
983 1278 104 20 D’autres

611 1312 78 22 écrits,
698 1309 67 24 dit-il,
775 1311 115 23 prouvent
904 1313 46 19 que
954 1306 26 26 je
987 1306 47 20 n’ai
1046 1312 41 19 pas

611 1339 90 25 changé
709 1338 69 20 d’une
786 1337 62 25 ligne
856 1336 58 20 dans
922 1341 50 14 mes
980 1334 108 25 opinions

610 1369 14 19 à
632 1374 27 13 ce
667 1366 70 25 sujet.
747 1365 18 21 Il
774 1365 78 24 répète
866 1369 57 14 avec
930 1362 64 20 force
1008 1368 46 19 que
1065 1362 23 20 le

611 1395 69 20 cadre
688 1394 56 20 était
751 1399 60 19 pour
819 1398 44 14 eux
868 1397 47 14 une
920 1391 71 20 chose
996 1390 93 20 éviden-

610 1427 31 19 te,
660 1422 69 25 qu’on
738 1427 29 14 ne
781 1419 96 26 pouvait
890 1425 26 13 se
924 1424 80 19 passer
1012 1418 29 19 de
1056 1416 32 21 lui

611 1454 24 17 et
647 1455 48 18 que
709 1451 65 18 toute
781 1448 22 20 la
813 1447 130 20 discussion
953 1445 85 20 roulait
1048 1450 41 14 sur

611 1476 168 27 l'opportunité
787 1476 29 19 de
824 1475 22 19 la
855 1474 103 20 mention
968 1474 29 19 de
1005 1479 27 13 ce
1045 1476 45 16 ter-

612 1512 45 14 me.

637 1531 37 20 On
683 1530 43 20 fait
733 1528 92 21 ensuite
832 1527 44 21 lire
888 1532 48 14 une
943 1526 67 20 lettre
1024 1531 65 14 assez

612 1559 95 25 longue,
725 1557 67 20 datée
808 1556 31 19 du
853 1555 17 24 ,3
886 1554 45 21 Mai
954 1553 59 25 1926,
1031 1553 58 20 dans

612 1586 101 27 laquelle
721 1585 30 21 M.
756 1584 92 21 Ricklin
854 1582 65 26 parle
924 1582 29 20 de
959 1583 23 19 la
988 1581 101 21 création

613 1616 54 20 d’un
673 1614 92 26 journal
774 1612 41 25 qui
824 1610 112 22 reunirait
944 1610 36 20 les
991 1610 100 20 lecteurs

614 1643 142 24 catholiques
764 1645 25 16 et
797 1642 150 23 protestants,
956 1638 30 20 de
993 1638 23 20 la
1029 1638 62 20 créa-

614 1673 48 20 tion
671 1671 54 21 d’un
732 1670 65 20 front
805 1668 86 25 unique
900 1667 42 20 des
948 1667 107 20 hommes
1062 1665 29 20 de

613 1704 54 17 tous
680 1699 35 21 les
723 1698 79 25 partis,
816 1695 132 26 professant
960 1695 35 20 les
1003 1694 87 20 mêmes

614 1729 63 20 idées
690 1725 175 23 autonomistes,
882 1727 24 17 et
917 1726 117 23 groupant
1042 1728 50 14 sur-

615 1760 50 18 tout
677 1756 34 20 les
724 1753 189 22 fonctionnaires.
923 1752 20 20 Il
956 1751 82 21 insiste
1051 1756 40 15 sur

1100 177 22 19 le
1129 174 83 22 besoin
1226 174 104 20 d’attirer
1338 172 14 19 à
1367 175 43 14 eux
1418 168 35 19 les
1468 166 112 19 fonction-

1100 203 87 20 naires.
1197 201 37 20 On
1243 207 15 17 y
1267 205 81 15 trouve
1357 197 22 20 la
1387 195 84 25 phrase
1485 197 95 15 suivan-

1100 234 23 16 te
1132 236 7 12 :
1150 237 11 10 «
1171 228 65 20 Nous
1246 226 145 26 risquerions
1405 222 29 19 de
1448 225 59 15 nous
1521 219 57 18 faire

1100 256 102 20 traduire
1220 254 84 20 devant
1320 253 34 19 les
1372 249 103 32 Assises,^
1487 246 20 20 si
1520 251 58 13 nous

1100 281 155 26 permettions
1263 282 28 19 de
1299 280 82 20 laisser
1389 276 28 19 de
1425 275 51 20 côté
1484 274 35 19 les
1535 275 44 16 ter-

1100 316 50 14 mes
1159 313 11 11 «
1180 309 59 18 dans
1247 307 22 20 le
1277 307 69 21 cadre
1355 311 20 16 »,
1385 309 46 16 car,
1441 308 15 13 n
1464 302 66 18 étant
1538 305 41 18 pas

1101 344 31 12 un
1141 335 60 25 parti
1211 334 114 26 politique
1333 336 90 16 comme
1431 329 34 19 les
1479 332 101 15 commu-

1101 364 83 21 nistes,
1201 362 41 24 qui
1257 360 129 27 cependant
1402 354 141 23 demandent
1558 353 20 19 le

1101 389 153 25 séparatisme
1270 395 44 17 pur
1330 390 23 17 et
1370 383 90 25 simple,
1478 387 62 15 nous
1551 386 29 13 ne

1101 423 108 20 pouvons
1217 416 58 20 aller
1283 414 63 21 aussi
1354 412 57 22 loin,
1426 416 38 14 car
1472 410 21 19 si
1500 408 81 20 réelle-

1102 448 64 16 ment
1173 449 62 14 nous
1249 443 75 20 étions
1332 439 99 21 traduits
1446 438 86 19 devant
1546 435 34 19 les

1101 472 99 22 Assises,
1210 471 65 19 étant
1288 468 76 22 donné
1376 466 23 20 la
1411 464 119 25 partialité
1540 462 41 20 des

1102 497 241 24 tribunaux-français
1360 500 30 14 en
1408 495 59 18 cette
1475 490 105 23 matière,

1102 533 62 14 nous
1173 525 144 25 risquerions
1325 522 74 21 d’être
1408 520 100 24 envoyés
1517 519 14 18 à
1540 517 42 20 Ca-

1102 560 78 19 yenne
1188 558 55 15 sans
1251 551 97 25 pouvoir
1363 551 103 21 compter
1480 552 41 14 sur
1534 545 8 20 1
1550 545 33 19 in-

1103 581 134 21 tervention
1246 580 52 20 d’un
1304 575 176 30 parlementaire
1485 574 14 19 d
1507 579 75 14 aucun

1103 610 70 25 parti.
1180 615 10 11 »
1200 608 20 20 Il
1237 607 96 22 affirme,
1350 604 59 20 dans
1426 606 59 17 cette
1505 601 77 22 lettre,

1104 644 46 18 que
1158 637 24 19 le
1198 639 49 16 mot
1264 635 68 20 cadre
1347 636 36 16 est
1391 638 58 18 pour
1465 629 118 21 lui-même

1104 664 110 21 ridicule.

1128 692 34 20 Le
1170 691 125 20 Président
1301 688 33 21 lui
1342 685 114 22 demande
1468 690 115 19 pourquoi

1105 720 18 20 il
1130 723 37 16 est
1175 718 106 20 ridicule.

1131 747 31 20 Le
1177 746 86 24 député
1279 743 92 23 Ricklin
1385 741 34 21 lui
1436 739 91 25 répond
1539 745 45 18 que

1105 774 151 21 l’autonomie
1273 778 29 13 ne
1318 774 57 21 peut
1391 776 26 13 se
1434 772 152 20 comprenore

1106 804 134 18 autrement
1256 806 45 19 que
1317 799 60 19 dans
1392 798 23 19 le
1432 796 69 20 cadre
1519 795 14 18 d
1540 800 46 14 une

1106 829 90 26 grande
1212 828 88 22 nation,
1318 830 24 16 et
1358 824 61 22 voici
1436 822 115 27 pourquoi
1565 822 21 20 le

1107 861 49 17 mot
1163 860 35 17 est
1203 854 103 27 superflu
1314 857 24 17 et
1343 860 26 14 se
1375 851 124 25 comprend
1508 850 30 20 de
1544 849 43 21 lui-

1107 886 84 20 même.

1132 915 34 15 M.
1176 915 110 18 Mazoyer
1301 915 33 12 lui
1343 915 57 17 pose
1418 915 45 10 uoc

1108 938 128 20 insidieuse
1243 944 6 12 :
1260 936 78 20 «Dans
1347 934 54 25 quel
1410 933 42 21 but
1459 931 130 21 cherchiez-

1108 972 60 14 vous
1177 966 61 20 donc
1244 965 13 19 à
1265 963 80 21 attirer
1350 963 15 19 à
1372 967 58 15 vous
1436 960 34 21 les
1475 959 114 20 ionction-

1109 994 80 20 naires
1196 993 13 19 ?
1218 991 82 21 C’était
1307 996 55 14 sans
1375 990 70 19 doute
1453 994 59 19 pour
1524 986 65 20 avoir

1109 1025 67 17 entre
1191 1021 36 20 les
1235 1019 75 21 mains
1327 1018 35 20 les
1370 1022 97 19 rouages
1484 1015 30 21 de
1523 1014 67 21 l’Etat

1109 1053 24 17 et
1140 1055 61 19 pour
1209 1048 79 20 mieux
1296 1046 99 25 pouvoir
1403 1044 51 25 agir
1459 1044 59 20 dans
1527 1046 63 17 votre

1110 1083 57 15 sens
1175 1076 30 21 ?»
1505 1096 9 8 ,

1137 1103 31 20 Le
1177 1102 49 20 lion
1235 1101 33 20 du
1283 1099 117 25 Sundgau
1414 1097 82 21 bondit
1504 1103 15 13 a
1532 1099 59 17 cette

1111 1130 116 21 demande
1236 1136 7 13 :
1262 1137 11 10 «
1285 1127 84 21 C’était
1385 1126 26 20 la
1436 1125 107 21 dernière
1563 1123 30 20 de

1111 1165 49 14 mes
1178 1156 116 27 pensées!
1310 1154 139 24 insiste-t-il;
1469 1154 25 24 je
1511 1152 81 20 -savais

1111 1186 57 27 qu’il
1175 1185 93 21 existait
1276 1191 30 13 un
1315 1184 215 20 mécontentement
1542 1186 51 19 par-

1112 1216 32 20 mi
1152 1215 35 20 les
1200 1212 192 23 fonctionnaires,
1400 1211 24 25 je
1437 1209 77 21 savais
1527 1208 67 26 qu’ils

1112 1243 88 21 étaient
1212 1240 168 22 autonomistes
1388 1245 41 19 par
1443 1237 150 23 eux-mêmes,

1112 1277 58 15 sans
1187 1277 46 18 que
1241 1275 61 15 nous
1317 1268 102 20 fassions
1437 1267 29 19 de
1474 1267 23 19 la
1512 1270 83 19 propa-

1112 1299 77 26 gande
1202 1298 85 26 auprès
1296 1297 74 23 d’eux,
1380 1299 24 17 et
1417 1294 68 26 qu’ils
1498 1299 26 15 se
1534 1292 61 26 join-

1113 1328 94 20 draient
1228 1327 13 19 à
1259 1331 66 15 notre
1341 1326 150 19 mouvement
1509 1327 60 20 pour
1580 1326 15 19 y

1113 1360 97 16 trouver
1231 1354 30 20 de
1279 1354 22 20 la
1322 1351 130 26 protection
1473 1353 84 18 contre
1572 1348 23 20 le

1113 1382 209 22 fonctionnarisme
1343 1380 101 23 français
1465 1378 40 25 qui
1532 1380 64 16 tente

1113 1410 124 21 d’envahir
1245 1413 67 17 notre
1321 1414 66 20 pays.
1398 1415 11 11 »

1139 1439 33 21 M-
1182 1438 112 24 Mazoyer
1300 1444 9 13 :
1317 1436 64 21 Vous
1390 1433 127 27 prévoyiez
1526 1438 32 19 qu
1567 1437 27 14 en

1114 1469 115 18 omettant
1235 1471 11 11 «
1252 1465 22 21 le
1280 1465 68 21 cadre
1354 1464 29 20 de
1388 1463 23 20 la
1417 1463 87 20 France
1509 1465 23 19 »,
1538 1465 58 15 vous

1114 1500 60 15 vous
1183 1494 132 25 exposeriez
1323 1492 14 20 à
1346 1492 41 20 des
1396 1489 136 27 poursuites
1539 1488 13 19 ?

1140 1523 37 20 Dr
1188 1521 93 23 Ricklin
1290 1528 9 13 :
1306 1521 29 20 Je
1349 1525 31 15 ne
1394 1518 83 25 voyais
1495 1524 32 13 en
1544 1515 53 21 effet

1114 1550 91 21 d’autre
1213 1555 84 19 moyen
1306 1547 142 21 d’évolution
1459 1552 61 19 pour
1530 1547 68 18 notre

1115 1581 152 18 mouvement
1283 1582 46 20 que
1338 1576 58 20 dans
1412 1575 22 20 le
1443 1573 69 21 cadre
1529 1572 68 25 légal,

1114 1606 102 26 puisque
1224 1611 60 15 nous
1293 1604 101 20 n’étions
1401 1609 42 19 pas
1451 1608 32 14 un
1492 1601 74 25 parti.

1142 1635 29 20 Et
1187 1633 31 21 M.
1228 1632 90 22 Ricklin
1337 1632 30 20 de
1383 1634 116 23 protester
1515 1632 84 18 contre

1116 1669 39 14 ces
1163 1662 123 25 questions
1297 1660 141 21 insidieuses
1444 1666 6 12 :
1463 1664 12 12 «
1484 1658 64 20 Vous
1563 1662 36 15 me

1115 1691 80 26 parlez
1213 1695 90 15 comme
1319 1690 14 19 à
1350 1695 32 13 un
1400 1687 108 21 criminel
1526 1685 71 26 qu’on

1116 1720 75 20 veutà
1199 1722 51 17 tout
1256 1718 50 24 prix
1314 1716 59 21 faire
1378 1716 153 21 condamner.
1537 1713 63 20 Vous

1116 1747 85 21 voulez
1210 1747 64 20 créer
1291 1746 41 20 des
1346 1745 99 25 charges
1461 1743 40 26 qui
1516 1742 85 21 n’exis-

1610 163 46 18 tent
1664 165 41 19 pas
1715 159 24 19 !»
2017 176 9 7 ,

1630 187 32 20 M.
1672 186 110 23 Mazoyer
1800 182 44 21 fait
1864 184 133 19 remarquer
2017 183 14 12 a
2048 179 30 15 m.

1610 214 87 20 Ricklin
1714 219 45 18 que
1775 218 26 14 ce
1817 212 54 18 sont
1887 207 143 20 exactement
2042 207 37 15 ces

1610 245 55 17 nots
1673 241 28 19 de
1711 240 84 19 «cadre
1802 238 30 20 de
1840 237 21 19 la
1870 235 148 22 France»qui
2027 235 54 20 peu-

1610 272 51 17 vent
1668 268 22 19 le
1698 273 92 14 sauver.
1800 266 18 20 Il
1833 264 42 20 fait
1883 268 85 13 encore
1980 259 99 21 allusion

1610 303 24 13 îu
1643 296 82 24 procès
1734 289 210 25 Ferrette-Ricklin,
1954 289 55 19 dont
2020 286 17 19 il
2046 287 35 17 est

1610 322 103 26 question
1722 322 57 20 dans
1788 323 60 18 cette
1852 319 77 20 lettre,
1934 320 24 15 et
1965 316 16 20 il
1990 314 92 20 deman-

1610 351 25 19 de
1643 350 41 20 des
1693 349 152 25 explications
1854 352 39 14 sur
1902 351 27 13 ce
1941 344 66 24 point
2014 344 24 17 et
2048 341 33 18 les

1610 377 75 21 uotifs
1692 378 30 19 de
1730 383 25 13 sa
1763 375 104 21 défiance
1876 378 83 14 envers
1971 371 33 19 les
2012 367 71 22 tribu-

1610 411 59 14 naux
1681 404 109 24 français.

1630 432 46 20 Les
1683 434 97 17 avocats
1787 429 136 25 expliquent
1936 426 56 25 qu’il
2006 431 11 13 s
2025 429 59 19 agis-

1610 460 43 20 sait
1659 459 55 20 d’un
1724 459 81 25 procès
1814 457 40 26 qui
1863 455 78 21 devait
1949 455 47 19 être
2008 451 76 26 plaidé

1610 488 20 19 le
1646 485 201 23 Vendredi-Saint,
1868 487 23 17 et
1912 483 69 24 qu’en
2002 480 83 20 Alsace

1610 515 74 20 c’était
1696 515 23 19 là
1732 514 69 20 chose
1816 512 122 20 défendue.
1953 509 31 21 M.
1993 506 91 22 Ricklin

1610 542 92 25 n'ayant
1709 548 31 18 pu
1747 548 15 17 y
1766 540 95 21 assister
1865 536 220 28 personnellement,

1610 570 35 20 fut
1660 569 128 20 condamné
1810 574 42 19 par
1868 570 145 17 contumace.
2031 561 55 20 Plus

1610 598 58 23 tard,
1676 604 33 14 un
1726 599 164 23 arrangement
1906 596 40 18 eut
1962 592 46 20 lieu
2021 593 65 17 entre

1610 625 53 21 MM.
1674 625 103 21 Ferrette
1785 628 24 16 et
1822 623 100 21 Ricklin.

1635 654 74 23 Après
1725 652 146 24 épuisement
1882 650 29 20 de
1925 655 27 14 ce
1968 647 84 21 thème,
2066 645 21 19 la

1610 682 86 18 séance
1705 684 35 16 est
1747 679 142 25 suspendue.

1636 708 19 20 A
1663 708 23 19 la
1694 707 90 24 reprise
1792 707 29 19 de
1835 706 136 20 l’audience,
1980 706 41 16 des
2036 706 53 14 con-

1612 736 104 20 clusions
1723 738 53 16 sont
1790 734 112 25 déposées
1909 738 43 18 par
1959 731 23 21 la
1995 729 94 21 défense

1612 770 59 18 peur
1679 769 46 19 que
1732 762 41 20 des
1790 760 132 27 poursuites
1932 759 76 21 soient
2024 762 66 19 orga-

1612 792 78 20 nisées
1704 794 80 17 contre
1801 790 35 20 les
1845 787 161 26 responsables
2024 785 29 20 de
2068 784 21 20 la

1612 819 105 21 fameuse
1724 818 82 20 affiche
1820 818 57 20 dont
1884 816 16 20 il
1912 815 58 21 était
1983 812 106 27 question

1613 848 54 25 plus
1674 845 198 26 haut,poursuites
1877 844 81 21 basées
1967 848 41 15 sur
2014 840 77 21 l'exci-

1612 876 75 20 tation
1696 880 29 14 au
1734 877 111 17 meurtre.
1855 873 62 20 Elles
1930 871 110 21 insistent
2051 874 40 15 sur

1615 905 23 19 le
1644 903 43 21 fait
1693 909 46 19 que
1747 903 23 20 le
1779 902 103 25 Parquet
1889 899 95 27 général
1993 904 30 14 ne
2031 901 61 17 trou-

1615 939 30 14 ve
1652 938 90 14 aucune
1750 931 83 24 parole
1842 936 58 19 pour
1908 928 72 21 flétrir
1989 933 39 14 ces
2034 931 59 20 agis-

1615 965 111 19 sements,
1744 960 41 26 qui
1802 958 136 26 pourraient
1955 956 65 20 nuire
2038 955 13 19 à
2071 953 20 20 la

1615 989 94 22 marche
1717 989 41 20 des
1766 988 91 20 débats.

1642 1018 30 21 M.
1682 1018 107 24 Mazoyer
1798 1016 77 20 donne
1882 1015 14 19 à
1903 1014 23 20 la
1935 1012 94 21 défense
2042 1011 50 20 l’as-

1617 1052 100 16 surance
1725 1052 46 19 que
1782 1044 36 21 les
1831 1042 148 22 conclusions
1992 1043 54 17 sont
2058 1044 36 15 ac-

1618 1075 94 25 ceptées
1726 1077 24 17 et
1763 1072 30 21 M.
1806 1071 87 21 Fachot
1905 1070 44 20 fait
1960 1073 134 20 remarquer

1618 1109 46 20 que
1673 1103 19 20 si
1700 1102 60 20 dans
1767 1101 24 20 la
1805 1097 192 26 circonscription
2006 1097 30 19 de
2043 1095 51 21 Col-

1618 1138 59 14 mar,
1685 1133 60 18 cette
1750 1128 85 21 affiche
1840 1133 50 15 sera
1895 1125 105 24 trouvée,
2004 1124 90 26 procès-

1618 1159 78 21 verbal
1705 1164 51 14 sera
1764 1156 169 22 certainement
1942 1154 80 19 dressé
2031 1153 12 19 à
2057 1158 36 14 ses

1619 1191 95 17 auteurs
1722 1189 22 17 et
1752 1185 41 21 des
1802 1183 132 26 poursuites
1942 1184 78 18 seront
2028 1186 67 19 enga-

1619 1217 63 25 gées.
1701 1214 31 21 La
1741 1213 97 21 défense
1855 1210 112 22 remercie
1975 1210 22 20 le
2011 1205 83 25 Procu-

1620 1251 55 14 reur
1682 1250 41 14 sur
1730 1248 27 14 ce
1765 1241 75 26 point.

1645 1272 31 21 M.
1683 1270 91 24 Ricklin
1782 1268 85 22 insiste
1875 1267 90 21 ensuite
1973 1272 59 19 pour
2038 1265 56 21 faire

1620 1302 44 20 lire
1672 1307 25 14 sa
1705 1300 69 20 lettre
1781 1298 31 19 du
1823 1301 13 21 7
1844 1296 45 21 mai
1900 1295 51 25 1926
1960 1296 13 19 à
1981 1294 29 21 M.
2021 1293 73 24 Riehl,

1620 1331 85 24 l’agent
1712 1330 155 23 provocateur
1878 1328 52 21 trop
1939 1330 85 14 connu.
2032 1322 18 21 Il
2059 1328 37 15 ex-

1621 1358 80 26 plique
1707 1362 44 14 son
1760 1354 49 21 vrai
1817 1358 148 21 programme
1970 1355 24 17 et
2001 1357 38 15 ses
2046 1357 50 14 sen-

1620 1386 105 20 timents.
1730 1383 18 20 Il
1754 1381 89 26 répond
1848 1382 13 18 à
1867 1386 43 14 son
1916 1378 180 25 correspondant

1621 1420 30 14 au
1667 1414 68 22 suget
1751 1410 29 20 de
1797 1409 23 20 la
1834 1407 103 21 création
1953 1407 55 20 d’un
2022 1406 74 20 cercle

1623 1440 80 22 d’amis
1711 1439 29 20 de
1747 1439 37 19 ïa«
1791 1435 127 22 Zukunft».
1925 1435 18 20 II
1950 1435 32 19 lui
1990 1434 106 25 explique

1622 1475 47 20 que
1677 1473 59 15 nous
1744 1467 110 20 n’aurons
1862 1464 29 20 de
1903 1463 119 26 garanties
2036 1461 62 21 suffi-

1623 1500 79 19 santes
1719 1501 58 19 pour
1797 1493 110 21 défendre
1924 1491 35 21 les
1975 1491 45 20 lois
2038 1494 23 17 et
2076 1490 21 20 le

1623 1523 184 29 particularisme
1813 1520 101 22 alsacien
1924 1526 46 19 que
1977 1519 23 20 le
2004 1519 56 25 jour
2068 1519 29 20 où

1623 1557 35 19 les
1665 1552 118 22 Alsaciens
1793 1550 104 26 jouiront
1905 1548 30 20 de
1948 1547 150 21 l’autonomie

1624 1582 122 28 politique.

1645 1612 19 21 Il
1670 1610 82 22 insiste
1758 1614 39 15 sur
1802 1607 22 21 la
1831 1605 130 22 traduction
1966 1605 29 20 de
2000 1604 98 20 certains

1624 1645 85 16 termes
1726 1643 45 20 que
1787 1634 143 25 l'interprète
1950 1633 87 20 traduit
2052 1633 47 20 très

1625 1669 55 21 mal.

1802 1716 141 27 (Cuntinua)

2105 149 183 49 mmiE
2313 147 51 49 01
2393 147 171 67 coRsiçj

2127 243 97 23 Ajacciu
2230 253 23 4 —
2259 243 59 18 Morte
2324 242 20 18 di
2349 241 84 20 Madama
2439 247 100 23 vednvaMs
2549 259 5 5 •

2106 269 92 21 Vincenti,
2204 268 23 18 87
2233 268 51 18 anni.
2549 265 15 14 la

2128 306 22 3 —
2155 297 60 17 Morte
2223 295 128 24 inAlgeriadi
2359 299 13 13 u
2381 294 45 23 Sgiò
2434 297 77 24 Niculau
2517 306 33 19 Zev

2106 326 28 13 co.
2522 318 8 5 ""
2550 317 16 13 a'

2128 354 103 23 Balagna
2235 364 24 3 —
2263 354 60 18 Morte
2332 354 21 17 in
2360 353 78 23 Ajacciu
2447 357 35 20 diu
2496 363 42 16 e;nv

2107 379 79 18 Itinaldu
2191 379 84 18 Grisoni.
2537 372 14 18 3,
2550 375 16 15 16

2129 412 78 18 Bastia
2212 422 24 4 —
2241 413 62 17 Morte
2310 413 21 17 di
2339 418 13 13 u
2361 412 45 24 Sgiò
2415 413 85 24 Eduardu
2515 422 25 19 Be
2550 429 4 4 •

2109 437 39 23 gui,
2156 438 19 17 di
2183 443 14 12 u
2204 438 116 18 Vescuvatu.
2550 434 13 12 u

2130 474 23 4 —
2158 465 120 19 Matrimoniu
2307 465 20 18 di
2351 466 127 22 Madamicella
2493 472 55 22 Gatal-

2110 490 62 18 Solaro
2177 495 24 13 eu
2206 495 14 12 u
2225 491 45 22 Sgiò
2277 490 89 19 Ghiuvan
2373 491 66 19 Natale
2446 493 84 25 Liparelli
2536 483 31 18 ^

2131 527 24 5 —
2158 518 60 18 Morte
2234 519 20 17 di
2268 519 84 18 Madama
2362 519 59 18 Maria
2437 521 95 25 Gilorrainj
2549 534 19 14 4.-

2110 543 52 19 anni.
2533 542 6 9 ’

2132 581 23 4 —
2161 571 61 19 Morte
2229 571 21 18 di
2255 576 14 13 u
2278 571 44 23 Sgiò
2330 572 78 23 Ignaziu
2416 572 73 28 Danesi,
2495 579 21 19 69
2523 587 40 18 anni

2134 604 64 19 Calvi
2203 604 151 19 —Matrimoniu
2376 606 21 17 di
2421 607 80 23 Madama
2520 601 48 35 Saut'

2113 630 113 18 Maraninchi
2236 634 25 14 eu
2268 634 14 13 u
2290 629 44 23 Sgiò
2344 629 105 22 Ghiacumu
2463 635 85 24 Grimald'
2559 646 11 14 v

2113 655 84 18 Nuvella.
2542 647 7 13 1

2134 691 24 4 —
2161 682 121 19 Matrimoniu
2307 683 20 17 di
2351 683 125 22 Madamicella
2491 690 69 23 Juvann

2113 707 149 19 Marcotorchino
2268 713 23 13 eu
2297 712 14 13 u
2319 707 45 24 Sgiò
2373 708 79 20 Saveriu
2459 712 76 23 Daniellï
2561 703 10 13 &

2137 740 43 18 Cor
2180 741 23 18 te
2208 751 24 3 —
2237 742 61 18 Morte
2306 742 20 18 di
2333 747 14 12 u
2355 741 46 23 Sgiò
2409 743 72 22 Antone
2488 748 78 25 Pierag*-

2114 766 77 18 anzianu
2200 767 79 18 sindacu
2287 772 11 13 e
2306 767 116 23 cunsigliere
2430 774 89 19 generale.
2539 762 33 17 b&1’

2136 799 66 19 Moca
2206 800 73 20 Croce
2283 811 24 3 —
2311 801 121 19 Matrimoniu
2436 804 20 17 di
2459 804 104 29 MadamiceU

2116 825 76 19 Santina
2200 826 109 19 Giacomoni
2317 831 25 13 eu
2349 832 13 13 u
2377 827 45 23 Sgiò
2438 829 98 25 Francescu
2547 821 26 32 pf

2115 851 44 18 tori.
2552 845 20 13 'l'

2139 885 151 19 Pastricciola
2294 896 23 4 —
2322 887 61 18 Morte
2390 887 21 18 di
2418 892 14 13 u
2441 889 73 20 sindacu
2527 895 14 18 G
2553 899 12 14 n

2117 910 75 23 Pinelli,
2200 911 23 18 60
2231 912 51 18 anni.
2516 906 4 7 ’
2542 911 3 4 ‘
2566 915 4 3 '

2138 944 50 19 Pila
2195 944 86 20 Canale
2286 956 23 4 —
2314 946 61 19 Morte
2380 946 19 18 di
2407 947 124 23 Madamicella
2541 955 31 20 Ma-

2118 969 64 19 rianna
2189 971 73 22 Mattéi,
2271 972 101 18 stitutrice.

2139 998 147 19 —Matrimoniu
2295 1000 19 17 di
2319 1000 130 19 Madamicella
2455 1002 57 20 Maria
2526 1006 40 22 QUju

2119 1023 51 18 chiiii
2177 1028 24 14 eu
2208 1029 14 12 u
2231 1024 45 23 Sgiò
2283 1024 111 20 Ghiuvanni
2401 1026 117 22 Lanfranchi.

2140 1056 127 24 Pruprianu
2272 1068 24 4 —
2300 1058 60 19 Morte
2386 1059 19 18 di
2427 1060 81 21 Madama
2527 1065 48 23 Maria

2118 1082 101 20 Francesca
2227 1083 102 23 Ottaviani,
2337 1085 46 17 nata
2390 1084 106 21 Bruschini.

2140 1121 22 4 —
2168 1112 60 18 Morte
2236 1112 21 18 di
2264 1112 56 19 Prete
2328 1112 78 18 Stefanu
2418 1113 74 24 Tollini,
2500 1117 23 18 72
2533 1122 39 17 anni

2141 1146 45 19 San
2194 1146 90 19 Gavinu
2294 1146 23 18 di
2324 1145 95 20 Carbini
2427 1156 20 4 —
2451 1148 24 19 Pè
2489 1154 11 14 a
2507 1155 71 19 seconda

2119 1173 57 21 volta,
2185 1177 11 13 a
2202 1172 66 18 tomba
2282 1172 57 18 duv’è
2354 1173 51 17 stata
2422 1175 70 21 sepolta
2507 1177 21 18 in
2540 1179 38 20 191G

2119 1197 82 19 Madama
2208 1198 53 18 Julia
2267 1198 47 18 Mêla
2322 1197 11 19 è
2342 1198 49 18 stata
2403 1199 75 19 truvata
2491 1202 82 21 sfundata

2120 1222 21 19 Si
2150 1224 49 17 terne
2206 1227 39 14 una
2251 1222 93 19 vindetta.
2351 1223 17 18 A
2375 1223 77 22 justizia
2457 1225 48 20 indu
2506 1232 20 14 es
2527 1229 25 18 ta.

2142 1255 64 19 Sartè
2211 1266 23 3 —
2238 1256 121 19 Matrimoniu
2367 1256 20 18 di
2395 1256 126 22 Madamicella
2529 1262 51 21 Anlu-

2120 1281 59 19 nietta
2187 1281 109 19 Giacomoni
2312 1287 25 13 eu
2350 1287 13 13 u
2380 1282 45 23 Sgiô
2440 1282 53 20 Marc’
2509 1286 71 23 Aureliu

2121 1306 131 20 Occhiminuti.

2135 1383 128 21 Cumitatu
2274 1383 17 12 u
2297 1382 115 22 Noeliste
2447 1383 124 28 d’Ajacciu

2144 1434 16 18 U
2164 1434 97 18 Cumitatu
2265 1434 109 18 “Noeliste”
2379 1434 95 23 d'Ajacciu
2479 1435 24 18 ha
2508 1440 73 20 organiz-

2122 1462 42 17 zatu
2171 1465 38 13 una
2218 1460 124 18 “kermesse”
2349 1460 24 22 pè
2380 1464 14 14 u
2401 1460 52 22 dopu
2460 1462 99 20 mezziornu
2566 1466 14 18 di

2123 1491 13 13 u
2141 1485 22 19 28
2168 1486 62 23 jugnu
2235 1485 150 23 prossimu,ind’i
2390 1485 83 23 giardini
2478 1486 19 18 di
2501 1488 79 21 u“Grand

2122 1512 72 21 Hôtel”,
2200 1512 54 18 sottu
2259 1516 11 13 a
2274 1511 111 23 presidenza
2389 1511 21 17 di
2415 1510 106 24 Monsignor
2526 1513 53 24 Rodié,

2122 1542 58 14 vescu
2187 1537 102 23 d’Ajacciu,
2300 1541 10 13 e
2318 1536 129 23 patrunizzala
2455 1537 23 17 da
2485 1541 11 14 e
2503 1537 76 25 Signore:

2125 1563 34 19 Ch.
2172 1563 23 18 de
2208 1562 99 21 Bonavita,
2321 1560 166 25 Bougue-Cbiappe
2500 1567 10 14 e
2522 1564 20 19 F.
2553 1566 26 19 Del

2124 1588 112 24 Pellegrino.

2145 1614 21 19 Li
2173 1618 106 17 auguremu
2286 1618 38 13 una
2333 1614 48 17 bona
2389 1613 85 18 riuscita.

2125 1687 100 23 Aiacciu
2234 1699 30 4 —
2274 1686 134 29 Stamparia
2421 1685 24 23 di
2458 1687 22 21 A
2491 1687 86 29 Muvra,

2126 1732 15 15 u
2152 1723 232 24 Diretiore-Gerente
2391 1730 7 15 :
2412 1722 70 24 Petru.
2491 1723 84 25 ROCCA

121 1886 171 49 Libraria
315 1881 40 49 di
369 1879 33 49 A
421 1874 171 53 MUVRA

171 1969 121 25 ULTIME
302 1962 240 28 PUBLICAZIONE

142 2024 98 19 Carlotti
246 2024 38 21 (D):
292 2031 23 4 —
322 2018 143 21 Manualettu
472 2017 23 18 di
500 2015 93 19 Parlata

187 2052 76 18 Corsa.
273 2051 17 17 A
296 2049 62 23 prima
365 2046 121 25 grammatica
495 2042 98 20 dialettale

188 2084 53 14 corsa
248 2078 98 24 publicata.
359 2076 85 18 Cuntene
453 2078 11 14 e
475 2072 66 23 régulé
553 2070 20 18 di
582 2075 12 12 a

188 2108 71 22 parlata
267 2105 122 21 eismuntana,
396 2103 11 18 1
415 2103 39 17 vol.
462 2100 24 19 80
494 2105 20 18 p.
549 2097 13 19 3

144 2147 136 19 Ccdacciom
288 2144 29 24 (G.
322 2145 30 22 P.)
359 2152 22 5 —
387 2142 111 19 Canzone.
507 2138 88 19 Raccolta

189 2175 20 18 di
217 2179 11 14 e
235 2174 32 22 più
274 2173 89 23 popuîare
375 2170 66 24 puesie
452 2169 22 17 di
480 2167 87 19 l’anfarte
575 2165 20 18 di

189 2202 102 23 Proprianu
307 2200 80 23 (Satare,
404 2196 90 22 Lamenti,
511 2195 85 18 Canzone

190 2230 90 23 pulitiebe
295 2228 62 22 ecc,..)
377 2227 43 18 c’nn
438 2224 80 19 introitu
537 2222 21 17 di
575 2220 21 19 XJ

191 2256 175 24 Sampetracciu.
381 2255 11 17 1
400 2254 39 18 vol.
452 2251 40 19 in-8
503 2252 21 17 di
532 2249 64 33 98^pa-

192 2287 51 23 gine.
552 2282 11 13 3
573 2285 23 5 —

145 2325 117 19 Maisirale
269 2333 21 4 —
295 2322 91 19 Lettare
405 2325 14 14 a
439 2318 157 22 Lumbrigone.

192 2353 80 19 Cronaca
279 2351 74 19 satirica
360 2349 62 23 d’ogni
431 2347 121 19 evenirnentu
558 2348 40 14 cor-

193 2386 28 15 su,
234 2382 81 20 attempu
325 2377 115 19 documentu
451 2375 84 23 preziosu
545 2377 11 14 e
564 2371 35 19 mi-

192 2410 54 18 niers
252 2406 98 20 scaccani.i
359 2405 28 19 vol
397 2404 19 18 di
420 2403 34 19 220
460 2403 73 23 pagine.
552 2400 23 18 10

148 2450 83 18 L’Grsu
240 2446 105 20 d’Orezza
349 2454 21 5 —
376 2441 198 22 Primizie.Raccolta
580 2440 19 18 di

196 2483 11 13 e
215 2477 33 22 più
257 2476 48 18 belle
313 2474 66 23 puesie
387 2472 19 18 di
415 2471 86 19 l’anfarte
509 2470 18 17 di
537 2474 12 13 a
557 2468 42 18 Cas-

196 2505 95 23 tagniccia.
306 2503 20 18 Di
341 2503 15 17 A
367 2498 112 22 Cullezzicme
489 2498 20 18 di
516 2497 84 23 l'anfarli

196 2532 54 20 corsi.
262 2533 9 17 i
281 2532 35 17 vol.
326 2531 20 17 di
355 2530 22 18 04
387 2534 18 18 p.

153 2573 89 20 JVlatteu
257 2570 101 19 Cirnensi
376 2568 70 22 (Mattéi
461 2567 58 17 Torrc
524 2574 23 5 —
553 2564 48 23 Que

200 2601 54 17 veut
270 2599 22 18 la
309 2598 69 18 Corse
385 2597 5 17 !
410 2595 58 19 Tutt’i
485 2593 52 24 punti
555 2592 19 18 di
592 2597 11 13 a

200 2631 12 8 li
219 2627 94 23 Quistione
321 2625 72 19 corsa”.
402 2624 60 18 Dil'esa
472 2627 10 14 e
491 2620 111 20 illustrazio-

201 2661 24 14 ne
233 2656 18 18 di
260 2661 11 12 u
280 2654 103 19 Cursismu.
394 2653 8 17 1
412 2651 37 18 vol.
459 2650 23 18 04
490 2655 18 17 p.

150 2696 66 19 Paoli
221 2696 25 17 di
249 2693 156 24 Taglio—Sisa
408 2695 14 14 e
425 2687 159 22 Pianti.Sunetti
588 2691 11 14 e

198 2723 65 19 Poesie
268 2722 52 17 varie
326 2722 44 17 c’un
375 2719 79 19 introitu
460 2718 21 18 di
486 2715 118 21 Maistrale

199 2750 90 24 (Cuntene
301 2754 14 12 u
328 2748 92 19 Lamentu
431 2746 20 17 di
461 2750 15 13 u
489 2745 94 21 Castagnu
594 2747 11 13 a

198 2784 14 13 u
220 2778 71 22 Corsu).
296 2777 11 17 1
316 2776 39 19 vol.
363 2774 40 20 in-8
410 2775 19 17 di
438 2773 34 19 412
480 2778 18 18 p.
561 2770 12 19 5

154 2823 24 4 —
184 2812 65 19 Fiori
255 2815 13 14 0
276 2810 74 23 Spine,
356 2808 66 19 Puesie
431 2807 51 18 varie
489 2807 43 17 c’un
539 2804 67 19 introi-

200 2842 21 16 tu
229 2841 20 16 di
255 2838 68 20 Petrù
329 2837 83 18 Rocca.
424 2836 11 17 1
443 2835 40 18 vol.
493 2834 20 18 di
523 2832 24 20 86
555 2832 51 24 pagi-

200 2873 31 14 ne.

155 2908 20 19 U
182 2906 170 24 Sampetracciu
361 2899 244 29 (GhlannettuNotini.)

200 2936 65 18 Rime
273 2934 74 22 (Puesie
351 2932 60 21 varie,
417 2930 119 20 Slrufulette,
545 2928 61 18 Punie

201 2964 20 17 di
228 2963 73 18 Minutu
308 2961 79 21 Grossu,
399 2959 89 21 Canzone,
499 2955 108 21 Induvinel-

201 2992 33 22 le).
252 2990 45 18 C’un
312 2989 82 18 introitu
404 2988 20 18 di
443 2986 69 19 Petru
525 2984 82 19 Rocca.

205 3020 10 18 1
223 3018 39 19 vol.
276 3018 20 17 di
305 3016 35 19 100
352 3016 74 24 pagine.
564 3012 13 17 8

158 3069 23 4 —
189 3058 13 19 X
210 3057 103 20 Successi
321 3056 23 18 di
350 3055 81 19 Natale
438 3054 110 18 Zuccone.
555 3051 55 19 Cum-

205 3086 60 18 media
272 3086 21 17 in
299 3084 12 18 4
319 3083 98 19 alti.Dafà
423 3082 42 18 ride
471 3085 49 15 ancu
528 3085 12 13 e
548 3079 63 23 sporte

205 3119 11 14 e
222 3115 25 17 da
252 3114 24 17 dà
280 3117 38 14 una
326 3113 50 17 bella
383 3111 72 19 lezione
463 3114 12 13 a
483 3108 47 19 certi
537 3107 68 23 parent

204 3141 96 19 intnsicati
311 3141 23 17 da
344 3137 144 25 l’impiegheria.
499 3137 24 17 Di
528 3134 84 20 àtCulle-

204 3170 51 18 zione
262 3168 21 18 di
289 3173 13 13 u
314 3168 66 18 Teatru
387 3166 23 18 di
414 3167 15 17 A
439 3165 72 18 Muvra.
522 3163 10 18 1
542 3163 40 18 vol.
591 3162 20 18 di

205 3197 34 19 106
247 3196 73 24 pagine.
564 3189 13 18 6
588 3198 23 4 —

159 3247 23 4 —
196 3236 22 19 A
230 3235 103 19 Pulitica.
352 3232 109 20 Cummedia
478 3232 20 17 in
512 3231 12 17 4
537 3229 43 19 atti-
597 3228 14 18 E

165 3264 5 5 '
205 3263 105 24 spurebizie
320 3262 21 18 di
351 3267 13 13 a
373 3259 120 20 Puliticaccia
504 3257 108 23 d’impnrta-

206 3293 53 17 zione
269 3294 61 15 messe
340 3295 12 12 a
363 3290 53 18 nudu
425 3292 11 14 e
447 3287 109 18 scurtïcate.
566 3284 25 18 Di
600 3289 12 13 a

208 3318 99 20 Cullesione
313 3317 39 19 diu
359 3317 65 18 Tealru
431 3314 39 19 diA
477 3314 71 18 Muvra.
555 3313 9 18 1
571 3312 40 18 vol.

208 3349 20 17 di
236 3346 22 19 96
268 3346 73 23 pagine.
567 3339 14 18 6
590 3349 22 4 —

165 3395 112 19 Dumandale
284 3399 13 13 u
304 3394 65 18 listinu
376 3392 21 19 di
403 3392 59 18 nostre
467 3389 126 24 publicasionc

260 3467 33 25 Per
310 3466 77 31 iscopre
405 3463 92 31 Snrgeîiti,

221 3502 60 30 lepe
299 3502 127 30 Sntterrasee,
444 3498 93 27 Hmerall.

211 3559 107 28 Frété
344 3558 207 33 Casanova

215 3601 141 24 Pievanu
372 3601 34 24 di
420 3599 125 25 Zicavu

176 3649 25 17 dà
208 3654 12 12 a
228 3648 144 18 cunuseimentu
379 3648 20 17 di
407 3648 60 21 quelli
475 3648 32 18 chi
512 3648 17 17 ci
534 3651 53 18 ponu

199 3674 57 17 travà
262 3677 15 12 u
283 3676 20 14 so
311 3672 102 21 interessu,
420 3673 70 17 ch’ellu
498 3676 66 18 scopre

200 3697 90 22 surgenti,
295 3701 60 17 aeque
363 3697 114 21 sutteranee,
484 3697 81 18 minière

262 3721 145 22 metallurgiche
414 3721 24 16 ed
446 3722 54 18 altre.

180 3753 118 19 infallibile
308 3762 24 4 —
344 3753 99 18 Pruvate
451 3758 14 13 e
474 3753 114 20 vidarete!

631 1893 461 149 faSSSl

630 2028 24 50 %
669 2038 133 31 CRÈME
822 2050 39 17 ss
878 2040 161 25 BEAUTE
1053 2026 39 47 jj

706 2088 73 20 REND
788 2088 34 19 LA
832 2085 74 21 PEAU
913 2083 94 22 DOUCE
1032 2071 61 36 AEÊ

643 2206 44 3 —
764 2211 186 28 FRATACC!

736 2264 123 31 Bandagiste,
872 2262 113 31 Spécialiste

699 2314 104 22 Avenue
817 2313 34 22 dit
866 2318 43 16 1er
923 2309 101 23 Consul

808 2351 105 27 Ajaccio

682 2432 106 28 Strumenti
798 2430 89 27 Musieali
898 2430 65 31 d’ogni
974 2429 71 27 Généré

673 2488 59 54 V.
761 2486 297 56 Muracciole

656 2569 143 23 Prufessore
805 2569 24 21 di
843 2568 94 22 Musica
947 2572 13 15 e
973 2564 101 23 Viulinu

730 2614 38 20 g-1
765 2614 24 19 g,
802 2608 41 21 Via
852 2606 64 22 Jules
926 2606 74 21 Cazot

794 2639 52 21 Alès
859 2636 80 27 (Gard)

685 2698 77 21 Viulini,
768 2697 115 19 Mandoline.
888 2694 105 24 Urganetti,
998 2694 50 18 Fono

737 2731 64 21 Piano,
810 2730 64 22 Banjo,
882 2729 65 18 Jazz...
956 2732 39 15 ecc.

704 2778 86 23 Catalogu
796 2776 73 26 gralisi,
876 2776 61 24 sopr’a
944 2774 89 20 cumanda

708 2865 111 28 Contra
835 2874 17 16 a
866 2864 67 26 Vita
946 2863 73 26 Cara
1027 2863 6 24 !

709 2913 103 34 GfikZE
828 2913 22 34 E
871 2910 165 36 GBkZETTE

730 2962 117 25 «Inusable
865 2961 50 24 Mail
931 2960 81 28 fkier”

817 3001 41 24 Füu
877 3007 50 25 puru

764 3055 111 31 Eieganza,
889 3053 93 24 Solidità

719 3113 68 30 Mma
814 3111 218 37 Fasqüalim

681 3162 40 26 El
729 3160 145 27 ArroucE
889 3158 178 27 Cusiantina

805 3198 138 35 (Algeria)

686 3297 215 59 Stamparia
923 3295 39 47 di

846 3361 32 49 A
898 3359 169 50 MUVRA

696 3449 101 21 Lettere
806 3459 28 4 —
841 3447 106 21 Fattur-e
957 3457 28 5 —
996 3445 74 21 Gar-te

691 3481 115 26 Biglietti
825 3491 29 4 —
867 3478 164 22 Memoranda
1035 3489 30 4 —

689 3514 91 23 Affîssî
790 3525 30 5 —
829 3512 74 22 Ldbri
917 3523 28 4 —
957 3511 117 22 Giurnali

795 3552 73 17 ecc...
883 3551 86 16 ecc....

664 3619 24 28 P
692 3619 108 28 resta
817 3616 94 30 fattu

815 3670 21 20 e
855 3669 24 20 a
896 3659 78 30 bon
991 3660 107 34 pattti

663 3721 207 23 Cimsultateci
877 3725 16 15 e
908 3720 192 21 dnmandate-

769 3752 15 20 i
789 3751 99 21 nostri
894 3750 97 25 prezzi

1273 1885 160 39 MODE

1239 1997 245 73 Santa

1197 2138 34 18 22
1247 2129 91 26 Corsu
1349 2126 170 36 Napulione

1291 2180 141 30 Ajacciu

1209 2331 84 24 Grande
1308 2330 86 24 Fabrica
1409 2330 20 23 di
1441 2328 72 25 Mobiii

1156 2403 160 26 MARTINU
1347 2402 219 26 BERNARDINI

1201 2442 39 20 San
1252 2442 55 19 Petru
1317 2442 22 19 di
1352 2442 70 18 Venacu
1432 2440 90 24 (Corsica)

1199 2511 84 18 Geueri
1291 2510 103 23 semplici
1403 2514 13 14 e
1422 2509 24 19 di
1453 2508 74 19 Lussu

1302 2572 59 23 Legni
1372 2572 55 18 scelti

1233 2606 56 22 Noce,
1300 2605 100 24 Castagnu,
1411 2604 84 19 Laricciu

1144 2665 115 24 Aperture
1270 2669 13 15 e
1291 2665 54 18 altri
1352 2665 75 19 lavori
1435 2668 41 20 per
1484 2664 101 19 îabriclie

1269 2699 75 22 sopr’a
1352 2698 112 19 cumanda

1196 2760 67 16 Prezzi
1270 2760 66 16 ridotti
1343 2763 35 15 per
1385 2763 43 12 case
1437 2759 102 15 cumercali

1257 2788 80 15 Facilité.
1344 2788 20 14 di
1375 2787 105 20 pagamenti

1223 2917 96 21 Anclate
1331 2921 13 16 a
1354 2916 98 22 vestevi
1466 2916 66 22 duve

1283 2961 40 26 DI
1342 2961 125 25 FABIO

1251 3012 25 16 12
1291 3006 70 20 Corsu
1373 3006 130 25 Napulione

1200 3046 32 19 Pè
1239 3052 18 13 u
1268 3049 13 9 “
1288 3046 52 19 chic
1345 3046 20 23 ”,
1377 3052 13 14 e
1402 3046 149 24 Stoîefscelte,

1241 3081 10 18 i
1261 3080 76 24 prezzi
1347 3080 165 24 raggiunevuli.

1207 3215 85 25 Fabrica
1305 3215 111 25 -d'Rrticuli
1434 3215 123 25 Orezzinchi

1213 3277 45 30 O-
1274 3278 27 30 F
1332 3277 213 32 PlAZZOLl

1177 3322 48 19 Voile.
1232 3323 92 23 d'Orezza,
1331 3329 35 18 per
1373 3325 106 19 Piedicroce
1487 3323 88 24 (Corsica)

1220 3381 46 23 Pipe
1273 3382 20 18 di
1299 3382 61 22 Iussn,
1370 3383 69 22 Califfi,
1445 3383 91 18 Bucchini

1258 3409 58 23 Scopa
1323 3411 21 17 di
1351 3411 61 22 prima
1420 3410 70 23 qualité

1198 3459 97 23 Calamari,
1305 3461 58 18 Porta
1370 3465 66 18 penna,
1446 3460 63 21 Taglia
1518 3461 50 17 carta

1248 3515 110 24 Articuli
1369 3517 28 21 di
1408 3515 95 23 Tavula

1157 3563 98 19 Cucchiare
1265 3570 10 12 e
1282 3566 77 18 Furctne
1369 3575 21 5 —
1395 3564 96 24 Ovaghioli
1495 3574 25 5 —
1523 3565 73 18 Zucche-

1169 3591 79 18 riere—
1257 3592 85 25 Chiarchj
1348 3599 14 12 a
1371 3592 215 24 tuvaglioli—Salinere.

1199 3645 141 20 Assurtimentu
1350 3647 22 17 di
1380 3646 71 18 scatule
1458 3646 104 18 sculturate

1159 3682 33 17 per
1201 3678 83 23 tabaccu,
1293 3680 77 22 polvera
1380 3680 21 18 di
1413 3680 62 20 risu,-
1490 3683 53 14 ecc...
1553 3683 43 14 ecc..

1183 3740 60 16 Lavori
1250 3746 47 15 sopra
1303 3744 79 14 euaianda
1391 3744 20 13 in
1417 3746 50 14 scopa,
1475 3745 53 14 oustu,
1534 3740 42 18 oîteu

1734 1881 15 22 g
1837 1877 122 33 wtfafi©
2002 1868 80 27 avoir
2099 1868 128 34 toujours
2245 1866 50 26 des
2311 1865 133 36 produits
2462 1865 113 27 alimen-

1644 1904 18 25 f
1872 1894 88 32 vUS
2004 1910 87 28 taires
2114 1912 56 24 très
2189 1909 91 35 frais,
2309 1909 36 25 de
2367 1910 65 24 tout
2455 1908 120 34 premier

1641 1961 94 32 choix,
1751 1963 27 23 et
1793 1960 70 26 bien
1883 1957 132 27 meilleur
2032 1956 117 27 marché
2164 1963 55 27 que
2236 1956 116 33 partout
2369 1953 168 26 ailleurs?...

2025 2021 95 36 Faites
2145 2031 51 25 vss
2221 2019 102 36 achats
2348 2018 18 36 à
2391 2018 30 36 la

1721 2091 150 48 Grande
1899 2089 170 61 Epicerie
2098 2085 150 51 COSTA
2276 2085 64 49 ET
2366 2083 143 50 NICE!

1906 2163 190 26 Boulevard
2113 2163 58 24 Roi
2187 2162 133 27 Jérome

1680 2271 92 26 Vous
1789 2270 178 26 réaliserez
1983 2268 75 27 ainsi
2076 2268 109 35 chaque
2200 2267 75 26 mois
2292 2274 66 17 une
2376 2266 171 25 économie

1855 2318 57 26 très
1931 2316 125 27 sensible
2075 2324 72 27 pour
2164 2317 80 25 votre
2265 2314 108 35 budget

1914 2412 190 25 Livraisons
2121 2411 21 24 à
2160 2409 155 26 domicile

1817 2509 34 49 A
1872 2508 224 50 L1SMKIÂ
2118 2508 47 49 M
2187 2507 33 49 A
2239 2506 168 51 M1ÎVRÂ

1710 2591 112 35 compta
1835 2591 10 26 t

1629 2646 142 28 VECCKJ
1789 2646 256 28 MANUSCRITTI
2061 2660 34 5 —
2113 2646 232 28 INCUNABULÏ
2365 2660 34 5 —
2414 2640 167 33 EDIZÏONE

1724 2686 282 26 INTERESSANTE
2018 2699 35 7 —
2069 2685 166 27 VECCHJE
2248 2685 149 27 STAMPE
2411 2693 78 18 ecc...

1743 2744 61 30 Un
1822 2746 181 29 mancate
2022 2744 38 30 di
2077 2745 164 30 scrivecl
2260 2746 125 35 prima
2404 2745 40 30 di

1961 2794 125 31 vende
2105 2795 48 31 ad
2176 2794 96 32 altri.

1735 2947 149 27 Antichità
1901 2947 87 27 Corse

1647 3014 212 48 Fraimscti
1900 3013 53 48 PI
1958 3013 67 49 ET
2030 3013 52 48 El

1658 3081 22 25 8,
1694 3080 82 22 Corsu
1790 3079 131 23 Grandvol
1935 3090 30 5 —
1979 3079 105 23 Aiacciu

1648 3143 73 33 Cispre,
1743 3143 50 32 Stili,
1804 3144 78 32 Pistole,
1892 3144 110 33 FiancMne,
2010 3145 75 31 Stampe

1684 3183 57 25 Piatti
1753 3188 10 19 e
1774 3183 59 26 Tazze
1845 3189 23 20 eu
1877 3184 9 25 i
1896 3184 89 30 proverbj
1997 3184 52 26 corsi

1733 3222 71 25 Zucclie
1816 3228 25 20 eu
1849 3223 71 31 sngetti
1930 3222 60 27 locali

1675 3387 389 99 Tomasi

1779 3550 205 63 Fofôgrafu

1652 3659 217 60 Aiacciu
1879 3691 21 15 -
1910 3663 189 60 Bastia

2212 2965 131 54 Casa
2376 2961 159 57 MCO

2167 3059 42 35 38,
2241 3060 91 28 Corsu
2348 3053 203 43 Napulione,38

2241 3129 35 5 —
2298 3117 141 24 Aiacciu
2459 3127 33 6 —

2171 3200 4 4 .
2186 3178 164 28 RICORDI
2373 3169 172 36 AIACCIN1

2169 3222 103 27 ARTICULI
2288 3222 112 28 RELIGIOSI
2424 3235 35 6 —
2480 3212 80 33 CDROHE

2252 3360 86 22 L’Arte
2353 3359 127 29 Religiosu

2187 3401 146 25 Damasu
2349 3391 190 34 Maestracci

2162 3443 83 20 Artista
2254 3442 192 23 scultore,allievu
2455 3438 21 20 di
2485 3442 12 15 a
2506 3430 54 24 scola

2179 3471 27 20 d’i
2217 3471 15 10 “
2241 3472 74 20 Beaux
2324 3471 70 20 Arts”
2402 3469 24 21 di
2435 3463 112 25 MarsegUa

2209 3501 159 23 Occhiaiana
2393 3501 11 24 (
2409 3491 112 30 Corsica)

2144 3549 65 19 Statue
2214 3550 88 23 religiose
2308 3548 64 24 d’ogni
2376 3550 70 20 généré
2451 3549 11 14 e
2467 3536 103 26 dimensi^L

2153 3574 35 19 Via
2195 3576 59 22 cruci,
2263 3576 83 19 console,
2354 3571 101 21 battisteri,
2465 3568 53 20 mono
2518 3568 19 14 111

2160 3600 105 24 fumerarii,
2275 3602 22 17 in
2305 3598 93 26 ghiesgin,
2408 3597 72 19 stuccu,
2492 3592 45 19 cùne

2171 3628 80 21 armatu,
2261 3626 58 19 simili
2325 3625 60 22 petra,
2393 3622 77 18 eartone
2550 3622 5 9 ’

2151 3651 89 19 st’ultima
2245 3652 79 18 materia
2334 3650 11 17 è
2349 3646 129 20 ricumandata
2481 3648 23 19 pe
2513 3645 11 13 c

2161 3694 115 19 Monumenti
2282 3700 13 13 a
2300 3694 8 18 i
2311 3692 58 20 morti
2374 3691 19 18 di
2398 3693 74 20 guerra,
2479 3687 20 18 la
2503 3679 44 22 brou
2546 3679 20 16 20

2221 3724 11 14 0
2240 3724 101 16 marmaru,
2348 3716 62 23 sopr’a
2420 3711 94 23 cumanda.

2158 3761 66 15 Prezzi
2231 3762 90 15 mnderati
2332 3759 79 16 Diimanàà
2416 3762 12 11 u
2433 3755 67 17 catalogu
