2580 3939
167 147 173 75 Art
373 147 417 91 français

28 320 27 21 La
66 312 85 23 France
163 310 25 15 se
201 301 67 22 flatte
280 300 30 21 de
322 299 102 27 détenir,
434 306 30 16 en

3 354 37 24 fait
50 348 28 22 de
93 339 137 25 littérature,
247 334 24 21 le
290 335 131 26 monopole
433 334 31 21 du

11 390 35 18 ion
55 377 64 31 goût.

28 415 45 23 Elle
84 415 26 17 se
121 405 71 22 vante
204 400 73 22 d’être
286 401 24 21 le
321 400 71 27 pivôt
404 401 29 21 de
442 402 23 20 la

14 450 72 22 ulture
97 443 24 20 et
129 439 30 21 de
165 437 23 21 la
196 435 71 21 haute
276 434 188 22 intellectualité.

11 487 17 19 <t
38 479 45 24 soit
93 479 45 24 que
150 470 49 22 cela
211 468 33 21 ait
256 466 39 22 été
306 468 60 25 vrai,
381 473 46 22 que
442 468 24 21 le

11 501 8 6 "
27 512 58 26 onde
93 508 30 22 de
131 506 23 21 la
164 500 90 30 pensée
267 506 26 16 se
302 501 49 21 soit
358 500 87 22 trouvé
453 500 14 22 à

3 524 110 46 Prtaines
123 537 104 24 minutes
245 534 30 21 de
293 540 38 16 ses
345 534 121 22 destinées

4 557 49 51 g»
73 571 105 29 compact
196 574 32 16 ou
247 568 54 27 plus
322 567 89 22 avancé
426 574 41 16 sur

4 604 32 36 |es
50 612 62 22 rives
135 604 29 22 de
181 603 23 21 la
223 600 72 23 Seine
318 607 46 22 que
385 608 41 15 sur
444 602 23 21 la

4 641 182 30 -\Vilhelmstrass
197 641 31 16 ou
239 641 48 15 aux
300 635 88 21 abords
399 635 30 21 de
444 636 24 20 la

5 678 88 27 Tamise
109 671 66 24 Paris
186 669 59 22 était
260 680 29 4 —
306 668 30 22 de
348 668 78 22 l’aveu
437 668 30 22 de

4 718 19 21 la
33 709 91 32 plupart
142 705 30 22 de
189 708 62 17 ceux
268 703 40 26 qui
327 704 104 26 pensent
444 704 24 20 et

5 743 101 27 écrivent
116 751 29 5 —
157 738 23 22 la
191 736 60 22 ville
262 736 128 21 lumière...

10 764 6 7 "
29 774 163 30 Orgueilleuse
211 769 14 23 à
239 770 65 27 juste
322 770 56 21 titre
396 769 29 22 de
442 775 26 15 sa

3 807 131 32 renommée
161 803 154 26 universelle,
338 803 24 21 la
387 803 82 21 vieille

9 845 82 26 Lutèce,
109 839 68 29 après
191 844 33 15 un
244 836 137 22 indéniable
401 842 67 16 mou-

6 878 91 25 vement
105 871 166 25 ascensionnel
282 876 56 16 vers
350 871 36 21 les
395 870 74 22 cimes

7 916 24 22 de
41 913 20 21 la
68 914 63 24 :pure
140 905 63 26 Idée,
225 904 69 28 après
305 904 70 22 avoir
391 904 79 27 impo-

2 948 27 23 sé
38 946 12 22 à
61 942 113 25 ruhivèrs
183 945 31 16 en
223 938 135 28 chrysalide
370 943 45 16 son
432 943 38 15 es-

7 981 42 30 prit
56 979 24 21 et
90 982 27 16 sa
126 972 113 26 manière,
253 971 69 28 après
334 972 70 21 avoir,
413 978 57 22 reçu

7 1021 26 17 en
44 1010 80 24 enfant
140 1006 69 30 gâtée
225 1007 54 21 tout
296 1011 27 16 ce
340 1011 47 22 que
401 1007 69 20 notre

6 1045 130 29 vagissante
147 1038 123 25 humanité
282 1040 142 27 comportait
440 1039 30 21 de

6 1078 73 28 lettrés
91 1078 25 20 et
127 1076 30 21 de
176 1074 96 22 maîtres
277 1086 4 3 -
289 1073 31 21 de
337 1073 24 22 la
381 1073 88 28 plume,

6 1122 26 16 en
42 1118 37 17 ses
90 1109 80 23 sàlons
182 1108 31 22 où
222 1113 26 16 se
253 1107 111 28 polissait
374 1107 23 21 la
400 1112 71 22 prose

8 1151 21 20 et
48 1142 171 26 s’enrichissait
247 1142 24 21 la
296 1141 70 26 rime,
386 1161 3 3 .
400 1140 72 24 brus-

7 1179 113 32 quement,
140 1176 73 26 Paris,
233 1176 23 21 le
270 1174 119 23 flambeau
402 1175 30 21 de
449 1175 23 22 la

6 1212 71 26 vérité
85 1214 26 20 et
121 1211 32 21 du
162 1210 89 25 savoir,
265 1215 67 16 cesse
350 1208 122 23 d’irradier

6 1250 11 22 à
30 1250 89 20 travers
134 1245 35 21 les
181 1243 137 23 continents
330 1245 25 20 et
364 1244 36 20 les
408 1249 64 15 mers

6 1288 34 18 ses
50 1280 121 23 faisceaux
181 1278 112 21 rutilants
304 1282 63 23 pour
373 1283 31 15 ne
418 1278 54 26 plus

6 1318 45 21 être
59 1313 86 29 qu’une
156 1311 84 22 torche
255 1310 90 23 éteinte
354 1316 32 17 ou
400 1310 73 29 qü’un

5 1351 58 21 astre
71 1348 80 22 mort..

208 1404 18 16 *
238 1404 17 16 *

32 1433 67 22 Cette
119 1431 100 27 opinion
235 1431 40 27 qui
295 1432 37 20 est
356 1430 60 22 celle
443 1430 30 21 dè

6 1467 109 27 critiques
127 1464 86 22 faisant
223 1465 34 21 loi
276 1470 31 16 en
326 1465 24 21 la
365 1464 107 26 matière,

5 1500 71 30 paraît
86 1501 51 20 être
145 1498 144 22 corroborée
300 1504 45 22 par
363 1499 36 21 les
418 1504 56 22 pro-

6 1534 106 24 ductions
132 1533 30 21 de
176 1538 41 16 ces
236 1531 122 23 dernières
377 1531 92 23 années-

7 1569 36 29 qui
56 1579 26 6 —
97 1567 134 27 'exception
249 1566 68 22 faite-
328 1572 62 22 pour
409 1566 64 28 quel-

7 1608 53 23 ques
70 1607 118 22 ouvrages
200 1600 71 22 d’uné
277 1601 84 21 valeur
372 1600 103 22 discuta-

6 1638 37 21 ble
65 1635 120 23 d’ailleurs
202 1646 29 4 —
244 1636 57 20 sont
327 1634 70 21 d’une
417 1640 58 21 pau-

8 1669 62 24 vreté
90 1669 125 28 rappelant
236 1668 14 22 à
275 1669 103 27 quelque
402 1667 73 22 chose

4 1704 54 30 jyès
66 1704 37 22 les
112 1703 103 28 inepties
228 1701 124 23 arrachées
372 1707 47 16 aux
436 1700 40 23 bé-

7 1739 129 28 gaiements
149 1736 152 22 médiévaux.

34 1772 30 21 Le
76 1772 66 21 cruel
153 1770 166 29 strugqlefor
330 1770 47 28 life
400 1769 78 22 actuel

8 1806 36 22 n’a
55 1805 44 23 fait
110 1811 47 22 que
168 1804 131 29 précipiter
307 1804 62 22 cette
383 1803 71 23 chute
464 1802 11 22 à

8 1840 99 28 laquelle
126 1840 43 21 des
188 1839 169 22 observateurs
380 1837 99 28 superfi-

8 1874 56 22 ciels
78 1874 96 27 prêtent
185 1874 24 21 la
225 1874 85 20 valeur
320 1872 57 22 d’un
391 1877 87 16 renou-

8 1914 59 16 veau
91 1908 120 27 livresque
237 1912 55 16 sans
319 1905 161 29 s’apercevoir

9 1948 43 22 que
61 1948 45 16 nos
110 1941 127 22 modernes
245 1940 118 29 plumitifs
371 1938 110 23 fiévreux

10 1978 23 20 et
43 1975 86 23 altérés
137 1977 115 20 tournent
266 1974 158 28 éperdûment
440 1979 40 15 au-

9 2011 52 20 tour
69 2010 33 21 du
112 2009 64 28 puits
187 2008 14 22 à
212 2007 78 23 vérité
299 2013 56 16 sans
361 2007 85 27 jamais
454 2012 26 16 se

9 2044 93 27 risquer
109 2042 13 22 à
130 2048 18 23 y
155 2044 102 26 plonger
268 2047 33 16 un
313 2041 86 27 regard
416 2045 65 16 scru-

9 2078 82 21 tateur.

37 2109 158 29 Aujourd’hui
214 2115 32 16 on
257 2109 37 21 vit
311 2110 55 25 trop
386 2107 51 22 vite
458 2109 24 20 et

8 2146 54 26 trop
73 2150 49 22 peu
139 2142 14 23 à
170 2143 66 21 Paris
249 2149 6 19 ;
275 2148 33 16 on
318 2148 18 22 y
356 2147 75 22 pense
451 2141 30 21 de

10 2179 86 21 même.

38 2210 128 29 Lorsqu’au
189 2211 57 27 prix
271 2209 106 23 d’efforts
398 2209 84 22 surhu-

11 2245 75 22 mains
98 2251 33 16 on
142 2247 58 25 peut
211 2244 130 22 s’arracher
354 2250 31 15 au
397 2249 84 16 roman

12 2278 13 22 à
41 2280 22 21 la
82 2279 67 28 ligne
166 2284 61 22 pour
240 2278 149 28 concierges,
406 2277 76 22 demi-

12 2313 142 22 moDdaines
162 2318 32 16 ou
201 2312 148 26 midinettes,
360 2317 33 16 on
401 2312 81 27 risque

13 2347 27 22 de
50 2347 99 22 heurter
160 2345 93 23 l’écueil
265 2346 31 22 du
308 2346 90 28 plagiat
408 2351 5 16 :
432 2345 50 22 cela

13 2381 74 22 arrive
97 2380 182 28 fréquemment.
286 2380 40 22 On
339 2379 65 22 évite
419 2378 63 23 Cha-

13 2415 72 28 rybde
95 2421 64 22 pour
171 2414 96 23 tomber
278 2420 31 16 en
323 2413 86 29 Scylla.
422 2413 28 22 Et
461 2413 20 21 si

13 2454 39 21 par
60 2449 196 26 extraordinaire,
266 2454 32 16 on
308 2450 37 20 est
353 2446 64 24 doué
426 2446 56 23 d’un

14 2482 170 28 tempérament
207 2483 140 27 belliqueux
368 2483 24 20 et
413 2481 69 22 d’une

16 2517 138 22 conscience
165 2517 202 28 professionnelle
380 2516 32 22 où
426 2515 57 22 s’in-

14 2549 49 23 fuse
75 2551 144 22 doucement
230 2552 23 21 la
264 2551 81 27 plante
361 2548 122 30 parfumée

14 2583 29 22 du
53 2585 146 26 talent,alors
208 2591 57 22 gare
275 2585 6 20 !
303 2583 40 22 Ou
355 2583 47 22 l’on
418 2583 65 27 pond

15 2622 28 16 un
51 2618 172 23 chef-d’oeuvre
229 2630 30 5 —
265 2617 41 29 qui
314 2623 96 22 passera
415 2616 14 22 à
436 2622 46 22 peu

16 2651 51 27 près
76 2652 113 29 inaperçu
200 2653 21 21 si
233 2652 50 22 l’on
294 2651 64 22 n’est
362 2657 43 21 pas
413 2656 70 22 pour-

15 2689 28 17 vu
61 2686 31 21 du
110 2692 55 16 sens
185 2687 30 21 de
226 2687 24 21 la
269 2685 111 26 réclame,
389 2690 28 16 ce
431 2684 51 22 vrai

15 2718 67 27 génie
87 2720 36 22 du
132 2721 54 27 jour
196 2732 29 4 —
239 2726 33 16 ou
286 2718 49 24 l’on
348 2724 77 17 couve
436 2723 48 17 une

15 2751 138 29 ignominie.
172 2754 70 22 Cette
259 2753 110 23 dernière
387 2752 38 22 n’a
441 2757 42 23 pas

15 2785 81 24 besoin
108 2788 70 28 qu’on
196 2788 95 22 l’exalte
302 2794 6 19 ;
330 2787 46 22 elle
392 2786 46 22 sait
458 2791 26 16 se

15 2817 56 25 faire
85 2828 48 16 une
150 2823 67 27 place
234 2828 30 16 au
276 2821 71 23 soleil
360 2820 31 22 de
403 2821 24 20 la
443 2820 41 21 vie

14 2855 63 22 toute
88 2857 74 25 seule,
173 2858 24 21 et
208 2858 79 20 toutes
298 2856 36 21 les
349 2855 93 27 plûmes
456 2865 29 4 —

15 2889 74 22 même
112 2891 35 21 les
168 2890 79 22 moins
265 2887 145 30 prostituées
429 2892 54 16 con-

16 2926 108 20 current
131 2930 58 16 avec
200 2930 33 16 un
242 2922 123 23 ensemble
370 2921 115 23 touchant

16 2953 13 22 à
38 2961 43 17 son
93 2956 108 24 éclosion
211 2958 78 22 suivie
298 2956 57 22 d’un
366 2954 118 28 triomphe

17 2993 80 25 auquel
118 2998 119 22 personne
257 2997 30 16 ne
314 2991 113 21 s’avisera
455 2989 29 21 de

17 3021 129 32 s’attaquer.

42 3056 71 25 Voilà
122 3060 33 22 où
163 3065 61 17 nous
233 3065 30 16 en
270 3063 114 17 sommes.
395 3056 87 26 Plutôt,

18 3091 59 22 voici
86 3098 30 16 ou
129 3099 30 16 en
168 3096 37 19 est
213 3094 23 21 la
244 3091 133 23 littérature
385 3090 99 28 françai-

17 3127 23 16 se
53 3136 28 5 —
97 3127 24 21 la
137 3127 133 22 littérature
292 3124 115 22 théâtrale
431 3124 53 27 plus

16 3159 221 23 particulièrement.

223 3246 13 12 *
254 3247 14 13 *

42 3274 70 24 Cette
123 3277 79 21 raison
217 3276 63 21 n’est
291 3275 135 27 cependant
442 3280 43 21 pas

16 3308 126 27 suffisante,
156 3314 61 22 pour
230 3307 73 28 qu’on
317 3313 85 22 essaye
417 3307 68 21 d’im-

16 3345 65 21 poser
96 3343 32 21 ici
146 3348 28 15 ce
185 3341 41 29 qui
243 3343 38 20 est
300 3339 91 23 admiré
399 3339 85 23 là-bas.

16 3371 62 27 N$us
89 3382 63 16 nous
165 3376 145 28 expliquons
319 3381 6 15 :

42 3407 31 24 La
90 3410 84 26 Corse,
193 3409 118 29 française
329 3407 85 29 depuis
432 3408 53 27 plus

17 3439 52 24 d’un
81 3444 75 22 siècle
176 3446 25 20 et
215 3444 72 25 demi,
313 3448 32 16 ne
361 3447 62 16 nous
445 3447 40 22 pa-

17 3474 41 22 raît
84 3478 68 21 avoir
184 3477 74 23 retiré
285 3476 72 22 d’une
381 3475 104 22 civilisa-

18 3506 47 23 tion
73 3516 46 21 que
130 3512 48 22 l’on
191 3512 36 22 dit
244 3510 140 29 supérieure
400 3511 25 20 et
440 3508 45 23 raf-

18 3537 57 26 finée
84 3544 73 27 qu’un
165 3545 121 23 médiocre
295 3543 108 23 bénéfice
410 3543 14 22 à
431 3542 54 23 côté

19 3570 27 22 de
71 3576 172 32 désavantages
267 3579 132 22 fortement
424 3583 62 16 mar-

20 3606 60 28 Q-ués>
101 3614 25 19 et
149 3614 51 21 cela
226 3619 56 16 sans
304 3611 124 29 préjudice
453 3611 32 21 du

21 3639 109 32 ^nrasme
138 3646 109 22 matériel
258 3646 59 22 dans
325 3646 80 27 lequel
416 3647 69 20 notre

63 3677 23 16 se
94 3677 69 24 débat
174 3686 31 16 en
214 3678 172 29 désespérée...

48 3700 61 30 Nous
122 3714 101 21 voulons
237 3714 155 26 simplement
407 3713 79 27 parler

38 3739 23 17 es
72 3744 80 22 profits
163 3752 102 17 moraux
280 3758 31 4 —
326 3746 159 21 intellectuels

36 3781 8 4 -
54 3777 9 11 1
70 3777 29 17 on
110 3778 91 25 préfère
214 3792 28 4 —
256 3786 48 22 que
319 3784 61 17 nous
392 3779 93 21 serions

494 308 27 15 en
534 303 66 22 droit
612 304 130 23 d’attendre
758 306 30 21 de
806 306 160 28 l’avant-gar-

494 336 28 21 de
534 336 31 21 de
578 336 26 22 la
616 338 166 22 civilisation.

520 368 38 23 Or
570 375 47 22 que
629 377 57 15 nous
703 373 91 20 sert-on
815 372 85 27 depuis
916 374 51 20 tant

494 402 113 22 d’années
617 404 12 20 ?
641 403 148 22 Fastidieuse
801 405 72 21 serait
889 406 21 20 la
924 410 43 17 no-

494 436 144 21 menclature
650 436 29 21 de
691 438 79 20 toutes
781 438 36 20 les
829 438 99 20 ordures
942 439 26 20 et

494 469 28 21 de
533 471 82 20 toutes
628 470 35 20 les
677 469 100 22 idioties
789 470 40 27 qui
842 470 126 22 s’abattent

494 501 208 29 périodiquement
716 508 42 16 sur
773 505 70 19 notre
862 509 59 23 pays
938 515 30 5 —

494 542 42 21 par
546 537 25 20 le
583 536 67 21 canal
661 536 42 21 des
724 536 105 28 reliques
843 536 125 23 harassées

494 569 29 21 de
535 569 119 27 plusieurs
665 569 79 22 boîtes
761 569 14 22 à
792 569 76 30 Fursy
883 576 31 16 ou
937 570 31 22 de

494 602 106 22 maisons
606 602 116 22 Philibert
728 603 29 21 de
763 603 24 21 la
794 604 84 21 vieille
889 604 77 27 gaule.

521 635 93 22 Panam
639 635 83 29 fuyant
750 637 37 20 les
806 637 110 27 rigueurs
937 636 30 21 de

494 668 88 23 l’hiver
586 669 123 28 .nordique
720 670 70 21 vient
795 670 60 22 faire
866 676 48 15 une
921 669 48 22 sai-

494 708 46 17 son
563 703 15 22 à
596 703 99 28 Ajaccio
718 706 25 20 et
766 710 85 22 essaye
877 703 92 23 d’accli-

494 739 78 19 mater
591 743 38 16 ses
649 738 108 28 couplets
775 738 119 22 brumeux
910 743 57 16 sous

494 771 35 21 les
542 771 99 21 ardeurs
653 771 29 21 de
698 773 68 20 notre
778 772 78 25 soleil,
873 772 59 21 dans
945 772 26 21 la

494 803 141 23 luminosité
647 804 29 22 de
687 806 72 20 notre
771 805 73 28 golfe.

524 837 92 23 Panam
633 838 150 28 au'premier
788 839 76 21 abord
874 844 34 16 un
918 840 50 20 tan-

495 871 64 21 tinet
570 870 111 30 dépaysé,
702 871 156 29 s’encourage
873 872 51 22 vite
940 877 30 16 au

496 906 163 27 clapotement
674 912 112 16 nerveux
802 907 30 20 de
853 906 116 27 quelques

496 941 122 20 menottes
629 939 127 23 maculées.

525 973 59 22 Puis
601 973 100 27 bientôt,
717 974 110 22 oubliant
844 975 65 20 toute
923 980 47 22 pu-

496 1007 68 26 deur,
577 1007 94 28 trompé
679 1014 44 22 par
730 1009 23 21 la
763 1007 140 29 légendaire
915 1007 55 23 hos-

497 1041 95 27 pitalité
604 1047 75 21 corse,
693 1042 18 21 il
723 1041 115 23 s’installe
845 1047 31 16 en
887 1041 84 23 maître

497 1076 131 21 souverain
640 1081 30 16 en
683 1077 71 21 notre
766 1075 55 22 cité.
836 1074 72 23 Grisé
927 1082 45 21 par

497 1114 46 16 son
552 1109 90 26 succès,
654 1110 17 21 il
678 1110 115 21 continue
802 1114 46 18 son
857 1109 112 28 emprise.

525 1142 34 22 La
569 1140 59 25 ville
647 1149 29 16 ne
695 1143 34 22 lui
747 1143 65 22 suffit
829 1144 62 27 plus.
907 1142 64 23 L’été

497 1182 68 16 venu
583 1177 18 22 il
621 1176 91 29 émigre
721 1190 4 4 •
729 1183 56 16 vers
801 1178 23 21 la
832 1199 4 4 .
841 1178 131 27 montagne

498 1210 154 28 chaperonné
662 1217 48 22 par.
717 1211 191 23 d’irréductibles
925 1211 48 21 im-

496 1245 119 28 pi^uttiti
625 1251 46 16 aux
682 1245 140 25 avant-bras
831 1244 124 28 galonnés.

527 1277 22 23 Il
569 1280 112 26 parcourt
700 1285 46 16 nos
776 1279 127 25 hameaux,
927 1284 46 16 nos

498 1312 93 28 bourgs
611 1314 24 20 et
657 1318 43 16 nos
718 1313 104 27 villages
835 1318 6 19 ;
874 1311 100 22 s’assied

499 1352 42 15 sur
549 1347 25 20 le
585 1347 74 21 vieux
669 1346 63 22 banc
743 1346 30 22 de
784 1346 80 28 pierre
876 1347 29 20 et
912 1351 62 15 cam.-

499 1386 31 22 pe
543 1386 58 16 sous
612 1386 44 16 nos
668 1380 169 28 châtaigniers.

528 1414 36 22 La
575 1413 84 29 vipère
671 1414 37 22 dit
721 1415 108 21 trottoir
843 1419 84 23 essaye
944 1412 30 22 de

500 1449 98 21 mordre
616 1449 20 21 la
662 1454 87 22 paume
767 1449 103 21 calleuse
885 1448 28 21 de
930 1453 44 16 nos

500 1483 160 28 vigoureuses
669 1482 120 29 bergères.
824 1498 5 9 ,

529 1517 31 21 Le
578 1517 87 22 refrain
681 1517 132 27 crapuleux
829 1518 59 20 veut
911 1515 63 22 occir

500 1551 21 21 A
534 1550 138 30 Paghiella.

735 1596 13 13 *

718 1608 13 12 *
750 1608 13 12 *

529 1632 67 23 Nous
612 1639 29 16 ne
662 1632 146 28 prétendons
824 1632 75 28 point,
914 1631 62 22 Dieu

505 1672 60 17 nous
583 1667 72 28 garde
668 1667 6 21 I
684 1666 14 22 à
717 1667 72 27 jouer
809 1667 35 21 les
865 1666 70 27 pères
955 1666 23 21 la

505 1702 91 27 pudeur
609 1702 23 20 ni
642 1700 13 23 à
667 1700 110 22 marcher
785 1706 41 16 sur
835 1701 36 21 les
887 1699 92 22 brisées

505 1747 26 4 —
549 1735 49 22 très
614 1734 89 23 brisées
725 1746 28 5 —
774 1734 30 22 de
823 1740 27 16 ce
871 1734 56 22 cher
939 1734 39 21 feu

505 1769 149 22 Lamarzelle.

533 1802 68 23 Nous
624 1803 118 22 estimons
765 1808 46 23 que
831 1803 32 21 le.
874 1802 53 21 vice
947 1807 31 16 en

506 1837 101 28 pareille
618 1837 98 22 matière
733 1842 30 16 ne
783 1842 26 16 se
827 1839 85 19 trouve
933 1841 46 22 que

505 1870 22 23 là
540 1870 32 22 où
582 1876 32 16 on
623 1874 57 19 veut
689 1871 57 22 bien
754 1871 24 21 le
787 1872 94 23 mettre,
887 1871 23 20 et
918 1874 62 17 nous

506 1910 78 16 avons
596 1905 85 22 absous
687 1916 28 5 —
723 1904 78 23 faut-il
813 1905 22 21 le
854 1903 127 28 rappeler?

505 1950 30 5 —-
553 1938 100 22 l’auteur
669 1939 30 21 de
719 1938 37 22 La
768 1938 135 28 Garçonne
922 1937 60 22 dont

506 1973 23 21 la
540 1972 119 22 radiation
670 1973 43 21 des
725 1972 82 22 cadres
819 1972 31 21 de
861 1972 23 21 la
891 1970 90 29 Légion

507 2006 135 22 d’honneur
650 2012 61 16 nous
722 2006 127 28 paraissait
859 2007 53 20 tout
925 2005 56 21 sim-

507 2040 110 27 plement
626 2039 144 28 l’explosion
788 2039 31 21 de
834 2038 81 22 colère
932 2038 50 21 .d’a-

507 2078 85 16 mours
606 2073 159 21 clandestines
783 2074 25 20 et
825 2071 156 23 inavouables

508 2106 147 23 subitement
666 2105 185 29 démasquées...
866 2124 6 9 ,

536 2140 46 23 Les
602 2141 88 28 injures
714 2140 61 22 dont
791 2146 14 16 a
820 2139 47 23 été,
877 2138 105 23 abreuvé

508 2174 90 23 Victor
609 2174 145 29 Marguerite
765 2173 169 28 n’empêchent'
939 2179 43 22 pas

508 2208 122 23 d’ailleurs
640 2209 35 21 les
688 2208 86 22 scènes
786 2207 58 29 qu’il
856 2214 14 15 a
881 2206 102 23 décrites

508 2242 117 22 d’-exister
635 2248 59 16 avec
705 2243 127 27 peut-être-
843 2242 55 27 plus
911 2241 72 22 d’am-

508 2277 78 27 pleur,
597 2282 92 16 comme
704 2276 168 28 pareillement
880 2275 105 22 existent

508 2311 23 21 la
547 2310 143 22 chaumière
706 2311 25 21 et
744 2312 73 22 autre.
827 2316 11 14 «
850 2315 108 16 masures
968 2316 16 15 >

508 2346 55 21 tout
577 2345 62 21 aussi
656 2344 216 28 dangereusement
885 2343 99 21 accueil-

508 2379 87 21 lantes.

725 2428 13 14 *
756 2430 14 12 *
912 2437 6 4 -

538 2456 35 22 En
584 2462 41 16 ces
635 2455 251 27 endroits'interlôpes
898 2453 32 23 où
937 2454 46 26 vit,

509 2491 105 27 grouille
629 2492 25 20 et
666 2489 84 29 s’agite
762 2489 59 21 dans
837 2494 49 16 une
900 2490 85 20 atmos-

509 2524 77 28 phère
597 2523 135 23 sursaturée
743 2523 31 21 de
782 2522 102 23 vol-à-la
892 2522 53 26 tire,
954 2522 31 22 de

510 2564 77 22 coups
600 2558 30 22 du
639 2556 194 29 Père-François,
845 2556 30 22 de
886 2556 63 22 viols
961 2557 25 20 et

509 2592 173 25 d’assassinats,
691 2592 55 21 tout
752 2597 33 15 un
792 2590 90 22 monde
890 2588 95 29 bigarré

510 2626 30 21 de
561 2626 142 26 casquettes,
716 2624 31 21 de
768 2624 115 26 foulards,
907 2622 79 28 d’apa-

510 2659 59 22 ches
585 2661 26 20 et
623 2658 30 22 de
667 2658 138 28 gigolettes,
824 2657 104 22 certains
945 2662 41 16 ro-

510 2693 120 22 manciers
642 2698 30 16 en
683 2692 50 22 mal
748 2692 31 21 de
793 2690 116 23 célébrité
924 2692 63 20 vont

510 2726 105 23 récolter
625 2732 47 16 une
689 2725 104 29 panerée
817 2725 31 23 de
858 2724 127 30 psycholo-

510 2761 54 28 gies
571 2759 196 23 déconcertantes
772 2759 69 28 qu’ils
851 2764 136 16 accommo-

511 2795 59 21 dent
578 2794 14 22 à
601 2793 68 23 l’aide
675 2793 73 22 d’une
757 2794 113 26 musique
877 2793 30 21 de
916 2792 69 28 guin-

510 2830 85 27 guette
616 2833 30 17 en
667 2828 36 21 les
724 2829 145 26 aspergeant
891 2826 95 22 ensuite

511 2862 57 22 d’un
580 2861 215 23 sentimentalisme
816 2860 130 22 n’existant
956 2871 31 4 —

511 2896 120 22 disons-le
641 2895 57 22 bien
709 2894 59 22 haut
775 2906 28 4 —
813 2900 46 22 que
866 2894 60 21 dans
933 2894 54 20 leur

510 2935 94 22 pauvre
615 2928 157 28 imagination
783 2926 108 24 torturée
899 2932 43 22 par
962 2927 24 21 la

511 2969 71 16 coco.

540 2996 29 22 Et
580 2997 54 27 puis
646 2997 30 21 ils
688 2997 101 20 servent
799 2994 78 22 chaud
886 2994 6 21 !
910 2998 18 9 ^

540 3029 33 22 Ils
590 3031 96 20 servent
698 3030 63 20 cette
781 3034 73 16 rance
867 3028 92 21 cuisine
973 3034 14 15 a

511 3069 46 17 nos
575 3064 107 24 femmes,
705 3062 14 22 à
736 3068 45 16 nos
804 3065 86 22 soeurs,
891 3065 5 10 1
910 3060 14 22 à
940 3066 46 16 nos

510 3098 72 21 filles.

540 3131 42 23 Un
594 3131 42 21 des
647 3131 54 27 plus
715 3130 80 21 beaux
808 3128 137 28 spécimens
954 3128 31 20 de

511 3171 41 15 ces
561 3165 63 27 plats
635 3165 32 21 du
673 3164 59 28 jour
739 3165 37 20 est
785 3170 5 15 :
804 3162 64 22 Mon
877 3162 95 21 homme
977 3161 10 20 !

540 3198 66 22 Mon
617 3198 103 24 homme,
735 3202 47 22 que
798 3197 24 21 le
833 3196 76 22 talent
924 3195 61 22 inat-

511 3232 113 28 taquable
635 3231 72 22 d’une
721 3230 70 22 Cora
798 3229 150 29 Laparcerie
954 3234 33 16 ne

511 3268 66 26 peut,
588 3271 30 16 en
626 3264 67 28 dépit
697 3264 31 21 de
736 3266 60 23 tout,
803 3269 89 16 sauver
898 3263 30 21 de
935 3261 52 23 l’in-

512 3299 104 27 digence
627 3298 135 26 malpropre
774 3297 32 21 où
817 3297 19 21 il
852 3296 77 21 aurait
946 3295 40 21 de-

511 3332 56 26 puis
585 3332 136 26 longtemps
742 3329 97 22 sombré
859 3329 21 21 si
895 3329 23 21 le
934 3327 53 22 rôle

511 3364 120 28 principal
640 3370 30 15 en
679 3362 60 23 était
747 3362 78 23 confié
837 3362 14 22 à
864 3368 47 16 une
929 3361 59 22 dou-

513 3402 76 21 blure.

540 3435 66 22 Mon
617 3434 97 22 homme
719 3439 48 22 que
776 3435 67 20 notre
847 3433 140 27 imposante

511 3469 120 28 phalange
645 3474 15 15 «
670 3467 207 29 voyoucrassique
891 3473 14 15 »
925 3466 63 27 ajac-

512 3504 88 21 cienne
612 3502 87 22 sifflote
722 3500 55 29 déjà
790 3503 69 20 entre
870 3501 35 21 les
917 3500 71 22 dents

512 3540 25 19 et
551 3537 34 22 où
593 3537 41 21 des
649 3536 110 28 gamines
771 3535 14 22 à
795 3536 25 21 la
830 3541 80 22 nuque
919 3533 68 23 rasée

512 3573 45 21 ont
576 3573 100 20 entrevu
694 3570 43 21 des
756 3569 113 23 horizons
889 3570 99 27 insoup-

513 3604 100 30 çonnés.

539 3639 64 22 Mon
615 3639 96 22 homme
723 3640 37 20 est
771 3644 27 16 ce
812 3637 73 29 qu’on
895 3637 92 28 appelle

512 3673 30 22 de
554 3679 15 15 «
579 3672 60 22 L’art
651 3672 111 27 Français
771 3678 14 15 »
793 3672 25 20 !!!

539 3706 82 28 A-près
635 3707 24 21 le
680 3712 62 22 pays
762 3706 42 20 des
828 3706 97 26 cigales,
944 3704 43 21 des

510 3739 201 22 tambourinaires
733 3740 25 20 et
782 3739 31 20 de
842 3738 100 25 Mistral,
964 3738 23 20 la

510 3775 67 20 terre
590 3773 31 21 de
637 3771 207 28 l’indépendance,
857 3771 32 21 dé
902 3770 85 21 Fesco-

1059 152 58 24 UN
1140 146 256 31 ÉVÈNEMENT

992 224 60 47 LA
1085 226 157 47 REVUE
1276 225 187 49 KYRNÔS

1021 319 63 22 Nous
1096 326 104 16 sommes
1217 320 108 21 heureux
1350 321 115 22 d’annon-

1000 357 34 16 cer
1044 352 14 21 à
1069 359 45 15 nos
1129 354 60 21 amis
1207 355 25 19 et
1251 354 103 20 lecteurs
1373 355 24 20 la
1416 354 48 21 très

1000 385 123 21 prochaine
1135 386 147 27 publication
1292 384 71 23 d’une
1375 387 90 27 grande

1000 423 67 15 revue
1079 418 77 22 Corse
1168 420 31 20 de
1206 419 73 21 haute
1292 419 98 26 culture,
1401 419 64 27 Kyr-

1000 456 48 15 îos.
1061 450 34 22 M.
1109 451 61 22 Paul
1182 451 111 23 Graziani
1302 452 9 26 (
1324 453 40 25 qui
1374 454 38 20 est
1429 459 37 15 ar-

1000 483 97 22 riviste
1113 484 30 22 de
1155 486 23 21 la
1190 485 77 22 Corse
1276 483 9 28 )
1297 490 14 14 a
1329 485 95 22 assumé
1443 486 23 21 la

1000 517 113 22 iirection
1121 518 31 21 de
1159 520 38 20 cet
1209 522 90 23 organe
1311 518 25 20 et
1347 518 19 21 il
1373 525 14 15 a
1395 525 72 22 grou-

1000 549 25 28 pé
1037 552 85 20 autour
1133 551 31 21 de
1172 551 35 22 lui
1218 556 34 16 un
1261 550 90 22 certain
1366 552 100 22 nombre

1000 582 137 23 l’éminents
1160 584 194 25 collaborateurs,
1376 584 91 28 spécia-

1000 616 63 21 Istes
1074 617 42 21 des
1128 618 125 26 questions
1258 622 89 16 corses.
1357 617 109 22 L’histoi-

1000 654 30 21 re,
1040 650 23 20 la
1083 650 87 27 langue
1193 651 25 20 et
1235 650 24 21 la
1280 649 140 27 littérature,
1444 651 23 20 la

1000 681 105 30 géologie
1118 685 24 20 et
1152 684 24 21 la
1187 682 156 30 géographie,
1358 684 35 22 les
1417 690 50 16 res-

1000 722 92 17 sources
1115 718 129 22 naturelles
1269 720 26 20 et-
1323 716 144 24 l’économie

1000 751 113 28 politique
1125 752 30 21 de
1169 751 118 26 la'Corse,
1297 752 58 21 telle
1372 753 38 20 est
1428 751 39 22 l’a-

1000 784 117 23 bondante
1126 785 102 22 matière
1240 791 48 22 que
1296 785 127 22 traiteront
1436 791 31 15 en

1000 818 39 22 les
1047 819 93 22 articles
1153 818 157 23 documentés
1322 820 25 20 et
1362 818 42 22 des
1416 818 52 22 étu-

1000 851 39 23 les
1057 853 171 28 approfondies
1238 854 36 21 les
1283 852 124 23 différents
1430 851 38 22 ré^

1000 887 105 22 lacteurs
1117 888 30 21 de
1159 887 107 27 Kyrnos.
1285 887 46 22 Pas
1353 885 62 23 n’est
1428 886 39 21 be-

1000 922 48 21 soin
1065 921 116 28 d’ajouter
1195 927 47 22 que
1260 922 24 21 la
1301 920 128 28 politique,
1445 920 23 20 la

1000 954 97 23 hideuse
1106 955 120 28 politique
1232 961 31 16 en
1272 960 53 17 sera
1343 953 125 28 impitoya-

1000 989 103 22 blement
1115 990 93 21 exclue.
1224 989 33 21 La
1272 994 74 17 revue
1368 987 101 27 paraîtra

1000 1024 51 21 tous
1062 1023 35 21 les
1109 1023 61 22 trois
1178 1024 64 21 mois
1251 1029 43 21 par
1300 1021 125 23 fascicules
1438 1020 30 22 de

1000 1056 25 22 3o
1032 1056 14 22 à
1056 1063 40 15 100
1102 1057 128 28 pages.Les
1238 1057 61 21 trois
1306 1057 100 26 langues
1413 1055 56 21 —le

1000 1090 132 29 français,le
1140 1096 69 16 corse
1221 1092 26 20 et
1259 1090 101 22 l’italien
1372 1100 27 5 —-
1406 1094 18 22 y
1433 1094 36 15 se-

1000 1126 54 20 ront
1064 1124 114 27 admises,
1192 1124 30 22 de
1235 1126 65 20 sorte
1312 1129 47 22 que
1382 1123 23 21 la
1422 1124 48 21 tra-

1000 1158 75 22 dition
1088 1159 111 21 brillante
1211 1158 43 21 des
1267 1157 105 23 Renucci
1382 1158 25 20 et
1427 1155 42 22 des

1000 1192 126 26 Grimaldi,
1136 1192 43 21 des
1191 1191 71 22 Viale
1270 1194 25 19 et
1308 1191 43 21 des
1362 1189 107 23 Multedo

1000 1226 41 21 des
1050 1225 153 23 Gianmarchi
1216 1228 25 19 et
1252 1226 42 21 des
1308 1224 111 28 Giubega
1440 1229 30 15 ne

1000 1265 52 16 sera
1071 1266 43 21 pas
1123 1258 164 23 abandonnée.
1300 1259 31 21 Le
1349 1258 53 28 plus
1426 1263 44 22 pur

1000 1293 75 28 esprit
1086 1292 155 29 régionaliste
1265 1293 118 27 inspirera
1409 1290 60 27 Kyr-

1000 1333 55 15 nos.

1029 1360 65 22 Nous
1103 1365 112 23 pouvons
1227 1357 77 25 d’orés
1314 1361 24 20 et
1362 1358 53 29 déjà
1438 1358 33 21 ci-

1001 1396 37 24 ter
1050 1394 73 28 parmi
1137 1396 35 20 les
1193 1394 186 23 collaborateurs
1389 1392 33 22 M.
1437 1391 33 22 M.

1000 1429 24 22 J.
1038 1429 30 21 B.
1080 1428 138 27 Marcaggi,
1232 1429 22 21 le
1273 1429 84 20 savant
1377 1426 95 22 histori-

1003 1468 29 16 en
1040 1463 30 21 de
1077 1463 22 21 la
1115 1463 113 27 jeunesse
1240 1462 31 22 de
1285 1460 123 29 Napoléon
1427 1461 46 21 Bo-

1002 1499 106 25 naparte,
1121 1496 111 23 l’éditeur
1243 1496 77 22 averti
1329 1496 43 21 des
1380 1495 92 25 voceri,

1002 1531 24 21 le
1038 1531 147 27 dramatique
1194 1532 124 20 narrateur
1341 1530 30 21 de
1382 1536 14 14 «
1405 1528 69 22 Fleu-

1003 1570 32 17 ve
1047 1565 29 22 de
1086 1570 60 22 sang
1157 1572 14 13 »
1183 1564 41 28 qui
1237 1564 144 22 administre
1392 1564 23 20 la
1426 1562 48 22 bel-

1003 1599 24 21 le
1037 1598 164 28 bibliothèque
1219 1597 123 29 d’Ajaccio
1356 1596 49 31 ;;M.
1411 1596 25 22 le
1447 1596 29 22 Dr

1003 1632 197 23 Pitti-Ferrandi
1208 1632 61 22 dont
1283 1632 24 21 la
1320 1630 155 29 compétence

1005 1673 41 15 sur
1053 1667 36 21 les
1097 1667 126 27 questions
1234 1671 82 17 corses
1328 1665 31 22 de
1369 1666 55 21 tout
1437 1670 38 16 or-

1005 1701 43 21 dre
1059 1702 37 20 est
1106 1701 59 21 bien
1182 1705 103 20 connue;
1298 1698 35 22 M.
1345 1699 25 21 le
1381 1698 96 22 Profes-

1006 1740 55 16 seur
1070 1732 78 24 Louis
1156 1733 86 27 Villat,
1256 1734 60 21 dont
1323 1733 23 21 la
1357 1732 70 22 thèse
1436 1737 41 16 sur

1005 1768 23 22 la
1040 1768 74 22 Corse
1133 1770 67 20 entre
1205 1766 67 29 -1769
1284 1768 25 20 et
1327 1765 54 30 1789
1390 1767 37 20 est
1444 1771 33 15 un

1006 1803 142 21 monument
1169 1800 156 23 d’admirable
1346 1799 130 25 érudition;;

1006 1837 41 21 lés'
1053 1836 106 22 illustres
1167 1835 148 22 romanciers
1328 1835 25 20 et
1365 1834 113 26 critiques

1006 1870 87 22 Pierre
1100 1869 114 22 Bonardi
1225 1871 25 20 et
1260 1868 88 22 Pierre
1364 1866 115 23 Domini-

1008 1910 48 20 que
1065 1903 40 29 (Dr
1115 1903 114 22 Lucchini
1236 1902 8 30 )
1253 1903 36 21 les
1298 1902 89 28 grands
1394 1900 85 29 poètes

1008 1943 79 16 corses
1103 1937 79 22 Santu
1202 1937 135 24 Casanova,
1344 1936 24 22 J.
1377 1935 30 21 P.
1417 1934 63 22 Luc-

1008 1970 89 28 ciardi,
1104 1970 163 27 Maistrale,le
1276 1970 134 27 vigoureux
1419 1967 61 22 écri-

1007 2005 57 21 vain
1072 2004 163 28 régionaliste,
1245 2005 64 21 etc...
1318 2000 24 25 le
1352 2006 129 24 provença-

1008 2038 72 22 lisant
1085 2044 32 15 en
1120 2038 80 22 même
1204 2039 80 25 temps
1291 2036 48 22 ami
1347 2036 61 21 dë.la
1421 2034 58 22 Cor-

1009 2077 26 16 se
1040 2070 80 22 Emile
1122 2070 92 26 Ripert
1220 2076 6 20 ;
1233 2071 37 21 les
1283 2070 97 21 savants
1388 2068 93 28 profes-

1009 2111 67 15 seurs
1078 2104 89 28 Merlo,
1179 2103 136 27 Tencajoli,
1334 2104 39 20 etc
1380 2103 24 21 lé
1411 2102 34 22 fin
1457 2102 25 20 et

1009 2139 110 27 spirituel
1129 2138 33 22 H.
1174 2138 114 26 Omessa,-
1298 2138 36 20 les
1347 2134 140 30 distingués-

1010 2178 142 23 agronomes
1162 2172 62 22 MM.
1237 2172 82 26 Boyer
1331 2172 25 20 et
1368 2169 113 28 Carlotti,

1010 2208 24 20 et
1039 2204 57 24 bien
1105 2206 103 22 d’autres
1223 2211 88 17 encore
1320 2205 60 21 dont
1387 2205 24 21 la
1426 2203 57 22 listé

1010 2246 53 16 sera
1071 2239 98 29 publiée
1177 2239 195 23 incessamment'.

1038 2271 33 24 Lé
1081 2273 135 23 sommaire'
1219 2273 32 22 du
1260 2273 106 28 premier
1379 2270 102 24 numéro

1011 2307 59 23 offre
1083 2314 34 16 un
1128 2304 118 26 véritable
1257 2306 74 29 régal.
1342 2305 80 23 Outré
1434 2311 47 16 une

1011 2342 163 22 introduction
1191 2342 34 21 du
1235 2342 121 21 directeur
1367 2340 31 22 de
1405 2340 24 21 la
1444 2345 38 16 re-

1010 2382 48 16 vue
1067 2382 41 16 sur
1115 2377 24 21 le
1161 2376 53 22 rôle
1232 2376 32 21 de
1281 2374 24 22 là
1327 2374 77 22 Corse
1423 2374 59 21 dans

1011 2409 125 28 l’histoire,
1155 2410 19 21 il
1190 2416 19 23 y
1228 2415 57 16 aura
1295 2414 33 16 un
1353 2407 130 23 émouvant

1011 2443 60 23 récit
1081 2444 31 22 de
1124 2444 34 21 M.
1172 2443 123 29 Marcaggi
1303 2448 40 16 sur
1360 2443 24 21 la
1406 2441 77 23 tuerie

1012 2478 30 22 de
1054 2477 122 27 Chidazzo,
1189 2483 48 17 une
1244 2477 72 22 étude
1325 2476 30 22 de
1371 2476 35 22 M.
1412 2474 70 24 Louis

1012 2511 75 23 Villat
1095 2511 9 29 (
1116 2512 102 22 extraite
1233 2510 31 24 de
1279 2517 29 16 sa
1318 2510 69 22 thèse
1405 2508 76 23 inédi-

1012 2547 24 21 te
1045 2546 8 29 )
1065 2552 41 16 sur
1117 2546 162 22 l'instruction
1305 2545 119 29 publique
1450 2549 32 16 en

1013 2579 76 23 Corse
1098 2585 58 17 sous
1164 2580 73 22 Louis
1243 2578 48 23 XV
1298 2580 25 20 et
1334 2578 72 22 Louis
1413 2576 68 26 XVI,

1012 2619 33 16 un
1060 2614 82 22 article
1165 2612 121 30 suggestif
1289 2632 3 3 .
1299 2614 26 20 et
1339 2610 144 24 documenté

1012 2648 31 21 de
1055 2647 105 22 Martinu
1169 2644 167 31 Appinzapalu
1348 2644 70 30 (abbé
1427 2644 55 22 Car-

1012 2681 63 29 lotti)
1092 2688 42 15 sur
1145 2682 36 21 les
1192 2682 114 27 rapports,
1315 2680 33 22 du
1366 2679 76 23 Corse
1459 2679 25 21 et

1012 2716 33 21 du
1064 2715 93 23 Toscan
1171 2721 6 20 ;
1190 2721 47 16 une
1263 2716 70 21 lettre
1347 2713 91 22 inédite
1453 2712 30 22 de

1013 2749 107 23 Maurice
1132 2749 85 22 Barrés
1232 2755 42 15 sur
1290 2746 136 30 Napoléon;
1435 2751 48 17 une

1013 2783 129 22 interview
1154 2782 92 22 inédite
1266 2783 31 21 de
1316 2781 134 27 Bonaparte
1470 2778 14 22 à

1013 2816 95 23 l’armée
1137 2816 102 25 d’Italie,
1265 2816 42 21 des
1339 2814 144 27 chroniques

1013 2856 87 20 corses,
1114 2850 128 22 italiennes
1251 2851 25 20 et
1282 2848 138 28 françaises,
1442 2847 42 21 des

1013 2883 95 29 poésies
1116 2889 124 20 corses,un
1247 2880 235 26 boisdeCorbellini,

1013 2918 42 21 des
1066 2923 115 22 gravures
1188 2916 201 22 documentaires.

1040 2952 32 21 Le
1083 2951 56 27 prix
1147 2950 43 22 des
1202 2950 175 22 abonnements
1386 2949 39 20 est
1442 2947 42 21 des

1012 2985 54 27 plus
1074 2984 151 23 abordables:
1239 2983 91 22 France
1339 2984 25 19 et
1376 2981 108 22 colonies

1013 3024 33 16 un
1055 3024 30 15 an
1093 3023 29 16 20
1132 3017 88 22 francs.
1231 3017 122 27 Etranger,
1366 3021 33 15 un
1408 3020 30 16 an
1456 3020 28 20 40

1013 3051 86 22 francs.
1112 3050 32 22 Le
1155 3049 102 23 numéro
1258 3063 7 13 *
1282 3057 11 22 5
1303 3050 87 21 francs.

1041 3084 82 22 Prière
1143 3083 134 23 d’adresser
1297 3084 36 21 les
1353 3082 131 22 demandes

1013 3121 25 19 et
1050 3118 110 21 mandats
1172 3117 14 22 à
1198 3117 34 21 M.
1243 3116 119 26 Graziani,
1375 3122 29 22 32
1413 3121 70 16 cours

1014 3151 280 27 GrandvalAjaccio.au
1313 3152 96 25 compte
1428 3155 56 16 cou-

1013 3187 54 21 rent
1078 3185 30 21 de
1120 3183 105 29 chèques
1237 3186 105 26 postaux
1362 3183 122 21 Marseille

1016 3218 86 28 142-67.

1042 3294 49 13 «...
1101 3286 39 21 En
1152 3285 76 22 Corse
1240 3285 95 26 chaque
1350 3284 69 27 ville,
1428 3284 56 22 cha-

1014 3326 48 20 que
1074 3318 213 27 hameau,chaque
1295 3317 58 23 coin
1365 3318 31 21 de
1408 3319 75 25 terre,

1014 3353 96 26 chaque
1121 3352 98 26 rocher,
1221 3352 95 26 chaque
1326 3350 158 28 broussaille,

1013 3388 71 26 porte
1095 3386 38 22 les
1152 3391 116 22 marques
1289 3384 74 23 d’une
1382 3384 103 23 bataille

1013 3420 121 27 héroïque
1147 3426 66 20 pour
1228 3417 234 27 l’indépendance...
1472 3426 10 14 »

1282 3451 21 19 J.
1312 3451 26 19 B.
1350 3452 58 19 Lèse
1413 3453 72 18 arrêt.

1081 3488 99 21 (Mémoire
1185 3492 34 14 sur
1225 3488 20 17 la
1248 3486 62 21 Corse,
1319 3486 63 22 1873.)

1014 3568 64 27 pette
1093 3567 26 20 et
1130 3565 43 22 des
1184 3571 15 15 «
1212 3563 98 23 lamenti
1325 3570 13 13 »
1357 3569 86 23 a'reçu
1459 3570 34 16 sa.

1014 3600 125 28 provision
1149 3599 31 21 de
1189 3597 111 25 bachich;
1311 3596 96 23 demain
1418 3598 68 23 vien-

1014 3634 42 22 dra
1067 3634 23 21 le
1100 3635 57 19 tour
1169 3633 30 21 de
1210 3632 23 21 la
1250 3630 77 28 patrie
1347 3630 137 23 d’Annibal.

1015 3667 43 22 Les
1073 3667 83 22 ruines
1173 3666 31 21 de
1222 3663 119 28 Carthage
1365 3666 121 20 salueront

1014 3706 94 16 comme
1119 3700 19 21 il
1150 3699 115 22 convient
1279 3697 36 22 les
1323 3698 83 22 ruines
1417 3698 31 22 de
1462 3699 24 20 la

1013 3733 132 22 littérature
1156 3732 144 28 française...

1237 3769 83 23 Paulu
1331 3769 125 22 ORSONI.

1576 150 66 44 £’
1644 146 237 58 orfanella

1514 241 41 20 Dio
1568 241 23 19 la
1605 241 20 19 si
1638 240 88 26 ripigìiò

1514 271 17 20 E
1548 278 28 13 ne
1593 270 49 20 fece
1655 270 172 25 un’angbjulella
1836 277 6 16 ;

1514 302 52 19 Cusi
1585 308 13 12 a
1611 307 81 19 povera
1709 300 106 20 orfanella

1515 332 24 19 In
1554 338 26 13 su
1600 331 89 25 cambju
1703 330 126 26 guadagnô.

1515 362 84 19 Perche
1608 362 78 24 quindi
1699 361 42 20 ella
1755 368 30 13 un
1798 361 65 19 havia

1515 392 47 20 Che
1575 398 108 18 speranze
1696 391 93 20 tronche
1798 391 23 20 in
1830 391 45 20 via.

1516 447 18 20 U
1544 453 25 14 so
1577 447 68 25 bapu,
1658 447 24 21 in
1691 447 74 25 primu
1777 447 59 24 lôçü,

1516 477 23 21 Si
1553 477 84 21 n’andô
1647 477 24 21 in
1679 477 94 21 Fultimu
1782 478 62 23 lettu,

1516 508 35 20 Un
1567 508 74 21 simile
1656 508 66 25 colpu
1739 508 24 20 in
1771 511 61 23 pettu

1516 539 72 20 Rudia
1597 546 13 13 a
1619 546 97 13 mamma
1725 545 58 19 pocu
1798 546 13 13 a
1821 545 59 19 pocu

1516 569 25 20 In
1551 572 61 18 sorte
1627 570 41 20 che
1681 573 76 21 prestu
1773 570 107 20 anch’eïla

1516 600 118 24 Cumpletò
1642 600 21 20 la
1675 601 34 19 so’
1717 600 118 20 orfanella.

1517 654 93 26 Chjuga,
1625 655 54 24 sôla,
1689 655 148 24 abandunafa,

1517 685 71 21 Senza
1598 686 83 20 oramai
1693 686 39 25 più
1743 692 108 19 speranze
1860 687 6 20 !

1517 716 79 21 Curria
1609 717 35 25 pe’
1656 720 57 18 tutte
1729 717 22 21 le
1763 720 84 22 stanze,

1517 747 93 25 Sempre
1620 748 63 20 trista
1698 755 13 13 e
1728 748 135 23 scunsulata,

1517 778 102 21 Dicendu
1633 785 40 18 per
1684 778 52 26 ogni
1745 779 47 20 latu
1800 786 6 13 :

1518 809 116 24 «Cum’è,ò
1643 809 80 24 Ma,chi
1732 810 66 20 m’hai
1815 810 124 20 Iasciatu?»

1518 866 96 21 Passava
1631 873 13 14 e
1661 869 86 18 nuttate
1760 873 54 14 sane

1518 896 25 21 In
1551 897 124 25 dinocchje,
1686 898 36 20 c'u
1733 897 101 26 Signore,

1518 928 17 20 E
1552 934 97 19 pregava
1660 934 44 14 cun
1718 927 88 22 fervore

1519 959 129 25 Lampendu
1657 958 75 26 pienti’
1740 966 14 13 a
1766 959 101 20 funtane.

1517 990 20 19 A
1549 996 25 14 so
1584 990 125 25 prighera,a
1721 996 26 14 so
1757 989 94 25 chjama,

1518 1020 89 25 Ghj’era
1615 1021 70 20 d’esse
1695 1027 29 14 eu
1738 1027 13 14 a
1760 1028 25 13 so
1793 1027 106 14 mamma.

1519 1085 63 21 Dicia
1588 1093 6 13 :
1610 1094 12 11 «
1632 1086 21 20 la
1667 1085 46 21 miò
1728 1086 141 23 mammucia,

1519 1116 91 21 Ch’avia
1624 1116 63 21 dolce
1703 1124 29 13 an
1734 1124 28 14 eu
1775 1117 24 21 lu
1808 1117 50 24 fele.

1520 1148 33 21 Un
1573 1149 50 19 sarà
1643 1148 46 21 cusì
1713 1148 89 21 crudele

1521 1180 55 21 D’un
1590 1179 87 26 chjamà
1691 1186 13 13 a
1719 1185 25 15 so
1760 1178 125 24 Mariuccia,

1520 1211 41 21 Chi
1579 1217 67 14 senza
1660 1210 91 21 l’ansciu
1766 1214 101 17 maternu

1519 1241 165 27 Angusciarebe
1696 1241 23 20 in
1732 1245 77 17 eternu
1816 1242 6 21 !
1830 1248 11 12 >»

1520 1299 17 18 A
1547 1298 138 21 Pruvidenza
1698 1298 81 20 Divina

1522 1329 41 20 Mai
1581 1329 104 25 risponde
1698 1335 13 13 a
1726 1328 81 23 lavuta,

1522 1360 55 21 Face
1592 1359 21 21 la
1631 1359 64 21 sorda
1709 1366 14 13 e
1735 1358 21 21 la
1769 1362 76 20 muta;

1521 1391 35 21 Ma
1574 1391 21 20 la
1609 1397 51 14 cosa
1670 1390 37 26 più
1715 1390 115 24 mischina,

1523 1421 51 22 Ben’
1585 1422 175 20 ch’abandunata
1774 1421 22 21 in
1811 1425 66 17 terra.

1522 1453 73 21 Trôva
1611 1451 113 27 appoghju
1743 1452 23 20 in
1779 1452 65 21 l’AIta
1854 1451 70 22 Sfera.

1523 1512 35 20 Un
1571 1510 98 27 ghjornu
1681 1510 55 21 d’un
1748 1516 61 14 mese
1824 1509 23 21 fà

1524 1542 69 21 Intesi
1601 1548 32 14 un
1643 1548 72 14 cennu
1730 1541 23 20 di
1768 1539 108 27 campânâ

1524 1572 45 25 Chi.
1578 1572 95 22 c’infilza
1681 1579 14 14 e
1709 1572 20 20 ci
1737 1575 94 22 trapana

1525 1605 19 20 U
1561 1610 60 18 epre,
1631 1610 66 14 senza
1714 1603 65 25 pietà.

1525 1635 91 21 Accorsi
1629 1635 23 20 in
1670 1634 77 25 quellu
1761 1636 122 21 niumentix.

1526 1666 17 20 E
1551 1666 48 21 bidi
1606 1672 33 16 un
1654 1665 170 21 intarramentu.

1527 1723 60 25 Poga
1594 1722 62 26 jente
1664 1727 107 21 appressu
1782 1720 87 21 andava

1528 1754 33 20 Un
1574 1753 139 21 n’essenduci
1727 1752 99 21 richezza
1835 1759 7 17 ;

1527 1785 35 21 Ma
1570 1785 88 20 tutfera
1667 1784 22 20 in
1699 1783 115 25 alligrezza

1528 1816 17 21 E
1559 1815 122 21 l'acellame
1691 1819 93 17 cantava

1529 1847 156 20 Divinamente
1701 1846 88 26 giujosu

1529 1878 42 20 Per
1579 1877 146 26 quest’anima
1736 1877 23 21 in
1769 1878 75 25 riposu
1852 1878 6 20 !
1873 1877 6 20 !
1885 1876 6 20 !

1769 1919 29 22 P.
1808 1917 140 28 Borghetti.

1537 2087 29 49 N
1571 2089 112 47 utizie
1719 2088 39 47 di
1793 2088 155 48 Corsîca

1865 2210 86 23 Bastia

1530 2262 26 5 —
1565 2250 37 22 S’è
1611 2251 55 21 fattu
1676 2258 14 13 u
1707 2251 143 21 matrimoniu
1866 2251 21 20 di
1902 2258 14 13 u
1930 2251 49 25 sgiô

1506 2283 113 20 Andreani
1629 2283 73 20 Anton
1712 2282 68 21 Maria
1790 2289 27 13 eu
1827 2282 151 21 Madamicella

1507 2313 73 21 Balesi
1594 2313 69 21 Maria
1675 2313 154 24 Rusina,dettâ
1839 2313 114 21 Bérénice.

1531 2378 25 4 —
1564 2367 43 21 S’è.
1613 2367 56 22 fattu
1680 2370 16 18 ù
1705 2367 144 21 matrimoniu
1864 2367 22 20 di
1906 2374 15 14 u
1929 2366 49 26 sgiô

1507 2398 91 22 Corazzi
1608 2398 85 24 Natale,
1703 2399 64 20 elevu
1776 2397 98 22 ufficiaie
1882 2398 23 20 di
1911 2405 13 13 a
1933 2405 46 14 ma-

1507 2430 48 20 rina
1562 2433 154 21 marcante,eu
1722 2429 153 21 Madamicella
1884 2430 94 20 Annun-

1507 2461 55 21 ziata
1575 2461 79 21 Lionia
1665 2461 101 21 Ollivier.

1531 2522 26 4 —
1565 2512 32 21 Sò
1603 2512 67 21 morti
1676 2518 6 13 :
1687 2512 132 20 Finochietti
1824 2511 153 26 Ghiasippina,

1506 2544 26 20 83
1540 2544 66 24 anni;
1616 2543 99 21 Giuliani
1724 2543 88 24 Chiara,
1822 2543 27 25 84
1856 2543 53 20 anni
1916 2549 11 19 ;c
1934 2542 45 20 Du-

1506 2575 51 20 vani
1565 2574 140 25 Maddaléna,
1710 2574 26 21 18
1744 2574 56 21 mési
1806 2581 7 17 ;
1825 2573 81 25 Filippi
1917 2573 60 24 Saül,

1507 2605 25 22 3o
1546 2606 55 20 anni
1607 2613 7 17 ;
1634 2605 85 21 Fieschi
1735 2604 113 24 Graziosa,
1870 2609 26 20 72
1908 2605 53 20 anni
1970 2611 7 18 ;

1507 2636 110 21 Bastelica
1629 2636 129 25 Ghiaseppu
1774 2636 91 20 Antone
1873 2636 25 20 16
1906 2635 55 21 mesi
1970 2642 8 18 ;

1507 2667 66 21 Felici
1583 2666 77 24 Maria,
1669 2672 24 20 41
1703 2674 69 14 annu.

1815 2717 137 23 Caienzana

1532 2767 26 4 —
1566 2757 40 21 S’è
1613 2757 57 21 fattu
1679 2764 15 13 u
1702 2757 145 21 matrimoniu
1860 2757 23 20 di
1900 2763 16 14 u
1930 2756 49 26 sgiô

1509 2788 111 21 Manicani
1642 2788 132 23 Dumenicu,
1798 2787 131 21 cultivatore
1951 2794 28 14 eu

1509 2819 152 21 Madamicella
1670 2818 100 21 Massimi
1779 2818 112 21 Ristituta.

1531 2861 28 5 —
1563 2845 20 25 È
1591 2853 72 18 morta
1672 2850 102 20 Madama
1786 2849 129 26 Acquaviva
1932 2849 48 21 Ris-

1508 2881 73 24 tituta,
1591 2881 48 21 Vva
1647 2881 136 25 Acquaviva,
1793 2886 24 20 71
1828 2881 61 24 anni,
1900 2880 22 20 di
1940 2879 41 21 Ca-

1508 2912 100 21 lenzana.

1909 2948 72 22 Corte

1532 2993 27 4 —
1566 2981 37 21 S’è
1609 2981 56 21 fattu
1680 2988 14 14 u
1708 2982 143 20 matrimoniu
1870 2982 23 20 di
1908 2982 73 20 Mada-

1509 3012 87 20 micella
1605 3012 77 20 Tiresa
1691 3012 105 20 Gambini
1805 3019 28 14 eu
1849 3019 16 13 u
1874 3013 48 25 sgiô
1936 3013 45 20 Du-

1508 3043 89 21 menicu
1608 3043 133 25 Bergassoli,
1751 3043 113 21 ricivitore
1877 3044 24 20 di
1914 3044 67 20 Farri-

1508 3075 154 25 gistramentu.

1905 3128 76 22 Evisa

1532 3175 27 4 —
1567 3165 19 20 E
1601 3168 81 21 morta,
1700 3165 24 19 in
1732 3164 139 26 Marignana,
1879 3165 101 21 Madama

1509 3195 95 24 Versini,
1616 3195 113 21 direttrice
1742 3195 23 21 di
1774 3196 61 20 scôla
1846 3196 25 20 in
1880 3196 99 21 rittirata.

1878 3243 76 23 Levie

1532 3288 27 5 —
1567 3272 19 24 È
1595 3280 80 20 morta,
1680 3277 24 20 in
1721 3277 125 25 Marseglia.
1864 3284 14 14 a
1890 3283 27 19 42
1928 3278 53 20 anni

1509 3307 102 21 Madama
1620 3308 47 20 Vva
1676 3307 105 21 Giumelli
1788 3308 78 21 Maria.

1534 3356 25 4 —
1566 3346 26 20 Si
1599 3346 62 26 parla
1669 3346 23 21 di
1698 3353 16 13 u
1719 3346 112 26 prossimu
1838 3347 143 21 matrimoniu

1510 3376 22 21 di
1538 3377 155 21 madamicella
1702 3378 89 21 Ninetta
1796 3378 28 20 de
1833 3378 83 21 Peretti
1925 3385 28 15 eu
1966 3386 16 13 u

1509 3408 48 26 sgiô
1570 3408 73 21 Paulu
1657 3408 29 21 de
1699 3409 91 24 Peretti,
1802 3409 149 26 pruprietariu
1959 3410 23 20 di

1509 3442 16 18 ü
1534 3446 10 11 «
1554 3439 56 21 Café
1619 3439 39 22 des
1667 3440 57 21 amis
1734 3447 19 14 ».

1822 3483 160 23 Moca-Croce

1534 3526 25 4 —
1570 3516 18 20 E
1597 3520 72 18 morta
1673 3517 153 21 madamicella
1835 3517 96 21 Franchi
1938 3518 45 20 Ma-

1510 3547 32 21 ria
1559 3548 102 23 Vittoria,
1671 3548 26 21 58
1714 3549 62 20 anni.

1882 3599 99 22 Murato

1533 3643 27 6 —
1577 3632 36 20 S’è
1631 3632 112 24 brusgiata
1764 3632 104 20 Madama
1890 3633 92 21 Luciani

1510 3663 76 24 Maria,
1593 3663 26 19 86
1625 3662 60 23 anni,
1695 3669 13 13 e
1717 3663 13 19 è
1744 3666 77 17 morta.

1691 3730 11 11 ^
1903 3710 80 22 Piana

1533 3753 27 4 —
1568 3738 19 24 È
1596 3746 75 17 mortu
1679 3749 15 13 u
1700 3742 50 25 sgiô
1760 3742 97 26 Spinosi,
1867 3749 13 13 a
1892 3742 88 25 Vistale,

1509 3775 25 20 47
1549 3772 62 20 anni.

2013 156 27 4 —
2049 141 18 25 È
2075 149 78 18 morta,
2163 145 24 20 in
2202 139 200 29 Pariggi,madama
2412 137 50 21 Vva

1988 173 121 22 Castellani
2117 172 91 21 Orsula.

2208 219 100 27 Poghiu
2319 218 27 22 di
2357 217 106 22 Venacu

2013 269 28 4 —
2048 252 18 25 È
2082 259 71 18 morta
2171 254 101 21 Madama
2287 251 101 23 Carlotti,
2398 250 66 21 stitu-

1989 288 55 20 trice
2056 288 24 20 in
2093 287 101 22 rittirata,
2202 285 25 20 68
2239 283 61 21 anni.

2187 329 50 21 San
2248 328 78 21 Petru
2337 325 28 22 di
2375 324 89 22 Tenda

2014 372 26 4 —
2049 358 17 24 È
2075 364 57 18 statu
2137 360 105 20 arristatu
2259 364 15 14 u
2287 357 49 25 sgiô
2341 355 56 21 Mori
2408 355 55 20 Bas-

1989 392 102 21 tianuchi
2097 391 50 21 avia
2153 389 77 21 tombu
2239 395 16 14 u
2263 387 49 26 sgiô
2318 385 56 22 Settî
2385 385 79 21 Carlu.

2363 415 72 23 Sartè

2014 467 27 5 —
2046 454 31 22 Sô
2085 455 66 21 morti
2158 462 7 13 :
2175 452 113 23 Andreani
2298 450 125 23 Bernardu,
2437 449 29 25 .36

1989 487 66 24 anni;
2063 486 106 21 Tramoni
2178 484 103 24 Filicinu,
2291 488 23 16 Il
2324 481 61 22 anni.

2058 528 375 28 Talasani-Pero-Casevecchie

2016 568 24 21 Si
2049 568 87 26 pripara
2145 565 160 23 rabbracciudi
2311 562 155 24 Madamicella

1990 599 115 21 Madelena
2120 598 122 26 Borghetti,
2258 596 82 22 surëlla
2354 595 23 21 di
2386 594 79 26 quellu

1990 630 37 20 chi
2036 629 198 25 scrivicciuleghia,
2247 627 52 25 pipa
2308 634 13 13 e
2329 629 73 19 canta,
2412 630 55 15 cu.u

1990 660 145 21 sott’ufficiale
2141 658 91 22 Frache.

2281 695 158 24 Urbalaeone

2015 748 28 5 -—
2051 732 17 25 È
2087 739 71 18 morta
2176 734 152 22 Madamicella
2337 731 132 27 Acquatella

1990 767 138 24 Maddaléna,
2135 771 25 21 42
2169 766 63 21 anni.

2235 815 72 23 Valle
2315 812 154 27 d’Alisgiani

2015 862 28 4 —
2055 847 18 25 È
2078 850 182 24 morta.Madama
2264 847 104 23 Lucrezia
2374 847 95 21 Manno-

1991 882 31 24 ni,
2032 882 26 25 84
2065 882 61 24 anni,

2304 934 135 23 Villanova

2017 988 26 4 —
2050 978 80 20 Cresce
2138 984 14 14 a
2160 976 99 26 famiglia
2267 975 93 21 cursista
2367 975 6 20 !
2389 974 19 20 U
2417 980 54 14 nos-

1991 1008 102 21 tr’amicu
2101 1008 80 26 Fillipu
2188 1006 115 22 Perfettini
2311 1005 24 21 di
2340 1005 130 25 Campudu-

1993 1039 60 25 nicu,
2071 1042 97 23 eugnatu
2185 1038 24 20 di
2226 1045 15 13 u
2262 1036 175 26 Sampetracciu,
2456 1036 14 19 è

1993 1071 81 23 babbu,
2084 1070 22 21 di
2122 1070 38 26 pôi
2177 1068 90 27 qualchi
2284 1067 97 27 ghiorni,
2400 1067 70 20 d’una

1992 1101 59 22 bella
2060 1101 133 26 figliuîuccia
2205 1108 7 13 :
2226 1100 81 25 Seppa.

2363 1151 107 22 Venacu

2018 1199 27 5 —
2054 1184 17 26 È
2080 1192 72 18 mortu
2161 1195 16 14 u
2194 1188 48 26 sgiô
2259 1184 99 24 Mazzbni
2368 1185 100 26 Agnulu,

1994 1226 26 25 73
2030 1226 60 20 anni.

2044 1359 171 49 Cronaca
2245 1356 180 50 Âiaccina

2194 1480 106 27 Simples
2311 1479 131 27 questions

2028 1516 152 21 Poürraif-on
2186 1514 83 23 savoir
2272 1513 118 29 pourquoi
2399 1512 75 23 l’hor-

1998 1550 55 28 loge
2065 1550 33 21 du
2103 1549 84 22 'Palais
2199 1548 30 22 de
2233 1548 126 28 justice-se
2368 1547 85 22 refuse
2459 1546 15 22 à

2000 1579 129 26 sonneries
2142 1580 98 24 heures.’

2029 1616 115 23 Serait-ce
2156 1616 87 28 qu’elle
2255 1616 63 21 aussi
2331 1618 15 18 à
2356 1621 40 15 ses
2403 1620 70 16 roua-

1999 1657 44 21 ges
2054 1649 132 27 encrassés,
2199 1655 47 22 que
2260 1649 32 22 dé
2302 1649 60 22 faire
2372 1650 103 21 tourner

2001 1690 31 16 en
2043 1684 62 22 rond
2112 1689 39 17 ses
2157 1683 58 22 bras
2226 1683 107 31 pendant
2348 1689 30 22 .24
2384 1682 92 22 heures

2001 1719 24 21 la
2046 1717 102 29 dégoûte
2183 1723 33 17 ou
2237 1718 55 27 plus
2318 1717 159 28 simplement

2001 1751 73 29 qu’on
2086 1751 81 22 oublie
2179 1751 62 22 delà
2252 1751 143 22 remonter?

2028 1800 4 7 ;
2042 1785 165 28 Nous-prions
2220 1784 77 23 Dame
2319 1783 113 26 Thémis.
2444 1784 31 21 de

2001 1820 59 22 bien
2068 1818 231 28 vouloir.s’occuper
2309 1819 31 21 de
2365 1824 46 16 son
2435 1818 42 21 ba-

2001 1854 91 21 lancier
2099 1853 104 28 puisque
2211 1853 23 21 la
2256 1852 98 22 balance
2377 1852 24 21 la
2418 1852 59 21 fati-

2002 1893 56 23 gue.
2069 1888 20 6 ”'

2232 1936 12 13 *

2216 1948 13 13 *
2247 1947 13 14 *

2032 1982 99 22 Va-t-on
2144 1983 136 28 longtemps
2300 1987 87 17 encore
2417 1981 60 23 tolé-

2004 2022 39 16 rer
2055 2017 21 21 le
2089 2017 88 27 pillage
2187 2018 24 20 et
2223 2017 34 21 les
2269 2016 148 22 mutilations
2433 2016 45 21 des

2004 2050 114 22 mimosas
2136 2050 32 22 du
2193 2050 116 28 quartiers
2332 2050 43 22 des
2399 2049 79 23 étran-

2004 2089 55 23 gers
2071 2083 12 22 Ì

2231 2130 16 14 *
2270 2132 2 2 ■

2215 2148 17 16 *
2244 2149 18 15 *

2034 2179 43 22 Les
2089 2185 26 23 99
2125 2179 132 23 centièmes
2277 2180 30 22 de
2315 2185 46 17 nos
2373 2180 107 22 immeu-

2004 2212 53 22 bles
2070 2214 56 21 sont
2144 2213 157 29 malpropres,
2313 2214 168 23 malodorants

2005 2248 25 20 et
2040 2248 49 20 mal
2099 2248 146 21 entretenus.

2034 2280 32 22 La
2082 2280 165 28 municipalité
2268 2282 91 22 a-t7elle
2374 2281 79 29 songé
2468 2281 14 23 à

2006 2314 107 28 imposer
2119 2320 33 16 un
2164 2315 129 28 concierge
2300 2314 62 30 payé
2372 2322 46 21 par
2424 2317 57 21 tous

2004 2348 37 21 les
2052 2347 171 29 propriétaires
2235 2348 71 23 d’une
2320 2350 96 22 maison
2428 2351 13 21 ?

2034 2381 67 22 Nous
2113 2382 159 22 reviendrons
2283 2388 88 18 encore
2382 2384 24 21 la
2425 2383 57 22 des-

2006 2421 49 16 sus.

2356 2462 95 23 Succès

2033 2493 66 23 Nous
2108 2500 137 22 apprenons
2257 2501 59 17 avec
2324 2497 85 27 plaisir
2429 2502 49 22 que

2005 2531 69 18 notre
2080 2528 46 22 ami
2134 2528 75 22 Villat
2220 2536 13 15 a
2240 2529 68 28 passé
2317 2530 163 22 brillamment

2004 2567 27 16 sa
2046 2561 67 22 thèse
2136 2562 30 21 de
2186 2562 109 23 doctorat
2314 2564 121 22 es-lettres
2448 2570 30 16 en

2005 2594 125 23 Sôrbonne
2141 2598 25 20 et
2177 2596 58 28 qu'il
2255 2603 14 15 a
2291 2596 38 23 été
2346 2604 58 22 reçu
2418 2604 62 15 avec

2003 2630 110 21 mention
2124 2629 49 22 très
2180 2630 140 23 honorable.

2033 2662 50 22 Nos
2095 2662 163 24 félicitations.

2309 2704 141 24 Falchettu.
2462 2708 6 4 '

2029 2809 76 26 Aux
2113 2810 147 28 Veillées
2268 2813 191 26 Littéraires

2035 2894 31 22 La
2078 2894 141 24 conférence
2236 2896 30 23 de
2288 2899 118 22 mercredi
2427 2899 54 23 der-

2006 2928 54 22 nier
2071 2934 14 16 a
2096 2926 38 24 été
2145 2929 58 22 faite
2214 2936 43 22 par
2266 2931 24 21 le
2302 2931 122 29 distingué
2437 2932 44 22 Di-
2492 2952 3 3 .

2006 2963 94 21 recteur
2111 2962 30 22 de
2153 2962 91 24 VEveil
2251 2964 30 22 de
2298 2964 27 22 la
2343 2966 87 27 Corse,
2444 2966 36 22 M.

2008 2995 76 23 Henri
2106 2995 105 24 Omessa
2232 3004 42 16 sur
2305 2999 32 21 Le
2362 2999 116 24 Cinéma.

2037 3029 31 22 Le
2090 3031 52 21 seul
2160 3037 60 16 nom
2243 3032 33 22 du
2302 3032 177 24 Conférencier

2008 3061 67 21 avait
2088 3061 71 22 attiré
2173 3068 30 16 en
2214 3063 24 21 la
2249 3064 58 21 salle
2319 3064 43 22 des
2373 3064 63 23 fêtes
2448 3066 31 21 de

2006 3096 71 20 notre
2087 3094 68 23 hôtel
2180 3096 30 22 de
2226 3097 58 22 ville
2306 3103 35 16 un
2361 3098 122 23 auditoire

2006 3129 64 21 aussi
2086 3128 74 22 dense
2171 3135 47 22 que
2227 3130 85 27 choisi,
2329 3132 41 27 qui
2393 3138 33 16 ne
2447 3133 51 24 lui..

2007 3161 116 29 ménagea
2137 3168 44 22 pas
2197 3169 28 16 sa
2239 3165 135 27 sympathie
2394 3168 25 20 et
2442 3172 41 16 ses

2008 3196 232 27 applaudissements
2253 3197 151 25 chaleureux.

2037 3229 34 22 M.
2086 3229 104 23 Omessa
2197 3231 72 23 traita
2279 3233 101 22 —est-il
2392 3234 88 21 besoin

2008 3263 31 21 de
2050 3263 24 21 le
2094 3264 124 28 souligner
2228 3266 13 20 ?
2248 3277 30 5 —
2288 3272 46 16 son
2343 3267 64 27 sujet
2421 3273 62 15 avec

2008 3302 45 16 son
2059 3297 21 21 si
2088 3297 39 22 bel
2135 3297 105 23 humour
2251 3301 25 19 et
2293 3305 25 15 sa
2326 3306 78 15 verve
2424 3306 58 16 cou-

2006 3330 103 22 tumière
2136 3333 25 20 et
2181 3337 29 15 su
2229 3331 102 24 s’attirer
2353 3334 36 20 les
2406 3334 78 21 batte-

2007 3366 79 20 ments
2094 3364 30 22 de
2132 3365 80 22 mains
2218 3364 147 31 frénétiques
2379 3367 31 22 de
2428 3369 56 20 tout

2007 3398 25 21 le
2043 3399 129 27 personnel
2190 3398 103 25 féminin
2309 3400 110 30 lorsqu’il
2435 3402 47 19 mit

2008 3438 32 16 en
2051 3433 73 27 garde
2134 3439 46 16 nos
2206 3434 86 28 jeunes
2314 3434 61 23 filles
2396 3437 86 20 contre

2007 3466 25 21 la
2040 3467 41 26 glu
2091 3466 190 30 photogénique.

2037 3499 31 23 La
2080 3500 151 23 Conférence
2245 3502 37 22 fut
2293 3502 79 22 suivie
2390 3503 31 22 de
2442 3502 42 22 Si-

2003 3534 127 28 gismond,
2140 3535 70 27 pièce
2224 3536 31 22 de
2270 3536 147 26 Courteline,
2431 3542 53 16 ma-

2007 3568 167 28 gistralement
2184 3569 146 29 interprétée
2342 3576 43 21 par
2395 3570 24 21 la
2426 3571 56 19 tou-

2008 3603 25 20 te
2055 3603 124 27 gracieuse
2202 3603 185 23 Mademoiselle
2397 3602 87 28 Meppi

2008 3635 144 27 Madeleine,
2179 3636 196 28 l’incomparable
2400 3636 85 27 pince-

2008 3670 114 21 sans-rire
2140 3670 91 28 Aymo,
2250 3671 25 19 et
2292 3671 70 20 notre
2385 3670 49 21 ami
2447 3669 36 21 M.

2010 3702 119 26 Graziani,
2142 3703 110 26 toujours
2261 3708 42 16 sur
2319 3703 25 20 la
2363 3702 118 22 brèche...

2038 3734 31 22 Le
2080 3737 51 20 tout
2142 3742 27 14 se
2181 3735 104 22 termina
2301 3741 45 21 par
2358 3741 50 15 une
2432 3741 53 15 sau-

2007 3768 63 20 terie
2081 3768 134 21 endiablée.
