2574 3978
153 197 91 59 UN
291 193 219 59 PUETA
557 183 443 65 ITALO=CORSO

118 333 163 29 Allorquando
305 332 40 21 nel
356 329 128 23 settembre
498 326 61 29 1908,

89 370 36 21 fui
142 374 42 22 per
207 368 24 21 la
248 367 77 27 prima
339 365 64 21 voila
416 363 25 21 in
452 360 108 24 Corsica,

89 402 82 22 rimasi
196 407 33 14 un
245 405 63 22 poco
319 395 164 28 meravigliato
502 394 60 20 dalla

92 439 96 23 purezza
208 433 99 21 italiana
329 430 38 21 del
388 428 99 21 dialetto
511 431 52 22 par-

92 469 50 20 lato
161 467 37 20 dal
217 465 97 28 popolo.
339 463 20 21 Il
387 459 174 28 Gfegorovius,

94 498 97 23 affermé
219 497 93 22 ch’esso
336 495 109 21 contiene
457 498 50 15 non
520 496 44 22 po-

93 533 46 21 che
155 530 118 23 locuzioni
292 529 124 26 adoperate
439 525 42 21 nel
494 524 70 21 Tras-

93 568 83 19 tevere
196 564 24 21 di
243 563 77 21 Roma
330 567 6 15 :
345 559 107 24 l’Ascoli,
476 558 20 20 il
516 555 48 22 Sal-

93 598 76 25 vionij
195 597 18 21 il
233 593 142 25 Guarnerio,
396 593 18 20 il
434 590 89 24 Merlo,
547 589 18 20 il

95 630 95 23 Galletti
213 629 31 21 ed
253 628 53 22 altri
322 626 58 21 dotti
391 622 137 31 glottologi,
540 622 25 21 lo

93 665 81 22 hanno
186 663 99 21 definito
297 661 95 21 dialetto
398 655 167 24 italianissimo

95 698 37 21 fra
142 697 32 27 gli
182 695 92 22 italiani
283 692 127 23 vernacoli.
423 690 61 21 Esso
492 689 21 20 si
524 693 42 15 av-

97 730 80 21 vicina
198 729 26 20 in
240 727 53 21 fatti
314 725 59 21 assai
392 722 42 28 più
458 721 48 21 alla
516 725 50 16 ma-

97 763 44 20 dré
161 762 91 26 lingua,
272 759 24 22 di
320 757 77 28 quello
417 755 45 21 che
482 759 50 16 non
544 752 21 21 si

97 795 138 21 avvicinino
254 793 19 21 il
296 791 146 28 pièmontese
462 787 33 20 ed
506 786 18 21 il
535 785 31 21 si-

97 828 86 21 ciliano
192 833 6 15 :
216 827 27 20 vi
261 825 78 22 trovai
348 823 71 22 molta
428 819 137 28 somiglian-

96 868 27 15 za
143 861 37 20 col
197 861 70 20 tosco
286 857 91 25 umbro,
387 861 14 15 e
412 855 86 27 questo
511 851 55 22 mal-

97 894 73 28 grado
190 894 24 20 la
232 893 75 26 lunga
326 890 31 21 ed
366 887 147 23 assimilante
525 885 42 22 do-

100 927 131 22 minazione
253 925 105 21 francese
378 921 43 22 che
443 920 27 21 vi
492 919 75 21 intro-

99 961 71 20 dusse
190 959 71 22 molti
291 955 130 29 gallicismi.

128 987 34 22 Mi
178 993 40 15 era
235 983 105 30 peraltrô
359 984 55 20 nota
431 980 136 23 l’esistenza

100 1021 69 21 d’una
191 1019 80 21 antica
291 1017 131 23 letteratura
446 1012 121 23 dialettale

100 1059 75 19 corsa,
196 1052 116 22 cultivata
332 1055 82 16 ancora
435 1053 48 16 con
515 1051 52 22 pas-

99 1087 70 21 sione
184 1086 29 21 da
231 1084 78 28 pochi
340 1081 88 23 solitari
438 1080 46 22 che
511 1084 57 16 ave-

98 1125 64 16 vano
198 1119 24 20 la
251 1116 117 27 nostalgia
395 1114 38 21 del
461 1113 106 27 passato.

100 1152 131 27 Campione
244 1151 108 21 fervente
365 1148 23 21 di
397 1153 59 19 essa,
470 1151 43 16 era
521 1146 48 20 5ta-

99 1188 35 23 to,
157 1185 60 21 sulla
239 1183 50 22 fine
309 1182 60 21 délia
399 1180 79 28 prima
505 1177 64 23 metà

99 1219 41 22 del
155 1218 80 21 secolo
248 1221 88 20 scorso,
355 1214 122 22 Salvatore
489 1211 78 25 Viale,

100 1253 26 20 di
135 1251 85 25 Bastia,
234 1256 41 16 ma
287 1250 112 27 ignoravo
407 1246 88 27 ch’egli
503 1250 66 16 aves-

101 1292 27 15 se
146 1286 70 20 avuto
241 1289 32 16 un
299 1286 132 17 successore
452 1279 81 27 degno
544 1277 25 22 di

101 1318 157 23 continuarne
282 1317 23 20 la
326 1315 62 22 bella
411 1319 15 16 e
442 1313 61 22 forte
525 1313 45 20 tra-

102 1352 99 21 dizione.
224 1350 95 26 Questo
351 1352 145 19 successore,
521 1345 50 21 ani-

102 1391 40 16 ma
168 1383 158 25 nobilissima,
347 1380 119 29 gagliarda
490 1385 14 14 e
514 1378 56 21 fiera

104 1419 25 21 di
159 1418 101 24 isolano,
288 1415 25 22 fu
340 1414 78 21 Pietro
453 1412 118 21 Lucciana

104 1449 147 31 (1832-1909).
274 1448 21 22 Il
316 1453 43 16 suo
369 1452 72 17 nome
464 1445 15 21 è
499 1450 72 16 vene-

104 1487 52 20 rato
172 1485 25 21 in
210 1485 64 20 tutta
295 1481 82 25 l’isola,
405 1479 70 28 quale
496 1477 73 28 padre

104 1519 61 21 délia
180 1517 86 28 poesia
280 1521 66 16 corsa
355 1515 199 25 contemporanea
564 1517 6 19 ;

105 1558 40 16 ma
164 1551 29 21 da
217 1550 52 26 noi,
283 1554 43 23 per
348 1548 85 27 quanto
454 1546 19 21 il
492 1545 81 21 Comi-

103 1587 50 20 tato
168 1584 127 21 Esecütivo
326 1579 184 28 dèll’Espôzione
534 1577 38 22 In-

103 1618 159 22 ternazionale
294 1616 23 21 di
334 1614 86 22 Milano
450 1613 41 21 del
510 1610 61 30 1906,

104 1653 34 27 gli
155 1651 66 22 abbia
242 1649 116 22 conferito
379 1653 46 16 una
453 1645 119 28 medaglia

106 1686 63 21 d’oro
190 1690 45 22 per
249 1684 9 21 i
280 1683 24 21 di
324 1682 33 21 lui
387 1680 80 23 meriti
497 1679 76 21 didat-

105 1719 50 25 tici,
174 1717 37 22 chi
232 1717 26 22 lo
280 1715 120 22 conosce?

134 1752 48 21 Ben
197 1750 74 28 pochi
283 1749 64 22 forse
365 1755 7 19 ;
384 1752 90 23 eppure
491 1745 47 28 egli
548 1744 26 23 fu

107 1786 26 21 in
153 1779 111 28 rèlazîoni
286 1781 117 29 epistolari
424 1786 46 16 con
482 1778 90 28 insigni

109 1818 104 28 patriotti
228 1823 15 16 e
255 1815 100 23 letterati
368 1815 95 21 italiani.
488 1812 39 22 Ma
548 1812 24 21 in

587 325 75 22 Italia.
683 324 39 22 chi
747 323 47 21 mai
818 321 57 27 oggi
897 320 21 20 si
939 319 120 20 intéressa

587 359 62 20 délia
675 357 104 23 Corsica,
799 355 111 27 pertanto
931 350 50 23 cosi
993 356 13 15 a
1016 349 41 21 noi

587 391 81 22 vicina
689 396 14 14 e
715 388 51 22 cosi
777 387 70 22 affine
867 391 45 22 per
922 383 79 25 storia,
1014 382 45 21 lin-

587 430 54 21 gua,
667 423 38 21 usi
715 428 14 15 e
740 419 124 24 tradizioni
875 419 14 20 ?
901 418 92 26 Eppure
1011 416 49 25 lag-

588 456 49 28 giù,
656 456 73 21 esiste
750 451 179 24 indistruttibile
945 449 116 27 quantun-

589 495 47 22 que
656 486 193 28 inconsapevole,
862 489 40 16 ma
922 487 48 16 non
991 480 69 22 stéri-

588 523 31 25 le,
641 527 33 15 un
693 519 91 29 grande
807 517 117 22 elemento
948 515 22 20 di
986 513 74 22 italia-

589 554 51 22 nità
656 554 86 21 etnica.

619 587 81 22 Pietro
723 585 113 22 Lucciana
856 583 26 21 fu
913 587 33 16 un
967 585 60 17 vero
1047 584 13 16 e

590 620 91 28 grande
703 620 72 26 poeta
794 616 120 22 dialettale
926 620 50 16 non
999 613 61 25 solo,

590 660 40 15 ma
652 653 26 21 fu
695 651 76 22 anche
797 649 102 28 squisito
925 646 137 28 verseggia-

589 688 54 20 tore
666 685 106 21 italiano.
805 682 112 22 Ufficiale
939 679 123 22 dell’istru-

590 719 70 20 zione
679 716 118 28 pubblica,
820 713 138 28 professore
983 712 23 21 di
1019 712 44 21 ita-

590 752 66 21 liano
679 756 14 15 e
715 749 25 21 di
763 748 97 21 tedesco
880 747 41 20 nel
945 745 68 22 Liceo
1038 744 24 21 di

591 784 88 26 Bastia,
702 788 48 16 ove
761 779 101 29 insegnô
874 785 44 22 per
952 777 111 22 trent’an-

592 818 24 21 ni
640 823 14 15 e
678 822 48 16 ove
748 814 73 22 lasciò
855 813 25 22 di
902 811 25 22 sé
947 811 117 22 memoria

592 850 147 28 imperitura,
764 848 46 27 egli
841 844 120 24 cominciô
986 845 24 21 la
1021 850 43 15 sua

592 884 103 21 carriera
714 881 125 25 letteraria,
858 886 33 15 un
910 878 100 29 po’tardi
1019 878 42 21 nel

594 917 62 28 1872.
684 915 42 22 Ma
756 914 146 22 saldamente
929 913 134 26 preparato.

593 951 48 22 Suo
661 950 79 27 primo
768 949 83 20 lavoro
870 947 27 21 fu
917 951 46 16 una
983 944 81 22 tradu-

592 984 69 21 zione
685 983 26 20 in
729 981 64 22 versi
814 980 80 22 sciolti
917 978 90 23 italiani
1024 977 40 22 del

593 1017 94 22 célébré
714 1020 87 23 poemo
813 1014 24 21 di
851 1012 105 25 Goethe,
966 1012 25 21 in
1000 1016 64 17 nove

594 1050 63 22 canti
668 1056 6 15 :

620 1084 16 15 «
646 1075 113 24 Arminio
767 1081 13 16 e
789 1075 108 21 Dorotea
905 1073 56 22 ».Lo
972 1072 93 28 pubbli-

593 1117 32 16 co-
635 1109 142 30 (novembre
801 1107 63 28 1872)
873 1108 64 20 sotto
959 1107 23 20 lo
995 1111 70 22 pseu-

594 1144 98 22 donimo
718 1142 81 21 Pietro
826 1139 181 29 Vattelapesca,
1021 1138 44 22 che

594 1176 119 23 conservé
742 1175 41 28 poi
804 1179 97 22 sempre
909 1179 6 19 ;
936 1171 129 23 scorrendo

593 1212 24 21 le
638 1210 89 28 pagine
739 1208 39 22 del
791 1208 99 21 volume
903 1207 20 21 si
935 1206 14 21 è
960 1205 63 28 presi
1036 1205 30 21 da

594 1243 91 29 grande
714 1241 167 22 ammirazione
907 1245 44 22 per
968 1240 24 20 la
1008 1238 59 22 faci-

594 1277 43 22 lité
657 1281 47 16 con
724 1276 23 21 la
769 1274 69 28 quale
866 1273 32 22 ha
921 1274 83 26 sapüto
1016 1277 50 16 sor-

595 1312 109 21 montare
723 1310 61 20 tutte
806 1308 23 21 le
849 1305 122 24 difficoltà.
998 1305 69 22 Nella

595 1343 136 29 prefazione
749 1342 19 21 si
788 1342 106 27 leggono
906 1341 82 27 queste
997 1344 70 22 paro-

595 1379 23 20 le
637 1377 46 21 che
703 1381 61 16 sono
784 1381 32 14 un
843 1379 153 22 programma
1016 1378 51 16 ma-

595 1410 89 28 fignico
704 1415 15 14 e
741 1408 119 21 denotano
879 1407 26 20 in
916 1406 33 21 lui
970 1412 32 15 un
1019 1405 48 21 ele-

595 1446 57 20 vato
668 1442 144 22 sentimento
822 1440 79 28 patrio
912 1445 6 16 :
930 1445 15 15 «
952 1437 115 23 Allorchè

596 1476 78 22 vuolsi
696 1475 71 22 l’idea
786 1474 61 22 délia
859 1473 77 28 patria
956 1472 111 21 estende-

596 1517 27 15 re
640 1510 23 21 al
685 1508 91 23 mondo
797 1514 14 15 e
828 1507 99 22 l’amore
952 1506 62 21 délia
1035 1505 33 22 fa-

597 1543 83 28 miglia
709 1540 142 23 all’umanité
861 1546 6 20 ;
885 1546 14 15 e
919 1539 44 22 che
973 1549 3 12 :
983 1540 85 27 questo

597 1583 14 16 e
628 1576 80 28 quella
727 1574 156 29 allargandosi
912 1573 54 22 fuor
987 1573 24 21 di
1023 1572 46 22 mi-

597 1616 58 16 suru
677 1608 199 28 neWindefinito,
900 1607 41 21 nel
959 1607 65 21 nulla
1047 1606 19 21 si

598 1644 128 27 dileguano
749 1641 165 22 minacciando
944 1639 133 28 all’ordine.

598 1677 72 22 civile
678 1694 4 2 ,
686 1682 35 15 un
743 1675 83 28 rapido
854 1674 96 25 sfacelo,
969 1671 100 30 gioveré

598 1711 64 22 forse
692 1710 20 21 il
728 1708 141 22 richiamare
894 1708 45 21 alla
963 1708 81 20 mente
1060 1706 16 21 i:

598 1745 51 20 sani
659 1743 96 27 esempi
776 1742 62 21 delle
860 1741 65 22 virtù
951 1740 115 22 domesti-

598 1778 46 21 cité
666 1783 15 15 e
708 1776 120 21 cittadine.
838 1781 15 15 »
873 1774 85 22 Parole
980 1774 88 27 giuste,

599 1813 102 22 sensate,
712 1810 44 21 che
768 1809 107 22 rivelano
890 1807 88 22 l’uomo
987 1808 24 21 in
1023 1809 46 20 tut-

1086 183 25 19 to
1137 181 17 20 il
1180 185 44 16 suo
1246 181 115 20 carattere
1394 171 162 24 adamantino,

1086 219 13 15 e
1122 212 44 22 che
1177 212 152 21 meritavano
1339 210 23 21 di
1379 212 81 17 essere
1471 201 88 25 conôs-

1086 246 62 21 ciute

1113 271 110 22 Tuttavia
1240 272 92 27 l’opéra
1350 275 41 15 sua
1410 267 24 22 di
1447 269 111 24 maggior

1086 307 61 23 lena,
1179 304 44 21 che
1241 305 35 26 gli
1305 302 68 23 diedë
1389 301 72 24 fama,
1470 299 87 21 furono

1086 338 7 21 i
1110 337 72 21 Versi
1198 336 113 22 Italiani
1321 343 13 14 e
1348 335 52 21 Cor
1399 334 32 25 si,
1464 330 94 29 pubbli-

1086 370 45 21 cati
1152 370 24 20 in
1194 375 30 14 un
1237 375 89 20 grosso
1343 369 97 20 volume
1450 365 40 22 nel
1504 362 53 28 1887

1086 410 14 15 a
1123 402 78 21 Bastia
1222 401 31 21 da
1286 401 132 27 Ollagnier.
1451 399 73 26 Dopo
1535 397 24 21 la

1086 437 85 21 lettura
1192 434 23 21 di
1233 435 81 26 questi
1322 434 70 24 versi,
1401 434 85 20 Anton
1498 430 61 22 Giu-

1086 470 34 21 lio
1152 467 91 25 Barrili,
1277 465 94 23 chiamô
1396 465 18 22 il
1443 464 117 22 Lucciana

1086 508 15 15 <<
1110 503 71 26 poeta
1194 500 132 24 autentico,
1349 498 24 21 di
1397 497 102 22 schietta
1515 496 45 21 ita-

1086 533 83 23 lianità
1191 533 132 28 pittoresca
1337 531 102 25 vivezza,
1453 532 67 20 tanto
1529 528 31 22 da

1087 569 83 26 potere
1193 567 63 21 stare
1283 565 24 21 al
1317 569 119 23 paragone
1455 563 38 22 coi
1508 567 58 17 mo-,

1088 601 66 22 demi
1174 599 64 29 poeti
1248 597 114 23 dialettali
1383 597 62 22 délia
1465 596 94 28 peniso-

1088 635 30 22 la.
1132 642 13 13 »
1380 659 5 6 t
1454 657 5 5 .

1118 662 27 22 In
1153 663 83 26 questo
1249 661 98 21 volume
1359 659 105 25 adopero
1474 661 43 22 per
1538 659 22 16 le

1089 695 82 27 poesie
1191 694 99 21 italiane
1316 691 52 22 tutti
1389 691 6 20 i
1419 689 69 22 metri
1513 693 46 15 con

1089 727 172 28 sorprendente
1272 723 152 24 chiarezzaed
1434 720 89 29 agilité,
1535 720 24 21 in

1090 767 48 16 uno
1152 761 53 22 stile
1222 759 137 28 imaginoso
1371 763 13 14 e
1405 755 88 22 fiorito.
1501 752 59 23 Cosi

1090 795 72 21 dicasi
1177 800 41 21 per
1226 792 81 29 quelle
1321 791 78 21 scritte
1408 790 24 21 in
1448 792 111 17 vernaco-

1089 829 25 21 lo
1125 828 102 21 bastiese
1239 826 77 22 molto
1336 823 161 23 toscanizzato.
1518 820 44 22 So-

1091 867 32 16 no
1141 861 81 28 poesie
1234 870 29 6 —
1272 859 23 21 la
1319 857 107 28 maggior
1446 857 67 26 parte
1533 854 22 21 fa
1561 866 10 4 -

1091 895 55 22 vole
1153 906 27 4 —
1189 894 71 27 piene
1269 892 25 21 di
1305 890 130 22 umorismo
1450 895 14 15 e
1473 889 23 21 di
1509 894 54 21 gra-

1089 928 44 26 zia,
1147 933 48 17 non
1215 931 91 17 scevie
1322 924 24 21 di
1367 922 100 29 qualcffe
1490 923 73 26 punta

1091 961 103 26 satirica,
1206 967 14 14 e
1229 960 21 21 si
1259 960 106 25 leggono
1384 957 62 21 tutte
1469 955 39 21 col
1519 954 45 27 più

1090 995 61 21 vivo
1160 995 127 21 interesse.
1303 990 36 22 Nè
1354 996 30 15 va
1407 988 156 23 dimenticato

1092 1028 85 27 ch’egli
1194 1027 89 22 scrisse
1301 1030 58 22 pure
1370 1030 32 15 un
1416 1023 106 22 dramma
1533 1021 30 22 li-

1091 1062 60 25 rico,
1161 1060 122 23 intitolato
1307 1064 12 14 «
1327 1057 75 22 Maria
1415 1055 113 23 Gentile»
1540 1055 24 21 la

1091 1094 94 23 célébré
1190 1093 85 22 eroina
1283 1092 26 21 di
1321 1090 88 23 Oletta.
1427 1089 69 23 Nella
1512 1094 52 16 rac-

1091 1129 63 21 colta
1165 1128 24 21 di
1199 1127 38 22 cui
1250 1131 79 22 sopra,
1346 1125 59 22 offre
1415 1123 32 22 ad
1464 1129 33 16 un
1513 1128 51 15 ma-

1091 1161 89 28 gnifìco
1189 1165 90 17 vocero
1290 1166 14 14 «
1311 1159 112 22 Lamentu
1440 1156 71 23 d’una
1528 1155 36 22 vi-

1092 1195 95 22 duvella
1199 1195 26 20 in
1240 1194 81 21 morte
1341 1191 35 22 d’a
1395 1197 28 16 so
1443 1191 70 21 unica
1538 1189 29 22 fî-

1091 1228 133 29 gliola»,vi
1240 1232 64 17 sono
1327 1225 73 22 anche
1426 1225 75 22 moite
1521 1225 45 20 tra-

1092 1262 96 22 duzioni
1209 1261 39 21 dal
1262 1260 100 22 tedesco
1384 1259 24 22 di
1430 1257 86 26 Hébel,
1541 1256 25 22 di

1093 1295 107 26 Schiller,
1213 1294 25 22 di
1248 1293 106 26 Grimm,
1371 1293 23 21 di
1415 1291 108 28 Lessing,
1541 1290 25 22 di

1093 1330 25 22 di
1126 1329 97 28 Burger,
1243 1328 26 21 di
1283 1327 127 28 Langbein,
1426 1326 25 21 di
1471 1324 95 22 Liebes-

1092 1363 72 22 tinde
1176 1363 23 20 di
1211 1361 53 22 altri
1278 1361 65 28 poeti
1355 1359 114 22 tedeschi.

1122 1391 50 26 Egli
1182 1390 104 21 adorava
1297 1390 16 21 il
1327 1393 42 16 suo
1381 1387 82 21 nativo
1483 1386 84 21 dialet-

1093 1426 34 23 to,
1138 1430 14 15 e
1163 1429 43 22 per
1216 1423 66 21 circa
1294 1420 169 30 quarant’anni,
1479 1420 21 21 si
1517 1418 49 28 puô

1094 1458 51 21 dire
1157 1457 43 21 che
1209 1456 56 22 tutti
1274 1457 8 20 i
1295 1456 52 21 suoi
1359 1454 70 22 sforzi
1442 1453 91 22 ebbero
1542 1453 24 21 lo

1094 1496 74 22 scopo
1181 1490 23 22 di
1216 1490 146 21 ravvivarne
1373 1489 23 20 lo
1406 1487 80 23 studio
1507 1487 30 21 ed
1549 1487 18 21 il

1094 1526 64 21 culto
1164 1530 13 15 e
1189 1524 23 21 di
1222 1524 113 21 renderlo
1347 1522 120 28 popolare:

1117 1557 28 18 Oh
1152 1557 19 18 di
1178 1561 100 18 progressu
1285 1561 11 14 e
1304 1557 19 18 di
1327 1556 77 18 vellezza
1409 1556 63 17 eterna

1117 1581 54 17 Dolce
1178 1581 57 19 lume,
1242 1579 17 18 si
1266 1580 29 22 tu,
1305 1579 61 22 lingua
1375 1579 89 17 materna,

1095 1608 51 23 cosi
1173 1610 100 20 cantava
1303 1608 23 21 in
1345 1613 43 15 una
1412 1606 62 22 delle
1501 1607 66 20 tante

1095 1637 41 22 odi
1152 1636 140 22 dedicate-ai
1306 1635 53 22 suoi
1367 1634 171 27 compatriotti.

1125 1665 18 21 E
1162 1663 103 23 nell’ode
1299 1663 114 23 intitolata
1430 1663 22 20 A
1477 1663 91 20 nostra

1096 1692 90 29 lingua
1197 1698 59 16 ecco
1269 1698 57 16 cosa
1336 1691 117 22 scriveva:

1117 1726 29 18 Ma
1153 1726 41 18 serà
1202 1725 78 23 propriu
1289 1726 66 17 cusine

1118 1753 74 19 Comme
1198 1759 11 13 a
1217 1755 55 17 disse
1278 1759 27 12 un
1311 1752 111 23 cunsigiieru

1118 1781 39 19 Che
1165 1787 25 13 un
1197 1782 60 23 capite
1265 1782 34 22 più
1306 1787 12 13 u
1327 1781 106 22 linguadhiù

1118 1810 23 19 Di
1147 1811 23 17 de
1178 1810 50 18 Paoli
1238 1815 11 13 e
1258 1809 20 18 di
1286 1808 111 24 Sampiern?

1604 195 27 17 No
1639 193 22 18 sô
1666 196 27 14 un
1702 194 62 14 ommu
1770 193 25 13 un
1801 191 47 18 pocu
1854 185 69 20 anticu,

1605 222 14 18 E
1624 225 33 19 per
1665 219 67 23 questo
1741 221 24 13 un
1772 220 23 18 pt>
1802 213 104 24 ignorante;

1605 250 28 17 Un
1641 250 95 16 connuscu
1744 243 69 19 ma’che
1821 240 82 19 l’Alfieri

1605 276 64 21 Monti,
1674 275 66 18 Tassu,
1749 271 81 19 Ariostu,
1837 268 59 18 Dante

1605 305 15 18 E
1627 304 47 18 altre
1679 301 63 19 simile
1748 297 102 22 anticaglie.

1612 360 41 21 Sul
1672 357 70 22 fînire
1768 354 39 22 del
1829 350 90 30 1904,11
1939 348 118 22 Lucciana.

1585 391 83 30 spiegô
1676 392 24 21 la
1720 395 42 16 sua
1773 382 168 27 straordinaria
1960 379 92 23 éttivita

1584 425 120 24 letteraria
1716 427 73 20 corsa,
1806 417 122 25 fondando
1947 419 47 16 una
2013 416 40 17 so-

1585 459 60 23 ciété
1663 459 47 21 alla
1730 456 67 28 quale
1809 451 70 24 diede
1891 451 18 21 il
1926 452 70 18 nome
2028 445 24 20 di

1587 493 103 23 Cirnea;
1712 490 18 22 il
1760 488 78 27 primo
1858 482 100 24 articulo
1990 478 62 22 dello

1584 526 88 21 statuto
1688 527 75 17 aveva
1777 525 44 23 per
1843 511 210 34 programmala

1585 558 75 22 difesa
1690 555 63 22 délia
1769 554 82 26 lingua
1879 554 70 17 corsa
1971 546 81 21 contro

1585 590 143 23 l’invasione
1758 585 79 28 d’ogni
1858 583 120 22 elemento
1995 581 58 19 stra-

1586 625 67 22 niero
1678 629 15 15 e
1701 623 22 20 la
1742 617 178 31 pubblicazione
1941 615 23 22 di
1977 612 75 24 scritti

1586 654 166 30 rispecchianti
1786 653 22 20 la
1841 649 133 23 fisionomia
2015 646 39 21 del

1586 695 70 21 paese
1665 698 14 11 0

1614 716 92 26 Questa
1718 711 93 24 Société
1826 711 61 21 ebbe
1896 714 44 23 per
1954 713 44 16 suo
2018 712 36 16 or-

1586 755 62 23 gano
1661 749 22 21 la
1694 746 92 23 Rivista
1799 745 89 25 Cirno,
1903 743 16 21 il
1929 742 37 22 cui
1977 740 78 29 primo

1587 788 100 17 numéro
1706 779 49 23 usci
1770 779 40 22 nel
1833 777 104 30 gennaio
1961 781 60 22 i9°5>
2041 779 13 16 e

1587 817 61 22 délia
1657 815 70 28 quale
1738 813 46 28 egli
1798 812 25 22 fu
1836 812 16 21 il
1869 811 114 22 direttore
2003 808 53 22 sino

1587 852 22 20 al
1621 849 61 29 1908.
1694 849 30 21 La
1739 847 109 22 scriveva
1857 844 67 28 quasi
1937 845 59 20 tutta
2014 841 41 26 lui,

1588 884 30 22 ed
1629 883 59 28 ogni
1701 886 99 18 numéro
1813 879 77 22 infatti
1900 878 44 21 che
1957 877 32 22 ho
2016 875 40 28 qui

1589 916 138 25 sott’occhi,.
1735 915 109 22 contiene
1862 918 47 16 una
1926 917 43 16 sua
1994 915 64 16 com-

1588 951 80 22 media
1682 948 94 23 nonchè
1784 947 83 28 poesie
1876 946 96 22 italiane
1982 950 15 15 e
2007 948 51 17 cor-

1589 990 43 22 se,^
1634 985 63 20 tutte
1717 983 88 21 dettate
1827 981 31 21 da
1880 985 33 16 un
1933 978 92 29 grande
2045 982 13 15 e

1588 1017 121 28 profondo
1730 1020 80 17 amure
1825 1019 44 22 per
1891 1013 23 21 la
1934 1014 43 19 süâ
1989 1011 68 22 isola.

1589 1049 117 24 Pübblicô
1717 1049 74 22 anche
1808 1048 24 21 in
1851 1051 49 18 ùno
1907 1046 39 22 dei
1966 1046 93 27 quattro

1589 1078 107 28 fâsciëoli
1706 1081 168 24 un’ütilissimo
1880 1080 117 29 glossario
2008 1084 52 16 cor-

1590 1117 146 25 so-italiano,
1749 1123 14 14 a
1776 1115 38 22 cui
1826 1114 43 22 uni
1877 1115 23 21 la
1909 1113 151 28 spiegazione

1591 1152 62 21 delle
1671 1149 146 23 defivazioni
1832 1149 104 24 italiane,
1949 1146 110 29 galliche,

1590 1184 118 29 genovesi
1725 1190 14 15 e
1749 1183 73 22 latine
1838 1182 25 22 di
1888 1182 75 22 moite
1979 1180 82 28 parole

1592 1225 77 16 corse.
1682 1225 13 14 «
1704 1217 21 22 Il
1737 1217 97 22 dialetto
1854 1221 79 20 corso,
1951 1215 111 23 scriveva

1591 1253 56 28 egli,
1664 1252 92 28 attinge
1768 1250 66 29 quasi
1844 1250 56 22 tutti
1912 1249 65 22 isuoi
1991 1253 70 17 voca-

1593 1287 47 22 boli
1652 1293 14 15 e
1676 1286 67 22 modi
1753 1286 23 21 di
1796 1285 51 21 dire
1873 1284 29 21 da
1926 1289 46 16 una
1996 1282 66 22 fonte

1593 1321 76 26 unica,
1678 1320 122 22 l’italiano.
1809 1325 14 15 »

1621 1355 82 21 Pietro
1717 1353 112 22 Lucciana
1838 1351 55 22 amò
1903 1352 159 21 intensamen-

1591 1390 25 19 te
1624 1387 93 25 ritalia,
1728 1387 29 21 ed
1769 1393 12 14 a
1802 1386 32 21 lei
1855 1384 95 28 s’îspirô
1968 1389 94 22 sempre

1593 1422 37 21 nei
1641 1421 55 22 suoi
1703 1420 75 22 lavori
1788 1418 98 29 poetici:
1894 1418 24 21 fu
1935 1417 63 22 forse
2013 1422 48 16 uno

1592 1455 64 29 degli
1670 1453 154 26 ultimicorsi,
1835 1452 45 23 che
1892 1452 118 22 scrivesse
2020 1452 42 21 let-

1593 1488 197 23 terariamentela
1810 1487 81 28 lingua
1909 1486 102 25 italiana,
2032 1490 30 17 ne

1592 1528 145 18 conoscesse
1746 1524 59 20 tutte
1817 1522 23 21 le
1847 1521 86 22 fmezze
1945 1526 14 15 e
1971 1520 23 22 di
2010 1525 52 16 essa

1593 1558 20 22 si
1625 1557 105 22 servisse
1749 1556 175 25 abitualmente,
1941 1560 68 16 senza
2035 1554 27 22 ti-

1593 1597 67 17 moré
1671 1591 24 21 di
1709 1596 93 22 passare
1814 1595 43 22 per
1870 1595 31 16 un
1916 1588 145 28 separatista.

1621 1625 46 22 Del
1683 1623 53 29 1889
1747 1630 13 15 a
1773 1629 62 23 1903,
1848 1622 113 29 pubblicò
1973 1622 44 21 ben
2028 1622 34 21 sei

1593 1659 92 22 volumi
1700 1659 24 21 di
1739 1658 133 21 commedie
1886 1656 122 25 dialettali;
2030 1655 34 22 fra

1594 1694 21 21 le
1631 1692 107 28 migliori
1751 1692 94 21 ricordo
1856 1691 93 22 Puesia
1960 1696 13 15 e
1984 1689 80 22 Prosa

1594 1727 23 22 in
1632 1729 38 20 tre
1680 1726 52 22 atti:
1745 1726 13 21 /
1769 1726 67 21 servi
1846 1725 111 22 litierati
1970 1730 57 21 pure
2040 1724 29 21 in;

1593 1760 102 25 tre-atti,
1715 1766 13 15 e
1744 1759 23 22 U
1774 1759 57 22 Scio
1846 1758 109 23 Uncinu.
1975 1757 90 23 Scrisse

1594 1794 78 22 anche
1683 1800 30 15 un
1732 1794 107 27 gfaziosO
1862 1792 128 29 proverbio
2006 1792 60 21 fran-

2079 153 55 18 cese
2156 146 25 21 in
2199 148 31 17 un
2256 142 60 20 atto:
2328 139 26 23 Il
2370 146 31 16 ne
2414 143 63 27 faut
2495 153 43 25 pas

2079 180 89 24 courir
2195 177 63 21 deux
2282 173 91 22 lièvres
2393 174 14 21 à
2432 176 26 23 la
2484 183 52 26 poiy

2079 215 84 28 questo
2175 214 68 18 corso
2252 207 109 22 scriveva
2373 213 48 16 non
2431 213 50 22 solo
2496 207 41 36 ma[

2078 243 160 34 gistralmenie
2247 241 24 22 in
2284 240 107 26 italiano,
2409 248 38 16 ma
2457 250 80 25 scrive-

2078 287 31 17 va
2121 285 58 22 pure
2191 277 16 21 il
2219 275 106 22 francese
2337 279 68 17 corne
2415 281 31 17 un
2458 284 78 29 parigj,

2079 320 40 16 no.
2133 313 18 21 E
2158 307 116 26 oltrecchè
2289 309 73 26 poeta
2369 307 25 22 fU
2399 311 80 24 'anche
2496 322 40 20 sto.

2078 348 51 22 rico
2138 345 24 22 di
2176 343 83 28 vaglia:
2271 341 110 22 tradusse
2391 342 30 21 in
2440 344 96 33 francese

2078 382 25 21 le.
2113 384 73 23 opéré
2200 376 57 22 sulla
2280 373 101 23 Corsica
2403 376 39 22 del
2454 378 83 34 Greg0>

2079 413 90 25 rovius,
2178 417 14 15 e
2203 408 93 30 publicò
2308 408 109 22 notevoli
2430 413 60 23 studi
2503 423 35 21 nel

2079 445 113 24 Bulletin
2201 443 60 22 délia
2272 440 95 23 Société
2376 441 61 23 delle
2451 444 87 33 ScienZe

2079 479 104 24 storiche
2189 484 13 15 e
2209 475 98 23 naturali
2316 475 62 22 délia
2389 475 102 28 Corsica.
2501 483 38 28 Fra

2079 515 8 21 i
2099 512 60 23 tanti
2170 511 60 23 mise
2249 510 25 21 in
2297 509 54 21 luce
2360 509 33 27 gli
2411 511 40 22 atti
2471 515 22 22 di
2511 525 28 19 Un

2079 551 114 24 processo
2207 545 46 20 ben
2263 548 64 23 poco
2338 542 147 29 lusinghiero
2502 557 39 22 per

2079 586 22 21 la
2112 579 144 28 Repubblica
2271 577 23 21 di
2307 576 110 27 Genova,
2428 579 44 22 che
2479 589 61 22 porte

2081 616 17 21 il
2110 622 12 21 7
2131 613 93 28 maggio
2241 617 51 22 1747
2311 611 45 21 a*la
2377 611 162 33 decapitazione

2081 650 23 21 di
2118 648 60 22 dieci
2191 645 103 29 patriotti
2303 644 72 25 corsi,
2387 644 23 22 di
2432 648 108 29 null’aitro

2081 680 118 29 colpevoli
2210 679 42 22 che
2260 678 23 22 di
2294 678 82 21 volere
2387 678 75 24 libéra
2473 684 28 21 ed
2512 686 29 24 in-

2082 714 142 29 dipendente
2232 713 21 21 la
2262 713 53 21 loro
2328 712 67 21 isola.
2418 712 41 23 Fra
2472 721 68 23 questi

2082 748 142 25 condannati
2235 747 23 21 vi
2268 752 41 15 era
2322 751 31 16 un
2363 746 24 21 di
2403 747 31 21 lui
2455 753 86 24 antena-

2083 787 34 19 to.

2113 818 92 27 Eppure
2221 815 61 22 nelle
2300 819 43 16 sue
2366 819 73 23 opéré
2456 823 44 17 non
2524 824 18 21 si

2084 855 69 19 trova
2165 856 45 16 una
2221 849 80 28 parola
2313 848 51 21 sola
2376 848 24 21 di
2412 849 57 22 odio
2485 858 14 16 0
2519 856 21 22 di

2085 885 119 28 vituperio
2218 888 42 23 per
2278 881 111 22 Genova:
2402 884 141 28 quest’uomo

2084 918 196 30 profondamente
2291 917 63 21 retto
2369 921 75 16 aveva
2468 924 75 23 saputo

2084 953 132 29 pèrdonare
2230 956 50 17 con-
2286 949 163 23 indiscutibile
2457 957 86 25 magna-

2085 986 85 24 nimité
2184 986 33 28 gli
2229 983 88 24 antichi
2332 985 136 26 oppressori
2489 987 55 26 délia

2082 1028 47 15 5ua
2139 1020 83 29 patria.

2111 1055 57 22 Con
2189 1053 33 23 lui
2240 1057 142 22 scomparve
2409 1058 47 16 una
2478 1053 67 30 figura

2086 1087 154 24 eminente.di
2248 1088 72 27 poeta
2329 1091 14 16 e
2355 1085 24 22 di
2385 1086 118 27 patriotta:
2511 1096 35 17 ma

2087 1124 18 22 il
2113 1123 66 22 buon
2196 1127 64 16 seme
2268 1120 31 22 da
2309 1120 35 21 lui
2362 1125 82 22 sparso
2464 1123 66 26 portò
2538 1126 9 21 i

2088 1158 52 21 suoi
2162 1155 71 23 frutti.
2255 1154 50 29 Egli
2330 1153 30 23 ha
2381 1153 58 22 fatto
2462 1158 82 26 scuola;

2088 1194 60 20 tutta
2156 1196 45 16 una
2213 1189 108 22 brillante
2333 1188 94 28 pleiade
2442 1188 24 22 di
2489 1193 58 24 poeti

2088 1224 113 23 dialettali
2222 1228 73 17 onora
2320 1222 57 28 oggi
2406 1222 23 22 la
2449 1221 98 27 Corsica:

2089 1259 73 22 Santu
2183 1257 131 25 Casanova,
2337 1255 32 23 G.
2379 1255 26 22 P.
2426 1255 122 31 Lucciardi,

2090 1293 128 26 Maistrale,
2227 1291 64 22 Paoli
2305 1290 24 22 di
2339 1290 92 28 Taglio,
2449 1291 99 24 Antonio

2090 1327 131 26 Bonifacio,
2234 1326 29 21 ed
2272 1325 53 22 altri
2336 1330 48 17 non
2398 1326 151 22 menovalen-

2089 1362 26 26 ti,
2129 1361 44 22 che
2180 1366 41 22 per
2230 1358 93 23 brévité
2332 1360 101 21 ometto.

2321 1403 29 22 O.
2359 1403 30 22 F.
2395 1403 131 27 Tencajoli.

2117 1442 89 23 L’idea
2216 1440 143 24 Nazionale.
2372 1439 30 23 N.
2415 1439 42 23 del
2475 1447 12 22 7
2497 1443 55 27 giu-

2088 1483 50 23 gno
2149 1482 61 23 192=).

2209 1544 105 32 Quelli
2331 1544 56 25 chi
2400 1545 153 26 ricevenu

2090 1584 184 29 AMUVRA
2286 1591 19 18 e
2317 1583 98 26 ch’un
2430 1586 28 24 si
2470 1583 82 28 vôîe-

2091 1627 140 25 numica
2244 1624 145 31 abbunà,
2402 1632 44 18 un
2467 1625 86 26 hanu

2091 1674 42 18 ca
2145 1673 20 18 a
2182 1663 143 27 ricusala
2339 1671 20 18 a
2368 1672 22 18 u
2415 1665 127 30 pidone.

2107 1753 235 30 Aiacniu-Stamparia
2360 1752 23 22 di
2406 1753 22 21 A
2454 1751 86 23 Muvra

2094 1789 19 23 U
2124 1789 213 29 direttore-gerente
2344 1794 7 14 :
2379 1785 69 23 Pelru
2461 1785 93 22 ROCCA

107 1975 87 22 yostra,
208 1971 24 21 io
254 1976 48 15 non
320 1974 76 23 veggo
411 1968 64 21 nelle
493 1968 81 20 vostre

108 2005 79 27 parole
200 2005 79 27 quella
287 2009 54 16 sana
358 2003 76 27 logica
450 2001 47 22 che
517 2000 56 27 ogni

107 2039 148 27 gentiluomo
264 2037 62 21 deve
336 2036 84 21 recarsi
433 2041 13 15 a
455 2034 86 28 pregio
550 2033 23 21 di

106 2071 133 28 professare
247 2077 6 15 :
279 2069 133 28 quietatevi,
437 2074 13 16 e
480 2073 47 16 con
552 2067 22 20 la

106 2105 78 27 quiete
195 2109 112 16 verremo
315 2109 12 15 a
339 2108 57 22 capo
404 2102 23 21 di
443 2103 71 20 tutto.

135 2149 27 5 —
174 2137 38 22 Ma
224 2138 57 27 quai
301 2137 58 21 siete
376 2136 23 21 vi
423 2135 56 22 dico
487 2135 12 21 ?
523 2133 53 28 quai

107 2173 60 20 siete
173 2172 12 20 ?

137 2216 27 5 —
176 2204 46 22 Voi
236 2205 25 21 lo
274 2204 97 21 vedete:
392 2203 76 22 molto
481 2201 25 22 vi
525 2206 52 23 pre-

109 2245 38 15 me
162 2238 22 21 di
201 2244 85 21 sapere
306 2237 37 22 chi
364 2237 44 25 sia;
430 2242 42 16 ora
485 2234 90 26 ditemi,

110 2272 44 21 che
165 2271 46 22 Dio
222 2271 26 21 vi
267 2271 120 25 benedica,
400 2275 69 16 corne
478 2269 99 28 giunge-

109 2307 62 20 reste
193 2311 13 15 a
224 2305 95 27 saperlo
331 2309 25 16 se
378 2303 150 22 cominciassi
549 2301 29 22 ad

110 2338 162 22 andarmene?
302 2337 99 27 Dunque
431 2335 147 29 principierô

110 2372 37 21 dal
160 2372 107 21 restarmi
284 2377 13 15 e
314 2371 37 21 dal
371 2371 118 21 mettermi
510 2375 13 15 a
543 2374 35 16 se-

110 2406 103 21 dere.-^—
338 2416 4 11 .•
440 2409 3 3 '
512 2421 4 3 -

139 2438 21 22 Il
181 2439 84 26 signor
283 2437 114 22 Giacomo
413 2437 41 22 nel
473 2436 107 28 compire

112 2473 82 26 questo
214 2473 70 20 moto
304 2471 21 21 si
340 2473 93 19 accofse
444 2470 89 22 essersi
545 2470 36 21 in-

113 2506 102 27 gannato
227 2511 15 14 e
251 2505 25 21 di
288 2505 73 21 molto
370 2505 39 21 nel
416 2504 114 28 supporsi
543 2509 39 16 so-

111 2540 26 21 lo
150 2539 25 21 in
198 2538 143 28 compagnia
353 2537 38 22 dèl
405 2538 86 27 signôr
507 2536 73 26 Sahti,

112 2571 59 28 però
182 2571 60 22 ch’ei
252 2572 21 21 si
285 2571 98 21 vëdesse
400 2571 17 22 il
437 2573 60 20 caiie
505 2571 77 21 dîëtro

113 2612 15 15 a
139 2611 31 15 un
180 2606 56 26 pelo
258 2605 39 22 dai
305 2605 94 27 garretti
411 2611 46 15 con
468 2605 25 21 la
508 2604 75 21 batte-

113 2639 36 22 ria
157 2639 37 21 dei
213 2639 68 21 denti
293 2640 113 26 scoperta,
413 2644 15 15 e
440 2639 66 27 dopo
513 2638 17 21 il
547 2643 36 16 ca-

113 2679 32 14 ne
161 2671 88 22 l’uomo
274 2673 108 26 castagno
405 2677 45 16 con
464 2672 25 21 la
505 2671 79 21 destra

114 2706 83 20 dentro
235 2711 49 15 una
312 2706 74 20 stacca
413 2704 170 28 delgiubbone,

115 2739 62 20 dove
186 2751 4 4 -
218 2745 42 14 era
298 2738 43 27 più
383 2737 43 22 che
460 2737 124 29 probabile

116 2771 43 22 che
179 2777 50 16 non
253 2772 22 21 ci
295 2777 82 16 avesse
405 2772 29 22 il.
444 2771 101 25 rosario,
570 2776 15 15 o

116 2805 93 21 âlmeno
220 2810 52 16 non
284 2811 27 15 ce
319 2805 24 21 lo
354 2807 83 19 avësse
449 2805 63 21 solo.
525 2803 60 23 Perô

117 2844 14 15 a
141 2838 110 22 libërarlo
261 2839 31 21 da
302 2839 88 20 coteste
404 2838 46 21 due
470 2837 117 22 minaccie

116 2870 68 22 bastô
197 2877 31 15 un
245 2877 77 16 cenno
334 2871 59 21 délia
401 2873 75 25 punta
485 2871 103 22 deltem-

600 1965 85 28 perino
703 1964 39 21 del
755 1963 82 28 signor
856 1961 74 26 Santi,
952 1961 64 27 (pare
1028 1960 45 22 che

600 1999 22 21 al
633 1998 85 27 signor
737 1996 65 22 Santi
821 1996 17 21 il
855 1996 135 26 temperino
1009 1994 65 21 fosse
1075 1997 2 11 1

600 2037 69 16 corne
694 2031 18 20 il
724 2031 98 20 bastone
843 2030 22 20 ai
887 2027 159 27 marescialli),
1060 2032 15 15 e

600 2065 23 21 le
643 2065 47 21 due
710 2065 112 23 créature,
846 2062 90 21 l’uomo
957 2061 54 21 dico
1031 2066 14 15 e
1057 2060 18 21 il

601 2104 67 19 cane,
683 2098 39 21 nel
740 2096 69 22 mado
833 2096 45 22 che
899 2100 68 16 senza
979 2096 96 19 rumôre

602 2137 73 16 erano
688 2133 99 23 entrate,
806 2135 68 16 senza
898 2133 95 17 rumore
1007 2133 26 16 se
1045 2132 31 16 ne

602 2165 131 22 andarono.

630 2211 28 3 —
675 2198 77 21 Molto
761 2197 60 22 bene
832 2197 6 21 !
851 2208 29 4 —
888 2196 64 21 disse
960 2195 16 21 il
995 2195 83 27 signor

603 2232 99 22 Boswel
714 2231 94 27 quando
817 2231 23 20 le
846 2230 59 22 vide
914 2229 60 22 fuori
984 2228 95 22 dell’us-

603 2266 47 21 cio.
665 2265 41 22 Poi
714 2264 88 22 rivolto
813 2265 23 20 al
848 2268 79 20 corso,
937 2263 127 27 soggiunse
1071 2267 6 16 :

634 2311 26 4 —
670 2298 51 23 Ora
741 2298 107 27 sappiate
866 2297 44 22 che
932 2296 32 22 mi
983 2296 96 21 chiamo

605 2333 120 22 Giacomo
738 2331 95 22 Boswel
845 2336 14 15 e
875 2335 80 22 vengo
965 2329 114 28 d’Inghil-

605 2372 63 19 terra
679 2375 14 15 e
706 2368 83 27 voglio
801 2367 87 21 andare
902 2367 22 21 in
936 2365 106 22 Corsica.

633 2414 28 4 —
671 2401 125 22 Andateci.
819 2400 18 21 E
856 2405 70 17 corne
946 2398 90 23 c’entro
1057 2399 23 20 io

606 2436 36 22 co’
651 2435 79 22 vostri
738 2434 82 28 viàggi
827 2434 13 22 ?
849 2433 29 22 In
888 2433 98 22 Corsica
996 2432 5 21 !
1024 2428 41 25 Òh
1074 2431 7 22 !

606 2470 45 21 che
663 2469 22 22 ci
695 2468 86 22 andate
792 2474 14 15 a
816 2467 52 22 fare
875 2468 14 20 ?

634 2515 29 4 —
671 2501 62 22 Dir.ô
743 2509 7 13 :
769 2501 74 22 moite
863 2502 56 20 côse
937 2499 33 22 ho
994 2499 88 22 sentito

608 2538 96 20 contare
715 2535 25 22 di
752 2535 41 22 voi
805 2535 54 21 altri
870 2529 80 26 Côrsi.

635 2582 31 4 —
674 2569 34 26 Si,
719 2568 32 22 eh
762 2569 13 21 ?

636 2615 30 5 —
677 2602 34 27 Si,
722 2608 13 15 e
747 2608 31 15 ne
784 2601 34 22 ho
830 2601 78 22 anche
917 2601 58 21 lette
998 2606 15 15 e
1034 2605 50 16 non

608 2637 87 28 poche,

637 2682 27 5 —
675 2670 18 21 E
712 2669 44 22 che
778 2671 70 20 avete
857 2669 89 22 sentito
969 2668 53 21 dire
1045 2668 40 21 dei

611 2703 71 22 Côrsi
691 2702 13 22 ?
730 2702 44 22 che
786 2708 56 15 cosa
861 2708 32 15 ne
913 2703 68 20 avete
1004 2702 60 21 letto
1072 2701 14 21 ?

611 2737 98 25 Poveri,
720 2742 39 15 ma
778 2736 102 25 onorati,
902 2741 51 21 per,
963 2735 25 21 la
998 2734 89 22 Imma-

612 2771 77 21 colata
697 2770 6 20 !
717 2775 13 16 e
739 2775 71 21 sopra
820 2771 63 20 tutto
892 2769 78 21 liberi.

641 2815 27 5 —
681 2803 28 22 Io
723 2802 35 23 ho
768 2803 79 21 inteso
861 2803 53 21 dire
931 2802 32 21 ed
972 2802 34 21 ho
1014 2802 70 25 letto,

612 2838 24 21 là
647 2837 101 22 Corsica
767 2842 79 16 essere
869 2842 48 15 una
935 2835 107 22 macchia
1061 2835 25 22 di

613 2870 94 22 uomini
728 2870 132 26 salvatichi,
881 2870 85 21 dentro
979 2869 24 21 la
1017 2869 70 27 quale

1101 1959 62 22 l’uno
1176 1965 67 16 cerca
1252 1959 79 22 l’altro
1343 1964 42 22 per
1395 1957 158 22 ammazzarsi.

1128 2004 28 4 —
1165 1993 32 22 Lo
1209 1995 72 20 avete
1297 1993 77 21 inteso
1381 1992 13 21 ?

1128 2037 28 4 —
1168 2025 45 22 Già
1225 2032 6 15 :
1244 2031 97 19 ancora,
1354 2025 43 20 che
1410 2024 60 22 siete
1482 2023 92 22 barbari

1101 2058 51 23 cosi
1164 2059 51 26 che,
1227 2058 196 28 paragonandovi
1432 2063 45 16 con
1490 2057 34 28 gli
1537 2062 39 15 or-

1102 2094 29 25 si,
1156 2093 197 28 ingiurieremmo
1375 2091 78 28 questi
1479 2090 96 22 animali

1103 2127 115 22 dabbene.

1131 2172 28 5 —
1171 2160 32 21 Lo
1215 2166 13 15 a
1230 2162 59 20 veto
1302 2160 77 21 inteso
1388 2159 11 22 ?

1132 2206 28 4 —
1172 2193 32 22 Ed
1216 2194 25 21 in
1255 2193 56 22 fede
1320 2193 59 21 délla
1393 2191 186 29 incomportabi-

1104 2228 31 21 be
1147 2227 107 22 barbarie
1268 2229 79 20 vostra
1362 2227 154 21 adducevano
1535 2225 44 22 che

1106 2262 7 21 i
1125 2262 75 22 vostri
1209 2261 136 22 montanari
1352 2262 164 26 .nomportano
1523 2265 56 22 par-

1106 2301 68 16 rucca
1186 2301 13 15 e
1214 2300 50 17 non
1277 2295 21 21 si
1308 2295 77 21 danno
1396 2295 23 20 la
1431 2294 83 28 cipria.

1134 2340 28 4 —
1170 2328 32 22 Ed
1214 2328 78 21 anche
1310 2330 81 25 questo
1412 2329 70 20 avete
1503 2328 78 21 inteso

1107 2363 41 22 voi
1160 2364 13 21 ?

1135 2408 28 4 —
1172 2395 95 27 Questo
1283 2401 49 17 non
1344 2395 79 26 intesi,
1444 2393 68 24 bensi
1524 2394 57 22 lessi

1109 2431 38 21 nel
1162 2430 60 22 libro
1232 2430 24 21 di
1267 2430 130 22 monsieur
1407 2428 95 28 Jaussin
1512 2433 71 22 sopra

1109 2465 22 21 la
1149 2463 106 23 Corsica.

1138 2497 19 22 Il
1169 2498 81 27 signor
1274 2496 65 22 Santi
1359 2496 50 22 fece
1426 2497 119 26 spaliucce
1570 2501 13 15 e

1110 2537 67 16 senza
1190 2531 32 21 ira
1239 2530 130 28 soggiunse
1382 2537 6 13 :

1138 2576 28 4 —
1179 2563 9 22 I
1202 2563 111 22 Francesi
1324 2563 39 22 fan
1366 2569 30 16 no
1418 2569 111 19 numoro,
1547 2568 38 16 ma

1111 2604 47 16 non
1168 2597 73 22 fanno
1251 2600 73 23 gente
1332 2604 6 18 ;
1351 2597 20 21 la
1381 2597 55 22 Iode
1452 2597 23 22 di
1488 2599 97 20 costoro

1112 2632 32 21 mi
1154 2631 104 22 avrebbe
1270 2631 150 28 oltraggiato,
1430 2637 39 15 ma
1484 2630 102 28 l’oltrag-

1111 2666 42 28 gio
1165 2670 47 17 non
1225 2665 33 21 mi
1273 2664 103 28 affligge.

1139 2710 29 5 —
1175 2698 62 22 Perô
1245 2703 33 16 ne
1287 2697 31 22 ho
1325 2698 86 21 sentito
1420 2700 97 19 contare
1525 2698 62 21 delle

1106 2732 89 28 peggio
1214 2732 32 21 da
1258 2731 54 23 altri
1331 2731 43 22 che
1378 2737 67 21 pure
1456 2737 49 16 non
1526 2737 61 16 sono

1111 2766 109 22 francesi.

1139 2797 126 30 —'Peggio
1274 2799 14 21 ?

1142 2833 105 28 Peggio:
1272 2831 90 29 perché
1379 2832 26 22 vi
1427 2832 162 28 predicavano

1113 2867 117 28 bugiardi,
1258 2865 136 29 iiifingardi,
1422 2865 80 29 cupidi
1525 2866 64 21 dëllo

1599 1956 78 26 altrui,
1702 1956 64 21 avari
1789 1955 39 21 del
1841 1954 108 28 proprio,
1961 1953 110 21 vendica-

1600 1990 53 25 tivi,
1667 1989 150 28 ingannatori
1830 1995 16 14 e
1858 1987 145 23 traditori....

1628 2031 29 4 —
1668 2020 125 21 Traditore
1800 2020 13 20 ?
1825 2024 43 21 per
1878 2018 47 22 Dio
1935 2020 69 19 santo
2014 2018 5 20 !
2032 2023 40 15 an-

1601 2059 28 16 co
1638 2053 110 22 traditori
1758 2053 12 21 ?

1629 2098 28 4 —
1670 2086 85 22 Anche
1766 2085 121 26 traditori;
1901 2084 171 23 insomma.tali

1603 2121 43 21 che
1659 2121 6 21 i
1680 2120 111 25 Romani,
1808 2120 7 21 i
1835 2119 63 28 quali
1907 2119 25 22 di
1946 2118 89 22 uomini
2048 2124 26 15 se

1603 2160 29 16 ne
1642 2154 171 26 intendevano,
1833 2159 49 16 non
1905 2152 168 29 giudieandovi

1604 2188 73 22 buoni
1691 2187 32 22 nè
1734 2193 59 16 anco
1801 2194 44 22 per
1853 2187 136 26 ischiavi,vi
1998 2186 78 22 butta-

1604 2227 64 17 vano
1680 2222 40 21 via
1735 2227 67 17 corne
1814 2222 52 21 cani
1878 2221 97 28 tignosi.

1632 2267 30 5 —
1668 2255 65 27 Quai
1745 2255 13 22 è
1780 2257 24 20 lo
1825 2257 152 21 sconsacrato
1988 2254 44 23 che
2045 2254 32 23 ha

1605 2290 66 22 detto
1690 2291 92 27 questo,
1804 2289 104 27 pereh’io
1929 2290 33 28 gli
1982 2289 61 28 passi
2061 2288 17 22 il

1607 2329 73 16 cuore
1687 2323 13 21 ?
1711 2335 29 4 —
1751 2323 51 22 urlô
1815 2324 17 21 il
1844 2323 101 22 vecchio
1954 2322 124 23 levandosi

1608 2364 12 15 a
1634 2363 79 17 mezzo
1728 2358 37 21 sul
1784 2357 142 28 seggiolone
1945 2363 14 15 e
1977 2357 102 28 scompi-

1599 2407 2 8 :
1608 2392 96 27 gliando
1711 2391 9 22 i
1736 2391 124 28 guanciali,
1874 2391 23 22 di
1919 2391 38 22 cui
1968 2391 46 22 due
2030 2396 49 17 cas-

1606 2431 93 16 earono
1711 2425 25 21 in
1744 2427 72 20 terra.
1828 2424 20 23 Il
1868 2425 84 28 signor
1962 2425 119 22 Giacomo

1609 2460 16 21 li
1649 2458 113 27 raccolse,
1777 2465 21 20 e,
1818 2459 94 22 intanto
1929 2459 45 22 che
1991 2465 13 15 a
2018 2459 64 22 bello

1610 2493 53 28 agio
1682 2493 17 21 Ii
1717 2493 146 25 riassettava,
1875 2493 144 28 proseguiva
2031 2496 51 19 bon

1609 2528 22 20 la
1644 2526 72 22 solita
1725 2525 107 23 flemma:

1638 2572 28 4 —
1677 2560 18 21 E
1706 2560 44 22 che
1761 2560 131 29 bisognava
1910 2561 111 22 condursi
2032 2567 51 22 pro-

1612 2596 52 27 prio
1692 2596 24 21 in
1740 2594 97 23 Corsica
1858 2601 44 22 per
1923 2597 94 20 toccare
2036 2601 47 16 con

1612 2635 71 16 mano
1701 2629 44 22 che
1766 2629 37 22 chi
1816 2629 65 22 disse
1898 2631 61 21 sette
1971 2630 7 21 i
1992 2630 91 27 peccati

1612 2663 92 22 mortali
1718 2663 62 21 disse
1792 2668 49 17 uno
1851 2663 233 28 sproposito,perché

1613 2697 17 20 il
1641 2696 99 21 diavolo
1751 2697 25 20 in
1788 2695 100 23 Corsica
1906 2702 32 16 ne
1955 2703 76 16 aveva
2045 2704 40 15 an-

1613 2732 117 19 noverato
1740 2729 46 22 fma
1801 2737 14 14 a
1835 2731 153 25 settantimila
2005 2737 14 16 e
2034 2737 51 17 non

1614 2764 18 21 si
1646 2770 42 15 era
1703 2768 59 17 anco
1769 2763 98 23 rimasto
1874 2764 38 21 dal
1924 2766 103 21 contare.

1641 2809 29 5 —
1683 2797 18 22 E
1711 2797 42 22 voi
1768 2798 21 21 ci
1801 2799 70 20 avete
1883 2799 97 22 creduto
1989 2799 12 21 ?

1641 2843 30 4 —
1678 2831 28 22 IO
1712 2833 13 20 ?
1747 2832 62 22 vado
1822 2839 14 14 a
1847 2833 97 21 vedere.

1681 2865 41 22 Ma
1739 2866 24 21 io
1785 2866 26 21 vi
1829 2867 120 21 domando
1963 2872 26 16 se
2003 2867 43 22 voi
2063 2867 22 22 ci

2098 1951 93 26 çredete
2196 1952 13 21 ?

2125 1991 29 4 —
2165 1979 45 26 No,
2221 1984 47 17 non
2289 1978 21 22 ci
2328 1977 85 22 credo:
2432 1976 51 22 anzi
2495 1975 65 23 credo

2099 2014 17 20 il
2128 2013 125 24 contrario,
2267 2011 87 28 perché
2366 2011 32 21 ho
2410 2010 59 22 fatto
2476 2015 14 16 a
2501 2010 59 21 dire:

2099 2047 22 20 la
2133 2045 83 22 liberté
2224 2050 47 17 non
2279 2044 13 22 è
2302 2044 74 28 fungo
2384 2043 44 23 che
2446 2048 70 17 nasce
2529 2043 32 22 dal

2100 2079 90 23 fracido
2196 2085 6 20 ;
2221 2079 48 22 ella
2284 2078 83 22 dériva
2388 2083 69 17 corne
2474 2078 87 27 sequela

2101 2115 30 21 da
2150 2118 118 23 premessa
2284 2113 25 22 di
2322 2112 65 23 virtu
2401 2118 13 15 e
2426 2112 115 27 compléta
2548 2112 20 21 if

2101 2147 133 28 sillogismo
2241 2147 60 22 délia
2308 2145 91 30 dignité
2407 2145 106 23 umana.I
2522 2145 38 22 -Ro-

2102 2182 64 22 mani
2185 2182 23 21 vi
2220 2181 115 22 odiarono
2359 2186 13 16 e
2396 2180 23 22 vi
2444 2182 118 26 portarono

2103 2222 43 22 per
2167 2216 71 22 bocca
2246 2215 92 28 perché
2359 2215 63 22 nello
2441 2213 121 24 stritolarvi

2104 2250 20 21 si
2142 2250 161 27 scortigarono
2327 2250 23 21 le
2372 2249 91 26 mani.;.
2475 2249 7 21 i
2506 2247 57 28 co.rpi

2104 2284 76 22 vostri
2197 2284 46 21 essi
2255 2284 98 21 vinsero
2363 2289 48 16 non
2429 2284 22 21 le
2462 2282 103 25 anime,le

2105 2319 63 27 quali
2181 2317 104 23 durando
2297 2323 14 16 a
2326 2318 52 21 loro
2395 2317 88 22 marcia
2494 2315 72 28 voglia

2107 2353 138 21 inconcusse
2277 2351 65 22 nello
2369 2351 160 22 aborrimento
2547 2348 20 22 di

2107 2387 133 27 qualunque
2251 2386 127 26 tirannide,
2391 2386 82 27 egli-no
2484 2383 84 23 scredi-

2107 2422 84 20 tarono
2213 2426 42 22 per
2275 2419 138 23 salvatiche.
2442 2419 30 22 La
2504 2419 64 27 gente

2107 2455 97 21 odierna
2216 2460 153 23 corrompere
2389 2454 30 22 ed
2431 2458 78 18 essere
2524 2456 45 17 cor-

2109 2490 61 21 rotta
2192 2489 90 27 appella
2303 2487 81 23 civilté
2394 2494 5 20 ;
2423 2488 146 28 prosuntuosa

2109 2525 88 25 quanto
2208 2523 55 26 vile,
2277 2528 49 17 non
2341 2523 23 22 le
2381 2523 66 22 basta
2459 2521 109 22 chiamare

2110 2557 23 22 la
2151 2557 103 28 pazienza
2273 2557 97 22 imbelle
2390 2558 134 21 accortezza,
2550 2552 17 21 la

2110 2591 71 22 paura
2207 2586 98 27 sagacia,
2333 2587 149 26 temperanza
2500 2580 68 25 l’astio

2109 2620 89 21 misero
2209 2620 23 21 di
2241 2619 126 22 ambiziosa
2380 2616 189 31 impotenza,ben-

2110 2653 21 22 si
2152 2654 151 27 provocando
2316 2664 4 3 -
2324 2654 102 22 scredita
2437 2652 57 29 ogni
2503 2653 67 25 gene"

2110 2689 56 20 rOso
2178 2688 130 27 irrompere
2317 2688 46 21 aile
2371 2688 69 26 armi,
2450 2691 66 18 corne
2526 2681 46 24 feb-

2111 2721 43 22 bre
2173 2721 24 22 di
2204 2741 4 2 .
2212 2723 80 21 mente
2312 2721 81 23 feroce
2412 2727 16 17 o
2451 2719 85 30 partito
2547 2715 26 22 da

2110 2752 83 29 mattô,
2206 2756 18 22 il
2232 2753 68 31 qualé
2310 2752 76 26 inetfa
2401 2756 18 22 il
2433 2747 71 31 iuoco
2511 2758 14 16 a
2533 2750 40 23 San

2104 2788 88 23 -Pietro
2210 2790 24 21 di
2247 2789 85 23 Roma
2360 2796 44 22 per
2415 2787 97 24 .coeersi
2533 2788 41 18 una

2112 2823 85 28 coppia
2207 2823 90 23 d’uova.

2196 2869 155 29 (Cuntinua)

429 3039 755 125 Stamparia
1255 3033 131 111 di
1455 3039 129 103 A
1649 3037 633 115 MUVRA

175 3283 261 73 Lettare
489 3321 53 19 ==
611 3285 275 71 Fatture
957 3323 49 17 ==
1077 3285 199 71 Carte
1345 3323 49 17 ==
1465 3285 293 87 Biglietti
1835 3325 51 19 ==
1963 3289 439 77 Memoranda
2479 3327 49 21 ==

589 3415 231 67 Affissi
873 3451 53 17 ==
979 3415 179 71 Lîbri
1209 3451 53 19 ==
1317 3415 299 71 fiiurnalî
1673 3453 55 19 ~
1777 3439 147 51 ec....
1977 3443 147 53 ec....

1380 3558 3 3 .
1421 3543 3 19 :
1812 3543 3 3 '
1984 3554 3 2 -
2148 3548 3 3 -
2284 3544 3 12 :
2299 3552 4 3 -
2322 3544 3 7 :
2486 3553 2 2 .
2505 3550 12 4 ••

1245 3570 53 21 —:
2143 3569 42 19 ".-c

283 3697 65 65 m
413 3697 69 65 m
649 3685 323 73 Prestu
1039 3685 237 77 fallu
1339 3701 51 61 e
1453 3703 49 61 a
1567 3689 175 77 bon
1797 3701 251 79 pattu
2219 3719 67 65 *
2353 3719 67 67 «
