2560 3880
41 592 27 25 y\
79 593 67 18 una
156 584 114 24 Muvra

31 663 13 18 U
51 656 57 22 babbu
118 654 21 18 fù
147 653 62 17 Monte
218 651 62 19 cl’oru,

60 682 24 20 go’
93 682 81 15 mamma
180 681 38 13 una
226 675 79 22 ltegina,

32 706 59 26 Ricchi
99 704 19 18 di
128 702 66 24 grandi
204 700 60 19 tesori

33 738 22 16 «a
64 733 13 18 u
86 728 59 20 roonti
153 732 11 13 a
172 728 18 16 la
198 725 74 19 marina
279 729 5 16 ;

33 756 102 25 Suggiornu
144 750 90 20 d’antichi
243 749 54 22 Mori,

33 778 115 28 jCubilissima
156 776 85 19 cunfina.

35 842 58 26 Quand
95 846 11 13 u
112 842 80 19 nacque,
199 837 39 17 fala
243 835 67 18 Alcina

63 866 94 21 clindusse
165 868 11 13 a
184 860 90 21 baltizzâ,

36 899 31 18 San
74 891 85 20 Pedrone
166 888 20 17 fù
195 885 83 20 Padrinu

36 924 12 18 g
55 916 91 22 Serbanda
154 914 19 17 la
180 911 75 19 cummà
266 915 5 16 ;

37 948 11 18 g
55 941 102 22 ujuntagnc
165 939 125 18 marmerane,

37 972 49 19 P’oru
94 966 70 17 avianu
172 963 82 18 eullane.

37 1034 14 18 U
58 1031 91 21 cugnome
157 1026 21 18 fù
186 1025 19 17 la
213 1023 64 19 Muvra

37 1060 20 18 P,
64 1057 17 17 la
88 1052 70 20 liberté
167 1050 74 22 regina.

37 1084 21 19 Pi
64 1078 65 21 l’isola
137 1077 19 17 di
165 1075 83 19 bellezze

36 1106 13 22 g
55 1108 18 17 ia
80 1103 57 19 Stella
145 1100 101 20 matuUina
253 1104 5 16 ;

37 1134 62 18 Campa
108 1129 29 21 pe’
147 1128 18 17 la
176 1126 49 18 bona
238 1124 43 18 fede

37 1158 35 19 Clic
80 1152 91 24 spargbie
178 1151 38 18 ser’
222 1148 92 20 emalina.

37 1219 15 19 U
59 1218 25 19 so’
94 1216 72 18 famosu
174 1213 81 19 caslellu

37 1244 54 20 Fattu
100 1241 20 18 in
129 1239 80 19 dimanti
218 1243 12 13 e
237 1242 42 16 oru,

38 1269 52 19 Costa
98 1267 58 18 centu
166 1265 32 18 mil
201 1265 30 16 ion
233 1263 6 17 i

37 1296 55 17 Cume
100 1297 14 12 u
122 1292 32 22 più
164 1290 71 23 grande
245 1290 70 19 tesoru,

38 1318 97 20 Curunalo
144 1316 19 18 di
172 1314 91 19 smeraldi

39 1346 13 18 E
59 1344 18 18 di
85 1343 20 17 la
114 1343 47 18 testa
170 1341 18 17 di
197 1344 55 14 moru

40 1408 20 18 Ci
67 1407 17 18 si
93 1406 48 17 vede
149 1409 38 13 una
194 1403 83 18 culonna

40 1433 33 19 Cbi
80 1432 64 21 figura
154 1434 38 14 una
199 1427 99 22 battagüa,

40 1458 64 18 Ouella
112 1456 19 18 di
140 1457 19 17 lu
169 1455 58 17 Ponte
232 1452 54 19 Novu

40 1484 14 18 E
62 1484 18 17 le
87 1482 74 22 borghe
168 1485 11 13 a
186 1477 120 22 Morosaglia,

40 1509 52 18 Duve
100 1507 8 17 i
116 1506 53 19 Corsi
177 1503 81 25 gluriosi

41 1535 53 17 Funu
103 1533 58 21 preda
172 1530 18 18 di
199 1535 12 12 a
219 1528 92 22 cauaglia.

41 1597 23 18 Di
72 1601 11 12 u
93 1595 82 19 Caslellu
183 1592 96 23 preziosu,

40 1622 66 19 Nant’a
113 1621 22 18 lu
144 1620 50 18 riccu
202 1618 88 22 purtone,

42 1647 30 18 C’è
81 1646 95 22 stampata
184 1649 11 12 a
203 1643 51 18 bella
263 1642 47 17 lesta

43 1673 22 18 Di
73 1672 20 18 lu
103 1676 47 18 gran
158 1669 112 19 dePaulone

43 1698 68 22 Quellu
121 1696 62 19 babbu
192 1693 122 21 tant’amalu,

43 1724 22 17 Di
74 1723 18 17 la
100 1722 62 22 patria
170 1719 105 22 campione-

352 580 30 18 Ma
390 580 93 22 purlantu
493 580 18 17 ci
520 579 51 21 vole,

353 606 20 17 E’
382 610 40 13 nun
431 610 58 17 possu
498 605 35 22 più
543 606 49 19 lace;

353 631 15 17 U
377 630 36 18 me’
421 635 55 13 amor
485 635 34 17 per
530 629 41 21 voi,

353 655 35 18 Più
397 655 26 17 mi
431 655 59 18 lascia
498 655 73 21 riposu.

354 680 13 17 O
376 684 43 13 eara
427 679 128 21 Biondarella,

352 705 37 17 Per
396 704 36 18 avè
441 705 19 17 la
469 705 35 17 me’
513 708 53 18 pace,

355 729 61 23 Oghie
423 729 21 17 vi
453 729 65 18 scrivu
527 730 78 20 dunque

357 754 33 18 Ciò
397 753 36 18 clic
442 754 52 18 dirvi
503 758 40 13 nun
552 757 56 18 possu
616 753 4 17 !

356 799 8 17 I
372 803 35 13 vos
410 798 23 18 tri
442 798 54 22 occlij
504 797 70 22 divini,

357 823 59 18 Culor
423 824 31 17 del
464 828 41 13 mar
513 823 95 18 d’azzuru.

358 849 25 18 La
390 849 65 18 voslra
464 848 117 20 buccarella,

359 874 48 17 D’un
417 874 76 17 surrisu
501 873 75 20 fiurila,

360 899 26 17 Cu
396 899 13 16 li
420 899 61 18 vostri
489 898 75 22 capelli,
585 910 4 4 -

359 924 58 18 Culor
425 928 62 18 granu
496 924 83 19 maluru,

358 948 111 18 M’attiranu
479 948 76 22 pulenti

360 974 59 18 Cume
426 974 20 17 la
454 973 89 19 calamila
549 972 5 18 !

362 1025 47 22 Ogni
418 1026 54 16 notte
480 1024 32 18 eiu
521 1028 61 18 sognu

361 1049 67 19 Ch’eiu
438 1050 21 17 vi
468 1051 60 20 tengu
537 1048 69 18 slrinla
613 1053 5 16 ;

362 1075 70 18 Yurria
441 1075 30 18 clii
481 1076 33 16 stu
523 1078 68 17 sognu,

363 1100 47 18 Près
413 1101 20 16 tu
442 1104 25 14 ne
475 1100 29 17 sia
512 1103 48 14 veru
566 1103 6 16 ;

361 1125 61 18 Vuria
430 1125 116 23 sopraluttu,

363 1150 38 18 Che
410 1150 50 18 siate
470 1149 99 21 cunvinta,

363 1174 79 20 Ch’ell’è
449 1176 21 17 lu
480 1175 35 18 me’
524 1178 63 14 amore

363 1201 101 18 Un’amore
472 1199 87 19 sinceru!

364 1252 36 18 Eiu
409 1256 41 13 nun
459 1256 48 14 sonu
516 1251 59 17 riccu.

364 1276 110 22 Nun’aghiu
483 1281 26 13 un
518 1280 58 18 pezzu
584 1275 53 18 d’oru
644 1279 6 17 ;

365 1302 38 18 Sol’
413 1301 32 18 eiu
454 1306 58 18 possu
521 1300 85 21 offrirvi,

365 1328 29 18 Un
403 1331 50 18 puru
460 1331 10 14 e
478 1327 56 17 saldu
543 1329 74 18 amore;

366 1353 15 18 E
388 1353 31 18 ciò
426 1352 44 18 ch’a
478 1352 45 22 paré
535 1351 50 18 meiu

367 1379 47 17 Vale
421 1377 34 22 più
463 1379 45 16 d’un
519 1377 66 20 tisoru,

367 1404 28 18 Un
404 1408 57 14 nome
472 1407 57 14 senza
537 1401 83 19 macchia

369 1428 40 19 Che
416 1428 20 17 vi
445 1429 41 17 fàrà
494 1432 59 14 onore
559 1427 5 18 !

368 1480 20 18 E’
397 1484 40 13 nun
447 1480 21 18 sò
476 1485 22 13 se
506 1480 25 17 da
539 1479 39 20 voi,

369 1505 27 18 Ne
405 1505 94 23 saraghiu
510 1504 76 23 graditu
593 1508 5 16 ;

370 1531 24 18 Se
401 1531 20 18 la
429 1530 47 22 fate,
489 1529 91 23 saraghiu

371 1556 33 18 Del
414 1556 70 18 moudu
494 1560 11 13 u
515 1555 33 22 più
558 1554 64 18 felice.

371 1581 88 19 Rieevite
469 1586 28 12 un
507 1580 97 22 basgiettu

371 1607 48 18 D’un
428 1610 46 14 cure
483 1610 48 18 poea
540 1604 71 19 ardilu,

372 1632 14 18 E
393 1632 42 17 ch’a
445 1632 32 18 voi
486 1636 34 18 per
531 1634 81 18 sempre,

373 1657 41 18 Cun
422 1661 66 14 amore
499 1656 16 18 si
524 1656 44 17 dice
574 1654 5 18 !

393 1696 35 17 per
439 1690 51 24 copia
502 1689 94 23 cunforma
606 1695 7 12 :

369 1723 24 15 il.
400 1723 110 15 Alessandri
517 1723 19 14 di
544 1722 99 15 Chidazzu.

809 578 16 17 V

687 615 45 18 Dole
741 615 29 17 lut
773 615 20 17 tu
802 619 11 13 a
821 614 28 18 so’
858 617 84 14 manera:

686 640 21 17 lu
717 644 46 17 cnpu
772 644 26 13 un
807 639 86 22 cappellu
903 638 66 22 giallu,

687 664 89 18 Tondemi
786 665 18 16 la
812 663 89 22 capillera

688 689 63 18 Cum’a
760 689 19 17 lu
789 689 67 17 nostru
865 687 84 20 cavallu,

688 714 45 17 Bole
741 718 54 13 rossa
803 714 19 17 la
830 713 35 17 me’
875 712 59 18 faccia

688 738 57 18 Cume
754 743 39 13 una
802 739 61 17 eresla
872 737 20 17 di
900 736 47 22 jallu
955 736 5 17 1

807 791 25 17 Vf

690 828 57 18 Postu
756 827 35 18 che
800 828 21 17 sù
829 820 98 24 viduvelia

691 853 13 18 E
713 853 34 17 clie
757 854 100 16 nuleremu
867 851 20 17 in
896 850 57 21 l’oru,

691 878 54 18 M’oie
753 878 48 17 mari
804 878 18 17 là
830 877 20 17 in
858 875 81 19 Nuvella

692 903 45 17 Incu
746 903 20 17 lu
775 902 41 22 sgiò
824 900 151 20 Ghian’Bittoru;

692 924 14 21 È
714 927 103 23 spiantatu,
826 931 31 13 ma
865 926 19 17 la
892 928 52 14 razza

692 952 92 19 Discende
795 953 24 16 da
827 951 81 18 ïiadoru
915 949 5 18 !

803 1006 32 18 Vil

695 1043 67 18 Preslu
771 1041 90 23 seraghiu
873 1040 83 22 signora,

695 1068 68 18 Fresca
771 1071 55 14 cume
835 1070 39 13 una
881 1065 63 17 zitella
950 1069 6 16 ;

695 1092 120 23 Puderaghiu
824 1092 53 17 sorte
884 1090 40 18 fora

694 1119 69 21 Alegra
771 1122 55 13 cume
836 1115 103 19 un’acella.

695 1143 67 18 Grazie
769 1147 12 13 a
788 1143 21 17 lu
817 1142 39 17 miò
864 1139 94 23 capurale,

696 1168 29 18 Un
734 1168 15 17 si
760 1169 53 20 porta
824 1166 33 23 più
870 1165 65 18 tinella
941 1164 5 18 1

743 1201 71 18 Santu
830 1198 128 24 Guglielmi.

1341 125 259 52 Mémoires

1112 209 51 45 du
1186 208 46 46 R.
1250 206 43 46 P.
1318 205 46 46 de
1388 202 217 59 Singlande,
1632 200 205 47 Aumônier

1152 273 210 34 (Spedizione
1380 271 32 24 di
1431 269 179 26 Maillebois
1628 266 167 32 Ï7384741)

1399 337 148 35 (Seguitu)

46 1778 114 19 Guardendu
169 1784 11 12 a
187 1781 69 15 dlritta
263 1781 53 20 parle

46 1803 20 17 Ci
75 1803 17 18 si
99 1804 49 18 vede
156 1809 25 12 un
195 1804 97 22 generale,

44 1828 16 16 A
69 1828 18 15 le
88 1829 30 14 su
125 1829 20 14 di

45 1849 14 18 E
67 1849 100 22 Sampieru
176 1847 59 17 Corsu
244 1845 68 22 eguale

46 1874 26 18 Cu
81 1874 19 16 la
108 1873 85 22 gluriosa
201 1870 84 18 bandera

46 1899 22 17 Di
76 1899 19 16 la
103 1898 76 18 Corsica
187 1895 92 19 eternale.

48 1960 59 19 Canté
116 1960 64 22 vogliu
189 1957 142 19 asanta.l/urm

48 1986 66 17 Amata
122 1990 34 17 per
165 1984 61 18 monü
234 1988 11 13 e
254 1982 59 23 piani.

49 2011 50 18 Sonu
108 2010 75 22 picculu
192 2009 59 22 pueta

48 2036 27 18 Cu
83 2040 13 13 a
103 2036 36 17 me'
148 2036 48 17 fetla
204 2034 21 18 in
235 2032 94 20 Calviani.

49 2062 28 17 Ma
85 2061 19 17 la
113 2061 42 18 fede
164 2061 43 17 tene
216 2059 20 18 in
244 2060 53 21 pettu

29 2097 76 20 Marcu
110 2097 70 18 Santu
184 2095 147 22 d’Ampriani.

55 2197 252 26 Dichiarazione

102 2234 160 25 d’Àmore

50 2309 27 18 Da
84 2309 59 23 longu
152 2310 65 21 lempu
228 2308 38 22 già,

51 2334 18 18 E’
78 2335 54 18 vulìa
139 2334 94 23 parlavvi,

52 2360 26 17 Da
86 2361 32 17 tau
120 2361 22 17 tu
149 2360 32 18 eiu
189 2359 61 20 vulia,

52 2385 70 22 Aprevi
130 2386 19 17 lu
158 2384 35 18 me’
205 2388 52 14 core.

52 2410 27 18 Da
86 2410 59 23 longu
154 2411 64 20 tempu
230 2409 39 22 già,

51 2435 56 18 Vulia
115 2434 103 24 palisavvi,

52 2460 69 22 Quellu
129 2461 50 18 meiu
188 2460 80 20 sicretu,

53 2485 93 23 Surgente
154 2486 19 18 di
182 2485 67 18 dulore
256 2484 5 18 !

54 2536 19 18 Si
80 2536 5 19 !
97 2541 31 14 ma
135 2538 20 17 lu
164 2538 67 16 voslru
243 2536 83 22 sguardu

54 2562 52 17 Duru
114 2563 24 17 ed
148 2562 126 18 indiîfarenle

53 2587 26 17 Mi
86 2587 84 22 jacciava
179 2587 19 17 lu
207 2590 51 17 core,

54 2612 112 19 Lîvendumi
175 2617 11 13 u
195 2610 103 24 curaghiu.

53 2637 15 18 E
75 2637 100 19 riturnava
182 2641 83 19 sempre,

54 2662 59 18 Senza
120 2663 51 17 dirvi
180 2662 73 20 niente,

55 2687 146 22 Quand’andava
212 2686 71 21 dicisu,

55 2713 83 18 Dicendu
145 2718 5 12 :
163 2719 8 11 «
176 2712 125 22 Parlaraghiu
307 2711 5 18 !
320 2717 9 10 »

375 1816 26 25 A
415 1812 223 29 VIDUVELLA

461 1857 100 23 {Canzouaj

376 1935 15 22 È
400 1939 84 23 gbjunlu
493 1940 20 16 lu
522 1938 95 23 capurale,

378 1965 27 17 Ed
412 1969 28 13 un
448 1965 18 17 ci
475 1964 31 18 n’è
514 1964 66 18 cumed
588 1964 39 17 ellu
635 1964 5 17 !

378 1990 70 17 Prestu
457 1994 43 14 sera
507 1989 95 22 ginerale,

378 2015 16 18 U
403 2015 38 17 miò
449 2019 47 14 caru
504 2014 103 22 figlïulellu
614 2019 5 16 ;

379 2040 25 19 Sà
412 2040 95 18 cumandà
514 2040 19 17 la
541 2039 27 18 so’
576 2040 81 21 squadra

379 2065 70 23 Megliu
458 2066 37 17 che
502 2065 22 17 lu
532 2065 97 18 culunellu
637 2064 5 18 !

503 2119 15 17 11

379 2155 102 23 Pigliendu
492 2156 18 17 la
519 2155 80 20 ritirala,

380 2181 45 18 Bole
430 2181 64 18 caccià
502 2181 20 17 lu
532 2180 68 18 fucone

381 2206 53 18 Ind’a
442 2207 67 17 nostra
517 2210 43 13 casa
568 2207 69 19 amala,

381 2231 22 18 Ci
412 2232 44 18 vole
465 2233 59 16 mette
533 2236 26 12 un
568 2231 63 18 salone
640 2230 5 18 !

381 2257 38 18 Per
425 2256 121 22 pudèriceve
553 2256 21 17 in
582 2260 74 18 pompa,

381 2281 22 18 Li
412 2282 73 22 megliu
494 2281 19 18 di
523 2281 20 17 lu
552 2282 81 17 eanlone
639 2280 5 18 !

502 2332 25 18 111

361 2369 44 18 S’ha
413 2369 66 22 digbjà
487 2369 61 17 scellu
560 2372 37 13 una
606 2372 54 18 sposa

382 2394 54 18 Bella
444 2398 55 14 cume
508 2394 20 17 lu
537 2397 81 14 veranu:

382 2420 26 17 La
415 2419 78 22 signora
501 2418 94 21 Preziosa,

381 2445 70 21 Nipote
459 2445 20 17 di
488 2445 21 17 lu
517 2444 88 18 Piuvanu
612 2449 5 16 ;

382 2470 59 17 Ricca
449 2470 11 17 è
468 2475 12 12 a
489 2469 82 21 milioni,

383 2495 27 18 Pô
418 2495 92 22 pretende
520 2499 11 13 a
535 2494 19 17 la
562 2494 26 18 so’
599 2498 56 14 manu
663 2493 6 18 !

502 2545 26 18 IV

383 2583 54 22 Dopu
447 2582 26 18 mi
481 2582 45 18 vole
534 2586 11 13 a
553 2582 19 16 la
579 2582 55 17 moda

383 2607 30 18 Un
421 2608 57 17 cursè
485 2608 71 17 hiancu
565 2610 10 14 e
583 2606 76 21 fiuritu,

384 2632 25 18 Mi
419 2633 43 17 vole
473 2632 60 23 taglià
539 2632 19 17 la
567 2632 45 17 coda

384 2658 16 18 E
408 2658 91 18 sfurcami
507 2658 21 17 lu
536 2656 76 22 vistitu,

384 2683 87 18 Mettemi
480 2683 19 18 le
507 2682 52 18 calze
566 2682 19 17 in
594 2683 41 16 seta

385 2708 15 18 E
408 2709 21 17 lu
439 2708 97 18 diamante
545 2707 20 17 in
573 2706 42 18 ditu
621 2706 5 18 !

679 1296 169 29 Ascclta,o
858 1293 124 26 Paisà...

701 1359 78 22 Quandu
788 1359 15 17 ti
812 1358 49 18 senti
871 1355 78 22 chiamà,

700 1384 76 18 Ascolta
783 1384 31 21 bè,
823 1388 12 13 o
843 1382 58 23 paisà,

702 1410 27 17 Da
737 1410 51 17 duva
795 1408 45 19 veni
849 1408 19 17 la
880 1411 57 13 voce..

702 1435 16 18 E
726 1434 63 18 s’edda
798 1434 10 18 è
816 1432 103 21 cittatina,.

701 1459 70 19 Mettiti
778 1464 39 13 una
826 1457 83 20 surdina,

703 1483 70 20 Perché
781 1489 40 13 nun
831 1483 14 18 ti
854 1483 23 22 pù
886 1482 34 17 chc
931 1485 52 14 noce.

704 1530 42 18 Nun
753 1529 15 18 li
776 1534 45 18 apra
829 1529 20 17 lu
858 1527 25 18 to’
892 1526 44 19 cori.

705 1555 44 18 Ch’è
758 1554 102 23 buggiarda
868 1557 11 13 c
894 1551 91 21 traditori,

705 1581 15 17 E
727 1585 40 12 nun
774 1580 37 18 dici
821 1584 11 12 a
840 1578 67 18 vérité.

683 1607 25 17 Dé
717 1610 56 13 mc-nu
781 1604 99 19 ch’edd’un
888 1601 89 24 pi-umetti

704 1631 16 18 E
728 1631 14 17 ti
754 1630 51 18 lendi
813 1629 14 18 li
837 1629 26 17 so’
873 1628 43 18 reti.

706 1656 96 19 Cunserva
809 1660 11 12 a
830 1655 23 17 to’
862 1652 73 19 liberté.

707 1701 54 22 Sappj
770 1700 32 19 chi
810 1701 21 17 lu
839 1698 88 20 cittatinu

708 1726 35 22 Biji
753 1726 20 17 lu
782 1727 53 17 toscu
844 1729 34 18 par
885 1723 53 20 vinu,

707 1752 16 18 E
730 1757 12 12 u
752 1751 43 22 pani
803 1750 26 18 d’i
838 1750 27 18 so’
875 1748 74 24 figlioli,

708 1777 15 18 E
730 1776 76 18 suvenli
818 1775 125 18 bedd’amaru.

708 1802 42 18 Nun
759 1801 15 18 ti
788 1802 58 17 metta
854 1805 12 12 a
873 1800 19 17 lu
901 1799 26 17 so’
935 1803 54 18 paru»

708 1826 99 24 Rispinghj
816 1826 14 18 li
840 1825 26 19 so’
875 1823 65 24 paroli.

850 1871 18 14 la
876 1874 49 13 sera.

712 1888 71 22 Sempri
792 1888 19 18 di
820 1888 49 18 bona
877 1891 81 16 manera,

712 1913 56 18 Trovi
776 1914 52 17 tuttu
837 1918 11 12 a
856 1913 21 17 lu
886 1912 24 18 to’
919 1912 42 18 locu
968 1917 5 16 ;

712 1939 26 18 Lu
747 1938 94 21 cittatinu,
850 1937 75 19 suventi

711 1959 15 23 È
734 1963 56 18 tristu
798 1963 99 18 ch’unn’ha
903 1962 67 21 nienti,

713 1989 41 18 Poe’
759 1994 57 17 acqua
825 1993 11 13 e
844 1988 59 17 micea
911 1987 48 18 focu.

714 2034 42 18 Nun
764 2034 71 18 ûisarté
842 2034 19 17 la
869 2037 105 18 campagna,

714 2060 24 17 La
747 2059 78 21 furesta,
835 2059 18 17 la
862 2059 101 21 muntagna
969 2062 6 17 ;

714 2085 47 17 Ama
770 2089 13 13 u
794 2084 24 18 to’
827 2085 50 16 duru
885 2082 86 19 mistieru
979 2087 5 13 :

715 2109 91 22 Bujaghiu
814 2114 12 13 o
834 2108 116 23 agricultori.

715 2134 70 19 Perché
793 2134 20 18 di
821 2135 21 17 lu
851 2134 25 18 lo’
885 2133 71 18 sudori.

715 2160 26 18 Ne
749 2159 41 19 vivi
799 2160 20 17 lu
828 2159 69 18 mondu
907 2158 77 18 intieru.

715 2206 15 17 A
738 2205 48 18 cillé
794 2205 11 18 è
812 2203 119 24 puzzulenli;

716 2231 27 18 Lu
751 2230 50 18 viziu
810 2234 55 14 corre
873 2233 11 13 a
891 2229 83 18 turrenti
980 2233 6 16 ;

716 2257 19 18 Si
744 2256 47 18 vive
798 2256 30 22 pe’
837 2256 18 17 la
864 2254 87 18 maleria.

716 2282 53 17 Hanu
778 2281 65 18 tomhu
852 2281 21 17 lu
881 2280 89 21 rispetlu,

716 2307 14 17 E
738 2306 47 18 n’un
793 2306 27 18 c’è
829 2305 32 22 più
870 2305 20 17 di
899 2305 86 21 perfettu

717 2331 39 18 Che
763 2331 21 18 lu
793 2330 45 19 mali
846 2335 11 13 e
865 2330 18 18 la
892 2330 84 18 miseria.

717 2377 28 17 Tu
753 2376 32 18 chi
793 2376 31 18 bai
834 2375 70 22 sempri
912 2375 21 17 lu
941 2375 41 18 cori

718 2402 51 18 Pieu’
778 2402 20 17 di
806 2401 83 22 rispeltu
897 2404 11 14 e
919 2400 73 18 d’onori

717 2428 47 18 Ama
770 2428 20 17 la
799 2427 25 17 to’
832 2426 85 22 puvertà.

718 2453 23 18 Sè
749 2452 20 17 di
775 2457 54 13 razza
838 2450 46 19 forti
892 2455 11 13 e
911 2451 55 20 dura,

716 2478 24 17 Di
748 2477 61 19 nienli
817 2476 77 18 unn’ha’
902 2479 65 18 paura,

718 2503 34 15 TTaï
762 2502 51 16 vivlù
823 2502 23 16 ed
856 2505 47 13 unes
906 2501 24 17 là.

719 2547 36 18 Hai
762 2547 19 18 la
790 2547 41 18 fedi
838 2550 11 14 e
857 2547 19 17 la
884 2545 93 22 spiranza,

719 2573 36 17 liai
763 2573 52 17 tutlu
824 2572 20 17 in
852 2571 132 18 ahbundanza.

718 2598 35 18 Hai
761 2598 20 17 di
790 2597 37 18 Din
836 2597 20 17 lu
866 2595 73 19 tlinori.

718 2622 53 19 Tutti
779 2623 27 17 sti
813 2622 53 18 virtù
874 2625 95 14 cunserva

719 2648 56 22 Eppo’
785 2647 45 18 dalli
839 2647 21 17 in
868 2646 73 18 riserva

720 2674 16 17 A
744 2673 59 18 l’altri
812 2672 73 24 quandi
895 2673 21 15 tu
923 2671 51 18 mori
981 2670 5 18 !

710 2704 94 19 Simonu
812 2703 25 19 di
846 2703 45 18 San
898 2701 98 24 Jorghiu

1018 409 82 27 Après
1114 410 129 25 beaucoup
1262 408 30 20 de
1309 407 113 22 travaux,
1435 406 29 19 de

992 443 114 26 dangers,
1118 441 160 24 d’obstacles,
1291 438 22 22 &
1324 438 30 20 de
1366 437 100 21 difficul-

992 474 44 26 tés,
1059 475 29 20 ils
1106 474 141 22 arrivèrent
1265 471 66 22 enfin
1348 470 13 21 à
1373 470 90 24 Gênes,

992 514 29 14 au
1042 507 66 21 mois
1129 507 30 21 de
1178 505 103 27 Janvier
1300 502 62 27 1676,
1384 502 31 22 où
1436 503 30 20 ils

993 540 145 21 conclurent
1148 544 61 15 avec
1221 539 23 19 la
1255 536 156 27 République
1420 540 47 16 une

995 571 164 25 convention,
1173 576 31 15 en
1216 569 169 27 conséquence
1397 567 29 21 de
1434 568 34 19 la-

996 605 81 27 quelle
1085 604 30 22 ils
1125 604 82 22 furent
1215 601 152 29 transportés
1374 602 23 20 le
1406 600 63 22 mois

996 638 31 21 de
1038 636 101 23 Février
1157 636 111 25 suivant,
1287 636 61 21 dans
1365 634 62 21 l’isle
1438 634 31 20 de

997 671 87 21 Corse.
1101 671 23 20 A
1144 671 54 20 leur
1217 668 98 22 arrivée
1333 666 14 22 à
1363 666 106 27 Sagone,

999 703 31 22 où
1043 703 30 21 ils
1093 703 104 21 avoient
1215 699 134 29 débarqué,
1369 705 31 15 on
1419 699 52 21 leur

999 741 103 22 proposa
1113 735 62 22 trois
1188 739 60 23 pays
1259 733 104 22 incultes
1375 731 13 22 à
1400 730 72 22 défri-

1000 769 59 21 cher
1078 768 60 21 dans
1157 769 23 21 la
1201 767 76 21 Pieve
1289 767 31 20 de
1332 765 73 21 Vico.
1425 764 47 21 Ces

999 801 61 22 trois
1073 807 60 23 pays
1145 800 96 22 étoient
1252 798 107 25 Revida,
1371 797 100 25 Paonia,

1001 834 21 22 &
1034 834 115 27 Salogna.
1160 832 81 28 Après
1252 832 37 21 les
1300 830 71 23 avoir
1382 830 92 21 exami-

1002 867 31 22 né
1043 869 57 19 tous
1112 868 37 20 les
1160 866 74 24 trois,
1248 865 31 22 ils
1298 863 139 23 donnèrent
1451 863 22 21 la

1002 899 144 29 préférence
1158 899 13 21 à
1184 898 63 22 celui
1267 899 30 20 de
1318 896 100 25 Paonia,
1433 895 41 27 qui

1003 934 53 20 leur
1069 934 70 25 parut
1150 933 23 20 le
1185 932 56 26 plus
1253 936 57 22 gras
1327 930 22 21 &
1365 929 24 21 le
1406 928 70 22 meil-

1004 967 60 21 leur.

1032 999 33 21 Ils
1089 1004 27 16 se
1138 997 149 23 trouvèrent
1311 1000 105 17 environ
1439 1000 38 16 six

1005 1034 57 20 cent
1071 1037 30 16 au
1110 1031 213 23 commencement
1331 1029 30 21 de
1369 1029 54 20 leur
1430 1027 48 22 éta-

1006 1066 146 21 blissement
1161 1070 6 20 ;
1187 1065 53 20 leur
1259 1061 148 24 convention
1420 1066 59 16 avec

1006 1100 36 21 les
1053 1098 97 22 Génois
1162 1097 133 22 consistoit
1306 1102 30 15 en
1355 1094 125 27 plusieurs

1006 1132 107 25 articles,
1132 1132 61 21 dont
1210 1131 24 20 le
1248 1131 56 25 plus
1316 1127 116 23 essentiel
1444 1127 36 21 fut

1007 1165 62 22 celui
1083 1171 42 21 par
1135 1164 84 28 lequel
1231 1163 30 21 ils
1274 1160 186 29 s’engageoient
1466 1166 13 15 a

1007 1204 76 23 pa3rer
1093 1197 14 23 à
1119 1199 22 21 la
1151 1196 156 28 République
1316 1200 32 16 un
1357 1193 76 22 tribut
1441 1199 39 15 an-

1008 1232 65 25 nuel,
1086 1230 88 23 évalué
1186 1230 13 21 à
1211 1230 58 26 cinq
1287 1229 78 21 livres
1385 1227 29 21 de
1433 1226 49 21 Gê-

1009 1271 45 16 nes
1073 1270 44 21 par
1136 1264 94 26 chaque
1252 1261 104 25 famille,
1380 1259 21 22 &
1425 1258 13 22 à
1459 1259 23 21 la

1009 1297 89 24 moitié
1110 1303 64 22 pour
1185 1297 36 21 les
1234 1300 104 20 veuves,
1351 1293 41 28 qui
1405 1298 31 16 ne
1446 1292 36 21 fu-

1010 1334 55 20 rent
1076 1332 72 26 point
1159 1329 103 23 censées
1275 1328 91 22 former
1384 1331 47 16 une
1447 1326 36 21 fa-

1009 1367 69 21 mille
1090 1365 142 27 complette.
1242 1362 46 22 Les
1297 1363 86 25 quatre
1395 1359 88 28 princi-

1010 1404 66 23 paux
1087 1398 69 22 chefs
1167 1397 31 21 de
1210 1397 64 20 cette
1286 1394 106 22 Colonie
1404 1393 80 21 furent

1010 1433 67 22 seuls
1088 1432 114 26 exempts
1213 1429 31 21 de
1255 1434 29 16 ce
1295 1427 66 22 tribu
1372 1433 6 19 ;
1391 1428 23 20 le
1426 1432 59 22 pa}^

1011 1464 147 24 abandonné
1167 1464 13 21 à
1190 1469 41 16 ces
1243 1461 125 29 généreux
1381 1460 101 27 fugitifs,

1011 1499 36 22 fut
1060 1505 44 21 par
1116 1504 49 16 eux
1177 1495 81 23 divisé
1271 1502 31 15 en
1315 1495 56 26 cinq
1382 1494 101 27 parties;

1012 1532 97 23 bientôt
1120 1532 53 21 leur
1185 1530 90 22 travail
1286 1527 112 29 supléant
1409 1526 12 22 à
1432 1528 54 21 tout

1012 1568 24 21 le
1056 1568 73 24 reste,
1151 1565 31 21 ils
1201 1564 104 21 vinrent
1316 1562 13 21 à
1340 1562 61 21 bout
1417 1561 29 21 de
1461 1561 25 21 le

1012 1600 91 22 rendre
1122 1599 21 21 si
1164 1597 91 25 fertile,
1276 1596 22 22 &
1318 1595 21 22 si
1353 1594 131 25 abondant,

1013 1633 60 28 qu’il
1084 1632 80 22 excita
1175 1632 24 21 la
1207 1630 110 28 jalousie
1334 1629 44 21 des
1397 1627 90 23 Corses

1013 1669 67 20 leurs
1088 1666 106 24 voisins,
1203 1665 55 26 plus
1269 1662 113 23 ennemis
1390 1662 32 21 du
1430 1662 59 21 bon-

1014 1703 63 21 heur
1096 1701 44 21 des
1160 1701 93 22 autres,
1275 1703 46 22 que
1334 1696 113 27 capables
1457 1695 31 22 de

1013 1733 128 23 travailler
1152 1732 14 22 à
1178 1732 53 21 s’en
1244 1735 119 23 procurer
1380 1736 32 14 un
1428 1734 62 17 sem-

1016 1768 88 22 blable.
1124 1765 106 23 Ceux-ci
1251 1765 100 21 vinrent
1368 1762 122 28 plusieurs

1016 1801 49 22 fois
1077 1805 63 23 pour
1151 1800 36 21 les
1199 1800 120 25 attaquer,
1336 1796 22 22 &
1374 1796 114 24 détruire,

1016 1835 52 22 s’ils
1087 1834 148 26 pouvoient,
1256 1837 32 16 un
1309 1830 183 22 établissement

1017 1869 62 21 dont
1089 1868 24 20 la
1124 1866 112 22 richesse
1247 1864 23 22 &
1281 1863 160 23 l’abondance
1454 1862 38 22 in-

1018 1900 121 17 suuuicwt
1150 1899 13 15 A
1174 1900 54 16 tour
1240 1903 107 20 oaresse,
1360 1897 22 21 &
1395 1896 99 21 rendoit

1019 1930 55 20 leur
1093 1925 120 29 pauvreté
1234 1926 54 27 plus
1313 1926 60 21 dure
1395 1929 22 17 &
1438 1930 56 23 plus

1018 1961 166 25 mortifiante;
1206 1960 63 21 mais
1292 1961 36 20 les
1352 1959 78 21 Grecs
1446 1958 47 28 joi-

1020 1996 76 27 gnant
1106 1996 23 20 le
1142 1998 107 22 courage
1261 1993 14 22 à
1286 1992 147 26 l’industrie,
1446 1992 13 22 à
1471 1992 22 21 la

1020 2029 89 21 faveur
1120 2028 43 21 des
1175 2032 80 16 armes
1275 2025 76 28 qu’on
1367 2026 53 21 leur
1439 2031 55 21 per-

1021 2062 101 22 mettait
1141 2061 30 21 de
1192 2061 93 26 porter,
1305 2060 36 21 les
1355 2058 141 27 obligèrent

1020 2095 114 26 toujours
1146 2094 31 21 de
1189 2098 123 17 renoncer
1325 2092 14 21 à
1356 2093 66 20 leurs
1433 2092 63 22 indi-

1021 2134 62 23 gnes
1101 2127 95 29 projets
1206 2133 6 19 ;
1232 2125 22 22 &
1274 2127 32 20 ils
1326 2125 170 22 demeurèrent

1022 2161 62 23 ainsi
1092 2161 110 27 pendant
1208 2159 89 27 quinze
1304 2165 43 15 ans
1353 2159 143 26 tranquilles

1023 2196 60 21 dans
1089 2195 54 21 leur
1150 2192 154 29 possession.
1312 2191 33 22 Ils
1355 2191 143 28 profitèrent

1023 2229 21 22 si
1056 2228 60 22 bien
1134 2228 31 20 de
1182 2232 27 16 ce
1227 2226 81 25 loisir,
1320 2231 64 21 pour
1393 2225 106 22 cultiver

1022 2264 67 20 leurs
1101 2264 88 21 terres,
1205 2258 73 29 qu’ils
1294 2260 56 21 leur
1360 2259 138 22 donnèrent

1023 2297 70 21 toute
1125 2293 194 23 l’amélioration
1349 2293 59 21 dont
1437 2293 61 21 elles

1025 2329 95 22 étoient
1138 2326 124 28 capables.
1280 2326 45 22 Les
1346 2325 90 23 Corses
1453 2325 46 22 s’é-

1024 2364 54 20 tant
1089 2360 186 29 généralement
1286 2359 109 22 révoltés
1404 2365 30 16 en
1446 2365 53 22 1729

1025 2397 88 20 contre
1129 2395 37 21 les
1185 2392 106 26 Génois,
1313 2393 131 21 voulurent
1463 2393 36 21 les

1025 2433 109 23 engager
1145 2428 62 21 dans
1218 2427 55 21 leur
1292 2426 73 27 parti.
1386 2425 66 22 Pour
1463 2427 37 21 les

1027 2463 80 22 forcer
1126 2461 13 21 à
1159 2460 107 28 prendre
1285 2460 38 21 les
1343 2465 80 16 armes
1439 2465 62 16 avec

1027 2501 56 20 eux,
1091 2495 31 22 ils
1128 2495 36 21 les
1172 2493 157 27 attaquèrent
1338 2493 12 22 à
1358 2492 143 23 différentes

1026 2528 117 28 reprises,
1171 2527 63 22 mais
1259 2527 159 22 inutilement
1430 2533 6 15 :
1464 2528 38 20 les

1029 2562 78 22 Grecs
1118 2561 87 22 fidèles
1217 2560 15 21 à
1242 2561 55 21 leur
1308 2560 97 25 devoir,
1418 2560 35 21 les
1464 2565 37 16 re-

1027 2595 148 27 poussèrent
1198 2594 114 27 toujours
1320 2615 3 3 ,
1334 2598 61 16 avec
1416 2592 86 22 succès

1025 2628 99 28 jusqu’à
1141 2632 61 23 1731,
1215 2632 49 22 que
1275 2625 89 23 cédant
1376 2625 65 22 enfin
1453 2625 13 21 à
1478 2626 24 20 la

1029 2661 67 22 force
1117 2659 143 28 supérieure
1280 2660 43 21 des
1344 2659 112 25 rebelles,
1471 2658 32 22 ils

1029 2696 54 21 leur
1094 2692 206 24 abandonnèrent
1310 2694 66 20 leurs
1389 2694 79 20 terres
1481 2691 23 21 &

1490 404 66 20 leurs
1568 402 160 24 habitations,
1741 401 22 21 &
1775 400 103 22 allèrent
1896 399 69 22 cher-

1492 436 59 21 cher
1561 442 32 14 un
1606 436 60 21 azile
1678 434 13 22 à
1704 434 96 27 Ajacio.
1819 434 30 21 La
1868 432 98 22 révolte

1492 470 74 27 ayant
1576 468 39 22 été
1628 474 31 15 un
1673 474 46 21 peu
1733 466 114 28 appaisée
1859 472 28 15 au
1900 471 67 16 com-

1492 503 157 20 mencement
1668 501 31 21 de
1722 506 61 22 1733,
1797 500 127 25 beaucoup
1937 499 30 20 de

1494 534 80 21 Grecs
1583 533 173 21 retournèrent
1768 533 13 21 à
1795 534 54 20 leur
1866 531 102 21 établis-

1495 567 105 24 sement,
1613 571 63 21 pour
1687 571 17 22 y
1716 564 135 27 reprendre
1862 564 23 20 le
1897 568 72 16 cours

1496 599 31 22 de
1538 599 65 21 leurs
1615 601 114 22 travaux,
1739 598 22 21 &
1768 604 18 22 y
1792 597 69 28 jouir
1869 596 32 21 du
1911 595 60 23 fruit

1496 633 30 21 de
1536 633 66 20 leurs
1610 632 87 27 peines
1707 637 6 19 ;
1727 631 60 21 mais
1795 631 35 21 les
1840 629 131 22 désordres

1497 667 73 27 ayant
1581 663 171 23 recommencé
1764 663 96 22 l’année
1872 663 99 21 suivan-

1497 701 35 22 te,
1544 698 31 21 ils
1587 697 84 22 furent
1688 696 97 28 obligés
1803 697 30 21 de
1852 700 121 17 renoncer

1499 731 13 22 à
1522 732 67 20 leurs
1602 730 155 28 espérances,
1767 730 22 21 &
1798 730 32 21 de
1839 731 51 19 tout
1898 728 75 22 aban-

1500 765 95 21 donner
1603 763 14 22 à
1625 765 22 20 la
1657 763 78 22 merci
1743 762 29 22 de
1778 764 66 20 leurs
1851 762 121 25 ennemis,

1500 798 60 21 dont
1571 797 22 20 la
1605 802 57 22 rage
1681 796 153 21 destructive
1852 801 30 15 ne
1898 795 74 20 laissa

1501 831 61 21 dans
1573 835 45 16 son
1631 829 82 22 entier
1726 834 46 21 que
1784 835 28 15 ce
1824 828 41 27 qui
1884 833 31 15 11e
1933 828 43 27 put

1502 864 52 20 être
1566 861 98 23 entamé
1676 862 26 21 ni
1715 867 44 21 par
1770 862 23 20 le
1807 861 36 22 fer
1854 861 23 21 ni
1892 866 44 21 par
1952 861 23 20 le

1503 897 50 20 feu.

1529 928 74 22 Cette
1617 927 109 23 Colonie
1738 933 11 15 s
1759 927 65 21 etoit
1835 932 68 16 assez
1919 927 59 21 heu-

1507 964 136 19 reusement
1661 960 137 27 multipliée
1817 960 109 27 pendant
1942 960 35 20 les

1507 1001 26 22 50
1544 1001 44 15 ans
1599 994 90 28 qu'elle
1702 993 62 22 étoit
1775 991 132 24 demeurée
1915 994 63 19 tran-

1507 1029 73 27 quille
1592 1028 14 21 à
1619 1027 100 22 Paonia.
1742 1026 48 22 Elle
1812 1032 30 15 ne
1861 1025 118 27 prospère

1507 1067 42 22 pas
1560 1061 20 21 si
1593 1061 59 21 bien
1664 1060 12 21 à
1690 1059 96 27 Ajacio,
1799 1059 22 21 &
1834 1058 88 27 depuis
1940 1057 39 28 qu’

1507 1095 48 21 elle
1565 1100 17 22 y
1593 1093 91 26 réside,
1702 1093 47 21 elle
1769 1099 13 15 a
1796 1090 185 24 considérable-

1507 1129 67 20 ment
1587 1125 113 23 diminué
1710 1132 6 19 ;
1729 1125 139 27 cependant
1879 1124 62 22 dans
1956 1125 24 20 le

1507 1160 212 22 démembrement
1724 1158 72 27 qu'on
1804 1164 31 15 en
1843 1157 27 22 fit
1876 1163 31 15 en
1916 1163 63 22 1740,

1508 1194 48 21 elle
1572 1198 27 16 se
1618 1191 114 24 trouvoit
1746 1197 91 15 encore
1849 1190 133 27 composée

1509 1227 30 20 de
1550 1225 44 22 Soo
1609 1230 144 22 personnes.
1765 1224 51 21 Elle
1824 1223 37 22 n’a
1871 1223 74 27 point
1952 1224 31 20 de

1509 1258 110 28 quartier
1637 1262 92 22 propre
1746 1257 62 21 dans
1828 1258 22 20 la
1869 1256 67 21 Ville
1951 1255 32 22 où

1508 1293 49 22 elle
1570 1292 84 27 puisse
1666 1296 27 16 se
1706 1289 99 27 réunir;
1825 1290 93 26 chaque
1930 1295 52 22 par-

1509 1326 102 22 ticulier
1622 1324 68 22 étant
1702 1323 82 22 réduit
1800 1322 13 22 à
1833 1329 26 15 se
1870 1323 72 27 loger
1952 1322 32 22 où

1512 1360 18 21 il
1539 1360 22 20 le
1575 1361 65 24 peut,
1654 1359 49 20 elle
1714 1363 27 15 se
1752 1359 89 20 trouve
1856 1355 129 28 dispersée

1511 1395 100 25 partout
1631 1391 223 22 indistinctement.
1875 1389 111 22 L’amour

1511 1426 33 21 du
1563 1425 90 22 travail
1672 1424 96 21 semble
1787 1424 23 21 la
1828 1423 101 27 passion
1943 1423 43 21 des

1511 1460 113 24 femmes,
1637 1463 98 17 comme
1746 1458 23 20 le
1782 1462 108 21 courage
1899 1457 22 20 la
1930 1462 56 15 ver-

1512 1496 26 19 tu
1556 1493 45 21 des
1622 1492 123 21 hommes.
1768 1491 68 21 Dans
1856 1491 84 20 toutes
1951 1490 36 20 les

1512 1526 131 23 occasions
1656 1525 32 22 où
1701 1524 35 22 M.
1749 1525 30 21 de
1791 1522 144 24 Maillebois
1951 1524 37 20 les

1513 1567 13 15 a
1539 1558 136 29 employés,
1699 1558 31 21 ils
1750 1560 45 20 ont
1815 1556 174 28 parfaitement

1514 1594 44 22 fait
1567 1594 54 21 leur
1632 1592 91 22 devoir
1733 1597 6 20 ;
1754 1592 56 21 leur
1821 1588 94 24 fidélité
1927 1594 63 23 pour

1514 1629 36 20 les
1562 1626 97 23 Génois
1670 1627 39 20 est
1720 1624 13 22 à
1744 1626 69 21 toute
1825 1623 110 28 épreuve
1945 1629 6 16 :
1971 1623 17 21 il

1515 1660 51 23 faut
1575 1661 67 21 aussi
1655 1660 125 21 convenir
1791 1664 48 21 que
1848 1658 36 21 les
1894 1655 96 24 Génois

1515 1701 31 15 ne
1563 1695 37 20 les
1618 1695 44 21 ont
1671 1691 88 29 jamais
1771 1689 137 25 maltraités
1919 1697 6 15 :
1938 1690 53 21 s’ils

1516 1734 30 15 en
1558 1728 104 22 avoient
1672 1726 65 21 ainsi
1749 1724 44 22 usé
1806 1730 60 16 avec
1878 1724 36 21 les
1931 1723 59 22 Cor-

1517 1768 49 18 ses,
1592 1760 99 23 ceux-ci
1715 1759 188 27 probablement
1927 1756 65 22 n’au-

1516 1795 84 22 roient
1609 1793 89 28 jamais
1710 1791 79 29 songé
1802 1791 13 22 à
1828 1797 26 15 se
1866 1790 124 22 révolter;

1518 1834 47 22 que
1576 1828 30 21 de
1616 1828 130 22 meurtres,
1756 1831 48 22 que
1813 1824 178 25 d'assassinats,

1518 1862 114 27 toujours
1643 1861 31 21 de
1691 1860 24 21 la
1730 1859 98 27 justice,
1842 1857 151 27 quelquefois

1519 1897 31 20 de
1561 1896 24 20 la
1596 1893 76 23 bonté
1685 1892 115 22 auroient
1812 1889 107 29 épargné
1928 1889 13 22 à
1950 1889 45 22 l’u-

1521 1929 86 18 nivers
1618 1929 6 17 !

1547 1958 119 27 Quoique
1685 1958 37 19 les
1742 1955 79 23 Grecs
1840 1955 95 27 parlent
1947 1955 46 21 Ita-

1520 1993 59 24 lien,
1591 1992 23 21 &
1625 1990 74 28 qu’ils
1710 1989 100 21 élèvent
1820 1990 67 20 leurs
1899 1987 96 22 enfants

1521 2026 62 21 dans
1594 2026 65 20 cette
1671 2024 99 26 langue,
1791 2023 31 21 ils
1838 2023 57 20 sont
1906 2026 88 22 cepen-

1522 2060 59 20 dant
1589 2057 92 29 grands
1692 2055 161 22 admirateurs
1862 2055 30 21 de
1901 2055 22 20 la
1932 2055 62 24 leur,

1521 2092 24 22 &
1555 2092 30 21 de
1597 2097 45 16 son
1659 2089 102 28 énergie
1772 2095 6 15 :
1799 2089 31 21 ils
1851 2087 146 28 prétendent

1522 2124 90 28 qu’elle
1622 2126 39 19 est
1671 2124 23 21 la
1706 2123 55 26 plus
1775 2122 82 25 noble,
1874 2120 21 22 &
1908 2121 23 21 la
1943 2121 53 27 plus

1523 2157 147 28 expressive
1694 2156 41 26 qui
1762 2156 37 20 ait
1820 2154 92 28 jamais
1938 2153 40 22 été
1990 2159 6 19 ;

1523 2191 134 28 quoiqu’on
1668 2191 57 20 leur
1735 2188 128 28 reproche,
1877 2193 62 16 avec
1950 2187 48 21 rai-

1524 2231 55 19 son,
1591 2226 31 21 de
1634 2229 31 16 ne
1678 2223 81 27 parler
1770 2222 75 28 qu’un
1862 2220 67 22 Grec
1946 2226 53 16 cor-

1524 2264 96 20 rompu,
1642 2256 22 22 &
1684 2256 59 22 bien
1763 2254 120 23 inférieur
1900 2252 14 22 à
1935 2253 64 22 celui

1524 2298 48 21 que
1591 2291 123 27 paiioient
1733 2290 35 20 les
1783 2288 111 25 Platons,
1907 2287 38 21 les
1955 2286 44 22 So-

1526 2326 110 27 phocles,
1658 2323 22 22 &
1697 2324 37 20 les
1747 2321 184 23 Démosthenes
1942 2327 6 20 ;
1969 2321 31 20 ils

1525 2360 58 20 sont
1594 2356 155 23 intraitables
1761 2361 43 15 sur
1816 2356 40 20 cet
1873 2354 94 25 article,
1978 2353 22 22 <&

1526 2391 145 28 prétendent
1685 2389 113 27 toujours
1815 2387 72 28 qu’ils
1907 2388 95 25 parlent

1526 2425 66 22 Grec
1600 2425 61 21 diins
1671 2425 69 20 toute
1748 2427 27 17 sa
1786 2420 87 29 pureté
1883 2426 7 20 ;
1903 2420 32 22 ils
1945 2419 58 23 sont

1526 2460 100 20 surtout
1646 2457 87 28 jaloux
1754 2456 30 21 de
1805 2456 54 20 leur
1878 2454 74 27 façon
1972 2453 30 22 de

1527 2496 152 24 prononcer,
1703 2489 73 27 qu’ils
1799 2488 84 21 disent
1905 2487 52 22 être
1979 2487 24 20 la

1528 2525 69 22 seule
1609 2523 129 22 véritable.
1750 2522 28 27 Je
1798 2527 33 16 ne
1849 2520 51 22 suis
1918 2526 44 22 pas
1973 2525 31 16 en

1529 2558 51 22 état
1590 2558 54 21 d’en
1656 2557 81 27 juger,
1747 2557 57 21 tout
1815 2560 29 16 ce
1855 2559 47 23 que
1913 2554 25 26 je
1950 2553 57 27 puis

1528 2592 63 24 dire,
1604 2590 62 22 c’est
1678 2589 91 28 quelle
1780 2590 41 20 est
1833 2587 73 21 d'une
1918 2586 91 22 délica-

1530 2627 67 19 tesse
1608 2623 88 22 infinie
1706 2629 6 19 ;
1724 2622 53 21 rien
1787 2621 64 22 n’est
1859 2620 21 21 si
1889 2619 120 22 touchant

1532 2664 48 22 que
1590 2659 36 21 les
1639 2656 118 23 différons
1768 2658 58 19 tons
1843 2653 75 28 qu’ils
1935 2658 74 22 pren-

1533 2693 60 20 nent
1605 2697 30 16 en
1648 2691 77 21 lisant
1736 2695 5 20 ;
1759 2690 25 26 je
1804 2694 32 16 ne
1854 2687 102 22 connois
1968 2691 42 16 au-

1987 120 45 16 cun
2044 113 88 27 peuple
2145 110 40 28 qui
2199 108 88 29 sçache
2305 105 63 23 faire
2385 103 80 22 sentir

1986 148 36 21 les
2033 151 87 16 accens
2133 149 61 16 avec
2206 142 83 21 autant
2309 140 31 21 de
2357 142 72 24 grâce
2442 135 22 21 &

1987 178 162 24 d’harmonie.

2016 213 39 21 On
2069 211 63 28 sçait
2144 216 47 21 que
2203 209 36 21 les
2253 208 80 22 Grecs
2346 211 30 15 en
2393 209 73 22 gene-

1995 246 27 21 •al
2034 247 59 19 sont
2104 242 191 25 schismatiques
2307 246 5 17 ;
2328 239 54 26 plus
2392 242 74 16 enne-

1997 279 39 21 nis
2058 278 32 21 du
2111 277 67 27 Pape
2197 275 22 21 &
2241 274 43 20 des
2306 272 93 22 Latins,
2424 268 42 28 qui

1995 312 139 21 •éellement
2146 316 29 15 ne
2187 309 54 21 leur
2253 307 54 21 font
2320 309 77 17 aucun
2409 302 57 24 mal,

1995 351 43 22 jue
2050 345 45 20 des
2107 344 100 21 Sultans
2226 340 23 21 Sc
2266 340 45 21 des
2335 338 72 20 turcs
2426 333 41 29 qui

1995 380 33 19 les
2038 377 129 21 accablent
2178 381 5 19 ;
2196 375 54 21 tant
2267 373 18 22 il
2300 373 38 20 est
2350 369 66 23 vrai,
2431 374 30 21 qu

1995 412 16 20 il
2022 410 64 22 n’est
2096 410 72 27 point
2179 408 30 21 de
2220 407 75 21 haine
2307 405 57 27 plus
2375 402 95 21 violen-

1995 448 22 17 te
2028 449 47 21 que
2088 443 76 21 celles
2177 441 40 27 qui
2228 442 57 19 sont
2293 435 126 29 inspirées
2428 440 44 22 par

1995 478 21 20 la
2033 476 109 27 religion
2153 482 6 19 ;
2181 473 65 23 mais
2264 474 23 20 la
2301 470 108 23 Colonie
2428 468 42 28 qui

1995 512 37 19 est
2042 515 29 15 en
2086 509 79 21 Corse
2183 506 65 22 n’est
2268 502 136 29 composée
2423 507 47 22 que

1995 543 31 20 de
2038 541 161 26 Catholiques
2212 538 131 23 Romains,
2354 536 22 20 &
2385 535 39 21 s’il
2433 540 18 22 y
2459 540 13 14 a

1996 576 70 20 entre
2075 579 50 16 eux
2136 573 22 21 &
2171 577 63 16 nous
2244 571 106 27 quelque
2360 567 112 22 différen-

1998 614 36 19 ce,
2048 608 48 21 elle
2107 606 63 22 n’est
2178 611 47 22 que
2235 610 42 16 sur
2286 603 109 28 quelque
2405 600 70 27 point

1997 647 49 16 non
2065 639 118 23 essentiel
2201 638 30 21 de
2250 636 142 27 discipline.
2414 634 61 21 Leur

1999 675 89 27 dogme
2107 675 38 19 est
2164 671 167 22 entièrement
2346 667 130 23 conforme

1999 714 29 15 au
2046 706 72 22 nôtre
2129 713 5 19 ;
2156 706 30 21 ils
2208 705 54 21 font
2278 704 13 21 à
2307 702 102 29 présent
2420 702 56 20 leur

2001 740 78 22 Office
2090 740 60 21 dans
2162 744 49 15 une
2224 737 121 28 Chapelle
2358 735 30 21 de
2398 735 22 20 la
2431 733 46 22 Ca-

2000 772 120 26 thédrale,
2133 772 41 27 qui
2187 772 38 20 est
2235 770 111 27 l’unique
2363 768 115 21 Paroisse

2001 807 31 21 de
2043 807 22 20 la
2079 805 66 22 Ville
2157 804 135 27 d’Ajaccio.
2304 803 76 21 Leurs
2392 806 84 22 papas,

2001 845 32 16 ou
2053 839 67 21 leurs
2141 838 99 21 Prêtres
2261 838 58 20 sont
2337 833 99 27 mariés,
2455 833 22 21 &

2002 874 101 25 portent
2114 874 56 19 tous
2182 876 49 16 une
2242 870 94 27 longue
2347 868 75 22 barbe
2432 875 6 18 ;
2448 867 31 21 ils

2003 905 131 28 reçoivent
2156 905 36 20 les
2217 902 96 23 Ordres
2337 902 43 21 des
2400 900 80 22 mains

2012 938 48 21 l’un
2070 937 107 27 Evêque,
2186 942 42 22 qui
2240 937 80 20 résidé
2332 942 14 14 a
2359 937 88 21 Rome,
2457 939 23 14 oc

2012 972 34 26 lui
2057 974 38 19 est
2106 972 130 20 entretenu
2248 975 44 22 par
2301 970 23 21 le
2334 968 75 27 Pape,
2420 971 61 24 pour

2014 1011 26 15 es
2050 1004 100 21 donner
2161 1003 14 21 à
2187 1006 55 18 tous
2253 1004 37 20 les
2300 1002 79 21 Grecs
2390 1000 91 22 Catho-

2016 1038 78 27 iques,
2114 1037 42 27 qui
2177 1042 27 15 se
2221 1038 118 20 trouvent
2359 1034 123 27 répandus

2012 1071 53 22 lans
2075 1071 36 21 les
2125 1069 143 23 différentes
2281 1068 83 21 Villes
2376 1067 106 21 d’Italie.

2012 1104 36 22 On
2070 1104 56 22 leur
2148 1103 118 27 enseigne
2292 1103 25 20 la
2343 1099 140 29 Théologie

2012 1137 56 22 dans
2079 1143 33 15 un
2126 1136 101 27 Collège
2239 1134 75 23 établi
2328 1139 63 22 pour
2403 1135 50 19 cela
2470 1133 13 21 à

2012 1171 76 21 Rome
2097 1176 6 16 :
2116 1171 67 20 leurs
2196 1168 134 28 Mariages,
2344 1168 67 21 leurs
2424 1167 61 26 Bap-

2012 1205 83 24 têmes,
2114 1204 66 20 leurs
2199 1202 176 21 Enterremens
2390 1206 26 15 se
2432 1200 54 21 font

2012 1237 67 20 selon
2099 1237 23 20 le
2142 1236 34 21 rit
2193 1236 31 20 de
2244 1235 53 21 leur
2316 1234 83 27 Eglise
2408 1239 5 18 ;
2433 1234 54 20 leur

2012 1269 115 28 Baptême
2135 1275 27 15 se
2171 1267 98 23 confère
2278 1273 45 22 par
2331 1266 154 24 immersion,

2012 1309 28 16 en
2067 1304 134 26 plongeant
2224 1302 63 22 trois
2311 1301 50 22 fois
2384 1299 104 22 l’enfant

2012 1338 60 21 dans
2083 1337 64 21 l’eau
2163 1336 30 21 du
2209 1334 140 29 Baptistère
2362 1340 5 16 ;
2389 1333 31 22 ils
2438 1339 50 15 em-

2012 1372 101 27 ployent
2133 1374 62 23 pour
2214 1369 23 21 la
2258 1367 175 25 Communion,
2455 1367 32 20 du

2013 1404 58 28 pain
2083 1404 44 21 fait
2139 1408 61 16 avec
2212 1402 32 20 du
2256 1401 83 22 levain
2351 1407 6 19 ;
2376 1401 56 21 leur
2443 1399 46 22 Of-

2012 1438 47 21 fice
2070 1440 37 19 est
2120 1437 126 25 beaucoup
2259 1436 56 26 plus
2327 1435 61 26 long
2400 1439 46 22 que
2466 1434 22 20 le

2013 1471 72 22 nôtre
2093 1477 6 19 ;
2119 1471 30 21 ils
2168 1471 44 20 ont
2225 1469 125 26 plusieurs
2363 1466 125 26 Carêmes’,

2014 1504 21 22 &
2055 1504 30 21 ils
2104 1504 37 21 les
2160 1502 103 28 jeûnent
2283 1504 57 19 tous
2362 1506 61 16 avec
2441 1505 48 16 une

2014 1538 158 26 scrupuleuse
2188 1535 141 22 exactitude
2341 1540 5 19 ;
2367 1540 30 15 au
2416 1536 73 22 reste,

2015 1568 184 25 leur‘dévotion
2212 1570 38 20 est
2261 1567 79 24 mêlée
2353 1568 30 21 de
2397 1567 96 27 quanti-

2016 1605 24 22 té
2059 1605 31 21 de
2110 1602 176 29 superstitions
2305 1601 136 26 ridicules;
2460 1601 31 21 ils

2016 1639 129 27 craignent
2163 1638 96 20 surtout
2276 1637 37 20 les
2326 1634 133 29 sortilèges
2471 1634 21 21 &

2017 1675 36 20 les
2064 1671 122 23 maléfices
2197 1677 5 19 ;
2217 1676 44 22 par
2272 1669 125 27 exemple,
2413 1668 80 28 quand

2018 1708 66 21 deux
2095 1706 81 22 Grecs
2188 1710 27 15 se
2226 1703 116 25 marient,
2359 1708 31 16 on
2404 1707 27 16 se
2442 1707 53 23 gar-

2019 1741 31 20 de
2067 1740 59 21 bien
2146 1738 30 21 de
2196 1737 101 27 publier
2310 1737 45 21 des
2367 1736 84 21 bancs,
2466 1735 30 21 de

2019 1780 63 22 peur
2087 1779 48 22 que
2144 1773 36 21 les
2190 1773 77 20 futurs
2277 1770 85 28 époux
2369 1776 33 15 ne
2410 1770 85 22 soient

2019 1807 106 28 exposés
2136 1806 13 22 à
2161 1805 105 28 quelque
2279 1804 98 22 funeste
2389 1804 106 22 enchan-

2018 1843 108 23 tement;
2139 1839 132 24 d’ailleurs,
2292 1839 32 20 ils
2343 1843 27 16 se
2390 1838 106 21 marient

2020 1874 146 24 volontiers,
2190 1873 24 20 le
2237 1871 109 28 mariage
2373 1870 67 22 étant
2465 1876 31 16 en

2020 1909 114 21 honneur
2152 1905 78 28 parmi
2251 1910 58 19 eux,
2326 1904 22 21 &
2360 1903 138 22 ordinaire-

2020 1942 69 20 ment
2099 1937 167 29 accompagné
2283 1938 75 21 d’une
2374 1937 125 21 lieureuse

2021 1972 134 24 fécondité.

2047 2006 44 27 J’ai
2100 2006 38 22 dit
2147 2011 46 21 que
2202 2005 37 20 les
2251 2004 106 22 femmes
2369 2003 128 28 Grecques

2022 2040 96 22 étoient
2134 2039 181 21 extrêmement
2336 2037 163 26 laborieuses,

2023 2074 22 21 &
2056 2073 60 22 c’est
2128 2078 27 16 ce
2167 2072 41 27 qui
2221 2072 36 21 les
2266 2071 103 28 éloigne
2378 2071 44 21 des
2431 2071 69 21 vices

2023 2107 22 22 si
2061 2106 140 22 ordinaires
2218 2110 49 16 aux
2285 2106 85 19 autres
2387 2103 111 27 feriimes,

2024 2142 22 20 la
2057 2140 116 24 molesse,
2194 2138 25 21 la
2236 2137 145 28 coquèterie
2393 2136 21 22 &
2430 2138 22 20 le
2472 2137 29 21 li-

2024 2174 138 26 bertinage.
2171 2171 125 27 Toujours
2309 2171 61 21 dans
2382 2171 23 20 la
2417 2171 86 21 retrai-

2024 2210 34 22 te,
2067 2212 57 16 sans
2133 2205 211 21 communication
2355 2203 100 28 qu’avec
2466 2204 36 21 les

2026 2245 138 23 personnes
2174 2239 31 21 de
2217 2239 54 21 leur
2283 2238 103 25 famille,
2400 2239 61 20 elles
2472 2243 31 15 ne

2025 2274 146 26 s’occupent
2189 2277 48 21 que
2258 2272 32 21 du
2315 2271 55 22 soin
2395 2271 109 21 d’élever

2026 2309 66 19 leurs
2102 2305 107 23 enfants,
2221 2305 30 21 de
2264 2305 91 21 veiller
2365 2303 13 22 à
2390 2304 54 22 leur
2452 2303 53 22 mé-

2026 2345 71 22 nage,
2110 2339 22 22 &
2144 2338 85 22 d’aller
2240 2337 13 23 à
2263 2339 24 20 la
2299 2343 137 22 campagne
2448 2343 56 16 cou-

2028 2379 44 22 per
2083 2374 30 21 du
2127 2373 63 25 bois,
2204 2377 31 16 ou
2256 2372 62 21 faire
2336 2370 107 22 d’autres
2461 2377 45 15 ou-

2027 2413 89 21 vrages
2128 2410 92 17 encore
2233 2406 54 26 plus
2299 2404 116 28 pénibles
2426 2411 6 19 ;
2452 2405 55 21 leur

2027 2444 83 24 temps
2129 2439 65 22 ainsi
2215 2437 125 29 empl03'é,
2361 2438 62 21 elles
2437 2438 69 21 n’ont

2029 2479 43 23 pas
2090 2472 75 23 l’idée
2184 2472 31 21 de
2232 2472 21 21 la
2268 2471 115 22 moindre
2396 2471 110 27 intrigue

2030 2512 156 17 amoureuse.

2199 2550 11 27 (
2213 2549 148 27 Cuniinua)

2036 2646 133 22 Aiacciu—
2181 2645 135 29 Slainparia
2328 2644 26 21 di
2367 2645 23 20 A
2401 2643 103 27 Muvra,

2036 2690 14 14 u
2063 2680 241 24 Direllore-Gerenie:
2315 2680 70 22 Pelru
2396 2679 111 23 ROCCA.

36 2818 43 22 che
99 2820 21 21 si
138 2820 62 22 dava
213 2823 116 23 premura
348 2817 24 22 di
384 2818 124 19 assestare

35 2853 56 20 tutti
106 2853 8 21 i
123 2852 88 29 negozî
230 2857 45 23 per
287 2857 50 16 non
355 2849 89 22 venire
458 2849 52 21 dis-

35 2886 97 22 turbato
142 2887 181 26 ingratamente
332 2883 98 29 quando
440 2888 71 22 pran-

39 2924 56 17 zava
117 2921 38 21 col
178 2924 58 18 caro
262 2919 79 22 amico
363 2916 130 23 Altobello

37 2953 106 21 avrebbe
155 2955 93 26 quanto
260 2953 79 26 prima
350 2951 100 27 portato
460 2948 50 28 egli

37 2987 79 21 stesso
123 2988 18 20 il
150 2986 103 28 paniere
263 2991 5 20 ;
279 2986 89 21 volere
376 2989 47 16 con
433 2983 24 21 le
466 2987 44 17 sue

37 3020 98 27 proprie
146 3020 66 22 mani
231 3018 139 22 imbandire
379 3018 24 20 la
414 3021 96 18 mensa.

38 3051 30 22 Di
81 3055 90 25 questo
183 3058 46 16 suo
241 3051 196 29 proponimento
447 3049 65 22 forte

37 3084 23 22 lo
71 3086 59 23 lodô
141 3087 23 21 la
176 3086 90 25 donna,
280 3083 175 30 aggiungendo
466 3082 46 22 che

39 3118 22 21 la
81 3125 119 21 presenza
221 3119 40 21 dei
286 3117 118 23 servitori
435 3117 78 20 mette

38 3156 104 23 sempre.
153 3154 25 20 in
200 3152 160 28 soggezione,
379 3149 33 22 nè
436 3150 77 20 allora

37 3190 106 21 possono
150 3185 129 29 gl’interni
286 3183 109 30 pensieri
401 3187 114 23 prorom-

39 3223 57 21 pere
115 3219 63 22 fuori
199 3218 84 27 liberi,
296 3218 32 21 ed
343 3221 65 17 anco
428 3221 33 16 un
472 3220 32 23 po

38 3252 144 27 scapestrati
190 3258 15 15 a
212 3251 153 29 giocondare
371 3250 25 21 la
404 3249 109 28 brigata'

64 3295 29 5 —
101 3284 75 24 Certo
185 3285 44 22 voi
243 3285 93 26 parlate
354 3283 24 21 di
391 3287 55 21 oro,
459 3287 47 22 sog

38 3317 88 27 giunse
137 3320 19 21 il
168 3318 172 24 comandante,
353 3315 62 29 perô
428 3321 52 16 non
493 3315 22 21 ci

39 3352 107 23 terremo
158 3356 121 25 appresso
289 3351 55 22 altri
360 3349 45 22 che
416 3348 101 23 Onora-

41 3385 35 20 to.

65 3428 29 5 —
103 3419 114 22 Onorato
227 3419 5 21 !
247 3424 13 16 e
271 3424 51 16 non
335 3418 12 21 è
361 3417 50 28 egli
424 3417 19 21 il
455 3421 61 16 vos_

41 3450 35 21 tro
89 3453 143 22 servitore?
244 3462 5 4 •

66 3495 29 5 —
104 3487 114 22 Onorato
234 3490 52 17 non
297 3485 14 21 è
335 3490 36 15 un-
380 3484 134 21 servitore*

45 3514 69 27 bensi
124 3526 32 15 un
168 3519 145 22 cameriëre.

67 3549 92 25 Serena
171 3558 52 16 non
243 3552 86 21 istette
340 3556 13 15 a
372 3548 142 28 perfidiare,

43 3580 68 25 diede
130 3586 77 25 volta,
228 3584 119 22 entrando
368 3589 28 15 su
418 3582 96 21 diversi

42 3618 147 26 particolari,
203 3624 14 15 e
228 3617 100 27 quando
335 3616 26 21 fu
372 3614 144 23 sull’andar-

43 3651 64 24 sene,
121 3652 20 21 si
153 3656 101 17 accorse
262 3650 26 21 di
297 3649 91 22 essersi
399 3648 118 21 dimenti-

44 3683 49 20 cata
113 3685 40 21 del
165 3690 45 16 suo
230 3681 128 23 mandillo
386 3681 66 21 nella
465 3680 52 27 pri-

43 3714 73 26 gione
125 3724 6 19 ;
145 3718 76 21 allora
236 3715 84 22 chiese
331 3715 93 21 licenza
437 3714 24 21 di
473 3718 44 16 an-

535 2813 98 22 darselo
645 2818 12 16 a
672 2811 114 28 pigliare,
798 2810 23 21 la
827 2809 71 28 quale
909 2807 99 28 agevol-

536 2849 82 20 mente
627 2847 110 21 ottenuta
751 2843 20 22 si
780 2844 53 21 lece
844 2842 32 22 ad
884 2841 125 22 avvertire

537 2879 126 22 Altobello
672 2878 166 26 dell’intoppo
845 2882 6 20 ;
861 2875 80 28 questi
953 2872 57 24 levé

536 2915 24 20 le
571 2914 85 26 spalle,
672 2918 14 15 e
696 2912 69 20 disse
778 2917 8 15 :

564 2957 29 5 —
601 2945 67 23 State
678 2946 25 21 di
715 2945 68 21 buon
795 2943 94 25 animo,
903 2940 106 23 Serena;

538 2981 18 21 il
568 2980 106 26 bisogno
689 2979 25 21 fa
724 2978 87 25 bravo,
825 2983 13 15 e
850 2979 83 23 tempo
953 2973 58 23 darà

538 3013 133 27 consiglio.
680 3023 29 4 —

567 3046 82 22 Verso
672 3046 22 20 le
716 3046 97 25 quattro
833 3044 66 26 dopo
921 3047 91 16 mezzo-

538 3080 90 28 giorno
647 3077 130 22 Altobello
797 3076 40 22 udi
860 3077 23 20 la
897 3080 62 17 voce
972 3075 40 21 del

540 3113 163 23 comandante
715 3110 40 27 pel
766 3109 129 22 cerridoio
909 3114 6 19 ;
929 3108 83 22 subito

540 3147 67 27 dopo
615 3146 22 21 si
649 3145 177 27 spalancarono
837 3143 25 21 le
873 3143 71 25 porte
953 3147 13 15 e
979 3141 34 21 fu-

540 3185 63 17 rono
614 3179 62 22 visti
687 3177 114 28 parecchi
814 3174 90 24 soldati
917 3177 97 24 portare

541 3213 70 27 lumi,
630 3212 64 25 fiori,
712 3211 17 21 il
747 3210 102 27 paniere
862 3208 24 22 di
898 3206 91 23 Serena
1001 3212 13 16 e

541 3253 45 16 con
598 3251 56 18 esso
668 3250 30 17 un
708 3244 177 21 assortimento
894 3241 24 22 di
927 3242 89 21 vivan-

542 3282 31 21 de
584 3281 46 21 che
649 3280 20 21 il
690 3278 116 27 capitano
824 3276 20 22 ci
858 3275 156 28 aggiungeva

542 3315 26 21 di
586 3319 54 20 suo,
651 3310 131 24 bastevole
801 3309 30 21 ad
849 3307 60 29 ogni
922 3307 93 27 grande

542 3348 112 21 corredo.
669 3343 111 23 Dimessi
793 3343 6 20 i
808 3340 100 26 soldati,
917 3341 99 21 rimase-

543 3386 26 17 re
581 3379 137 23 Altobello,
730 3375 109 23 Rinaldo
849 3380 14 16 e
875 3373 142 22 ilcamerie-

542 3420 35 20 re,
590 3414 47 21 che
648 3408 208 32 proverbiandosi
868 3412 44 17 con
924 3407 93 21 urbane

542 3447 100 27 arguzie
661 3447 102 25 presero
785 3442 29 21 ad
835 3441 143 27 apprestare
998 3438 18 22 il

542 3480 102 23 convito
656 3482 70 18 corne
739 3480 109 23 persone
869 3479 11 15 a
893 3472 39 22 cui
948 3471 68 23 torni

542 3513 145 23 benvenuto
701 3509 58 28 ogni
773 3507 126 22 accidente
909 3510 108 23 capacea

543 3548 36 21 far
591 3545 103 29 perdere
705 3543 16 22 il
733 3544 95 24 tempo.
846 3539 134 22 Sonavano
993 3538 24 21 le

541 3580 46 25 sei,
594 3578 98 29 quando
705 3576 20 21 si
738 3577 155 19 assettarono
901 3577 13 15 a
920 3577 94 19 rnensu,

541 3618 50 17 non
603 3612 81 28 prima
695 3607 61 30 perô
765 3608 46 21 che
823 3605 106 22 Rinaldo
939 3605 20 20 si
967 3604 50 21 fos-

542 3652 27 15 se
580 3646 81 21 scinta
673 3644 22 21 la
709 3641 75 28 spada
794 3646 13 16 e
819 3638 150 28 spogliatala
981 3637 36 20 di-

543 3679 54 21 visa
607 3678 119 23 militare,
735 3673 124 23 vestendo
868 3672 25 21 in
899 3676 62 16 vece
973 3675 43 15 sua

542 3713 24 19 la
576 3710 151 27 palandrana
735 3715 7 14 :
754 3706 111 23 secondo
874 3706 18 20 il
904 3703 113 22 solitoda

1034 2807 81 27 prima
1126 2808 128 25 tacquero,
1267 2805 137 22 masaziato
1415 2808 92 23 appena

1036 2841 18 21 il
1073 2839 42 27 più
1133 2840 106 27 urgente
1253 2838 132 22 xlesiderio
1405 2837 23 22 di
1442 2837 66 25 cibo,

1036 2873 212 22 ricominciarono
1262 2872 17 21 il
1299 2871 123 29 giocondo
1432 2870 78 22 favel-

1036 2906 44 26 lio,
1091 2912 14 15 a
1117 2906 39 21 cui
1163 2905 114 22 Onorato
1286 2904 122 23 servendo
1415 2909 95 21 sempre

1037 2940 30 21 da
1087 2940 82 22 scalco
1190 2944 14 16 e
1224 2938 30 22 da
1264 2938 114 22 donzello
1400 2937 109 28 pigliava

1036 2974 83 27 parte;
1132 2972 53 22 così
1200 2972 149 28 mangiando
1361 2976 14 15 e
1386 2970 123 25 bevendo,

1038 3012 39 16 ma
1088 3007 78 21 molto
1178 3004 45 28 più
1232 3004 135 25 cicalando,
1388 3004 123 21 arrivaro-

1039 3045 33 16 no
1083 3041 47 21 aile
1143 3044 43 17 ore
1197 3040 52 19 otto
1262 3039 65 20 délia
1338 3042 63 20 sera,
1415 3042 13 15 e
1440 3036 70 28 quasi

1039 3074 23 21 al
1073 3073 107 22 termine
1192 3072 42 21 del
1244 3076 99 22 pranzo.

1065 3117 29 6 —
1101 3107 34 21 Ed
1147 3104 93 26 eccoci,
1260 3104 67 22 disse
1346 3103 18 22 il
1387 3104 122 25 capitano,

1042 3139 115 28 prossimi
1166 3138 33 22 ad
1210 3138 106 21 assalire
1330 3137 18 21 il
1360 3135 95 23 famoso
1468 3135 44 22 fia-

1040 3173 95 22 done...

1068 3217 27 5 —
1104 3205 176 25 Sicuramente,
1288 3210 39 15 ma
1335 3203 77 28 prima
1422 3203 23 21 di
1452 3204 61 20 met-

1040 3240 61 21 terci
1113 3240 24 20 le
1147 3238 65 23 mani
1223 3242 75 22 sopra
1305 3237 35 22 mi
1346 3236 119 28 parrebbe
1472 3236 41 21 be-

1040 3278 33 15 ne
1085 3272 45 22 che
1147 3270 112 23 Onerato
1279 3276 29 16 se
1319 3275 31 16 11e
1368 3269 102 22 andasse
1482 3269 31 21 ad

1041 3304 138 22 ammanire
1192 3304 16 20 il
1222 3303 99 22 caffè...’
1333 3316 4 4 •

1069 3349 29 5 —
1106 3337 57 22 Non
1173 3337 21 21 ci
1207 3336 15 22 è
1233 3336 110 22 mestieri
1355 3336 80 22 che.ei
1445 3341 68 17 corra

1042 3374 92 24 troppo
1152 3371 102 21 lontano
1263 3377 6 18 ;
1292 3369 73 25 corri,
1391 3368 121 26 Onorato,

1042 3404 65 21 nella
1117 3404 49 21 mia
1175 3404 91 24 stanza,
1275 3401 87 27 prendi
1369 3401 146 23 l’occorren-

1041 3439 25 19 te
1078 3437 40 20 sul
1137 3436 98 21 camino
1247 3440 14 16 e
1273 3436 25 20 lo
1321 3433 93 23 faremo
1424 3435 90 21 bollire

1042 3469 73 28 qui...

1069 3513 30 5 —
1106 3502 32 21 Di
1158 3501 81 28 grazia
1260 3505 47 20 no;
1321 3502 96 19 cotesto
1435 3500 80 21 odore

1043 3536 66 21 nella
1117 3537 82 19 stanza
1207 3534 34 21 mi
1256 3532 98 23 offende
1367 3533 7 21 i
1386 3533 102 21 nervi...

1069 3579 32 4 —
1107 3567 35 22 Mi
1152 3572 58 21 pare
1224 3566 45 21 che
1279 3567 26 20 lo
1314 3565 103 22 faceiate
1427 3565 88 21 bollire

1042 3603 64 20 tutte
1116 3602 23 20 le
1147 3601 145 21 mattine....

1069 3645 29 5 —
1106 3633 57 25 Già,
1183 3638 46 22 per
1238 3633 90 25 questo
1348 3631 103 27 bisogna
1469 3629 46 22 che

1043 3672 50 17 non
1106 3672 28 17 ce
1146 3667 25 20 lo
1185 3664 76 22 faccia
1272 3663 88 22 bollire
1372 3669 60 16 anco
1445 3664 22 20 la
1479 3668 37 15 se-

1042 3706 36 19 ra,
1099 3698 100 29 perché,
1216 3698 91 27 capite,
1325 3696 24 21 la
1372 3696 102 21 mattina
1494 3695 21 21 si

1536 2803 126 27 apronole
1673 2801 104 22 finestre
1789 2806 14 14 e
1815 2799 22 21 si
1850 2798 30 22 dà
1892 2799 60 24 aria,
1965 2798 43 21 be-

1537 2836 88 22 nefizio
1638 2835 46 22 che
1696 2839 49 16 non
1759 2832 155 29 puôgodersi
1927 2833 81 21 Linot-

1536 2872 33 23 te,
1576 2870 98 21 almeno
1684 2873 69 16 senza
1763 2868 81 20 danno
1853 2872 7 14 :
1870 2871 14 15 e
1892 2865 43 26 poi
1942 2865 67 27 gius-

1536 2905 36 23 to,
1580 2904 87 21 voleva
1677 2901 114 28 pregarvi
1802 2900 29 21 ad
1843 2897 166 23 ordinareche

1537 2936 33 22 mi
1583 2935 131 23 bollissero
1723 2934 21 22 .il
1757 2932 60 23 caffé
1830 2932 77 22 anche
1915 2933 22 20 la
1949 2934 61 19 mat-

1536 2970 52 21 tina
1600 2969 63 21 fuori
1677 2967 25 22 di
1712 2968 91 20 stanza.

1564 3013 28 5 —
1599 3002 18 21 E
1628 3000 53 23 cosi
1691 2999 92 23 faremo
1791 3000 24 21 di
1826 3002 78 22 certo,
1917 2998 46 22 che
1975 2999 36 20 in-

1537 3035 76 22 tendo
1624 3040 12 16 e
1646 3034 88 27 voglio
1743 3033 45 21 che
1797 3034 99 23 tor.nato
1905 3032 107 21 inliber-

1538 3068 24 22 tà
1575 3068 45 22 voi
1631 3067 100 22 abbiate
1742 3071 12 16 a
1767 3065 145 22 desiderare
1927 3066 23 20 la
1959 3065 51 27 -pri-

1538 3102 76 27 gione
1621 3100 153 22 francese....

1565 3146 30 5 —
1599 3133 84 23 Credo
1702 3132 45 21 che
1767 3131 42 29 già
1830 3131 62 21 siate
1905 3136 14 16 a
1933 3136 79 16 mezza

1539 3168 90 22 slrada.
1651 3165 42 23 Oli
1704 3165 6 21 I
1734 3165 134 28 soggiunse
1889 3164 125 21 Altobello

1539 3199 176 29 percotendosi
1729 3199 64 21 délia
1806 3202 72 17 mano
1887 3198 23 20 la
1922 3197 90 25 fronte,

1539 3235 24 21 lo
1575 3239 83 17 scemo
1672 3232 46 22 che
1730 3236 62 17 sono
1804 3236 5 20 ;
1820 3236 14 16 e
1843 3231 6 20 i
1862 3230 91 27 liquori
1960 3231 13 20 ?

1566 3278 29 5 —
1604 3266 56 23 Non
1673 3265 25 21 vi
1711 3264 153 24 buttatevia,
1878 3262 46 22 che
1936 3263 43 28 giù
1989 3263 25 21 in

1539 3306 96 16 caméra
1649 3299 22 21 ci
1690 3298 65 21 devo
1771 3302 76 16 avéré
1859 3301 49 16 una
1927 3295 87 22 boccia

1540 3334 27 22 di
1587 3332 111 23 vecchio
1716 3336 93 23 cognac
1822 3330 29 21 da
1868 3330 147 20 resuscitare

1542 3373 33 16 un
1588 3368 90 21 morto.

1567 3412 29 5 —
1606 3399 46 22 Per
1672 3403 84 17 amore
1774 3396 26 22 di
1830 3396 50 21 Dio
1908 3400 50 16 non
1978 3396 35 20 mi

1542 3434 93 26 parlate
1647 3432 23 21 di
1684 3436 103 22 cognac,
1802 3429 44 22 che
1858 3429 23 20 al
1893 3429 54 20 solo
1959 3433 56 16 sen-

1540 3466 60 22 tirlo
1608 3466 164 21 rammentare
1779 3467 72 17 casco
1858 3462 25 21 in
1891 3460 122 27 deliquio:

1540 3498 91 27 poichè
1648 3497 193 22 assolutamenle
1850 3495 105 28 bisogna
1966 3496 46 19 ter-

1541 3531 96 21 minare
1649 3530 153 26 regalmente
1814 3534 33 15 un
1860 3528 104 21 convito
1975 3531 39 17 co-

1542 3563 21 21 si
1574 3563 65 21 bene
1651 3561 181 22 incominciato
1844 3566 46 16 con
1901 3562 67 19 tanta
1975 3565 40 16 SÛT

1540 3594 153 23 lennilàfmo
1704 3600 14 14 a
1730 3596 87 24 questo
1829 3595 76 24 punto
1914 3593 101 21 condot-

1540 3630 36 21 to,
1599 3629 25 20 io
1637 3627 24 21 vi
1678 3631 87 22 prego,
1777 3626 79 21 amico
1876 3625 137 25 car-issimo,

1541 3660 26 21 di
1587 3660 117 22 mandare
1720 3658 114 22 Onorato
1846 3663 46 16 con
1911 3663 33 16 un
1964 3658 50 20 mio

1541 3693 116 26 biglietto
1670 3697 14 16 a
1697 3691 101 25 Serena,
1811 3690 91 27 perché
1916 3691 20 20 ci
1948 3695 67 15 man-

2034 2795 23 21 di
2071 2800 48 16 una
2130 2794 87 22 boccia
2227 2793 23 22 di
2259 2794 99 27 liquore
2366 2793 26 21 di
2404 2794 107 27 ginepro

2035 2828 92 22 stillato
2136 2828 25 21 in
2175 2827 104 22 Corsica
2289 2833 6 15 :
2306 2827 43 21 voi
2360 2831 48 17 non
2418 2833 95 21 sapres-

2035 2863 24 19 te
2072 2861 163 28 immaginare
2247 2860 77 22 diche
2335 2859 85 27 bontà,
2434 2861 24 20 di
2468 2861 45 21 che

2036 2896 135 21 eccellenza
2182 2894 38 21 sia
2234 2894 17 21 il
2263 2895 108 26 ginepro
2384 2893 24 21 di
2429 2893 85 22 Corsi-

2037 2934 26 16 ca
2073 2935 6 19 ;
2100 2929 92 22 bastivi
2220 2930 79 23 tanto,
2322 2928 45 21 che
2390 2927 84 23 Plinio
2496 2928 18 21 il

2037 2962 105 22 vecchio
2160 2963 26 21 lo
2208 2964 139 19 rammenta
2370 2966 46 16 con
2436 2967 77 16 onore

2038 2995 64 22 nella
2115 3001 43 16 sua
2170 2994 79 22 storia
2259 2994 155 22 naturale!...

2065 3039 28 5 —
2103 3028 18 22 E
2134 3029 66 21 dove
2212 3028 101 28 alberga
2325 3027 112 22 madama
2446 3027 68 22 Sere-

2039 3068 30 15 na
2078 3063 12 21 ?

2064 3106 29 5 —
2103 3094 49 27 Qui
2164 3097 67 20 sotto
2244 3096 22 21 al
2279 3095 149 22 Pontetto...

2067 3139 28 5 —
2104 3128 18 21 E
2132 3128 45 21 che
2190 3133 43 16 ora
2245 3128 41 21 fa?

2066 3172 28 5 —
2102 3161 31 21 Le
2146 3163 52 19 otto
2211 3166 72 16 corne
2296 3165 129 17 sonano...

2067 3205 28 5 —
2105 3194 66 22 Sono
2180 3197 98 22 sonate,
2288 3194 148 27 interruppe
2449 3193 69 22 Or.c-

2041 3229 61 24 rato,
2116 3233 39 16 ma
2166 3233 28 15 se
2206 3227 70 27 piace
2293 3227 25 21 al
2329 3227 88 26 signor
2429 3227 90 27 capita-

2041 3265 33 16 no
2086 3261 25 21 in
2125 3261 45 21 due
2180 3260 57 21 salti
2248 3260 68 21 vado
2328 3265 14 15 e
2354 3261 82 20 torno.

2068 3293 86 22 Allora
2166 3293 128 22 Altobello
2309 3293 92 20 scrisse
2411 3299 31 15 un
2454 3295 65 19 mot-

2041 3328 36 23 to,
2098 3332 14 16 e
2122 3326 86 22 indicé
2221 3326 18 21 il
2250 3331 107 16 numéro
2369 3325 64 22 délia
2445 3332 55 15 casa
2511 3332 5 18 ;

2041 3360 42 26 poi
2104 3361 24 20 lo
2141 3364 73 22 porse
2233 3360 22 20 al
2267 3359 129 27 capitano,
2417 3360 18 20 il
2446 3359 72 27 quale

2042 3397 70 17 senza
2120 3393 112 27 leggerlo
2239 3392 23 21 lo
2273 3391 128 27 consegnò
2411 3393 27 20 ad
2449 3391 70 22 Onô-

2041 3427 63 24 rato,
2126 3425 176 28 ordinandogli
2318 3424 203 27 magnificamcn-

2040 3459 28 21 te.
2076 3464 6 14 :

2068 3501 29 5 —
2108 3490 123 22 Partite...

2070 3524 52 21 Ora
2137 3524 14 21 è
2164 3524 30 20 da
2209 3524 96 26 sapersi
2321 3523 45 21 che
2381 3523 103 21 durante
2500 3523 19 20 il

2042 3562 89 22 pranzo
2151 3557 79 21 molto
2248 3557 22 20 si
2290 3561 79 16 erano
2389 3555 129 22 trattenuti

2041 3590 140 22 favellando
2200 3589 25 21 di
2245 3589 94 21 carceri
2359 3594 14 15 e
2388 3588 24 21 di
2428 3594 12 15 c
2441 3594 42 15 ose
2504 3593 13 14 a

2042 3625 82 25 quelle
2137 3622 124 25 3ttinenti,
2278 3627 73 16 corne
2365 3622 83 24 morti,
2468 3622 51 19 tor-

2041 3659 62 23 ture,
2117 3655 154 22 liberazioni.

2214 3686 164 30 (Cuntiv.ua)
