2632 3956
287 209 253 57 Impicci
578 219 36 31 e
653 199 270 57 ’mbrogli

119 345 99 21 Santa
224 343 113 20 Divota

143 384 34 20 Sti
183 382 67 26 pochi
257 381 64 23 anni,
328 387 13 13 a
348 381 75 18 nostra
429 377 71 20 Santa
510 374 83 20 Padro-

119 418 28 13 na
157 412 13 18 è
178 410 83 20 festata
269 415 46 13 cun
328 405 86 27 grande
421 409 83 20 pompa
513 408 12 13 e
533 407 58 18 gran

119 444 112 14 cuncorsu
241 436 21 20 di
279 433 156 27 populazione.
445 429 146 25 Quist’annu,

120 472 47 13 una
176 470 76 14 messa
258 462 98 20 suîenne
365 466 27 13 eu
400 458 88 20 musica
498 462 13 13 e
524 458 67 16 cantu

119 494 80 18 èstata
212 490 89 21 célébra
304 492 30 18 ta,
345 494 12 13 a
369 484 120 22 dumenica
507 482 25 20 25
543 481 49 24 jan-

119 519 93 25 naghju,
223 518 23 19 in
253 516 76 20 chiesa
338 514 22 20 di
369 513 44 20 San
427 512 76 19 Roccu
521 514 69 16 novu,

119 536 59 30 da^u
195 544 112 21 canonicu
322 539 124 22 Antonelli.
470 538 120 22 arciprete,

119 573 118 20 sacerdote
246 571 131 19 veramente
386 565 134 26 qualificatu
534 562 28 19 da
578 567 13 12 e

119 601 33 19 so’
160 599 60 20 virtù
230 597 106 24 reiigiose
353 601 12 13 e
379 590 154 28 patriottiebe,
552 594 40 18 per

120 628 23 18 in
147 627 57 19 vueà
212 632 13 13 a
231 625 70 19 Santa
310 621 92 21 Martire
410 626 13 12 a
433 619 42 23 prò
483 617 23 19 di
515 617 8 18 1
532 617 59 18 îsula

119 659 89 18 sempre
217 651 130 20 malabiata.

144 679 134 23 Monsignor
291 673 122 23 Geronimi,
428 672 164 21 Vicanugene-

119 707 54 21 rale,
182 704 133 26 présidente
320 702 22 19 di
352 704 35 16 sta
395 699 59 21 bella
461 700 130 17 ceremoma

120 733 105 24 religiosa
232 738 13 13 e
253 730 170 20 schiettamente
430 723 160 22 tradiziunale,

119 762 56 19 ebbe
184 760 29 20 da
222 765 14 13 u
251 756 90 26 pulpitu
359 753 85 27 parolle
461 749 131 26 prufundis-

119 789 58 20 sime
185 782 178 28 d’eloquenzain
369 782 21 19 la
397 780 34 20 so'
439 777 150 22 alîocuzione.

144 812 116 26 Cumpatti
278 818 13 13 e
304 809 85 23 canori,
399 808 6 19 i
414 806 62 21 canti
493 806 96 22 eseguiti

120 843 27 20 da
156 849 13 13 a
179 849 11 11 «
197 840 81 21 Schola
285 846 10 10 »
306 838 22 20 di
338 844 14 13 u
361 835 87 27 picculu
455 833 133 20 seminariu,

118 873 62 17 sottu
198 867 73 21 l’abile
280 865 116 21 direzione
409 863 23 19 di
449 869 15 12 u
478 858 111 22 canonicu

118 897 78 22 Casta,
203 895 94 24 empjnu
308 899 13 13 a
330 892 59 20 volta
407 890 68 20 d’una
492 888 99 20 incante-

118 925 53 20 vule
179 922 114 22 armunia,
300 927 37 16 eu,
344 926 11 13 a
362 916 158 22 TElevazione,
529 915 6 19 i
544 919 46 14 ane

118 951 109 21 musicale
244 948 97 23 ciassici,
349 945 114 22 modulate
479 950 29 13 eu
524 942 66 20 Tarte

119 976 189 27 tant’appreziatu
324 975 28 20 da
364 974 98 20 Maestru
480 969 109 22 Peschek,

120 1007 37 20 chi
164 1006 101 20 rialzonu
272 1010 13 13 a
294 1001 138 22 ceremonia.

144 1034 104 21 Dicertu,
256 1031 54 25 ogni
317 1030 70 20 Corsu
396 1029 58 19 deve
462 1024 127 27 applaudis-

119 1068 25 13 ce
150 1060 103 20 a’simile
261 1056 184 22 manifestazione
459 1055 68 19 d’una
540 1051 50 20 fede

120 1089 176 21 schiettamente
328 1088 86 19 nostra,
443 1083 112 19 attaccata
578 1085 13 13 a

120 1116 78 25 queîla
206 1115 23 20 di
238 1115 45 19 bon
292 1112 103 21 cristiani
402 1118 6 12 :
417 1111 70 20 Santa
502 1108 88 22 Divota,

119 1143 95 21 martire
223 1142 90 20 cirnese
324 1147 31 13 un
364 1140 28 24 pò
406 1138 42 20 che
462 1134 129 23 manteneci

121 1174 62 18 sottu
192 1177 14 13 a
213 1170 35 20 so’
256 1168 122 21 benedetîa
389 1172 68 14 manu
467 1170 41 20 per
516 1170 15 13 u
540 1168 52 14 nos-

122 1203 36 16 tru
168 1198 46 20 fidu
223 1197 58 25 epiu
291 1198 134 20 rammentu,
443 1199 38 14 ma
499 1191 20 21 ci
534 1191 25 19 sò
568 1190 22 19 di

119 1226 71 25 quelli
199 1225 45 23 chi,
261 1227 62 17 sottu
331 1222 80 21 l’unicu
428 1220 100 25 impulsu
538 1218 23 20 di
578 1223 13 14 a

118 1253 110 23 servilité,
238 1255 98 17 sentenu
354 1255 87 19 sempre
458 1255 16 13 u
492 1247 99 23 bisognu

121 1282 22 20 di
161 1280 103 21 maccbià
282 1287 14 12 u
311 1285 56 14 veru
384 1283 70 18 scopu
478 1275 23 20 di
516 1273 76 21 simile

119 1308 189 22 manifestazione
331 1306 33 20 fat
365 1309 22 17 te
403 1303 189 22 essenzialmente

120 1343 28 14 eu
161 1336 83 25 spiritu
252 1335 23 19 di
287 1334 154 25 patriuttismu
450 1338 14 14 e
472 1331 23 20 di
505 1329 88 21 alradi-

123 1364 60 21 zioni
201 1363 77 21 iucali.
292 1362 19 20 E
328 1362 56 22 eus),
401 1358 166 26 miscugliendu
585 1364 7 12 i

119 1392 93 25 penser!
222 1391 69 20 d'una
299 1390 63 20 fosca
370 1389 60 25 pietà
439 1394 12 13 a
458 1386 71 26 quelli
538 1385 54 20 d’un

120 1420 89 20 calculu
218 1424 154 19 vergugnosu,
382 1423 58 14 vanu
449 1422 13 13 a
472 1415 68 23 circà,
547 1420 28 13 eu
585 1413 7 20 i

119 1448 33 19 so’
163 1447 47 20 resi
219 1446 69 23 conti,
302 1452 47 14 una
358 1444 137 21 cumunione
503 1442 22 20 di
541 1441 52 20 fede

119 1475 46 20 for’
172 1475 25 20 di
205 1474 79 26 patria,
302 1473 55 21 inde
371 1472 92 25 ghiente
479 1470 67 21 ch’un
563 1469 30 25 pô

121 1503 49 20 ch’è
182 1508 83 15 essene
277 1500 148 24 insensibile;
441 1506 12 14 e
472 1497 121 22 vulendusi

121 1537 65 14 serve
201 1531 22 19 di
240 1536 12 14 a
271 1529 153 21 martirizzata
446 1527 24 20 di
492 1526 102 21 Mariana

120 1565 42 18 per
170 1559 72 24 pruvà
248 1564 45 14 una
300 1557 104 24 simpatia
410 1556 23 19 di
439 1561 68 14 razze
512 1559 82 20 oppes-

119 1590 29 19 te,
151 1586 76 20 citant:
234 1586 47 20 cusi
287 1592 15 13 u
312 1585 32 20 so’
350 1585 49 20 locu
405 1584 23 20 di
434 1581 159 27 riposu,fendu

120 1620 47 14 una
175 1613 156 20 lamentevule
339 1612 137 20 cunfusione
493 1610 23 20 di
532 1609 63 20 frun-

120 1642 59 20 tiere
187 1648 14 13 e
209 1641 198 25 d'indipendenze.

143 1670 20 19 A
173 1669 44 20 bon
228 1669 152 20 intenditor...

120 1721 171 29 IT’igliôlie...
301 1724 130 25 Oagnoîi.

145 1765 20 20 U
174 1765 36 20 Gu
214 1772 72 13 vernu
293 1765 29 20 Di
329 1764 110 21 Poincaré
444 1769 14 14 e
464 1760 129 22 cunfratelli

121 1793 22 20 di
157 1794 95 19 Iistessu
269 1793 79 25 legnu,
365 1792 72 20 stinza
454 1797 14 13 e
484 1789 90 21 braccie
581 1794 13 14 e

119 1821 66 24 grida
194 1827 14 14 a
215 1820 179 25 Timpussibilità
400 1819 53 25 ogni
461 1818 62 20 volta
529 1816 66 21 ch’el-

123 1849 129 24 lulijugne
267 1855 14 13 a
297 1847 128 23 Porecchia,
443 1852 108 14 venencu
565 1845 29 19 da

121 1876 104 23 Gorsica,
234 1883 30 13 un
274 1875 123 26 ughiuludi
406 1873 169 23 miseria.Però,
586 1872 7 20 i

123 1904 71 20 mezzi
203 1905 19 19 si
232 1908 99 16 trovanu
338 1910 14 13 e
357 1902 117 25 s’approda
480 1901 114 24 diligenza

123 1939 12 13 e
144 1938 53 14 core
210 1932 53 24 ogni
272 1931 60 20 volta
341 1931 35 20 chi
384 1930 115 20 tutt’altru
508 1928 86 25 figliolu

121 1959 185 26 appiccicaticciu
316 1959 29 20 ha
353 1965 29 13 un
392 1957 102 21 trafariu.

146 1987 64 24 Cusi,
219 1987 116 24 TAlgeria,
342 1987 24 19 in
375 1986 90 24 seguitu
474 1991 14 14 a
496 1991 30 13 un
536 1987 59 17 cata-

121 2016 81 20 clismu
211 2018 99 19 recente,
318 2014 76 20 riceve
401 2013 49 20 subi
453 2017 34 19 tu,
489 2013 29 24 pè
525 2012 8 20 i
541 2012 54 19 dan-

121 2044 23 20 ni
156 2048 25 20 14
190 2042 89 21 milioni
286 2042 23 20 di
316 2041 106 23 succorsi,
430 2041 38 25 poi
474 2047 6 13 :
520 2039 75 20 miho-

122 2072 31 22 ni,
168 2070 109 21 destinati
288 2076 13 14 a
310 2069 139 25 reparazioni
459 2075 14 12 e
486 2067 54 20 deni
549 2066 46 25 pri-

123 2099 82 25 vati,27
211 2098 88 20 milioni
306 2098 24 19 in
337 2096 135 21 rifacimenti
477 2096 25 19 di
509 2095 83 23 strade,

122 2127 68 24 porti,
216 2126 149 25 agricultura,
386 2131 47 14 ecc.
453 2122 140 22 S’annuncia

122 2155 62 21 dinô,
195 2154 99 24 urgent!.
304 2159 42 19 per
354 2152 129 26 quist’annu
490 2158 7 13 :
501 2151 35 20 '32
553 2150 42 20 mi-

121 2182 57 20 lioni
188 2182 23 19 di
220 2181 71 20 danni
300 2181 92 25 privati,
408 2184 26 16 20
448 2179 90 21 milioni
553 2185 41 18 per

122 2210 77 20 strade
207 2209 90 23 ferrate,
308 2209 24 20 33
342 2208 86 20 milioni
437 2214 42 18 per
496 2207 7 20 i
519 2206 73 20 îavori

121 2237 95 25 public!.
226 2236 103 21 Ouessi..
339 2236 21 20 ci
368 2235 95 21 volenu!
473 2235 17 20 E
505 2235 19 20 ci
533 2240 61 14 sera-

121 2272 40 16 nu,
170 2265 131 20 senz’alcun
312 2264 80 20 dubitu
401 2264 6 20 !

147 2292 118 21 Ouandeu
271 2292 62 24 focu,
340 2298 13 14 a
359 2291 111 26 grandine
478 2297 14 14 o
501 2298 14 13 u
523 2294 70 17 ventu

121 2321 19 20 si
149 2327 55 18 para
212 2326 14 14 a
232 2324 96 16 caternu
341 2320 135 25 qualcosain
492 2318 100 24 Corsica,

123 2349 7 19 i
139 2348 103 20 succorsi
250 2348 113 20 subitanei
372 2354 13 13 e
393 2348 90 19 venturi
497 2347 31 20 so’
537 2353 58 13 sem-

121 2382 42 19 pre
172 2376 47 20 dati
228 2376 54 20 da...
292 2379 80 17 nostru
382 2375 109 25 Signoreî

148 2404 18 20 E
174 2410 68 14 cume
249 2411 14 12 u
273 2404 41 25 più
322 2403 98 21 nefandu
429 2403 29 20 d’x
468 2402 126 21 cataclismi

123 2432 13 19 è
144 2435 62 17 statu
224 2432 29 24 pè
265 2438 13 13 a
296 2431 94 21 Corsica
405 2431 77 25 quellu
500 2430 94 20 d’essesi

122 2459 152 25 impadruniti
283 2460 24 19 di
317 2459 39 20 noi
368 2458 118 25 perforza,
497 2458 99 20 unn’im-

121 2493 59 19 pene
189 2487 102 20 succorsi
302 2488 30 19 nè
340 2487 61 24 ajute
409 2487 29 19 nè
446 2486 147 20 rifacimenti.

121 2514 119 20 Marianna
249 2514 19 20 ci
278 2514 48 20 s’ha
336 2514 86 25 pigliati
438 2514 72 20 mezzi
517 2513 76 23 scalzi,

122 2549 13 13 e
142 2543 24 19 di
175 2542 97 20 calzacci
282 2549 31 13 un
321 2542 169 20 ferefcbemicca
498 2548 15 13 u
522 2542 33 19 so’
562 2540 32 20 af-

122 2569 58 21 fare.

145 2607 28 5 —
177 2597 72 26 Lagni
266 2598 173 24 inghiustineati
456 2597 23 20 di
497 2603 13 14 a
526 2597 68 19 JSAEll-

125 2629 58 16 vra
191 2624 20 21 ?

146 2663 27 4 —
177 2653 66 20 ïnnô!
249 2653 245 21 L’avemuintesadicu
500 2656 96 17 enostre

123 2682 91 24 proprie
219 2681 107 20 crecchie
331 2682 24 19 in
361 2681 114 25 cunsiglîu
480 2680 115 25 generale,

124 2709 29 19 da
161 2716 33 13 un
203 2713 64 16 certu
276 2713 106 16 senatore
389 2716 6 12 :

149 2743 40 13 ...«
197 2737 131 22 Messieurs,
338 2743 56 14 vous
401 2737 22 19 le
430 2743 73 14 savez
511 2742 85 14 comme

124 2765 73 19 moi...
207 2764 90 24 chaque
304 2764 48 25 fois
359 2771 50 18 que,
417 2767 62 21 pour
484 2765 26 19 la
520 2763 75 23 Corse,

124 2798 59 14 nous
195 2792 170 20 demandons...
383 2799 58 13 nous
456 2798 60 14 nous
531 2791 66 21 heur-

124 2822 52 18 tons
182 2826 18 13 a
208 2826 44 13 une
260 2820 134 20 barrière-..

148 2846 45 23 Ma,
203 2847 62 20 detta
274 2848 24 19 in
306 2854 74 16 corsu,
398 2848 27 19 da
434 2847 32 20 A.
477 2847 119 23 IVluvra,

124 2874 88 21 l’affare
220 2881 32 13 un
262 2876 28 19 và
299 2876 41 24 più
348 2876 6 20 !

152 2903 18 19 E
178 2903 61 23 cusi,
248 2903 61 24 quai’
318 2902 85 26 figliolu
411 2909 13 14 e
433 2904 70 24 quale
517 2908 81 18 cagno-

124 2930 34 24 lu,
167 2931 24 19 in
200 2930 142 24 sempiterna
351 2930 77 21 seeuîa
437 2930 116 21 marne!...

150 2958 99 20 Almenu
257 2958 64 20 chi...

129 3016 79 25 Ogni
213 3016 102 21 arba...
328 3021 42 15 un
382 3016 98 21 îaseru.

151 3055 26 24 E,
184 3056 34 19 sia
225 3062 57 17 puru
289 3056 45 20 ella
343 3056 96 19 urticula
444 3062 14 13 o
468 3056 129 22 mintrastu,

125 3086 62 17 tuttu
204 3083 122 20 diventerà
351 3083 53 20 fenu
417 3083 23 19 in
458 3083 24 20 lu
501 3083 97 20 barcone

126 3110 106 24 pinzutu.
246 3110 97 20 Bulemu
358 3110 60 25 parîà
432 3110 22 20 di
464 3117 13 13 a
485 3110 113 25 ripopula-

126 3138 67 20 zione
201 3137 105 21 francese
314 3144 41 19 per
362 3138 52 20 altri
423 3138 71 20 mezzi
503 3144 25 14 ca
537 3138 61 24 quel-

127 3165 22 20 la
159 3165 104 20 naturale
272 3165 38 20 chi
320 3165 101 20 cunsiste
429 3166 28 19 ad
470 3164 128 26 avèfiglioli

126 3199 13 13 e
146 3192 103 20 allevalli
257 3193 72 20 s’omu
336 3199 29 13 ne
373 3193 52 19 voie
431 3194 80 19 cuntà.

153 3223 19 19 A
180 3223 68 24 legge
254 3223 24 19 di
287 3230 14 13 u
311 3228 24 15 10
345 3226 80 22 agostu
435 3228 51 20 1927
503 3227 95 21 permet-

129 3250 34 20 tia
179 3250 24 20 di
220 3251 107 24 ricuperà
344 3257 31 13 un
392 3256 96 15 numeru
509 3251 23 20 di
545 3251 53 20 novi

127 3276 99 21 francesi
232 3287 25 4 —
262 3281 60 17 tutta
348 3278 93 24 sciuma,
460 3279 138 19 sicuramen-

127 3309 23 16 te
157 3306 6 19 !
169 3315 27 4 —
201 3312 12 13 e
222 3305 97 25 impattà
333 3306 48 20 cusi
390 3312 14 13 u
412 3306 66 20 biotu
496 3306 59 20 fattu
571 3306 27 20 da

128 3338 12 14 a
146 3339 85 18 guerra
239 3331 57 25 (cusi
306 3332 91 25 dicenu)
404 3340 13 13 e
426 3333 27 20 da
469 3340 13 13 a
489 3333 109 20 deficente

127 3360 96 20 natalità
235 3359 127 25 (Piutostu!
372 3360 17 20 E
402 3367 42 17 per
456 3361 63 24 quali
533 3361 65 20 muti-

127 3388 22 19 vi
155 3387 28 25 ?).
194 3387 86 20 Ma’ssa
289 3388 67 25 legge
359 3394 31 13 un
399 3388 94 20 bastava
500 3395 39 18 per
546 3388 52 20 faci-

129 3415 41 19 lita
179 3422 15 13 u
204 3415 148 20 criscimentu
360 3415 29 20 d’i
404 3415 82 25 figlioli
503 3416 95 20 aduttivi

128 3442 23 20 di
160 3442 56 20 zizia
229 3442 126 23 Marianna,
371 3443 81 24 perche
473 3444 7 19 i
498 3444 61 19 nomi
575 3444 23 19 di

127 3470 55 19 tutti
200 3470 7 19 i
225 3471 161 19 naturalizzati
413 3471 185 24 timpaneghianu

127 3500 84 21 troppu
217 3497 24 19 in
249 3497 128 23 l’crecchie,
387 3503 12 14 e
411 3504 14 13 a
433 3498 165 20 francisazione

129 3524 22 19 di
167 3524 31 20 sti
214 3524 63 19 nomi
291 3525 111 24 s’impone
414 3531 42 18 per
471 3526 88 19 ch’omu
569 3533 29 13 un

129 3557 68 18 possa
205 3551 40 24 più
253 3551 133 21 differenzià
395 3559 13 13 u
414 3553 110 25 Pariginu
531 3553 28 19 da
568 3560 30 13 u..

129 3579 85 19 zoulou
222 3585 14 12 o
245 3585 13 13 u
267 3579 141 25 Marsigliese
416 3580 30 19 da
459 3587 32 13 un
501 3580 97 24 Giappu-

129 3611 57 14 nese
192 3613 7 16 ;
208 3612 13 13 e
230 3607 55 21 cusi,
294 3613 32 13 un
342 3610 104 21 prugettu
455 3608 24 19 di
496 3608 65 23 legge
578 3608 20 20 d:

132 3639 14 13 u
156 3633 110 24 deputatu
277 3634 106 20 Lambert
391 3641 105 17 prupone
504 3635 48 20 chi:

157 3663 82 24 ..Ogni
244 3665 190 23 stranierupossa
439 3666 96 19 diventà
538 3665 60 24 fran-

131 3696 50 14 cese
191 3691 25 19 in
219 3691 92 24 seguitu
320 3693 24 18 a’
347 3698 24 13 so
384 3693 214 20 naturalizzaziont

619 339 12 13 e
636 336 74 21 possa
718 331 121 21 dumandà
853 336 15 13 a
874 326 174 27 francisazione
1064 323 26 20 di

619 366 16 13 a
643 360 34 19 so’
682 359 99 24 propria
789 359 91 19 casata,
891 362 15 13 a
916 353 70 26 qualc
1001 352 23 20 si
1037 351 53 25 ferà

619 393 27 14 eu
654 385 140 25 l’aghiunta,
804 391 16 13 a
828 386 167 22 suppressione,
1014 386 16 13 a
1043 384 48 14 mu-

618 412 140 26 dificazione
775 412 27 20 di
817 417 48 14 una
883 416 13 13 o
911 408 43 26 più
966 407 87 19 lettere.
1076 411 14 13 o

619 440 117 21 mediante
744 445 16 14 a
769 437 138 22 traduzione
915 435 92 20 diretta.

643 470 26 23 E,
679 469 22 20 di
711 469 93 24 megliu,
814 468 24 20 in
848 466 84 24 megliu
939 471 6 13 :

643 499 51 21 ...U
699 499 117 20 stranieru
825 496 113 21 maritatu
946 494 67 19 c'una
1026 492 65 24 fran-

619 533 53 13 cese
675 527 34 24 pô
717 525 123 21 dumandà
849 523 25 20 di
884 521 76 26 piglià
974 527 16 13 a
1007 521 83 19 casata

619 554 27 20 di
660 560 16 13 a
691 553 94 24 moglia,
800 552 23 20 si
838 552 84 23 guesta
938 555 13 13 e
968 548 26 20 di
1009 549 82 18 casata

615 582 114 24 francese.

642 611 166 20 Sicuramente,
818 608 37 20 noi
864 607 66 20 Corsi
939 604 119 21 caschemu
1067 603 24 20 in

618 639 22 19 lu
650 642 77 18 contu,
734 639 67 21 postu
811 635 36 20 chi
855 634 97 20 sariamu
961 631 89 21 cunfusi
1064 637 27 13 eu

618 664 108 20 ritaliani
731 670 7 17 ;
748 663 52 19 face
809 662 44 23 chi,
862 668 12 13 a
884 661 46 20 fola
947 660 22 19 di
984 658 109 21 francisa-

617 692 67 20 zione
692 691 23 19 di
725 690 63 20 nomi
799 689 59 20 corsi
868 691 66 17 tantu
943 687 113 20 mintuata
1064 685 28 20 da

617 719 39 20 noi
666 718 118 19 diventerà
794 723 45 13 una
854 715 90 23 realità,
962 721 13 13 e
991 713 100 26 pudemu

617 747 92 19 intantu
717 744 86 25 sceglie
811 751 13 12 e
832 746 79 17 nostre
919 744 148 18 novecasate.

642 779 17 20 E
668 785 66 14 cume
742 778 7 20 i
755 777 60 20 corsi
825 775 151 22 imbastarditi
986 781 31 14 un
1030 780 62 14 sera-

617 814 31 13 nu
657 806 108 21 l’ultimia
775 804 149 26 prufittanne,
940 806 66 22 postu
1015 801 75 21 ch’elli

616 835 132 20 trascinanu
764 833 7 20 i
789 833 34 19 so’
831 832 62 20 nomi
908 838 43 13 cun
968 836 121 19 vergogna,

618 865 130 17 senteremu
772 864 77 20 prestu
872 862 79 22 prestu
967 858 22 20 i:
1015 857 74 24 Paul,

616 890 95 21 Paulin,
720 888 64 21 Petit
789 887 66 26 paul,
865 886 92 23 Panlot,
968 885 123 26 Salepaul;

617 924 27 13 eu
653 918 7 19 i
669 924 5 13 :
684 915 184 23 Hérisson,Petit
875 914 215 25 c...,Leteigneux...

619 945 81 21 Grosse
710 944 74 20 valise
800 950 44 16 ecc,
854 949 64 14 ecc...

642 975 42 20 Chi
705 974 135 25 imbrogliu,
864 976 161 23 quantinique,
1051 978 40 19 per

617 1003 71 26 quelli
697 1003 36 20 chi
751 1006 97 21 portanu
857 1008 13 13 a
879 1005 76 17 casata
973 1000 117 22 Lucchesi,

616 1031 99 21 Pinzuti
721 1037 41 14 o...
769 1030 29 20 de
810 1029 79 21 Corsi!

617 1091 210 25 Separatisimi

644 1134 19 20 U
673 1133 91 21 «Guide
776 1133 85 23 Postal,
870 1132 186 25 Télégraphique
1069 1131 23 20 et

618 1162 179 25 téléphonique»
807 1161 113 20 incartatu
928 1158 164 23 inlucalenda-

618 1190 36 20 riu
662 1189 131 21 distribuitu
802 1189 28 20 da
839 1189 7 20 i
854 1189 83 24 pedoni
947 1187 144 25 cumerigalu

619 1218 22 20 di
650 1224 59 18 capu
721 1217 97 23 d’annu,
828 1217 37 20 chi
873 1216 72 21 unn’è
953 1216 42 20 che
1004 1221 45 14 una
1064 1214 29 20 ri-

618 1245 140 26 produzione
783 1245 24 20 di
827 1252 14 13 u
859 1244 159 26 regulamentu
1040 1243 23 20 di
1084 1242 7 20 i

619 1274 25 20 P.
654 1273 27 21 T.
690 1273 36 24 T.,
740 1277 67 22 porta
816 1274 19 19 a’
843 1273 85 25 pagine
936 1272 36 21 i3:

646 1304 75 25 Tarifs
748 1304 43 20 des
815 1304 56 20 colis
884 1306 105 22 postaux
997 1310 9 13 :
1026 1306 18 17 1'
1063 1302 30 19 de

618 1333 66 24 port
697 1332 135 25 français
840 1332 16 20 à
867 1334 56 22 port
936 1330 110 25 Algérien
1063 1336 30 13 ou

619 1361 97 19 Corse.
734 1363 22 17 2'
775 1360 57 20 d’un
846 1361 63 23 porb
921 1358 134 25 français
1076 1358 16 19 à

619 1395 45 13 une
670 1394 59 19 gare
737 1388 30 20 de
775 1388 133 22 l’intérieur,
918 1393 28 14 en
958 1387 97 20 Corse.

686 1558 94 46 Film
799 1557 53 47 du
872 1556 152 58 Maquis

646 1676 138 22 1!élection
809 1677 43 21 des
871 1676 68 21 deux
957 1678 136 18 nouveaux

622 1710 104 28 députés
735 1710 189 22 autonomistes
935 1707 126 22 alsaciens
1078 1711 16 16 a

621 1750 31 15 eu
682 1746 72 25 pour
776 1743 117 28 premier
926 1741 166 27 contre-coup

622 1777 122 22 d'exciter
759 1776 28 22 la
800 1776 100 29 fureur
918 1775 29 21 de
967 1774 126 22 certaines

620 1810 104 27 feuilles
735 1808 149 23 insulaires.

651 1850 48 21 Ces
710 1849 123 22 torchons
842 1848 184 28 d’inspiration
1033 1845 61 30 pré-

622 1882 124 23 fectorale
750 1884 62 20 sont
818 1881 159 29 désemparés
985 1882 25 20 et
1015 1882 79 25 pous-

621 1918 57 20 sent
689 1916 35 22 les
731 1916 78 22 hauts
820 1916 62 21 cris.

652 1956 40 21 O11
703 1955 42 21 11’a
752 1957 50 26 pas
814 1954 55 22 idée
881 1954 75 21 dune
965 1953 74 22 chose
1044 1955 49 25 pa-

620 1989 77 22 reille
705 1989 10 20 !
732 1988 59 21 lise
800 1990 91 19 trouve
904 1987 43 21 des
957 1986 136 21 Alsaciens

621 2022 15 22 à
649 2022 47 27 qui
709 2021 137 22 Monsieur
852 2020 131 26 .Poincaré
990 2019 44 22 n’a
1043 2021 50 25 pas

622 2055 83 22 l'heur
716 2055 30 21 de
754 2054 88 29 plaire
854 2055 25 20 et
891 2054 46 27 qui
948 2052 40 22 lui
1003 2054 45 20 ont
1058 2053 35 21 si-

618 2088 80 29 gnifié
705 2094 47 15 son
760 2087 93 28 congé!

650 2126 63 23 Cela
720 2126 104 26 semble,
831 2132 31 15 en
872 2127 65 26 effet,
947 2132 49 15 une
1007 2131 86 16 mons-

620 2161 110 23 truosité
739 2160 15 22 à
764 2166 49 16 nos
820 2160 64 21 anti-
889 2159 53 22 Cor
942 2164 13 16 s
955 2165 33 19 es,
991 2159 101 21 cireurs

621 2196 30 21 de
667 2195 81 21 bottes
758 2192 203 26 ministérielles,
975 2192 118 22 habitués

621 2229 15 20 à
647 2230 81 20 toutes
737 2228 37 22 les
782 2227 146 28 platitudes
936 2228 25 20 et
969 2226 99 21 dressés
1076 2225 16 21 à

618 2261 89 23 l’école
716 2262 43 21 des
773 2263 79 26 coups
866 2260 30 22 de
904 2259 62 29 pied
984 2259 108 28 quelque

618 2297 73 27 part.

648 2334 25 21 IL
679 2334 66 28 faut
752 2335 128 26 pourtant
889 2332 78 29 qu'ils
979 2338 29 15 en
1014 2333 78 26 pren-

620 2370 61 19 nent
698 2367 58 21 leur
765 2367 76 28 parti
847 2373 9 15 :
870 2366 23 22 il
898 2373 19 20 y
927 2372 16 15 a
954 2367 70 20 toute
1042 2370 50 16 une

618 2400 160 29 population
790 2399 146 22 alsacienne
945 2399 46 28 qui
1003 2398 89 28 refuse

622 2435 57 21 dese
686 2434 92 21 laisser
783 2433 96 22 brimer
882 2432 63 28 plus
949 2431 143 28 longtemps

621 2469 23 20 et
660 2468 47 27 qui
716 2473 32 15 ne
758 2472 28 16 se
798 2468 58 20 sent
863 2471 100 16 aucune
975 2464 118 29 aptitude

622 2500 14 22 à
648 2506 26 16 se
681 2500 71 25 faire
760 2505 117 16 caresser
887 2498 111 22 l'échine.

648 2539 56 22 Par
720 2539 27 21 la
755 2539 62 21 voix
834 2539 29 21 de
874 2543 42 16 ces
928 2537 104 28 députés
1048 2537 46 27 qui

621 2574 58 20 sont
695 2572 43 22 des
749 2572 113 21 hommes
875 2573 26 20 et
913 2577 53 15 non
982 2571 44 20 des
1039 2576 55 15 ma-

621 2607 85 27 nettes,
729 2605 49 22 elle
805 2611 15 15 a
838 2604 54 28 fait
914 2603 134 22 connaître
1077 2603 16 21 à

623 2639 117 22 l'homme
752 2639 46 27 qui
809 2639 38 21 rit
856 2638 65 21 dans
938 2637 36 21 les
985 2636 109 22 cimetiè-

622 2678 42 16 res
669 2678 29 15 sa
707 2671 80 24 ferme
794 2670 101 23 volonté
902 2670 54 22 d'en
963 2670 66 27 finir
1036 2676 58 15 avec

622 2711 41 16 ses
672 2704 130 22 méthodes
811 2704 226 22 centralisatrices.

653 2744 39 21 U11
709 2743 90 28 député
815 2744 172 21 autonomiste
995 2742 35 22 Va
1038 2743 39 21 dit
1085 2748 9 15 :

623 2777 46 22 Les
687 2777 116 22 récentes
814 2776 121 22 élections
947 2777 45 21 ont
1001 2776 94 22 consti-

624 2811 44 22 tué
675 2816 35 16 un
718 2809 127 23 véritable
853 2809 170 29 plébiscitent
1031 2809 65 22 l'Al-

623 2850 57 15 sace
698 2843 58 22 s'est
767 2843 146 28 prononcée
918 2845 72 26 pour
1004 2842 91 22 l'auto-

624 2877 93 22 nomie.

652 2916 137 22 Monsieur
806 2916 128 22 Poincaré
952 2918 64 25 peut
1029 2916 66 22 donc

622 2948 93 29 gémir,
734 2948 140 29 sangloter,
888 2949 75 27 faire
981 2948 44 22 des
1044 2949 52 21 dis-

626 2988 77 16 cours
710 2982 22 21 d
736 2988 49 15 une
797 2982 125 28 longueur
933 2982 118 26 inusitée,
1064 2988 32 15 en

627 3014 106 29 ofpeler
752 3015 15 21 à
779 3014 104 27 Fachot,
906 3015 15 21 à
937 3014 128 26 Barthou,
1079 3014 16 22 à

629 3048 124 28 Chiappe,
764 3048 16 21 à
792 3047 28 22 la
830 3048 119 28 Pologne,
962 3048 15 21 à
986 3047 28 23 la
1027 3048 69 22 You-

622 3080 139 29 go-Slavie,
773 3080 14 22 à
798 3081 26 21 la
834 3080 262 29 Franc-Maçonnerie

626 3116 25 20 et
659 3114 16 21 à
684 3113 26 22 la
719 3114 197 28 haute-finance,
928 3114 20 22 il
955 3121 31 15 ne
990 3117 107 25 pourra,

626 3148 57 21 rien
692 3147 112 28 changer
816 3154 33 15 au
864 3154 79 16 cours
958 3148 43 22 des
1011 3148 85 22 évène-

625 3182 83 20 ments
718 3186 32 16 en
762 3180 102 22 Alsace.

654 3219 51 22 Pas
711 3219 64 28 plus
787 3219 64 29 qu'il
862 3226 32 16 ne
899 3222 103 26 pourra,
1011 3223 86 20 entra.-

626 3258 45 16 ver
682 3252 24 22 le
716 3253 206 28 développement
941 3253 44 22 des
994 3259 103 16 mouve-

626 3287 82 20 ments
724 3291 71 17 corse
807 3287 24 21 et
851 3286 98 26 breton,
966 3286 56 22 niés
1035 3287 30 21 de
1072 3288 26 20 si

627 3318 65 22 belle
707 3320 83 26 façon
808 3321 53 26 par
869 3320 122 27 quelques
1006 3319 92 28 politi-

627 3351 85 22 cards.

656 3390 44 21 Les
734 3391 112 21 anti-cor
845 3396 40 16 ses
911 3393 111 25 peuvent
1055 3391 43 22 dès

626 3424 163 21 maintenant
793 3429 27 16 se
826 3424 123 27 résigner.
961 3423 66 23 Tout
1031 3430 67 16 com-

627 3462 40 15 me
681 3455 120 27 VAlsace,
811 3456 34 22 iis
855 3458 106 20 verront
977 3457 27 21 la
1018 3458 81 22 Corse

626 3495 27 15 se
672 3490 150 26 prononcer
845 3491 71 26 pour
933 3490 166 23 Vautonomie

628 3523 88 20 contre
737 3521 36 22 les
791 3522 155 27 politiciens
968 3524 76 26 tarés,
1072 3524 28 22 la,

625 3554 100 28 gra,nde
736 3556 86 26 presse
831 3555 178 29 domestiquée,
1021 3557 26 22 la
1050 3560 50 25 po-

629 3587 49 21 lice
705 3587 135 28 politique,
867 3588 23 22 le
913 3589 184 28 chauvinisme,

629 3619 177 24 l’immoralité
823 3623 24 20 et
864 3621 23 22 le
905 3623 194 23 malthusianis-

628 3658 49 15 me.

917 3694 152 23 Romanetti.

1362 183 274 52 Glornall
1675 181 177 49 Corsi

1116 325 188 23 Autonomia

1137 365 52 17 Deux
1197 363 109 21 incapables
1315 363 26 17 du
1350 360 62 21 Sénat,
1425 359 43 18 MM.
1478 357 113 19 Jcnouvrier

1116 390 19 17 et
1143 389 23 17 de
1173 384 319 25 Kuerguczec,représentants(?)de
1500 383 19 17 la
1525 382 66 18 vieille

1116 412 118 22 Armorique,
1250 412 93 18 viennent
1357 411 23 16 de
1395 409 84 17 déclarer
1493 412 46 13 avec
1554 411 37 13 une

1116 438 49 17 belle
1173 440 102 14 assurance
1283 436 48 23 qu’il
1339 435 33 22 n'y
1376 439 12 13 a
1393 438 33 18 pas
1434 431 157 19 d’autonomisme

1116 462 73 18 breton.

1139 486 55 18 Selon
1203 489 30 14 ces
1242 486 50 18 deux
1301 485 67 23 piliers
1376 484 24 17 de
1413 483 18 17 la
1440 480 149 22 centralisation,

1116 511 18 17 la
1142 510 92 22 Bretagne
1243 511 30 17 n’a
1281 509 68 23 jamais
1358 508 30 18 été
1398 507 17 19 si
1423 507 103 21 heureuse,
1533 507 19 17 et
1563 506 27 17 les

1116 536 79 17 Bretons
1206 535 119 18 n’atléndent
1336 534 45 22 q’un
1394 533 54 22 signe
1461 532 24 18 de
1495 531 96 18 Monsieur

1116 559 90 18 Poincaré
1214 564 48 17 pour
1266 560 49 17 aller
1323 563 21 14 se
1354 558 48 18 faire
1411 557 69 18 mettre
1488 561 23 14 en
1520 556 69 23 pièces,

1118 585 40 17 tout
1167 588 72 14 comme
1247 589 39 13 aux
1299 584 44 22 plus
1358 583 61 18 beaux
1432 582 55 22 jours
1501 582 24 17 de
1533 580 54 22 19l4;

1117 614 24 12 on
1154 614 26 12 ne
1193 609 73 17 saurait
1279 613 54 13 assez
1347 612 23 14 se
1381 607 48 18 faire
1443 608 45 17 tuer
1500 611 48 18 pour
1557 606 34 18 des

1117 634 51 17 klotz
1176 634 19 17 et
1203 634 34 17 des
1246 633 66 18 Hanau
1320 632 4 15 '

1139 658 29 18 Un
1181 658 43 21 jour
1235 658 99 22 prochain,
1352 662 48 13 nous
1414 657 117 18 entendrons
1548 660 44 13 sans

1117 684 57 17 doute
1193 688 27 13 un
1234 684 23 17 de
1271 688 35 13 nos
1324 683 108 22 incapables
1452 681 140 23 représentants

1117 708 101 18 insulaires
1226 708 48 18 faire
1282 712 39 13 une
1334 707 115 19 déclaration
1457 707 99 22 identique
1567 711 24 12 au

1117 733 51 22 sujet
1174 734 24 17 de
1206 733 152 18 l’autonomisme
1362 737 59 14 corse.
1428 733 59 17 Notre
1495 732 97 22 représen-

1117 759 41 17 tant
1171 758 84 22 ajoutera
1272 758 141 22 probablement
1427 763 36 17 que
1479 758 28 18 les
1524 757 67 18 Corses

1117 784 43 17 sont
1167 783 126 23 pleinements
1301 783 95 19 satisfaits
1407 783 68 22 depuis
1487 782 56 23 qu’ils
1559 782 34 18 ont

1116 809 20 17 le
1141 808 122 19 thé-dansant
1274 809 12 18 à
1294 810 94 21 quarante
1397 813 45 14 sous
1458 813 25 13 au
1500 807 65 19 casino
1573 808 20 17 et

1116 833 57 23 qu’ils
1178 838 22 14 se
1209 834 88 18 soucient
1303 834 119 18 maintenant
1429 834 24 18 de
1460 832 133 19 l’autonomis-

1116 863 31 13 me
1154 860 67 17 autant
1228 860 61 22 qu’un
1298 859 77 23 poisson
1384 859 58 18 d’une
1450 863 81 18 pomme.

1138 884 16 18 A
1163 885 92 17 entendre
1269 885 100 18 d’ailleurs
1380 885 43 17 tous
1435 885 30 17 les
1476 888 77 14 cancres
1567 884 25 17 du

1116 909 112 22 Parlement,
1244 910 41 18 cela
1296 914 26 13 va
1335 910 77 22 partout
1427 914 73 13 comme
1514 913 33 14 sur
1559 909 33 17 des

1116 934 98 19 roulettes.
1218 934 77 23 D’après
1299 939 45 17 eux,
1347 935 19 17 la
1374 935 49 18 situa
1425 935 39 17 tion
1469 935 31 17 est
1503 934 90 18 brillante

1117 963 33 14 sur
1156 960 42 18 tout
1201 960 19 18 le
1224 960 97 18 territoire
1326 960 123 22 républicain:
1454 960 43 18 tout
1501 959 20 18 le
1526 959 67 18 monde

1116 989 25 13 va
1145 984 41 18 être
1192 985 44 22 logé
1240 985 55 22 quasi
1302 985 12 17 à
1319 985 47 18 l’oeil
1374 989 46 14 avec
1427 985 19 17 la
1453 985 27 17 loi
1487 984 104 20 Loucheur,

1116 1012 30 17 les
1153 1010 89 18 ouvriers
1250 1010 84 21 français
1348 1010 54 18 n’ont
1413 1010 45 22 plus
1466 1009 67 19 besoin
1539 1009 25 17 de
1571 1013 22 13 se

1117 1035 89 22 fatiguer,
1219 1035 102 22 puisqu’ils
1335 1036 44 17 sont
1391 1035 103 22 remplacés
1507 1039 34 18 par
1559 1034 33 18 des

1117 1060 102 23 étrangers,
1225 1061 20 17 et
1250 1065 24 13 on
1280 1061 54 22 porte
1339 1061 75 17 remède
1419 1061 11 17 à
1435 1061 19 17 la
1459 1059 133 23 dépopulation

1117 1089 25 14 en
1149 1085 128 19 naturalisant
1285 1086 60 18 àtour
1353 1086 24 17 de
1384 1086 50 17 bras.
1444 1085 51 18 Pour
1500 1085 92 22 quelques

1117 1110 79 18 milliers
1211 1111 24 18 de
1249 1111 63 18 francs
1326 1115 26 14 on
1364 1115 49 14 vous
1421 1110 36 18 fait
1465 1111 34 17 des
1504 1110 87 22 citoyens

1117 1135 81 21 français
1207 1137 23 17 de
1238 1136 84 22 premier
1338 1136 57 18 choix
1408 1140 46 14 avec
1461 1135 35 18 des
1503 1134 89 18 Polonais

1117 1165 25 13 on
1149 1161 34 18 des
1190 1161 95 23 Afghans.

1139 1186 16 17 Il
1169 1191 13 17 y
1194 1191 12 13 a
1219 1186 45 19 bien
1272 1187 20 17 la
1299 1186 91 22 question
1405 1185 107 19 alsacienne
1523 1185 33 22 qui
1563 1184 30 18 est

1117 1211 158 23 singulièrement
1279 1211 97 23 épineuse,
1385 1211 47 18 mais
1441 1215 34 13 nos
1483 1209 109 24 politicards

1117 1241 25 13 ne
1149 1237 156 18 s’embarrassent
1313 1241 35 19 pas
1355 1241 48 18 pour
1416 1236 18 18 si
1447 1241 44 17 peu.
1499 1236 30 17 Au
1536 1239 56 14 cours

1117 1262 26 17 du
1157 1262 66 18 récent
1236 1262 57 18 débat
1306 1266 34 14 sur
1354 1262 29 18 les
1398 1261 79 18 affaires
1498 1260 92 20 d’Alsace,

1118 1287 138 22 quelques-uns
1265 1291 22 14 se
1295 1287 46 18 sont
1353 1286 94 23 employés
1455 1287 12 17 à
1478 1285 115 19 réconforter

1117 1312 92 22 l’opinion
1212 1317 45 13 avec
1260 1313 30 18 les
1294 1312 172 22 piresmensonges.
1469 1311 24 18 Et
1495 1310 96 21 Poincaré,

1117 1337 89 19 l’homme
1211 1337 34 22 qui
1249 1337 26 17 rit
1284 1337 47 18 dans
1336 1337 30 18 les
1371 1336 115 22 cimetières,
1492 1341 10 12 a
1511 1335 80 20 déclaré,

1118 1362 19 17 la
1144 1362 45 17 voix
1198 1362 97 22 étranglée
1309 1367 35 17 par
1352 1367 27 12 un
1393 1361 81 22 sanglot,
1489 1365 37 18 que
1533 1360 60 18 «cette

1118 1387 90 18 minorité
1215 1387 120 18 d’Alsaciens
1349 1387 34 22 qui
1398 1386 104 18 cherchent
1518 1385 51 18 ainsi
1581 1385 12 17 à

1118 1412 87 18 troubler
1212 1413 54 17 toute
1274 1412 20 17 la
1299 1412 73 18 France
1388 1411 144 22 récompensent
1548 1410 45 18 bien

1118 1437 38 17 mal
1164 1437 19 18 la
1189 1437 73 18 France
1270 1437 35 22 qui
1313 1442 12 12 a
1333 1437 42 17 tant
1389 1436 36 18 fait
1438 1441 50 17 pour
1499 1436 81 17 l’Alsace
1586 1440 6 12 :

1118 1467 38 12 une
1165 1462 47 18 telle
1227 1462 126 22 récompense
1369 1462 46 18 c’est
1426 1462 20 17 la
1461 1461 45 22 plus
1524 1461 69 22 grande

1118 1487 80 18 douleur
1207 1488 58 22 qu’un
1273 1487 90 21 Français
1371 1487 65 22 puisse
1444 1486 98 22 éprouver.
1550 1491 9 11 »

1141 1512 50 18 Pour
1199 1512 19 18 le
1225 1517 58 17 coup,
1292 1513 45 17 tout
1344 1512 19 18 le
1371 1512 42 17 bloc
1421 1511 88 18 national
1518 1515 13 18 y
1538 1515 12 13 a
1563 1510 30 18 été

1118 1537 24 18 de
1148 1541 23 14 sa
1177 1537 68 18 larme.
1253 1536 98 23 Spectacle
1365 1536 136 18 éminemment
1513 1535 80 23 pathéti-

1118 1567 37 17 que
1163 1566 37 18 que
1208 1562 49 18 celui
1265 1563 25 17 de
1298 1563 45 17 tous
1351 1566 32 14 ces
1391 1561 106 18 crocodiles
1504 1561 89 22 pleurant

1118 1591 35 14 sur
1160 1587 82 18 l’Alsace
1247 1587 88 18 infidèle.

1141 1611 23 18 Et
1172 1612 34 22 qui
1213 1616 48 14 nous
1270 1613 78 17 montre
1352 1616 39 13 une
1399 1611 37 18 fois
1445 1612 24 17 de
1477 1612 45 21 plus
1530 1611 63 18 toutes

1118 1637 53 18 leurs
1179 1637 82 22 qualités
1270 1637 24 19 de
1302 1637 109 19 comédiens
1421 1636 125 19 consommés.

1139 1671 10 22 (
1149 1670 77 22 Corsica)

1118 1727 130 20 Alsazia
1259 1732 17 15 e
1289 1727 122 21 Corsica

1142 1779 21 5 ...
1172 1766 28 18 En
1208 1766 59 18 lisant
1274 1767 20 18 le
1306 1767 75 22 compte
1389 1767 61 17 rendu
1464 1766 34 18 des
1507 1765 86 18 discours

1118 1791 94 18 alsaciens
1220 1792 11 18 à
1238 1792 20 18 la
1266 1791 101 22 Chambre,
1382 1792 15 17 il
1405 1796 48 13 nous
1467 1792 30 17 est
1504 1790 90 22 impossi-

1118 1817 38 21 ble,
1166 1817 12 18 à
1189 1821 52 14 nous
1250 1817 76 22 Corses,
1335 1817 24 18 de
1367 1821 24 14 ne
1404 1816 54 23 point
1465 1817 94 22 éprouver
1566 1821 27 12 un

1118 1843 105 17 serrement
1231 1842 25 18 de
1262 1846 60 14 coeur.
1328 1842 122 20 Certes,nous
1457 1845 81 15 sommes
1546 1845 47 14 avec

1118 1867 19 17 la
1144 1867 77 20 France,
1226 1868 66 18 contre
1300 1868 30 17 les
1338 1867 102 18 tentatives
1448 1867 24 18 de
1478 1866 114 23 dissidence;

1117 1897 50 14 nous
1175 1897 81 14 sommes
1264 1897 48 14 avec
1324 1893 19 17 la
1358 1892 119 23 République
1491 1891 103 19 indivisible

1118 1919 65 17 contre
1193 1919 65 17 toutes
1265 1918 30 18 les
1301 1918 106 18 factions...
1427 1917 47 18 Mais
1491 1918 31 17 cet
1537 1918 57 16 auto-

1117 1943 94 18 nomisme
1218 1943 91 20 alsacien,
1322 1943 36 17 fait
1366 1943 56 18 d’une
1429 1942 95 18 immense
1539 1946 55 14 accu-

1117 1969 95 17 mulation
1219 1969 24 18 de
1250 1968 72 23 petites
1335 1972 83 17 erreurs,
1433 1968 24 18 de
1472 1972 81 17 manque
1569 1967 24 18 de

1117 1994 71 22 doigté,
1204 1994 22 17 de
1234 1993 135 18 malentendus
1384 1993 125 21 subalternes,
1521 1996 72 14 comme

1117 2023 50 13 nous
1174 2019 19 17 le
1202 2023 134 18 comprenons,
1345 2023 46 13 sans
1399 2019 108 17 l’excuser.,
1523 2017 16 18 si
1554 2018 39 17 l’on

1117 2045 48 17 veut
1172 2043 20 19 !..

1140 2069 25 17 M.
1174 2068 116 22 Schumann,
1300 2069 34 22 qui
1342 2070 31 17 est
1380 2074 27 13 un
1415 2068 70 23 député
1492 2067 82 19 national
1581 2072 11 13 a

1117 2094 91 18 énuméré
1214 2094 12 18 à
1233 2094 20 18 la
1260 2094 81 18 tribune
1349 2095 34 17 des
1400 2094 45 18 faits
1462 2094 118 18 douloureux
1585 2098 6 12 :

1117 2119 70 22 mépris
1195 2120 27 17 du
1230 2119 140 18 fonctionnaire
1375 2120 24 17 de
1403 2119 108 18 l’intérieur
1518 2118 74 22 (j’allais

1117 2144 41 18 dire
1165 2149 5 13 :
1187 2144 128 23 continental)
1333 2148 49 18 pour
1398 2144 28 18 les
1443 2148 47 19 gens
1498 2144 27 17 du
1532 2147 46 19 pays
1585 2148 6 16 ;

1116 2169 166 18 méconnaissance
1290 2170 27 17 du
1325 2170 80 18 dialecte
1414 2169 49 18 local
1467 2174 5 17 ;
1483 2169 109 22 magistrats

1117 2195 31 17 du.
1155 2194 76 22 dehors,
1248 2194 72 19 fermés
1336 2195 12 17 à
1356 2194 54 18 l’âme
1417 2194 89 23 indigène
1512 2199 6 17 ;
1533 2194 60 18 admi-

1116 2220 115 17 nistrateurs
1239 2220 85 17 brutaux
1338 2221 20 16 et
1372 2220 85 17 tatillons
1462 2224 6 17 ;
1486 2219 106 18 laïcisation

1116 2244 103 23 précipitée
1225 2245 21 17 et
1254 2244 99 19 insolente
1359 2250 5 16 ;
1373 2244 177 22 incompréhension
1558 2244 34 18 des

1116 2269 108 19 bureaux...

1138 2295 146 18 Autonomisme
1291 2296 12 17 à
1311 2296 51 22 part,
1371 2300 25 13 on
1404 2295 92 22 pourrait,
1509 2299 34 13 sur
1550 2295 43 17 tant

1117 2320 25 18 de
1148 2320 64 22 points
1219 2321 25 17 de
1251 2320 87 21 friction,
1353 2320 71 22 ouvrir,
1439 2320 48 18 dans
1499 2320 20 17 le
1532 2319 61 19 même

1117 2345 57 22 style,
1181 2350 40 13 une
1228 2345 82 23 question
1324 2350 56 14 corse.
1397 2345 37 18 Nos
1451 2344 141 23 représentants

1117 2375 25 13 ne
1149 2370 21 18 le
1177 2370 43 18 font
1226 2375 41 17 pas.
1277 2371 26 17 Ils
1312 2372 35 17 ont
1355 2370 93 23 peut-être
1454 2370 73 18 raison.
1538 2370 17 18 Il
1568 2374 25 14 ne

1117 2395 42 18 faut
1167 2395 60 18 même
1235 2400 35 17 pas
1279 2397 58 21 qu’on
1344 2396 66 22 puisse
1423 2396 30 18 les
1467 2400 124 17 soupçonner,

1117 2422 21 16 et
1143 2425 49 13 nous
1201 2425 126 18 soupçonner,
1336 2422 47 17 d’un
1388 2421 64 18 ombre
1460 2421 26 18 de
1493 2421 99 18 rébellion.

1141 2446 76 21 ...Mais,
1226 2450 37 18 que
1280 2446 25 18 M.
1323 2446 77 18 Lautier
1415 2450 32 14 me
1461 2447 104 21 pardonne,
1577 2446 16 19 il

1117 2470 33 22 n’y
1156 2471 59 18 arien
1222 2471 34 22 qui
1264 2472 107 17 ressemble
1377 2472 12 17 à
1397 2471 40 18 cela
1452 2476 24 13 en
1492 2472 102 21 Auvergne

1118 2499 25 14 ou
1151 2500 25 14 en
1183 2496 119 23 Languedoc.
1310 2496 43 18 Une
1361 2496 76 18 contrée
1442 2501 25 13 ne
1473 2496 72 18 saurait
1553 2496 41 18 être

1118 2521 99 22 comparée
1224 2522 11 17 à
1244 2526 35 14 nos
1287 2526 47 18 pays
1341 2521 99 19 frontière.
1448 2521 41 19 Elle
1493 2526 23 13 ne
1524 2520 71 19 saurait

1115 2551 36 18 pas
1159 2548 40 16 tout
1205 2551 19 13 ce
1229 2551 35 18 que
1269 2551 47 14 nous
1324 2551 69 13 savons.

1140 2570 41 19 Elle
1187 2576 27 13 ne
1221 2572 39 18 sait
1267 2576 41 18 pas,
1318 2572 124 21 notamment,
1451 2576 38 18 que
1499 2572 42 17 tant
1558 2575 36 18 que

1118 2596 29 18 les
1155 2596 88 22 Français
1251 2597 24 17 de
1288 2597 72 18 France
1376 2596 133 19 continueront
1517 2597 11 17 à
1543 2596 52 18 tenir

1119 2622 82 17 certains
1209 2622 23 18 de
1239 2622 54 18 leurs
1300 2622 133 22 compatriotes
1441 2626 48 18 pour
1495 2622 35 18 des
1536 2621 59 18 Fran-

1118 2646 39 20 çais
1166 2647 23 17 de
1197 2647 83 17 secondé
1288 2647 53 21 zône,
1351 2651 48 18 pour
1406 2647 34 17 des
1448 2647 84 17 barbares
1539 2647 56 21 (dans

1118 2671 20 17 le
1145 2675 44 14 sens
1198 2676 38 17 que
1244 2671 19 18 la
1280 2671 59 18 Rome
1356 2671 96 23 impériale
1468 2671 79 18 donnait
1554 2671 12 18 à
1572 2675 23 14 ce

1119 2696 47 22 mot)
1174 2696 15 18 il
1197 2701 13 18 y
1217 2701 48 13 aura
1273 2697 83 22 quelque
1364 2697 57 18 chose
1429 2697 24 18 de
1461 2696 52 18 brisé
1521 2696 48 18 dans
1575 2697 20 17 la

1119 2722 95 18 concorde
1221 2721 120 19 nationale...

1141 2755 37 22 (La
1184 2754 89 19 Nouvelle
1286 2754 62 23 Corse)

1119 2811 127 21 Miseria

1144 2850 59 18 ...Car
1210 2851 29 18 les
1247 2850 62 18 écoles
1319 2851 23 17 de
1350 2850 63 22 Corse,
1428 2855 38 14 non
1481 2855 33 18 pas
1530 2851 66 18 seule-

1119 2877 54 16 ment
1179 2876 30 18 les
1217 2876 62 18 écoles
1295 2876 108 22 primaires,
1412 2876 49 18 mais
1478 2876 28 18 les
1523 2877 71 20 autres,

1119 2904 25 14 ne
1151 2903 44 15 sont
1204 2905 33 18 pas
1245 2900 107 19 chauffées.
1361 2900 65 22 Quand
1435 2901 15 17 il
1459 2906 13 17 y
1484 2906 11 13 a
1509 2901 45 22 cinq
1570 2906 25 13 ou

1120 2925 30 18 six
1158 2926 66 21 degrés
1230 2926 104 18 au-dessus
1339 2926 25 18 de
1372 2926 48 21 zéro,
1427 2930 22 14 ce
1454 2926 34 22 qui
1495 2927 31 17 est
1532 2926 64 18 arrivé

1119 2950 124 22 récemment,
1251 2951 30 17 les
1285 2950 59 18 salles
1349 2951 25 18 de
1379 2951 71 18 classes
1455 2952 44 17 sont
1504 2952 92 17 transfor-

1120 2974 52 19 mées
1180 2980 25 13 en
1212 2975 92 23 glacières
1310 2981 6 12 :
1327 2976 30 18 les
1364 2975 69 22 élèves,
1443 2976 93 18 soufflant
1548 2977 48 18 dans

1119 3000 53 18 leurs
1179 3001 62 17 mains
1250 3000 90 23 gourdes,
1354 3005 25 14 ne
1396 3002 80 21 songent
1492 3002 57 21 qu’au
1557 3006 39 14 mo-

1120 3026 54 17 ment
1181 3026 26 17 où
1215 3026 25 18 ils
1253 3027 94 21 pourront
1361 3026 47 18 aller
1424 3031 23 13 se
1463 3027 88 18 chauffer
1567 3027 29 18 les

1120 3051 55 22 pieds
1182 3051 47 18 dans
1237 3052 20 17 la
1264 3055 47 13 cour
1320 3055 25 14 ou
1354 3052 12 17 à
1373 3052 20 17 la
1400 3052 73 18 maison
1480 3057 6 17 ;
1503 3053 30 17 les
1550 3057 47 17 pro-

1120 3075 93 23 fesseurs,
1222 3076 34 23 qui
1263 3080 27 14 ne
1297 3077 46 17 sont
1350 3081 34 18 pas
1398 3077 104 23 davantage
1515 3078 82 18 insensi-

1120 3101 43 17 bles
1171 3105 38 14 aux
1216 3101 105 18 variations
1330 3102 24 17 de
1369 3102 20 18 la
1404 3102 133 22 température,
1555 3107 41 18 gar-

1121 3127 46 17 dent
1174 3126 42 18 leur
1223 3127 107 22 pardessus
1347 3128 21 16 et
1382 3127 45 18 n’en
1444 3128 104 22 grelottent
1563 3132 34 17 pas

1121 3151 68 18 moins.
1208 3152 55 18 Est-il
1278 3151 19 18 si
1313 3152 88 21 difficile,
1418 3152 63 19 même
1497 3153 63 22 quand
1577 3153 19 17 la

1121 3176 98 18 cheminée
1225 3177 37 17 fait
1269 3176 73 22 défaut,
1351 3177 24 18 de
1382 3177 64 22 placer
1458 3182 28 13 un
1501 3178 55 22 poêle
1571 3182 26 14 au

1121 3200 67 19 milieu
1196 3202 59 17 d’une
1263 3202 49 17 salle
1317 3201 10 18 ?

1144 3234 80 22 {VEveil
1231 3234 24 19 de
1262 3234 21 18 la
1291 3234 60 24 Corse)

1122 3291 25 19 O
1156 3289 72 26 Què,
1239 3295 43 17 o...
1291 3291 207 22 l’Autonomia

1144 3328 49 19 ...En
1203 3329 51 22 1926,
1263 3331 59 21 ayant
1329 3330 69 19 assisté
1403 3331 11 17 à
1421 3331 20 18 la
1449 3331 95 22 réception
1553 3332 45 18 d’un

1113 3371 4 4 ,
1123 3354 48 18 colis
1178 3358 37 17 que
1219 3354 19 22 je
1247 3354 108 23 présumais
1363 3356 68 22 postal,
1440 3356 20 23 je
1476 3356 32 19 fus
1526 3357 73 23 surpris

1123 3378 25 17 du
1155 3379 77 18 volume
1241 3380 19 17 et
1268 3380 26 17 du
1301 3380 57 22 poids
1364 3385 5 17 ;
1374 3381 112 21 questionné
1494 3382 11 17 à
1512 3386 22 14 ce
1539 3382 58 22 sujet,

1122 3402 20 18 la
1157 3404 126 21 propriétaire
1298 3405 96 23 m’apprit,
1409 3410 45 14 sans
1469 3407 45 21 plus
1528 3407 71 22 amples

1123 3428 169 23 renseignements,
1301 3430 111 19 l’existence
1420 3431 24 18 de
1452 3432 47 17 colis
1506 3432 93 21 agricoles

1124 3453 23 18 de
1154 3452 24 18 40
1193 3454 44 22 kgs,
1251 3455 86 22 acceptés
1354 3461 25 13 au
1390 3455 60 18 même
1462 3457 47 17 titre
1520 3461 37 18 que
1569 3457 30 18 les

1124 3478 47 18 colis
1178 3480 86 20 postaux.
1283 3480 79 23 L’agent
1374 3481 24 18 de
1404 3480 92 19 livraison
1503 3482 97 22 interrogé

1124 3504 52 17 aussi
1183 3508 26 14 ne
1214 3505 36 21 put
1256 3506 51 17 m’en
1323 3505 43 18 dire
1382 3506 117 22 d’avantage.
1517 3507 21 17 Je
1555 3508 45 17 m’a-

1124 3528 72 18 dressai
1213 3531 50 16 alors
1282 3535 24 13 au
1323 3530 92 18 «Journal
1432 3530 74 19 Officiel
1514 3538 9 10 »
1540 3532 26 18 de
1579 3533 21 17 la

1124 3553 121 24 République
1249 3555 103 22 française,
1362 3557 20 17 et
1389 3560 40 13 mes
1443 3557 113 18 recherches
1569 3561 31 14 me

1124 3579 104 21 permirent
1233 3580 87 18 d’entrer
1336 3584 24 14 en
1376 3581 110 21 possession
1502 3582 26 17 du
1538 3582 60 21 texte,

1124 3608 33 17 par
1165 3604 69 22 lequel,
1245 3609 23 13 en
1277 3610 38 13 vue
1325 3605 23 18 de
1357 3606 102 17 combattre
1463 3606 21 17 la
1490 3606 35 18 vie
1534 3607 65 21 chère,

1124 3628 19 18 le
1149 3629 88 18 Ministre
1246 3630 34 18 des
1287 3630 90 17 Travaux
1381 3630 78 18 Publics
1466 3631 53 18 avait
1527 3631 49 22 créé,
1580 3631 20 18 le

1124 3651 22 19 31
1153 3653 66 22 juillet
1225 3653 84 22 1923,les
1318 3654 48 18 colis
1374 3655 91 21 agricoles
1471 3656 25 17 de
1502 3655 25 18 40
1533 3656 43 21 kgs.

1145 3678 93 18 Désireux
1249 3679 24 17 de
1282 3679 62 17 savoir
1353 3679 17 18 si
1377 3679 20 17 la
1411 3679 57 18 Corse
1485 3685 24 13 en
1525 3680 76 18 bénéfi-

1124 3702 52 21 ciait,
1182 3702 20 22 je
1210 3703 18 17 le
1236 3703 102 18 demandai
1346 3704 12 17 à
1364 3704 20 17 la
1400 3703 33 18 Cie
1446 3704 106 18 Fraissinet
1567 3705 33 21 qui

1617 324 30 12 me
1664 318 87 22 répondit
1768 322 36 18 que
1818 317 49 17 cette
1884 320 75 14 mesure
1976 314 65 19 n’était
2055 319 32 17 pas

1616 344 83 17 étendue
1707 343 11 17 ù
1726 343 48 17 nie.

1638 368 23 18 Je
1670 367 100 21 constatai,
1779 372 23 12 en
1811 366 54 21 effet,
1874 370 37 18 que
1919 366 19 18 le
1947 366 52 18 texte
2006 365 19 18 la
2033 369 56 18 pres-

1616 393 76 17 crivant
1699 397 24 13 ne
1732 391 69 23 portail
1809 395 32 18 pas
1850 391 18 18 la
1877 391 82 18 mention
1969 391 30 17 «Y
2007 389 80 23 compris

1615 418 20 17 la
1643 417 77 21 Corse»,
1730 416 85 18 mention
1824 416 112 23 obligatoire
1949 416 11 17 à
1968 417 43 16 tous
2025 416 63 17 textes

1615 446 49 18 pour
1672 441 80 23 pouvoir
1759 441 41 18 être
1806 441 97 22 appliqués
1911 446 23 13 en
1944 441 63 18 Corse.
2016 441 22 17 Je
2049 439 38 19 n’ai

1615 466 98 19 d’ailleurs
1725 466 68 22 jamais
1808 470 25 18 pu
1848 466 122 22 comprendre
1986 465 64 22 l’objet
2065 465 23 18 de

1615 492 51 18 celle
1675 491 90 22 mention,
1783 491 17 18 si
1808 496 21 13 ce
1837 491 51 18 n’est
1901 495 36 18 que
1951 491 18 17 la
1978 490 57 18 Corse
2042 495 11 13 a
2062 490 25 17 du

1615 517 42 19 être
1660 517 108 18 considérée
1773 521 71 13 comme
1850 521 38 13 une
1893 516 72 18 colonie
1971 521 33 17 par
2008 516 19 17 le
2033 515 55 23 légis-

1615 543 69 17 lateur.
1698 543 50 17 Dans
1756 546 21 14 ce
1788 547 38 16 cas,
1839 541 91 23 pourquoi
1942 541 97 18 n’o-l-ellc
2054 545 34 17 pas

1616 572 35 14 son
1659 568 71 22 budget
1738 568 106 20 autonome,
1854 567 94 18 n’est-elle
1952 571 33 17 pas
1993 566 77 22 appelée
2077 566 12 17 ù

1615 593 104 18 bénéficier
1727 593 35 17 des
1775 592 87 23 produits
1875 593 24 17 de
1913 591 137 22 l’exploitation
2066 591 23 17 de

1616 623 32 13 ses
1656 618 60 18 belles
1723 617 67 22 forêts,
1806 617 87 23 produits
1910 621 47 14 avec
1964 616 83 22 lesquels
2064 620 24 13 on

1616 643 85 22 pourrait
1709 647 57 18 gager
1774 647 27 13 un
1807 641 102 23 emprunt?

1640 674 34 22 {La
1681 674 56 18 Jeune
1747 673 60 23 Corse)

1707 830 295 52 Filastrocca

1818 951 13 14 A
1839 954 22 11 un
1869 948 153 18 sottu-Lumbrigone.

1642 1006 44 18 Trai
1692 1011 25 13 na
1724 1006 31 20 nà,
1766 1004 66 22 lirintl,
1842 1003 134 19 lirinlicchiula
1982 1003 8 17 !

1639 1031 35 18 Bel
1682 1031 100 18 sumeredi
1790 1030 76 18 cbiocca
1874 1034 11 13 e
1893 1029 20 18 di
1921 1028 50 23 pelu,

1638 1056 54 18 Fusti
1700 1057 62 21 puntu
1771 1056 20 17 in
1799 1056 19 17 la
1825 1054 112 20 cimicicula,

1638 1081 15 17 E
1661 1086 33 17 per
1702 1081 74 22 questa,
1786 1085 24 13 eu
1818 1080 72 18 miseru
1897 1079 49 20 zelu,

1638 1107 47 17 Incu
1692 1106 49 18 rime
1748 1105 85 18 vurriste
1841 1105 65 17 runcà.

1639 1131 14 17 0
1662 1130 140 22 lirinlicchiula,
1812 1129 36 19 trai
1856 1134 24 13 na
1888 1129 24 17 nà
1919 1129 8 17 !

1640 1198 45 18 Trai
1690 1203 25 13 na
1722 1199 31 22 nà,
1763 1198 67 21 tirinlï,
1841 1195 134 20 lirinlicchiula
1980 1195 8 17 !

1639 1224 37 18 Per
1683 1224 59 18 avetli
1750 1223 88 19 acconciu
1846 1221 100 24 zuppigoni

1639 1249 15 18 E
1663 1250 24 17 to’
1692 1249 68 18 insane
1768 1248 118 23 divagazioni

1638 1274 88 18 Fendune
1735 1274 119 23 passatogbia
1862 1271 115 20 intricciula.

1640 1300 22 17 Ti
1670 1300 16 18 si
1694 1300 55 18 dettu
1754 1304 5 13 :
1769 1299 35 18 «Sò
1812 1299 24 17 da
1843 1298 93 18 incurunà
1942 1296 16 18 !»

1642 1324 15 18 O
1666 1323 139 22 lirinlicchiula,
1814 1323 37 18 Irai
1859 1328 23 13 na
1890 1324 25 16 nà
1921 1323 8 17 !

1642 1391 43 18 Trai
1691 1396 24 13 na
1722 1392 32 21 nà,
1763 1391 66 21 tirinlï,
1839 1389 132 19 lirinlicchiula
1978 1389 8 17 !

1638 1416 29 19 Ma
1676 1421 27 13 un
1712 1416 14 18 ti
1735 1417 55 17 basta
1797 1420 34 18 per
1839 1420 42 14 esse
1889 1414 86 22 cumpjtu
1982 1413 5 18 !

1640 1441 21 18 Si
1669 1447 27 13 un
1702 1442 100 22 sughiettu
1810 1440 64 23 d’ogni
1882 1440 38 17 mal
1927 1439 85 21 cunditu,

1641 1466 35 19 Chi
1685 1467 94 18 cunfonde
1787 1466 86 18 amicizia
1881 1470 11 14 e
1900 1464 133 21 cumbriccula,

1640 1492 15 18 E
1663 1492 17 18 si
1688 1492 81 18 mischia
1777 1491 144 22 d’apparagunà.

1641 1517 16 18 O
1666 1517 139 21 lirinlicchiula,
1815 1516 37 18 trai
1860 1521 23 13 na
1891 1516 24 18 nà
1920 1515 8 17 !

1641 1585 44 18 Trai
1692 1590 25 13 na
1723 1586 32 21 nà,
1766 1584 65 22 tirinlï,
1840 1583 136 19 lirinlicchiula
1981 1583 9 17 !

1639 1611 17 17 A
1663 1611 20 17 la
1689 1611 68 18 Muvra
1764 1610 72 19 venisti
1842 1614 34 18 per
1883 1610 65 17 brama

1640 1636 23 17 Di
1670 1637 57 17 trattà
1734 1641 13 13 a
1753 1636 95 17 Marianna
1854 1635 90 18 d’infama
1950 1639 5 16 ;

1640 1671 24 3 —
1669 1661 21 18 Ci
1697 1661 98 18 vols’ancu
1803 1666 11 12 a
1821 1660 84 18 calmatti
1912 1658 152 23 una’gnieula—

1640 1686 16 18 U
1664 1686 69 23 perché
1738 1685 10 19 ?
1753 1695 24 5 —
1781 1686 30 18 Un
1815 1686 17 18 ti
1836 1686 53 18 volse
1895 1684 119 23 inlegiunà—

1642 1710 15 19 0
1667 1711 145 22 Tirinlicchiula,
1824 1710 115 19 Irainanà!

1642 1779 112 22 Trainanà,
1764 1780 67 21 tirinlï,
1840 1777 148 20 lirinlicchiula!

1641 1804 22 19 Ci
1671 1806 84 17 vendisti
1763 1810 48 13 ancu
1819 1804 48 19 certi
1875 1804 71 23 segreti

1640 1830 23 18 Di
1672 1831 54 21 quale
1734 1830 98 18 t’imbocca
1839 1831 20 17 Ja
1867 1829 92 23 pillicula.

1640 1855 34 18 Sai
1681 1856 57 17 ch’un
1747 1856 59 17 fubbe
1814 1855 116 18 cunfessicn’
1936 1858 24 14 eu
1969 1852 55 23 preti,

1640 1880 15 18 E
1663 1880 38 18 cb’i
1709 1881 65 18 scritti
1782 1881 18 17 si
1808 1885 51 17 ponu
1867 1879 69 19 stanà?

1641 1907 15 19 0
1666 1908 139 22 lirinlicchiula,
1814 1908 37 18 trai
1858 1908 54 18 nanà
1918 1907 5 18 !

1641 1976 45 18 Trai
1692 1981 25 13 na
1722 1977 32 21 nà,
1764 1976 60 18 tirinlï
1833 1974 132 20 tirinlicchiula
1971 1975 8 17 !

1639 2001 125 19 Venïst’ancu
1771 2002 24 17 da
1803 2001 129 23 puliticanciu,

1640 2026 28 18 Cu
1677 2031 89 18 speranza
1774 2026 20 18 di
1802 2026 69 18 fattine
1877 2031 27 12 un
1912 2025 69 23 ganciu

1639 2051 32 19 Pe’
1679 2052 76 22 azzingà
1763 2052 19 18 la
1789 2052 25 18 to’
1822 2056 55 18 persa
1885 2051 96 22 manipula
1986 2055 6 13 :

1639 2077 32 17 Ma
1677 2077 19 18 la
1703 2077 74 22 Muvra,
1786 2077 81 22 puli.tica
1874 2076 78 18 unn’ba.

1641 2101 15 19 0
1665 2102 138 22 tirinlicchiula,
1812 2102 38 18 trai
1857 2107 24 12 na
1888 2102 37 17 nà!

1640 2169 45 19 Trai
1688 2175 25 13 na
1720 2170 31 21 nà,
1761 2169 67 23 tirinlï,
1838 2168 133 20 tirinlicchiula
1977 2168 9 18 !

1640 2194 21 19 Si
1670 2195 72 18 benutu
1751 2200 38 13 cun
1797 2200 49 13 vana
1854 2199 92 18 speranza

1641 2220 57 18 D’avè
1706 2220 20 18 in
1733 2225 60 13 manu
1800 2225 27 13 un
1835 2220 86 18 mazzulu
1932 2219 102 18 d’urticula

1639 2245 38 18 Per
1684 2246 62 17 danne
1754 2250 12 14 a
1773 2246 27 17 to’
1805 2246 68 17 nimici
1879 2245 75 18 crïanza
1960 2249 5 13 :

1639 2270 32 18 Ma
1679 2270 41 18 cusi
1727 2271 18 17 A
1752 2271 69 18 Muvra
1825 2276 27 13 un
1861 2275 21 13 sa
1889 2270 59 18 mina.

1641 2295 15 19 0
1668 2296 140 22 tirinticr.hiula,
1818 2296 37 18 trai
1860 2301 24 13 na
1888 2297 25 17 nà
1919 2296 7 18 !

1640 2363 15 18 E
1663 2364 48 22 cusi,
1718 2364 66 22 tirinlï,
1794 2364 132 18 lirinlicchiula
1932 2364 8 17 !

1639 2390 158 22 Festigamba!...
1805 2391 45 17 incu
1858 2389 127 22 Lumbrigone

1640 2415 34 18 Ch’
1679 2415 25 17 ha
1711 2415 99 18 scherzatu
1818 2420 11 13 a
1836 2415 26 18 to’
1870 2419 55 13 musa
1932 2413 80 19 ridieula

1641 2440 45 22 Epp’
1692 2440 36 18 avà
1735 2440 17 18 ti
1760 2440 43 18 dice
1810 2441 83 21 puetone

1640 2465 37 18 Per
1684 2466 82 22 purtatti
1775 2465 48 18 oltre
1831 2469 52 14 mare
1890 2465 16 17 a’
1912 2464 87 23 mpennà.

1643 2489 15 18 O
1667 2489 139 22 lirinlicchiula,
1815 2489 38 19 Irai
1859 2490 67 17 nanà!

1640 2558 15 18 E
1663 2559 48 21 cusi,
1720 2558 60 19 lirintï
1786 2558 130 18 tirinlicchiida
1923 2558 7 18 !

1642 2584 37 18 Hai
1686 2584 95 18 cambiatu
1789 2584 19 17 di
1816 2588 57 14 nome
1881 2589 10 13 e
1899 2584 20 17 di
1927 2584 51 17 tema
1984 2588 5 12 :

1641 2610 17 17 A
1664 2610 25 17 to’
1696 2610 43 18 loda
1747 2610 77 18 diventa
1831 2609 83 22 jastema,

1642 2634 99 18 Credendu
1748 2635 19 17 la
1774 2634 66 18 Muvra
1848 2634 128 18 codi-frizzula

1641 2659 16 18 E
1665 2660 85 22 ghielosa
1757 2660 21 17 di
1785 2664 32 14 car
1818 2660 18 18 ta
1844 2665 12 12 a
1864 2664 31 14 c...
1904 2660 18 17 à.

1643 2683 16 18 O
1669 2684 178 23 lirinlicchiula,Irai
1854 2690 25 13 na
1886 2686 37 17 nà!

1643 2754 44 19 Trai
1694 2760 25 13 na
1726 2756 32 20 nà,
1767 2755 66 22 tirinlï,
1840 2753 139 20 lirinlicchiula!

1642 2780 27 18 Da
1676 2781 19 17 la
1702 2780 72 22 rabbia,
1784 2780 38 23 giri
1830 2780 126 18 sbambanitu.

1642 2814 24 4 —
1671 2806 41 18 Dici
1718 2811 14 12 u
1738 2810 50 14 veru
1794 2811 5 12 :
1808 2806 113 17 unn’avemu
1929 2805 73 22 partitu
2008 2808 5 17 ;

1642 2830 37 18 Mai
1687 2831 48 18 ch’e'
1742 2831 74 22 n’appia
1822 2830 5 18 !
1836 2840 24 4 —
1866 2830 30 18 Ma
1903 2832 29 19 tu,
1941 2830 50 18 muti
2002 2828 87 22 criceula,

1643 2855 97 23 Sperendu
1749 2856 78 23 pudecci
1834 2856 88 18 trascinà.

1644 2880 15 18 O
1668 2881 139 22 lirinlicchiulà,
1817 2881 37 18 Irai
1861 2886 24 13 na
1893 2882 24 16 nà
1921 2881 8 17 !

1644 2946 44 18 Trai
1692 2952 24 12 na
1724 2948 31 20 nà,
1765 2946 65 22 lirintï,
1840 2945 132 19 lirinlicchiulà
1977 2946 9 17 !

1642 2971 67 19 Manou
1717 2972 16 17 ti
1740 2972 83 22 pudemu
1831 2971 46 18 vulè
1884 2971 55 21 male,

1642 2997 78 22 Perché,
1729 3001 57 14 causa
1793 2996 31 19 n’è
1829 2997 20 17 la
1856 2996 92 18 culuniale

1644 3021 36 19 Chi
1687 3022 40 18 t’ba
1734 3022 52 18 fattu
1794 3027 27 12 un
1829 3021 83 19 cerbellu
1921 3021 18 18 di
1949 3021 97 18 scrizzula.

1643 3046 57 19 S'ella
1708 3047 54 21 dura,
1771 3047 17 17 ti
1796 3046 137 23 ponu’nternà!

1645 3071 13 18 0
1667 3071 141 22 tirinlicchiula,
1818 3071 36 19 trai
1861 3077 24 13 na
1892 3073 25 17 nà
1923 3072 7 17 !

1645 3140 44 18 Trai
1695 3144 24 13 na
1726 3140 31 21 nà,
1767 3140 65 21 tirinlï,
1841 3140 141 19 tirinlicchiula!

1643 3165 31 18 Ma
1681 3165 32 18 chi
1719 3165 49 22 parli
1775 3165 21 18 di
1803 3165 35 18 lira
1843 3164 10 19 ?
1861 3166 98 18 Allenzatu
1963 3166 4 18 !

1643 3190 24 18 In
1674 3190 83 18 Livornü
1765 3191 56 22 quale
1829 3190 27 18 c’è
1864 3193 92 20 scappatu

1644 3215 36 18 Per
1688 3215 49 22 pudè
1746 3216 93 18 francassi
1846 3216 24 18 da
1877 3217 19 17 la
1903 3217 68 18 cellula
1977 3215 10 19 ?

1644 3240 15 17 E
1667 3240 51 18 custi
1725 3241 33 17 chi
1766 3241 18 17 ci
1791 3241 40 18 voli
1842 3241 68 19 sbranà
1915 3241 9 19 ?

1646 3265 15 19 0
1671 3265 138 23 lirinlicchiula,
1819 3266 37 18 trai
1864 3271 23 13 na
1894 3268 25 17 nà
1925 3268 8 17 !

1647 3339 44 18 Trai
1698 3344 24 14 na
1729 3340 32 21 nà,
1770 3340 66 22 lirintï,
1846 3340 131 19 tirinlicchiula
1986 3341 8 17 !

1644 3365 18 17 A
1670 3365 38 18 miè
1716 3364 38 18 lira
1761 3365 24 22 pò
1793 3366 55 18 cantà
1856 3366 80 18 sfrinata
1942 3370 6 17 ;

1644 3390 55 18 Ancu
1707 3391 22 16 tu
1736 3390 47 18 l’bai
1791 3391 81 18 suvente
1880 3391 102 17 acclamata
1988 3395 5 12 :

1646 3414 47 19 Cosa
1700 3415 48 17 fatta
1756 3416 34 21 più
1797 3420 40 13 nun
1845 3415 18 18 si
1871 3415 123 22 spisticciula,

1644 3440 15 18 E
1668 3445 39 13 nun
1715 3440 43 18 baie
1765 3441 21 17 di
1793 3440 128 22 lumbrigunà.

1647 3464 16 19 O
1670 3464 139 24 lirinlicchiula,
1818 3464 37 18 Irai
1862 3469 24 13 na
1893 3465 25 17 nà
1922 3465 8 17 !

1647 3531 45 19 Trai
1699 3536 24 13 na
1730 3532 32 20 nà,
1772 3530 60 18 lirintï
1843 3529 133 19 tirinlicchiula
1982 3530 8 18 !

1646 3557 18 17 A
1671 3556 38 18 miô
1717 3556 48 17 rima
1771 3561 28 12 un
1807 3556 16 17 ti
1830 3555 43 17 dice
1880 3555 48 17 altra
1938 3559 44 14 cosa
1988 3559 5 17 ;

1646 3581 37 17 M’è
1690 3582 69 20 troppu
1766 3584 48 18 pocu
1822 3579 118 18 difficultosa

1647 3605 24 18 Di
1678 3605 35 18 lità
1720 3609 25 13 cu
1751 3605 56 17 Parte
1814 3604 42 18 cusi
1864 3604 74 22 piccula
1944 3609 6 13 :

1646 3630 28 17 Mi
1681 3629 18 18 ci
1707 3629 44 18 vole
1759 3629 51 18 altru
1818 3629 24 17 da
1849 3630 66 17 tasanà
1921 3629 5 17 !

1648 3654 14 17 0
1671 3653 140 22 lirinlicchiulà,
1821 3653 38 18 trai
1865 3658 25 13 na
1897 3654 36 18 nà!

1875 3703 120 20 Muvrellu.

2115 172 23 21 A
2149 171 10 22 i
2170 172 61 22 Veri
2242 171 168 22 Cumbattenti

2115 233 66 35 Pesi
2198 244 16 24 e
2228 232 106 36 Misure
2346 232 28 36 a’
2385 231 201 41 Mariannesca

2142 326 73 22 Simit
2227 326 62 20 stati
2298 325 111 28 fur^ati,
2430 326 65 21 tutti
2507 327 80 27 quelli

2115 359 42 21 clii
2178 359 155 27 furcavamu
2346 359 28 21 in
2384 359 72 27 pede,
2468 359 28 21 di
2510 361 76 26 parie

2115 393 29 20 in
2151 398 108 22 guerra,
2273 392 32 21 da
2315 397 17 16 u
2346 397 57 22 1914
2413 398 14 14 a
2439 398 18 15 u
2469 393 65 27 1918.

2141 426 22 21 A
2181 426 43 20 chi
2235 426 24 21 ci
2270 425 32 22 ha
2315 424 113 22 lasciatu
2440 431 15 15 a
2464 425 70 27 pelle
2541 437 28 5 —
2577 429 10 20 i

2113 458 47 28 più
2172 459 150 28 disgrafati
2330 470 29 4 —
2375 464 14 15 a
2402 458 42 21 chi
2455 459 24 21 ci
2491 458 33 22 ha
2537 459 49 23 las-

2115 492 70 21 ciatu
2205 491 107 23 membri
2333 498 14 15 0
2368 491 85 22 sainte
2470 503 30 5 —
2511 492 12 21 i
2537 493 48 27 più

2114 525 44 21 chi
2167 526 112 27 soffrenu
2291 536 36 15 —,
2341 531 16 15 a
2371 524 42 22 chi
2424 525 24 21 si
2460 524 34 22 ha
2506 525 79 23 buscu

2115 564 54 16 una.
2178 558 80 25 ferita
2268 559 185 27 affurtunata,e
2464 557 43 23 chi
2518 564 36 16 un
2563 561 23 20 ci

2115 592 34 21 ha
2157 593 79 21 avutu
2246 592 44 22 che
2302 592 114 28 benefiy.

2142 625 194 26 Marianna,'ni
2349 625 63 28 pedi
2424 624 36 22 d'i
2469 624 37 22 so'
2512 625 75 27 judi-

2115 659 25 20 ci
2151 670 28 4 —
2188 659 10 20 i
2209 658 99 21 soi'omi
2319 657 75 22 ch'un
2407 663 66 16 sanu
2486 658 40 20 cic
2545 658 41 22 chi

2115 691 55 22 vole
2188 690 26 22 di
2234 691 145 28 ghiustiffa
2390 702 37 14 —,
2452 690 70 28 dopu
2543 692 43 21 avè

2117 723 114 29 obligatu
2239 723 167 28 tutt'ognunu
2415 729 14 15 a
2436 724 151 27 parte,mal-

2114 758 86 28 gradu
2213 765 12 14 e
2236 757 188 28 contrusè,per
2436 756 151 29 tiràsopr'a

2116 792 39 21 ciò
2165 791 91 23 ch'ella
2267 792 24 21 ci
2301 790 73 28 facia.
2386 790 102 22 chiamà
2499 797 38 15 un
2548 792 39 21 ni-

2115 826 69 21 micu
2198 825 151 25 ereditariu,
2363 825 25 20 ci
2399 824 33 21 ha
2441 823 74 28 fattu
2529 826 58 26 per-

2117 860 29 21 de
2155 865 104 22 sangue,
2269 858 84 22 sainte
2365 864 13 14 e
2387 858 111 25 danaru,
2511 860 76 25 eppoi

2111 893 66 28 fece,
2198 899 16 15 a
2229 898 17 16 u
2259 891 122 29 prufittu,
2394 897 14 14 e
2424 892 76 27 parti
2518 898 16 15 a
2550 893 37 20 so’

2115 926 88 22 niodu.

2143 959 15 22 I
2167 959 99 22 suldati
2278 959 28 21 di
2316 958 116 22 mistiere
2445 958 72 22 hanu
2528 960 59 25 pus-

2115 994 62 20 sutu
2189 992 117 29 agliiustà
2318 998 17 16 a
2344 999 12 14 e
2367 991 36 22 so'
2412 991 120 22 maniche
2543 997 44 16 no-

2115 1027 27 21 vi
2157 1026 102 28 galloni
2275 1026 46 21 ben
2334 1026 93 28 pagati
2446 1025 139 27 malgradu

2115 1061 79 20 miser
2194 1066 13 14 e
2218 1058 132 29 capacità;
2362 1065 16 15 a
2388 1060 66 20 setta
2466 1058 36 26 (L'i
2515 1064 71 16 man-

2116 1093 88 21 dai’ini
2227 1092 32 22 ha
2273 1093 80 20 avutu
2376 1093 63 20 mesi
2457 1093 95 27 pagati
2574 1100 12 14 e

2112 1126 122 28 pensioni
2244 1126 50 21 cris
2297 1126 55 21 dut
2352 1132 13 13 e
2371 1131 11 20 ;
2394 1126 12 20 i
2415 1126 88 27 grossi
2518 1131 68 17 mar-

2115 1159 78 25 canti,
2207 1158 70 29 forti
2294 1158 142 22 indannità
2448 1160 49 26 per
2517 1165 69 15 cum-

2114 1199 55 15 uler
2170 1193 42 21 ciu
2230 1192 184 22 abbandunatu
2419 1198 10 22 ;
2441 1199 13 14 e
2464 1198 18 16 u
2494 1199 48 15 cor
2542 1193 43 22 du

2115 1226 141 28 artigianu,
2268 1232 17 15 u
2301 1225 172 29 terraghiolu,
2491 1226 94 28 furça-

2115 1260 21 21 ti
2150 1258 177 23 d'abbandunà
2351 1265 61 16 casa
2433 1265 13 15 e
2458 1259 128 28 famiglia

2115 1293 76 22 ch'un
2205 1293 117 28 pudianu
2335 1292 79 23 cuntà
2430 1299 30 15 ca
2473 1292 87 28 sopr'a
2575 1299 12 14 e

2114 1326 37 22 so'
2163 1326 110 23 breccie:
2294 1326 105 22 nunda!
2416 1326 105 22 nunda!
2536 1325 51 22 Per

2112 1362 70 26 paga
2190 1360 28 21 di
2226 1366 17 15 u
2254 1360 109 28 servifin
2376 1360 112 27 impostu
2498 1365 13 14 e
2520 1358 43 22 chi
2571 1365 16 15 a

2116 1393 83 22 Valtri
2212 1395 83 20 conta:
2305 1399 64 22 %eru
2380 1393 43 21 via
2432 1392 74 28 %eru!
2519 1392 66 22 Gra-

2115 1426 139 29 tificaffom
2267 1432 12 16 0
2298 1426 178 22 ricunuscenti
2486 1431 100 16 succor-

2114 1461 40 21 si:
2166 1461 94 27 quante
2268 1460 27 21 in
2306 1459 95 22 manu!
2417 1459 22 21 A
2453 1458 59 22 sola
2524 1465 60 15 cosa

2115 1493 79 23 busca
2213 1500 13 14 e
2236 1494 71 21 sieur
2308 1499 16 15 a
2341 1492 13 22 è
2368 1494 84 20 data:
2466 1493 119 27 impositi

2114 1527 47 28 più
2173 1527 93 21 elevati
2275 1533 13 14 e
2298 1527 54 21 vita
2362 1527 141 21 erci-carca
2516 1532 16 16 a
2542 1532 42 16 su-

2116 1561 40 22 bis
2157 1567 34 15 ce.

2142 1594 22 22 E
2175 1596 97 20 mentre
2291 1594 43 22 chi
2354 1594 45 22 noi
2418 1594 168 21 cuntinuemu

2116 1634 16 15 a
2142 1634 14 15 s
2157 1628 63 28 offre
2238 1627 171 23 muralmente
2420 1634 12 14 e
2450 1627 137 28 curpural-

2115 1663 91 24 mente,
2226 1662 100 22 videmu
2339 1662 11 20 i
2361 1660 119 29 favuriti
2495 1661 29 21 di
2531 1661 55 22 Ma-

2115 1696 105 25 rianna,,
2247 1694 122 30 l’anffani
2393 1694 149 26 imbuscati,
2574 1695 10 20 i

2113 1730 114 27 prutetti
2245 1729 32 21 da
2297 1735 16 14 a
2326 1728 122 28 pulitica,
2470 1734 86 16 cresce
2572 1735 15 14 a

2116 1764 71 20 casta
2196 1762 36 22 di
2240 1762 182 28 brinnaghj,cu
2425 1761 103 29 favori,
2535 1761 52 22 sol-

2116 1795 22 22 li
2157 1803 16 14 a
2182 1795 95 29 patate,
2296 1795 97 28 figlioli
2411 1796 148 21 mantenuti
2574 1802 12 14 e

2116 1830 152 28 distinffoni
2278 1829 143 28 onorifiche
2428 1841 29 4 —
2465 1829 38 22 Di
2514 1835 72 22 ques-

2116 1865 24 20 te
2151 1864 26 20 ci
2187 1869 30 16 ne
2229 1864 159 27 impippemu
2398 1869 66 15 ancu
2471 1863 10 21 !
2487 1875 29 4 —

2142 1896 98 22 Poveru
2251 1897 161 28 disgrafiatu
2418 1896 9 22 !
2442 1896 76 22 Sottu
2530 1896 55 22 Ma-

2115 1931 104 25 rianna,
2230 1930 42 22 chi
2282 1929 47 29 più
2342 1930 68 28 face,
2423 1930 91 22 nunda
2520 1930 35 28 fà
2564 1931 9 20 !

2143 1964 21 22 E
2176 1965 28 21 in
2215 1970 13 15 s
2229 1966 28 19 tu
2268 1966 71 19 statu
2351 1964 67 21 duve
2430 1970 18 14 u
2454 1964 132 27 furtuna-

2116 1999 28 20 tu
2160 2003 104 16 scrocca
2279 2003 18 15 u
2309 1997 169 28 discra^iatu,
2492 1997 25 20 ci
2528 2002 59 16 vur-

2115 2030 79 22 r'ianu
2197 2030 32 28 fà
2239 2030 99 22 sciaccà
2350 2037 13 14 e
2371 2036 74 16 mane
2452 2029 134 29 d’applau-

2114 2070 33 16 su
2156 2066 48 26 per
2216 2071 12 13 e
2235 2063 191 22 so'scandalose
2441 2063 103 29 affoniï
2554 2063 33 22 Ci

2115 2097 128 23 vurrianu
2257 2103 73 21 ancu,
2340 2104 15 14 a
2368 2098 46 21 noi
2423 2097 85 25 Corsi,
2512 2098 75 27 facci

2117 2132 65 22 liccà
2190 2139 12 14 e
2214 2132 66 22 botte
2290 2131 43 22 clii
2343 2133 26 20 ci
2377 2131 173 29 calpeghianu
2558 2131 12 22 ?

2143 2166 90 25 Nanqu
2244 2172 70 15 more
2324 2172 14 15 o
2346 2165 97 26 straqià
2455 2172 36 15 un
2500 2171 84 16 secon-

2117 2201 35 21 da
2159 2199 125 23 martiriû
2293 2200 9 21 !

2142 2234 22 21 E
2176 2234 42 22 chi
2228 2234 50 22 ’ssu
2286 2234 127 21 martiriû
2424 2235 79 26 possa
2513 2239 71 16 serve

2116 2267 104 22 almenu
2232 2267 32 22 ad
2274 2266 56 30 al^à
2336 2266 172 30 ghigliuttine
2521 2267 39 28 pe'
2572 2267 11 20 i

2116 2302 61 27 capi
2188 2300 71 22 ladri
2272 2307 12 14 e
2297 2300 160 22 l’assassini!

2144 2334 52 22 Noi
2209 2334 83 26 Corsi,
2298 2336 124 27 pensemu
2433 2334 43 22 chi
2492 2334 69 22 Golu
2572 2333 12 22 è

2111 2367 91 29 falatu
2217 2374 73 16 rossu
2301 2369 73 21 sottu
2385 2368 167 22 Pontenovu..

2435 2408 116 22 Sussinu.

2133 2541 360 52 L’Almanaccu
2520 2540 51 52 di

2118 2623 42 51 À
2183 2623 171 52 Muvra
2377 2648 58 22 per
2454 2621 127 51 1929

2144 2732 50 22 200
2207 2731 147 29 pagine,150
2366 2731 174 22 illustrazione.

2145 2770 88 22 Puesie
2244 2776 13 16 e
2273 2770 96 22 articuli
2386 2771 24 21 di
2423 2771 8 21 i
2454 2769 128 29 principal!

2116 2805 67 26 pueti
2193 2810 13 15 e
2215 2805 104 21 scrittori
2330 2799 138 27 dialettali.'

2145 2839 10 22 I
2169 2840 68 26 mesi,
2251 2847 13 14 e
2275 2841 119 27 stagione,
2408 2847 13 15 a
2431 2840 151 28 cronologi.a,

2117 2875 7 20 i
2138 2874 71 25 santi,
2223 2874 153 28 agricultura,
2399 2874 103 26 raconti,
2527 2874 56 24 foie,

2117 2907 152 29 stalbatoghj,
2279 2913 113 21 canzone,
2399 2908 126 28 pruverbj,
2534 2908 51 21 det-

2116 2941 28 26 ti,
2157 2941 148 22 induvinelle
2316 2947 50 21 ecc,
2380 2947 49 16 ecc.

2145 2977 111 23 Cuntene
2267 2984 45 15 una
2321 2978 85 22 Storia
2419 2978 128 25 Populare
2558 2975 26 23 di

2118 3011 111 27 Corsica,
2250 3012 28 21 da
2289 3012 8 21 i
2308 3012 78 27 tempi
2409 3011 140 28 preistorici
2572 3015 12 15 a

2117 3044 126 29 Sampieru
2253 3044 85 26 Corsu,
2352 3046 26 21 di
2388 3045 31 22 P.
2429 3045 28 22 di
2465 3045 36 27 C.,
2514 3050 33 16 cu
2558 3048 26 17 22

2117 3078 161 22 illustrazione
2290 3084 13 16 e
2314 3081 75 20 carte.

2146 3112 87 22 Prezzu
2239 3112 16 21 8
2263 3113 30 21 fr.

2145 3142 47 23 Per
2203 3143 71 22 Posta
2284 3149 6 15 :
2301 3143 15 21 9
2328 3143 30 22 fr.

2147 3173 92 23 Contru
2250 3174 120 22 rimborsu
2377 3180 6 15 :
2395 3173 34 22 10
2441 3173 30 22 fr.

2290 3296 124 31 Avlsu

2147 3371 29 21 Ci
2187 3370 103 22 scusinu
2309 3370 10 21 i
2331 3370 83 22 nostri
2432 3369 78 22 amici
2527 3366 60 24 tutti

2119 3403 100 27 quanti,
2238 3403 30 27 si,
2287 3408 47 20 per
2346 3402 125 28 Fabbene,
2485 3402 101 22 vistune

2119 3436 119 22 Fenorme
2260 3441 75 20 spesa
2359 3435 131 23 causataci
2515 3435 34 22 da
2573 3439 13 15 e

2119 3469 136 21 franebizie
2266 3468 31 26 pè
2305 3475 15 15 a
2330 3469 225 26 currispundenza,
2563 3466 24 22 ci

2119 3501 131 23 videremu
2257 3501 91 23 furzati
2355 3502 140 23 d’incaricà
2501 3508 19 15 u
2528 3501 59 21 «Pe-

2121 3535 66 21 done
2197 3535 133 22 Muvrinu»
2344 3535 78 29 (terza
2431 3534 104 28 pagine)
2543 3537 44 23 per

2121 3574 13 15 e
2145 3567 110 26 risposte
2266 3575 14 15 a
2290 3575 53 16 una
2352 3576 73 19 para.

2147 3602 141 25 Preghemu
2305 3603 81 26 quelli
2402 3602 42 22 chi
2463 3601 124 22 bramanu

2120 3634 48 22 avè
2176 3641 50 16 una
2231 3635 111 27 risposta
2350 3637 102 24 diretta,
2459 3634 128 26 d’aghius-

2120 3667 28 22 tà
2157 3674 52 16 una
2222 3668 138 23 franchizia
2378 3669 27 21 di
2418 3669 32 20 10
2461 3667 69 23 soldi
2547 3673 16 14 a
2573 3670 13 16 e

2121 3701 37 22 so’
2168 3701 97 22 lettere.
