2566 3814
88 148 145 24 tuLL’accinta
246 147 23 22 di
283 144 127 31 panculellc
421 151 6 18 ;
448 142 56 22 soLl'
512 148 44 15 una

88 182 113 22 barrucca
213 180 99 24 rusLica,
325 177 19 21 si
357 175 115 29 ti-avagiia
483 181 13 13 a
509 174 23 21 la
543 180 13 14 c

89 213 112 28 cainisgic
221 212 24 22 di
265 218 14 15 c
297 214 118 22 cainpane.
437 206 36 22 Nc
494 212 62 22 vegu

87 249 97 26 quallru
195 244 90 22 infìlale
293 251 6 12 :
310 241 32 22 c’è
351 245 112 24 cainpane
472 245 41 21 per
522 241 35 18 tre

88 279 74 28 paesi.
174 277 31 22 Mi
217 277 91 21 n’entvu
321 273 22 22 in
356 273 88 24 chiesa,
458 270 99 23 salutu.a

87 311 65 22 SanL'
160 311 93 21 Àntone
265 307 38 22 chi
315 307 35 20 stà
364 305 85 22 arrillu
462 303 22 20 in
500 303 14 21 b
516 309 40 15 cru

88 350 86 18 niczzu,
185 340 101 23 lenendu
299 346 14 14 u
325 338 111 21 bumbinu
442 335 25 21 in
479 341 77 18 inanu,

88 384 46 18 ma,
147 377 24 20 in
183 372 144 24 l’alliludinè
338 370 52 21 d’un
405 375 55 16 oinu
473 369 84 26 pronl.u

89 416 12 14 a
114 409 56 22 bulà
182 414 13 14 a
207 413 60 22 capu
277 404 37 22 del
324 403 85 22 mondu
425 400 39 30 p'e'
472 407 13 14 a
494 399 62 22 fede.

87 443 20 20 A
119 441 80 22 chiesa
211 439 32 21 mi
261 443 56 23 pare
336 437 57 20 lutta
411 432 78 30 quella
508 431 22 22 di
543 437 13 14 a

87 472 145 24 Venzulasca
245 477 42 21 per
298 476 13 14 e
321 468 34 21 so’
366 465 154 24 dimensione.

157 504 73 22 Uiin'è
242 508 92 22 sempre
350 500 76 28 picna,
445 497 31 21 mi
493 496 64 21 disse

88 538 65 22 Sanl/
160 538 100 24 AnLone,
275 532 138 24 cum’eli’era
426 536 46 15 una
483 528 72 22 voila-.

87 572 42 21 Stu
141 575 78 24 paese,
233 568 29 21 da
275 566 65 22 mille
351 566 13 19 è
374 564 51 22 cala
429 565 24 19 lu
465 568 14 14 a
491 562 65 26 c/ual-

87 607 38 19 tru
137 600 148 25 cenL’anime.
298 598 25 21 Si
334 603 28 15 ne
372 601 99 19 vanu;c
481 598 74 22 granu

88 639 30 19 nè
130 641 44 22 pan
188 634 23 20 di
223 632 66 21 ’ranu
303 636 29 14 un
344 628 21 21 ci
377 628 36 21 n’è
426 626 48 28 più.

115 679 29 6 —
155 667 18 21 E
185 672 14 14 a
211 664 52 21 fede
272 663 12 20 ?

114 712 28 4 _
151 697 83 27 Quella
245 696 22 21 ci
275 695 42 24 s'è,
327 698 36 16 ma
374 688 124 25 anch’ella,
507 687 48 29 pia-

86 739 30 16 nu
125 732 22 28 pi
149 737 28 15 an
180 737 23 18 u,
211 726 155 24 sbiaditLisce;
376 724 62 22 simu
446 719 110 24 bellibel-

86 766 16 21 li
116 762 90 25 lunlani
217 761 23 21 di
253 761 7 21 i
274 758 69 29 tempi
352 757 36 22 chi
397 754 55 24 tutLi
461 756 29 20 sLi
500 758 55 24 pae-

86 800 21 20 si
120 798 24 21 di
157 804 13 14 u
190 792 111 24 circondu
310 799 5 13 :
333 789 94 25 Zalana,
447 785 106 24 Tallone,

84 828 132 31 Ampriani,
229 824 107 24 Pianellu
347 829 13 15 e
370 821 83 25 Zuani,
464 820 91 21 facianu

86 865 29 21 ad
121 860 95 25 imbidia
223 866 42 21 per
271 857 60 22 cullà
339 863 13 15 a
359 852 127 32 pregammi
491 850 63 23 in’du

87 897 48 21 miô
147 893 124 24 curnbenLu
284 890 23 22 di
318 888 79 23 Zuani.
410 886 38 23 Un
455 884 99 30 ghiornu

88 935 102 23 speru...

114 973 29 5 —
147 960 35 22 Un
189 958 101 29 ghiornu
297 967 29 5 —
330 956 34 21 sia
371 954 47 22 ellu
426 953 128 21 dumane—

86 995 65 22 forse
163 994 60 20 tuttu
236 989 143 23 cambierà...
390 987 18 21 E
421 986 24 22 bi
456 984 19 22 ri
478 991 43 21 pur
523 986 32 19 1er

85 1034 67 16 remu
166 1024 128 23 triiinfante
307 1029 12 15 a
332 1028 14 15 u
360 1019 126 24 cumbentu
500 1023 51 15 vos-

87 1064 38 19 tra
137 1059 39 22 chi
188 1058 28 21 ha
229 1057 78 21 inlesu
319 1056 66 20 canlà
400 1054 66 20 tante
477 1050 54 21 Iode
541 1056 13 14 a

87 1094 46 22 J)iu
153 1099 13 15 c
186 1092 29 21 ha
228 1090 110 22 nascostu
350 1094 13 14 a
370 1087 47 21 San
429 1082 90 25 Teofilu
531 1082 24 21 di

88 1126 76 23 Corli.

115 1158 132 28 M’abbegu,
273 1161 54 16 caru
348 1157 118 24 cumpare,
487 1149 39 22 chi
546 1149 7 21 i

88 1195 47 21 miò
148 1194 95 28 quattru
255 1188 62 23 filari
327 1186 147 29 s’allonganu
488 1189 67 16 cunte

86 1228 8 21 i
107 1227 49 29 pini
169 1226 23 21 in
203 1224 142 22 Vizzavona.
363 1215 85 28 Âveria
461 1223 41 16 cen
505 1219 23 20 tu
543 1222 12 15 e

86 1264 70 19 centu
169 1265 55 16 cose
237 1265 12 15 a
262 1257 32 22 di.
310 1255 26 22 Bi
349 1251 145 30 diceraghiu,
507 1250 48 28 pri-

86 1301 38 15 ma
136 1293 24 21 di
171 1292 83 27 ripone
266 1295 83 24 penna,
360 1286 62 23 cb’io
441 1286 28 20 sò
486 1284 69 21 aflac-

87 1330 53 19 catu
154 1331 58 16 ancu
225 1323 23 22 in
262 1320 128 30 Ampriani,
412 1318 101 30 paiseltu
531 1316 24 21 in

86 1366 15 21 p
103 1366 29 15 un
135 1362 23 18 La
171 1357 55 22 d’un
239 1355 89 30 poghiu
340 1353 37 22 chi
389 1351 94 23 domina
493 1356 15 15 u
519 1355 36 15 ca-

85 1393 55 22 nale
158 1392 23 21 di
194 1397 14 15 u
220 1387 152 30 Gursigliese,
389 1383 130 24 fiumicellu
529 1382 25 21 di

85 1423 139 31 Tavignani,
238 1430 13 15 e
264 1422 51 22 face
333 1427 72 15 cennu
426 1425 14 15 a
450 1417 104 22 Pelrase-

86 1466 56 16 rena
155 1458 38 22 chi
205 1463 30 15 un
247 1456 56 22 bole
315 1454 79 28 cappià
403 1460 15 14 a
427 1451 35 22 so’
470 1453 83 23 cresla,

85 1500 14 14 e
110 1500 12 15 a
135 1489 183 25 Panchcraccia.
327 1487 82 29 Eppoi,
419 1487 27 21 sô
456 1484 99 30 ghiunlu

85 1527 42 27 più
139 1526 24 21 in
175 1523 59 26 aitu,
250 1530 14 14 a
277 1529 13 15 u
303 1520 123 23 cumbentu
438 1519 24 20 di
473 1517 80 25 Zuani,

83 1558 163 23 stabiiimentu
259 1555 69 28 majô,
341 1551 172 31 impughiulatu
522 1550 32 21 al-

83 1592 68 22 l’aria
160 1590 85 26 fresca,
255 1590 65 21 sottu
328 1586 56 22 belli
392 1583 114 30 castagni.
515 1583 39 22 Ma

85 1632 15 15 u
120 1624 126 23 cumbentu
271 1624 12 20 è
299 1627 68 16 senza
386 1619 57 23 frati
462 1617 29 22 da
513 1617 40 29 più

85 1659 55 21 d’un
153 1656 82 23 seculu
246 1663 6 19 ;
266 1662 13 15 a
291 1654 34 22 so’
337 1653 85 22 Chiesa
430 1657 70 17 senza
511 1653 43 20 tet-

86 1694 25 19 lu
124 1693 13 20 è
149 1690 68 29 piena
234 1689 25 21 di
276 1687 61 29 fighe
352 1693 12 14 e
381 1685 105 25 d’ellere,
507 1690 12 15 e
531 1683 22 22 ci

86 1730 104 23 ruspanu
202 1729 13 14 e
224 1722 92 28 jalline.
328 1719 92 27 Quantu
435 1723 70 22 crêpa
515 1723 39 16 co-

84 1764 27 15 re
120 1758 7 21 !
146 1756 33 22 Mi
199 1761 74 16 vense
287 1754 25 22 in
331 1755 76 20 mente
419 1751 37 22 ciò
468 1749 84 23 ch’ellu

84 1790 66 23 disse
162 1795 30 16 un
204 1790 27 20 sô
243 1788 40 22 chi
295 1789 66 27 pueta
371 1793 7 15 :

96 1842 64 20 Dece
165 1839 121 26 pruvincie
294 1838 58 23 avie,
360 1845 14 12 o
385 1837 71 21 Cirnu
464 1835 88 20 anticu:

109 1869 93 21 Bastia,
213 1867 67 25 Capu
290 1867 76 20 Corsu,
375 1866 25 20 la
408 1864 118 24 Balagna,

108 1897 89 21 Alerta,
208 1895 69 22 Corti,
281 1894 68 20 Calzû
354 1900 14 13 e
378 1893 60 23 Vicu,

110 1920 99 25 Sariene
216 1929 14 13 e
237 1922 125 25 Bonifaziu
370 1922 24 20 in
403 1920 143 24 cudulagna.

110 1953 62 20 Dece
176 1951 123 25 pruvincie
306 1949 76 21 avie...

109 1980 72 20 Pieve
187 1979 104 20 sissanta
298 1978 34 20 sei
339 1985 12 13 e
356 1977 113 26 piuvanie

112 2007 81 21 Veschi
199 2007 83 25 cinque
290 2013 14 13 o
311 2006 34 20 sei
352 2012 12 13 e
371 2007 133 22 Bescuvati,

109 2035 125 21 Cumbenfi
238 2037 75 20 centu,
320 2034 67 25 pieni
392 2035 30 19 di
425 2034 66 25 frati.

112 2071 19 22 E
144 2070 30 22 mi
187 2077 70 22 parse
269 2071 24 21 di
305 2072 64 20 sente
381 2077 62 15 ancu
454 2076 44 15 una
509 2075 41 16 vo-

83 2111 27 15 ce
117 2104 37 22 chi
162 2110 148 22 mungunava
317 2104 22 21 in
348 2103 83 23 latinu:
441 2103 71 22 Exor
513 2104 10 20 i
523 2109 27 15 ci-

82 2144 29 16 re
126 2137 97 29 aliquis
237 2138 96 22 nostris
348 2144 30 16 ex
394 2136 102 24 ossibus
510 2136 41 23 ul-

80 2173 81 21 tor....

98 2225 4 3 .
111 2217 27 5 —
146 2204 36 22 Oh
193 2205 6 21 î
214 2205 30 21 oh
257 2205 6 21 !

109 2238 33 22 Mi
154 2237 95 28 rivoltu,
263 2245 13 15 e
287 2238 37 21 chi
337 2238 16 21 ti
364 2236 81 30 vegu?
463 2235 37 23 Un
511 2243 40 15 ca-

81 2272 106 29 vagìieru
197 2275 91 19 armalu
301 2271 83 22 all’usu
396 2270 71 22 d’una
477 2269 72 26 volta,

81 2306 52 21 c’un
146 2304 104 30 spadone
263 2312 13 15 a
288 2305 73 22 fiancu
374 2312 13 14 e
396 2303 77 23 lancia
487 2303 63 22 nuda

81 2339 24 21 in
118 2346 78 14 manu.
207 2338 70 23 Disse
289 2339 53 28 pian
354 2338 96 28 pianinu
460 2344 6 13 :

109 2384 29 4 —
147 2372 31 22 Sô
190 2371 24 22 di
227 2373 8 21 i
246 2372 86 28 Signor
342 2370 23 22 di
374 2378 14 14 a
400 2370 62 22 Pctr’
470 2369 81 23 ellera-

81 2410 31 25 ta,
122 2409 48 21 ’ssu
185 2408 99 23 casteîlu
298 2407 36 22 chi
344 2409 22 19 tu
375 2406 64 26 bedi,
449 2406 23 21 in
481 2405 70 23 ’ss’el-

80 2442 77 27 piccie
168 2441 86 22 rasine-

105 2474 75 22 •—Ah
190 2475 5 20 !
207 2474 54 25 Ah.!
274 2470 20 25 È
306 2478 83 23 quessa
401 2479 15 15 a
428 2472 123 22 Petr’elle-

81 2510 51 19 rata
142 2508 7 21 !
161 2507 44 21 Chi
217 2507 92 22 buliate
320 2504 42 22 di'?

109 2553 29 4 —
146 2539 65 23 Eiu'?
229 2539 84 22 Nunda
328 2544 13 15 e
357 2538 89 22 r.ienle.
464 2538 86 26 Àddiu,

79 2575 28 20 sô
119 2575 120 27 pressalu.

107 2603 33 25 ÎSIi
155 2606 87 26 salutò,
255 2612 20 19 e,
290 2603 89 23 cavallu
391 2611 14 15 e
417 2604 135 28 cavaglieru

79 2644 171 24 scumparsenu
269 2637 60 22 ind’a
349 2636 33 23 fol
385 2640 23 19 ta
420 2637 131 29 pullunela.

752 139 252 58 ImpiccI
1042 150 37 31 e
1116 127 271 58 ’mbrogll

584 244 122 24 Sempre
714 241 171 23 Fraissinet
890 240 5 19 !

610 280 27 19 In
660 286 48 13 una
730 275 192 24 cumunicazione
944 273 64 24 fatta
1031 278 16 13 a

585 307 107 24 Stampa,
701 313 16 13 a
725 303 142 27 curnpagnia
875 299 165 23 Fraissinet,cl
1039 299 17 19 à

584 334 83 19 avvisu
683 340 16 12 a
717 339 15 13 u
744 332 97 25 publiai
858 328 28 21 ch
895 328 48 20 ella
964 333 47 14 unn
1022 325 33 20 ha

584 361 69 19 alcun
660 362 84 22 putere
768 359 27 20 di
810 356 116 22 decisione
937 358 44 21 per
996 353 10 19 l
1013 358 42 14 au-

584 389 62 18 ment
645 394 16 13 u
670 387 26 19 di
703 386 96 25 iprezzi
806 385 26 19 di
837 387 138 22 passaggiu,
981 387 13 13 c
1000 379 55 25 face

583 414 82 21 risorte
668 412 239 24 chi,attualmente,un
909 411 145 30 passaggeru^

581 445 66 21 paga
655 441 25 20 in
692 441 81 24 prima
780 439 75 19 classe
863 436 60 20 13?
930 436 31 24 fr.
970 433 77 21 ciocch

584 468 46 20 ellu
652 468 104 24 pagaria
774 465 43 21 SO
818 465 20 19 1?
854 463 31 25 fr.
904 464 24 19 in
946 464 67 18 trenu
1039 467 14 13 e

584 494 65 21 307
655 495 31 25 fr.
696 496 75 18 nantu
780 499 31 13 un
819 490 99 22 battellu
931 490 27 20 di
965 489 87 20 Marse-

582 522 141 25 glia-Africa
732 521 27 19 di
767 527 15 14 u
789 520 48 21 Nor
836 519 40 20 du.

608 550 20 20 A
638 550 82 21 noi.ste
728 546 180 26 cumparazione
916 551 32 14 un
956 543 23 20 ci
984 546 69 22 pare-

582 583 32 14 nu
622 577 73 19 micca
701 577 62 22 faite
771 580 28 14 eu
805 574 72 19 tutt’a
882 571 129 25 precisione
1016 576 14 12 e
1033 575 19 13 a

582 603 109 20 sincerità
699 601 113 20 richieste.

607 630 34 19 Pè
648 636 17 12 a
670 628 87 25 prima,
767 626 101 21 vulendu
876 627 89 23 oppone
973 622 78 20 /137

580 656 30 24 fr.
629 656 27 19 di
668 661 15 13 u
697 654 107 24 bigliettu
818 649 235 27 Marseglia-Ajacciu

582 689 16 13 a
607 683 10 19 i
628 682 65 20 307
700 682 31 24 fr.
747 680 27 21 di
781 687 15 13 u
803 682 75 18 stessu
892 678 105 25 bigliettu
1004 678 49 18 sta-

581 710 68 20 bilitu
658 707 247 27 prupurziunalmente
917 712 17 13 a
941 712 17 13 u
963 708 90 21 prezzu

581 738 28 19 di
621 735 225 26 Marseglia-Algeri,
865 740 102 14 cunvene
986 732 27 19 di
1023 731 29 24 fci

582 765 99 20 ritnarcà
690 764 39 20 chi
739 766 44 21 per
795 761 111 22 sfultima
920 762 115 19 traversât
1035 765 17 13 a

581 793 26 19 sò
612 792 100 25 previsti
717 791 17 20 3
737 791 107 25 pasti,un
852 789 127 24 sdighiunu
985 794 12 13 e
1002 792 50 14 unci

582 820 118 22 merenda,
722 819 76 20 tandu
819 817 39 21 chi
873 823 16 13 a
909 814 144 26 curnpagnia

581 847 128 21 Fraissinet
715 853 33 13 un
756 852 65 15 serve
826 845 42 20 che
876 850 31 14 un
913 844 51 20 solu
970 843 79 24 pastu,

581 875 76 20 ciocch
658 875 11 20 i
675 874 50 20 vole
733 873 26 20 di
768 873 44 22 chi,
825 876 44 21 per
883 871 28 24 fà
926 876 48 15 una
985 869 67 25 justa

581 902 188 26 cumparazione,
787 901 130 23 abbisogna
932 897 78 22 caccià
1019 897 33 19 da

582 931 10 20 i
597 930 44 25 3oy
644 931 32 25 fr.
682 930 40 20 chi
735 929 23 20 ci
768 930 26 19 sò
808 927 71 22 messi
891 927 69 20 soit’a
968 923 85 25 l’occhj

582 964 65 14 cume
655 965 31 13 un
691 956 131 26 pauracciu
830 961 49 14 una
884 953 134 22 sessantina
1026 951 27 20 di

579 986 108 24 franchi;
703 985 25 20 in
745 987 39 18 stu
800 982 77 22 modu,
902 987 74 15 senza
998 981 53 18 tene

582 1016 68 18 contu
657 1014 27 20 di
691 1013 69 20 tutt'u
770 1020 12 11 «
788 1010 89 25 confort
884 1018 11 11 »
908 1010 27 20 di
942 1009 10 20 i
958 1007 93 21 batteth

582 1041 127 25 d’Algeria,
718 1046 17 14 u
741 1038 190 26 paragonesarìa
940 1036 32 20 da
990 1034 61 21 137

582 1076 15 13 a
607 1069 74 20 347.

605 1097 43 19 Ma
655 1103 17 13 u
678 1096 83 20 lettore
766 1095 58 20 deve
831 1093 60 25 sapé
898 1092 40 21 chi
945 1091 33 20 sti
985 1090 66 21 347

579 1124 96 25 franchi
687 1124 187 24 rappresentanu
888 1127 15 13 a
917 1118 81 25 tariffa
1013 1125 39 14 ac-

582 1154 87 18 cettata
677 1152 33 19 da
718 1157 14 13 e
740 1148 137 27 cumpagnie
891 1147 161 21 cuncessiuna-

581 1180 35 21 rie
622 1181 31 23 pè
661 1186 31 14 un
697 1179 100 25 penodu
805 1176 161 25 lunghissimu,
976 1182 19 15 e,
1007 1177 45 22 per

582 1214 92 19 quessa,
686 1207 24 20 ci
722 1206 67 20 vulia
798 1212 16 14 a
823 1206 69 19 mette
908 1204 24 20 in
948 1202 78 26 faccia
1035 1210 17 13 a

580 1239 40 17 stu
624 1240 90 21 prezzu
721 1234 81 26 quellu
809 1233 41 21 chi
856 1232 131 22 u.ministru
994 1231 58 20 For-

580 1267 54 22 geot
641 1264 24 20 ci
670 1263 68 20 vulia
746 1262 91 25 impone
845 1268 8 13 :
860 1259 109 25 3tt>fr!
975 1259 11 20 !
991 1258 11 21 /

607 1292 73 20 Avete
689 1290 82 25 capitu
775 1290 12 20 ?
794 1288 85 25 Parigi
886 1288 32 20 ha
926 1288 79 20 decisu
1014 1287 40 20 chi

581 1320 92 24 quandi
678 1318 127 21 Mohamed
811 1317 45 20 ben
862 1315 127 21 Mohamed
994 1314 59 21 lam-

580 1348 62 24 parà
654 1352 43 20 247
708 1345 92 24 vintini,
819 1344 129 21 Piedsciali
962 1350 14 13 o
990 1343 63 20 Bua-

581 1376 59 19 tauti
649 1375 125 20 duvaranu
782 1374 127 24 lampanne
917 1371 44 21 325
965 1372 13 20 !

606 1402 143 22 D'altronde,
765 1402 70 20 s'omu
848 1404 75 21 passa
938 1407 15 13 a
961 1406 14 13 e
991 1399 61 21 linee

580 1430 182 21 Nizza-Corsica
776 1429 10 20 i
796 1428 85 26 prezzi
898 1427 112 21 attnali
1025 1428 27 21 sô

581 1459 113 24 superiori
701 1465 15 13 a
725 1457 75 25 quelli
807 1457 26 20 di
846 1463 15 13 u
877 1459 73 17 trenu.

609 1487 44 20 Chi
659 1493 29 13 ne
696 1486 65 20 saria
770 1486 61 24 dopu
840 1485 128 20 l’aumentu
974 1483 12 21 ?
991 1484 11 20 !

581 1533 170 24 Cireatagîij

608 1566 195 27 Quaranfott'ore
830 1567 85 19 avanti
939 1572 16 14 u
977 1565 72 25 jornu

581 1595 188 26 d‘applicazione
784 1595 28 19 di
826 1601 16 13 a
859 1600 61 14 nova
937 1593 88 25 tariffa,
1042 1594 10 20 i

580 1623 193 25 rappresentanti
779 1621 20 26 (?
803 1622 20 25 !)
840 1622 27 20 di
883 1628 15 14 a
917 1622 56 20 Cors
972 1622 38 20 ica
1034 1629 17 13 a

580 1652 83 24 Parigi
669 1650 146 21 unn’avìanu
822 1657 88 14 ancora
918 1650 82 20 alzatu
1009 1651 42 19 un’

580 1679 120 25 unghiola.

608 1707 103 21 Videndu
718 1707 26 20 in
752 1707 39 20 chi
798 1706 70 21 modu
876 1706 125 25 l’opinione
1006 1708 45 22 pu-

580 1735 62 21 blica
649 1735 59 20 s’era
714 1741 86 16 scossa,
809 1734 33 21 sti
846 1735 80 20 catelli
932 1735 119 23 bragana-

579 1764 26 22 ti,
617 1763 80 21 invece
712 1763 147 24 d’abbaghià
876 1768 66 15 cume
953 1762 99 20 mastini

579 1792 24 20 in
619 1791 211 24 un’interpellanza
848 1791 107 24 energica
973 1790 23 20 a'
1006 1790 44 20 Ca-

579 1826 72 17 méra,
660 1820 26 20 sô
694 1819 93 22 andati,
796 1825 65 14 cume
869 1818 101 22 bracchi,
981 1824 15 14 a
1002 1817 48 26 chj-

579 1848 67 20 nassi
653 1854 16 13 a
677 1848 11 19 i
692 1847 59 25 pedi
757 1847 28 20 di
788 1847 122 19 Poincaré.

606 1873 20 20 U
640 1874 131 19 resu-contu
786 1872 28 20 di
827 1872 142 20 l’intervista
985 1874 38 17 tra
1041 1871 10 20 i

578 1901 110 25 deputati
693 1907 13 13 e
712 1900 109 20 senatori
825 1900 30 20 di
866 1899 82 21 Vlsula
962 1899 87 21 Sviata

578 1936 13 13 e
599 1935 16 14 u
622 1935 65 14 nanu
695 1929 28 19 di
730 1928 130 25 Sampigny
867 1928 32 19 dà
905 1934 17 13 a
927 1928 88 20 misura
1023 1927 28 20 di

579 1998 36 22 Un
627 1997 74 23 merlu
713 1996 197 23 eliiunchiurlava
928 2003 13 15 c
955 1995 95 23 fiscula-

577 2038 29 15 va
617 2038 6 14 :

638 2071 95 20 Albitru
742 2070 25 21 in
775 2070 83 22 Boziu,

640 2099 76 24 Scopa
726 2098 24 20 in
759 2098 129 25 Alisgiani,

641 2127 63 20 Tutti
710 2126 21 20 li
737 2126 71 20 ciocci

642 2155 109 21 Cantanu
759 2154 164 24 imAmpriani.

640 2182 117 21 Sbacconi
762 2181 157 24 Madurinchi,

640 2210 138 21 Scorna-boi
786 2209 154 23 Talluninchi,

642 2238 144 20 Codi-mozzi
792 2237 149 21 Zalaninchi.

606 2273 19 22 E
631 2272 130 24 circhendu
768 2280 13 15 a
791 2274 53 27 capi
852 2280 13 14 u
873 2279 70 15 sensu
953 2272 25 22 di
985 2272 65 29 quel-

577 2307 23 22 lu
614 2306 145 23 latinorum
770 2313 12 15 e
800 2306 24 21 di
844 2308 36 19 ste
891 2305 158 26 filaslrocche,

578 2340 31 21 mi
620 2347 30 15 ne
660 2340 77 22 turnai
745 2346 42 21 per
797 2347 13 14 u
818 2339 166 23 stradunacciu
993 2338 57 22 sfal-

579 2376 24 19 tu
615 2373 39 22 chi
661 2381 13 14 a
677 2376 45 19 tira
724 2379 68 16 versa
805 2372 88 22 terreni
901 2371 150 28 maraviglio-

578 2406 21 22 si
611 2413 13 14 e
635 2406 93 26 inculti,
740 2412 14 15 e
770 2405 57 23 finiu
847 2412 43 22 per
906 2405 147 22 ritruvammi

577 2440 24 21 in
610 2439 103 22 l’usteria
727 2438 162 29 ch’iov’aghiu
901 2438 77 22 deltu:
991 2437 61 23 l’us-

578 2474 68 20 teria
659 2473 27 21 di
699 2471 191 29 Trinniqhellu.
905 2470 94 23 Sudava
1013 2471 38 21 eiu

579 2505 30 22 da
621 2512 13 15 u
648 2508 89 19 stremu
748 2504 88 27 calore,
847 2510 37 15 ma
892 2504 24 22 vi
928 2503 123 29 rispondu,

579 2545 56 15 caru
648 2544 119 22 cumpare,
787 2537 87 22 cli’ellu
891 2537 89 22 sudava
996 2536 56 23 dinô

577 2571 49 22 ellu
647 2577 66 16 cume
736 2577 32 15 un
788 2577 79 16 morru
880 2570 23 21 in
915 2570 26 22 lu
956 2569 96 23 desertu

579 2603 118 23 africanu.

713 2638 115 21 Martinu
839 2637 185 26 Appinzapalu.

1081 233 111 24 l’energia
1200 233 27 19 di
1234 234 10 19 i
1248 230 138 27 puliticanci
1395 227 28 20 ch
1430 227 47 20 ellu
1492 233 12 13 c
1512 227 21 19 in
1533 237 13 10 1.

1079 266 62 21 pone
1148 266 15 14 u
1171 266 74 18 gaver
1245 265 40 15 nu.

1080 303 161 23 Iniziativa

1105 339 94 21 Partitu
1208 345 15 13 u
1231 342 67 17 rossa
1306 336 54 21 Mar
1360 334 48 21 lier,
1423 340 16 14 u
1445 337 105 21 guvernu

1080 368 23 20 ci
1108 367 56 20 av'ui
1171 369 124 22 prumessu
1307 369 32 15 un
1352 361 77 25 préfet
1429 364 26 16 tu
1467 359 86 20 realiz-

1079 397 82 18 zatore
1169 394 39 19 chi
1215 393 74 21 duvia
1298 389 90 22 mettesi
1401 388 55 20 subi
1456 390 26 17 tu
1490 392 15 14 a
1514 385 11 19 l
1531 392 22 12 o-

1077 425 58 21 pera
1142 422 31 22 pè
1178 427 16 13 u
1197 421 96 24 famosu
1302 423 10 11 «
1318 416 155 21 relèvementJ>
1485 415 68 18 tantu

1078 448 124 25 aspittatu.

1105 475 20 20 U
1129 481 62 14 novu
1197 473 137 26 procorisule
1341 477 58 13 vene
1406 469 26 20 di
1439 469 33 20 dà
1481 475 14 13 a
1500 470 53 22 pro-

1077 509 31 14 va
1115 502 28 20 di
1149 508 17 13 a
1174 509 25 13 so
1208 501 96 21 attività
1311 507 8 13 :
1327 499 32 20 ha
1367 497 100 21 adunitu
1473 496 25 20 in
1501 498 52 22 pre-

1075 530 88 25 fettura
1180 534 120 16 numerose
1313 525 155 27 persunalità,
1482 524 39 24 fra
1540 529 13 13 e

1077 557 70 26 quale
1155 564 17 13 a
1181 557 24 21 S.
1218 557 25 20 G.
1253 552 55 24 Mon
1309 554 79 25 signor
1395 553 80 22 Rodié,
1485 557 67 15 vescu

1077 585 130 23 d’Ajacciu,
1218 591 13 12 e
1240 589 16 13 a
1265 582 123 21 custituitu
1398 587 30 13 un
1437 580 115 20 cumiiatu

1079 612 39 19 chi
1124 612 23 19 si
1153 612 31 19 de
1185 617 27 13 ve
1219 611 92 22 accapà
1320 609 25 20 di
1353 607 74 21 vende
1439 606 110 21 bandere,

1078 638 115 20 cartuline
1209 645 12 12 e
1236 636 135 25 franchizie
1393 637 44 22 per
1452 633 99 21 innalzà

1077 668 97 23 quattru
1182 664 142 21 monumenti
1335 662 88 26 sopr'ai
1434 661 80 25 campi
1526 660 26 20 di

1077 693 119 24 battaglia
1205 692 27 20 di
1239 698 16 13 a
1261 691 93 25 grande
1360 696 94 19 guerra.

1103 721 19 20 A
1137 720 94 20 Corsica
1240 720 13 19 è
1260 719 71 20 salva
1337 719 11 20 !

1077 766 238 26 Inaugurazione

1105 804 34 19 Un
1157 805 81 18 nostru
1255 801 200 26 currispundente,
1473 801 77 24 degnu

1076 831 129 22 sacerdote,
1215 831 24 19 ci
1251 830 35 20 ha
1297 831 60 20 data
1371 836 32 14 un
1415 836 52 14 resu
1482 830 68 19 contu

1077 859 27 20 di
1110 865 16 13 a
1134 858 126 21 cerimonia
1277 858 211 24 d'inaugurazione
1500 857 27 20 di
1533 863 17 13 a

1077 887 77 20 chiesa
1170 887 26 19 di
1204 893 15 13 u
1238 886 142 20 Sacru-Core
1397 886 24 20 in
1444 885 104 25 Ajacciu,

1077 920 51 14 resu
1135 917 69 17 contu
1212 914 82 20 scrittu
1299 915 51 19 c’un
1351 921 15 13 a
1370 917 80 22 penna
1456 914 27 20 di
1484 915 66 23 prete

1077 941 134 21 ubbidiente
1226 949 13 13 e
1256 944 84 23 troppu
1343 942 133 25 primurosu
1490 942 60 19 d’as-

1076 969 73 21 cottde
1156 973 62 17 certe
1221 970 116 20 cusarelie
1341 970 39 20 chi
1383 970 137 25 cipugnenu
1524 969 26 20 in

1075 1004 57 14 senti
1143 1004 65 15 cume
1221 998 61 25 aghi
1296 1001 82 22 troppu
1383 998 103 25 pinzuti.

1100 1026 91 21 Avemu
1199 1029 96 21 stampa
1296 1029 26 17 tu
1329 1028 38 19 stu
1375 1032 52 14 resu
1436 1029 68 18 contu
1521 1031 27 14 eu

1076 1054 87 24 fiducia
1173 1061 38 14 ma
1224 1060 66 14 semu
1304 1054 105 21 custreiti
1420 1055 27 20 di
1457 1053 94 22 rendeci

1078 1084 68 18 contu
1154 1082 84 20 ch’ellu
1246 1089 32 13 un
1285 1083 32 23 pò
1325 1082 64 20 andà
1403 1082 106 25 dipassu
1521 1087 28 14 eu

1076 1116 17 14 a
1099 1110 65 20 nuda
1174 1111 82 20 verità.

1099 1138 46 20 Noi
1152 1139 40 20 chi
1198 1145 86 13 avemu
1292 1138 126 26 fighiulatu
1428 1140 63 19 tuttu
1504 1144 44 14 cun

1077 1166 81 25 occhju
1174 1166 177 21 schiettamente
1368 1172 73 17 corsu,
1466 1172 83 14 avemu

1077 1195 61 19 vistu
1146 1194 87 21 ciocchi
1241 1201 16 13 u
1264 1198 81 17 nostru
1358 1194 191 26 currispundente

1078 1222 89 21 unn’ha
1172 1225 101 23 pussutu
1282 1223 65 20 vede.

1102 1250 34 21 Ne
1141 1251 142 24 parleremu.

1109 1331 128 36 Pruteste
1253 1333 99 34 contra
1366 1331 149 37 l’aumenhi

1127 1387 30 36 di
1172 1389 12 34 i
1195 1388 100 45 prezzi
1310 1388 31 36 di
1356 1389 142 44 Importa

1151 1444 31 35 di
1196 1444 13 35 i
1222 1444 106 35 servizi
1339 1444 135 36 maritimi

1076 1518 35 20 111
1124 1516 88 22 Sartè

1100 1553 68 19 Ordine
1175 1553 21 19 di
1204 1559 13 12 u
1220 1553 60 23 jornu
1288 1554 36 17 dia
1331 1553 128 23 municipalité
1467 1553 21 18 di
1495 1552 54 19 Sartè

1075 1579 70 18 riunila
1152 1578 21 18 in
1180 1578 77 19 sessione
1267 1578 102 19 ordinaria.

1097 1619 9 10 a
1110 1612 124 19 Considérant
1238 1616 39 18 que
1281 1612 19 18 le
1305 1613 156 21 gouvernement,
1465 1612 84 18 d’accord

1075 1642 46 14 avec
1124 1638 19 18 le
1148 1637 74 19 Comité
1229 1637 120 22 consultatif,
1355 1641 21 14 se
1381 1637 76 22 dispose
1461 1637 12 17 à
1476 1637 74 18 relever

1074 1664 29 17 les
1112 1662 59 19 tarifs
1178 1664 34 16 des
1220 1662 88 18 services
1316 1662 104 18 maritimes
1426 1663 24 17 de
1455 1662 21 18 la
1481 1662 56 18 Corse
1542 1666 5 16 ;

1097 1688 49 23 Qu’il
1155 1688 53 18 avait
1212 1688 108 22 cependant
1325 1687 61 18 donné
1391 1687 116 19 l’assurance
1512 1688 36 17 d’a-

1075 1713 78 23 journer
1161 1715 49 17 cette
1218 1717 60 18 grave
1286 1717 76 14 mesure
1368 1712 77 22 jusqu’à
1449 1713 20 18 la
1473 1712 47 18 mise
1524 1717 24 13 en

1075 1739 74 18 service
1155 1740 34 16 des
1197 1743 102 13 nouveaux
1307 1738 82 21 navires,
1397 1739 98 17 accordant
1499 1737 51 19 ainsi

1074 1769 39 13 aux
1120 1764 143 22 représentants
1269 1764 24 16 de
1299 1763 48 19 l’iJe,
1352 1763 19 18 le
1376 1764 62 21 temps
1442 1763 107 18 nécessaire

1074 1794 49 18 pour
1131 1794 27 12 un
1166 1788 71 19 nouvel
1246 1792 80 15 examen
1333 1788 24 18 de
1364 1788 20 18 la
1392 1788 89 22 question
1487 1793 5 17 ;

1097 1814 126 18 Considérant
1231 1818 38 17 que
1277 1813 98 18 l’annonce
1378 1813 92 18 soudaine
1475 1814 23 17 de
1502 1813 48 18 l’en-

1074 1840 41 18 trée
1120 1844 24 13 en
1152 1839 91 23 vigueur,
1252 1839 48 18 dans
1306 1844 27 12 un
1339 1838 50 18 délai
1394 1838 39 18 très
1438 1838 110 23 rapproché,

1075 1866 33 17 des
1116 1868 102 14 nouveaux
1226 1863 66 22 tarifs,
1301 1865 51 16 alors
1360 1867 38 19 que
1404 1864 50 17 deux
1460 1864 53 18 seuls
1517 1868 33 13 na-

1075 1890 59 20 vires,
1143 1894 35 13 sur
1191 1890 76 21 quatre,
1283 1889 111 18 désservent
1409 1893 36 14 nos
1458 1890 59 22 ports,
1524 1893 26 13 ne

1074 1916 46 21 peut
1128 1914 42 19 être
1178 1913 112 19 considérée
1307 1918 37 18 que
1358 1918 53 13 corne
1419 1918 39 14 une
1466 1914 82 18 décision

1074 1939 88 19 destinée
1169 1940 11 17 à
1189 1939 103 22 empêcher
1299 1940 55 17 toute
1361 1939 110 18 discussion
1477 1944 5 17 ;

1096 1964 126 19 Considérant
1236 1968 38 17 que
1287 1964 29 18 les
1327 1963 124 23 majorations
1468 1964 81 22 prévues

1074 1994 48 18 pour
1124 1990 30 17 les
1159 1990 63 21 lignes
1226 1988 106 19 maritimes
1335 1989 24 17 de
1364 1989 18 17 la
1388 1988 57 19 Corse
1449 1989 101 22 dépassent

1074 2020 24 13 au
1106 2015 55 22 point
1167 2015 23 17 de
1195 2018 38 13 vue
1239 2014 36 17 des
1280 2014 50 22 prix,
1336 2014 20 17 le
1361 2013 109 19 coéfficient
1475 2013 17 22 8,
1499 2014 50 17 alors

1074 2045 36 17 que
1115 2040 59 18 celles
1182 2039 112 22 appliquées
1300 2043 38 14 aux
1343 2039 80 18 réseaux
1428 2039 61 18 ferrés
1494 2039 56 18 attei-

1074 2065 75 23 gnentà
1156 2065 55 22 peine
1219 2065 19 17 le
1247 2064 113 19 coefficient
1369 2064 22 22 4;

1096 2089 125 19 Considérant
1230 2089 49 22 qu’il
1287 2091 31 16 est
1324 2089 58 22 juste,
1392 2089 90 23 ainsique
1490 2090 40 18 cela
1537 2094 12 13 a

1075 2115 29 19 été
1118 2115 92 18 demandé
1223 2114 12 17 à
1246 2114 115 19 différentes
1374 2114 85 23 reprises
1473 2120 34 17 par
1519 2115 30 17 les

1075 2140 103 19 Chambres
1186 2141 24 17 de
1218 2139 111 19 Commerce
1337 2141 23 16 de
1367 2139 40 18 l’ile
1415 2142 20 16 et
1443 2145 35 18 par
1486 2140 64 18 diver-

1075 2170 30 14 ses
1112 2165 116 18 assemblées
1236 2164 172 23 délibérantes,que
1414 2165 20 18 la
1442 2165 45 18 voie
1493 2165 57 18 mari-

1074 2191 47 18 time
1128 2190 39 18 soit
1174 2189 110 19 considérée
1298 2194 72 14 comme
1377 2190 19 17 le
1406 2191 143 22 prolongement

1076 2217 25 17 du
1106 2215 36 18 rail
1152 2217 20 17 et
1177 2215 24 18 de
1207 2215 20 17 la
1235 2215 83 22 route,et
1325 2219 37 18 que
1369 2214 57 19 l’Etat
1433 2219 72 19 prenne
1510 2215 11 18 à
1527 2219 22 14 sa

1076 2241 76 22 charge,
1162 2244 51 14 corne
1219 2240 16 17 il
1239 2240 19 17 le
1262 2239 37 19 fait
1305 2245 24 13 en
1334 2239 75 18 totalité
1416 2244 50 18 pour
1471 2241 30 17 les
1506 2244 44 14 rou-

1076 2268 35 19 tes,
1121 2267 19 17 et
1148 2270 25 14 en
1181 2265 63 22 partie
1252 2269 49 18 pour
1308 2266 29 17 les
1351 2265 88 19 chemins
1447 2267 25 17 de
1483 2265 36 18 fer.
1527 2266 20 17 le

1079 2291 66 18 déficit
1153 2292 23 17 de
1184 2290 139 22 l’exploitation
1330 2290 94 19 résultant
1437 2292 25 17 du
1476 2290 74 19 service

1079 2315 95 19 maritime
1180 2315 62 24 postal
1250 2315 25 18 de
1282 2315 20 18 la
1309 2315 57 19 Corse
1371 2320 6 17 ;

1097 2340 126 19 Considérant
1231 2345 39 18 que
1277 2340 19 19 le
1304 2341 118 18 relèvement
1438 2341 60 23 prévu
1507 2345 43 14 con-

1077 2370 71 13 somme
1156 2367 18 16 la
1182 2366 58 18 ruine
1248 2365 124 24 économique
1380 2367 26 16 du
1420 2366 131 24 département

1077 2392 19 17 et
1103 2391 95 21 équivaut
1204 2395 35 18 par
1246 2395 37 13 son
1297 2391 120 22 exagération
1425 2391 107 23 injustifiée
1539 2390 11 18 à

1077 2421 27 12 un
1111 2415 95 19 véritable
1213 2416 53 18 arrêt
1275 2416 22 19 de
1305 2417 50 17 mort
1362 2420 48 18 pour
1418 2416 19 19 la
1442 2416 108 24 population

1076 2441 93 18 insulaire
1173 2446 6 17 ;

1097 2465 52 22 Qu’il
1157 2466 108 23 appartient
1274 2470 24 15 au
1307 2468 150 21 gouvernement
1470 2467 81 17 d’accor-

1078 2492 34 17 der
1119 2491 11 18 à
1137 2491 40 18 l’üe
1185 2491 24 18 de
1216 2490 67 22 Corse,
1293 2493 41 22 trop
1340 2492 106 23 longtemps
1451 2491 97 21 délaissée,

1078 2517 17 17 le
1103 2516 111 18 traitement
1220 2516 71 22 qu’elle
1300 2517 68 18 mérite
1375 2520 34 18 par
1416 2517 43 17 tant
1466 2516 85 23 d’égards

1079 2543 18 16 et
1102 2541 24 18 de
1133 2541 30 18 lui
1170 2541 90 18 réserver
1268 2546 27 13 un
1301 2546 38 18 peu
1347 2542 23 17 de
1378 2541 19 18 la
1404 2542 109 18 sollicitude
1520 2541 32 23 gé-

1078 2566 81 18 néreuse
1167 2571 37 17 que
1209 2566 20 18 le
1237 2567 150 21 gouvernement
1393 2566 67 19 italien
1467 2571 24 14 ne
1498 2571 53 14 cesse

1078 2591 23 18 de
1109 2592 123 22 prodiguer'à
1240 2595 22 14 sa
1270 2592 81 22 voisine,
1359 2592 19 17 la
1386 2591 109 24 Sardaigne;

1099 2616 26 18 Le
1139 2616 84 23 Conseil,
1239 2622 21 13 se
1275 2617 70 19 faisant
1360 2617 120 24 l’interprète
1494 2619 23 16 de
1531 2617 20 18 la

1079 2643 143 17 consternation
1229 2642 92 24 publique
1326 2644 20 17 et
1351 2643 24 18 de
1383 2643 133 24 l’indignation
1520 2643 32 22 gé-

1580 117 70 21 nérale,
1657 116 53 18 élève
1715 119 36 13 une
1756 112 122 24 protestation
1883 111 136 22 éncrgiquccon
2022 110 27 16 Ire

1580 143 29 17 les
1618 140 122 24 majorations
1748 140 34 16 des
1791 137 54 19 tarifs
1849 136 90 23 proposés
1944 140 33 18 par
1981 136 19 17 lo
2005 138 45 19 gou-

1579 166 119 20 vernement,
1713 163 92 20 demande
1813 162 124 18 instamment
1948 166 37 17 que
1994 158 56 19 l'Etat

1578 195 72 18 prenne
1658 191 10 16 à
1683 194 21 13 sa
1718 189 70 21 charge
1801 187 18 17 le
1832 185 68 19 déficit
1911 184 104 23 provenant
2025 183 23 17 de

1578 214 136 23 l’exploitation
1723 214 34 16 des
1766 211 83 19 services
1861 209 106 19 maritimes
1974 214 5 17 ;
1988 207 61 20 invite

1577 241 29 17 les
1614 238 141 23 représentants
1763 238 24 17 de
1794 237 18 17 la
1820 236 57 18 Corse
1884 240 24 12 au
1917 233 113 21 Parlement,
2037 232 11 17 à

1577 263 108 20 intervenir
1692 264 102 20 d'urgence
1808 265 46 17 pour
1862 264 37 18 que
1908 260 17 17 la
1934 262 75 15 mesure
2016 262 32 13 en-

1577 289 77 22 visagée
1662 288 38 17 soit
1708 286 119 23 rapportée.»

1578 339 36 19 I21
1618 336 168 25 IVEarseglia

1601 372 11 18 /
1619 372 34 18 Cor
1652 371 18 18 si
1677 370 20 18 di
1705 370 183 23 Marse)lia,adunali
1896 370 20 17 in
1924 367 95 20 assemblea
2028 366 20 19 di

1579 397 54 18 0000
1642 400 94 19 personne,
1754 395 51 18 hanu
1821 395 100 24 appruvalu
1938 399 13 12 u
1967 393 81 23 seijucnte

1579 422 43 17 valu
1626 427 7 11 :

1600 442 85 21 Attendu
1692 450 37 18 que
1741 446 19 17 la
1773 445 57 18 Corse
1844 446 31 17 est
1886 450 26 13 un
1920 443 128 24 département

1578 470 83 22 français
1667 475 5 17 ;
1683 471 42 21 qu’à
1733 475 22 14 ce
1764 470 52 21 litre,
1832 471 36 18 elle
1876 475 11 13 a
1901 470 18 18 le
1928 469 51 18 droit
1989 467 58 19 d’être

1579 499 67 18 traitée
1654 503 72 14 comme
1736 500 42 17 tous
1787 500 28 16 les
1823 500 64 17 autres
1896 497 150 23 départements;

1578 524 47 23 qu’il
1634 529 12 18 y
1659 524 63 18 aurait
1733 524 90 22 injustice
1836 524 11 18 à
1855 529 23 13 ce
1885 528 37 18 que
1934 523 18 17 le
1960 522 42 23 prix
2013 522 34 17 des

1578 554 88 18 passages
1674 550 26 17 du
1707 550 128 22 département
1840 548 94 19 insulaire
1941 552 37 14 aux
1985 547 65 22 dépar-

1578 576 81 17 tements
1667 575 143 19 continentaux,
1813 574 29 18 fût
1849 578 70 14 encore
1922 572 71 22 majoré
1999 577 5 17 ;
2012 578 37 16 que

1577 600 19 17 le
1603 600 69 17 bateau
1680 603 48 17 pour
1740 599 19 17 la
1773 598 57 18 Corse
1843 598 42 18 doit
1896 597 41 18 être
1951 598 97 17 considéré

1577 628 72 13 comme
1656 624 19 17 le
1683 623 142 22 prolongement
1833 624 25 17 du
1867 622 35 18 rail
1909 627 5 16 ;

1595 649 94 17 aAtlendu
1698 648 45 23 qu’il
1751 648 89 18 convient
1848 648 24 18 de
1880 647 73 18 retenir
1959 651 89 19 que,sous

1576 674 20 18 le
1604 674 73 22 régime
1685 674 64 18 actuel
1754 673 150 22 d’exploilalion,
1909 673 57 17 l’Etat
1970 673 30 17 n’a
2005 673 43 22 plus

1576 699 20 18 la
1604 699 69 22 charge
1685 699 23 18 de
1716 699 19 18 la
1748 699 113 17 subvention
1871 698 34 23 qui
1917 697 47 19 était
1974 698 74 18 allouée

1576 725 59 17 avant
1642 724 18 18 la
1669 729 70 17 guerre
1746 724 12 18 à
1764 724 21 18 la
1794 723 114 23 Compagnie
1915 722 111 23 Fraissinet;

1598 750 83 17 Attendu
1690 754 44 18 que,
1743 753 73 14 comme
1824 749 24 18 l’a
1856 749 29 17 dit
1893 748 38 18 fort
1945 748 103 22 justement

1576 775 25 18 M.
1610 775 19 18 le
1637 775 69 22 député
1715 775 71 18 Robert
1791 774 104 23 Bcllanger,
1905 775 111 21 rapporteur
2024 774 23 18 de

1576 801 19 18 la
1600 800 124 19 Commission
1732 801 34 17 des
1775 800 80 19 fiances:
1864 799 30 18 «Si
1899 800 18 17 le
1924 799 66 19 déficit
1997 800 50 18 d’ex-

1576 826 99 23 ploitation
1683 828 31 16 est
1719 825 127 19 considérable
1850 830 48 18 pour
1901 829 38 14 une
1944 825 104 22 entreprise

1575 852 34 22 qui
1617 856 24 13 ne
1649 852 75 18 dessert
1731 851 59 22 qu’un
1798 850 131 23 département
1936 850 89 22 français,
2032 850 14 17 il

1575 877 93 18 convient
1674 877 24 18 de
1706 878 61 20 noter,
1777 877 99 20 toutefois,
1890 881 37 17 que
1940 880 22 13 ce
1973 876 74 18 service

1576 903 30 18 est
1613 902 143 22 indispensable
1764 902 11 17 à
1783 902 18 17 la
1808 901 32 19 vie
1848 901 62 18 même
1918 902 23 17 de
1949 905 21 15 ce
1982 901 65 22 dépar-

1577 928 72 18 tement
1657 940 5 9 ,
1672 932 48 17 pour
1727 927 64 22 lequel
1800 927 14 17 il
1822 927 108 23 représente
1937 931 37 14 une
1980 927 67 17 néces-

1576 953 38 18 sité
1621 953 43 23 plus
1672 953 73 22 grande
1753 956 67 14 encore
1828 957 36 18 que
1872 952 29 18 les
1909 951 53 19 voies
1975 952 71 18 ferrées

1574 984 49 17 pour
1630 979 29 17 les
1667 978 139 23 departements
1813 978 140 18 continentaux.
1962 977 29 18 EL
1998 977 47 17 dans

1575 1005 31 18 cet
1613 1004 56 18 ordre
1677 1003 77 21 d’idées,
1763 1003 15 17 il
1786 1003 49 18 n’est
1842 1008 34 17 pas
1885 1002 69 18 inutile
1962 1003 23 17 de
1992 1007 54 13 cons-

1576 1030 50 17 tater
1634 1033 36 18 que
1677 1029 19 17 le
1704 1028 66 18 déficit
1777 1028 24 19 de
1808 1028 18 17 la
1834 1028 44 18 voie
1892 1027 94 19 maritime
1999 1032 46 18 pour

1575 1056 19 17 la
1602 1055 58 18 Corse
1667 1054 50 18 n’est
1724 1058 34 18 pas
1765 1053 118 22 supérieur.à
1891 1052 52 19 celui
1951 1053 34 18 des
1993 1052 52 18 voies

1575 1080 73 18 ferrées
1655 1083 49 18 pour
1711 1079 18 17 le
1737 1078 105 22 continent,
1853 1083 27 13 vu
1889 1082 38 18 que
1934 1078 29 18 les
1970 1078 76 18 insuffi-

1574 1109 67 14 sances
1648 1105 25 17 de
1679 1105 82 17 recettes
1769 1104 34 17 des
1807 1104 71 21 grands
1886 1103 80 18 réseaux
1972 1103 24 18 de
2003 1103 43 18 che-

1574 1131 40 17 min
1621 1130 23 17 de
1652 1129 29 18 fer
1686 1128 94 19 s’élèvent
1787 1128 11 18 à
1806 1133 37 13 une
1851 1132 73 14 somme
1929 1128 39 22 qui,
1978 1133 67 18 suppo-

1574 1156 33 18 sée
1615 1155 107 22 également
1729 1153 88 23 répartie,
1823 1154 108 22 représente
1935 1157 39 15 une
1977 1154 68 22 charge

1574 1184 94 19 moyenne
1673 1179 24 18 de
1703 1179 22 18 lü
1731 1179 84 17 millions
1823 1180 22 17 de
1850 1179 64 18 francs
1920 1183 48 18 pour
1973 1179 72 23 chaque

1574 1206 131 23 département
1714 1204 82 21 français
1802 1209 6 17 ;
1814 1210 9 11 »

1595 1232 85 18 Attendu
1694 1234 37 19 que
1743 1229 116 22 vainement,
1874 1231 47 17 dans
1936 1234 21 14 sa
1969 1231 58 18 lettre
2034 1230 11 18 à

1573 1257 43 18 MM.
1623 1257 28 18 les
1657 1255 157 19 Parlementaires
1826 1256 33 18 des
1870 1255 175 19 Bouches-du-Rhô-

1573 1288 25 13 ne
1606 1283 20 17 et
1634 1283 23 17 de
1664 1282 20 17 la
1691 1281 63 21 Corse,
1766 1280 26 18 M.
1800 1280 19 18 le
1827 1281 88 18 ministre
1923 1281 33 17 des
1964 1283 81 16 travaux

1573 1308 74 23 publics
1655 1312 11 13 a
1674 1308 91 21 prétendu
1774 1306 171 23 qu’aetuellement,
1954 1307 18 18 le
1979 1307 66 18 déficit

1574 1335 34 16 des
1616 1332 86 19 chemins
1714 1333 23 17 de
1752 1332 30 18 fer
1798 1332 80 18 n’existe
1886 1332 44 21 plus
1937 1336 5 16 ;
1951 1335 38 18 que
1996 1332 49 18 celte

1574 1358 116 19 affirmation
1698 1363 12 12 a
1716 1358 85 17 d’autant
1809 1357 42 22 plus
1856 1356 41 18 lieu
1901 1357 23 17 de
1932 1357 113 22 surprendre

1573 1388 37 18 que
1616 1384 19 17 le
1642 1383 95 18 contraire
1745 1382 73 18 résulte
1825 1383 33 17 des
1867 1382 66 17 débats
1941 1382 32 21 qui
1979 1383 33 17 ont
2019 1386 23 13 eu

1573 1410 41 18 lien
1622 1409 11 17 à
1641 1408 19 18 la
1668 1407 93 19 Chambre
1769 1408 33 17 des
1811 1407 86 23 députés,
1905 1407 18 17 le
1929 1406 22 18 24
1959 1407 38 18 mai
2002 1408 42 17 der-

1574 1435 42 18 nier
1622 1439 6 17 ;
1635 1433 38 23 quà
1680 1434 51 18 cette
1748 1433 51 20 date,
1807 1432 19 18 le
1841 1432 95 21 ministre,
1953 1433 32 21 qui
1993 1432 50 18 avait

1574 1460 49 19 écrit
1631 1464 23 13 en
1664 1460 69 16 termes
1737 1458 78 18 formels
1822 1462 5 13 :
1833 1463 8 11 «
1849 1458 36 17 Les
1892 1456 55 19 tarifs
1953 1458 24 17 de
1984 1459 60 16 trans-

1573 1486 45 21 port
1622 1489 33 18 par
1660 1483 44 19 voie
1709 1483 60 18 ferrée
1774 1483 33 17 ont
1812 1482 29 19 été
1849 1482 64 23 portés
1921 1482 11 17 à
1940 1486 27 14 un
1973 1482 70 18 niveau

1574 1510 91 18 suffisant
1670 1513 48 18 pour
1723 1508 107 22 supprimer
1836 1508 19 17 le
1860 1507 66 18 déficit
1931 1508 23 17 de
1959 1508 83 22 l’exploi-

1573 1535 63 19 tation
1649 1535 26 20 et,
1694 1533 139 22 actuellement,
1842 1538 22 13 ce
1880 1533 67 18 déficit
1962 1533 82 18 n’existe

1574 1562 44 22 plus
1623 1566 14 15 »,
1646 1564 12 13 a
1666 1559 80 21 déclaré,
1764 1563 25 13 au
1805 1563 55 14 cours
1877 1559 24 17 de
1909 1559 49 17 cette
1965 1559 77 21 séance;

1573 1585 99 19 l’exercice
1679 1584 45 19 1929
1733 1585 121 21 comportera,
1863 1589 24 12 an
1895 1583 114 23 mininmun,
2016 1589 27 13 un

1574 1611 67 19 déficit
1645 1610 25 18 de
1676 1610 35 17 410
1716 1609 90 18 millions.
1812 1608 24 19 Et
1840 1609 18 18 si
1863 1610 19 17 la
1887 1609 55 18 thèse
1947 1609 26 18 du
1978 1610 66 17 minis-

1574 1638 30 17 tre
1611 1637 34 17 des
1654 1636 80 17 travaux
1739 1634 75 23 publics
1822 1636 29 17 est
1860 1639 96 13 reconnue
1960 1635 83 22 juste.ee

1574 1661 66 19 déficit
1648 1665 42 14 sera
1698 1660 71 22 majoré
1777 1660 24 17 de
1809 1659 22 18 70
1839 1660 85 17 millions
1933 1661 20 16 et
1960 1659 34 19 410
2001 1660 42 18 mil-

1573 1687 57 21 lions,
1636 1690 22 14 ce
1666 1686 34 22 qui
1706 1686 84 18 donnera
1796 1689 27 13 un
1828 1686 46 17 total
1880 1686 24 17 de
1910 1684 34 18 890
1950 1686 91 20 millions;

1574 1714 30 17 est
1608 1712 15 17 il
1631 1711 83 23 possible
1721 1710 121 22 d’envisager
1850 1711 24 17 de
1878 1711 104 18 l’accroître
1990 1715 54 14 enco-

1574 1743 22 13 re
1603 1742 34 18 par
1644 1741 38 13 une
1688 1736 90 18 nouvelle
1785 1736 142 22 augmentation
1935 1736 34 18 des
1980 1736 64 18 traite-

1574 1762 90 19 ments??
1673 1762 24 22 (J.
1707 1761 21 19 0.
1737 1762 25 17 du
1771 1761 23 17 2ü
1802 1762 37 17 mai
1847 1760 72 23 1929.);

1595 1788 84 18 Attendu
1686 1792 37 19 que
1731 1787 29 18 les
1768 1786 91 19 touristes
1868 1786 92 19 sollicités
1968 1792 34 17 par
2010 1787 33 17 des

1575 1817 82 19 voyages
1665 1813 85 22 pouvant
1766 1812 41 18 être
1823 1812 45 18 faits
1882 1812 12 18 à
1902 1812 34 18 des
1950 1812 43 22 prix
1999 1813 44 21 plus

1574 1840 122 21 avantageux
1704 1842 24 14 ne
1736 1837 115 18 tarderaient
1865 1842 33 17 pas
1906 1837 11 18 à
1925 1837 119 18 abandonner

1574 1865 29 18 les
1610 1864 62 23 lignes
1681 1864 100 17 coûteuses
1789 1863 23 17 de
1820 1863 18 17 la
1846 1862 64 21 Corse;

1596 1889 83 19 Attendu
1685 1889 59 22 qu’un
1747 1888 132 18 inconvénient
1883 1888 42 22 plus
1931 1888 113 23 regrettable

1574 1919 67 14 encore
1649 1914 60 18 serait
1716 1912 157 24 l’empêchement
1880 1913 78 22 apporté
1962 1918 37 13 aux
2007 1915 38 16 tra-

1574 1940 71 18 ditions
1652 1939 29 18 les
1689 1939 43 23 plus
1741 1938 66 18 chères
1816 1938 33 18 des
1863 1937 67 19 Corses
1943 1938 100 23 expatriés,

1574 1966 24 17 de
1606 1965 101 17 retourner
1714 1964 47 17 dans
1769 1963 53 17 leurs
1827 1963 102 20 famillees,
1937 1968 26 13 un
1968 1964 48 17 mois
2020 1968 23 14 ou

1574 1991 51 17 deux
1632 1989 74 21 chaque
1713 1988 61 18 année
1779 1992 24 13 ou
1812 1988 42 18 tous
1860 1989 29 17 les
1897 1988 50 18 deux
1952 1993 34 13 ans
1993 1994 5 16 ;
2008 1993 37 17 que

1574 2016 20 17 la
1600 2014 113 23 majoration
1720 2012 102 23 envisagée
1829 2013 108 18 raréfierait
1949 2017 32 14 ces
1989 2014 57 18 visis-

1573 2042 37 20 tes,
1615 2039 33 23 qui
1652 2043 24 14 ne
1682 2038 111 23 pourraient
1801 2038 43 22 plus
1851 2038 55 18 avoir
1912 2038 38 17 lieu
1959 2043 37 18 que
2002 2040 42 16 tous

1574 2067 28 17 les
1610 2065 45 22 cinq
1663 2068 25 13 ou
1697 2064 30 18 six
1736 2068 44 16 ans;
1795 2067 37 18 que
1839 2064 20 17 la
1866 2067 77 14 mesure
1954 2064 89 23 projetée,

1574 2091 40 18 loin
1619 2091 107 21 d’apporter
1734 2093 27 13 un
1769 2088 74 19 remède
1852 2093 24 13 au
1885 2088 66 18 déficit
1957 2093 24 14 ne
1988 2089 58 18 ferait

1574 2121 37 18 que
1618 2116 132 21 l’augmenter,
1756 2114 81 22 puisque
1845 2114 38 18 elle
1894 2113 122 19 diminuerait
2022 2115 23 17 de

1574 2143 19 17 la
1600 2141 55 21 façon
1663 2140 18 17 la
1689 2141 44 21 plus
1742 2139 84 18 sensible
1833 2140 19 17 le
1860 2139 79 18 nombre
1947 2139 34 19 des
1988 2144 58 18 voya-

1577 2171 45 19 ges;

1594 2191 84 18 Attendu
1687 2190 71 23 qu’une
1766 2190 90 18 nouvelle
1864 2191 143 22 augmentation
2016 2195 30 13 ac-

1580 2216 105 19 centuerait
1692 2220 67 14 encore
1767 2215 114 18 l’isolement
1892 2216 23 17 de
1928 2215 19 17 la
1956 2215 57 19 Corse
2027 2218 20 16 et

1577 2241 134 23 témoignerait
1715 2241 56 17 d’une
1776 2240 117 22 ingratitude
1898 2240 57 22 impie
1959 2241 87 18 vis-à-vis

1581 2268 45 17 d’un
1633 2266 130 22 département
1778 2265 32 22 qui
1818 2270 11 14 a
1843 2265 87 23 toujours
1944 2265 104 23 largement

1578 2292 57 19 versé
1642 2295 34 14 son
1685 2296 48 18 sang
1741 2295 34 14 sur
1788 2291 31 17 les
1831 2291 78 22 champs
1924 2291 23 17 de
1963 2291 83 22 bataille,

1577 2319 46 17 dont
1627 2318 19 17 le
1650 2317 119 22 patriotisme
1774 2321 11 13 a
1789 2316 68 18 résisté
1863 2317 11 17 à
1880 2317 62 17 toutes
1947 2316 29 19 les
1981 2317 67 22 épreu-

1579 2348 35 13 ves
1622 2344 19 16 et
1648 2342 34 24 qui
1690 2342 88 18 s’étonne
1786 2341 55 22 qu'on
1849 2342 28 17 lui
1886 2342 51 17 fasse
1947 2342 60 22 subir,
2015 2347 33 13 au-

1580 2367 103 26 jourdh’ui,
1692 2367 47 18 celle
1754 2367 24 17 de
1791 2371 25 13 ne
1827 2371 34 18 pas
1874 2366 41 20 être
1924 2367 57 18 traité
1988 2372 34 13 sur
2029 2368 19 19 le

1578 2393 60 19 même
1646 2392 44 23 pied
1698 2397 37 20 que
1743 2392 29 18 les
1780 2393 64 17 autres
1852 2392 139 22 départements
1997 2393 52 17 fran-

1579 2419 46 21 çais;

1597 2444 38 17 Les
1643 2443 141 22 représentants
1791 2442 24 18 de
1823 2443 18 18 la
1850 2442 57 19 Corse
1914 2447 24 13 ne
1943 2442 18 19 le
1968 2444 79 21 permet-

1577 2469 54 18 tront
1638 2472 34 18 pas
1678 2472 5 17 ;
1692 2472 38 14 une
1739 2471 57 19 grave
1804 2467 148 23 responsabilité
1961 2468 45 23 pèse
2014 2473 34 13 sur

1580 2498 38 14 eux
1624 2498 5 17 ;
1641 2493 26 18 ils
1675 2493 84 18 doivent,
1764 2492 63 18 savoir
1837 2493 59 22 qu’ils
1903 2494 44 16 sont
1955 2494 92 17 soutenus

1577 2523 34 19 par
1618 2519 18 18 la
1644 2517 58 19 Corse
1710 2517 73 20 entière
1791 2518 20 17 et
1818 2518 71 22 qu’une
1905 2519 142 21 augmentation

1577 2543 117 24 quelconque
1702 2542 115 20 soulèverait
1824 2543 133 22 l’indignation
1973 2544 23 18 de
2004 2544 44 18 tous

1577 2570 28 18 les
1613 2569 83 18 milieux
1704 2568 109 18 insulaires:

1598 2593 125 20 L’assemblée
1732 2594 76 18 réserve
1816 2593 28 19 les
1853 2598 86 14 mesures
1946 2593 11 18 à
1966 2595 81 22 prendre

1577 2625 23 13 au
1609 2623 31 14 cas
1649 2619 24 18 où
1681 2619 30 19 les
1718 2618 80 19 intérêts
1806 2619 23 18 de
1841 2619 40 18 l’ile
1895 2619 82 18 seraient
1990 2620 58 18 sacri-

1578 2645 44 18 fiés.
1628 2651 10 10 »

2076 110 35 20 In
2119 109 125 22 Aiacciu

2100 145 16 18 U
2122 146 83 22 seguente
2213 145 61 19 ordine
2288 145 22 18 di
2318 151 12 12 u
2341 146 62 23 jornu,
2419 155 87 19 pruposlu
2519 161 12 15 ,/

2076 169 86 19 l’aouciilu
2177 170 105 23 Campiglia,
2297 170 63 23 primu
2374 173 91 25 atjtjimlu,
2478 179 11 17 è

2075 197 41 16 valu
2118 196 20 16 tu
2150 194 23 18 da
2182 200 12 12 u
2204 194 89 23 cunsigliu
2308 195 110 25 municipale.
2431 200 91 26 d’Ajacciu
2529 191 10 13 "

2075 219 115 19 l’iinanimità
2198 218 20 18 di
2227 219 6 18 i
2241 219 76 19 membri
2323 225 4 13 :
2462 215 76 12 --tu

2139 248 39 17 «Le
2186 247 73 18 Conseil
2268 247 102 24 municipal
2379 251 93 22 d’Ajaccio

2096 272 144 19 Profondément
2251 272 42 18 ému
2304 273 25 17 du
2343 275 61 22 projet
2417 277 116 25 d'augmenU

2076 297 39 20 lion
2121 298 75 17 —dans
2203 297 18 18 la
2230 297 108 23 proportion
2346 299 25 18 du
2386 300 67 24 simple
2461 309 23 13 uu
2499 297 42 32 (]ou.'

2074 323 31 18 bte
2110 333 22 4 —
2138 324 33 17 des
2180 322 53 19 tarifs
2240 322 106 19 maritimes
2355 328 23 14 en
2385 326 91 22 vigueur-

2096 348 107 18 Nullement
2210 348 74 18 rassuré
2292 352 34 18 par
2334 348 98 21 l’annonce
2440 353 44 18 d’un
2501 362 32 16 SUr

2075 372 27 19 sis
2110 373 32 22 qui
2151 378 23 13 ne
2183 374 44 21 peut
2236 372 85 23 toujours
2330 374 54 18 avoir
2391 380 37 17 que
2435 377 19 18 le
2462 371 77 32 euractè!

2074 402 21 13 re
2103 399 56 17 d’une
2167 402 74 14 mesure
2249 397 108 23 provisoire
2365 399 56 19 sinon
2429 402 96 23 dilatoire-
2533 396 7 4 '

2096 423 126 23 Envisageant
2230 424 26 17 les
2265 423 138 22 conséquences
2412 427 70 21 parfois
2494 422 46 30 ir,4_

2074 449 85 21 purables
2170 449 44 17 d'un
2229 448 131 23 ajournement
2373 449 73 24 inspiré
2459 458 34 17 par
2504 445 36 32 Utll-

2074 474 63 18 bonne
2145 473 25 18 foi
2185 473 131 22 indiscutable,
2326 473 48 19 mais
2386 475 34 22 qui
2428 481 24 13 11c
2464 482 69 20 saurait

2074 499 11 17 à
2092 503 62 14 aucun
2162 498 48 23 prix,
2224 499 105 18 constituer
2337 503 38 14 une
2383 500 82 19 solution
2473 503 11 18 à
2497 499 41 28 pen’

2075 524 84 22 goissunl
2167 523 93 23 problème
2268 524 34 22 qui
2309 523 72 19 étreint
2387 525 19 18 la
2415 525 56 20 Corse
2484 533 55 18 enliè-

2076 553 29 18 re;

2096 575 93 18 Soucieux
2197 575 23 17 de
2227 575 80 18 l’avenir
2314 575 25 17 de
2348 574 18 19 la
2381 575 64 22 Corse,
2454 578 19 17 et
2487 584 51 18 pour-

2075 600 69 18 rait-on
2152 600 47 21 dire,
2208 600 23 18 de
2239 605 20 13 sa
2265 601 131 17 conservation
2405 601 71 22 même;

2096 625 122 18 Considérant
2223 630 35 17 que
2266 626 29 17 les
2304 625 55 18 tarifs
2367 626 32 22 qui
2406 627 88 20 devaient
2500 631 38 22 être

2075 650 36 18 mis
2124 654 24 14 en
2162 649 80 23 vigueur
2256 651 17 17 le
2282 650 23 18 lti
2317 650 45 18 Juin
2377 651 64 19 écoulé
2449 655 43 16 sont
2503 661 35 16 non

2074 675 106 18 seulement
2187 674 115 23 prohibitifs,
2315 676 114 19 c’est-à-dire
2437 682 24 13 au
2475 679 63 23 dessus

2074 701 33 18 des
2115 700 92 23 capacités
2216 700 112 18 financières
2337 701 23 17 de
2368 706 35 14 nos
2417 704 114 23 populations

2074 726 48 18 mais
2136 730 36 18 que
2180 726 42 17 leur
2234 726 112 22 application
2355 727 93 22 porterait
2461 733 25 14 un
2495 736 42 20 coup

2074 751 66 18 mortel
2149 756 23 13 au
2181 755 52 18 pays,
2239 752 42 17 tant
2289 756 23 12 au
2320 750 53 23 point
2378 752 24 18 de
2408 757 38 13 vue
2452 758 86 19 commer-

2074 776 35 18 cial
2118 777 20 18 et
2150 776 112 23 touristique
2275 777 57 21 qu’au
2341 777 53 21 point
2402 778 24 17 <le
2436 782 38 14 vue
2488 781 50 21 fami-

2073 801 34 19 lial
2114 802 20 18 et
2141 801 103 19 individuel
2250 806 5 17 ;

2095 826 124 19 Considérant
2225 831 37 18 que
2270 827 18 18 la
2297 827 48 17 mise
2353 831 24 15 en
2385 827 75 19 service
2467 829 24 18 de
2496 836 41 16 nou-

2072 857 62 14 veaux
2152 852 108 23 paquebots,
2274 857 85 17 pourvus
2373 853 44 18 d’un
2431 854 74 20 confort
2520 861 16 17 et

2072 877 56 18 d’une
2136 877 71 18 vitesse
2220 878 153 18 manifestement
2386 883 24 13 en
2418 879 83 24 progrès,
2515 888 22 15 ne

2072 903 108 22 représente
2188 904 102 20 cependant
2297 903 58 22 qu’un
2364 904 99 17 minimum
2472 905 33 19 des
2512 908 25 19 lé-

2073 927 76 23 gitimes
2161 929 20 16 et
2190 928 39 22 trop
2241 928 103 18 anciennes
2352 929 153 21 revendications
2517 934 21 19 de

2072 953 18 17 la
2099 953 56 18 Corse
2161 957 5 17 ;

2093 978 122 18 Considérant
2227 983 37 18 que
2271 979 30 18 les
2309 978 123 19 innovations
2444 983 93 20 apportées

2072 1004 47 17 dans
2127 1004 30 17 cet
2163 1004 55 17 ordre
2224 1004 71 18 d’idées
2301 1008 24 14 ne
2334 1006 90 20 peuvent,
2431 1010 44 13 sans
2482 1006 55 24 injus-

2072 1022 43 29 tice,
2124 1029 51 18 tenir
2182 1029 38 17 lieu
2228 1030 23 17 de
2258 1030 141 22 compensation
2408 1035 25 13 au
2447 1033 84 20 sacrifice

2071 1054 110 23 impossible
2185 1054 11 17 à
2203 1054 107 22 accomplir,
2319 1059 37 17 que
2362 1056 29 17 les
2399 1056 91 22 pouvoirs
2496 1063 42 17 pou-

2071 1080 52 17 voirs
2132 1079 72 22 publics
2213 1080 76 22 exigent
2297 1080 24 18 de
2329 1080 19 17 la
2356 1080 58 19 Corse
2420 1086 5 17 ;

2092 1104 123 19 Considérant
2230 1109 37 18 que
2283 1105 29 18 les
2329 1106 125 22 explications
2467 1108 70 21 d’ordre

2071 1129 110 23 budgétaire
2194 1130 19 17 et
2226 1130 64 18 basées
2304 1135 34 13 sur
2351 1132 35 18 des
2400 1133 137 21 comparaisons

2070 1154 122 23 injustifiées,
2206 1154 87 19 fournies
2301 1160 34 18 par
2347 1156 26 18 M.
2381 1157 20 18 le
2412 1157 87 20 Ministre
2507 1161 30 18 des

2070 1180 85 18 Travaux
2160 1180 72 22 publics
2237 1181 11 17 à
2256 1181 18 17 la
2280 1180 153 23 représentation
2438 1183 100 21 parlemen-

2071 1206 47 18 taire
2126 1206 23 18 de
2156 1206 19 18 la
2187 1206 62 23 Corse,
2258 1207 92 18 heurtent
2357 1208 24 18 de
2393 1208 97 23 tangibles
2497 1211 41 19 réa-

2071 1231 54 22 lités;

2092 1257 122 18 Considérant
2234 1258 79 22 qu’elles
2330 1262 23 14 ne
2370 1259 88 18 tiennent
2479 1264 58 17 aucun

2070 1284 74 21 compte
2157 1283 24 17 de
2194 1283 18 16 la
2225 1283 92 18 situation
2331 1283 138 24 géographique
2484 1287 22 17 de
2520 1288 17 18 la

2071 1307 68 22 Corse;
2153 1308 78 21 qu’elles
2245 1308 42 18 font
2295 1313 23 13 en
2333 1311 55 16 outre
2398 1314 37 13 une
2448 1312 89 22 complète

2070 1332 114 18 abstraction
2192 1332 25 17 du
2225 1333 114 18 dénuement
2347 1333 45 19 d’un
2398 1338 46 19 pays
2452 1335 33 22 qui
2491 1338 46 19 n’est

2070 1357 53 18 riche
2131 1361 36 18 que
2180 1358 23 17 de
2211 1362 20 13 sa
2241 1358 61 22 gloire
2316 1359 20 17 et
2343 1359 34 21 qui
2385 1364 25 13 ne
2424 1362 46 21 peut
2484 1362 53 20 vivre

2069 1383 56 21 qu’en
2133 1383 100 21 important
2241 1383 43 22 plus
2293 1383 48 23 qu’il
2349 1385 99 22 n’exporte
2454 1391 5 17 ;

2091 1407 123 18 Considérant
2227 1413 36 17 que
2271 1409 20 17 le
2306 1410 68 21 peuple
2382 1411 25 18 de
2415 1410 63 23 Corse,
2490 1413 47 20 irré-

2069 1433 136 18 ductiblement
2217 1434 74 17 attaché
2304 1434 11 17 à
2331 1434 17 17 la
2361 1435 76 23 France,
2447 1442 48 17 pour
2508 1440 29 18 la-

2069 1458 62 22 quelle
2139 1458 14 18 il
2161 1463 11 13 a
2180 1459 59 21 versé,
2249 1464 23 13 en
2281 1460 54 17 toute
2342 1461 93 22 occasion,
2445 1467 34 14 son
2492 1469 45 19 sang

2070 1487 42 14 sans
2119 1485 89 20 compter,
2217 1485 63 17 attend
2289 1485 23 17 de
2321 1485 18 17 la
2346 1485 121 21 Mère-Patrie
2472 1488 19 19 la
2496 1495 40 18 pro-

2070 1509 70 18 tection
2147 1513 37 18 que
2192 1511 116 21 comportent
2315 1510 114 21 l’isolement
2437 1514 22 17 de
2466 1514 20 18 la
2494 1515 43 19 Cor-

2069 1538 22 13 se
2099 1536 19 16 et
2126 1534 28 18 les
2163 1534 103 19 difficultés
2275 1535 132 24 économiques
2415 1538 33 22 qui
2456 1544 25 13 en
2494 1543 43 17 sont

2069 1559 18 18 le
2095 1560 123 22 complément
2225 1560 107 19 nécessaire
2337 1566 6 16 ;

2091 1585 124 18 Considérant
2229 1586 70 22 qu’une
2315 1588 124 21 protestation
2459 1590 78 20 efficace

2069 1610 40 18 doit
2124 1610 72 18 résider
2203 1611 46 18 dans
2262 1611 20 18 la
2290 1612 102 19 démission
2407 1619 22 13 en
2438 1619 63 15 masse
2514 1617 22 18 de

2070 1637 42 17 tous
2125 1636 29 18 les
2163 1640 54 19 corps
2229 1637 42 18 élus
2279 1637 24 19 de
2315 1638 19 18 la
2341 1637 57 20 Corse
2405 1644 6 17 ;
2425 1640 69 22 qu’une
2501 1643 33 17 dé-

2069 1662 123 18 monstration
2207 1662 23 20 de
2243 1664 50 17 cette
2309 1664 75 22 nature,
2393 1670 22 13 se
2428 1666 108 22 produisant

2069 1687 46 18 dans
2123 1687 29 18 les
2159 1687 70 19 limites
2234 1689 23 17 de
2265 1689 19 17 la
2292 1689 77 23 légalité
2376 1691 49 17 mais
2433 1695 45 14 sous
2485 1692 50 19 l’em-

2069 1712 41 22 pire
2113 1712 57 18 d’une
2177 1712 81 23 légitime
2263 1714 127 23 indignation,
2397 1717 31 17 est
2434 1717 54 18 seule
2495 1722 40 14 sus-

2069 1737 80 23 ceptible
2157 1737 85 20 d’édifier
2255 1739 28 18 les
2292 1741 89 20 pouvoirs
2389 1741 75 22 publics
2479 1746 32 15 sur
2518 1744 17 18 la

2069 1763 74 21 gravité
2151 1764 26 17 du
2185 1764 68 23 danger
2263 1766 21 16 et
2291 1765 131 23 l’importance
2436 1767 24 17 du
2470 1768 65 19 désas-

2069 1788 29 19 tre
2106 1788 33 23 qui
2144 1791 96 16 menacent
2247 1790 19 17 la
2274 1790 58 18 Corse
2338 1796 5 16 ;

2135 1813 36 18 Par
2179 1818 30 13 ces
2218 1815 64 18 motifs
2289 1820 5 13 :

2091 1839 85 18 Proteste
2184 1840 62 19 contre
2254 1841 54 18 toute
2316 1846 76 15 mesure
2400 1843 34 22 qui
2449 1844 84 22 tendrait,

2070 1863 130 19 directement,
2214 1864 10 19 à
2231 1870 94 18 aggraver
2332 1867 18 17 le
2363 1869 49 17 statu
2420 1874 35 18 guo
2463 1873 24 14 en
2498 1875 37 13 ma-

2070 1888 48 19 tière
2126 1890 23 17 de
2154 1889 55 18 tarifs
2216 1891 104 19 maritimes
2327 1896 5 17 ;

2092 1914 22 17 Et
2121 1919 48 17 pour
2176 1915 18 17 le
2203 1919 30 15 cas
2241 1917 24 17 où
2273 1917 29 17 les
2310 1919 91 20 pouvoirs
2409 1919 75 22 publics
2491 1925 43 14 vou-

2070 1939 75 18 draient
2151 1940 71 17 donner
2229 1941 50 18 suite
2288 1941 11 17 à
2307 1946 22 13 ce
2336 1942 77 19 funeste
2419 1945 113 21 projet,invi-

2070 1964 19 17 te
2103 1965 42 17 tous
2153 1965 29 17 les
2193 1969 52 19 corps
2254 1966 42 18 élus
2305 1967 24 17 de
2341 1967 20 18 la
2369 1968 56 18 Corse
2434 1970 19 17 et
2466 1972 71 16 notam-

2070 1991 53 16 ment
2131 1994 20 13 sa
2159 1990 147 22 représentation
2314 1993 144 21 parlementaire
2465 1994 13 17 à
2486 1995 52 22 dépo-

2071 2018 31 14 ser
2110 2016 42 16 tous
2160 2015 28 18 les
2194 2017 85 17 mandats
2288 2017 46 17 dont
2342 2017 15 18 il
2363 2020 43 16 sont
2413 2019 89 19 investis.
2509 2026 9 11 »

2100 2096 89 28 Legkie
2201 2097 24 22 in
2237 2100 83 26 quarta
2332 2100 89 28 pagine
2432 2108 16 14 u
2460 2103 77 27 segui-

2072 2131 26 21 tu
2118 2131 25 21 di
2161 2131 24 21 A
2197 2131 138 28 Cunquista
2345 2133 117 24 ürancese
2479 2136 28 22 di
2523 2143 14 15 a

2073 2163 111 23 Corsica,

2095 2543 23 4 —
2126 2534 54 18 Tanli
2187 2533 72 23 fiaschi,
2268 2535 115 23 quist’annu,
2396 2542 11 13 a
2414 2537 47 18 ùUli
2468 2538 68 19 ’ss’esa-

2069 2557 51 17 mini
2134 2557 18 17 di
2167 2557 87 18 femmine
2260 2557 5 18 !
2285 2557 118 21 Ch’averanu
2417 2560 24 18 da
2456 2560 21 18 fà
2489 2562 46 18 tutte

2071 2583 74 18 quesse,
2153 2584 54 13 senza
2214 2580 109 22 piazzarella
2328 2580 9 19 ?

2094 2611 23 4 —
2126 2602 137 19 Cuminceranu
2271 2604 24 17 ad
2303 2604 72 22 imparà
2383 2609 12 13 a
2402 2605 47 18 vint’
2458 2606 75 19 anniciô

2071 2624 70 19 ch’etle
2149 2625 83 19 duvianu
2240 2626 45 23 sapé
2292 2626 21 18 fà
2321 2631 10 13 a
2339 2627 73 22 dodeci,
2427 2633 56 14 cume
2490 2635 12 12 e
2510 2628 24 19 so’

2071 2651 89 15 mamme.

80 2749 106 22 Fuglillinu
193 2748 20 17 di
219 2747 207 19 AAiuvra—a.129—
433 2747 37 17 diu
476 2746 72 19 30-6-29

104 2810 243 52 PMÜÂLE
381 2809 124 48 PAOli
507 2810 18 47 1

285 2884 63 19 OSSIA

123 2929 38 36 La
180 2928 81 37 iotla
276 2928 32 36 di
320 2927 176 38 Pôntenuôvô

79 2989 164 24 RACONTO
247 2989 108 23 CORSO
361 2989 186 24 DELSECOLO

273 3028 81 23 XVIII

305 3071 23 17 DI

175 3107 33 24 F.
223 3108 37 24 D.
276 3108 175 25 Guerras^i

106 3189 29 5 —
143 3177 73 22 Forse
233 3179 155 21 reciteranno
408 3179 18 21 il
446 3179 103 25 rosario^

80 3210 105 22 osservô
196 3211 20 21 il
221 3210 177 24 Valcroissant:

107 3256 30 4 —
145 3244 80 21 Penso
237 3244 46 22 che
294 3250 49 15 non
350 3245 23 21 la
384 3245 166 26 indoviniate,

80 3278 98 26 rispose
189 3277 18 20 il
216 3276 70 24 Paoli
295 3284 6 15 :
313 3277 144 23 affrettiamo
468 3278 19 21 il
497 3285 56 21 pas-

80 3315 29 16 so
116 3316 6 20 ;
136 3310 161 27 avvegnachè
307 3311 23 20 le
345 3310 84 23 donne
441 3311 69 22 sieno
527 3312 23 21 di

79 3347 65 21 poco
163 3342 43 27 più
224 3345 124 19 mansuete
362 3344 68 27 degli
447 3344 103 26 uomini,

79 3379 73 22 spero
165 3374 44 22 che
221 3381 51 16 non
290 3381 137 17 correremo
443 3377 108 26 pericolo

79 3408 32 20 ad
119 3409 146 21 accostarci.

108 3440 28 21 In
151 3440 82 23 effetto
247 3443 21 20 si
280 3443 170 21 accostarono.
457 3448 14 15 e
482 3443 71 27 giun-

79 3477 58 16 sero
149 3473 27 20 in
186 3474 85 27 tempo
280 3479 44 22 per
334 3475 152 21 ascoltarele
496 3476 58 21 ulti-

78 3509 41 16 me
133 3506 86 26 parole
233 3507 65 21 délia
308 3507 78 22 zitella
404 3514 30 15 su
447 3508 56 21 ritta
513 3514 40 15 ac-

79 3539 72 20 canto
160 3538 47 20 alla
219 3545 80 19 croce,
311 3540 23 21 le
341 3540 68 26 quali
419 3540 89 22 furono
517 3546 7 15 :

106 3581 31 5 —
147 3570 18 21 E
174 3570 109 23 siccome
294 3577 49 16 non
354 3573 23 21 ci
389 3573 31 21 ha
433 3572 86 22 dolore
530 3573 23 20 al

78 3603 103 25 mondo,
194 3603 46 22 che
253 3605 74 21 vinca
337 3604 18 21 il
367 3606 88 21 dolore
465 3604 25 21 di
501 3611 53 15 ma-

77 3633 43 22 dré
129 3636 41 20 nel
181 3638 165 27 contemplare
354 3638 8 21 i
379 3638 55 22 suoi
445 3637 107 28 figliuoli

576 2747 138 22 intisichire
724 2748 64 21 nella
796 2746 101 26 servitù,
908 2746 140 23 cosivotia-

575 2785 42 17 mo
629 2780 23 22 ai
663 2780 68 27 piedi
743 2780 25 22 di
777 2782 84 25 questa
871 2785 78 20 croce,
957 2786 14 15 a
979 2779 69 23 Gesù

577 2812 84 23 Cristo
671 2813 46 21 che
730 2813 22 21 ci
773 2814 102 24 ascolta,
896 2813 46 22 che
954 2819 93 16 veruna

576 2846 25 21 di
612 2847 43 21 noi
668 2846 21 22 si
701 2846 168 28 congiungerà
887 2847 26 21 in
924 2847 124 22 matrimo-

576 2880 42 20 nio
630 2885 27 15 se
668 2885 50 16 non
731 2879 66 28 dopo
808 2879 103 22 finitala
922 2885 96 22 guerra.

603 2912 168 22 Assentirono
782 2915 63 19 tutte
855 2918 50 16 non
918 2918 70 16 senza
1007 2919 41 22 ge-

576 2944 55 23 miti
643 2945 25 21 di
681 2945 88 21 dolore
777 2951 15 15 o
804 2946 93 22 accenti
905 2946 69 25 d’ira,
982 2946 66 27 gius-

575 2976 134 24 tal’indole
722 2978 23 21 di
760 2979 114 22 ciascuna
885 2979 25 22 di
922 2980 54 22 loro
986 2986 6 19 ;
1004 2985 13 15 e
1030 2981 18 22 il

577 3010 174 23 Valcroissant
772 3012 84 27 quinci
889 3013 120 22 torcendo
1030 3014 19 23 il

577 3045 130 25 cammino,
722 3046 143 21 tentennato
880 3045 18 23 il
906 3051 65 22 -capo
983 3046 66 22 dice-

576 3083 33 15 va
616 3083 6 14 :
632 3089 29 4 —
668 3077 64 22 Ecco
743 3084 32 16 un
787 3080 61 20 voto
861 3078 53 22 ch’e
925 3079 44 27 più
976 3079 73 23 facile

576 3110 131 27 profferire
716 3110 48 22 che
775 3116 140 18 osservare.
980 3114 5 12 ;

604 3155 26 5 —
638 3143 55 23 Non
701 3145 26 21 lo
739 3144 43 22 udi
792 3145 18 21 il
820 3144 77 28 Paoli,
908 3146 46 22 che
962 3151 88 17 conos-

578 3177 66 22 ciuta
655 3178 23 20 la
689 3178 83 21 zitella
783 3178 21 21 si
813 3179 73 21 volse
897 3184 13 16 a
919 3180 115 21 salutarla
1043 3186 5 15 :

578 3210 47 21 ella
637 3216 42 16 era
690 3210 90 22 Serena
787 3210 110 29 figiiuola
906 3211 55 22 dell’
964 3212 87 23 Alber-

576 3243 47 22 tini
636 3244 159 22 assassinato.
808 3244 21 22 Il
840 3246 123 26 generale,
971 3245 79 27 prima

578 3276 25 21 di
615 3278 98 20 entrare
722 3277 27 21 in
761 3283 60 20 casa,
831 3278 21 21 si
861 3277 78 24 fermé
947 3284 73 23 sopra
1026 3281 23 21 la

578 3312 88 26 soglia,
684 3312 76 24 dove,
771 3311 66 27 dopo
849 3317 60 17 aver
928 3311 64 25 fatto.
999 3318 50 17 non

578 3349 29 16 so
616 3344 70 26 quale
693 3349 79 16 cenno
781 3350 14 15 a
804 3344 192 28 Minutogrosso,
1005 3345 45 22 che

578 3375 45 23 sali
633 3377 64 21 lesto
706 3377 24 20 le
742 3377 73 24 scale,
826 3382 71 21 prese
909 3384 13 14 a
931 3377 118 22 favellare

578 3410 27 20 in
613 3411 85 25 questa
709 3411 116 20 sentenza
835 3415 6 15 :

606 3453 29 4 —
641 3440 90 29 Signor
742 3442 148 26 colonnello,
914 3443 45 21 voi
978 3446 72 20 avete

579 3474 69 21 udita
658 3475 24 21 la
693 3474 179 23 deliberazione
878 3475 64 24 délia
947 3475 103 25 Consul-

577 3509 34 21 ta,
622 3512 16 16 e
649 3507 102 24 qualora
766 3508 27 21 vi
810 3508 94 27 piaccia
915 3511 84 25 potete
1008 3515 41 22 ag-

578 3539 119 28 giungere
705 3545 28 18 se
745 3543 136 25 spontanea
889 3547 15 16 o
915 3545 134 24 provocata

579 3573 33 20 da
621 3578 48 16 me.
683 3573 98 21 Adesso
793 3574 22 21 la
835 3577 86 19 vostra
935 3581 115 20 presenza

579 3604 42 27 qui
629 3610 50 17 non
687 3606 153 27 gioverebbe
848 3606 44 28 più
899 3613 15 16 a
922 3608 43 22 noi
978 3614 13 15 e
998 3608 32 24 nè
1037 3615 13 15 a

577 3637 55 22 voi.
640 3638 69 24 Iddio
717 3640 90 21 assista
813 3640 25 21 la
845 3645 72 17 causa
925 3641 123 28 migliore.

1073 2748 135 27 Altobello,
1220 2749 105 28 pigliate
1336 2756 49 16 una
1402 2751 101 23 dozzina
1522 2752 24 22 di

1073 2781 113 28 guardie,
1198 2788 14 16 e
1223 2785 109 20 scortate
1354 2783 119 24 l’oratore
1484 2785 62 22 fran.

1075 2820 54 17 cese
1140 2821 18 19 e.
1165 2817 24 21 la
1198 2822 44 16 sua
1254 2818 146 27 compagnia
1411 2824 13 16 a
1444 2819 103 28 qualche

1073 2848 88 28 rnigliû
1171 2849 66 23 fuori
1252 2850 26 22 di
1291 2850 75 23 Corte
1376 2857 6 20 ;
1391 2852 42 22 voi
1440 2853 107 21 Ambro-

1074 2881 41 28 gio
1126 2883 34 27 gli
1172 2883 121 23 servirete
1310 2885 23 22 di
1346 2885 74 27 guida
1437 2886 51 23 fmo
1501 2886 45 22 alla

1074 2914 53 22 foce
1139 2916 41 22 del
1198 2915 67 23 Golo
1286 2923 44 21 per
1344 2918 23 21 la
1379 2918 41 21 via
1432 2919 25 21 di
1470 2919 76 21 Accia

1074 2950 156 25 procurando
1241 2955 52 17 non
1306 2951 100 22 deviare
1415 2952 50 22 mai
1484 2951 63 22 dalla

1075 2983 81 21 strada
1166 2983 106 21 battuta.
1282 2995 29 5 —
1326 2983 29 23 In
1371 2987 88 25 questa
1477 2990 69 16 scese

1075 3014 189 30 Minutogrosso
1276 3022 44 17 con
1331 3023 33 16 un
1384 3017 78 29 foglio
1474 3020 73 20 stam-

1075 3050 65 26 pato,
1153 3055 14 16 e
1178 3055 48 18 una
1243 3055 81 21 penna
1331 3057 7 19 ;
1351 3051 18 21 il
1388 3050 68 25 Paoli
1475 3057 71 22 prese

1075 3080 66 23 l’uno
1155 3088 13 17 e
1177 3082 90 28 Paîtra,
1279 3084 88 24 sçrisse
1379 3083 19 24 il
1408 3089 45 16 suo
1465 3090 80 20 nome,

1076 3115 61 27 epoi
1147 3118 151 25 consegnata
1306 3117 21 22 la
1337 3118 99 22 cartaacL
1442 3118 105 24 Ambro-

1075 3147 169 29 gioaggiunse
1267 3160 29 5 —
1305 3149 95 27 Questo
1409 3149 14 22 è
1435 3151 19 22 il
1465 3156 82 21 passa-

1076 3183 71 24 porto
1158 3188 5 20 ;
1176 3182 65 21 dove
1253 3186 101 18 occorre
1364 3184 125 22 mettetelo
1508 3189 39 16 su-

1078 3214 47 23 bito
1133 3214 75 26 fuori,
1216 3220 14 16 e
1237 3215 147 22 minacciate
1395 3215 29 23 da
1432 3219 70 25 parte
1508 3217 39 21 del

1076 3246 119 29 Supremo
1207 3246 133 32 Consiglio
1352 3255 12 15 a
1388 3250 38 21 cui
1438 3250 23 22 si
1471 3251 75 21 atten-

1075 3282 64 21 tasse
1151 3283 98 20 toecare
1248 3283 4 8 1
1255 3286 15 16 a
1277 3284 86 25 questo
1373 3281 107 27 uffipiale
1486 3289 60 22 pure

1076 3319 33 17 un
1121 3315 94 28 capello
1228 3315 159 24 severissime
1397 3321 94 22 pene...

1138 3345 78 24 Corne
1224 3348 13 21 ?
1249 3348 146 24 correrebbe
1404 3348 68 23 forse
1481 3350 66 27 peri-

1077 3379 54 21 colo
1143 3385 33 15 un
1186 3381 177 24 ambasciafore
1373 3380 173 25 diS.M.Cris-

1075 3411 159 23 tianissima?
1246 3412 61 23 Così
1319 3419 134 18 osservano
1465 3415 81 23 lafede

1077 3445 127 27 quaggiù?
1216 3446 31 22 Di
1261 3449 85 24 questa
1353 3449 68 20 sorte
1428 3448 13 22 è
1449 3449 97 27 dunque

1076 3478 22 21 la
1110 3480 99 20 vantata
1223 3478 71 23 lealtà
1306 3481 115 20 corsa?...

1102 3521 28 5 —
1136 3509 49 23 Col
1202 3513 147 26 riprendere
1368 3516 153 24 aspramente
1538 3514 8 21 i

1077 3543 46 21 vizî
1133 3544 72 25 altrui
1217 3546 45 22 voi
1273 3546 62 21 siete
1345 3547 40 23 usi
1396 3547 25 21 di
1434 3549 113 20 onestare

1076 3581 8 21 i
1104 3579 93 26 propri,
1225 3579 123 22 cavalière
1368 3578 177 25 Valcroissant.

1077 3609 49 22 Voi
1136 3609 63 23 foste
1209 3611 8 20 i
1229 3611 73 27 primi
1315 3618 14 15 a
1342 3612 93 22 violare
1446 3614 25 20 la
1490 3613 56 25 fede

1076 3643 138 24 assaltando
1232 3650 13 18 a
1264 3646 147 24 tradimento
1428 3647 118 24 Patrimo-

1574 2753 52 25 nio,
1638 2757 14 16 e
1663 2751 156 29 Barbaggio..

1600 2798 29 4 —
1637 2785 90 28 Signor
1737 2786 124 27 generale,
1875 2787 87 25 questo
1972 2786 13 22 è
1995 2787 49 21 taie

1575 2818 122 29 oltraggio
1713 2819 46 21 che
1779 2824 33 16 un
1833 2819 100 22 soldato
1954 2820 25 22 di
1997 2819 47 23 Sua

1575 2850 142 25 Maestrà,..,

1600 2885 40 23 Ma
1652 2885 18 21 il
1679 2885 116 28 generale
1803 2886 100 22 trattolo
1913 2886 25 21 in
1950 2887 93 28 dispar-

1573 2921 24 20 te
1616 2923 46 17 con
1684 2924 64 17 voce
1771 2919 96 23 turbata
1887 2922 156 27 quantunque

1575 2957 134 17 sommessa
1726 2952 135 28 soggiunse
1869 2959 40 15 :—
1921 2953 96 27 Tacete,
2029 2961 14 15 e

1573 2985 150 28 ripigliatevi
1735 2985 80 29 questi
1833 2987 84 22 danari
1937 2993 13 15 e
1961 2988 81 27 questi

1574 3019 81 21 arnesi
1667 3018 37 23 co’
1716 3020 66 26 quali
1791 3020 52 25 voi,
1853 3021 89 27 ospite,
1953 3022 45 21 che
2006 3022 37 21 in-

1573 3053 88 20 vocate
1672 3052 19 21 il
1707 3052 86 22 diritto
1806 3052 23 23 di
1847 3054 133 27 ospitalità,
1990 3057 54 19 ten-

1574 3087 61 19 taste
1644 3086 175 27 corrompermi
1829 3087 8 20 i
1849 3087 60 21 miei
1917 3088 125 23 servitori.

1575 3117 29 22 Se
1616 3118 42 22 voi
1668 3118 55 24 altri
1744 3122 158 19 conservaste
1926 3120 25 21 in
1968 3126 74 18 cuore

1574 3157 49 16 uno
1635 3153 124 26 scampolo
1768 3152 24 21 di
1805 3154 80 25 quelle
1894 3153 68 22 virtù
1970 3155 24 21 di
2003 3156 39 21 cui

1573 3186 84 20 tenete
1665 3184 108 23 iondaco
1784 3191 28 16 su
1823 3187 23 20 le
1866 3187 92 27 labbra,
1978 3188 65 23 beati

1574 3218 44 21 voi
1628 3218 6 21 !
1643 3217 72 23 felice
1724 3219 18 21 il
1751 3219 92 22 mondo
1855 3220 5 21 !
1869 3219 102 27 Partite,
1980 3228 13 15 e
2000 3222 44 28 più

1574 3252 81 26 presto
1667 3253 37 20 tra
1712 3258 39 15 me
1760 3258 14 14 e
1781 3253 43 21 voi
1835 3256 101 25 porrete
1944 3255 17 21 il
1970 3257 73 20 tratto

1574 3284 45 22 che
1629 3285 71 27 giace
1712 3287 38 20 tra
1763 3284 74 24 Corte
1849 3293 13 16 e
1874 3287 89 28 Bastia,
1974 3290 68 22 tanto

1573 3317 93 29 meglio
1673 3317 89 25 farete.
1772 3319 89 24 Addio.

1601 3351 22 21 Il
1638 3353 123 21 cavalière
1781 3352 175 29 Valcroissant,
1969 3362 74 21 quan-

1572 3386 92 24 tunque
1674 3387 66 19 rotto
1758 3385 29 21 ad
1808 3388 58 27 ûgni
1887 3387 156 23 sfrontatezza

1575 3416 144 29 cortigiana,
1733 3417 64 22 senti
1811 3420 81 22 salirsi
1911 3421 23 21 le
1953 3428 90 23 vampe

1575 3449 45 21 alla
1630 3449 76 23 faccia
1715 3457 6 19 ;
1744 3456 92 23 appena
1854 3454 63 21 ebbe
1930 3454 62 22 balia
2016 3456 25 21 di

1575 3483 51 20 sala
1628 3487 51 17 tare
1691 3484 143 28 ilgenerale,
1845 3487 196 29 emogiomogio

1573 3515 72 23 tornò
1657 3522 14 15 a
1682 3523 63 16 casa.
1760 3517 59 23 Cola
1829 3520 102 25 ridotto,
1942 3522 24 21 la
1976 3528 66 16 mor-

1573 3548 136 24 tificazione
1718 3551 63 21 testé
1792 3552 109 23 ricevuta
1910 3559 48 17 non
1970 3556 69 27 ebbe,

1574 3588 13 16 a
1594 3585 90 25 quanto
1692 3584 102 26 sembra,
1804 3588 85 21 valore
1897 3587 25 22 di
1929 3593 111 18 sconcer-

1573 3617 62 21 tarlo
1644 3617 25 21 in
1681 3618 42 27 gui
1726 3623 27 17 sa
1761 3618 30 22 da
1798 3618 138 30 impedirgli
1944 3622 25 22 di
1976 3623 65 27 apri-

1573 3656 26 18 re
1610 3650 113 24 Tinvolto
1736 3657 44 24 per
1797 3654 91 23 vedere
1905 3660 27 17 se
1951 3657 88 22 alcuno

2070 2759 125 18 mancasse
2206 2756 39 22 dei
2257 2758 83 22 denari
2354 2764 14 17 0
2379 2759 66 28 degli
2456 2756 76 24 arnesi

2070 2785 93 22 donati.
2178 2786 106 30 Bisogna
2302 2789 149 23 confessario
2462 2795 15 16 a
2487 2794 45 18 ma-

2070 2814 108 23 lincuore
2186 2821 6 20 ;
2205 2822 48 16 non
2259 2818 23 21 ci
2294 2823 74 17 erano
2385 2819 74 25 tutti;
2473 2817 58 23 onde

2069 2844 20 22 il
2099 2846 166 24 Valcroissant
2274 2849 62 21 ebbe
2348 2850 102 28 ragione
2457 2849 26 22 di
2490 2849 40 22 fre-

2069 2875 66 27 garsi
2146 2876 24 20 le
2181 2877 64 21 mani
2258 2877 25 21 in
2291 2879 50 20 atto
2350 2879 25 21 di
2384 2879 144 27 compiacen-

2068 2911 27 15 za
2104 2911 5 20 ;
2118 2911 50 16 non
2177 2905 77 24 l’ebbe
2262 2909 31 20 ad
2300 2909 133 22 esclamare
2442 2916 6 15 :
2457 2906 74 25 —sia-’

2070 2942 41 16 mo
2120 2943 13 15 a
2141 2938 102 22 cavallo.

2096 2965 63 23 Ebbe
2166 2967 98 27 ragione
2273 2967 24 21 di
2303 2968 139 28 raîlegrarsi
2447 2966 83 30 perche

2069 3001 49 16 non
2128 2997 96 22 sentirsi
2242 2998 48 22 soli
2306 2998 28 22 da
2354 2999 60 22 fiato
2427 2998 76 22 anche
2513 2995 17 22 ai

2068 3025 64 21 tristi
2142 3031 6 20 ;
2170 3025 51 23 sarà
2239 3032 26 16 se
2285 3028 83 21 volete
2391 3029 101 28 aliegria
2511 3025 19 22 di

2069 3054 108 27 dannati,
2197 3062 38 16 ma
2251 3058 24 21 la
2296 3063 58 17 cosa
2372 3061 38 19 sta
2425 3064 69 17 corne
2512 3057 18 21 la

2070 3088 73 20 cento
2154 3093 6 19 ;
2172 3087 60 22 ebbe
2243 3090 76 24 torto,
2338 3089 92 27 perché
2441 3096 33 15 un
2485 3088 45 22 dia-

2068 3115 68 26 volo,
2145 3115 95 23 edanco
2249 3117 47 21 due
2305 3122 50 17 non
2363 3118 76 22 fanno
2446 3116 84 24 l’infer-

2069 3150 41 21 no,
2124 3152 13 15 e
2148 3147 78 26 prima
2239 3148 24 21 di
2276 3148 88 22 venire
2375 3155 14 15 a
2402 3154 60 22 capo
2475 3146 54 24 délia

2068 3174 88 24 libertà
2167 3177 63 21 délia
2243 3177 102 23 Corsica
2361 3179 21 21 e’
2402 3179 51 22 sarà
2473 3178 58 22 forza

2068 3205 215 29 mandargiùpane
2292 3208 117 26 pentito,e
2416 3209 24 21 di
2449 3208 80 21 molto-

2096 3232 25 23 Si
2133 3233 94 24 affrettò
2239 3237 113 24 pertanto
2364 3237 19 21 il
2391 3237 119 22 cavalière
2519 3238 11 16 a

2069 3264 104 26 partire;
2192 3265 137 29 Ambrogio
2340 3268 34 27 gli
2384 3267 146 22 cammi.na.va

2069 3293 95 23 dinanzi
2176 3296 29 21 ad
2216 3297 125 27 esplorare
2357 3299 22 21 la
2392 3298 89 25 strada,
2492 3293 38 30 poi

2068 3324 91 21 veniva
2167 3325 17 21 il
2196 3326 121 22 cavalière
2325 3328 54 21 solo
2390 3327 61 22 assai
2463 3324 66 24 torbo

2069 3353 26 21 in
2102 3354 73 25 vista;
2188 3355 78 22 dietro
2276 3357 23 21 la
2312 3362 42 16 sua
2364 3356 165 29 comgagnia,e

2068 3388 47 17 con
2123 3384 23 21 la
2158 3388 78 20 scorta
2245 3388 116 22 condotta
2369 3388 31 21 da
2406 3384 120 25 Altobello

2068 3410 25 23 di
2102 3413 104 25 Alando,
2214 3414 112 24 formava
2335 3418 70 25 parte
2416 3416 63 22 délia
2491 3417 36 18 co-

2068 3440 87 22 mitiva
2163 3441 40 22 del
2210 3444 139 23 colonnello
2359 3445 106 22 Rinaldo
2475 3442 52 22 Cas-

2068 3472 229 27 sagnac,purissimo
2305 3474 221 30 sangueguascone,

2067 3499 45 22 che
2123 3500 22 21 le
2155 3506 100 22 sparava
2263 3509 87 22 grosse
2362 3509 69 17 corne
2440 3503 88 24 camp^'

2066 3529 55 27 nili,
2133 3537 39 16 ma
2183 3532 29 21 da
2222 3536 89 24 questo
2323 3535 87 22 difetto
2422 3534 24 21 in
2459 3527 68 27 fuori»

2066 3561 96 22 mettici
2175 3568 32 15 un
2220 3564 39 26 po’
2275 3565 24 21 di
2314 3566 145 27 prepotente
2473 3567 12 16 e
2499 3563 27 17 un

2065 3590 98 22 tantino
2175 3591 23 21 di
2210 3592 54 27 bue,
2270 3599 41 16 era
2323 3594 23 21 la
2358 3594 99 27 miglior
2467 3589 61 29 pasta

2066 3618 137 30 digiovane
2209 3624 45 22 che
2262 3624 102 22 vivesse
2371 3625 28 21 in
2409 3620 80 28 Parigi
2496 3625 6 20 ;

2229 3662 157 33 (Cuntinua)
