2545 3904
77 435 16 25 f\
99 432 5 24 î
113 429 57 25 Corsi
178 427 94 32 spatriati

50 510 14 23 g
67 507 79 27 £biunUi
153 504 63 18 l’anna
224 502 89 20 vinl’otlu

52 539 13 17 0
70 532 44 22 jasé)
122 528 54 21 Chili
183 532 24 13 ne
215 527 59 23 pare?

51 561 32 20 gai
89 556 73 25 purtatu
169 554 22 17 lu
199 553 86 21 fangottu

50 587 20 22 pi
77 586 40 17 cose
124 579 58 20 scelle
191 583 10 13 e
210 578 32 22 più
252 582 41 14 rare

49 613 33 18 per
88 608 23 19 dâ
115 606 18 18 la
140 604 136 18 rlciimisccnza

48 639 16 17 A
70 637 16 17 le
95 635 17 16 lo
119 632 80 21 persoae
207 632 51 14 cure.

49 696 24 18 Tu
80 691 25 20 se’
110 689 73 19 venulu
189 688 24 17 da
221 686 77 19 Francia

49 721 54 19 Senza
107 718 65 15 essene
180 712 103 22 aspillalu;

47 745 32 20 gaj
86 738 113 23 î-nWancalu
207 738 19 17 la
233 737 59 18 faccia

31 774 49 18 Cume
87 771 25 14 un
118 762 79 20 -vecehiu
209 763 110 22 trapassatu,

48 796 14 18 ]J
67 800 10 12 a
84 790 25 21 sü
114 789 56 23 jorni,
181 788 14 17 li
203 788 27 17 se’
238 791 73 18 sempre

30 832 3 3 .
47 820 24 20 Nè
77 819 55 22 sposu
140 818 24 14 ne
172 813 95 18 marilalu.

48 878 8 18 I
63 873 44 21 corsi
114 871 31 18 chi
153 870 40 18 sele
201 869 64 19 andali

46 903 33 18 Per
85 898 35 20 istà
128 897 19 18 ia
156 895 116 20 cunlinente,

48 926 20 19 Vi
71 925 38 19 sete
115 920 117 19 dimenlicati

44 952 23 19 .pi
73 947 73 22 panjicu
153 951 11 13 e
172 945 19 18 di
200 950 13 13 u
222 946 83 21 parente.

45 977 26 18 Un
77 977 46 16 sauu
130 972 33 23 più
169 971 52 22 parlà
229 974 61 18 corsu,

46 1002 13 19 0
66 1002 90 19 vergogna
163 995 19 19 di
189 996 19 18 la
215 995 51 23 jeule
271 994 6 19 1

45 1058 22 19 Sô
75 1054 68 21 turnati
150 1052 123 21 infrancisiti,

46 1083 46 18 Vamz
100 1083 73 18 sempre
179 1078 69 18 erranli
255 1082 12 13 e
275 1078 42 23 soli,

45 1110 24 17 Da
74 1108 18 17 la
97 1105 73 18 Corsica
178 1103 84 18 smarriti

44 1134 51 18 Corne
99 1130 7 18 1
114 1129 56 23 falçhi
179 1128 104 22 slantaroii,

43 1160 14 17 E
64 1159 77 21 passanu
149 1155 19 17 la
175 1157 22 15 so
204 1153 42 19 vila

43 1185 53 19 Senza
103 1179 100 24 moglia.nè
210 1179 76 22 figiîoli.

42 1238 90 21 perdenda
137 1237 19 18 la
161 1236 66 24 lingua
235 1240 59 17 corsa.

41 1266 19 19 Si
66 1264 96 20 cummelle
171 1266 37 14 una
221 1265 93 19 macagaa.

41 1291 19 18 Xi
67 1289 62 20 chiudi
138 1288 101 18 nentr’una
247 1287 57 22 fossa,

41 1316 18 19 Si
66 1318 49 16 corne
125 1314 71 21 l'acqua
203 1312 31 18 chi
241 1313 73 22 stagna,

39 1342 27 18 Un
73 1339 77 20 t’abbedi
158 1337 31 19 chi
193 1338 38 18 ’ssa
238 1338 56 18 iurba

40 1367 107 19 Taccerezza
155 1369 11 13 e
174 1363 14 18 ti
195 1363 18 18 si
222 1368 72 18 magna.

39 1424 52 19 Sema
98 1421 49 19 corsi
150 1420 21 19 di
178 1421 73 21 aatura,

39 1450 80 18 Uufemu
127 1447 33 23 più
168 1445 116 23 pataracehie
290 1445 5 19 !

39 1475 55 19 Senza
101 1474 57 21 colpa,
165 1476 27 14 un
199 1471 28 19 c’è
234 1475 59 19 paura

38 1501 24 18 Da
68 1498 84 24 piattassi
159 1496 24 24 pè
190 1497 20 18 le
216 1496 88 21 macchie.

38 1526 30 19 Noi
75 1524 110 19 lasciaiemu
193 1523 20 18 di

37 1552 14 18 E
55 1549 50 20 cantà
111 1550 51 17 tante
166 1548 118 19 curnacchie.

36 1608 60 19 Lasciu
105 1606 110 23 l’impiegati
222 1610 12 13 a
241 1606 58 22 parte,

38 1634 32 18 Chi
77 1637 47 14 vanu
131 1633 24 18 da
159 1635 52 14 mare
215 1631 46 19 inlà.

36 1659 79 23 Tignenu
124 1658 19 18 le
150 1657 80 18 branche
238 1657 51 18 carte

37 1684 24 19 Cn
67 1683 75 19 distinte
150 1683 77 22 qualité,

36 1710 14 18 E
55 1710 19 18 in
82 1709 73 18 Corsica
159 1708 102 21 d'islalina,

36 1735 96 18 Rientrenu
140 1733 128 24 asuggiurnà.

35 1793 48 18 Molli
90 1792 18 18 si
114 1797 27 14 ne
148 1796 49 14 sonu
204 1791 65 19 andati

34 1818 34 18 Per
73 1818 47 19 circà
127 1818 32 23 più
167 1818 56 17 caldu
229 1817 48 19 iidu.

35 1843 18 18 Si
59 1848 23 14 ne
89 1844 55 17 stanu
152 1843 92 22 spatriati,

35 1869 109 18 Luntanuda
152 1869 22 18 lu
182 1873 20 14 so
211 1868 54 19 nidu.

34 1893 130 20 Ciasched’unu
173 1894 11 19 è
189 1894 102 19 divenlatu

34 1919 21 18 Di
61 1920 20 18 lu
89 1923 20 14 so
118 1923 56 20 paese
181 1919 69 20 infidu,

34 1976 76 20 Cérrenu
119 1982 34 18 per
160 1978 45 23 ogni
213 1978 42 19 locu

33 2002 51 20 Come
91 2004 53 18 corbi
150 2003 22 18 dl
178 2004 67 23 rapiaa
250 2008 6 17 ;

34 2028 48 18 Hanu
89 2030 90 17 amatlatu
186 2030 21 17 lu
215 2029 44 19 focu

33 2053 93 20 L’invernu
135 2059 22 14 eu
165 2054 92 19 Pistatina
263 2059 5 17 ;

33 2078 50 20 Siu’è
88 2081 50 17 rottu
145 2081 21 18 lu
173 2086 21 13 so
199 2081 63 20 îornu,

32 2104 25 18 El
57 2110 11 13 a
75 2109 21 15 so
103 2109 42 15 casa
150 2106 11 19 ô
167 2106 20 18 îu
194 2107 76 18 ruvina.

32 2161 15 18 4
51 2163 72 19 vizzosa
128 2165 106 19 rundiuelia

32 2186 68 21 Cambia
108 2192 79 17 suvente
195 2191 99 22 rughione;

32 2213 53 19 Torna
92 2215 20 16 in
117 2216 18 18 la
144 2219 22 15 so
171 2217 60 21 patria
239 2216 50 19 bella

31 2237 73 22 Quandu
111 2241 68 19 esliv’è
186 2242 19 17 la
213 2242 92 22 slagioae;

32 2263 42 24 Elu,
83 2264 64 25 Corsu,
153 2266 15 19 ti
177 2272 24 14 ne
209 2268 37 18 stai

31 2288 80 21 Lualanu
120 2292 24 18 da
151 2293 22 18 lu
180 2293 68 19 fucone
254 2292 5 19 !

32 2345 45 21 State
81 2352 12 13 a
100 2351 53 18 sente
160 2354 12 14 a
181 2351 87 19 ZMinioalc

32 2370 51 21 S’ellu
90 2377 54 16 canta
151 2377 75 22 qualchi
233 2378 59 18 voila.

31 2395 50 22 Come
85 2403 54 16 corsu
147 2401 92 23 haturale,

31 2421 15 18 A
52 2427 19 15 so
79 2424 46 20 rima
132 2431 78 19 ognunu
219 2429 78 19 ascolla.

31 2446 13 17 E
48 2450 58 21 quellu
115 2452 58 18 ch’un
180 2454 44 18 vole
232 2455 52 18 sente

30 2471 54 22 hnn’è
92 2476 33 19 elle
133 2482 81 18 persona
221 2480 63 19 stolta.

165 2509 115 21 Minicale.

363 431 148 29 L’filmanaccu
521 437 20 24 di
550 446 13 16 a
572 438 72 27 Muvra

400 504 50 19 Caru
459 506 44 24 Sgiò
513 508 98 26 Direttore,
623 522 5 10 ,

371 538 15 17 L
391 537 142 23 Almanaccu
543 545 109 19 annunziatï

371 563 22 17 In
400 563 19 17 la
427 566 66 18 vostra
500 566 87 21 letterina
623 575 7 12 >

371 587 14 18 E
396 589 24 17 da
427 594 32 14 me
469 592 55 18 tantu.
532 594 115 25 aspéltaUqr;

370 612 36 19 M’è
413 614 87 20 arrivatn
506 617 105 24 slamatina,
628 611 21 30 ,{■

370 637 111 22 Profumatu
490 645 10 14 e
508 643 106 20 surridenle

370 662 60 20 Cume
437 665 58 20 l’alba
501 667 20 17 in
530 668 82 20 Oriente.
628 684 7 6 ...

370 707 127 22 Febrilmente
501 711 69 24 l’aghiu
578 715 65 21 apartu

369 733 37 18 Per
413 736 50 17 vede
471 737 19 18 la
498 741 21 13 so
527 738 61 22 figura
594 744 6 16 ;

368 758 64 19 D’esse
437 760 21 17 iu
464 761 65 19 octavo
535 768 10 13 o
551 763 21 18 in
577 765 75 22 quarlu,

370 783 50 19 Pocu
428 785 26 17 mi
463 786 49 18 facla
519 788 89 22 primura,

368 808 30 18 ivla
405 814 27 13 vu
434 810 25 18 Ha
467 811 130 21 assicurarmni

368 833 58 19 S’ellu
435 836 85 19 sustenia
529 839 78 18 l’esami.

368 879 71 23 Terapu
446 881 48 19 lettu
503 882 48 19 VICiu
558 888 40 15 so...

368 904 22 18 Di
399 909 12 13 u
421 907 57 21 pueta
487 906 141 25 Sampelracciu,

366 929 27 18 Mi
401 930 22 18 sò
431 931 55 20 deltu
494 937 5 13 :
506 938 9 11 «
522 934 35 17 Per
565 934 20 18 iu
593 935 30 18 Mò
628 935 5 18 !

367 956 16 17 A
391 958 68 20 queslu
468 958 14 17 ii
488 957 51 20 fuma
546 964 11 13 u
563 960 87 19 stracciu!

366 980 20 21 E,
392 981 16 17 si
417 986 14 13 u
439 986 31 15 res
472 984 20 17 tu
500 982 11 18 è
518 985 43 17 eus!
569 985 58 22 bellu,

367 1005 129 21 ï/almanaccu
504 1008 64 22 èEliu,
575 1009 75 20 èEllui»

365 1051 36 18 Per
410 1052 52 22 paria
470 1053 79 20 anch’eu
557 1054 92 23 francese,

366 1077 97 19 Beneh’un
470 1079 29 18 sla
504 1079 52 20 tanin
561 1081 48 18 stras
611 1082 27 21 tu,

342 1100 39 19 J’ai
385 1103 81 23 (jompris
471 1104 71 19 ch’eH’è
547 1110 25 13 un
578 1107 73 19 clrnese

365 1126 68 22 Quellu
441 1128 31 19 chi
482 1129 38 18 l’ha
528 1131 100 22 cuncepitu
633 1138 5 16 ;

364 1152 15 18 E
387 1153 26 17 mi
422 1154 22 17 sô
452 1155 53 18 deltu
513 1155 51 19 iulva
571 1160 32 15 me
610 1162 5 12 :

365 1177 78 24 «Què,di
448 1180 127 19 l’almanacchi
580 1182 11 18 è
596 1187 13 13 u
613 1181 37 20 re!»

363 1223 56 19 Teste
426 1229 24 13 eu
459 1225 72 20 barette
540 1226 25 18 mi
567 1227 28 23 sgi
597 1232 17 17 e,

363 1249 66 19 Donne
437 1254 55 15 corse
499 1255 49 18 vere,
559 1256 51 17 vere,

362 1274 73 23 Lingua
440 1275 31 18 chi
477 1276 41 17 loda
524 1281 10 14 e
539 1276 31 19 chi
575 1278 74 22 sdrisge

362 1299 17 18 U
386 1300 17 17 la
405 1300 36 18 dru
449 1301 82 19 accant’a
538 1302 18 19 le
564 1306 51 18 pere,

362 1325 17 17 A
386 1326 68 21 puesia
462 1327 33 22 più
503 1326 39 19 fine

351 1349 92 24 Sperghie
448 1352 199 25 roseequanduspine.

341 1394 63 24 Sopr’a
409 1396 8 17 i
423 1397 59 23 tempi
488 1398 69 18 antichi
562 1402 11 13 e
578 1399 69 22 oscuri,

361 1421 153 23 Rinsignamenli
521 1423 80 23 preziosi
607 1429 6 17 ;

361 1446 51 18 Fatti
421 1447 66 19 storici
496 1452 10 14 e
514 1448 66 23 sicuri,

361 1471 80 19 Pruîani
449 1477 11 13 e
468 1473 83 22 religîosi
558 1479 5 16 ;

360 1496 62 23 Conti,
431 1499 119 23 staibaipghj,
559 1499 45 22 foie,

360 1521 22 20 Ci
389 1527 26 14 ne
421 1522 20 25 jè
450 1528 35 18 per
492 1524 31 19 chi
530 1530 24 13 ne
563 1526 50 18 vole.

360 1568 29 18 Un
396 1568 67 23 voglia
472 1570 153 24 mice’alluiigalla

359 1593 72 19 Perché
439 1595 14 17 li
462 1594 43 19 ladà
512 1596 27 17 mi
547 1595 85 24 disgusla
639 1602 6 17 ;

359 1618 38 19 Pur
399 1619 32 18 tan
432 1620 29 21 tu,
466 1620 19 19 ci
492 1621 44 18 vole
542 1622 12 17 à
562 1621 51 23 îalla,

359 1644 81 22 E,poslu
447 1646 30 17 chi
484 1650 10 13 a
500 1647 146 23 cosaèghiusla,

337 1668 46 20 Dieu
387 1669 258 26 chiuvostr’Almanaccu,

358 1695 23 17 Di
387 1695 89 24 bellezze,
481 1696 11 18 è
499 1701 25 14 uu
529 1702 49 14 veru
583 1703 63 15 saccu.

359 1740 58 19 Tuttu
427 1742 65 21 quellu
501 1742 30 19 chi
539 1743 28 18 mi
574 1744 69 23 leghie,

357 1765 56 19 Cvedi
421 1771 49 17 pura
479 1768 23 17 ad
510 1768 53 22 occbj
571 1770 60 18 ebiosi
637 1775 7 12 :

358 1791 59 19 S’ellu
424 1792 16 18 si
448 1793 108 19 irovaind’e
564 1795 73 22 veghie,

357 1817 28 18 Un
395 1818 57 24 pun-b
460 1819 20 18 fà
489 1819 34 18 die
533 1819 87 23 gbielosi.

356 1843 107 22 Ripeiendij
473 1848 12 14 a
493 1844 117 23 i’assislanli,

357 1868 24 18 Di
388 1873 9 13 s
399 1869 21 17 tu
425 1868 60 22 libru-,
494 1874 10 13 e
509 1870 38 19 foie
556 1874 11 16 e
573 1871 7 18 i
586 1871 57 22 canli.

358 1914 28 18 Eu
393 1914 23 18 vi
423 1914 97 24 ringraziu
528 1916 18 18 di
555 1920 44 15 core

356 1939 16 18 E
379 1940 20 18 vi
408 1940 21 18 sò
438 1941 60 18 moltu
506 1942 91 23 obiigatu,

337 1974 5 4 -
356 1964 104 20 Garissirnu
469 1966 99 21 Direttore,

344 1990 38 18 Per
388 1990 154 20 VAlms.iia.ccu
552 1991 74 22 invÌQiu
633 1997 6 18 ;

354 2015 17 19 E
377 2016 22 17 lu
407 2016 112 19 rieumandu
526 2022 11 13 a
544 2018 46 18 tutti

355 2040 64 24 Quelli
423 2042 100 19 ch’amanu
527 2043 6 18 i
539 2043 38 18 bon
583 2043 56 19 frulti

512 2073 19 22 XJ
539 2073 77 20 Falcu.

367 2152 16 28 f]
397 2154 43 24 mio
454 2154 74 25 Cudnu
540 2154 24 25 A
576 2155 25 25 C.

352 2218 35 19 Hai
392 2219 62 18 delta,
463 2223 33 15 car
496 2224 11 13 a
516 2219 74 23 cuc’mu,

352 2243 55 19 Ch’io
414 2244 73 22 l’agliiu
496 2245 121 23 vituperatu?

353 2270 58 18 Tuttu
419 2270 20 17 in
446 2270 63 22 ioxigu,
518 2271 5 8 ’
528 2275 33 14 ssu
566 2271 69 18 sislinu

353 2294 27 18 Da
386 2298 35 19 per
428 2295 40 18 ellu
476 2295 37 19 l’ha
522 2297 72 18 rimalu
602 2303 5 16 ;

352 2320 42 19 Cun
399 2320 73 19 baliate
479 2325 49 16 nove
535 2326 56 18 nove,

352 2346 107 18 liacunlatu
468 2346 51 19 haje
527 2352 20 14 so
559 2349 63 20 pïove.

352 2385 23 18 Di
382 2385 19 18 le
410 2390 54 14 muse
469 2390 25 14 ne
500 2387 23 18 sò
530 2386 78 20 schiavu

352 2411 73 18 Perché
433 2411 105 22 l’impreslu
547 2412 19 18 la
579 2413 54 18 rima.

352 2436 32 18 Sai
391 2436 51 18 ch’io
451 2438 21 18 sò
478 2439 65 22 troppu
551 2437 67 23 liravu,

350 2461 39 18 Elu
399 2462 33 22 più
441 2463 36 18 che
487 2464 55 23 Lengu
551 2463 81 20 instima

351 2483 15 22 È
374 2488 20 17 lu
402 2487 62 23 juslu,
474 2492 11 13 a
492 2488 74 21 liberia,

350 2512 78 19 L’onore
437 2517 11 14 e
455 2514 98 20 Fugualilà
562 2514 5 18 !

704 445 34 17 Chi
746 445 44 20 hole
799 448 64 18 tumbà
868 450 5 8 ’
881 454 34 13 ssu
923 452 60 17 cantu.

703 470 27 17 Ne
737 472 42 19 pesi
787 473 19 16 le
814 477 21 14 so
840 474 60 18 azioni
908 480 5 16 ;

704 494 133 22 Eppoi,ch’ellu
844 499 84 21 spartiin
933 501 50 18 lanlr

702 518 76 20 Itibolte
784 525 36 13 cun
827 522 117 24 piccagiioni,

703 543 119 23 Altrimenle,
829 551 11 12 a
848 548 116 21 stuprufittu

683 566 41 19 Unu
730 567 10 18 è
745 569 74 19 lecchiu
825 576 10 13 e
840 571 64 20 l’altru
909 574 74 20 afflïftu.

703 607 16 17 U
727 611 36 17 pue
766 609 37 20 la,a
811 609 19 18 lu
839 615 79 18 veranu,

704 631 57 20 Canta
770 638 55 15 cume
828 635 19 18 la
858 637 62 17 sirena
927 643 6 17 ;

702 657 38 18 S'io
748 659 74 19 rilornu
830 666 11 12 a
849 663 40 17 cala
900 667 57 14 manu

702 682 23 18 Li
733 682 85 24 feraghiu
827 686 48 22 majò
883 691 54 18 pena,

701 707 191 27 Ghijfabricheraghxu
896 717 26 13 un
926 718 57 18 pernu

701 733 36 18 Per
745 733 117 21 inchiudallu
870 742 11 13 a
887 737 96 23 Finfernu,

702 771 95 21 L’infernu
805 775 20 17 di
834 776 20 18 le
862 781 81 16 eanzone

701 797 67 19 Eancu
776 800 70 22 pegbiu
854 807 21 14 ca
884 802 20 18 lu
913 802 48 20 focu.

700 821 123 26 Scnz’aduprù
828 826 20 18 lu
854 826 34 19 bas
890 828 48 21 loue,

700 847 59 19 Senza
767 850 63 18 caleia
837 852 66 21 queilu
910 853 50 22 locu,

699 872 74 20 Ferisce
781 875 62 18 anima
851 880 11 14 e
870 881 45 14 core

679 895 196 26 Tult’appughiendusl
883 895 100 28 aunfîoré.

699 936 93 22 Caggione
800 939 18 17 di
826 944 9 13 s
837 940 19 18 tu
862 941 83 24 subissu,

699 961 26 18 Mi
732 966 24 14 ne
762 967 55 18 possu
824 965 43 19 tene
875 966 56 23 fieru,

698 986 22 18 Li
726 989 111 21 apreraghiu
845 995 26 13 uu
886 992 64 19 abissu

698 1011 92 21 Terrihile
798 1017 11 15 e
814 1014 52 20 hindi
870 1016 50 19 tteru
928 1023 5 17 ;

696 1036 57 19 D’avè
761 1039 69 18 tooebu
838 1040 18 18 la
863 1043 109 20 cuncordia,

698 1061 86 20 Griderà:
792 1064 127 21 misericordia
925 1067 5 18 !

698 1098 52 18 Ch’io
759 1100 71 19 meUia
838 1102 122 23 rivoluzione,

697 1123 72 22 Quessa
774 1126 76 22 pudaria
856 1128 103 22 anch’esse,

696 1148 30 18 Ma
736 1150 31 17 eiu
776 1151 29 17 'ne
813 1152 37 18 mio
858 1157 87 19 eanzone,

697 1174 58 22 Bugie
763 1180 27 13 un
798 1180 24 14 ne
827 1177 21 18 sô
855 1178 59 21 tusse;

696 1198 48 22 Ellu,
755 1200 28 18 sia
789 1200 21 18 in
817 1206 42 14 casa
868 1207 12 13 o
888 1203 46 23 fora,

696 1224 27 17 Ne
731 1226 67 22 cappia
806 1226 52 18 mille
866 1232 35 18 per
909 1232 39 15 ora.

696 1260 22 18 Di
727 1260 57 23 piglià
792 1261 18 18 la
818 1262 38 18 miò
864 1263 61 19 difesa

696 1285 21 18 Ti
723 1289 24 13 ne
758 1287 22 17 sô
791 1287 137 20 ricunuscenle.
978 1304 3 5 ,

695 1310 130 20 Ss’anîmaccia
832 1313 79 23 viiipesa

695 1336 68 18 Prestu
772 1337 72 19 s’avéra
848 1339 24 18 da
880 1341 62 20 pente.

679 1360 57 21 N'anzu
744 1363 35 19 che
787 1362 20 18 di
814 1363 64 19 fammi
886 1369 27 13 un
922 1365 55 26 tortuj

694 1387 134 22 Megli’erache
838 1389 53 20 fusse
899 1383 78 27 morlu,’

747 1415 85 19 L’Orsu
841 1416 114 21 d’Orezza.

696 1474 122 32 L’accampu
828 1477 20 23 di
860 1477 18 28 p
884 1478 73 25 Muvra

695 1524 58 20 Sentu
761 1526 32 19 chi
800 1528 19 17 la
832 1532 34 15 nos
868 1529 28 18 ira
904 1529 72 24 Muvra,

672 1549 67 19 L’altru
742 1552 7 22 i
751 1556 48 14 ornu
802 1553 55 21 ,hann
862 1556 114 22 aecampalu.

694 1576 27 20 Da
728 1578 117 20 pulîzzaeda
854 1580 110 26 giandarmi,

694 1598 47 25 Ogtii
749 1603 94 19 usciuera
850 1606 76 18 curatu.

693 1626 36 18 Eiu
734 1631 27 15 un
769 1629 61 18 riescu
839 1634 12 13 a
859 1630 41 23 capi

696 1651 153 21 Cioech’ell’hacu
858 1655 95 20 dubiialü.

694 1690 48 24 Soga
750 1698 128 15 raanuvremu-
883 1696 91 23 appiattu?

673 1715 46 19 Emu
729 1718 65 19 tombu
802 1725 11 13 a
824 1721 133 21 qualchid’unu
965 1721 9 19 %

693 1742 86 20 Ch’hanu
788 1744 19 19 le
815 1750 21 14 so
842 1746 42 19 idee
892 1751 12 14 a
912 1748 52 23 parle

692 1767 21 19 Si
720 1768 19 17 ni
748 1771 77 17 truvarà
832 1772 32 22 più
871 1772 59 19 d'unu
936 1773 6 18 !

692 1792 20 19 Si
721 1795 31 17 noi
759 1799 54 14 semu
823 1797 76 19 cnrsisli

691 1814 15 22 È
713 1819 47 19 fors!
768 1825 35 18 par
812 1822 29 18 roi
850 1827 26 14 un
884 1827 62 18 prima
953 1822 10 20 ?

691 1858 58 19 Tuttu
759 1860 120 22 quisluuaci
888 1863 85 19 ûisturba

690 1883 27 18 Nè
727 1888 68 15 mancti
804 1886 17 21 pi
829 1887 22 17 dà
860 1892 58 19 paura
924 1894 5 17 ;

690 1909 29 19 Un
727 1911 42 17 sarà
777 1912 64 21 quisiu
849 1913 71 19 l’affari

690 1934 33 19 Chi
732 1936 18 17 ci
758 1936 75 19 millarà
841 1942 59 18 paura

689 1960 64 18 Parchi
763 1966 53 17 semp
827 1963 113 20 discindenti

688 1988 20 18 Di
718 1987 17 18 la
743 1993 54 14 razza
804 1994 50 14 corsa
863 1996 54 15 pura.

688 2027 14 18 E
710 2027 19 18 la
736 2030 66 17 nostra
809 2029 112 21 Muvrareîla

686 2053 76 19 Parlarà
768 2055 70 23 seoeprl
846 2056 95 19 sfacciala.

687 2077 86 24 Cugliarà
780 2081 70 22 sempri
857 2081 15 18 li
881 2083 52 18 venti

686 2102 57 22 Senza
752 2106 59 18 tenûsi
817 2106 90 22 intanaia,

685 2129 100 19 Tirendusî
792 2131 33 18 dui
834 2132 45 18 sait!

685 2155 22 17 In
713 2155 74 19 oaor’di
794 2157 139 23 a’mpruvisala,

685 2195 79 19 Parnoi.
775 2197 60 21 quisü
842 2197 92 20 l’affronti

685 2221 49 19 Son»
743 2226 33 18 p.,.
783 2222 20 17 di
810 2223 75 21 snmeri,

684 2246 20 21 E,
711 2247 78 22 sempri,
795 2248 18 18 la
820 2250 64 17 nostra
890 2249 66 24 lingua

684 2271 109 19 Parîaremu
800 2273 97 19 vulinleri.

683 2297 40 18 Una
733 2302 44 14 cosa
784 2299 17 17 ci
810 2298 94 20 frastorna
910 2306 6 12 :

683 2323 25 17 bu
716 2322 69 20 l’ahusi
792 2324 19 18 di
819 2325 71 22 puleri.

683 2361 132 21 Ghiudichenii
822 2369 12 13 a
842 2365 64 23 qqesti
912 2364 43 20 fatti

682 2387 19 18 Si
710 2387 15 18 li
733 2389 40 17 cosl
782 2392 57 15 eranu
847 2395 12 13 a
868 2395 54 17 veru,

682 2412 14 18 E
704 2413 56 19 s’ellu
769 2414 49 18 c’era
824 2415 80 23 hisognu

682 2438 47 18 D’un
736 2443 91 15 succorsu
836 2441 42 18 cusi
886 2440 56 23 fieru,

681 2463 56 19 Postu
745 2465 39 17 chi.
792 2465 18 17 di
818 2466 96 20 risyllalu.

680 2489 54 18 ïïanu
745 2491 52 18 faltn
805 2496 25 12 un
838 2487 127 27 grossu’zeru,

729 2516 26 19 G.
765 2517 23 18 P.
799 2517 143 21 Codaccioni.

36 2612 20 23 U
66 2614 121 27 Direttore
208 2619 54 22 di-:u
283 2621 109 27 giurnale
411 2627 13 14 «
435 2621 36 22 Le

14 2643 78 27 Pascal
96 2649 86 24 Paoli»
188 2651 58 30 Sgiò
252 2653 139 23 Dumenicu
398 2654 74 23 Guel^

13 2677 62 32 îacci,
86 2689 13 15 «
107 2684 67 23 Sette
186 2686 129 23 Lunette»
327 2693 45 22 per
382 2688 42 22 noi
437 2689 34 21 al-

14 2711 24 22 W
56 2718 99 27 cursisii,
169 2719 13 22 è
200 2722 81 21 mortu
293 2722 25 22 in
340 2721 69 23 Corti
421 2728 14 15 u
456 2728 14 23 g

13 2743 109 34 foraghiu
137 2758 91 18 scorsu.

36 2780 19 22 ^
71 2783 166 30 tlisparuzione
255 2792 134 24 prematura
409 2789 25 22 di
451 2795 18 16 u

14 2817 69 21 nostra
99 2819 129 29 rimpiantu
242 2822 142 23 cunfratel!u
394 2823 74 22 lascia

13 2849 37 19 Una
59 2850 101 31 famiglia
171 2855 25 21 in
205 2856 23 22 la
236 2856 177 23 desulazione.e
421 2862 46 17 cun

15 2879 74 28 e^a>’in
99 2891 128 20 numarosu
238 2891 65 21 slolu
315 2889 70 23 d’ami
388 2890 32 21 ci.

34 2913 46 25 ■^ai
93 2919 111 25 different
206 2923 7 21 i
226 2924 68 28 punti
303 2924 25 21 di
337 2924 78 22 i’isula
427 2929 41 16 era

15 2949 99 26 Cunc°rsa
122 2960 131 19 numarosa
258 2957 67 28 jente
335 2964 43 22 per
385 2962 83 17 cresce

14 2983 11 16 u
41 2982 74 31 diggià
134 2989 141 28 impunente
296 2996 173 23 accumpagna-

34 3047 10 22 I
53 3054 95 24 curdoni
161 3058 23 21 dl
197 3064 13 15 a
225 3058 67 23 barra
304 3065 75 16 eranu
389 3058 78 23 tenuti

25 3085 10 16 a
45 3089 7 31 ]
62 3085 55 28 Sgiô
124 3096 7 13 :
141 3088 167 33 Corteggiani,
319 3093 126 28 Aggiuntu
454 3097 14 17 a

33 3119 89 25 smdacu
133 3129 7 20 ;
149 3122 102 26 Saveriu
261 3125 105 27 Luciani,
381 3131 86 17 secon-

13 3152 24 30 ,ü
205 3159 104 23 Duttore
321 3159 116 23 Orsatelü
453 3165 14 16 e

32 3186 186 28 âozi,Secretariu
228 3194 24 21 di
262 3200 15 14 u
286 3194 129 22 Sindacatu
423 3192 45 24 d’i-

12 3216 97 27 Saliva
121 3225 23 21 di
157 3224 81 26 Corti..

32 3247 103 31 ^iscorsi
147 3258 28 22 sò
186 3262 57 20 stati
251 3261 152 27 prununciati
416 3260 32 22 da
457 3260 9 21 i

24 3283 48 24 *à:
83 3286 120 31 D6paUta
216 3294 89 23 p|efn--
318 3294 105 22 Duttore
435 3295 31 20 de

11 3315 68 45 ;0l)ili
89 3327 7 19 i
107 3323 58 26 Jean
177 3327 88 27 Makis,
281 3328 115 22 direttore
409 3327 27 22 di
449 3333 17 16 u

11 3352 92 45 ^drnale
109 3364 13 14 «
129 3358 30 22 ga
167 3360 120 24 Nouvelle
300 3360 76 24 Corse
384 3367 15 15 »
408 3360 55 22 d’A-

10 3383 71 28 J^cciu,
94 3388 24 23 in
132 3397 72 18 nome
213 3395 24 22 di
246 3401 14 15 a
268 3398 94 25 stampa
370 3394 24 22 di
405 3393 60 22 Cor-

20 3417 38 30 .icA
69 3420 23 22 di
103 3430 13 15 a
128 3427 68 25 quale
215 3434 14 16 u
244 3429 99 22 defuntu
357 3433 40 17 era
407 3427 57 22 l’an-

10 3446 64 26 2lanu.

31 3479 24 20 C’

51 3490 144 26 sass'aciemu
212 3496 28 21 ai
252 3496 123 22 nuraei'osi
388 3493 75 23 amici

10 3541 18 22 tu
42 3521 12 15 U
154 3529 93 26 sparitu
261 3528 139 23 cunfratellu
410 3529 52 19 lan-

11 3551 129 48 c^lStimatu,
151 3565 45 22 per
210 3561 112 23 indirizzà
333 3560 129 27 a’famiglia

40 3584 43 23 Pita
94 3594 12 15 e
114 3595 83 20 nostre
204 3595 43 27 più
255 3596 139 22 addulurate
404 3598 57 17 cun-

11 3607 114 37 âuglianze.

662 2581 143 39 Hernie

519 2673 18 14 s.*
548 2674 47 14 vous
604 2671 83 19 souffrez
693 2673 24 17 de
726 2675 53 17 voire
788 2674 64 19 hernie
860 2680 25 13 ou
894 2676 24 19 de
934 2680 30 14 vo-

496 2695 29 18 tre
533 2695 89 24 bandage,
629 2697 17 18 si
651 2701 48 15 vous
709 2703 45 14 avez
766 2700 66 23 essayé
839 2704 45 15 sans
900 2700 65 20 succès

497 2720 42 18 tous
546 2720 30 19 les
584 2721 98 23 systèmes,
689 2723 51 19 suivi
748 2717 67 26 toutes'
826 2725 28 19 les
869 2726 97 19 méthodes

495 2748 44 15 sans
550 2746 98 23 résultats,
656 2748 78 23 adoptez
738 2750 20 18 le
769 2750 91 19 contentif
874 2751 91 22 élastique

538 2782 25 18 do
571 2782 102 21 Docteur
679 2785 23 19 L.
710 2784 97 20 Barrère
813 2786 28 18 de
848 2786 66 20 Paris

494 2820 81 22 appareil
588 2820 149 20 exclusivement
757 2822 75 19 sérieux
850 2824 20 18 et
886 2824 77 19 médical

493 2848 46 15 avec
543 2844 63 23 lequel
612 2850 48 14 vous
669 2851 24 14 ne
703 2851 73 18 pouvez
783 2848 53 18 avoir
844 2853 75 15 aucune
931 2850 32 17 dé-

494 2873 102 16 convenue.
602 2870 57 22 Quels
669 2876 36 18 que
719 2873 62 18 soient
787 2875 55 17 voire
858 2874 41 23 âge,
908 2876 55 17 votre

494 2898 50 15 sexe,
552 2895 125 20 i'ancienneté
681 2901 24 15 ou
713 2897 18 18 ia
736 2898 53 18 force
796 2899 24 18 de
827 2900 55 18 voire
889 2900 71 21 hernie,

493 2924 48 15 vous
556 2920 133 20 redeviendrez
701 2922 158 20 instantanément
879 2929 11 13 a
907 2926 54 17 votre

494 2945 39 19 état
540 2946 72 18 normal
619 2948 21 16 et
645 2951 80 18 pourrez
735 2952 51 14 vous
793 2949 58 18 livrer
862 2954 45 14 sans
915 2949 47 24 gêne

494 2971 21 18 ni
526 2972 70 22 danger
603 2976 38 14 aux
649 2973 79 18 travaux
735 2974 30 18 les
773 2974 44 21 plus
831 2975 45 18 durs
888 2977 20 16 et
923 2980 38 13 aux

494 2997 60 22 sports
561 2997 29 18 les
593 2997 43 22 pins
644 2997 96 25 fatigants.

517 3023 90 20 Ceintures
614 3025 85 23 spéciales
711 3026 78 19 Burrère
795 3032 48 18 pour
853 3028 63 19 toutes
930 3029 30 18 les

493 3049 98 20 affections
605 3050 126 20 abdominales
747 3053 46 17 chez
805 3053 89 18 l’homme
902 3056 20 17 et
942 3055 19 17 la

493 3075 75 19 femme.

514 3104 57 18 Boire
574 3104 58 18 collah
633 3109 32 13 ora
666 3105 42 18 leur
711 3105 77 22 spéciali
789 3108 16 17 si
807 3111 11 14 e
820 3106 22 19 M
844 3106 86 20 .Fratac
931 3107 28 22 ci,

493 3129 110 22 baudsgisle
610 3129 10 18 à
624 3129 82 22 Ajaccio,
722 3130 113 23 dépositaire
851 3132 82 19 exclusif
937 3133 23 18 de

492 3156 53 17 notre
553 3159 76 18 marque
634 3159 49 18 pour
688 3156 21 18 la
716 3154 63 22 Corse,
789 3161 41 14 sera
837 3162 10 13 a
855 3158 55 19 votre
922 3158 39 18 dis-

492 3179 81 23 position
577 3184 47 18 pour
632 3184 50 14 vous
689 3180 72 19 donner
769 3182 136 21 gratuitement
918 3185 43 16 ions

492 3206 29 18 les
530 3205 161 22 renseignements
699 3205 59 19 utiles
766 3209 34 15 sur
809 3208 54 18 votre
872 3212 37 18 cas,

514 3237 67 19 Corté
587 3247 24 4 —
617 3239 54 17 Iîôtel
675 3239 56 18 Paoli.
738 3240 20 18 le
771 3241 90 18 mercredi
868 3241 22 18 14
902 3242 56 22 Mars,

493 3265 50 18 toute
550 3263 20 18 la
576 3263 84 23 journée.

511 3294 192 20 Ponie-Leccpa.—
707 3295 54 19 Hôtel
769 3295 25 18 dé
800 3293 24 21 jà
834 3301 52 18 gare,
894 3297 20 18 le
919 3297 42 22 jeu-

491 3321 19 17 di
519 3321 28 17 iv.

513 3351 77 18 Bastia
597 3358 23 5 —
627 3350 54 18 Hôtel
689 3350 25 18 de
721 3350 77 22 France,
803 3352 19 17 le
831 3352 89 18 vendredi
928 3351 28 22 16,

490 3377 17 18 le
516 3376 70 18 samedi
594 3374 21 19 i'7
622 3376 54 18 tonte
682 3377 19 17 la
708 3375 86 22 journée,
798 3378 19 16 et
833 3377 18 18 le
859 3377 99 18 dimanche

490 3401 28 22 18,
522 3401 76 23 jusqu’à
607 3400 18 17 11
636 3400 76 19 heures.

510 3430 132 20 Ile-Rousse
647 3440 23 4 —
676 3431 53 18 Hôtel
736 3433 26 16 du
772 3430 88 24 Château,
877 3433 19 17 le
903 3432 53 19 lundi

490 3457 28 22 19,
527 3457 51 18 toute
585 3456 20 17 la
612 3455 85 22 journée.

509 3487 79 19 Lumio
594 3494 24 5 —
626 3485 50 19 Chez
699 3486 98 20 Monsieur
817 3488 105 23 Lanzalavi,
936 3488 20 17 le

489 3511 58 20 mardi
555 3511 56 21 20,de
616 3511 48 18 midi
672 3512 11 17 à
687 3511 24 18 18
718 3512 77 18 heures.

509 3541 127 20 Calenzana
643 3551 23 3 —
674 3542 53 18 Hôtel
735 3542 82 23 Spinosi,
834 3543 18 18 le
864 3543 91 19 mercredi

487 3568 30 18 *21.

509 3597 65 19 Caîvi
582 3607 23 3 —
612 3596 64 19 Grand
682 3597 60 23 Hôtel,
755 3599 19 17 le
778 3598 53 22 jeudi
839 3597 30 19 22.

508 3645 51 20 N.B.
573 3644 37 18 Sur
625 3644 98 21 demande,
739 3645 57 18 notre
810 3644 107 22 spécialiste
932 3650 22 13 se

486 3672 67 18 rendra
561 3671 11 17 à
577 3669 96 18 domicile.
681 3669 107 19 Discrétion
795 3669 83 18 absolue.

1114 124 73 38 Film
1207 125 39 37 du
1269 129 113 43 maquis

1041 204 30 22 La
1082 207 87 26 troupe
1184 212 70 17 corse
1265 207 31 22 du
1313 208 164 24 Bourbon-Pa-

1012 237 60 26 lace,
1079 240 93 26 tr-oupe
1179 239 126 23 théâtrale
1317 243 44 21 des
1364 244 61 26 plus
1431 244 46 21 mé-

1013 270 107 26 diocres,
1143 279 59 15 sera
1222 273 98 22 bientôt
1343 276 63 22 dans
1434 283 43 15 noi

1012 309 81 20 murs,
1101 306 26 20 si
1134 312 11 13 e
1148 306 33 21 Lie
1192 306 38 27 n’y
1241 308 36 20 est
1285 306 66 27 déjà.

1041 336 33 21 La
1084 338 66 21 série
1157 340 30 20 de
1199 339 215 28 représentations
1420 342 57 22 don-

1012 369 57 21 nées
1081 373 49 24 par
1141 374 64 19 cetie
1227 374 125 22 «tournée
1359 380 14 16 »
1389 381 48 16 sur
1453 375 24 22 la

1012 401 72 21 scène
1093 403 35 21 du
1136 403 105 23 Théâtre
1252 405 225 25 Politio>Insu!ajre

1012 433 96 23 durera
1119 437 263 24 vraisemblablement
1390 441 87 27 jusqii

1013 471 33 16 au
1054 473 30 15 22
1092 469 77 21 avril.
1181 469 71 23 Mais
1268 469 16 22 à
1296 470 136 25 l'encontre
1450 475 27 20 de

1013 501 27 18 cé
1052 502 46 24 qui
1108 506 26 16 se
1145 504 75 23 passe
1233 504 65 21 dans
1310 503 37 24 les
1353 506 124 22 établisse-

1011 534 81 19 ments
1105 533 29 22 de
1146 536 126 26 spectacle
1283 536 36 22 du
1329 540 91 21 monde
1438 546 39 15 en-

1013 565 57 24 tier,
1092 565 22 22 le
1124 567 168 28 prog?~amme
1311 571 35 22 ici
1361 577 31 15 ne
1409 574 68 19 varie

1006 598 108 24 jamais:
1122 604 13 15 c
1144 601 37 20 est
1185 601 26 20 to
1214 602 126 25 ujoursla
1347 604 75 22 même
1424 605 53 27 piè-

1012 635 27 15 ce
1049 632 48 25 qui
1104 633 39 20 est
1150 633 85 27 jotiée,
1238 640 33 17 ou
1274 635 128 29 plutôt,on
1414 643 63 16 nous

1012 662 27 21 la
1053 669 65 21 joue
1139 666 130 26 toujours.
1291 669 41 22 Au
1350 672 127 20 contraire

1011 696 139 28 également
1172 699 30 21 de
1221 707 27 15 ce
1266 703 46 26 qui
1326 708 27 16 se
1372 704 105 27 produit

1012 729 64 22 dans
1088 737 39 15 ces
1138 731 91 24 mêmes
1240 733 204 29 établissements,
1456 736 21 22 le

1010 763 90 27 public
1110 765 102 29 nesijfle
1221 767 131 28 iamais,ce
1360 771 45 24 qui
1415 769 62 22 don-

1011 802 31 15 ne
1051 796 15 21 à
1075 798 85 22 croire
1170 804 53 17 aux
1240 802 103 21 artistes
1358 807 45 22 que
1420 802 57 23 leur

1006 831 47 26 jeu
1062 829 70 28 plaît
1138 838 101 16 encore.

1041 862 40 22 On
1092 870 31 16 ne
1130 865 109 23 connaît
1249 872 48 23 que
1308 869 60 26 trop
1380 868 23 22 le
1425 869 52 22 thè-

1010 902 38 15 me
1061 897 30 20 de
1110 899 63 21 cette
1191 899 72 27 pièce
1271 906 9 15 :
1302 900 55 23 Line
1377 902 100 28 diqaine

1180 937 47 23 que
1240 933 55 22 leur
1305 933 87 29 défaut
1404 934 73 23 d’ini-

1010 964 90 21 tiative
1113 969 15 15 a
1140 965 153 24 condamnés
1299 966 20 24 .à
1329 966 30 25 de
1369 968 108 27 maigres

1008 996 140 23 situations
1158 998 128 24 d'avocats
1294 1006 33 16 ou
1339 1000 29 21 de
1376 1001 101 28 profes-

1008 1034 81 21 seurs,
1097 1036 27 16 se
1135 1031 134 28 disputent
1276 1039 59 15 avec
1343 1038 34 16 un
1389 1033 88 22 achar-

1010 1065 100 21 nement
1121 1064 26 21 in
1151 1065 46 21 oui
1208 1065 119 29 quelques
1348 1066 129 22 sinécures

1010 1095 29 21 de
1049 1102 85 21 40.000
1144 1097 98 28 francs
1259 1101 53 25 par
1320 1104 41 20 an,
1378 1100 99 26 offertes

1006 1130 51 26 par
1067 1136 49 18 une
1127 1132 145 28 entreprise
1284 1134 53 28 gui,
1351 1131 20 22 il
1381 1133 60 26 faut
1453 1133 22 22 le

1008 1164 135 26 supposer,
1165 1170 15 16 a
1202 1165 29 21 de
1248 1164 108 29 l'argent
1376 1165 15 22 à
1409 1166 66 26 jeter

1006 1198 53 25 par
1073 1196 37 22 les
1129 1196 123 27 fenêtres,
1277 1200 106 20 surtout
1391 1201 24 20 si
1442 1205 33 16 on

1006 1233 77 23 songe
1099 1235 33 16 au
1144 1231 62 27 prix
1217 1231 36 21 du
1266 1230 91 23 beurre
1376 1234 24 19 et
1421 1239 53 15 aux

1004 1264 112 24 pauvres
1129 1263 128 27 capacités
1277 1264 43 22 des
1331 1271 9 15 c
1346 1264 126 23 andidats.

1005 1294 42 21 Du
1057 1295 114 27 premier
1190 1302 33 16 au
1237 1297 103 22 dernier
1357 1300 59 23 acte,
1433 1305 41 15 ces

1002 1327 133 29 gaillards
1154 1332 59 19 sont
1221 1329 117 29 capables
1350 1331 28 21 de
1392 1333 82 20 toutes

1006 1361 36 22 les
1061 1362 113 27 vilenies,
1188 1364 30 21 de
1236 1365 81 22 taiiîes
1333 1363 35 25 les
1380 1365 94 23 basses-

1004 1400 38 17 ses
1053 1398 70 25 pour
1134 1397 105 22 arriver
1250 1396 14 22 à
1279 1396 55 24 leiir
1354 1398 49 27 fin.
1412 1398 61 23 D'u-

1004 1435 31 15 ne
1045 1429 146 28 hvpocrisie
1201 1436 68 20 rare,
1283 1436 32 16 011
1327 1430 37 22 les
1374 1432 54 22 voit
1445 1438 28 15 se

1002 1462 70 27 faire
1083 1464 87 22 risette
1176 1465 63 27 puis
1249 1469 27 17 se
1288 1464 66 22 tirer
1367 1466 105 21 soudai-

1004 1498 99 21 nement
1115 1497 64 22 dans
1191 1497 22 21 le
1226 1497 53 22 dos.
1294 1497 67 23 Tous
1373 1498 34 22 les
1427 1501 45 26 ap-

999 1531 71 27 puis,
1085 1534 59 19 tous
1156 1531 37 21 les
1204 1536 125 17 concours
1338 1531 57 23 leur
1411 1534 61 20 sont

1003 1564 63 21 bons
1077 1566 24 21 et
1114 1564 36 22 les
1159 1565 157 28 pots-de-vin
1335 1568 59 20 sont
1411 1571 61 19 SQU^

1002 1599 58 22 vent
1070 1598 38 23 ici
1118 1598 44 24 des
1170 1599 134 27 quartiers
1313 1600 37 21 de.
1355 1598 59 23 lard
1426 1606 42 21 ou,

999 1629 62 30 plus
1081 1632 241 29 économiquement,
1336 1632 41 23 des
1405 1639 65 17 mor-

1001 1671 80 16 ceaux
1093 1664 168 30 d’éloquence.

1031 1698 136 29 Quoiqu'il
1174 1706 32 16 en
1216 1701 61 25 soit,
1289 1706 67 17 nous
1369 1702 99 22 assiste-

1000 1738 61 17 rons
1077 1739 91 17 encore
1180 1740 51 16 une
1236 1734 58 32 fois
1311 1741 51 19 a^x
1379 1735 90 23 mêmes

998 1767 86 25 S-cènes
1092 1767 66 23 dans
1165 1767 38 23 les
1210 1767 91 25 mêmes
1309 1769 88 23 décors
1402 1776 12 21 ;
1422 1774 47 18 au-

1000 1802 107 21 trement
1119 1801 46 27 dit,
1183 1807 65 17 nous
1256 1808 107 19 verrons
1374 1810 25 16 ce
1421 1810 48 23 que

997 1840 66 16 nous
1080 1840 145 19 reverrons,
1242 1835 46 24 Les
1309 1836 84 23 scènes
1413 1839 55 24 sui-

999 1870 88 21 vantes
1091 1871 59 21 sont
1161 1869 15 22 à
1186 1868 27 24 la
1224 1870 121 25 mémoire
1354 1872 30 20 de
1394 1874 58 19 tous
1459 1879 8 17 ;

997 1902 65 30 «Ça
1081 1903 163 27 ristourne»,
1270 1910 88 18 «1.00Q
1374 1905 92 28 francs

996 1937 69 27 pour
1072 1942 50 16 une
1130 1939 61 20 voix
1198 1945 20 18 »,
1229 1944 13 14 «
1250 1938 36 21 La
1293 1939 105 24 tournée
1407 1939 59 24 d’A-

998 1969 92 28 dolphe
1096 1976 37 19 »,«
1141 1971 72 21 Mort
1225 1977 53 18 aux
1378 1973 88 28 Quant

996 2007 51 20 aux
1059 2003 90 22 décors
1162 2003 35 24 ils
1204 2011 33 16 ne
1248 2005 125 29 changent
1379 2007 84 28 guère.

996 2035 61 23 L'un
1072 2037 144 27 représente
1237 2037 23 26 le
1281 2039 186 26 Palais-Lantp

996 2075 27 21 oy
1037 2069 33 22 où
1082 2069 105 26 l’action
1198 2077 26 16 se
1237 2072 104 25 déroule
1357 2076 108 26 presque

996 2106 188 23 çonstammenf-

1021 2137 75 23 Pour
1107 2137 27 22 la
1145 2138 73 25 scène
1229 2147 9 13 «
1247 2140 35 24 La
1291 2142 105 23 tournée
1405 2142 60 24 d’A-

996 2170 91 29 dolphe
1095 2179 21 19 »,
1124 2173 23 21 il
1158 2175 37 22 est
1199 2174 86 30 figuré
1294 2178 52 26 par
1353 2182 48 17 une
1419 2178 46 21 bu-

996 2206 59 23 vette
1068 2205 33 25 où
1109 2211 50 19 une
1165 2207 151 24 nombreuse
1319 2208 145 30 figuration

996 2238 64 23 oient
1075 2246 27 16 se
1117 2241 92 27 piquer
1221 2241 23 21 le
1255 2248 45 22 neq
1314 2245 91 26 gratis,

1022 2272 167 24 Commebien
1194 2274 52 23 Von
1248 2277 118 26 pensé,ce
1368 2280 95 27 specta-

996 2306 32 22 cle
1036 2313 31 15 ne
1078 2309 94 23 suscite
1182 2308 64 28 plus
1262 2315 83 19 aucun
1357 2311 105 24 enthou-

996 2340 87 25 siasme
1093 2343 32 24 et,
1138 2342 77 26 seule,
1236 2342 120 29 l'apathie
1367 2346 34 22 du
1414 2349 49 25 pu-

996 2373 47 23 blic
1057 2377 117 21 autorise
1184 2375 36 23 les
1232 2377 143 25 comédiens
1388 2380 15 21 à
1423 2386 40 17 re-

996 2407 112 24 paraître
1120 2414 62 18 soies
1197 2416 46 17 nos
1253 2417 72 19 yeux,

1022 2442 41 22 On
1071 2444 64 30 peut
1140 2444 58 23 dire
1205 2450 48 23 que
1259 2444 35 27 Là,
1303 2447 159 27 vraiment,le

996 2476 92 22 cochon
1098 2477 29 20 de
1136 2479 98 26 payant
1242 2478 56 22 n’en
1310 2486 14 15 a
1334 2481 49 28 pas
1391 2485 71 25 pour

996 2514 43 17 <1011
1050 2512 108 27 argent/

1012 2543 113 32 Jusqu’à
1136 2551 27 17 ce
1170 2544 104 24 tableau
1289 2552 28 16 se
1333 2548 101 22 situant
1445 2548 16 22 à

996 2577 82 23 Vissue
1090 2577 30 23 de
1132 2578 27 22 la
1179 2579 206 28 représentation
1391 2580 71 30 fina-

996 2610 26 26 le,
1035 2612 47 27 qui
1092 2613 38 20 est
1140 2613 170 26 archi-fonnu
1320 2613 30 23 de
1357 2616 66 25 tous,
1433 2615 30 22 la

996 2643 67 23 foule
1072 2645 84 28 prend
1172 2644 75 28 place
1265 2646 91 23 devant
1367 2647 95 23 l'Hôtel

996 2678 26 21 de
1037 2677 99 23 France
1143 2685 11 21 ;
1164 2684 50 16 une
1226 2678 102 29 fenêtre
1348 2681 33 22 du
1399 2683 62 25 pre-

996 2712 59 20 mier
1065 2712 70 27 étage
1146 2712 117 24 s’ouvre:
1273 2720 36 16 un
1320 2715 90 22 artiste
1415 2717 46 25 pa-

996 2744 47 22 raît
1055 2745 47 28 qui
1120 2747 122 21 remercie
1260 2753 33 16 au
1312 2752 57 17 nom
1385 2747 30 22 de
1434 2748 27 22 la

996 2779 94 27 Toupe.

1019 2811 123 23 Certains
1147 2815 134 25 pourront
1291 2821 27 15 se
1334 2815 70 22 créer
1423 2821 37 16 un

996 2848 158 25 basse-temps
1182 2846 120 28 agréable
1324 2854 31 15 en
1376 2848 84 23 obser-

996 2881 53 20 vant
1063 2880 24 21 si
1096 2878 60 23 c’est
1164 2880 122 26 toujours
1298 2882 27 21 la
1333 2881 77 22 même
1417 2884 42 27 Je-

996 2912 60 22 lêtre
1074 2913 47 28 qui
1129 2918 14 16 s
1153 2918 87 17 ouvre.
1256 2914 89 28 Quant
1356 2915 14 21 à
1383 2920 75 22 nous,

996 2950 55 17 ions
1063 2946 140 22 essaierons
1212 2949 63 20 cette
1283 2948 78 22 année
1371 2949 27 21 de
1402 2949 56 26 foA-

996 2985 17 16 ■e
1023 2979 83 28 siffler
1127 2981 220 27 vigoureusement
1354 2988 33 15 au
1395 2987 64 21 par-

996 3019 64 20 erre,
1080 3018 46 15 car
1144 3012 37 22 les
1203 3012 156 25 exhibitions
1376 3016 28 20 de
1417 3022 41 15 ces

996 3045 107 23 ■abotins
1119 3051 65 17 nous
1196 3047 163 29 horripilent.

1276 3082 151 23 Somanetti.
1464 3080 5 26 \

1009 3161 29 20 ln
1048 3161 174 24 preparazione

1105 3196 165 25 ALiitologla
1282 3199 32 20 di
1326 3198 14 20 i

1079 3226 89 21 jPìieti
1177 3227 31 20 di
1212 3228 32 23 .A,
1251 3229 111 23 Muvra,

1035 3264 101 23 Aîacciu,
1142 3264 128 24 Sumpari?.
1275 3266 22 19 dî
1303 3267 19 21 £
1328 3266 80 21 Muvra

1011 3354 147 23 L’abandon
1174 3354 33 22 de
1217 3354 25 22 la
1258 3355 74 24 Corse
1342 3363 47 19 par
1400 3357 53 22 l’E-

982 3390 39 19 tat
1037 3388 112 26 français
1157 3394 33 15 ne
1205 3387 47 22 fait
1266 3394 82 17 ancun
1363 3391 86 22 doute.

983 3421 48 22 Les
1036 3421 134 22 insulaires
1178 3423 24 19 et
1208 3427 65 15 ceux
1279 3426 14 16 a
1296 3422 26 21 ni
1329 3423 124 23 s’intéres-

983 3456 56 19 sent
1048 3460 54 15 ans
1109 3454 90 21 choses
1210 3454 31 21 de
1252 3454 26 20 la
1287 3455 82 27 Corse,
1384 3459 66 24 tons,

982 3489 58 19 sont
1048 3486 119 23 d’accord
1177 3492 65 20 pour
1253 3488 101 21 estimer
1364 3496 47 20 que
1424 3491 27 21 la

981 3518 123 24 situation
1117 3520 31 21 de
1157 3519 27 22 la
1193 3520 83 25 Corse,
1283 3519 36 23 du
1331 3523 72 23 point
1419 3524 33 21 de

979 3557 50 16 vue
1034 3552 163 26 économique
1201 3555 25 18 et
1231 3552 157 27 agricole,est
1390 3555 61 23 bien

980 3585 153 22 au-dessous
1139 3586 31 20 de
1179 3592 48 15 nos
1233 3585 111 22 colonies
1348 3588 36 22 les
1391 3590 59 23 plus

980 3616 179 23 défavorisées.

1293 3647 40 19 Ch.
1340 3648 86 21 Fraval.

1000 3671 27 18 Le
1034 3671 72 24 Rappel

1544 129 60 37 Una
1623 132 154 37 manateüa
1798 133 30 37 di
1849 133 98 37 ieftere

1529 205 22 18 C.
1560 205 62 19 7-2-28

1742 234 63 19 Atnici
1813 234 49 22 Cari,

1529 255 53 24 Vegu
1591 257 56 22 ogbie
1656 258 105 19 sulamente
1774 260 60 18 nantu
1850 260 17 18 A
1882 260 67 18 Muvra
1966 264 14 13 u

1508 284 58 18 grave
1573 281 88 19 disturbu
1680 283 32 17 chi
1730 284 31 17 bo’
1778 285 56 17 avete
1850 285 87 17 ricevulu
1948 290 11 13 u
1967 284 12 17 3

1506 306 95 18 carrente.

1528 330 63 18 Pensu
1599 331 162 20 ch’eH’unn’averà
1769 334 25 17 nè
1800 333 46 19 coda
1853 334 24 18 nè
1885 339 54 17 capu.

1527 354 42 19 Site
1576 360 11 13 a
1594 356 79 19 l’onore.
1683 357 61 19 Ouore
1756 363 12 12 a
1776 359 32 17 boi
1815 357 6 18 J

1528 379 51 19 Corsi
1587 384 75 19 sempre
1668 381 6 17 !

1629 405 62 19 Saluti
1704 406 84 19 Curdiali

1892 429 62 19 M.A.

1528 463 96 25 Sdegnatu
1629 467 21 17 di
1655 470 15 14 u
1685 471 123 19 vergugnosu
1824 472 90 18 accampu
1929 469 22 17 di
1966 472 12 13 a

1507 488 46 19 Casa
1560 490 93 22 Muvrina,
1662 492 21 17 vi
1691 492 82 19 rirmovu
1782 493 56 18 lult’a
1854 494 38 18 miò
1908 493 70 23 simpa-

1507 513 27 17 tia
1542 515 36 17 evi
1586 517 91 19 presentu
1685 516 8 17 i
1700 517 38 18 mio
1747 517 78 18 cordiali
1834 518 66 18 saluti.

1894 542 23 18 S.
1927 542 24 18 C.

1529 576 102 23 Carbuccia,
1642 577 72 19 10-2-28

1740 607 48 18 Caru
1796 608 67 21 Rocca,
1934 605 18 25 fi

1527 631 49 19 Eccu
1583 632 23 18 50
1614 633 73 18 vinlini
1694 638 54 14 cume
1762 636 81 22 rlsposta
1851 641 12 13 a
1870 641 13 12 u
1892 636 50 18 scalà
1957 636 20 18 di

1504 656 8 17 i
1524 658 94 20 puliziolti
1629 658 116 23 poincarisli.

1527 682 92 23 S’aspetta
1625 684 73 22 peghiu
1706 685 85 21 (dunque
1799 686 87 23 megliu).

1526 706 24 19 Vi
1558 708 64 18 salutu
1631 709 46 17 tutti
1685 709 20 17 di
1713 714 49 14 core.

1684 733 129 20 Francescu
1821 735 131 19 Carbuccia.

1726 773 47 18 Bien
1782 775 45 17 cher
1834 774 44 22 ami,

1526 798 26 19 Le
1559 800 54 22 geste
1619 800 69 18 odieux
1697 800 19 18 et
1726 801 175 23 charentonnesque
1917 802 25 17 de
1956 803 20 17 la

1503 823 61 21 police
1571 828 31 14 me
1609 825 37 17 fait
1653 829 68 17 penser
1727 826 12 17 à
1746 830 49 14 vous
1803 827 86 18 adresser
1896 827 18 18 le
1923 832 52 14 mon-

1504 848 42 17 tant
1552 849 24 18 de
1585 853 43 14 mon
1637 849 133 19 abonnement.

1525 872 98 20 Comment
1630 874 20 18 le
1657 874 76 19 fameux
1742 881 9 10 a
1756 875 112 19 Marseillais
1874 882 17 16 »,
1899 876 75 22 journal

1504 899 89 20 pourtant
1614 900 11 16 à
1650 899 117 22 prétentions
1784 900 105 23 réfléchies,
1905 902 68 22 peut-il

1503 923 83 19 déclarer
1591 925 17 16 A
1615 924 67 17 Muvra
1699 931 10 9 «
1714 925 75 23 journal
1805 927 105 18 nettement
1924 927 50 19 anti-

1504 947 80 24 français
1590 954 9 11 »
1605 948 10 20 ?

1525 973 151 21 L’anti-français
1684 975 31 17 est
1721 975 20 18 le
1747 975 91 19 ramassis
1846 976 24 18 de
1877 981 35 13 nos
1928 981 46 17 gou-

1502 999 96 21 vernants,
1617 999 34 22 qui
1668 998 79 19 finiront
1760 1000 45 19 bien
1822 1005 34 18 par
1871 1001 102 23 dépeupler

1503 1023 19 17 la
1529 1022 58 19 Corse
1597 1028 25 13 en
1629 1023 96 23 obligeant
1731 1025 20 17 le
1758 1027 74 16 restant
1844 1026 35 17 des
1894 1026 79 19 insulai-

1502 1051 31 14 res
1541 1049 11 17 à
1560 1048 40 18 s’en
1607 1049 48 17 aller
1662 1048 99 19 ailleurs...

1523 1072 59 18 Votre
1590 1073 79 19 dévoué.

1815 1096 101 19 Docteur
1925 1097 21 19 S.

1523 1133 98 19 Bordeaux
1629 1134 73 18 10-2-28

1723 1161 50 19 Caru
1781 1163 83 22 îralellu,

1522 1187 25 20 Sô
1554 1189 73 21 stupitu
1636 1190 24 17 da
1668 1190 95 18 l’arliculu
1771 1191 31 18 chi
1811 1191 26 17 mi
1845 1196 56 17 passa
1914 1193 57 18 sott’a

1501 1213 72 23 t’occhj.

1520 1237 80 23 Dunque
1609 1244 26 12 un
1644 1239 38 18 site
1690 1239 31 21 più
1728 1240 82 21 padrone
1818 1240 19 18 in
1843 1245 43 14 casa
1894 1241 75 20 rosira?

1522 1262 61 23 Speru
1597 1264 32 17 chi
1647 1265 29 16 sla
1702 1264 68 19 surtita
1787 1266 79 17 renderà
1878 1271 12 13 a
1905 1269 64 16 noslra

1499 1286 67 20 Muvra
1574 1287 33 22 più
1615 1288 49 18 fiera
1672 1289 35 17 che
1714 1289 45 18 mai.

1521 1311 29 19 Oh
1556 1312 5 18 !
1571 1313 104 23 quaut’ellu
1684 1313 25 17 mi
1715 1314 84 21 dispiaee
1813 1314 99 20 d’unn’avè
1926 1321 44 18 pas-

1499 1339 44 18 salu
1550 1343 25 13 eu
1585 1338 39 22 voi,
1634 1339 42 18 solu
1685 1344 11 12 a
1705 1339 91 20 solu,una
1810 1344 61 14 mezza
1886 1341 81 22 jurnata.

1520 1363 25 18 Vi
1552 1363 75 23 stringu
1636 1363 166 19 affetluosamenle
1810 1369 12 12 a
1829 1370 64 14 manu.

1519 1388 30 19 Un
1555 1388 68 19 vidicu
1631 1389 61 17 micca
1698 1393 5 13 :
1710 1389 92 23 Corragiu
1809 1388 6 18 !
1827 1391 32 17 chi
1872 1391 22 18 sô
1910 1391 57 19 ch’un

1499 1413 17 18 ci
1521 1413 12 18 è
1540 1414 88 21 hisognu.
1634 1413 15 18 E
1657 1415 64 20 yostre
1730 1414 57 19 ferîte
1795 1419 27 14 un
1828 1415 22 18 sò
1857 1416 110 23 buggierde.

1507 1445 4 4 -
1520 1438 28 18 Un
1556 1439 55 17 basta
1618 1438 19 17 di
1647 1438 94 23 strignevi
1746 1443 12 13 a
1769 1444 63 14 manu,
1850 1441 117 20 v’abbracciu

1497 1464 20 17 di
1524 1468 44 14 core
1576 1467 11 14 e
1594 1467 57 19 speru
1660 1464 21 17 in
1693 1464 85 19 l’avanli.

1518 1488 80 23 Sempre
1607 1489 73 17 vosiru.

1796 1512 20 20 U
1824 1512 117 20 Stitutore.

1632 1550 50 19 Caru
1690 1551 94 20 Direttore
1789 1557 12 13 e
1808 1553 68 22 amicu,

1517 1578 17 18 U
1542 1578 12 19 3
1561 1578 105 23 ferraghiu,
1672 1579 21 18 vi
1707 1580 38 18 site
1752 1580 77 23 dunque
1837 1581 48 18 visti
1897 1586 70 15 accam-

1496 1604 38 22 pali
1542 1604 72 18 mentre
1622 1605 128 22 v’accapavate
1758 1606 20 18 di
1785 1607 18 16 A
1810 1605 72 24 Muvra,
1896 1607 72 19 sicnra-

1496 1631 69 20 meate,
1574 1633 55 15 senza
1637 1633 59 19 pensa
1707 1630 64 19 ch’elli
1777 1631 16 18 li
1805 1631 85 19 avissinu
1897 1632 51 20 fallu
1955 1637 10 14 e

1496 1656 54 21 poste
1557 1654 10 19 ?

1516 1680 68 19 Nunda
1591 1681 21 18 di
1619 1681 137 20 straordinarlu
1764 1687 35 18 per
1815 1684 67 21 quesla
1888 1689 5 17 ;
1905 1683 19 18 ci
1931 1689 35 14 vu-

1496 1706 25 18 üa
1530 1707 24 20 ad
1561 1706 121 24 aspitlaccisi.
1691 1707 29 18 Un
1731 1707 50 19 simu
1789 1713 12 13 a
1812 1712 13 14 u
1838 1709 65 22 tempu
1915 1710 51 18 duve

1496 1732 55 20 l!omu
1559 1733 60 23 pende
1626 1735 59 15 versu
1692 1732 96 20 l’animale
1795 1737 12 14 e
1812 1738 13 13 u
1833 1734 65 19 seculu
1907 1739 58 15 versu

1496 1762 9 13 a
1512 1756 86 21 barbaria
1603 1756 10 20 ?

1514 1782 96 20 Marianna
1618 1782 83 24 agîsce,e
1708 1784 67 19 ch’ella
1780 1785 18 18 ci
1803 1785 49 22 piaci
1859 1789 11 14 0
1875 1789 90 19 no,ques-

1496 1813 20 14 sa
1525 1808 71 19 unn’ha
1603 1809 117 22 impurtanza
1726 1815 6 16 ;
1741 1810 7 17 i
1756 1810 117 19 discendenti
1882 1811 20 18 di
1913 1811 52 22 quet-

1496 1833 11 20 [i
1512 1834 19 18 di
1535 1834 110 18 Ponienovu
1652 1835 96 18 unn’hanu
1756 1836 68 18 dicittu
1831 1841 11 13 a
1848 1841 11 14 e
1866 1837 96 23 lagnanze.

1496 1858 18 18 Ci
1526 1860 66 18 vurria
1605 1864 11 14 a
1624 1860 20 17 fà
1652 1860 44 18 nice
1709 1861 45 18 d’un
1770 1861 56 21 vede,
1835 1867 11 13 e
1854 1863 91 22 unn’apre
1952 1868 12 13 a

1496 1885 53 19 bocea
1557 1885 77 19 davanti
1646 1891 12 13 a
1665 1886 8 18 i
1681 1890 23 14 so
1710 1886 51 20 fatti.

1513 1910 36 22 Ma,
1557 1915 12 14 0
1579 1910 74 23 Muvra,
1659 1912 52 18 dacci
1718 1916 28 13 un
1757 1912 92 19 Culombu
1857 1913 24 18 da
1889 1913 33 18 chi
1931 1913 32 19 noi

1496 1940 20 15 ae
1523 1935 91 20 faeoiamu
1624 1935 87 20 ribumbà
1724 1942 12 13 a
1744 1941 22 15 so
1776 1942 48 15 voce
1834 1943 35 19 per
1877 1943 11 14 e
1899 1941 65 17 nostre

1496 1965 47 15 sarre
1550 1966 11 14 e
1567 1965 11 14 e
1585 1963 66 17 nostre
1658 1962 94 20 marine...
1758 1963 30 20 Un
1799 1964 75 19 vuleme
1885 1965 47 18 tace.

1512 1985 29 21 Gu
1548 1986 43 19 fede
1598 1991 12 14 e
1620 1987 137 23 ammirazione,
1771 1989 20 18 bi
1799 1989 64 18 salutu
1869 1994 13 13 a
1889 1990 46 18 tutti
1943 1990 20 18 di

1496 2015 44 17 îore,

1732 2036 91 19 Ellobin
1833 2037 107 20 Leturna.

1552 2103 284 33 L’AJmanaccu
1860 2106 39 31 di

1535 2151 35 30 A
1588 2152 134 32 Muvra
1738 2162 73 27 per
1826 2152 89 32 1928

1659 2206 15 23 è
1684 2212 42 18 esc
1728 2207 65 23 tutu

1556 2247 55 26 214
1621 2248 105 35 pagiae
1743 2257 37 18 eu
1797 2250 52 34 più
1863 2250 31 26 di

1589 2288 54 25 160
1654 2288 204 27 illustrazione.

1556 2326 20 25 6
1587 2326 55 27 fori
1653 2329 74 24 testu
1740 2327 33 27 in
1784 2328 107 26 culore.

1490 2375 99 27 Puesie
1592 2377 154 26 eArticuli
1750 2379 26 24 d
1779 2379 102 33 iprinc
1884 2379 76 33 ipah

1504 2417 86 27 Pneti
1601 2427 15 17 e
1628 2417 142 29 Scritiori
1781 2420 161 28 àiàlettali:

1510 2463 132 26 Acquavüva
1646 2474 26 4 —
1676 2464 55 22 G.L.
1736 2465 85 22 Alberti
1826 2467 123 21 —Alessan

1488 2494 34 20 dri
1531 2495 23 19 di
1569 2493 144 22 Chidazzu—
1725 2495 109 22 Altore—
1846 2498 84 21 Anatra
1934 2509 26 6 —

1487 2524 188 27 Appinzapalu—
1681 2526 19 20 U
1705 2526 117 22 Babbuziu
1827 2528 132 26 —Belmo.n-

1487 2558 23 17 te
1516 2566 29 6 -—
1550 2555 54 22 L.A.
1613 2556 85 21 Canasi
1703 2568 26 6 —
1737 2557 18 21 U
1765 2558 75 21 Cervu
1849 2559 110 21 d'Ascu—

1488 2585 195 22 G.P.Codaccioni
1689 2587 98 22 —Ciaffu
1793 2598 27 5 —
1827 2589 130 22 Cossu—A.

1489 2615 132 25 F.Filippini
1629 2627 29 6 —
1663 2617 165 22 P.Graziani—
1837 2619 122 22 P.Giovac-

1488 2646 62 22 chini
1562 2658 26 5 —
1595 2647 119 25 Ghjlormu
1726 2659 28 5 —
1761 2649 67 21 Prete
1837 2649 121 27 Guglielmi

1486 2688 28 6 *—
1526 2678 25 21 P-
1560 2677 26 20 A.
1602 2678 58 21 Leca
1673 2690 28 5 —
1712 2679 86 22 Matieu
1813 2680 106 21 Cirnensi
1931 2693 28 5 —

1487 2708 25 20 P.
1521 2707 111 22 Manfredi
1646 2719 26 5 —
1681 2710 105 22 Minicale
1796 2722 27 5 —
1836 2712 27 20 Y.
1872 2712 85 21 Morac-

1486 2739 63 21 chini
1556 2749 27 4 —
1591 2740 96 21 Oiivieri
1693 2752 25 6 —
1724 2740 81 22 Orsini
1810 2752 25 5 —
1842 2742 83 22 L’Orsu
1934 2743 24 21 d’

1487 2770 86 21 Orezza
1578 2780 26 5 —
1608 2771 191 25 Pampasgiolu—
1809 2773 64 21 Paoli
1880 2774 23 20 di
1915 2774 43 21 Ta-

1486 2801 46 24 glio
1538 2800 84 21 —P.dî
1631 2801 28 21 G.
1664 2813 29 4 —
1698 2802 68 20 Petm
1774 2802 24 21 di
1807 2803 66 21 Nioiu
1877 2816 26 4 —
1907 2805 50 21 Pia-

1487 2837 88 15 nura—
1583 2832 18 19 ü
1611 2831 115 22 Rimitudi
1734 2832 72 22 Santa
1814 2834 112 22 Restituta
1930 2847 27 5 —

1488 2861 17 20 U
1513 2861 168 25 Sampetracciu
1687 2862 110 22 —Sebbiu
1802 2873 26 5 —
1832 2864 94 22 Simonu
1932 2866 22 20 di

1486 2891 118 22 iiLecci—
1618 2892 95 22 Simonu
1729 2894 23 19 di
1766 2894 46 21 San
1828 2895 97 25 Jorghiu
1930 2906 26 5 —

1487 2921 18 21 U
1511 2922 153 25 Strampalatu
1676 2935 26 6 —
1709 2924 28 20 A.
1747 2924 28 21 G.
1784 2924 134 23 Terrazzoni
1929 2936 26 6 —

1485 2952 100 22 Tristani
1597 2965 28 4 —
1650 2954 19 20 U
1685 2954 83 21 Yecciu
1781 2955 98 22 Sindacu
1898 2963 56 15 ecc..

1484 2989 56 15 ecc..

1507 3019 97 25 Disegnz
1616 3020 29 21 di
1648 3028 10 14 :
1675 3021 65 26 Kyrn
1756 3034 27 5 —
1803 3023 116 21 Geronimi
1929 3034 26 5 —

1482 3050 32 20 M.
1523 3051 28 22 R.
1570 3060 25 5 —
1610 3051 92 22 Corizzi
1711 3063 28 5 —
1749 3053 27 20 L.
1786 3053 29 20 A.
1831 3054 88 20 Canasi
1929 3066 25 5 —

1481 3080 96 25 Riffiari
1586 3091 27 5 —
1627 3082 127 26 Solacroup
1772 3094 28 5 —
1813 3083 102 22 Urticula
1927 3095 27 5 —

1481 3111 86 25 Ranfia
1576 3121 25 5 —
1613 3111 81 26 Vespa.

1505 3142 131 25 Fotografie
1654 3149 13 13 e
1683 3144 161 25 riproduzione
1863 3145 28 22 di
1905 3153 48 14 vec-

1481 3171 50 21 chie
1538 3174 97 23 stampe.

1508 3207 146 24 QaJindariu
1665 3220 28 7 —
1706 3210 66 22 Note
1782 3211 119 27 storiebe,
1910 3218 42 16 ar-

1481 3240 168 27 cheologiche,
1667 3242 112 26 agricole
1796 3255 28 5 —
1837 3245 114 22 Discorsi

1481 3279 13 14 e
1501 3273 206 24 Maniîestàzione
1714 3287 30 5 —
1750 3277 109 22 Baconti
1865 3289 30 4 —
1901 3278 50 22 Po-

1481 3305 21 21 is
1514 3317 28 5 —
1553 3306 158 27 Stalbatogìij
1726 3319 30 5 —
1767 3309 142 22 Cximmedie
1920 3321 29 6 —

1481 3338 110 22 eanzone
1603 3344 34 16 eu
1645 3340 97 23 musica
1752 3352 30 5 —
1791 3340 156 25 IuduviueUe

1481 3382 26 4 —
1512 3371 117 22 Folklore
1635 3371 196 30 (pruverbj,detti
1840 3374 23 22 di
1872 3376 73 26 paesi,

1481 3404 112 27 minacce,
1609 3405 141 29 ghjasteme,
1767 3409 70 20 motti
1851 3413 44 22 per
1908 3409 40 21 Fa-

1481 3437 89 25 nimali,
1582 3439 190 28 sciogli-lingua,
1786 3440 160 27 filastrocche,

1481 3469 133 30 gîiiochi)...
1623 3477 72 17 ecc...
1706 3479 73 17 ecc...

1504 3508 99 23 Prezzu:
1618 3509 17 21 7
1647 3510 99 23 franebi

1504 3541 47 22 Per
1562 3545 69 23 posta
1643 3544 165 22 ricumandatu
1814 3551 5 15 :
1833 3545 16 21 8
1856 3545 32 22 fr.

1504 3573 95 23 Contru
1610 3575 135 23 rimborsu:
1761 3578 16 20 9
1787 3577 33 22 fr.

1504 3606 83 23 Esteru
1596 3614 6 14 :
1616 3607 33 22 iO
1659 3609 33 22 fr.

1495 3650 23 17 N.
1528 3651 19 17 B.
1556 3659 23 5 —
1586 3651 135 20 L’aîmanaechi
1729 3657 70 15 seranu
1805 3654 69 22 spedîti
1881 3659 64 15 secon-

1481 3677 20 17 iu
1508 3677 80 19 Pordine
1595 3679 84 18 d’arrivu
1688 3680 19 18 di
1715 3685 13 12 e
1734 3682 98 18 cumande.

2003 136 185 48 MT1ZIE
2214 136 53 47 Dl
2296 134 180 50 CORSICA

2026 241 247 23 Ajacciu—Matrimoniu
2279 242 21 17 di
2308 242 129 20 Madamicella
2441 243 37 18 Ro-

2004 273 21 13 sa
2032 268 93 19 Siuibaldi
2133 272 22 13 eu
2161 272 14 13 u
2183 267 45 23 Sgiô
2237 267 57 18 Carlu
2302 268 82 19 Morelti.

2025 302 24 5 —
2055 294 61 17 Morte
2123 293 20 17 di
2150 297 14 13 u
2173 292 43 23 Sgiô
2225 292 40 22 Coi,
2271 292 24 19 48
2303 294 53 18 anni.

2024 326 81 18 Bastia
2111 335 24 5 ■—
2141 325 59 19 Morte
2208 325 19 17 di
2237 331 12 12 u
2255 326 112 19 Pruîossore
2374 327 104 19 Francescu

2005 351 120 23 Faggianelli.

2024 384 125 23 Belgodere
2157 393 23 4 —
2187 384 67 21 Morte,
2263 389 12 13 a
2284 384 80 23 Cannes,
2373 385 19 18 di
2409 392 13 12 u
2431 385 44 23 Sgiô

2003 409 99 22 Ghjlormu
2111 409 68 22 Orsini,
2187 408 24 19 59
2219 409 53 18 anni.

2024 442 120 19 Bonifaziu
2152 451 23 5 —
2182 443 61 17 Morte
2250 443 20 17 di
2278 447 14 14 u
2300 443 83 23 giovanu
2400 445 76 19 scularu

2002 466 89 19 Ghiuvan
2099 467 80 18 Battista
2187 468 120 22 Orecchioni,
2316 469 23 18 16
2348 470 52 18 anni.

2025 499 66 19 Calvi
2098 510 23 4 —
2128 500 59 19 Morte
2195 500 21 19 di
2226 506 15 13 u
2249 501 46 23 Sgiô
2310 502 87 24 Eugeniu
2412 503 62 23 Goize,

2001 524 23 18 29
2032 525 52 17 anni.

2024 557 102 23 Campile
2134 568 22 3 —
2160 559 61 19 Morte
2228 560 20 18 di
2255 561 85 18 Madama
2348 561 99 25 Giorgetti,
2452 563 23 18 96

2001 583 51 16 anni.

2023 614 98 24 Cargese
2130 626 21 3 —
2159 616 60 19 Morte
2235 618 21 18 di
2272 623 15 14 u
2299 620 81 19 veecbiu
2397 621 78 23 guardia

2000 640 71 18 Malteu
2078 641 54 22 Leca,
2141 640 24 20 80
2171 642 52 19 anni.

2023 673 105 20 Cozzanu
2137 684 24 4 —
2168 676 60 19 Morte
2237 678 20 17 di
2274 681 14 14 u
2305 677 45 24 Sgiô
2367 678 107 24 Ghiaseppu

1999 697 58 19 Maria
2065 699 88 22 Renucci,
2164 700 22 19 77
2193 702 53 18 anni.

2021 731 86 18 Ersa—
2114 734 66 23 Morte,
2186 735 21 17 in
2215 735 129 24 Marseglia,di
2351 738 84 19 Madama
2441 743 34 14 ve-

2000 757 50 17 duva
2058 757 67 20 Teresa
2132 759 95 22 Bonavita,
2239 760 23 18 76
2269 762 53 17 anni.

2020 789 215 22 Focicchia—-Morte
2243 794 20 17 di
2271 798 15 14 u
2293 794 45 23 Sgiô
2346 795 128 21 GhiuvanPe-

2000 815 30 17 tru
2038 814 117 21 Aiessandri.

2021 847 93 21 Galeria
2121 859 23 4 —
2150 851 60 19 Morte
2218 852 20 18 di
2253 858 13 12 u
2275 854 42 22 sgiô
2334 854 87 20 Ghiuvan
2437 855 35 19 Be-

1998 873 31 17 ziu
2036 872 81 25 AUonsi,
2128 875 21 17 72
2156 876 51 18 anni.

2021 905 159 26 Ghiuncaghiu
2187 919 24 4 —
2219 911 61 18 Morte
2300 913 21 18 di
2335 918 13 13 u
2365 913 45 24 Sgiô
2422 913 49 20 Orsu

1997 931 38 18 Pau
2037 931 20 18 lu
2065 932 86 19 Pietrini.

2021 964 140 21 Occfciatana
2166 968 88 20 —Morte
2261 969 22 19 di
2289 975 14 13 u
2311 971 45 23 Sgiô
2362 971 47 20 Orsu
2416 973 56 18 Jacu-

1996 994 33 13 mu
2039 989 103 25 Canzaiavi,
2149 991 23 19 84
2180 994 52 19 anni.

2018 1022 126 21 Partinellu
2151 1035 24 4 —
2179 1026 122 21 Matrimoniu
2308 1029 21 18 di
2341 1030 85 20 Madama
2433 1031 39 18 Ma-

1996 1048 28 18 ria
2032 1047 101 25 Casanova,
2141 1052 44 18 nata
2193 1051 62 25 Cardi,
2261 1058 25 14 eu
2294 1059 14 13 u
2316 1054 45 24 Sgiô
2365 1056 62 19 Anton
2432 1056 39 20 Ma-

1996 1072 29 18 ria
2033 1072 102 22 Casanova.

2017 1106 72 19 Piana
2094 1117 24 5 —
2123 1109 60 20 Morte
2190 1110 21 18 di
2228 1112 87 18 Madama
2331 1115 76 19 veduva
2422 1115 49 19 Leca

1995 1131 55 18 Anna
2057 1133 64 19 Maria.

2015 1164 223 24 Pruprianu—Morte
2255 1170 21 19 di
2292 1177 15 12 u
2323 1171 44 24 Sgiô
2386 1172 82 20 Camillu

1995 1189 63 19 Nardi.

2014 1222 103 22 PruneiU
2126 1226 23 18 di
2156 1226 126 22 Fiumorbu
2287 1231 87 19 —Morte
2381 1232 87 19 diMada-

1995 1248 74 18 micella
2074 1250 81 19 Duliuda
2161 1252 83 20 Berlani.

2015 1281 81 19 Renuu
2132 1284 60 20 Morte
2199 1286 21 17 di
2232 1292 15 13 n
2261 1287 44 23 Sgiô
2313 1288 155 21 Francese’Anto-

1995 1308 22 16 nè
2025 1306 71 23 Guelfi,
2102 1308 23 19 83
2132 1311 53 18 anni.

2014 1339 76 20 Rezza
2116 1343 59 20 Morte
2183 1344 20 19 di
2211 1350 13 13 u
2232 1345 45 24 Sgiô
2286 1347 103 24 Tumasgin
2396 1349 66 19 Nicoli.

2014 1370 125 22 Riventosa
2146 1384 24 4 —
2177 1375 124 21 Matrimoniu
2308 1379 21 17 di
2345 1379 121 20 Madamicel-

1995 1395 15 18 la
2017 1395 89 21 Giacobbi
2113 1403 24 14 eu
2142 1404 15 14 u
2165 1401 45 23 Sgiô
2218 1402 97 19 Casanova
2322 1404 20 18 di
2350 1404 58 20 Corti.

2001 1454 6 4 .
2015 1428 76 20 Sa-üce
2099 1441 23 4 —
2129 1432 121 21 Matrimoniu
2256 1436 20 18 di
2283 1436 129 22 Madamicella
2424 1438 41 19 Ma-

1995 1459 25 12 ria
2026 1454 102 21 Bumeniea
2135 1456 88 22 Giordani
2237 1466 22 13 eu
2277 1467 14 12 u
2299 1462 45 23 Sgiô
2358 1463 109 20 Ghiuvanni

1995 1480 70 18 jrsoni.

2014 1512 71 20 Santa
2102 1515 71 21 Lucia
2188 1518 24 18 di
2223 1519 100 20 Tallanu
2330 1531 24 5 —
2369 1522 61 19 Morte
2445 1523 21 18 di

1995 1538 124 21 Madamicella
2126 1542 87 20 Paulefta
2220 1545 49 23 Poli,
2278 1546 23 18 17
2309 1547 54 19 anni.

2014 1571 67 20 Sxscu
2087 1584 22 5 —
2116 1575 60 20 Morte
2183 1577 21 17 di
2212 1582 13 13 u
2234 1579 82 22 giovane
2323 1581 75 19 Antone
2405 1581 59 19 Sisco.

2013 1605 136 22 Sorbullanu
2157 1619 24 4 —
2188 1610 60 19 Morte
2255 1611 21 19 di
2292 1613 84 19 Madama
2390 1615 74 19 Francï-

1995 1635 22 13 aa
2024 1631 116 21 Bernai-dîni.

2012 1664 94 22 Venacu
2116 1676 20 5 —
2142 1668 61 19 Morte
2216 1671 21 17 di
2245 1671 84 19 Madama
2344 1673 74 19 veduva
2426 1674 38 18 Ma-

2007 1808 56 37 Une
2072 1812 124 42 question
2206 1813 18 36 à
2235 1824 37 25 uu
2276 1815 169 44 journaliste

2017 1896 37 23 Un
2092 1901 46 20 très
2177 1902 74 28 grand
2289 1904 120 28 quotidien
2435 1911 26 17 se

1990 1930 116 31 distingue
2121 1933 84 29 depuis
2228 1936 133 31 longtemps
2383 1945 44 23 par
2438 1938 22 23 la

1990 1964 101 23 violente
2127 1973 128 24 campagne
2297 1971 57 27 qu’il
2395 1973 67 21 mène

1990 1999 78 21 contre
2090 1999 36 22 les
2144 2001 171 24 autonomistes
2345 2004 118 24 d’AJsace-

1990 2030 118 25 Lorraine.
2119 2032 32 24 Ce
2157 2035 95 28 journal
2267 2038 69 22 mène
2347 2044 29 15 en
2385 2042 75 19 même

1990 2068 72 25 temps
2083 2073 44 16 une
2156 2074 129 24 campagne
2312 2071 149 23 visiblement

1990 2098 86 29 dirigée
2088 2106 30 16 en
2136 2100 81 24 faveur
2236 2103 32 22 du
2291 2105 171 23 rattachement

1990 2132 27 22 du
2027 2131 94 25 Canada
2129 2136 13 20 à
2147 2134 24 23 la
2180 2134 99 25 France.

1990 2166 15 21 L
2013 2169 37 19 est
2057 2173 42 15 son
2112 2168 68 28 droit,
2191 2170 60 23 mais
2261 2177 62 16 nous
2334 2171 34 23 lui
2380 2173 79 23 ferons

1990 2205 132 24 remarquer
2142 2208 45 23 que
2221 2204 24 22 le
2279 2204 94 26 Canada
2397 2208 63 28 jouit

1990 2233 160 26 içtueUeuienl
2162 2236 69 23 d’une
2252 2239 135 23 autonomie
2410 2242 48 21 très

1990 2267 62 28 large
2075 2268 57 23 dans
2146 2269 23 23 le
2190 2271 70 22 cadre
2287 2272 29 22 de
2347 2272 112 31 l’Empire

1990 2300 142 31 britannique
2143 2306 24 19 et
2175 2310 52 22 que,
2232 2306 139 28 jusqu’ici,il
2384 2310 75 26 paraît

1990 2333 100 24 satisfait
2094 2335 30 23 de
2134 2343 28 16 ce
2173 2338 98 28 régime.
2283 2338 36 23 Le
2337 2340 121 28 quotidien

1990 2375 24 14 m
2026 2371 107 26 question
2147 2371 150 23 cherche-l-il
2312 2375 15 20 à
2338 2375 66 21 créer
2417 2374 42 24 des

1992 2400 119 25 lifficulLés
2128 2405 13 21 à
2159 2404 156 30 l’Angleterre
2334 2407 60 23 dans
2411 2414 45 16 son

1990 2435 169 25 Dominion?...

2012 2476 32 15 ce
2073 2477 40 21 qui
2135 2476 36 18 est
2200 2476 96 23 certain,
2332 2480 14 16 c
2354 2478 36 19 est
2410 2482 46 22 que.

1984 2502 23 22 le
2015 2506 106 25 reporter
2125 2516 29 4 —
2159 2505 40 29 qui
2208 2507 96 22 tranche
2311 2507 28 23 de
2345 2507 110 24 l’homme

1984 2535 79 23 d’Etat
2068 2539 25 19 et
2104 2538 29 21 du
2139 2538 75 28 grand
2221 2539 104 24 écrivain
2333 2553 30 4 —
2370 2542 87 29 chargé

1984 2569 30 22 de
2025 2568 23 23 la
2059 2576 129 25 campagne
2202 2576 84 19 contre
2302 2574 36 23 les
2358 2578 98 20 autono-

1984 2603 82 21 mistes
2086 2604 241 31 d’Alsace-Lorraine,
2350 2608 58 23 dans
2429 2616 27 16 ce

1984 2637 74 21 même
2082 2642 94 24 organe,
2198 2642 37 19 est
2254 2646 31 15 un
2309 2647 146 25 personnage

1984 2669 41 21 des
2049 2669 54 29 plus
2123 2673 98 21 curieux
2246 2675 14 20 à
2282 2674 99 24 étudier.
2407 2675 49 23 Son

1982 2702 166 24 acharnement
2179 2709 82 20 contre
2284 2707 36 22 les
2343 2710 112 27 patriotes

1983 2736 115 23 alsaciens
2105 2742 126 20 neconnaît
2238 2739 54 29 plus
2299 2748 76 16 aucun
2385 2743 69 27 frein;

1983 2775 91 16 comme
2084 2777 27 15 ce
2123 2771 78 23 scribe
2214 2780 31 15 ne
2253 2772 44 24 fait
2307 2775 85 27 jamais
2403 2775 50 23 rien

1982 2809 59 23 pour
2050 2803 58 27 rien,
2121 2804 17 22 il
2148 2813 16 21 y
2175 2812 15 15 a
2205 2807 42 21 des
2270 2807 101 24 chances
2393 2815 60 22 pour

1982 2842 45 23 que
2043 2843 26 15 sa
2092 2837 104 30 besogne
2231 2840 48 21 soit
2312 2837 143 32 amplement

1981 2872 142 21 rémunérée.
2147 2872 47 22 Par
2208 2871 58 30 qui?
2279 2873 119 30 L’énigme
2423 2882 30 15 ne

1980 2904 74 21 serait
2060 2906 162 27 peut-êtrepas
2229 2906 114 24 malaisée
2351 2909 12 20 à
2371 2911 84 20 résou-

1981 2936 40 22 dre
2029 2936 21 22 si
2057 2937 46 22 l’on
2115 2938 98 23 scrutait
2221 2945 59 16 avec
2290 2941 53 21 soin
2352 2940 22 22 le
2383 2944 69 26 passé

1980 2969 30 22 de
2017 2975 28 16 ce
2054 2970 126 23 monsieur.
2197 2971 38 22 Où
2254 2973 84 22 était-il
2351 2974 103 28 pendant

1981 3003 22 21 la
2017 3003 103 27 guerre?
2128 3003 94 24 N’esl-il
2233 3011 43 24 pas
2288 3006 47 23 allé
2349 3007 58 23 dans
2415 3007 36 24 les

1981 3035 116 23 Balkans?
2119 3036 44 31 N’y
2185 3039 66 22 a-t-ii
2272 3046 45 22 pas
2349 3047 28 16 eu
2404 3047 46 17 une

1980 3070 101 21 altitude
2087 3069 41 23 des
2139 3071 55 29 plus
2203 3075 124 26 suspectes
2335 3073 14 22 ?
2358 3074 37 22 Ne
2406 3073 45 24 fré-

1978 3103 134 29 quentait-il
2129 3110 42 22 pas
2189 3112 45 15 une
2257 3106 88 23 femme
2363 3108 40 28 qui
2424 3114 26 16 se

1979 3136 78 22 livrait
2077 3138 13 20 à
2112 3137 161 31 l’espionnage
2280 3139 13 22 ?
2317 3139 37 23 Ne
2366 3141 83 22 s’esl-il

1978 3176 49 22 pas,
2040 3176 30 16 un
2088 3170 63 30 jour,
2160 3178 31 16 vu
2200 3172 97 23 chasser
2315 3176 14 20 à
2341 3180 71 23 coups
2421 3174 28 22 de

1978 3202 52 29 pied
2048 3204 99 28 quelque
2170 3209 53 24 part
2245 3212 45 22 par
2309 3213 32 16 un
2359 3207 90 23 officier

1978 3236 174 27 français—un
2165 3238 107 23 médecin
2293 3241 83 27 major,
2390 3247 59 23 pour

1978 3271 102 27 préciser
2086 3282 31 5 —
2123 3271 57 22 chez
2210 3272 78 28 lequel
2322 3273 19 21 U
2369 3275 80 21 s’était

1978 3303 303 23 sournoisementintroduil
2289 3305 158 30 àSalonique?

2000 3334 67 23 Nous
2095 3342 88 22 posons
2209 3344 40 15 ces
2270 3339 123 27 questions
2415 3347 31 16 au

1978 3367 120 23 publiciste
2108 3369 97 28 qu’elles
2213 3374 151 19 concernent.
2383 3373 63 28 Qu’il

1978 3407 55 16 IOUS
2045 3408 93 15 rassure
2146 3409 42 16 sur
2194 3409 44 16 son
2245 3406 129 21 caractère:
2387 3414 58 16 nous

1979 3441 23 14 te
2011 3433 144 24 demandons
2167 3442 43 21 pas
2221 3436 80 22 mieux
2312 3445 46 22 que
2374 3440 72 23 d’être

1978 3467 137 29 létrompés.
2135 3467 118 24 Rassurer
2280 3469 36 23 les
2333 3471 113 26 honnêtes

1978 3506 52 15 rens
2038 3502 58 19 vaut
2107 3500 77 23 mieux
2192 3508 47 23 que
2257 3503 30 21 de
2298 3504 36 23 les
2348 3506 98 28 viiipen-

1978 3532 43 21 lér.

2321 3572 94 24 X.X.X.

1971 3640 99 21 Aiaeciu
2078 3653 30 5 —
2117 3641 133 28 Stamparia
2264 3646 24 22 di
2296 3649 24 21 A
2330 3648 110 25 Muvra-

1971 3678 21 21 U
2002 3678 240 29 Dîretlore-Gerente:
2252 3685 73 25 Petru
2334 3688 105 26 ROCCA
