2557 3935
116 172 82 16 avons;
201 166 25 23 je
232 165 49 20 suis
282 164 53 25 plus
340 163 77 20 mieux
427 158 162 28 qu’institutri-

117 201 35 14 ce:
152 194 25 24 je
183 192 107 21 surveille
302 191 33 20 les
343 191 93 19 classes,
446 188 53 20 bien
505 190 82 20 payee,

116 222 25 19 la
155 220 118 20 directrice
286 225 35 13 me
335 219 55 18 z’eut
401 216 54 19 bien
469 219 86 14 comme
568 212 22 19 si

113 249 80 24 j’étais
199 254 29 13 sa
234 247 55 23 fille,
296 245 61 19 alors
363 247 78 21 pense.
453 241 31 20 Tu
489 245 50 14 vois
544 238 46 24 j’ai

117 277 61 19 deux
190 274 59 20 mois
257 273 29 19 de
301 275 123 16 vacances;
437 267 60 21 mais
507 269 79 21 pense,

114 304 26 24 je
147 309 29 13 ne
189 300 97 21 resterai
293 298 70 25 qu’un
378 296 63 22 mois,
449 294 25 24 je
487 293 50 20 suis
551 298 37 13 ve-

116 337 46 13 nue
167 330 16 19 à
188 328 51 20 voir
246 327 34 19 les
282 326 97 24 parents
387 329 45 19 que
445 322 23 19 si
479 326 71 14 non...
563 325 35 17 je-

116 364 30 13 ne
151 356 48 20 suis
212 355 56 24 plus
285 352 108 20 habituée
410 350 16 19 à
443 350 57 18 cette
513 346 38 20 vie
559 346 29 18 de

117 384 85 24 village
211 382 48 20 moi
265 381 60 20 alors
329 379 13 19 7

145 411 118 21 Graziosa.
267 417 25 5 —
296 406 26 20 Ti
332 404 90 25 capîscu
430 401 117 23 madighia
557 405 30 13 un

117 439 56 25 parli
184 443 81 15 mancu
277 435 37 25 più
326 438 73 15 corsu.
410 429 77 20 Com'e
495 431 16 16 ti
525 433 23 13 ni
557 432 12 13 s
575 432 12 13 e

117 465 122 21 scurdata?

142 494 78 20 Maria
228 493 98 19 Dum.—
334 489 66 21 inon,
412 491 60 15 ma...
491 485 31 17 lu
529 486 59 15 com-

114 521 93 24 prends,
225 519 26 24 je
270 517 49 20 n’ai
336 516 56 24 plus
407 512 137 21 Thabitude.
566 508 19 19 A

116 547 117 22 Marseille
242 544 80 26 quand
328 549 30 14 on
371 543 52 18 sent
428 538 81 26 parler
525 541 63 15 c°rse

117 583 30 13 on
154 581 25 14 se
187 574 31 20 rit
225 573 30 20 de
265 577 62 15 nous,
337 570 64 19 alors
408 572 57 15 avec
475 565 60 20 Ours
540 565 48 18 An-

118 604 62 20 toine
185 608 29 14 on
221 600 66 26 parle
295 597 102 25 toujours
410 601 28 14 en
445 594 113 24 français,
566 592 23 17 et

115 631 56 25 puis
178 629 48 21 moi
234 629 61 19 dans
306 632 52 14 mon
367 623 61 21 école
443 627 57 14 avec
515 620 73 19 toutes

116 665 38 14 ces
159 656 152 26 françaises...

145 684 119 21 Graziosa.
274 692 23 4 —
301 681 25 20 In
332 679 49 20 fatti
387 677 118 21 Tha’ancu
511 678 77 20 raggio

118 719 36 14 ma
163 719 14 12 u
187 710 88 24 capisce
285 709 27 19 bè
328 707 99 20 aïmenu,
438 701 77 26 parchi
529 706 24 14 sa
560 706 28 13 eu

117 747 41 18 par
163 738 68 26 palati
240 737 99 20 francese
348 733 30 20 mi
383 737 54 20 pare
446 728 143 25 d’unpudel-

116 767 57 20 lafà.
188 762 17 24 È
219 768 62 17 tantu
294 767 76 19 tempu
385 759 41 20 che
440 764 31 14 un
486 763 23 13 m
524 756 64 24 parlu

118 793 108 27 più,t’arri
228 791 66 21 corde
309 787 92 27 quandu
414 792 29 14 no
457 789 77 16 eramu
548 789 14 13 a
576 787 13 14 e

117 822 54 21 scoli
181 821 22 20 di
209 818 79 23 Sartè?

142 849 79 21 Maria
229 848 67 19 Dum.
304 856 27 4 —
339 844 32 22 lé,
377 842 25 25 je
411 841 57 21 m’en
475 841 114 22 rappelle;

118 878 61 20 mais
186 879 26 17 tu
221 871 160 27 comprends,il
382 877 16 18 y
406 876 16 13 a
427 868 56 21 trois
491 872 45 17 ans
543 871 45 18 que

114 906 26 24 je
148 906 58 19 reste
214 909 42 14 sur
262 902 21 20 le
291 899 117 21 continent
416 899 23 18 et
447 895 63 20 alors
517 894 21 20 il
541 899 17 18 y
572 898 16 13 a

117 933 118 22 beaucoup
244 930 28 19 de
277 927 94 26 paroles
384 931 45 19 que
431 924 26 25 je
464 923 34 20 les
511 928 26 13 ai
550 926 38 14 ou-

116 961 73 20 bliées
202 964 39 14 ma
255 957 22 20 si
292 958 24 18 tu
332 960 61 15 veux
401 953 26 24 je
437 950 105 26 parlerai
556 954 31 14 un

114 991 47 22 peu
170 993 28 14 en
205 991 69 15 corse.

145 1014 119 21 Graziosa.
271 1023 26 4 —
304 1008 106 27 Nô,parla
417 1012 56 21 pure
484 1005 104 20 francesu

117 1043 36 21 chi
161 1049 41 18 par
210 1039 125 26 capiscialu,
345 1044 15 13 u
370 1035 117 26 capiscenu
504 1038 59 15 ancu
580 1037 7 13 1

118 1070 91 21 sumeri.

145 1098 78 21 Maria
240 1096 102 20 Dum.—
348 1092 71 21 Alors
435 1091 53 20 tant
503 1093 84 16 mieux,

116 1130 73 21 parce
194 1131 46 19 que
247 1123 46 21 moi
297 1122 24 25 je
326 1120 70 26 parle
404 1119 76 21 mieux
488 1123 28 14 en
523 1116 66 24 fran-

119 1154 56 25 çais.
181 1153 44 20 Dis
236 1158 31 14 un
273 1154 52 21 peu,
335 1149 55 20 c’est
396 1146 54 21 vrai
465 1151 45 20 que
525 1146 25 18 tu
567 1145 22 18 te

117 1180 102 22 maries?

145 1208 145 22 Graziosa.—
297 1205 33 21 Ha
337 1203 11 21 !'
353 1205 13 19 è
375 1209 52 15 vera
435 1208 37 14 nia
480 1207 15 14 u
504 1206 52 14 meu
566 1201 22 17 di

117 1236 118 25 Marsegiia
252 1241 30 14 un
299 1234 22 19 ni
346 1231 50 21 vole
410 1233 62 18 senta
487 1233 101 15 nommu.

117 1265 40 20 Ce
174 1265 58 20 statu
252 1262 85 21 suldatu
347 1266 14 13 e
376 1259 49 20 dice
439 1256 80 22 ch’ellu
536 1254 52 22 n'ha

117 1296 70 17 avutu
196 1291 141 21 abbastanza.

145 1320 79 22 Maria
231 1319 67 20 Dum.
304 1326 26 5 —
338 1315 117 21 Pourtant
463 1312 55 25 puis
532 1317 30 14 on
573 1317 16 18 y

117 1351 60 18 reste
184 1348 62 20 bien.
253 1347 27 19 Je
285 1347 21 18 te
311 1344 81 25 plains
400 1342 23 20 si
426 1344 25 17 tu
458 1346 43 15 vas
506 1343 83 21 passer

118 1378 63 18 toute
187 1378 25 17 ta
221 1375 37 19 vie
263 1373 58 21 dans
329 1378 27 13 ce
364 1370 94 24 village.
467 1368 49 21 Moi
521 1367 25 24 fe
560 1372 29 14 ne

115 1403 111 26 pourrais
231 1405 52 22 pas.
290 1398 127 27 Figure-toi
419 1397 25 25 je
450 1403 36 14 me
493 1396 49 20 suis
547 1394 43 21 ha-

118 1432 76 20 bituée
199 1431 17 20 à
225 1429 52 21 tant
283 1428 29 20 de
319 1424 214 25 distractions;,jene
540 1422 49 21 sais

115 1463 46 21 pas
166 1461 112 18 comment
281 1464 23 17 je
311 1456 52 20 vais
370 1454 61 25 faire
444 1457 60 21 pour
519 1453 71 18 rester

119 1494 31 14 un
159 1487 57 20 mois
224 1491 55 15 sans
292 1484 58 21 aller
364 1489 31 13 au
410 1482 89 20 théâtre
515 1480 26 20 ni
558 1485 31 14 au

117 1517 97 19 cinéma.
222 1515 29 20 Et
257 1513 51 25 puis
317 1515 25 17 tu
350 1511 49 21 vois
408 1510 30 20 ici
451 1516 16 13 a
476 1511 51 23 sept
536 1508 54 20 heu-

118 1550 36 14 res
159 1550 30 13 on
203 1545 35 18 est
250 1545 97 21 presque
360 1538 103 23 couchés,
476 1537 60 21 mais
548 1542 40 14 sur

118 1572 22 20 le
150 1571 116 20 continent
274 1570 15 19 à
302 1571 51 22 sept
369 1567 81 21 heures
459 1572 28 14 on
499 1568 35 18 est
541 1567 48 18 tou-

115 1600 64 24 jours
192 1605 28 14 en
229 1598 60 20 train
305 1597 30 20 de
349 1595 100 26 prendre
463 1593 126 25 Vapperitij

118 1628 60 19 dans
187 1633 31 14 un
225 1626 53 24 café
285 1631 55 15 avec
349 1624 24 20 la
391 1622 104 25 musique
510 1628 41 14 sur
568 1621 21 20 le

117 1656 96 19 trottoir.
221 1655 22 20 Il
250 1661 16 18 y
273 1660 15 13 a
297 1655 51 18 tant
353 1652 31 20 de
392 1651 82 20 monde
482 1656 46 19 que
536 1649 52 20 bien

119 1685 96 19 souvent
222 1689 30 14 on
262 1689 27 13 ne
295 1685 79 16 trouve
378 1680 54 24 plus
438 1685 30 13 un
475 1681 50 17 taxi
530 1680 60 22 pour

118 1714 86 18 rentrer
213 1711 56 20 chez
277 1715 62 15 nous.
352 1708 21 21 O
379 1707 59 21 mais
444 1712 13 14 c
464 1709 35 17 est
509 1705 78 25 facile,

117 1742 66 17 notre
187 1739 89 20 maison
281 1740 58 18 reste
341 1736 63 25 juste
409 1735 87 20 devant
500 1734 23 20 le
528 1736 61 18 tram

119 1767 61 20 alors
197 1773 31 14 on
239 1768 73 18 monte
323 1768 62 21 pour
395 1763 41 20 dix
453 1768 52 15 sous
520 1764 23 17 et
559 1768 29 13 on

117 1795 102 20 descend
226 1794 55 20 chez
289 1799 64 14 nous.
364 1792 48 20 Ah!
425 1791 52 20 c'est
494 1796 95 14 commo-

117 1823 30 20 de
155 1829 29 14 on
193 1823 98 24 dépense
296 1821 29 20 de
339 1820 99 24 l’argent
446 1818 59 21 mais
513 1824 30 14 on
561 1823 27 14 en

116 1857 78 18 gagne
204 1851 124 23 beaucoup,
336 1849 59 19 mais
408 1847 37 23 ici,
459 1852 24 19 je
495 1852 30 14 ne
540 1851 49 14 sais

115 1884 52 22 pas.
181 1881 27 20 Si
213 1881 78 24 j’étais
298 1885 86 15 comme
390 1878 57 21 toi...

146 1909 119 21 Graziosa.
274 1918 24 3 —
304 1907 41 21 Chi
356 1906 66 21 voilà
430 1905 67 20 ch'un
504 1910 38 14 era
552 1910 38 14 na-

118 1941 22 16 ta
149 1943 39 19 par
197 1937 59 20 andà
267 1937 21 19 in
298 1935 91 21 Francia
399 1940 35 14 eu.
441 1933 96 20 Almenu
552 1931 36 20 chi

119 1965 65 20 Petru
194 1971 30 14 un
234 1965 18 20 si
262 1963 70 21 dicide
340 1969 13 14 a
370 1962 66 26 piglià
447 1967 43 14 una
506 1960 82 25 piazza,

118 1999 70 14 ma....

144 2020 78 20 Maria
239 2021 67 19 Dum.
313 2030 25 4 —
350 2019 31 20 Tu
394 2018 48 19 sais
457 2017 33 19 les
508 2015 80 25 places

117 2051 52 17 sont
177 2048 103 24 difficiles
292 2047 151 20 maintenant-
454 2044 21 20 Il
479 2044 56 24 faut
542 2044 47 19 être

116 2076 93 20 instruit
222 2081 84 14 comme
319 2073 168 22 Ours’Antoine
492 2074 23 17 et
524 2070 66 20 avoir

118 2104 40 20 des
169 2104 98 24 pistons.
276 2103 82 24 Figure
367 2102 33 20 toi
408 2106 45 20 que
466 2105 58 14 nous
538 2104 50 14 con-

118 2132 107 20 naissons
233 2137 44 14 une
282 2130 84 25 femme
374 2136 46 18 que
430 2129 53 19 c’est
499 2127 26 20 la
538 2132 51 14 cou-

117 2160 50 20 sine
175 2159 30 20 de
213 2160 24 19 la
247 2158 114 24 concierge
374 2157 69 21 d’une
457 2155 89 21 maison
560 2154 28 19 où

117 2187 21 20 il
144 2187 80 20 habite
229 2193 31 14 un
270 2186 118 20 conseiller
407 2184 104 26 général,
527 2182 62 20 alors

115 2215 128 25 pense,j’ai
251 2217 47 18 tout
302 2221 28 13 te
338 2220 46 18 que
390 2212 25 26 je
423 2218 67 15 veux.
496 2211 35 21 La
537 2214 51 16 con-

118 2243 75 25 cierge
203 2244 57 19 c'est
263 2242 122 26 quelqu’un
394 2244 26 17 tu
427 2240 56 22 sais,
502 2241 50 18 tout
568 2237 21 20 le

118 2271 83 20 monde
208 2271 30 20 de
247 2270 24 21 la
280 2270 89 20 maison
378 2270 15 19 à
402 2268 79 21 besoin
488 2267 101 22 d’elle;et

118 2299 46 20 moi
167 2299 25 24 je
204 2298 51 20 n’ai
261 2298 52 25 qu’à
323 2297 81 25 parler
414 2297 15 19 à
442 2302 28 14 sa
488 2296 99 20 cousine.

145 2326 119 21 Graziosa.
273 2335 24 5 —
303 2326 49 22 Alô,
367 2329 62 16 tantu
449 2324 90 25 megliu;
558 2323 29 20 mi

118 2354 48 20 face
175 2355 64 24 piacè
248 2354 40 20 che
297 2357 22 17 tu
329 2354 32 20 sia
371 2353 47 20 cusi
428 2352 36 20 bè.
473 2352 24 20 Si
515 2359 14 12 e
547 2351 41 20 cir-

117 2382 99 21 custanzi
233 2382 78 19 volenu
329 2381 42 20 che
390 2387 30 14 no
434 2379 120 26 junghimu
575 2380 12 19 à

117 2410 117 25 Marsegiia
243 2409 99 21 circareti
351 2409 22 20 di
387 2408 22 21 fà
425 2407 106 26 qualcosa
549 2414 39 18 par

119 2444 38 14 no.

143 2465 77 21 Maria
239 2466 68 20 Dum.
313 2474 24 4 —
345 2465 34 26 Ça
386 2465 54 24 puis
456 2466 24 18 tu
496 2466 63 22 peux
574 2469 15 18 y

117 2494 152 24 compterais
274 2494 15 19 à
296 2496 38 17 ton
345 2492 78 25 fiancé
429 2492 60 25 qu’il
495 2492 93 20 deman-

116 2522 31 19 de
154 2528 45 13 une
202 2522 69 24 place
278 2522 16 19 à
303 2520 117 21 Marseille
435 2522 25 17 et
467 2522 26 18 tu
509 2525 80 15 verras

116 2555 45 18 que
166 2555 58 15 nous
231 2555 94 14 sommes
331 2549 104 25 quelcon.

140 2579 63 21 (Maria
213 2579 96 18 Dumenica
317 2584 10 12 s
333 2579 69 18 arrizza
411 2582 10 14 e
429 2578 40 18 face
478 2577 41 19 neci
528 2577 18 18 di
556 2576 33 18 bu-

116 2601 35 18 iicâ
159 2601 68 18 drint’a
239 2607 26 12 un
273 2601 69 22 baullu)

142 2630 28 19 Je
184 2636 37 14 me
232 2636 51 14 sens
294 2636 29 13 un
337 2632 47 22 peu
399 2629 30 21 de
440 2628 66 25 froid
522 2631 23 17 et
563 2627 25 25 je

117 2657 118 21 cherchais
245 2664 50 14 mon
311 2658 101 23 écharpe
424 2663 29 14 en
467 2657 48 19 soie
529 2656 60 20 mais

114 2684 26 25 je
145 2688 72 21 pense
225 2685 81 24 qu’elle
311 2688 34 17 est
354 2692 32 13 au
392 2684 132 25 fond,alors
530 2687 60 21 pour

115 2715 46 22 pas
166 2719 89 14 remuer
263 2715 47 17 tout
319 2719 29 17 ça
359 2713 26 24 je
398 2713 52 19 vais
465 2719 35 13 me
509 2715 80 17 mettre

116 2741 62 19 dans
187 2747 31 13 un
225 2741 49 19 coin
279 2739 126 24 (Cacciada
429 2744 69 15 nantu
513 2746 13 14 a
544 2745 44 15 una

118 2774 89 19 carrega
228 2775 31 13 un
276 2771 94 17 «carton
392 2769 14 19 à
423 2767 131 24 chapeaux”
570 2767 18 20 si

116 2799 69 17 mette
193 2802 14 13 a
215 2802 106 19 posa,una
327 2796 82 25 gamba
414 2801 67 19 sopra
489 2802 13 13 a
508 2794 81 26 Paîtra)

117 2824 124 24 Approche
249 2823 33 21 toi
291 2823 128 20 Gracieuse.

146 2852 119 20 Graziosa.
271 2863 26 4 —
304 2851 111 20 Tamantu
428 2851 107 20 baullonu
552 2850 37 21 chi

118 2880 27 17 tu
156 2877 29 20 ha
194 2876 5 18 !
214 2877 18 20 E
250 2883 25 15 su
283 2877 125 20 cascittonu
425 2883 13 13 a
457 2876 102 25 cappelli,
577 2876 12 19 è

118 2901 84 26 pienu?

142 2930 79 20 Maria
228 2929 108 21 Dum.—O
344 2935 46 15 non
395 2929 12 20 !
417 2928 32 21 Tu
454 2931 84 22 penses
544 2934 46 19 que

114 2960 62 22 pour
183 2958 66 20 venir
265 2957 30 20 ici
307 2957 24 26 je
344 2957 93 20 n’allais
451 2959 48 22 pas
510 2958 81 23 porter

117 2987 53 18 tous
181 2992 49 14 mes
237 2985 120 25 chapeaux
368 2988 24 17 et
405 2987 73 18 toutes
494 2990 49 14 mes
554 2991 36 13 ro-

117 3013 42 20 bes
170 3016 62 21 pour
247 3013 22 20 le
281 3013 86 24 village
381 3013 55 20 celle
450 3013 23 19 ci
488 3015 36 17 est
536 3012 53 20 bien

117 3041 82 20 bonne.
202 3042 85 24 Figure
294 3041 32 20 toi
333 3047 47 18 que
387 3047 41 14 sur
438 3040 24 20 le
468 3040 87 21 bateau
565 3040 25 25 je

117 3069 127 20 suis'venue
254 3075 27 14 en
284 3069 112 24 première
411 3068 73 20 classe
493 3070 23 18 et
532 3074 58 14 com-

118 3103 36 13 me
163 3096 26 24 je
201 3097 96 20 connais
304 3096 21 20 le
333 3097 168 20 commandant
509 3095 81 25 fêtais

118 3125 89 19 montée
220 3125 78 19 visiter
310 3124 25 20 la
341 3124 127 25 passerelle
475 3130 58 14 avec
548 3123 39 20 lui.

117 3152 64 19 voila
189 3153 72 23 qu’un
272 3155 57 21 coup
337 3152 31 20 de
378 3154 54 18 vent
441 3151 110 21 m’enlève
569 3151 21 20 le

118 3179 107 24 chapeau
232 3181 24 18 et
263 3179 18 20 il
287 3179 45 20 s’en
340 3186 33 13 va
385 3180 16 19 à
412 3179 24 20 la
444 3185 56 14 mer.
514 3180 76 19 Pense

118 3213 32 14 un
156 3209 47 21 peu
211 3213 59 13 nous
284 3212 74 14 avons
374 3207 28 19 ri.
423 3207 31 19 Ce
470 3207 61 19 n’est
543 3209 48 21 pas

114 3237 63 21 pour
184 3234 123 24 cinquante
311 3240 30 13 ou
346 3234 106 20 soixante
455 3233 82 24 francs
544 3239 46 18 que

115 3261 27 24 je
154 3261 86 20 l’avais
245 3262 68 23 payé;
320 3262 61 19 mais
389 3268 29 13 en
431 3261 126 20 attendant
565 3261 26 24 je

118 3288 49 21 n’ai
173 3294 46 19 que
227 3288 93 21 celui-ci.
327 3289 69 24 Enfin
411 3292 61 21 pour
485 3289 22 19 le
523 3289 68 20 villa-

117 3322 54 19 ge...

147 3343 118 21 Graziosa.
274 3355 26 5 —-
313 3344 18 20 E
343 3344 38 20 chi
397 3344 21 20 ci
437 3344 37 19 n’è
493 3344 95 25 bisognu

121 3374 28 18 pa
166 3368 8 19 i
191 3369 72 20 nostri
272 3369 84 25 macchj
368 3370 6 19 !
384 3368 176 24 Ghiunghiendu
576 3369 14 20 à

119 3392 118 25 Marsegiia
246 3394 23 20 ni
277 3394 126 25 cumprarei
412 3400 30 13 un
451 3394 74 19 altruf

260 3429 84 22 Marcu
353 3429 208 22 Troncaroecliia.

174 3474 9 23 (
188 3471 151 29 Cuntinua.)

142 3519 25 20 (1;
177 3527 17 3 —
207 3519 36 17 Per
256 3520 49 16 ratio
321 3521 14 16 1.
352 3521 46 18 vede
414 3520 19 18 A
449 3519 81 20 Muvra
543 3522 20 17 di
578 3526 11 12 o

119 3538 72 19 27-0-26

277 3596 153 22 AWISU

148 3630 38 20 Da
193 3636 17 15 u
221 3630 32 21 15
265 3630 88 25 Lugliu
362 3638 16 15 a
387 3639 16 14 u
413 3633 31 20 15
457 3632 133 24 Sittembre

120 3657 24 21 A
158 3657 118 22 MUVRA
291 3664 33 15 un
337 3662 68 19 sorte
420 3665 29 16 ca
461 3660 48 22 due
523 3663 67 21 volte

119 3691 18 16 u
148 3691 76 16 mese.

148 3712 204 23 L’abbunamenti
358 3720 93 16 saranu
455 3716 136 26 prulunga-

118 3740 24 21 ti
152 3740 28 21 di
188 3743 103 24 çjuattru
301 3742 140 23 settimane.

663 156 152 28 Rigposta
829 159 20 16 a
857 151 31 24 la
899 149 146 25 Carezza

637 187 36 14 ^n
689 192 32 24 di
731 191 108 24 l'Orsu
849 188 159 24 d’Orezza

657 227 158 30 (Mirendella
829 226 27 21 di
870 223 163 26 Merusaglia)

642 299 19 21 O
672 299 22 21 la
704 301 23 18 to
737 303 93 15 carezza
839 296 85 25 d’orsu,

642 331 70 25 Caru,
720 336 59 23 quan
783 332 24 18 tu
817 329 43 21 m’è
869 328 102 28 piaciula
979 327 5 21 !

644 364 26 21 In
682 362 126 22 affeltuosu
819 367 67 15 corsu

641 396 28 21 Ti
682 395 73 21 rendu
768 395 21 21 la
802 394 137 21 benvenula.

641 429 28 21 Ti
682 428 30 21 dô
725 434 30 15 un
767 426 83 29 basgiü
861 432 13 14 a
884 424 129 29 pizzichinu

641 461 61 21 Mica
714 460 106 22 d’orsu...
832 459 28 21 da
870 458 103 28 zighinu.

641 505 30 21 Sè
679 511 29 15 un
718 504 90 21 anfarle
820 506 110 21 maestro,

642 537 102 22 Fainosu
755 544 28 14 eu
796 536 22 21 le
832 538 22 19 lo
864 535 66 21 rime.

642 570 19 22 E
671 570 83 22 mifaci
764 569 98 29 jungliie
874 569 88 25 l’estru,

643 604 19 21 E
673 603 91 23 saliane
776 603 55 21 indu
843 602 22 21 le
877 602 68 25 cime,

642 637 120 21 Percanlà
774 636 23 21 lu
809 638 23 19 lo
842 641 82 22 sapere

643 669 73 22 Riccu
728 670 35 20 Ira
775 669 22 20 le
809 670 79 19 nostre
901 667 113 21 schierre.

642 713 56 21 Fior
709 712 24 21 di
743 712 71 21 Cirnu
824 710 164 29 splendorenle

642 745 43 22 Chi
694 744 88 30 spende
793 744 53 22 luce
858 750 13 15 e
882 743 81 26 odorc,

641 778 157 22 Orsacchione
809 776 163 29 indipendenle

643 811 42 22 Chi
694 814 68 19 canta
774 818 28 14 eu
813 810 140 22 Lant’ardore

641 845 21 22 A
670 847 80 19 nostia
762 843 95 23 Corsica
866 846 76 20 amata

642 878 76 29 Oghiè
729 879 52 21 cusi
791 879 138 20 tramanata.

642 922 136 22 Canlemola
792 922 53 22 lulli
856 922 89 22 inseme

642 956 19 22 E
673 956 63 21 dimu
748 955 22 22 le
781 962 27 15 so
821 955 102 22 billezze.

641 990 19 21 A
670 989 40 22 noi
723 989 53 22 aliri
788 989 38 21 chi
836 988 20 22 ci
867 995 79 22 preme

642 1022 62 22 Fòra
713 1022 24 22 di
748 1022 23 22 le
782 1029 27 15 so
822 1021 130 23 ricchezze?

641 1055 11 22 I
661 1056 75 22 noslri
747 1056 47 22 cari
808 1055 101 22 babboni

642 1089 45 22 Per
698 1089 87 29 pagalli
798 1096 30 15 un
841 1089 34 22 c’è
886 1088 99 23 milioni.

642 1133 33 23 Pè
687 1134 22 22 la
719 1133 85 27 Patria,
817 1134 70 22 arditi
896 1140 13 15 e
921 1133 60 27 fieri,

643 1167 136 23 Hanu.datu
791 1167 23 22 la
826 1174 27 15 so
864 1167 57 27 vita,

642 1200 118 23 Onoremu
772 1201 31 21 sti
815 1201 112 29 guerrieri

643 1234 43 22 Chi
699 1234 78 22 l’hanu
787 1234 57 22 fatta
856 1234 49 22 finit
907 1240 16 16 a'
935 1242 6 19 ;

643 1267 117 23 Pirdendu
769 1268 24 22 la
803 1267 94 23 Liberté

642 1301 25 22 Si
678 1301 116 22 n’andonu
804 1308 30 15 eu
845 1301 73 23 fierté.

642 1346 53 27 Noi,
708 1347 18 21 îi
737 1353 27 15 so
776 1347 151 25 discendenti,

642 1380 123 22 Binadimu
776 1380 24 22 la
813 1380 104 22 mimoria

644 1414 28 21 Di
685 1414 111 22 tanl’eroi-
802 1414 86 22 valenti

644 1447 43 23 Chi
699 1447 124 22 fluriscenu
834 1447 22 22 la
865 1447 73 22 storia

644 1481 28 22 Di
681 1481 79 26 Cirnu,
774 1481 23 22 lu
810 1481 56 22 nidu
878 1481 75 27 d’oru,

643 1514 19 22 E
674 1515 23 21 la
709 1521 27 16 so
750 1517 58 20 testa
818 1514 24 22 di
854 1521 74 15 moru.

936 1558 88 23 Ciaûu.

691 1603 204 28 Muvrafeccio,,u
900 1611 15 21 4
923 1606 91 27 agoslu
1023 1603 63 29 1926.

637 1683 17 18 U
660 1684 67 18 venari
733 1683 22 18 27
761 1685 67 22 agostu
836 1684 12 18 è
855 1683 88 18 mortuin
950 1683 75 18 Aiacciu
1028 1688 13 12 u
1046 1683 41 22 sgiô

615 1712 121 18 Bartulumeu
742 1712 67 21 Massa,
816 1712 62 18 babbu
885 1712 19 17 di
911 1717 15 12 u
933 1712 67 18 nostru
1007 1711 62 18 amicu
1077 1715 11 14 e

615 1740 242 19 collaboratore-Dumenicu
864 1740 60 18 Massa
935 1740 73 22 (Kvm).

637 1768 137 24 Gunduglianze
785 1768 90 19 atlristite
891 1773 11 13 a
918 1773 14 12 u
940 1769 66 17 nostru
1013 1767 75 18 cunfra-

614 1797 46 17 tellu
669 1801 11 13 e
691 1797 38 17 a’so
737 1796 89 23 famiglia.

738 1879 43 36 A
794 1879 70 37 LU
869 1878 95 38 CIA

816 1961 18 14 la
842 1961 75 14 mumentu
922 1960 15 14 di
947 1961 42 17 parte
996 1960 15 14 in
1021 1963 65 11 vacanza

816 1984 11 10 n
834 1980 17 14 27
859 1980 51 17 Lugliu
917 1981 16 13 di
940 1980 49 14 i'annn
998 1980 49 14 1920...

848 2015 7 16 I

637 2048 66 23 Lugliu
714 2048 15 18 si
739 2051 50 14 more
798 2051 54 14 senza
862 2049 64 19 Irostu,

637 2072 57 19 Senza
703 2073 59 22 lampà
770 2072 74 18 fulmiui
853 2076 11 14 e
873 2072 37 18 toni

636 2098 75 18 Affacca
722 2103 11 12 u
740 2098 100 22 pulverosu
848 2098 56 18 Aostu

682 2123 28 18 Gu
718 2123 8 18 i
733 2123 86 18 sulleoni.

636 2162 28 18 Eu
672 2163 32 17 chi
711 2163 53 17 temu
775 2162 21 18 lu
805 2163 66 21 calore,

637 2187 33 19 Chi
678 2188 73 18 ricercu
759 2188 18 18 le
785 2187 74 19 fresche
867 2188 50 17 stese

635 2212 27 18 Mi
667 2217 26 14 ne
700 2217 32 18 vo,
741 2217 30 13 ma
779 2217 12 14 a
798 2213 99 18 maliucore

681 2239 17 17 A
705 2243 15 12 u
728 2242 61 18 paese.

636 2277 26 18 Mi
669 2282 25 13 ne
701 2281 32 18 vo,
739 2277 75 18 l’anima
822 2277 72 21 malala,

636 2302 87 18 Luntanu
730 2302 48 18 assai
786 2303 24 17 da
816 2302 67 21 Bastia,

635 2327 71 19 Perché
714 2328 16 17 ti
736 2327 60 18 lesciu
802 2328 122 21 addisperata,

682 2353 25 17 La
715 2352 37 18 mio
760 2352 64 18 Lucia.

637 2391 46 19 Gulà
690 2392 18 18 ci
717 2397 20 13 so
745 2392 20 17 le
773 2393 13 9 £S
793 2392 59 18 Rosse
861 2396 11 14 e
879 2392 71 18 Bionde
955 2393 11 8 ”

635 2417 36 21 Ma,
677 2422 26 13 un
711 2417 129 23 eircheragbiu
847 2422 11 13 a
865 2418 103 20 manc’una,

636 2441 35 19 Chi
680 2442 110 23 videraghiu
798 2442 22 18 in
825 2443 61 22 quelle
893 2443 67 18 stonde

682 2467 77 23 Sempre
766 2468 18 17 la
790 2467 68 19 Bruna.

635 2506 16 18 E
656 2510 21 14 se
685 2506 17 18 ci
708 2506 25 18 ha
740 2506 78 18 lesciatu
825 2507 20 17 la
852 2507 65 21 morte,

637 2531 78 21 Quandu
724 2532 113 17 cumincierà
843 2532 79 21 l’otlore,

636 2556 101 18 Riturnerà
743 2561 48 13 ancu
798 2557 34 22 più
840 2557 48 18 forte

682 2581 16 18 U
706 2582 65 18 nostru
778 2586 70 14 amore.

828 2621 31 21 .11

652 2660 115 22 Tristizia
777 2661 28 21 di
815 2661 189 22 Luntananza...
1017 2660 34 29 (1)

849 2698 62 17 Qnaudu
916 2699 17 14 sô
938 2699 39 17 soin,

636 2731 58 19 Lenta
701 2736 32 14 ma
740 2732 59 18 ferma
804 2737 11 13 a
823 2734 52 18 notte
883 2737 55 17 vene,

637 2757 58 18 L’alta
699 2757 52 19 volta
759 2758 10 17 è
776 2762 56 14 senza
839 2759 50 21 luna;

636 2782 41 18 Una
684 2783 74 18 visione
766 2783 26 18 mi
800 2784 67 22 ritene,

682 2808 56 18 Lucia
746 2808 65 18 bruna.

637 2847 22 18 Ti
666 2851 52 18 vegu
727 2847 19 18 in
751 2847 19 18 le
777 2852 42 13 sere
829 2848 76 18 d’estate

637 2872 50 18 Pusà
693 2873 59 17 nantu
760 2873 18 17 le
786 2872 104 23 paneulellé
896 2878 5 16 ;

637 2897 75 23 Rivegu
721 2902 14 13 e.
739 2898 20 17 to
767 2898 69 18 treccie
844 2898 92 18 annudate

623 2929 6 4 -
647 2937 5 4 .
683 2922 52 19 Faite
742 2923 21 17 in
771 2923 67 18 anelle.

636 2961 23 17 Ti
666 2965 70 19 vegu,o
743 2962 19 17 la
769 2962 38 17 mio
815 2962 93 22 pitturale,

637 2985 84 19 Rîcolma
728 2991 10 13 a
747 2987 61 22 grazia
814 2992 12 13 e
833 2988 109 20 ribustezza,

638 3010 56 19 Ocehi
702 3012 52 18 lacca
762 3012 19 18 di
789 3013 56 18 stelle
852 3013 43 21 fale,

682 3037 50 17 Pura
739 3037 86 18 bellezza.

636 3075 24 17 Ti
666 3080 53 18 vegu
726 3080 74 18 sempre
807 3077 107 18 alluminata

638 3100 26 17 Da
672 3101 65 17 chiaru
745 3105 12 14 e
762 3102 23 17 da
793 3103 80 17 nueente
881 3102 47 18 risu.

636 3125 56 18 Paria
699 3130 28 13 un
734 3126 87 22 anghiula
829 3123 55 22 faiata

683 3151 26 17 Da
717 3151 92 21 paradisu.

637 3188 69 23 Yogliu
713 3189 20 18 di
740 3189 43 18 sinu
792 3194 12 14 a
810 3190 20 18 la
836 3191 59 17 morte

637 3213 71 18 Amatti
717 3218 11 13 e
736 3218 36 14 cun
780 3214 76 19 fervidu
863 3219 64 14 amore
933 3220 5 13 :

637 3237 48 19 Core
692 3239 63 17 d’omu
762 3243 27 13 un
797 3239 11 18 è
816 3241 40 17 eus!
864 3240 55 22 forte,

683 3263 14 18 0
706 3264 53 18 dolce
767 3263 53 19 fiore.

637 3301 58 19 Lenta
702 3307 31 13 ma
739 3302 60 19 ferma
806 3308 11 13 a
823 3305 52 17 notte
882 3308 55 18 vene,

637 3326 57 19 L’alta
698 3328 53 18 volta
759 3328 11 17 è
776 3333 55 13 senza
839 3330 49 17 luna.

637 3351 52 22 Solu,
697 3357 12 13 a
717 3352 78 19 tristizia
803 3354 27 17 mi
837 3354 59 18 ritene

683 3377 56 18 Lucia
746 3377 65 18 bruna.

706 3414 78 18 Anton
793 3415 130 24 GMuseppu
930 3417 136 18 Terrazzoni

788 3443 20 17 di
816 3448 12 12 a
835 3444 140 18 Pancheraecia.

631 3490 22 18 (1)
660 3491 14 13 A
679 3491 23 14 ste
715 3491 51 17 pnesie
776 3495 31 11 una
819 3493 39 14 bella
864 3493 57 15 musica
929 3494 9 14 è
949 3495 41 14 stata
997 3495 39 15 fatta
1048 3496 22 14 da
1077 3500 10 11 c

616 3509 66 18 giovann
689 3510 55 14 artlstn
749 3510 87 16 Giiinvanni
843 3512 74 14 Giannoni
924 3513 17 14 di
948 3514 105 16 Pietraserena.

638 3579 68 19 GhioAÛ
714 3580 20 18 îà
742 3580 11 18 è
761 3582 50 18 statu
819 3583 101 21 celebratu,
934 3584 21 18 in
969 3585 95 23 Bargiana,
1075 3591 12 13 u

616 3607 121 18 matrimoniu
744 3608 21 17 di
771 3610 128 19 madamicella
905 3611 59 19 Maria
970 3613 69 18 Olivari
1045 3618 24 13 eu
1075 3619 13 12 u

617 3635 125 18 sott’uîfieiale
752 3636 54 23 Luigi
816 3638 114 23 Bicchieray.

637 3662 73 18 A’festa
719 3663 30 17 chi
757 3665 53 21 segui
818 3670 12 13 a
838 3666 100 18 cerimonia
943 3667 22 18 sô
972 3668 116 18 intervenuti

617 3689 153 22 l’impruvisatori
776 3691 142 23 Juvan’Andria,
928 3694 76 22 Agnulu
1011 3695 76 18 Stefanu

618 3719 10 13 e
639 3716 48 17 Orsu
697 3717 76 17 Matten.

640 3742 132 23 Cumplimenti
779 3750 13 12 a
799 3746 8 17 i
815 3747 75 22 giovani
898 3749 57 21 sposi.

1237 145 234 35 GIURNALI

1113 210 189 20 .Autonomia

1135 249 20 5 ...
1165 237 16 16 Il
1190 241 12 17 y
1210 241 11 12 a
1232 236 105 22 longtemps
1348 237 37 18 que
1396 236 47 13 nous
1454 235 48 13 nous
1513 230 77 17 élevons

1112 262 64 17 contre
1188 261 50 17 cette
1249 258 122 21 assimilation
1383 256 75 22 stupide
1469 256 23 17 de
1502 255 19 17 la
1534 254 56 18 Corse

1112 290 38 13 aux
1160 286 65 16 autres
1237 283 136 25 départements
1385 280 85 21 français.
1482 279 27 18 En
1523 283 67 13 avons-

1111 314 49 14 nous
1166 309 68 21 noirci,
1240 310 35 18 des
1283 310 93 17 colonnes,
1387 309 46 18 pour
1440 304 108 18 démontrer
1553 307 37 17 que

1112 334 61 18 c’était
1183 334 19 17 là
1207 338 39 14 une
1254 333 107 23 conception
1369 331 12 16 à
1386 330 18 17 la
1411 329 35 18 fois
1453 328 70 22 puérile
1529 328 20 17 et
1554 327 36 18 cri-

1113 359 83 21 minelle,
1208 359 19 17 et
1237 360 56 20 qu’on
1301 363 23 13 ne
1335 354 77 24 pouvait
1422 353 99 20 vraiment,
1531 356 33 18 par
1572 352 18 17 la

1112 384 55 17 vertu
1179 383 110 22 inopérante
1300 384 31 16 des
1339 381 56 19 mots,
1406 378 87 18 modifier
1504 378 53 17 notre
1565 376 25 18 si-

1114 408 71 17 tuation
1197 408 136 22 géographique
1344 406 20 17 et
1372 403 83 18 décréter
1466 407 36 17 que
1510 406 48 13 nous
1565 405 25 13 ne

1113 437 82 13 sommes
1206 432 44 22 plus
1258 437 37 14 une
1303 433 24 17 île
1340 436 9 10 «
1356 428 88 19 entourée
1453 427 53 18 d’eau
1515 427 24 17 de
1547 427 43 16 tous

1113 457 50 19 côtés
1170 463 17 15 »,
1194 461 73 14 comme
1273 457 56 18 disait
1334 456 19 21 je
1358 458 26 14 ne
1391 453 38 17 sais
1436 452 43 22 plus
1487 452 43 21 quel
1537 451 53 17 séna-

1114 484 47 16 teur.

1134 504 138 22 Peineperdue:
1277 499 186 27 nosparlementaires
1467 501 120 16 eux-memes,

1114 531 42 16 tous
1164 529 30 18 les
1202 529 97 21 premiers,
1307 526 91 20 semblent
1405 524 49 18 tenir
1462 523 126 23 étrangement

1112 555 11 17 à
1130 555 50 17 cette
1188 553 68 18 fiction
1264 554 17 18 si
1288 551 80 21 nuisible
1376 551 12 16 à
1396 554 34 14 nos
1438 548 78 19 intérêts
1524 548 66 18 collec-

1114 580 41 17 tifs:
1165 579 24 17 ils
1198 579 96 22 craignent
1302 575 92 25 peut-être
1402 579 36 18 que
1446 575 19 17 la
1471 574 76 21 France,
1556 577 32 13 ou-

1114 606 55 16 vrant
1177 604 53 18 enfin
1238 605 29 17 les
1275 606 53 20 yeux,
1336 601 76 18 accorde
1418 600 11 18 à
1434 600 18 18 la
1457 599 57 18 Corse
1518 603 28 13 un
1552 599 37 17 sta-

1114 631 29 16 tut
1154 629 70 22 spécial
1235 629 34 22 qui
1279 626 119 20 diminuerait
1408 626 19 17 le
1437 625 78 18 nombre
1525 624 25 17 de
1558 627 31 13 ses

1113 654 140 23 représentants
1259 658 25 12 au
1289 652 111 19 Parlement,
1406 655 24 12 ou
1436 649 32 22 qui
1473 649 56 17 ferait
1534 649 55 16 d’eux

1113 681 33 16 des
1152 678 79 23 députés
1236 679 23 16 de
1265 676 96 19 deuxième
1365 679 68 14 zone...
1438 674 96 20 Pourtant,
1540 676 49 14 nous

1113 707 24 15 lie
1145 707 97 15 cesserons
1253 703 24 17 de
1284 701 18 18 le
1310 700 78 22 répéter,
1398 700 18 17 la
1424 699 56 18 Corse
1491 698 49 17 n’est
1548 701 39 18 pas,

1113 734 24 13 ne
1145 730 47 22 peut
1199 733 34 18 pas
1241 728 40 17 être
1288 731 27 13 un
1325 725 128 22 département
1464 722 86 22 français.
1560 721 28 19 On

1113 754 102 19 n'assimile
1220 757 35 19 pas
1256 757 29 13 xin
1289 751 30 18 cul
1323 751 24 17 de
1350 750 46 23 jatte
1400 754 45 13 avec
1450 750 34 17 des
1489 751 100 15 courreurs

1113 780 11 17 à
1131 780 53 22 pied;
1197 784 23 12 on
1233 782 25 13 ne
1269 780 83 18 compare
1363 780 33 17 pas
1406 779 38 13 une
1455 774 70 21 barque
1536 773 12 17 à
1555 773 34 17 des

1113 804 121 19 locomotives
1238 808 6 12 :
1253 807 25 13 on
1284 805 24 14 ne
1316 800 48 18 mêle
1368 804 40 19 pas,
1415 801 46 16 dans
1467 804 38 13 une
1513 798 77 18 omelet-

1115 831 24 20 te,
1145 830 28 18 les
1179 829 50 18 oeufs
1236 828 24 17 de
1266 826 53 22 poule
1324 830 46 13 avec
1376 830 26 13 un
1408 825 51 23 galet
1464 825 22 17 de
1492 822 97 24 granit.On

1113 859 46 13 aura
1169 855 48 17 beau
1229 853 77 17 tourner
1316 852 69 16 autour
1396 851 23 17 de
1429 850 18 18 la
1459 849 92 23 question,
1564 852 25 13 on

1113 879 128 22 n’empêchera
1247 881 33 18 pas
1285 881 36 17 que
1326 876 19 18 la
1350 875 57 19 Corse
1412 875 35 18 soit
1452 879 38 13 une
1493 874 32 21 île,
1529 874 19 17 et
1552 877 37 13 une

1114 905 25 18 île
1149 905 49 17 n’est
1209 907 34 19 pas
1254 906 38 14 une
1302 901 101 23 presqu’île
1409 906 5 12 :
1427 900 13 18 il
1449 905 13 17 y
1470 904 11 13 a
1489 899 66 18 autant
1566 898 24 17 de

1114 927 101 21 différence
1221 929 55 17 entre
1282 931 36 14 une
1323 927 27 18 île
1355 927 21 17 et
1382 931 37 13 une
1427 925 105 23 presqu’île,
1543 923 46 23 qu’il

1114 960 12 17 y
1133 959 24 14 en
1165 960 12 12 a
1185 955 54 17 entre
1247 958 27 13 un
1282 953 69 22 borgne
1359 952 20 18 et
1387 956 26 13 un
1421 950 86 23 aveugle.
1514 950 26 17 Le
1548 949 42 17 bor-

1113 985 37 17 gne
1157 980 48 21 voit,
1214 980 21 17 et
1242 977 92 23 l’aveugle
1342 981 25 14 ne
1374 976 41 18 voit
1423 980 42 18 pas;
1474 975 46 18 c’est
1527 975 20 17 la
1554 973 36 18 dif-

1113 1006 75 18 férence
1196 1005 23 17 de
1227 1004 44 18 zéro
1279 1003 11 18 à
1297 1003 74 20 l’infini,
1383 1003 25 17 du
1418 1001 40 18 tout
1464 1005 24 13 au
1497 1000 63 21 néant,
1567 999 23 17 de

1113 1030 128 18 l’affirmation
1249 1029 12 18 à
1268 1029 19 17 la
1297 1028 94 23 négation.
1403 1027 45 17 Plus
1459 1026 69 22 qu’une
1537 1024 54 18 diffé-

1113 1060 61 17 rence,
1184 1060 26 13 un
1219 1054 99 19 contraire.

1135 1083 81 24 (L'Eveil
1224 1083 23 18 de
1255 1082 20 18 la
1283 1081 66 23 Corse.)

1113 1122 16 20 I
1139 1120 98 26 Legni

1136 1151 99 23 Toujours,
1242 1150 12 18 à
1259 1149 58 22 Paris,
1323 1148 57 21 sévit,
1386 1148 46 17 dans
1437 1147 29 18 les
1473 1145 118 19 administra-

1113 1178 51 17 tions
1172 1176 100 21 centrales,
1281 1175 47 18 cette
1336 1174 56 18 triste
1399 1173 62 18 manie
1468 1172 24 17 de
1499 1170 92 19 l’unifica-

1114 1203 40 18 tion
1162 1202 34 23 qui
1203 1202 44 17 leur
1255 1201 35 17 fait
1297 1199 72 19 oublier
1378 1202 37 19 que
1422 1198 19 18 la
1448 1196 57 19 Corsé
1515 1196 31 17 est
1552 1199 38 14 une

1114 1228 32 22 lie,
1153 1228 18 18 si
1179 1227 36 18 elle
1224 1227 30 18 est
1261 1231 27 13 un
1297 1224 128 23 département
1432 1221 85 22 français.
1522 1221 70 22 Dépar-

1114 1253 73 18 tement
1194 1251 88 23 français,
1285 1251 27 18 ils
1315 1250 28 18 lui
1350 1249 109 23 appliquent
1463 1248 18 17 la
1486 1247 51 22 règle
1542 1250 49 14 com-

1114 1283 63 14 mune.
1187 1278 33 22 Ile,
1229 1277 38 18 elle
1275 1281 24 13 ne
1304 1276 46 22 peut
1357 1279 34 18 pas
1398 1275 19 17 la
1425 1273 120 23 supporter...

1136 1304 38 18 Nos
1182 1303 42 18 bois
1232 1307 25 14 ne
1271 1301 106 24 pourraient
1391 1299 91 22 rejoindre
1496 1298 28 18 les
1536 1301 54 14 cours

1114 1329 95 22 pratiqués
1216 1328 68 20 sûr.les
1289 1326 84 20 marchés
1379 1326 25 17 du
1409 1324 97 19 continent
1510 1322 81 21 français

1115 1355 42 21 qu’à
1160 1355 19 17 la
1183 1353 96 19 condition
1282 1352 57 19 d’être
1344 1349 115 23 transportés
1463 1347 129 22 économique-

1115 1380 58 22 ment,
1181 1378 112 19 c’cst-à-dire
1298 1382 32 18 par
1335 1377 34 17 des
1375 1375 77 18 voiliers
1459 1374 23 17 de
1487 1372 58 19 faible
1551 1373 40 17 ton-

1114 1409 54 18 nage,
1178 1404 34 23 qui
1219 1404 48 18 font’
1273 1401 141 24 complètement
1425 1399 64 18 défaut
1499 1399 11 16 à
1517 1398 74 17 l’arme-

1115 1431 52 17 ment
1174 1429 82 22 français
1265 1430 18 17 et
1287 1429 32 22 qui
1324 1427 44 18 sont
1372 1430 38 13 une
1418 1423 95 24 spécialité
1517 1423 74 18 italien-

1115 1461 30 13 ne.
1160 1455 154 20 Naturellement,
1325 1453 38 17 l’on
1374 1451 84 23 n’ignore
1468 1453 34 18 pas
1514 1453 37 17 que
1561 1448 29 18 les

1114 1481 78 18 voiliers
1198 1481 77 17 italiens
1286 1479 50 18 n’ont
1344 1481 33 19 pas
1385 1477 18 17 le
1411 1475 50 18 droit
1468 1475 23 17 de
1499 1474 92 22 naviguer

1115 1508 24 16 de
1146 1507 43 21 port
1199 1505 81 21 français
1288 1505 12 16 à
1306 1504 42 22 port
1356 1501 86 21 français.

1135 1529 28 18 De
1170 1529 46 17 telle
1225 1528 51 17 sorte
1282 1531 36 18 que
1324 1527 19 16 le
1351 1524 63 19 décret
1423 1527 23 14 en
1453 1522 94 23 question,
1552 1525 38 14 une

1114 1553 91 23 stupidité
1209 1557 50 14 vous
1265 1552 59 22 dis-je,
1330 1550 77 23 signifie
1412 1548 118 22 simplement
1534 1546 57 30 ^arti-

1114 1580 28 17 cle
1150 1579 82 23 premier
1238 1579 20 17 et
1265 1578 78 21 unique:
1354 1582 9 10 «
1368 1573 106 20 l’industrie
1481 1573 27 17 du
1513 1571 42 18 bois
1561 1572 29 17 est

1113 1604 89 18 interdite
1210 1607 47 15 sous
1265 1603 60 18 toutes
1333 1601 29 18 les
1369 1600 70 18 formes
1445 1603 25 13 en
1475 1598 62 20 Corse,
1544 1601 45 19 pays

1114 1634 71 18 pauvre
1201 1630 20 17 et
1230 1633 44 14 sans
1282 1626 97 21 industrie,
1391 1624 113 19 nonobstant
1510 1623 29 17 les
1547 1626 43 14 con-

1113 1656 58 17 tracts
1179 1654 72 23 passés,
1258 1654 28 18 les
1294 1653 75 22 équipes
1378 1650 86 21 formées,
1472 1649 29 17 les
1507 1648 45 17 frais
1558 1651 32 14 en-

1112 1680 57 23 gagés
1180 1681 20 16 et
1210 1680 30 17 les
1254 1679 62 18 stocks
1328 1676 42 23 déjà
1385 1674 107 21 constitués,
1507 1673 82 22 lesquels

1112 1705 109 22 pourriront
1232 1709 34 13 sur
1274 1704 56 22 place.
1338 1708 10 11 »

1134 1730 41 19 Une
1183 1729 99 23 stupidité,
1291 1733 46 14 vous
1346 1727 55 22 dis-je
1407 1726 5 18 !

1134 1758 33 22 (La
1170 1757 58 19 Jeune
1231 1756 60 24 Corse)
1491 1751 24 19 L.
1522 1750 32 19 M.

1117 1794 158 25 Trasporti
1282 1791 147 22 maritîmi

1132 1825 30 19 Eh
1170 1826 44 17 bien
1221 1825 7 18 !
1238 1824 47 23 j’ose
1292 1824 40 17 dire
1340 1823 56 22 qu’en
1404 1826 22 14 ce
1436 1820 88 21 moment,
1537 1819 14 18 il
1559 1819 29 18 est

1112 1855 42 14 rare
1161 1851 58 22 qu’on
1227 1850 74 21 reçoive
1311 1853 26 13 un
1346 1847 55 19 envoi
1411 1846 94 19 conforme
1512 1849 26 14 au
1545 1848 43 14 con-

1112 1876 117 20 naissement
1236 1885 25 3 —
1266 1879 33 14 sur
1304 1874 11 17 4
1320 1874 46 18 colis
1373 1877 25 14 on
1404 1876 25 14 en
1436 1873 68 16 trouve
1508 1870 17 22 3,
1532 1880 23 3 —
1559 1870 30 18 les

1112 1902 111 19 recherches
1231 1901 29 17 les
1265 1901 43 21 plus
1315 1898 124 19 minutieuses
1446 1897 72 18 restent
1522 1896 66 17 vaines

1112 1933 33 13 sur
1152 1928 55 17 notre
1215 1926 46 22 quai
1267 1926 24 17 où
1299 1925 108 22 séjournent
1413 1924 29 17 les
1450 1921 139 19 marchandises

1112 1952 115 23 débarquées
1238 1951 66 22 depuis
1314 1950 32 18 dix
1353 1949 59 23 jours,
1425 1949 19 17 et
1451 1948 39 18 cela
1499 1951 44 14 sans
1551 1950 37 18 que

1111 1976 95 21 l’autorité
1210 1976 119 23 responsable
1334 1975 40 18 s’en
1379 1974 85 18 émeuve.
1469 1973 16 18 Il
1490 1977 14 18 y
1506 1977 11 13 a
1522 1976 68 18 cepen-

1112 2005 45 17 dant
1162 2003 35 17 des
1201 2002 114 22 règlements
1319 2001 12 17 à
1334 2000 98 20 observer,
1437 1998 46 18 mais
1488 2001 100 19 passons...

1111 2030 25 17 Le
1144 2027 100 23 négociant
1252 2026 72 22 inquiet
1331 2025 80 18 réclame
1419 2025 19 17 le
1445 2023 46 19 colis
1497 2022 60 23 égaré,
1564 2026 25 13 on

1111 2054 29 18 lui
1146 2053 71 22 répond
1225 2051 125 24 placidement
1357 2051 19 17 et
1382 2054 34 18 par
1424 2049 97 18 habitude:
1531 2047 28 18 On
1563 2052 25 13 va

1111 2079 48 20 faire
1167 2079 34 17 des
1209 2077 116 18 recherches.
1331 2081 10 11 »
1353 2076 36 17 Les
1397 2075 99 21 semaines,
1503 2074 29 17 les
1541 2073 47 18 mois

1110 2105 78 22 passent
1196 2107 45 14 sans
1249 2102 83 18 résultat.
1345 2100 28 19 On
1382 2100 73 18 revient
1463 2100 11 17 à
1481 2100 20 17 la
1508 2099 69 22 charge
1582 2103 5 12 :

1112 2136 9 11 «
1127 2129 100 20 Attendez,
1236 2128 29 18 les
1273 2126 109 19 recherches
1390 2125 136 19 continuent....

1132 2155 24 17 Je
1166 2154 30 18 dis
1210 2153 120 22 simplement
1343 2156 37 18 que
1392 2151 49 18 cette
1454 2150 91 18 situation
1558 2150 31 18 est

1107 2179 131 22 .intolérables.
1239 2178 80 18 Ailleurs
1324 2177 64 22 qu’ici,
1392 2177 18 17 la
1415 2175 92 19 Chambre
1510 2176 24 17 de
1540 2179 49 14 com-

1112 2209 61 14 merce
1185 2205 44 22 plus
1243 2204 96 18 soucieuse
1353 2203 35 17 des
1398 2201 78 18 intérêts
1486 2200 101 23 généraux,

1111 2231 62 17 aurait
1178 2230 28 18 tôt
1209 2229 36 18 fait
1250 2229 92 17 d’amener
1346 2227 19 18 la
1371 2226 111 23 Compagnie
1487 2226 101 18 Frais'sinet

1112 2256 11 17 à
1130 2255 69 18 mettré
1207 2255 25 17 de
1239 2251 67 21 l’ordre
1314 2254 47 17 dans
1368 2257 32 13 ses
1407 2252 50 18 servi
1459 2255 39 15 ees.

1135 2282 81 24 (L’Eveil
1221 2282 23 18 de
1249 2282 20 18 la
1273 2281 65 23 Corse.)

1112 2321 15 19 I
1133 2320 64 20 Dui
1204 2319 113 20 Vesefai

1134 2353 48 22 Cinq
1190 2352 82 22 évêques
1279 2351 84 19 vivaient
1370 2350 91 18 autrefois
1468 2354 23 14 en
1500 2349 61 21 Corse,
1569 2351 19 16 et

1111 2384 50 14 vous
1168 2378 91 18 voudriez
1267 2381 36 18 que
1309 2377 23 17 de
1337 2380 36 14 nos
1378 2376 60 22 jours,
1444 2375 51 18 deux
1500 2375 30 23 n’y
1538 2375 51 23 puis-

1112 2406 43 17 sent
1164 2408 35 18 pas
1209 2402 70 19 vivre?
1292 2402 26 18 La
1327 2401 35 22 foi,
1376 2401 48 18 Dieu
1434 2400 64 22 merci,
1510 2401 30 17 est
1549 2400 40 18 loin

1112 2429 59 18 d’être
1179 2429 62 17 morte
1249 2428 44 18 chez
1301 2431 48 14 nous
1354 2427 20 17 et
1378 2430 34 14 nos
1420 2425 118 23 populations
1546 2426 43 17 sont

1113 2456 94 20 beaucoup
1218 2454 45 21 plus
1271 2452 58 19 aisées
1337 2452 44 22 qu’à
1392 2451 71 18 l’heure
1470 2455 25 13 ou
1503 2451 53 18 notre
1562 2450 27 18 île

1113 2479 89 23 comptait
1210 2479 45 22 cinq
1264 2478 82 18 évêchés.

1133 2503 52 17 Elles
1192 2506 25 13 ne
1225 2501 63 23 paient
1296 2501 42 22 plus
1346 2500 19 17 la
1373 2500 50 17 dîme
1433 2499 46 18 mais
1491 2498 99 23 spontané-

1113 2528 51 18 ment
1173 2528 21 17 et
1201 2531 45 14 sans
1257 2525 160 19 contrainte.elles
1425 2525 77 17 vérSent
1508 2524 34 18 des
1550 2523 39 23 pié-

1113 2554 57 17 cettes
1182 2553 20 17 et
1209 2553 34 17 des
1255 2552 63 18 billets
1327 2551 25 17 de
1362 2551 74 21 banque
1445 2550 13 17 à
1465 2550 25 17 la»
1495 2549 60 18 caisse
1563 2550 26 16 du

1112 2578 65 18 denier
1188 2578 26 17 du
1222 2577 51 18 culte
1280 2576 33 23 qui
1320 2575 74 18 fournit
1402 2579 37 14 aux
1446 2574 62 23 prêtes
1517 2575 20 18 le
1544 2574 45 23 pain

1112 2603 79 22 quotien
1532 2607 8 3 ’

1134 2625 109 19 D’ailleurst
1250 2624 17 18 si
1275 2628 35 14 nos
1320 2622 130 23 compatriotes
1461 2622 69 18 étaient
1537 2622 52 18 aussi

1113 2654 81 19 pauvres
1200 2654 38 18 que
1242 2653 48 14 vous
1294 2648 92 18 voudriez
1391 2648 18 18 le
1414 2648 48 18 faire
1466 2648 66 21 croire,
1538 2648 52 17 Mon-

1113 2677 88 22 seigneur
1209 2675 87 17 Simeone
1304 2673 80 18 n’aurait
1391 2677 33 18 pas
1432 2672 65 19 acheté
1504 2673 17 17 le
1530 2673 59 22 grand

1113 2702 18 17 et
1136 2702 20 17 le
1160 2700 48 23 petit
1216 2699 106 19 séminaire.
1325 2699 76 17 L’achat
1405 2699 24 17 de
1434 2702 32 14 ces
1470 2698 118 21 immeubles,

1113 2727 34 18 nul
1158 2731 24 13 ne
1184 2725 94 24 T’ignore,
1290 2724 85 23 provient
1386 2724 33 18 des
1429 2723 93 19 Offrandes
1534 2723 55 19 faites

1113 2756 34 18 par
1154 2752 34 17 des
1199 2750 68 19 Corses
1272 2754 5 18 ;
1291 2749 82 23 j’ajoute,
1388 2754 24 13 au
1423 2749 82 22 surplus,
1519 2753 37 18 que
1565 2749 24 18 de

1113 2778 61 17 l’aveu
1180 2776 63 19 même
1248 2775 24 18 de
1277 2775 53 18 nôtre
1334 2774 67 18 ancien
1406 2774 77 23 évêque,
1489 2774 66 23 jamais
1560 2774 29 18 les

1113 2802 135 18 continentaux
1257 2801 51 17 n’ont
1314 2799 56 19 versé
1374 2804 28 14 un
1406 2800 129 18 seul.centime
1543 2804 46 18 pour

1113 2828 18 17 le
1136 2826 63 23 clergé
1204 2827 25 17 de
1236 2827 54 17 notre
1298 2823 79 24 diocèse,
1387 2829 45 14 sous
1438 2826 127 21 pretextéque
1570 2825 19 17 la

1113 2852 57 19 Corse
1177 2852 48 18 était
1233 2855 51 14 assez
1290 2851 51 17 riche
1350 2855 48 18 pour
1403 2855 22 14 se
1433 2850 67 18 suffire
1508 2850 81 18 elle-mê-

1113 2882 60 14 me....

1134 2901 24 17 Je
1162 2899 53 22 finis,
1221 2900 21 17 et
1247 2903 25 14 en
1278 2898 98 18 terminant
1381 2898 19 22 je
1404 2902 48 14 vous
1458 2898 35 18 dis:
1499 2902 90 14 sursum

1115 2924 78 19 corda!
1206 2924 49 18 haut
1267 2924 27 18 les
1308 2927 61 14 coeurs
1378 2923 6 18 !
1406 2923 105 19 Défendons
1528 2923 62 18 l’hon-

1114 2955 47 13 neur
1173 2951 25 16 de
1205 2950 56 17 notre
1272 2949 44 18 cher
1326 2949 21 17 et
1357 2948 48 19 beau
1416 2953 46 18 pays
1469 2954 5 16 ;
1486 2948 103 18 défendons

1114 2975 153 22 l’indépendance
1280 2974 24 18 de
1315 2975 54 16 notre
1377 2974 90 22 héroïque
1479 2973 64 22 clergé
1556 2973 34 22 qui

1114 3000 85 22 toujours
1202 3005 11 12 a
1222 3000 41 17 tant
1266 2999 48 18 aimé
1320 3003 22 13 sa
1348 2999 59 22 patrie
1413 3004 6 17 ;
1429 2999 46 18 mais
1487 2998 102 19 défendons

1114 3026 76 18 surtout
1203 3024 57 18 Pâme
1273 3024 19 17 et
1297 3024 18 17 la
1328 3024 27 17 foi
1363 3024 25 18 de
1398 3026 54 16 notre
1463 3024 56 18 Corse
1533 3023 5 18 !
1554 3024 35 17 Dé-

1114 3050 116 19 fendons-les
1241 3054 25 13 en
1276 3049 74 18 élevant
1358 3054 25 13 au
1391 3050 66 17 dessus
1471 3049 25 18 de
1508 3049 81 22 mesqui-

1119 3080 34 14 nes
1161 3075 134 22 contingences
1303 3075 19 17 et
1329 3078 25 14 en
1363 3074 104 19 réclamant
1474 3079 43 13 sans
1525 3074 65 18 faiblir

1116 3105 22 14 ce
1143 3100 33 22 qui
1183 3101 29 17 est
1220 3099 104 19 nécessaire
1332 3099 12 18 à
1351 3099 85 19 l’intérêt
1451 3099 99 22 supérieur
1565 3100 24 17 de

1114 3127 56 16 notre
1178 3125 33 18 île.

1135 3148 28 18 De
1167 3151 35 14 nos
1207 3147 61 22 jours,
1273 3150 48 14 vous
1325 3146 20 18 le
1350 3151 60 17 savez,
1416 3147 19 17 le
1439 3146 151 18 rétablissement

1104 3187 3 3 .
1114 3173 23 18 de
1141 3171 86 20 l’évêché
1233 3172 24 18 de
1261 3171 81 19 Mariana
1347 3176 35 18 par
1387 3172 18 18 la
1410 3172 82 18 création
1498 3172 45 17 d’un
1547 3171 43 19 évê-

1114 3202 37 17 que
1158 3198 11 17 à
1178 3197 64 18 Bastia
1247 3197 30 18 est
1282 3197 23 17 de
1310 3198 53 17 toute
1370 3196 101 22 nécessité;
1477 3197 19 17 le
1502 3196 49 18 salut
1555 3197 35 17 des

1114 3222 51 18 âmes
1173 3222 20 18 le
1201 3221 81 18 réclame
1289 3221 170 23 impérieusement.

1134 3247 24 18 Je
1161 3247 42 18 dois
1208 3250 49 14 vous
1263 3251 68 14 avouer
1337 3246 102 22 cependant
1443 3251 37 17 que
1483 3246 46 22 jene
1534 3246 57 18 sache

1113 3277 33 17 pas
1155 3271 67 19 m’être
1230 3272 69 21 opposé
1306 3272 11 17 à
1323 3271 76 18 l’action
1406 3270 144 23 providentielle
1556 3276 35 17 par

1113 3297 18 18 la
1138 3296 118 23 publication
1262 3297 23 17 de
1291 3297 78 18 l’article
1375 3296 33 22 qui
1413 3301 12 12 a
1430 3296 71 18 motivé
1505 3296 18 18 le
1528 3296 62 18 vôtres

1112 3322 22 18 Je
1140 3322 50 18 crois
1194 3321 63 18 même
1260 3322 54 18 avoir
1319 3321 69 22 rempli
1391 3325 44 14 mon
1440 3321 71 21 devoir,
1516 3325 26 14 en
1545 3321 47 18 écri-

1113 3347 46 17 vant
1167 3352 10 11 «
1183 3346 86 17 Emotion
1277 3347 19 16 et
1303 3346 96 22 angoisses
1405 3346 121 22 patriotiques
1534 3352 16 16 »,
1559 3351 33 14 car

1113 3371 14 17 il
1135 3375 31 13 me
1174 3370 73 18 semble
1255 3371 52 18 avoir
1314 3370 86 19 travaillé
1407 3375 48 18 pour
1463 3371 46 18 Dieu
1517 3372 21 17 et
1545 3376 47 17 pour

1113 3396 18 17 la
1139 3395 63 20 Corse,
1214 3394 46 19 Pro
1268 3396 47 18 aris
1323 3396 23 17 et
1352 3395 67 18 focis.

1115 3430 14 4 -
1135 3422 165 24 {Bastia-Journal)
1463 3423 83 18 Verax.

1115 3458 161 21 A-nareîiia

1137 3501 20 5 ...
1166 3488 27 17 La
1200 3488 77 19 tribune
1288 3489 78 19 confuse
1377 3489 32 18 des
1421 3489 96 22 questions
1528 3493 63 16 corses

1114 3511 60 17 donne
1185 3510 127 22 l’impression
1321 3511 92 22 fatigante
1424 3512 45 17 d’un
1480 3512 111 22 parlement,

1113 3537 45 13 sans
1165 3532 75 20 maître,
1250 3534 24 16 où
1282 3534 28 18 les
1321 3533 123 18 surenchères
1456 3535 20 16 et
1482 3534 29 17 les
1518 3536 75 21 compé-

1114 3554 65 18 titions
1188 3554 23 17 de
1219 3554 36 17 oOO
1263 3556 143 22 représentants,
1413 3556 20 17 la
1437 3556 75 21 plupart
1518 3556 75 24 incapa-

1113 3577 48 20 bles,
1174 3576 98 18 retardent
1280 3578 30 18 les
1320 3577 92 18 décisions
1424 3579 24 20 et,
1461 3578 33 22 qui
1501 3579 44 21 plus
1555 3581 36 20 est,

1113 3599 28 17 les
1150 3598 82 18 rendent
1242 3599 123 22 impossibles.

1134 3621 19 17 A
1160 3620 63 21 quand
1232 3621 19 17 le
1261 3625 143 19 «gouverneur»
1414 3623 24 16 de
1443 3622 21 18 la
1469 3622 61 22 Corse,
1539 3624 54 18 muni

1114 3643 23 17 de
1148 3642 52 22 plein
1210 3644 97 21 pouvoirs,
1318 3643 33 23 qui
1360 3643 101 19 déciderait
1475 3649 42 13 sans
1529 3646 61 22 appel,

1114 3669 34 13 sur
1155 3664 19 17 le
1182 3664 42 17 seul
1234 3665 42 18 avis
1283 3666 44 17 d’un
1335 3665 74 18 Conseil
1421 3667 171 20 d’Admimistration

1114 3685 86 22 composé
1204 3686 104 20 d’hommes
1313 3688 24 17 du
1343 3687 67 19 métier
1415 3689 20 17 et
1439 3689 35 22 qui
1477 3689 86 19 ficherait
1566 3696 25 13 au

1114 3708 65 22 panier
1184 3709 63 17 toutes
1252 3709 29 18 les
1289 3710 145 22 élucubrations,
1440 3715 43 14 sans
1489 3713 103 18 consistan-

1114 3734 27 17 ce,
1151 3730 34 17 des
1193 3730 97 22 ignorants
1301 3731 151 23 prétentieux?...

1136 3757 34 22 (La
1183 3757 68 24 Corse.)

1666 142 171 47 Cronaca
1859 137 179 48 Aiaccina

1615 236 106 23 Aiacciu
1731 235 81 26 pulita

1638 279 27 4 —
1673 268 21 20 A
1705 269 79 18 nostra
1790 263 160 25 municipalité
1959 262 23 20 si
1988 260 51 21 voie
2047 262 41 22 ap-

1612 295 126 25 paragunà
1746 300 16 14 a
1771 300 13 13 e
1792 290 159 25 municipalité
1964 289 28 20 di
2007 295 16 13 u
2035 294 54 14 cun-

1615 323 88 20 tinente
1716 322 32 24 pè
1763 327 16 14 a
1789 319 99 26 pulizia,
1903 324 13 14 e
1928 318 32 20 ha
1977 316 96 25 ragione
2080 322 8 12 :

1614 350 35 21 l’A
1653 350 86 20 iaccini
1751 352 64 21 ponu
1829 346 64 24 vede,
1912 344 65 26 dipoi
1989 350 16 14 u
2010 344 78 24 prima

1613 377 125 23 sittembre,
1751 376 25 20 in
1785 374 61 21 tutt’i
1858 372 111 25 carrughj
1988 370 102 22 cascioni

1612 406 32 23 pè
1652 411 16 13 a
1676 403 143 23 rumenzula',
1823 408 16 14 u
1844 401 100 21 serviziu
1952 401 14 19 è
1971 400 65 24 fattu
2043 400 46 18 sot-

1615 435 24 17 tu
1648 438 17 14 a
1677 431 117 20 direzione
1803 430 26 20 di
1837 436 16 13 u
1857 429 52 24 sgiò
1925 427 84 21 Orsoni
2016 427 72 20 d’una

1615 465 99 15 manera
1727 456 157 27 impeccabile.

1638 487 55 20 Avà
1702 489 64 17 tocca
1775 492 16 14 a
1799 484 121 21 Tabitanti
1927 490 15 14 a
1948 483 29 25 fà
1986 489 16 14 u
2010 488 26 14 so
2048 481 41 21 du-

1614 521 53 14 vere
1679 521 14 13 e
1706 521 16 13 a
1735 513 122 21 mustrassi
1866 519 31 14 un
1911 515 61 22 pocu
1983 511 43 24 più
2041 509 48 25 pri-

1614 543 88 20 murosi
1708 542 27 21 di
1745 549 16 13 a
1776 541 91 26 pulizia
1876 540 42 20 che
1927 543 34 21 pa
1967 545 16 14 u
1989 541 73 22 passa
2063 539 25 18 tu

1615 578 13 13 e
1633 571 44 25 più
1682 570 117 25 rispettosi
1810 569 26 21 di
1840 567 133 22 l’arrestati.

1614 615 132 22 Rusticoni
1756 614 14 22 è
1782 614 44 26 qui
1832 613 7 22 !

1637 657 28 4 —
1672 647 22 19 U
1704 646 116 24 popularu
1834 642 126 22 cantadore
1973 641 116 20 Juvanuc-

1614 674 37 19 ciu
1658 673 118 22 Rusticoni
1782 673 13 18 è
1798 671 102 25 ghiuntu
1912 676 15 14 a
1935 668 64 25 fassi
2012 673 31 14 un
2055 666 35 25 gi-

1614 708 26 14 ru
1653 702 25 20 in
1692 701 25 20 la
1731 707 25 14 so
1764 700 57 20 città
1829 697 119 22 d’Aiacciu
1960 703 13 13 e
1985 695 33 21 ha
2030 695 58 19 datu

1614 730 45 20 due
1667 736 14 13 o
1690 731 34 18 tre
1737 726 210 27 rapprisintazione
1956 731 16 14 a
1978 730 16 14 u
2007 723 82 21 Teatru

1613 757 109 26 Napuliô.

1641 787 22 20 U
1673 791 107 15 successu
1797 783 106 21 ch’ell’ha
1915 783 73 19 avutu
1997 781 14 19 è
2025 781 64 19 statu

1615 814 81 25 quellu
1700 813 28 20 di
1730 814 95 23 sempre,
1829 812 33 20 c’è
1869 817 16 14 a
1894 811 26 20 di
1928 815 84 15 scemu.

1628 842 43 20 Tut
1669 842 34 20 fa
1707 840 159 26 pupulazione
1870 839 34 20 ha
1909 839 80 20 tenutu
1994 835 96 26 afàfes-

1614 873 25 18 ta
1652 877 17 13 a
1685 869 148 21 sfeccellente
1841 867 91 21 artista,
1941 872 13 13 e
1962 863 126 26 l’àpplausi

1613 899 26 20 sò
1647 898 90 21 cascati
1743 903 65 15 cume
1816 903 16 13 a
1838 894 116 27 grandine
1968 890 121 27 quand’el-

1614 927 24 20 lu
1646 926 55 21 c’ha
1708 928 97 18 cantatu
1816 922 136 23 canzunelle
1965 926 63 15 corse
2040 924 48 15 cusi

1614 955 67 20 belle.
1690 955 33 20 Cu
1731 960 16 14 u
1756 958 12 11 «
1774 952 109 26 doganier
1893 957 62 14 corse
1961 956 12 11 »
1986 947 103 23 Rustico-

1615 983 25 21 ni
1649 983 33 20 ha
1690 982 148 25 cunquistatu
1849 987 16 13 a
1870 979 61 23 sala,
1944 977 76 21 colma
2041 975 48 20 inz-

1614 1011 80 25 zupita,
1705 1009 80 26 fendula
1796 1008 46 21 ride
1853 1014 11 13 a
1875 1007 34 20 cri
1920 1009 34 23 per
1967 1011 24 14 a.

1642 1037 188 22 Ghiuvannucciu
1838 1037 14 19 è
1859 1037 88 22 sempre
1955 1031 79 28 quellu
2040 1030 18 21 d
2063 1036 26 14 a-

1615 1070 89 19 vanti,e
1706 1062 324 29 felicitendulu,Iiprisintemu
2039 1059 10 20 i
2058 1058 32 20 ri-

1613 1095 73 24 gretti
1699 1094 56 21 d’un
1765 1092 78 22 avellu
1852 1091 43 25 più
1904 1096 16 15 a
1930 1090 106 24 l’ispessu
2049 1086 41 25 fra

1615 1123 46 20 noi.

1615 1164 23 21 U
1647 1163 99 22 cinéma

1642 1196 21 19 U
1678 1195 88 20 cinéma
1777 1194 25 21 in
1807 1191 125 27 pienaria,
1949 1189 28 21 di
1988 1195 17 14 a
2023 1186 65 27 piaz-

1614 1230 32 14 za
1670 1223 40 20 d’u
1718 1222 126 21 Diamante
1849 1219 111 22 cuntinua
1970 1224 16 13 a
1994 1217 58 20 dà,a
2063 1221 27 14 so

1614 1251 59 21 sérié
1685 1251 27 20 di
1716 1251 59 20 belle
1784 1255 11 11 «
1802 1249 63 26 films
1873 1257 13 11 »
1895 1254 14 14 e
1921 1254 16 14 a
1943 1247 29 24 fà
1986 1245 62 22 belle
2059 1243 31 20 ri-

1616 1283 64 18 cette.

1643 1309 33 20 Cu
1681 1308 33 20 sti
1720 1306 73 22 calori
1796 1304 135 23 ritardativi
1934 1304 22 21 si
1958 1302 130 27 gode,culà,

1616 1337 53 20 aria
1675 1339 63 22 pura
1746 1342 13 13 e
1766 1337 70 18 ventu
1842 1333 84 25 frescù.

1616 1378 27 22 Si
1651 1378 73 26 parla

1640 1420 26 3 —
1676 1409 45 21 Chi
1724 1410 80 24 prestu
1812 1414 16 14 a
1837 1413 16 14 u
1862 1413 11 11 «
1882 1405 62 22 Caffè
1961 1404 106 21 Bellevue
2075 1408 12 11 »

1615 1438 25 20 in
1645 1438 91 25 piazza
1741 1437 40 20 d'u
1789 1436 133 23 Diamante,
1928 1434 22 20 ci
1961 1433 58 21 sarà
2035 1434 54 22 rap-

1612 1465 169 26 prisintazione
1789 1464 65 21 tutfe
1862 1469 56 14 sere.
1935 1462 20 21 U
1961 1461 61 25 caffè
2029 1460 59 21 èbu-

1615 1494 97 20 nissimu
1721 1500 13 13 e
1747 1499 32 14 un
1791 1494 65 19 Costa
1864 1497 28 17 ça
1908 1489 106 27 quindici
2028 1488 61 21 soldi

1616 1529 63 14 cume
1686 1524 113 22 sempre...

1615 1564 57 21 Ava
1683 1563 89 22 ch’ellu

1638 1606 27 3 —
1671 1596 29 20 Si
1703 1594 101 26 prucede
1811 1593 114 26 a’pulizia
1933 1592 27 20 di
1967 1599 16 13 a
1991 1591 58 21 città
2054 1597 32 14 un

1613 1624 23 20 si
1641 1624 104 25 pudaria
1751 1622 71 26 pinsà
1830 1628 17 14 a
1861 1621 29 25 fà
1903 1621 65 20 nettà
1985 1620 10 20 i
2010 1618 78 22 curtili

1614 1652 86 20 interni
1710 1658 13 14 e
1737 1657 16 15 a
1766 1652 70 19 mette
1851 1650 25 20 in
1898 1648 189 22 cuntravinzioiie

1614 1682 61 18 tuttu
1681 1679 78 26 quellu
1765 1678 97 26 fendusi
1871 1677 104 25 chiappà
1983 1676 103 25 lampen-

1614 1708 32 20 du
1658 1708 119 21 mullizzu.

1638 1737 91 20 Metteli
1735 1736 24 20 in
1767 1734 189 22 cuntravinzione
1964 1740 14 13 e
1986 1739 32 14 un
2035 1738 49 14 cac-

1614 1765 88 21 ciallici
1708 1764 72 22 micca
1796 1766 71 22 sopra
1881 1761 171 22 intervenzione
2058 1760 28 20 di

1614 1801 30 13 un
1653 1793 143 25 cunsigliere,
1804 1793 45 19 ben
1857 1790 112 22 intesul...

1637 1822 25 20 E
1663 1823 34 24 pà
1709 1822 23 20 si
1741 1821 103 25 pudafia
1862 1819 56 21 dinò
1930 1818 78 26 pensà
2019 1824 16 13 a
2055 1816 29 25 fà

1613 1851 97 24 rispettà
1720 1856 31 15 un
1757 1853 61 21 pocu
1825 1848 28 21 di
1857 1848 43 25 più
1907 1846 97 25 l’agenti
2010 1846 75 20 incar-

1613 1879 71 20 ricati
1690 1878 27 21 di
1724 1880 68 19 mette
1802 1876 97 21 l’ordine
1913 1876 24 20 in
1946 1875 82 21 città...
2047 1873 39 21 chi

1613 1913 29 15 ne
1649 1907 50 21 dite
1704 1913 14 14 o
1723 1904 177 27 puliticanci?...

1613 1950 20 21 E
1644 1949 210 26 po’chaspettanu

1637 1991 27 4 —
1669 1984 45 22 per
1725 1980 78 21 caccià
1812 1986 15 14 u
1833 1981 76 23 fangu
1922 1977 39 21 chi
1971 1979 75 22 tappa
2066 1982 17 13 a

1611 2011 70 22 parte
1700 2009 95 21 sinistra
1808 2007 28 21 di
1850 2013 16 15 u
1885 2012 65 15 corsu
1966 2003 119 26 Napuliô?

1614 2037 47 20 For
1659 2045 29 14 sa
1690 2037 90 25 jzh’ellu
1792 2036 67 25 piovi
1865 2042 16 14 a
1900 2033 105 26 bughioli
2021 2039 13 14 e
2046 2031 40 21 chi

1613 2067 95 25 l’acqua
1716 2064 104 26 anneghi
1823 2071 16 14 a
1847 2063 82 21 strada
1935 2062 12 21 ?

1613 2109 23 22 U
1647 2110 90 21 nostru
1744 2113 78 17 vescu

1637 2155 28 4 —
1668 2138 25 25 È
1697 2144 95 20 turnatu
1800 2142 25 20 in
1833 2140 98 22 Aiacciu
1940 2140 24 20 in
1965 2142 40 18 tan
2007 2141 24 18 tu
2046 2137 40 21 chi

1613 2178 16 13 u
1633 2178 26 14 so
1663 2171 169 25 rimpiazzante
1839 2170 38 20 sia
1880 2168 123 21 numinatu
2009 2165 78 27 qui.Si

1611 2200 71 25 parla
1695 2200 56 20 d’un
1765 2205 68 14 vescu
1850 2196 163 23 cuntinentale.
2035 2195 50 26 Què

1613 2235 13 13 s
1625 2235 14 13 a
1640 2229 21 19 ri
1661 2234 16 14 a
1690 2231 80 17 contru
1778 2234 15 13 u
1810 2226 115 22 desideriu
1933 2224 42 21 d'a
1985 2223 101 26 pupuld-

1612 2256 113 21 zionechi
1731 2256 51 20 vole
1789 2255 43 20 dui
1838 2254 138 23 veschi,unu
1983 2253 26 20 in
2017 2253 68 20 Aiac-

1613 2285 38 20 ciu
1660 2291 13 14 e
1681 2284 79 21 l’altru
1765 2284 25 20 in
1797 2283 107 22 Bastia,e
1915 2285 36 18 tut
1950 2282 30 20 fa
1988 2281 43 21 dui
2038 2287 48 14 cor-

1613 2313 26 20 si.
1762 2330 4 5 .

1639 2341 29 21 Si
1674 2345 29 21 sp
1703 2347 38 15 era
1749 2340 39 21 chi
1794 2342 38 19 sta
1840 2339 65 21 volta
1913 2339 10 20 i
1931 2345 39 13 cor
1968 2338 23 20 si
1996 2343 90 15 saranu

1614 2369 134 21 ascultafi...

1613 2412 23 21 U
1644 2411 61 22 focu

1637 2454 28 5 —
1671 2444 67 20 Aven
1738 2443 31 20 du
1778 2442 56 21 lettu
1842 2442 39 20 chi
1885 2445 34 22 pa
1926 2444 35 17 ste
1969 2440 98 21 Francie
2077 2439 11 20 i

1611 2472 65 25 fochi
1683 2472 28 20 di
1714 2472 87 24 fureste
1806 2477 31 14 un
1846 2476 73 15 eranu
1926 2470 58 23 rari,
1992 2470 12 20 i
2015 2469 73 21 nostri

1614 2501 70 20 bravi
1687 2500 93 25 pastori
1783 2499 40 21 chi
1830 2499 72 24 paria
1915 2498 40 21 elli
1968 2498 119 20 durmissi-

1614 2535 31 14 nu
1653 2529 23 19 si
1682 2529 27 19 sô
1716 2528 103 25 spartati
1826 2533 13 14 e
1851 2526 68 25 oghie
1932 2533 15 13 u
1956 2526 56 25 focu
2024 2532 63 15 corre

1611 2558 31 24 pè
1648 2560 37 17 ste
1690 2559 61 18 coste
1757 2563 14 13 e
1775 2556 33 25 pè
1812 2555 32 21 sti
1849 2555 78 21 monti.

1638 2585 48 20 Fra
1696 2584 134 25 l’imprisari
1837 2584 28 20 di
1879 2583 108 26 legnamu
1995 2590 15 13 e
2017 2583 10 20 i
2031 2586 56 21 pas-

1614 2613 47 21 tori
1665 2615 80 23 prestu
1753 2619 32 14 un
1793 2612 104 25 fermarà
1910 2612 24 20 in
1945 2614 39 18 sta
1998 2614 88 23 povera

1616 2642 92 20 Corsica
1713 2641 65 25 fustu
1786 2641 81 20 arritu.

1641 2670 21 20 U
1668 2670 85 22 duvere
1765 2669 26 20 di
1798 2669 56 20 tutti
1869 2670 13 18 è
1896 2668 112 25 d'impedi
2023 2668 26 20 in
2060 2667 26 20 la

1613 2704 98 17 jnanera
1715 2698 39 19 chi
1755 2697 23 20 ci
1782 2697 51 20 vole
1841 2703 16 14 a
1862 2696 156 20 distruzzione
2030 2696 27 19 di
2069 2702 17 13 a

1615 2726 52 20 sola
1685 2725 107 21 richezza
1806 2725 26 20 di
1844 2731 16 13 u
1877 2727 79 17 nostru
1962 2727 73 21 paese
2043 2724 45 20 edi

1613 2754 70 24 signa
1683 2754 25 19 là
1718 2756 71 17 sènza
1797 2753 64 24 pieté
1871 2751 23 22 a’
1894 2752 98 25 justizia
2006 2752 81 20 l’auto-

1614 2782 21 20 ri
1641 2780 127 26 vargùnosi
1772 2781 26 20 di
1805 2781 115 20 i’incendi.

1639 2810 29 20 Si
1688 2809 133 25 pudaria—
1827 2816 13 13 e
1857 2810 46 24 què
1916 2810 130 23 appartene
2064 2807 22 21 a’

1614 2838 66 25 legge
1685 2848 26 4 —
1717 2838 24 20 si
1744 2837 103 25 pudaria
1853 2837 87 25 impedi
1947 2837 28 20 di
1977 2836 29 25 fà
2016 2840 71 21 pasce

1614 2866 121 24 bestiamu,
1750 2866 96 20 durente
1859 2866 70 24 longu
1943 2867 78 23 tempu
2028 2865 26 20 in
2068 2864 21 21 li

1614 2894 89 20 tarreni
1715 2894 115 25 brusgiati
1836 2901 11 16 ;
1868 2900 13 13 e
1900 2894 33 24 pô
1952 2893 135 25 qualch’an-

1614 2922 25 20 ni
1646 2922 27 20 di
1677 2922 92 25 priggiô
1783 2928 16 14 a
1814 2922 79 25 quellu
1909 2921 39 21 chi
1953 2922 24 20 si
1983 2922 54 24 face
2053 2922 34 20 in-

1617 2950 74 25 tuppà
1699 2951 64 19 saria
1771 2952 68 18 tanta
1848 2950 95 20 man’di
1953 2950 56 20 Diu.

1616 2998 23 21 U
1652 2997 75 22 Golfu

1637 3042 29 5 —
1673 3031 45 20 Sta
1730 3031 91 20 sucietà
1826 3031 150 24 dipiscadori
1980 3037 30 14 ne
2022 3037 65 14 move

1614 3060 23 19 in
1644 3061 68 18 tantu
1720 3059 25 20 in
1753 3061 68 18 tantu
1827 3059 25 20 in
1857 3061 159 22 campagnata
2020 3065 67 14 versu

1614 3086 116 22 Vlsulelld
1735 3093 12 14 e
1755 3086 53 21 culà
1819 3089 79 22 pesca,
1901 3087 53 25 face
1958 3087 130 21 aziminate

1614 3121 13 14 e
1634 3117 80 18 canta.

1637 3138 25 25 È
1664 3149 16 14 a
1689 3143 141 24 cumpagnia
1834 3143 36 20 d’i
1874 3143 50 21 veri
1931 3144 108 21 Aiaccini
2049 3143 40 21 chi

1614 3171 22 20 si
1648 3171 120 20 distraenu
1776 3174 136 18 sanamente
1919 3178 16 13 a
1944 3172 70 20 l’aria
2027 3178 60 19 pura

1615 3205 13 13 e
1640 3205 31 13 ne
1684 3199 118 20 rientrenu
1810 3205 15 14 a
1842 3205 53 14 sera
1904 3200 105 20 cuntenti
2022 3207 67 14 cume

1616 3226 139 25 picchietti...
1769 3239 6 3 -

1643 3254 45 20 Chi
1691 3255 55 19 tutti
1748 3254 74 25 quelli
1825 3253 45 22 chi
1868 3255 28 20 di
1893 3258 56 17 tenu
1955 3255 61 21 ch’in
2019 3256 70 21 Aiac-

1615 3282 37 19 ciu
1661 3288 32 14 un
1705 3282 23 20 si
1734 3282 27 20 sà
1770 3288 54 14 omu
1830 3283 84 24 spassà
1927 3283 79 21 ch’elli
2016 3284 23 20 si
2042 3285 46 24 fia-

1616 3316 32 14 nu
1655 3310 75 20 scrive
1736 3317 16 13 a
1760 3312 39 18 sta
1807 3310 64 21 bella
1878 3311 85 21 société
1978 3312 70 21 ch’ha
2056 3313 32 25 pi-

1615 3335 77 27 gliaiu
1700 3344 16 13 u
1724 3343 66 15 nome
1797 3338 27 20 di
1832 3339 72 20 ciochi
1911 3339 54 25 face
1976 3346 15 14 a
2004 3341 85 25 riputa-

1615 3365 68 20 zione
1692 3365 26 20 di
1724 3372 17 14 a
1747 3368 80 18 nostra
1836 3367 65 20 città.

1618 3406 23 21 A
1652 3406 80 22 Posta

1638 3449 9 21 ;
1676 3440 152 25 Scumbugliu
1833 3442 116 25 generale,
1967 3444 78 21 niente
2055 3451 33 14 un

1617 3465 31 20 và
1654 3471 10 16 ;
1671 3465 121 24 idispacci
1801 3467 137 21 mdrehianu
1954 3475 17 14 a
1979 3469 56 21 dece
2042 3470 47 20 chi-

1617 3489 88 21 lomitri
1716 3497 17 14 a
1748 3490 73 21 l’oral
1828 3492 25 20 E
1860 3492 82 21 lettare
1955 3495 104 20 arrivate
2070 3502 18 13 a

1617 3515 91 20 matina
1725 3522 16 14 a
1751 3515 22 21 le
1786 3515 17 21 5
1818 3517 26 19 sô
1856 3517 130 22 disfribuite
1997 3526 17 13 a
2028 3526 60 15 mez-

1617 3540 103 20 ziornul!
1726 3541 14 19 1
1751 3541 110 21 mandati
1871 3543 102 21 arrivati
1979 3551 15 13 u
2008 3546 82 20 venari

1617 3571 53 13 sera
1684 3571 32 14 un
1730 3565 26 20 sô
1767 3567 88 24 pagati
1869 3567 42 21 che
1924 3575 16 13 u
1950 3569 89 22 luni!!!

1644 3593 53 20 Una
1705 3599 55 14 casa
1768 3593 28 20 di
1799 3596 137 20 cummerciu
1943 3597 40 20 chi
1989 3598 100 20 marchi-

1617 3617 53 20 arià
1675 3618 69 20 distu
1748 3619 70 20 môdu
1825 3627 21 13 si
1854 3622 127 21 n’andarià
1986 3623 26 20 in
2017 3624 71 24 fiume

1617 3642 26 21 in
1647 3643 87 24 qudttf
1735 3650 13 14 e
1755 3646 35 18 tre
1794 3648 66 18 seite.

1643 3671 22 20 U
1671 3671 57 25 Sgiô
1733 3672 115 21 Direttore
1853 3680 31 14 un
1893 3674 32 21 ha
1931 3675 71 22 laziu.
2009 3676 27 20 di
2046 3677 42 20 ris-

1614 3696 79 24 ponde
1698 3703 16 14 a
1722 3704 14 13 e
1743 3698 168 21 reclamazione
1915 3700 39 20 chi
1960 3701 98 25 lipiglia
2070 3707 18 14 u

1615 3727 75 14 sonna
1707 3729 61 13 ancu
1780 3723 24 20 in
1813 3724 131 25 carrüghiu.

1828 3762 24 22 U
1860 3762 67 27 jattu
1937 3764 120 22 Pinnutu.

2168 129 21 36 A
2210 130 122 35 Canzona
2353 132 30 35 di
2397 135 115 42 Minnan»

2139 200 87 25 Quandi
2235 204 23 16 tu
2269 200 74 26 piegni

2163 229 18 19 A
2189 228 35 20 chi
2234 228 16 20 ti
2257 233 65 15 sente

2138 255 25 21 Ti
2172 255 87 20 chiama
2268 256 122 26 pingr.ellu,

2139 283 28 20 Fà
2176 283 20 20 la
2206 283 78 23 ninna,
2294 283 21 21 fà
2324 284 21 20 la
2354 292 83 20 nanna,

2139 311 28 20 Fà
2176 311 20 19 la
2206 311 77 24 ninna,
2296 318 14 13 o
2319 313 44 19 cor’
2370 314 23 20 di
2403 305 89 40 mâmma

2138 353 85 21 Nanna,
2234 358 82 18 nanna,
2326 360 14 13 o
2348 360 39 14 cor
2395 356 22 20 di

2138 382 44 18 Cor
2196 382 22 17 di
2228 386 98 14 mamraa
2334 387 87 20 sempre
2430 391 47 19 sarè
2514 386 5 9 ’

2138 421 105 21 Zitillettu
2253 428 13 13 e
2274 422 131 26 giovinettu,

2164 449 51 20 Cor'
2223 449 23 20 di
2256 456 103 17 mamma,

2140 477 37 20 Poi
2187 480 104 21 sargente
2299 483 13 14 o
2322 478 102 27 ufficiale,

2139 505 51 20 Cor’
2198 505 22 19 di
2230 511 96 13 mamma
2336 512 88 20 sempre
2433 515 46 20 sarè

2138 547 100 20 Avucatu
2247 553 13 13 e
2268 547 108 24 diputatu,

2163 574 79 21 Cor’di
2252 581 104 17 mamma,

2138 603 18 20 A
2165 603 20 19 la
2194 606 38 16 tua
2241 609 96 13 mamma
2347 610 29 13 un
2389 607 93 25 scrivarè

2138 630 96 25 Spusarè
2243 636 14 13 o
2264 630 71 19 bruna
2344 637 14 13 o
2368 631 86 24 bionda.

2164 657 50 20 Cor’
2221 657 23 20 di
2254 663 103 18 mamma,

2139 685 156 23 Cunsidaratu,
2305 690 73 16 amatu
2388 694 13 13 e
2409 690 58 23 riccu

2139 713 17 20 E
2165 713 19 20 la
2193 717 23 16 to
2226 719 97 14 mamma
2333 714 134 27 smiuticarè.

2138 755 35 21 Ma
2181 754 134 26 disgraziatu
2325 761 12 14 e
2348 756 130 29 sfurtunatu.

2138 783 85 23 Nanna,
2234 789 82 16 nanna,
2326 789 13 13 o
2348 786 45 18 cor’
2401 786 21 20 di
2432 794 84 23 matnma

2139 811 49 20 Cor’
2196 811 22 19 di
2228 817 97 14 mamma
2335 818 87 19 sempre
2431 819 53 21 sarè.
2517 813 6 9 ’

2346 853 77 24 Petru
2435 857 100 35 Massoni.

2173 929 31 37 In
2211 929 54 36 San
2275 929 85 36 Petru
2370 931 32 35 di
2413 932 94 44 Venacu

2138 1000 19 19 A
2173 998 132 21 l'occasione
2316 999 22 20 di
2356 1006 12 13 a
2385 1001 70 24 prima
2474 1012 55 21 cu^n,

2114 1027 66 21 nione
2188 1027 22 20 di
2219 1033 13 14 a
2240 1027 84 24 figliola
2338 1034 13 13 e
2367 1028 22 20 di
2404 1029 39 21 dui
2459 1038 23 15 so
2495 1022 48 35 nin*1-

2115 1055 134 21 Ghiannettu
2257 1055 77 20 Notini
2343 1055 28 20 ha
2380 1058 109 24 cunvitatu
2498 1052 50 34 num*’

2115 1084 43 20 rosi
2167 1084 64 23 amiçi
2240 1090 13 13 a
2262 1090 45 13 una
2316 1083 54 21 festa
2379 1086 99 23 cursista.

2139 1112 30 20 Sô
2177 1112 135 20 intervenuti
2321 1118 13 13 a
2347 1115 32 17 sta
2389 1113 104 29 riùnione,
2505 1115 6 26 |
2517 1126 29 20 ss»-'

2118 1140 88 24 Danesi,
2211 1140 99 20 sindacu
2314 1147 10 16 ;
2330 1140 66 21 Petru
2405 1141 70 24 Rocca
2483 1133 69 42 esi^

2116 1177 23 14 ra
2145 1176 6 18 ;
2163 1168 98 24 Tomasi,
2268 1168 90 25 signora
2367 1175 12 14 e
2387 1170 109 25 signurina
2502 1183 6 17 ;
2513 1178 40 24 Sini.

2115 1197 65 24 baldi,
2187 1197 144 22 ex-sindacu;
2335 1196 42 21 Ghi
2379 1204 15 13 u
2396 1204 26 14 va
2424 1205 15 13 n
2441 1200 20 20 ni
2475 1202 75 27 Olivieri*

2115 1226 118 25 Signurine
2246 1225 50 21 Lisa
2305 1232 13 13 e
2331 1225 69 20 Maria
2410 1227 107 30 Padovani;
2527 1236 21 21 M;

2115 1255 62 20 chele
2185 1253 112 24 sinibaldi;
2303 1253 124 25 Casanova;
2433 1255 22 21 S.
2461 1257 92 28 Albertini*

2116 1282 111 25 Ottaviani
2237 1288 49 14 eun
2293 1287 80 20 grossu
2382 1283 58 20 stôlu
2450 1284 22 21 di
2486 1281 68 34 cutnpa!

2115 1313 37 27 gni
2161 1318 13 15 e
2181 1309 88 28 parenti
2278 1310 79 20 stretti.

2140 1342 33 20 Da
2181 1339 128 23 mezziornu
2318 1344 14 14 a
2343 1344 73 16 mezza
2418 1343 65 21 notte,
2494 1349 13 14 e
2518 1352 36 17 can-

2114 1376 55 15 zone
2181 1369 22 20 di
2212 1366 93 23 succhiu
2317 1367 97 20 nostrale
2428 1367 55 23 hanu
2495 1377 57 21 spartu

2114 1398 48 21 l’ale
2170 1404 12 14 e
2189 1404 14 13 a
2211 1394 134 27 cumpagnia
2354 1395 112 22 dialectale
2478 1398 20 21 di
2505 1407 12 14 u
2528 1403 25 22 Je,

2113 1430 50 18 atru
2176 1426 27 21 di
2209 1425 20 21 A
2240 1425 81 20 Mu\ra
2334 1422 30 21 ha
2379 1423 92 22 recitatu
2488 1427 66 26 diverse

2113 1462 65 15 scene
2189 1454 23 20 di
2225 1451 133 23 cummedia.

2137 1481 158 28 Çumplimenti
2303 1487 14 14 a
2326 1480 75 21 Notini
2409 1487 13 14 e
2435 1488 12 13 a
2464 1489 22 14 so
2499 1484 53 27 signo.

2113 1519 24 14 ra
2145 1518 39 19 per
2191 1514 35 17 sta
2239 1509 58 21 bella
2310 1508 178 23 manifestazione
2497 1512 20 21 di
2523 1513 29 23 fra.

2112 1541 93 20 tellanza
2217 1546 13 13 e
2243 1538 23 20 di
2281 1537 125 21 cursisimu.
2416 1557 4 3 .

2470 1569 27 24 P.
2506 1571 26 24 M.

2193 1655 35 31 U
2246 1653 248 31 nostr’avvisu

2131 1716 16 19 U
2155 1715 39 19 cusi
2202 1715 52 18 dettu
2262 1713 65 19 craniu
2335 1713 20 18 di
2363 1713 94 22 Sampieru
2465 1715 84 21 scupertnm

2110 1742 60 19 Cauru
2181 1741 25 18 ha
2213 1740 49 18 fattu
2270 1739 53 19 sculà
2330 1739 23 17 da
2366 1743 59 18 penne
2437 1739 36 17 mal
2481 1739 68 22 appinzate

2109 1769 55 17 centu
2172 1765 100 24 sprupositi
2277 1764 78 19 tamanti
2360 1768 11 14 e
2375 1763 57 19 Cintu
2439 1768 10 13 e
2456 1764 73 19 Ritondu.

2131 1789 100 23 L’esâmine
2242 1789 139 23 antropologieu
2389 1789 19 18 di
2415 1794 15 13 u
2440 1789 58 18 craniu
2505 1790 22 22 dà,
2535 1791 16 18 si-

2109 1819 60 19 condu
2175 1818 38 21 noi,
2220 1817 6 18 i
2235 1815 82 20 risultati
2326 1815 84 22 seguenti
2416 1820 6 12 :

2131 1844 17 19 T
2156 1844 16 18 U
2180 1843 63 18 craniu
2252 1842 11 18 è
2271 1841 64 23 quellu
2344 1841 45 17 d’un
2397 1840 101 18 individivn
2503 1841 17 17 di
2524 1840 17 20 60
2544 1847 8 14 a

2108 1869 23 19 80
2141 1870 49 18 anni.

2130 1896 18 18 2-
2157 1894 89 19 L’indiziu
2255 1892 77 20 cefalicu
2340 1892 20 17 di
2369 1891 23 19 72
2400 1896 12 13 u
2426 1891 58 23 piazza
2490 1892 62 18 senz’esi-

2108 1922 22 17 tu
2137 1926 24 13 ne
2168 1925 11 14 a
2185 1924 58 14 razza.

2130 1946 17 19 3-
2156 1947 17 17 A
2179 1945 81 24 capacité
2268 1944 21 18 di
2296 1949 14 12 u
2319 1943 63 18 craniu
2390 1943 58 22 pròva
2455 1942 98 23 ehiquestuè

2108 1973 63 21 quellu
2178 1972 56 17 d’una
2244 1971 61 18 donna
2313 1974 18 17 o,
2342 1973 13 14 a
2364 1973 13 13 u
2388 1968 68 23 peghiu
2468 1968 46 21 andà,
2523 1968 30 18 d’on

2108 1998 44 18 òmu
2162 1997 19 18 di
2191 1995 126 24 picculissima
2325 1995 71 17 statura
2411 1998 11 13 e
2437 1994 81 21 d’aspettn
2525 1993 28 18 bes-

2110 2023 48 18 tiale.

2130 2048 18 18 4-
2159 2047 90 21 Ufronte,
2258 2046 100 23 sfuggente
2368 2045 110 20 al’eccessu,
2484 2043 69 19 indicana

2109 2074 86 23 suggettu
2202 2072 143 19 assolutàmente
2353 2070 56 23 privu
2416 2069 124 22 d’intelligenza.

2156 2099 9 18 I
2171 2097 129 24 qualch’indizi
2307 2096 92 21 maschili,
2407 2096 21 17 iu
2436 2095 116 22 opposizioneen

2109 2130 11 14 a
2128 2125 78 22 capacité
2214 2124 19 17 di
2246 2129 11 12 u
2267 2123 70 20 craniu,
2347 2123 80 20 devenu,
2437 2125 31 18 per
2478 2124 36 15 esse
2520 2120 32 22 pre-i

2109 2152 20 17 in
2135 2150 198 19 cunsiderazioneoesse
2338 2147 75 19 studiati
2419 2147 20 17 di
2445 2146 55 18 fronte
2504 2150 10 13 a
2519 2145 33 17 icus-

2110 2176 46 19 turni
2164 2180 10 14 e
2181 2174 127 24 particularité
2316 2174 19 18 di
2345 2179 12 12 a
2365 2177 56 14 razza.

2264 2238 168 23 Cumplimentu

2175 2271 13 14 a
2202 2271 14 12 u
2227 2265 50 24 sgiô
2290 2264 67 19 Santu
2367 2261 138 21 Sandamiani

2265 2290 69 19 Merri
2343 2289 23 18 di
2372 2289 50 18 Péri

2170 2355 45 15 Sintu
2221 2355 11 13 il
2238 2354 63 17 bisogDB
2306 2353 17 15 di
2332 2352 35 15 ladà
2373 2353 25 13 stn
2406 2355 49 11 taern.

2169 2375 49 15 amicu
2225 2374 75 18 persauali
2307 2376 9 12 e
2322 2373 33 18 pieu
2363 2372 15 14 di
2387 2376 8 10 s
2396 2372 42 15 lima,

2168 2395 42 14 nimu
2217 2394 31 14 The
2253 2394 63 18 pussutu
2323 2392 56 18 strigua
2385 2392 12 14 li
2405 2391 42 16 terri,

2168 2416 44 13 tantu
2217 2414 39 18 dopu
2262 2414 17 14 la
2284 2416 53 15 guerre
2343 2415 41 12 cume
2391 2411 49 19 prima

2167 2438 11 10 u
2184 2434 42 15 Paesi
2231 2437 29 11 cuu
2266 2433 30 15 ellu
2302 2433 8 14 è
2317 2433 27 14 ben
2350 2432 92 18 gnvarnatu.

2168 2462 73 18 S'imponi
2249 2461 81 15 vulinter’li
2335 2460 65 15 sacrifiai

2168 2486 40 11 ancu
2217 2482 18 18 pè
2241 2482 15 14 lu
2261 2485 19 11 so
2288 2481 75 15 avirsariu
2370 2479 78 15 iucarnatu

2169 2503 43 13 nulla
2220 2501 70 15 smintka
2295 2505 8 11 e
2308 2504 21 11 un
2335 2500 57 18 guarda
2398 2498 60 16 binifi2i.

2169 2522 48 14 Divvi
2222 2521 25 15 ehi
2253 2521 53 15 st'òmu
2312 2520 15 15 ci
2334 2520 24 15 stà
2364 2520 16 14 di
2385 2519 72 15 so’st&cca

2169 2546 11 10 a
2186 2541 69 18 guvarnà
2260 2541 17 14 lu
2282 2540 41 19 paesi
2329 2540 15 14 iu
2353 2540 20 14 tel
2379 2542 66 12 manera.

2169 2561 88 15 miracnl’un
2264 2560 17 15 vj
2288 2560 25 15 feti
2322 2561 32 13 c'en
2360 2559 22 15 ciè
2388 2560 47 15 tacca,

2169 2581 17 14 la
2191 2581 30 15 elln
2226 2581 21 14 cè
2253 2581 15 13 la
2274 2581 54 14 natura
2334 2579 65 15 siucera.

2170 2600 46 15 amici
2222 2601 34 13 n’ha
2262 2604 21 10 un
2290 2603 37 15 pocu
2331 2599 93 18 dapartutln,

2170 2621 42 14 nimu
2221 2620 13 14 si
2240 2620 89 18 sgunveut'a
2334 2618 75 16 dnmandà
2414 2619 69 13 succorzu

2171 2640 5 14 i
2183 2640 49 15 débuli
2241 2640 14 14 ci
2261 2639 59 15 tròvani
2328 2639 56 15 l'aintu.

2396 2666 26 15 Un
2432 2663 77 16 Piracclu
2519 2660 5 4 "

2113 2735 32 21 Sô
2157 2734 89 22 surtiti
2255 2740 8 15 :

2259 2776 18 18 J.
2288 2776 19 18 B.
2317 2774 120 20 MARCAGGI

2112 2833 155 27 LAMENTI,
2279 2831 128 28 VOCERI,

2150 2866 169 23 CHANSONS
2332 2856 194 32 POPULAIRES

2269 2900 31 22 de
2311 2900 25 22 la
2348 2899 75 22 Corse

2111 2938 24 14 eu
2153 2939 12 13 a
2176 2952 3 3 .
2187 2934 107 18 traduzione
2315 2933 89 21 francese,
2422 2921 129 40 un’introduâ0^

2111 2960 59 21 sopr’a
2182 2959 63 22 poesie
2258 2959 88 22 popularé
2360 2962 57 14 corsa.
2424 2961 12 14 e
2449 2953 24 20 26
2483 2951 51 24 pag^

2111 2985 76 18 musica.

2173 3015 11 18 1
2191 3015 40 18 vol.
2240 3014 20 18 di
2267 3014 34 18 400
2309 3014 66 23 pagine
2380 3019 6 13 :
2409 3012 26 19 15
2443 3007 66 23 franchi

2122 3040 101 21 Romhaldi,
2233 3040 77 22 editore,
2321 3039 32 23 48,
2364 3039 56 19 Corsu.
2427 3034 96 27 Napuliô

2265 3078 25 3 —
2297 3067 93 20 AIACCIU
2400 3076 22 5 —

2151 3140 39 37 Pe
2207 3152 19 24 u
2245 3141 99 36 Teatru
2360 3140 31 36 di
2404 3138 22 38 h
2444 3135 83 39 Muvra

2112 3186 66 18 Teatru
2182 3190 55 14 corsu
2244 3187 107 17 ambulante
2358 3185 20 18 di
2385 3184 21 19 U
2413 3176 117 28 SampetraC
2538 3182 7 5 *

2187 3215 43 24 28a
2239 3215 47 24 lista
2297 3215 21 24 di
2330 3211 157 30 sottuscrizione
2493 3214 6 17 :

2288 3249 4 9 ;
2515 3249 18 18 «o

2134 3264 82 19 Ceccaldi
2227 3265 22 18 P.
2256 3266 24 17 A.
2515 3275 18 20 ^
2550 3273 4 3 ■

2134 3289 19 19 S.
2162 3290 21 18 D.
2192 3295 12 13 a
2211 3291 63 22 Parigi
2516 3301 17 18 20

2134 3315 59 19 Anton
2194 3320 11 13 e
2212 3316 47 18 Leca
2516 3325 18 20 ^

2134 3341 50 18 Luici
2192 3341 77 18 Carlotti
2516 3350 18 20 ^

2134 3366 21 18 P.
2160 3366 97 18 Antonetti
2515 3372 18 13 «n

2136 3387 102 22 Quellu?...
2524 3398 8 17 g

2135 3413 19 18 S.
2161 3413 106 18 Colombani
2524 3422 11 18 g

2134 3437 25 18 M.
2165 3438 22 17 A.
2193 3437 62 18 Orsini
2523 3447 10 18 g

2134 3462 79 19 Martinu
2219 3463 52 18 Pieri
2517 3472 17 20 10

2134 3488 56 18 Maria
2197 3488 102 19 Dumenica
2306 3488 80 18 Colonna
2517 3496 17 18 4Q

2134 3513 58 18 Paulu
2197 3513 94 23 Marcaggi
2518 3512 17 27 ~g

2134 3538 21 18 P.
2163 3538 102 23 Paganucci
2524 3546 10 17 g

2134 3564 14 17 A
2156 3569 51 13 nome
2214 3564 22 18 di
2240 3563 77 19 Minulu
2323 3583 3 3 _
2526 3571 9 18 g

2133 3588 26 18 M.
2168 3588 105 19 Chiaverini
2525 3596 10 17 §

2135 3613 73 19 Grisoni
2215 3614 22 17 D.
2523 3621 8 18 g

2136 3639 38 18 Una
2181 3638 101 24 Baliujnese
2523 3647 9 11 a

2134 3663 93 19 Murmura
2466 3676 4 3 -
2487 3658 70 30 IPsa

2501 3684 47 31 ^

2485 3727 10 12 a
2502 3714 47 25 r&W

2166 3736 61 18 Prime
2235 3736 44 18 liste
2285 3742 6 12 :

2167 3772 63 18 Tutale
2240 3778 6 12 :
