2544 3978
48 212 52 47 Le
126 206 140 51 second
292 203 211 49 centenaire

241 281 32 22 de
287 280 25 21 la

40 330 153 36 naissance
204 324 37 37 de
255 320 137 40 PASCAL
402 317 110 38 PAOLI

72 435 93 28 Depuis
179 435 23 20 la
222 436 94 25 guerre,
336 430 22 20 la
376 426 71 22 mode
472 425 42 20 des

44 468 147 23 centenaires
203 468 25 19 et
239 465 79 21 même
329 462 41 20 des
377 459 139 26 cinquante-

43 502 82 22 naires
136 507 14 14 a
157 499 76 27 repris
245 501 60 17 avec
311 499 47 16 une
369 489 113 24 intensité
492 491 24 19 et

44 541 50 15 une
106 533 94 22 ferveur
215 529 86 28 qu’elle
324 524 85 23 n’avait
429 522 87 28 jamais

44 567 119 22 atteintes.
181 564 21 21 Il
217 568 33 15 ne
267 561 50 21 faut
329 563 41 23 pas
383 558 56 25 -trop
454 559 63 17 nous

47 606 31 15 en
87 598 114 28 plaindre.
216 594 100 22 Chacun
335 591 29 21 de
386 595 39 16 ces
448 593 70 15 anni-

46 631 119 23 versaires
176 629 31 21 de
218 627 124 22 naissance
353 629 31 16 ou
403 622 30 21 de
453 621 65 21 mort

47 667 38 20 est
97 664 100 22 souvent
216 658 128 24 l’occasion
364 654 107 23 d’études
483 653 36 21 in-

45 698 144 22 téressantes
212 700 42 16 sur
280 693 23 21 le
325 689 72 30 grand
418 688 101 22 homme

47 732 61 21 dont
118 730 48 22 l’on
179 726 162 23 commémore
354 724 23 20 le
393 720 124 23 souvenir.

48 763 95 23 Parfois
153 762 79 21 même
252 759 31 20 de
293 758 56 21 bien
360 754 93 22 infimes
465 757 55 22 per-

48 801 127 22 sonnages,
187 798 64 23 pour
262 797 31 16 ne
303 795 42 22 pas
360 788 50 21 dire
430 786 17 21 d
454 785 66 21 illus-

47 831 51 20 tres
122 828 124 23 inconnus,
271 821 139 24 bénéficient
432 819 31 20 de
480 823 40 16 ces

48 860 153 26 périodiques
214 856 162 23 célébrations.

79 894 67 22 Dans
157 893 23 21 le
196 891 103 22 nombre
313 888 144 26 respectable
478 888 43 17 des

51 926 148 23 centenaires
222 922 165 23 actuellement
408 917 70 26 fêtés,
498 917 23 20 la

49 965 85 22 presse
152 957 117 28 française
292 954 87 23 semble
398 958 31 15 en
451 950 71 21 avoir

50 991 83 24 oublié
143 997 33 15 un
190 991 50 26 qui,
253 988 116 28 pourtant,
390 991 31 15 ne
435 982 87 23 mérite

51 1032 45 21 pas
107 1031 47 15 une
164 1024 56 21 telle
240 1021 146 28 négligence,
405 1023 40 16 car
456 1016 19 22 il
487 1017 36 20 est

51 1058 180 27 d’importance.
245 1054 82 22 Pascal
338 1051 71 26 Paoli,
422 1051 25 20 le
462 1049 61 22 Père

52 1092 32 21 de
95 1092 23 20 la
130 1090 84 25 Patrie,
229 1090 38 20 est
278 1086 30 23 né
319 1087 22 21 le
360 1092 11 21 5
389 1083 61 22 avril
469 1087 53 22 1725

52 1124 14 22 à
77 1125 25 20 la
114 1123 83 22 Stretta
218 1122 31 21 de
262 1118 149 28 Morosaglia,
427 1117 60 20 dans
501 1115 23 21 la

51 1157 76 28 piève
138 1156 29 21 de
185 1155 113 22 Rostino:
321 1152 66 21 Cette
409 1150 56 21 date
488 1149 37 20 est

53 1191 62 21 celle
126 1195 44 21 que
186 1189 72 26 porte
280 1183 154 28 l’inscription
453 1181 72 22 d’une

52 1224 88 27 plaque
151 1228 29 15 en
191 1220 84 28 plomb
284 1217 87 23 soudée
382 1222 40 16 sur
432 1216 24 21 la
471 1220 55 21 par-

52 1257 36 21 tie
99 1254 138 29 supérieure
249 1253 34 21 du
299 1250 98 23 cercueil
409 1249 31 21 de
457 1247 68 22 Paoli

54 1291 26 20 et
92 1295 46 21 que
145 1288 48 21 l’on
204 1288 45 26 put
259 1286 45 21 lire
325 1284 47 21 lors
383 1283 30 21 de
433 1283 9 20 1
449 1281 77 21 exhu-

54 1323 94 21 mation
170 1318 115 24 effectuée
306 1318 24 21 le
345 1322 25 22 31
394 1315 57 22 août
472 1313 53 28 1889

55 1356 61 21 dans
127 1355 23 21 le
161 1359 89 16 caveau
257 1350 127 23 mortuaire
393 1349 30 21 de
434 1347 93 28 l’église

55 1389 70 21 Saint
135 1387 117 22 Pancrace
263 1385 16 21 à
290 1383 109 22 Londres.

85 1421 29 27 Je
125 1420 45 23 n’ai
189 1425 44 22 pas
251 1418 132 21 l’intention
394 1417 31 19 de
445 1418 84 17 narrer

56 1455 42 25 ici,
109 1455 77 20 même
194 1451 156 28 rapidement,
361 1449 22 21 la
394 1448 74 21 noble
480 1451 48 16 car-

56 1488 65 22 rière
138 1487 32 21 du
179 1485 74 23 héros
273 1489 74 16 corse.
369 1482 27 26 Je
412 1479 116 23 voudrais

56 1521 133 22 seulement
200 1519 88 21 inciter
297 1517 23 21 le
341 1516 88 21 lecteur
446 1513 15 22 à
473 1513 56 21 s’in-

58 1555 78 21 cliner
145 1550 230 30 respectueusement
383 1548 90 21 devant
481 1547 49 21 cet-

57 1590 27 19 te
92 1587 72 22 noble
175 1584 119 23 mémoire
302 1585 24 20 et
336 1582 13 21 à
355 1581 101 23 méditer
464 1579 66 28 quel-

59 1626 61 22 ques
132 1620 99 21 instants
243 1623 42 16 sur
295 1617 59 21 cette
365 1615 40 21 vie
423 1615 56 20 tout
490 1619 41 14 en-

58 1654 64 22 tière
132 1660 30 15 au
172 1653 95 21 service
279 1651 29 21 de
319 1651 22 20 la
351 1649 86 22 Patrie.
450 1648 23 21 Il
490 1646 42 28 n’y

58 1694 15 15 a
94 1693 43 22 pas
156 1686 58 21 dans
230 1686 69 21 toute
320 1682 114 23 l’histoire
452 1685 77 21 corse,

61 1721 70 21 fiche
150 1719 133 27 cependant
291 1723 31 16 en
332 1716 87 28 gloires
438 1713 94 28 magni-

59 1754 86 27 fiques,
169 1753 29 20 de
218 1752 56 27 plus
295 1755 58 22 pure
371 1750 23 19 et
419 1748 30 21 de
471 1747 61 27 -plus

62 1787 143 22 émouvante
214 1785 87 27 figure.
311 1782 80 22 Pascal
401 1780 77 26 Paoli,
492 1779 40 28 qui

60 1820 78 21 aurait
158 1825 39 21 pu,
225 1817 39 22 s’il
293 1816 56 22 l’eût
377 1815 82 25 voulu,
493 1813 41 21 de-

60 1853 74 21 venir
151 1853 23 20 le
196 1851 107 28 premier
334 1849 107 23 ministre
464 1847 70 21 d’une

61 1886 91 29 grande
159 1885 128 27 puissance
298 1889 32 15 ou
347 1883 77 21 même
443 1881 25 21 le
482 1885 54 22 pre-

63 1920 71 25 mier,
138 1918 117 27 capitaine
267 1917 29 21 de
306 1921 44 16 son
359 1917 85 25 temps,
459 1920 15 15 a
483 1914 54 21 tout

66 1951 93 23 sacrifié
167 1951 13 22 à
187 1952 24 21 la
219 1951 78 21 sainte
305 1949 113 22 ambition
430 1947 31 22 de
477 1945 60 23 libé-

65 1992 41 15 rer
118 1991 48 16 son.
171 1991 60 22 pays
240 1984 33 21 du
283 1983 59 27 joug
357 1981 116 28 étranger.
491 1979 22 23 Il
523 1985 14 15 a

64 2018 82 23 donné
156 2019 22 20 la
188 2016 88 23 liberté
287 2015 14 22 à
311 2016 23 21 la
353 2015 82 25 Corse,
447 2035 4 3 .
461 2015 25 20 et
507 2019 30 15 en

66 2053 46 20 des
125 2053 76 25 temps
211 2049 108 23 troublés
330 2048 13 21 à
361 2049 22 20 la
393 2047 48 22 fois
458 2052 45 22 par
515 2047 23 20 la

66 2090 87 23 guerre
164 2084 71 21 civile
247 2085 26 19 et
279 2088 43 22 par
331 2082 23 21 la
364 2087 85 22 guerre
461 2079 78 23 étran-

65 2113 68 28 gère,
142 2112 18 21 il
170 2118 14 15 a
194 2110 79 23 réussi
290 2109 13 23 à
309 2125 6 4 -
323 2109 67 22 doter
411 2114 46 16 son
478 2113 59 22 pays

64 2145 172 22 d’institutions
245 2143 186 26 démocratiques
443 2141 43 28 qui
492 2142 43 20 ont

64 2179 46 22 fait
120 2178 158 22 l’admiration
294 2177 32 21 du
344 2176 87 21 monde
448 2176 27 20 et
493 2174 41 27 qui

65 2214 45 20 ont
122 2212 31 21 du
166 2213 63 20 reste
247 2209 85 23 exercé
350 2215 46 15 une
415 2207 120 23 influence

65 2245 135 22 indéniable
206 2250 43 15 sur
255 2245 37 20 les
298 2242 165 23 constitutions
472 2240 64 22 amé-

65 2278 102 22 ricaines
178 2279 25 20 et
219 2277 128 28 françaises
365 2274 169 29 postérieures.

67 2312 23 22 Il
101 2311 43 22 dut
153 2311 72 21 lutter
235 2312 83 20 contre
324 2310 35 21 les
367 2307 169 29 compétitions

66 2345 32 22 de
110 2344 84 22 rivaux
204 2349 90 21 corses,
300 2343 45 21 tels
350 2348 45 21 que
402 2343 36 20 les
445 2341 78 22 Matra
529 2347 6 19 ;

67 2378 20 22 il
93 2378 44 21 dut
149 2377 131 22 combattre
290 2369 23 28 la
324 2374 126 23 résistance
469 2380 69 22 orga-

66 2410 71 23 nisée
143 2416 43 22 par
192 2411 24 20 la
233 2409 149 28 République
403 2408 31 22 de
455 2407 83 22 Gênes

68 2445 43 27 qui
123 2449 25 16 se
159 2442 144 23 considérait
315 2448 90 16 comme
416 2440 122 23 souverai-

67 2483 34 16 ne
111 2477 30 21 de
150 2476 47 22 l’île
210 2483 6 19 ;
242 2477 19 21 il
278 2476 42 21 dut
341 2474 69 27 enfin,
429 2473 110 28 lorsqu’il

69 2510 92 29 croyait
169 2516 25 15 sa
201 2509 73 22 tâche
280 2509 14 22 à
301 2514 47 22 peu
352 2508 53 28 près
410 2506 126 26 terminée,

69 2544 124 27 s’opposer
203 2549 49 15 aux
261 2543 140 26 entreprises
418 2542 31 21 de
467 2540 71 22 Louis

69 2577 51 22 XV
131 2579 23 19 et
167 2577 30 21 de
218 2576 115 22 Choiseul
354 2575 40 28 qui
414 2574 126 23 voulaient

73 2610 104 22 détruire
187 2610 24 21 le
222 2609 99 22 résultat
324 2608 101 22 d’efforts
440 2608 100 27 patients

74 2646 26 19 et
111 2643 101 22 coûteux
222 2649 46 21 par
278 2645 47 19 fine
336 2642 110 22 invasion
458 2643 26 20 et
497 2646 43 15 une

74 2677 141 27 occupation
227 2682 48 22 que
290 2676 51 21 rien
358 2681 31 15 ne
406 2674 134 29 légitimait.

106 2709 238 25 Malheureusement,
368 2709 117 20 Choiseul
507 2712 38 16 re-

73 2742 55 21 fusa
171 2742 30 21 de
239 2741 101 28 prendre
373 2746 30 16 en
435 2738 110 24 considé-

73 2776 79 21 ration
165 2775 35 21 les
211 2775 164 27 propositions
386 2774 32 21 du
430 2772 113 23 Général.

73 2809 143 21 Pontenovo
236 2808 47 21 mit
301 2813 33 15 un
354 2809 76 20 terme
451 2806 16 22 à
484 2807 61 20 cette

75 2841 148 22 mésentente
235 2842 25 20 et
271 2840 14 22 à
295 2841 23 20 la
330 2841 78 21 courte
419 2840 63 22 mais
493 2839 52 28 glo-

76 2875 80 21 rieuse
162 2880 85 22 guerre
259 2874 41 27 qui
312 2873 79 22 suivit.

104 2906 127 28 Lorsqu’en
256 2912 55 22 1790
327 2906 64 22 Paoli
411 2906 135 21 constatant

75 2946 48 22 que
133 2941 22 20 la
170 2939 98 27 France,
292 2939 105 22 devenue
418 2939 64 22 libre
504 2943 42 22 par

74 2973 73 22 l’effet
166 2973 29 21 de
219 2973 25 21 la
271 2972 87 28 grande
388 2971 156 25 Révolution,

76 3006 144 27 s’engageait
231 3005 15 22 à
262 3005 95 22 étendre
377 3007 61 19 cette
460 3003 86 23 liberté

76 3039 15 21 à
109 3039 23 21 la
150 3038 83 26 Corse,
256 3039 19 21 il
293 3037 108 28 répondit
422 3037 15 22 à
460 3037 87 28 l’appel

77 3071 73 24 qu’on
159 3071 35 21 lui
205 3071 117 21 adressait
330 3070 30 21 de
370 3070 140 26 Versailles,
523 3071 25 20 et

78 3105 19 20 il
109 3104 73 27 quitta
189 3103 69 22 l’exil
270 3104 29 21 de
310 3103 102 22 Londres
423 3109 64 22 pour
493 3108 55 16 ren-

76 3139 52 19 trer
138 3137 57 20 dans
206 3142 47 16 son
259 3137 37 21 -île
306 3137 83 20 natale.
399 3136 21 22 Il
431 3135 117 28 acceptait

82 3170 22 21 si
108 3170 24 20 la
135 3170 112 21 nouvelle
254 3169 159 26 constitution,
427 3171 68 20 toute
504 3169 44 21 im-

78 3201 104 28 prégnée
193 3201 31 21 de
235 3201 93 26 liberté,
346 3202 70 21 serait
431 3200 117 23 observée

79 3235 44 20 des
140 3234 62 21 deux
218 3234 76 22 côtés.
315 3233 20 22 Il
357 3236 35 19 est
411 3234 137 27 déplorable

80 3273 47 21 que
137 3267 35 20 les
181 3267 83 22 tristes
276 3266 151 22 événements
441 3267 32 21 de
486 3272 61 22 1793,

80 3302 26 19 et
118 3305 29 16 en
157 3300 138 26 particulier
308 3298 192 23 l’établissement
518 3299 30 20 du

81 3332 91 28 régime
183 3332 30 22 de
223 3333 25 21 la
259 3333 107 25 Terreur,
381 3333 66 21 aient
466 3330 82 24 amené

81 3366 68 19 Paoli
157 3371 13 14 a
179 3370 26 15 se
214 3366 138 20 considérer
358 3370 92 16 comme
459 3366 92 25 dégagé

82 3397 31 20 de
125 3402 37 15 ses
172 3402 146 21 promesses.
330 3396 30 21 La
371 3396 103 22 Terreur
482 3402 4 4 '
495 3396 57 21 était

80 3435 50 14 une
140 3429 98 20 atteinte
246 3428 113 28 flagrante
373 3428 14 21 à
394 3431 62 20 cette
468 3427 85 23 liberté

83 3467 48 20 que
140 3461 21 20 la
174 3460 77 22 Corse
261 3461 108 27 exigeait,
386 3461 87 26 qu’elle
489 3461 65 21 avait

83 3493 114 26 conquise
207 3493 38 21 les
256 3499 77 15 armes
344 3492 14 21 à
367 3494 23 19 la
403 3494 68 20 înain
481 3493 15 21 à
506 3499 48 15 une

84 3526 93 27 époque
194 3525 33 21 où
237 3531 103 21 presque
355 3527 66 19 toute
443 3525 111 26 l’Europe

84 3558 112 22 subissait
205 3558 24 21 le
240 3558 61 27 joug
312 3557 32 20 du
351 3557 155 26 despotisme.
527 3557 28 21 Et

84 3590 66 23 voilà
169 3596 47 21 que
239 3592 23 20 la
289 3589 152 22 Convention
468 3589 87 22 envoie

85 3625 59 21 dans
154 3620 48 25 l’îie
221 3624 44 21 des
283 3622 172 22 commissaires
476 3622 79 22 munis

85 3658 32 21 de
138 3657 77 27 pleins
239 3655 122 29 pouvoirs,
384 3655 66 22 voilà
471 3654 85 28 qu’elle

86 3691 48 21 cite
144 3689 66 21 Paoli
218 3689 16 21 à
245 3688 153 27 comparaître
408 3688 15 21 à
438 3694 27 15 sa
478 3688 82 24 barre,-

86 3722 85 24 qu’elle
181 3723 24 20 le
216 3721 97 22 décrète
324 3720 158 22 d’accusation
493 3722 25 19 et
532 3720 25 20 le

85 3757 52 22 met
149 3755 57 21 hors
216 3755 26 21 la
252 3754 44 22 loi.
308 3753 32 21 Le
350 3753 60 21 Père
421 3753 31 21 de
470 3754 23 20 la
513 3752 44 21 Pa-

536 192 46 21 trie
593 191 58 22 hors
666 191 23 21 la
709 189 34 22 loi
757 189 6 20 !
787 187 35 21 Ce
842 191 32 16 ne
896 184 36 21 fut
951 183 58 21 dans

536 227 67 20 toute
614 225 23 20 la
650 223 77 22 Corse
739 220 70 28 qu’un
824 219 35 21 cri
877 218 30 20 de
918 218 92 26 protes-

536 258 77 21 tation
631 259 24 19 et
678 256 31 21 de
732 252 162 28 réprobation.
912 249 30 21 La
960 248 50 22 très

538 290 90 29 grande
648 285 111 30 majorité
778 286 41 21 des
840 283 125 23 insulaires
984 287 27 15 se

538 329 88 22 rangea
638 322 32 21 du
679 319 54 22 côté
745 319 30 22 de
789 317 76 22 Paoli.
878 317 29 20 Et
929 321 27 15 ce
976 314 35 21 fut

539 357 62 21 alors
612 356 23 20 la
646 356 98 25 rupture
756 350 129 23 inévitable
896 355 6 19 ;
911 348 57 21 dans
988 347 23 20 le

539 389 72 21 chaos
627 386 105 28 qu’avait
751 383 97 29 produit
865 383 23 20 la
906 377 106 25 Révolu-

539 422 60 24 tion,
618 422 70 19 notre
706 424 59 22 pays
789 423 26 15 se
843 418 87 19 tourne
955 417 57 17 vers

540 454 168 28 l’Angleterre.

569 486 62 21 Mais
642 485 124 21 l’hostilité
778 485 83 18 contre
871 485 24 16 la
901 485 113 16 conven-

540 519 53 21 tion
615 516 161 28 n’impliquait
794 519 78 16 aucun
886 512 128 21 sentiment

542 551 30 21 de
582 550 72 23 haine
678 551 83 20 contre
778 548 23 21 la
811 547 98 21 France.
931 543 81 25 Aussi,

541 585 97 26 lorsque
649 582 62 21 trois
728 587 42 15 ans
781 579 69 28 après
861 579 37 21 les
914 576 101 28 Anglais

543 616 143 23 évacuèrent
696 614 55 25 l’île,
762 613 141 27 Bonaparte,
918 611 59 21 dont
992 610 23 20 la

543 648 140 24 renommée
707 648 64 21 allait
805 645 151 29 grandissant
992 644 25 19 et

544 684 60 21 dont
613 683 36 21 les
659 681 89 22 Corses
767 679 88 22 étaient
872 678 56 22 fiers
943 676 73 22 d’être

543 718 36 20 les
591 715 177 27 compatriotes,
786 714 44 25 put
846 711 136 22 facilement
993 710 24 19 et

545 755 54 16 sans
614 749 141 20 rencontrer
776 745 30 21 de
828 743 130 22 résistance
980 740 38 23 sé-

545 782 86 25 rieuse,
647 780 61 21 faire
728 777 155 28 reconquérir
901 776 22 21 la
942 775 75 22 Corse

545 821 43 22 par
605 815 36 21 les
664 815 99 25 troupes
782 810 58 28 qu’il
859 809 66 22 avait
954 807 64 22 déta-

547 847 71 23 chées
630 847 30 21 de
671 845 96 23 l’armée
778 843 100 22 d’Italie.

573 881 68 22 Paoli
652 878 94 29 préféra
757 878 125 21 demeurer
902 875 57 21 dans
974 879 45 16 son

547 915 56 25 exil,
617 913 73 28 digne
703 914 25 19 et
745 911 108 26 toujours
874 906 98 23 entouré
987 907 33 21 du

547 948 94 27 respect
649 948 25 19 et
693 945 31 22 de
743 943 159 23 l’admiration
928 941 30 21 de
980 945 39 16 ses

548 980 165 28 concitoyens.
732 977 72 22 Cette,
812 975 101 22 attitude
930 973 57 22 était
997 973 23 21 la

548 1014 65 21 seule
634 1013 42 27 qui
699 1011 35 22 lui
757 1009 99 23 convînt
865 1014 6 16 :
896 1008 33 21 du
957 1008 63 20 reste

547 1045 126 29 Napoléon
694 1051 31 15 ne
736 1045 24 20 le
770 1043 97 27 rappela
876 1041 93 28 jamais,
977 1045 43 22 pas

548 1080 53 27 plus
613 1078 120 22 d’ailleurs
751 1082 46 22 que
811 1073 208 28 Pozzo-di-Borgo.

549 1113 65 21 Pour
624 1117 71 20 nous,
709 1111 64 21 deux
784 1110 67 20 cents
860 1114 44 15 ans
917 1106 69 28 après
998 1106 23 21 la

549 1146 124 21 naissance
685 1144 35 21 du
729 1142 75 29 grand
818 1143 24 20 et
860 1139 162 28 indomptable

549 1179 110 27 patriote,
669 1182 63 16 nous
737 1181 31 16 ne
776 1175 94 22 devons
880 1179 43 22 pas
930 1172 93 22 oublier

550 1211 58 28 qu’il
619 1217 14 15 a
644 1210 92 28 permis
744 1208 14 22 à
770 1214 44 16 son
822 1213 61 22 pays
895 1207 30 20 de
938 1205 86 28 goûter

550 1245 106 27 pendant
666 1249 50 16 une
727 1241 124 28 quinzaine
863 1238 110 23 d’années
986 1238 37 21 les

551 1279 129 26 avantages
693 1276 31 21 de
740 1276 23 21 la
779 1273 93 27 liberté,
886 1272 57 28 qu’il
958 1271 35 22 lui
1009 1276 15 15 a

552 1310 80 22 donné
653 1316 50 15 une
720 1307 164 25 constitution,
897 1311 48 16 une
964 1304 61 22 Uni-

551 1343 98 27 versité,
659 1349 49 16 une
722 1341 78 22 armée
812 1342 25 20 et
859 1345 49 16 une
923 1338 99 25 marine,

552 1384 48 15 une
623 1375 151 29 Imprimerie
793 1376 25 19 et
839 1379 49 16 une
912 1371 113 22 Monnaie

552 1410 141 25 nationales,
707 1408 57 27 qu’il
773 1414 14 15 a
797 1406 83 23 assuré
892 1406 57 21 chez
963 1409 63 16 nous

552 1445 23 20 la
589 1443 58 27 paix
670 1442 72 21 civile
754 1442 30 24 et,
805 1445 45 22 par
865 1444 48 16 une
930 1438 96 21 entente

553 1482 60 16 avec
623 1477 24 20 le
658 1475 74 27 Pape,
741 1474 23 21 la
774 1473 105 22 réforme
890 1470 135 29 religieuse.

555 1510 35 21 Ce
599 1510 56 21 sont
663 1508 23 22 là
698 1508 43 21 des
753 1507 105 22 services
870 1507 25 20 et
906 1506 42 20 des
959 1506 68 19 bien-

554 1543 55 22 faits
620 1542 42 28 qui
674 1543 44 20 ont
738 1547 33 15 un
791 1540 57 27 prix
868 1537 158 23 inestimable.

555 1577 67 21 Dans
633 1576 23 21 le
668 1580 68 17 coeur
745 1574 29 21 de
780 1575 53 20 tout
845 1572 85 25 Corse,
943 1571 18 21 il
977 1570 52 21 doit

554 1617 19 22 y
583 1610 71 21 avoir
664 1614 63 22 pour
734 1607 82 22 Pascal
825 1606 68 22 Paoli
913 1610 47 16 une
978 1604 50 27 pla-

556 1650 28 15 ce
591 1643 14 22 à
616 1644 60 26 part,
686 1647 49 16 une
745 1642 67 26 place
819 1638 89 24 sacrée.
915 1638 67 22 Nous
988 1637 41 21 de-

556 1683 63 16 vons
632 1683 34 14 un
685 1674 116 22 véritable
820 1674 63 21 culte
906 1678 30 15 au
956 1670 73 23 héros

557 1711 41 26 qui
612 1716 14 15 a
637 1708 82 23 donné
730 1707 14 22 à
751 1708 23 21 la
783 1706 77 23 Corsé
868 1707 23 20 la
907 1704 123 23 conscien-

558 1749 28 16 ce
597 1743 31 22 de
639 1749 26 15 sa
680 1739 162 30 personnalité
860 1739 127 24 nationale,
1006 1738 25 20 et

558 1777 31 21 de
610 1782 46 16 nos
673 1776 76 27 jours,
769 1775 54 21 tout
839 1779 32 16 en
887 1772 99 29 gardant
1007 1771 24 20 le

558 1811 54 26 plus
621 1809 94 22 sincère
721 1808 125 28 loyalisme
853 1805 109 28 français,
968 1810 63 15 nous

559 1849 78 16 avons
646 1843 24 21 le
679 1842 87 21 devoir
775 1841 49 21 très
846 1840 67 21 doux
934 1838 99 21 d’hono-

559 1882 40 17 rer
609 1877 24 21 la
646 1877 55 26 plus
709 1875 63 22 belle
783 1873 149 22 incarnation
949 1871 31 22 du
991 1877 42 21 pa-

559 1910 122 22 triotisme
696 1914 76 20 corse,
782 1907 84 22 Pascal
874 1906 75 22 Paoli;

764 1952 65 22 Paul
840 1950 165 24 GRAZIANI.

608 2047 23 37 U
649 2048 108 36 Teatru
773 2046 30 36 di
821 2045 24 37 A
861 2042 129 38 MUVRA

649 2129 108 25 Aiacciu,
770 2135 16 15 u
800 2133 29 22 24
843 2130 146 23 marzu-1925

697 2173 64 22 Caru
783 2172 131 25 Direttore,

594 2219 87 22 L’altru
698 2219 72 21 iornu
785 2217 27 22 sò
835 2217 89 22 cullatu
943 2216 25 21 in
981 2214 59 22 San-

566 2253 111 22 tu-Petru
691 2258 15 15 e
719 2250 73 29 aghiu
798 2251 68 21 vistu
882 2256 17 15 u
916 2248 50 22 miò
975 2253 64 16 cum-

566 2292 58 22 pare
639 2285 114 27 Jannettu
769 2283 31 30 (U
813 2281 192 30 Sampetracciu).

596 2319 97 28 L’aghiu
719 2317 145 22 dumandatu
880 2322 15 15 a
907 2321 27 16 so
955 2314 86 23 ch’ellu

568 2359 31 16 ne
618 2359 42 15 era
682 2352 26 21 di
733 2357 18 15 u
762 2357 27 16 so
809 2352 79 20 teatru
897 2356 6 19 ;
915 2348 63 23 m’ha
997 2348 43 21 ris-

568 2388 72 26 pôstu
658 2385 87 22 ch’ellu
757 2384 31 22 ha
807 2384 60 21 fattu
883 2389 14 15 a
920 2387 121 17 cumman-

569 2420 30 21 da
615 2420 25 21 di
663 2425 33 15 un
698 2425 14 14 a
722 2418 92 27 piccula
832 2418 69 26 parte
931 2415 24 22 di
966 2421 17 16 u
989 2421 51 15 ma-

568 2453 84 22 teriale
674 2459 14 14 e
701 2451 39 22 chi
762 2451 36 22 fra
817 2450 75 28 poghi
911 2449 64 28 jorni
987 2448 55 21 rici-

569 2486 59 22 verà
635 2486 65 21 taule
713 2491 13 15 e
738 2484 62 22 travi
815 2490 14 15 e
841 2483 81 22 subitu
939 2481 102 28 piglierà

569 2525 58 22 sega
644 2525 14 15 e
672 2518 110 23 martellu
796 2523 14 16 e
834 2514 147 30 principierà
992 2520 14 16 a
1017 2514 25 22 fà

570 2559 14 15 a
601 2559 28 16 so
650 2558 81 15 scena.

598 2586 28 22 In
652 2587 70 20 tantu
740 2585 94 27 pripara
854 2583 9 22 i
881 2588 28 16 so
940 2581 76 22 artisti
1029 2587 14 16 a

569 2620 78 27 ripete
663 2624 48 16 una
732 2623 68 22 pezza
820 2616 86 22 ch’ellu
921 2615 29 22 ha
961 2614 82 29 dighià

570 2652 80 23 fattu.I
665 2658 27 15 sa
700 2657 67 22 pezza
772 2651 39 21 chi
823 2649 54 23 serà
891 2648 152 29 raprisintata

570 2687 30 21 da
620 2686 77 22 artisti
720 2684 71 26 corsi,
805 2690 34 15 un
859 2682 144 27 cumprende
1015 2686 29 17 câ

569 2720 83 27 parole
669 2725 14 15 e
703 2718 53 22 fatti
772 2718 135 22 viramente
929 2714 72 23 corsi.

598 2752 40 22 Ha
659 2752 62 21 fattu
746 2750 57 22 dinò
826 2749 95 28 qualchi
940 2753 103 17 canzone

570 2785 71 22 belle.

599 2819 65 22 Caru
687 2817 130 26 Direttore,
827 2816 25 22 bi
871 2821 77 23 pregu
955 2815 24 21 di
992 2820 52 17 cre-

571 2852 30 21 de
627 2852 39 21 chi
684 2856 113 22 cumpare
817 2850 22 21 ci
862 2850 75 21 mette
951 2849 64 21 tuttu
1025 2855 18 14 u

571 2890 27 17 so
610 2885 58 27 sapé
682 2883 84 28 perchi
784 2889 14 16 a
817 2883 97 22 riescita
936 2882 35 21 sia
979 2882 65 21 sicu-

570 2924 35 15 ra.

600 2952 30 21 Ci
639 2952 58 21 vole
709 2952 39 20 chi
761 2952 54 20 tutti
827 2957 9 14 1
849 2952 96 19 cursisti
957 2953 87 17 taccia-

571 2990 34 15 nu
629 2990 17 15 u
666 2983 123 28 pussibule
803 2990 14 14 e
836 2982 168 27 l’impussibile
1029 2989 14 14 e

571 3017 116 22 mandinu
711 3017 87 21 danaru
810 3023 14 15 a
842 3024 17 14 u
883 3015 83 24 xiostru
981 3016 63 21 ami-

572 3057 30 15 cu
622 3049 130 29 perch’ellu
773 3055 72 22 possa
864 3048 98 29 cumprà
979 3051 66 20 tuttu

572 3089 28 16 so
621 3083 39 22 chi
677 3083 23 21 ci
706 3083 56 21 vole
775 3088 44 22 per
826 3082 84 23 muntà
931 3088 17 15 u
966 3083 79 20 teatru

573 3117 23 20 di
618 3117 24 20 A
665 3116 88 21 Muvra
760 3115 38 22 chi
810 3116 14 21 è
847 3123 17 14 u
874 3117 78 20 teatru
963 3115 25 21 di
996 3117 49 20 tut-

573 3150 19 21 ti
609 3150 9 21 i
632 3149 52 22 veri
698 3149 63 21 corsi
781 3154 13 15 e
806 3149 25 21 di
845 3149 74 28 quelli
931 3147 38 22 chi
976 3148 69 22 vole-

573 3188 33 15 nu
624 3182 39 22 chi
682 3188 15 15 a
711 3182 82 27 lingua
818 3188 70 16 corsa
907 3182 35 21 sia
956 3183 88 25 sparta.

602 3215 42 22 Eiu
668 3214 28 23 sò
718 3221 33 14 un
762 3220 73 21 poaru
855 3214 141 28 disgraziatu
1006 3220 40 15 ma

574 3248 110 28 feraghiu
704 3248 167 26 l'impussibile
893 3253 44 21 per
959 3247 89 21 mandà

575 3281 82 22 cloche
668 3286 83 21 possu.
761 3280 32 22 Sò
810 3281 26 21 in
858 3280 97 22 Corsica
964 3286 39 15 ma
1013 3286 33 15 un

576 3315 22 21 ci
615 3315 28 22 sò
664 3320 28 15 ca
707 3313 25 22 di
754 3314 63 27 pedi,
836 3315 83 26 prestu
938 3319 72 21 speru
1022 3313 25 21 di

576 3349 77 21 esseci
673 3348 25 21 di
721 3346 56 28 pedi
800 3353 14 14 e
834 3347 26 21 di
871 3352 71 16 mane
956 3345 6 22 !

604 3381 28 21 Bi
648 3381 79 20 salutu

891 3411 24 21 TJ
929 3410 90 22 Corbu.

615 3523 61 26 Chi
685 3522 87 25 belle
780 3522 272 25 manifestazione

583 3575 42 22 pe
640 3566 136 25 adifesa
791 3565 246 25 cunfessionale
1043 3565 8 24 !

616 3609 141 31 Quandu
783 3610 171 25 vidaremu
987 3609 66 24 taie

583 3654 270 24 manifestazione
864 3653 44 30 pè
916 3660 21 17 a
947 3652 107 25 difesa

583 3697 32 25 di
627 3698 172 24 l’interessî
810 3697 89 25 vitali
906 3696 32 25 di
946 3703 23 17 u
980 3703 75 18 nos-

583 3744 54 21 tru
648 3748 116 23 paese:
777 3748 20 17 a
805 3740 159 26 Corsica?

1077 186 88 30 Aux
1183 184 144 30 Corses
1344 180 121 28 morts

1099 243 96 31 pour
1212 234 42 31 la
1273 233 117 30 Corse

1065 317 58 20 C’est
1136 321 28 14 en
1175 315 50 20 mai
1229 312 114 27 prochain
1348 309 98 25 qu’aura
1457 307 52 20 üeu>

1036 353 42 14 sur
1091 346 25 20 la
1129 349 59 16 terre
1201 345 69 20 bénie
1287 343 30 20 de
1330 341 138 21 Pontenovo,
1477 336 12 19 l
1494 335 18 21 i-

1037 375 156 26 nauguration
1206 376 31 19 de
1257 375 27 20 la
1295 371 66 22 Croix
1368 369 75 21 élevée
1453 367 16 20 à
1486 366 25 20 la

1036 408 74 25 gloire
1115 407 41 19 des
1164 405 123 26 héroïques
1297 403 77 20 Corses
1394 400 73 19 morts
1483 403 28 14 en

1039 437 128 25 défendant
1173 436 22 20 le
1202 436 39 20 sol
1246 435 70 21 sacré
1321 432 29 21 de
1357 432 67 19 notre
1430 428 81 21 Patrie

1039 468 84 21 chérie.

1065 497 144 24 Remercions
1217 497 33 20 du
1255 496 58 26 plus
1318 495 100 23 profond
1427 495 30 14 de
1471 495 42 14 nos

1040 535 73 14 coeurs
1141 530 64 18 notre
1235 526 103 22 vaillant
1358 522 49 20 ami
1427 521 84 21 Rocca,

1041 559 113 20 directeur
1169 558 29 19 de
1203 558 20 20 A
1236 557 88 21 Muvra,
1332 559 36 15 ses
1387 551 127 21 valeureux

1041 589 179 21 collaborateurs
1233 590 24 18 et
1266 587 21 20 U
1293 583 80 28 partitü
1382 582 74 20 Corsu
1463 581 15 19 d
1486 580 28 19 A-

1041 620 72 23 zione,
1124 619 90 20 d’avoir
1221 618 78 25 pensé
1310 617 16 19 à
1330 615 93 24 réparer
1427 618 32 14 un
1476 616 37 14 ou-

1041 652 37 19 bli
1084 650 43 26 qui
1133 650 58 20 était
1195 655 46 14 une
1257 648 72 20 honte
1341 648 60 22 pour
1419 643 34 20 les
1464 642 51 20 Cor-

1042 689 44 13 ses.

1067 711 112 25 Jusqu’ici
1185 717 30 13 on
1222 708 79 21 s’était
1313 707 102 20 contente
1431 707 31 16 de
1476 707 40 14 vé-

1043 744 66 19 nérer
1120 742 25 20 la
1153 740 106 21 mémoire
1266 738 43 20 des
1319 737 76 20 Corses
1403 735 72 19 morts
1482 737 33 14 au

1043 773 86 21 service
1137 772 29 20 de
1170 772 24 20 la
1202 771 100 20 France.
1314 768 35 20 On
1359 765 86 26 faisait
1453 763 60 22 bien,

1044 804 61 20 mais
1117 803 20 20 il
1143 808 58 15 nous
1210 800 86 25 paraît
1309 804 44 19 que
1369 800 85 21 penser
1468 800 48 13 aux

1047 835 80 20 Corses
1134 833 43 26 qui
1183 834 41 19 ont
1231 829 96 25 sacrifié
1338 828 48 20 leur
1403 826 38 20 vie
1455 828 63 22 pour

1045 866 25 19 la
1081 865 67 20 Corse
1161 865 35 18 est
1211 862 55 20 bien
1281 859 72 21 aussi.
1362 856 94 23 Ceux-ci
1459 861 59 15 com-

1045 903 37 13 me
1098 894 96 23 ceux-là,
1208 894 41 19 ont
1262 891 64 20 droit
1337 890 16 20 à
1369 890 63 19 toute
1453 888 65 19 notre

1045 925 124 26 gratitude.

1070 952 65 19 Nous
1146 952 87 18 devons
1239 952 121 15 conserver
1367 952 30 12 un
1411 952 105 11 üvuoemi

1046 979 157 27 impérissable
1221 978 29 20 de
1265 982 44 15 nos
1327 975 62 21 chers
1403 974 69 20 héros
1489 972 30 20 de

1046 1013 139 20 Pontenovo.
1199 1009 32 21 Et
1244 1009 98 19 souvent
1357 1006 72 20 même
1445 1004 75 19 avant

1046 1041 148 26 d’accomplir
1198 1038 103 34 certains
1317 1040 67 20 actes,
1404 1040 61 16 nous
1481 1033 39 20 de-

1047 1074 78 20 vrions
1141 1076 141 17 commencer
1295 1072 47 22 par
1352 1073 57 15 nous
1425 1066 95 20 deman-

1047 1104 43 20 der
1096 1104 23 19 si
1125 1109 45 14 eux
1177 1101 119 26 agiraient
1306 1105 83 15 comme
1396 1101 68 17 nous.

1076 1134 111 21 Cétaient
1199 1133 42 20 des
1257 1131 102 20 hommes
1372 1128 62 26 épris
1447 1127 30 20 de
1492 1125 29 20 li-

1048 1165 73 22 berté,
1136 1163 101 21 ennemis
1254 1161 32 21 de
1304 1161 25 20 la
1345 1157 120 24 tutelle.Ils
1481 1158 40 18 ont

1048 1194 68 25 offert
1135 1201 28 14 en
1188 1193 134 21 holocauste
1348 1191 50 20 leur
1420 1193 62 19 sang
1504 1187 16 18 à

1049 1226 50 19 leur
1121 1225 60 20 mère
1202 1224 26 21 la
1247 1223 76 20 Corse.
1340 1221 48 21 Ah!
1408 1220 30 20 ils
1471 1218 10 20 l
1487 1217 34 20 di-

1049 1256 89 21 maient
1149 1255 55 20 d’un
1228 1255 84 20 am'oàr
1327 1251 127 22 autrement
1483 1248 38 20 dé-

1049 1287 124 20 sintéressé
1178 1292 45 19 que
1231 1284 64 21 celui
1309 1284 68 20 d’une
1396 1280 80 23 bande
1491 1279 31 20 de

1048 1318 119 25 parasites
1185 1318 24 19 et
1224 1314 124 22 d’avachis
1367 1314 84 20 vivant
1474 1313 48 18 aux

1051 1348 103 21 crochets
1161 1348 30 20 de
1199 1347 114 26 quelques
1329 1344 102 27 ignobles
1443 1341 80 27 politi-

1052 1380 63 20 ciens
1124 1386 28 13 en
1161 1379 51 20 mal
1217 1377 151 22 d’arrivisme.

1077 1411 46 19 Les
1142 1411 105 23 glorieux
1276 1411 79 18 Corses
1382 1411 89 15 tomoes
1490 1411 32 12 au

1052 1440 85 24 champ
1145 1440 131 20 d’honneur
1283 1439 30 20 de
1320 1438 131 20 Pontenovo
1465 1439 59 15 nous

1052 1473 54 18 sont
1112 1471 78 21 sacrés
1195 1473 74 22 parce
1277 1469 70 26 qu’ils
1352 1470 40 17 ont
1399 1466 62 23 lutté
1463 1468 62 22 pour

1053 1501 50 21 I’lie
1107 1501 68 26 qu’ils
1182 1501 121 20 voulaient
1305 1497 176 26 indépendante.

1078 1532 88 25 Depuis
1177 1531 43 21 156
1229 1538 55 18 ans,
1292 1532 23 19 le
1319 1536 59 19 sang
1384 1529 43 20 des
1446 1529 79 20 Corsés

1054 1570 16 13 a
1083 1563 66 20 coulé
1151 1565 98 22 partout
1254 1563 32 20 où
1303 1562 22 20 le
1337 1561 106 24 drapeau
1461 1559 65 20 trico-

1054 1594 49 20 lore
1130 1593 59 20 était
1221 1594 98 24 engagé.
1344 1591 182 27 Qu’avons-nous

1054 1625 85 20 obtenu
1150 1630 29 14 en
1192 1627 80 18 retour
1278 1624 14 20 ?
1295 1624 49 21 Pas
1351 1622 81 25 grand
1444 1620 83 21 chose!

1080 1656 67 20 Nous
1154 1657 136 19 constatons
1297 1660 55 15 avec
1354 1654 77 24 peine,
1438 1653 23 20 le
1466 1657 62 15 coeur

1055 1691 68 19 serre,
1135 1691 45 20 que
1185 1686 24 20 la
1226 1686 92 20 France
1333 1685 39 20 n’a
1387 1687 48 22 pas
1446 1681 83 26 rempli

1055 1723 43 14 son
1106 1717 80 20 devoir
1196 1723 84 14 envers
1300 1717 26 20 la
1345 1716 74 20 Corse.
1429 1714 53 21 Elle
1503 1713 25 20 la

1057 1749 69 20 traite
1131 1755 28 13 en
1165 1750 89 23 parent
1255 1751 98 22 pauvre.

1085 1780 61 19 C’est
1149 1782 61 21 pour
1217 1779 53 20 cela
1279 1784 46 20 que
1332 1777 139 24 l'hommage
1484 1781 46 20 que

1057 1816 59 14 nous
1124 1809 75 21 allons
1206 1810 87 19 rendre
1305 1810 16 19 à
1335 1815 41 14 nos
1395 1808 71 20 héros
1481 1806 51 21 doit

1058 1842 47 20 être
1114 1841 115 20 unanime.
1236 1840 62 21 L’lie
1305 1840 30 19 de
1348 1840 91 20 Beauté
1446 1838 86 21 entière

1058 1872 73 21 devra
1136 1878 17 19 y
1157 1872 102 25 prendre
1264 1873 67 23 part.

1084 1903 64 21 Pour
1154 1909 46 14 une
1204 1903 100 25 journée
1320 1902 104 20 oublions
1434 1901 26 21 la
1473 1901 60 24 poli-

1061 1934 69 25 tique.
1140 1935 35 20 Ne
1184 1937 105 22 pensons
1310 1933 52 25 quà
1382 1933 61 20 Eux.
1455 1932 47 21 Oh!
1507 1937 26 14 ce

1061 1966 57 19 n’est
1123 1968 48 22 pas
1176 1965 57 25 long
1240 1971 48 15 une
1297 1963 108 26 journée!
1416 1963 34 21 Le
1458 1962 76 22 lende-

1062 1997 74 24 main,
1146 1997 190 20 déchirons-nous
1342 1995 37 21 s’il
1380 1995 23 20 le
1413 1995 57 25 faut
1474 1994 61 21 mais

1062 2028 22 20 le
1089 2032 17 20 g
1114 2028 50 20 mai
1178 2027 118 25 prochain,
1308 2026 155 21 communions
1483 2027 52 20 tous

1062 2058 62 20 dans
1129 2064 45 13 une
1182 2058 74 20 même
1261 2058 87 24 pensée
1352 2059 61 22 pour
1417 2063 45 13 nos
1470 2055 65 20 chers

1063 2090 77 21 morts,
1139 2088 91 25 faisons
1237 2089 65 19 trêve
1308 2088 29 20 de
1342 2089 48 19 tout
1397 2094 27 14 ce
1432 2087 44 25 qui
1478 2092 58 15 nous

1062 2120 82 20 divise.

1089 2154 63 17 Nous
1172 2154 111 21 espérons
1294 2156 45 19 que
1355 2154 51 15 tous
1422 2154 35 15 les
1469 2154 68 19 grou-

1067 2184 99 19 pements
1173 2188 76 13 corses
1253 2182 32 19 de
1288 2181 76 22 Paris,
1378 2186 54 15 sans
1443 2179 94 25 excepti-

1067 2220 35 17 on,
1106 2215 114 22 personne
1228 2219 30 14 ne
1266 2212 111 20 détenant
1387 2211 23 20 le
1418 2210 120 25 monopole

1067 2245 31 19 du
1112 2243 146 26 patriotisme
1263 2249 71 17 corse,
1342 2249 26 13 se
1370 2242 79 25 feront
1455 2248 32 13 un
1499 2241 40 20 de-

1067 2275 49 20 voir
1127 2275 70 20 d’être
1213 2275 142 24 représentés
1366 2274 15 19 à
1395 2273 142 21 Pontenovo.

1067 2306 64 21 Nous
1140 2312 30 13 en
1180 2306 151 20 connaissons
1341 2311 31 14 un
1380 2304 44 25 qui
1435 2304 63 20 vient
1509 2303 30 20 de

1067 2337 105 24 désigner
1181 2337 61 19 deux
1256 2336 32 21 de
1301 2342 37 14 ses
1352 2335 113 20 membres
1478 2335 16 19 à
1503 2336 37 18 cet

1067 2367 61 26 effet.
1134 2367 45 20 Les
1186 2367 110 25 délégués
1300 2367 42 20 des
1349 2366 126 25 Voltigeurs
1483 2365 28 20 de
1518 2364 20 20 la

1068 2398 92 21 Bataille
1172 2397 69 22 Corse
1248 2400 80 19 seront
1336 2398 111 24 présents.

1092 2429 37 21 En
1141 2430 134 22 terminant,
1282 2429 26 25 je
1319 2428 87 21 reviens
1418 2434 43 14 sur
1473 2427 67 20 l’idée

1067 2466 47 19 que
1117 2460 87 25 j’avais
1217 2461 113 24 suggérée
1342 2465 32 15 au
1387 2459 60 20 mois
1461 2459 80 20 d’août

1068 2491 97 23 dernier,
1182 2492 160 24 qu’approuva
1359 2492 66 18 notre
1439 2489 102 25 confrère

1068 2522 25 20 la
1101 2521 108 21 Nouvelle
1228 2522 73 21 Corse
1316 2521 29 20 de
1356 2521 61 20 Jean
1430 2520 75 24 Maki,
1518 2521 24 18 et

1068 2552 42 26 qui
1122 2552 120 21 consistait
1254 2552 144 25 simplement
1417 2552 17 19 à
1446 2552 95 20 deman-

1068 2583 42 21 der
1115 2584 17 19 à
1138 2586 51 17 tous
1196 2583 35 20 les
1242 2584 83 20 Corses
1332 2582 110 21 habitant
1453 2582 50 21 Vile
1510 2588 31 15 ou

1068 2615 102 22 ailleurs,
1180 2620 45 14 une
1233 2615 89 20 minute
1330 2614 29 20 de
1374 2614 168 20 recueillement

1068 2652 33 14 au
1111 2647 100 18 moment
1227 2645 30 20 de
1275 2645 188 24 l’inauguration.
1478 2644 64 21 Nous

1068 2677 27 20 la
1100 2676 151 22 renouvelons
1258 2683 32 13 en
1292 2676 81 25 priant
1379 2675 35 21 les
1421 2676 121 25 organisa-

1069 2710 63 18 teurs
1143 2706 30 21 de
1182 2707 24 20 la
1218 2706 103 25 prendre
1331 2713 28 13 en
1372 2706 169 20 considération

1069 2741 24 18 et
1099 2744 43 14 nos
1148 2737 116 25 confrères
1269 2737 32 20 de
1308 2737 25 20 la
1336 2736 107 21 soutenir.

1288 2777 108 23 Antoine
1408 2777 105 23 Simoni.

1097 2821 38 22 La
1145 2821 106 22 Bataille
1264 2820 213 23 Corse—2=;-^-ns

1182 2876 94 53 [texte
1292 2876 142 53 manquant]

1096 2960 138 24 Viaggiava,
1238 2956 75 28 pochi
1324 2959 56 20 mesi
1392 2958 86 21 avanti
1490 2965 16 14 a
1517 2964 27 14 so

1072 2993 92 21 morte,u
1178 2990 61 21 duca
1244 2989 127 21 d’Orléans
1375 2990 24 20 in
1411 2990 92 20 Corsica
1511 2995 32 14 un

1072 3021 206 25 s’immagginendu
1289 3020 74 24 allòra
1371 3027 16 14 a
1392 3021 117 25 prossima
1515 3020 30 25 fi-

1072 3059 28 14 ne
1107 3052 39 20 chi
1161 3058 48 14 una
1223 3057 75 15 manu
1311 3051 114 21 invisibile
1440 3052 37 25 gli
1490 3051 55 20 scri-

1072 3084 38 19 via
1129 3083 99 25 adighià
1244 3088 17 14 a
1276 3084 121 22 sgumentu
1409 3083 28 20 di
1444 3082 101 21 l’umane

1072 3117 122 22 speranze;
1209 3120 15 13 e
1239 3112 112 21 sintendu
1367 3113 39 20 chi
1418 3113 73 21 Paoli
1503 3119 41 14 era

1072 3144 125 21 ramintatu
1205 3151 30 13 eu
1239 3144 47 24 più
1294 3143 119 21 riverenza
1422 3151 14 13 e
1447 3144 99 25 gratitu-

1072 3175 54 20 dine
1138 3175 41 20 da’
1186 3174 65 21 Corsi
1267 3173 44 21 che
1330 3174 153 25 l’imperatore
1498 3175 48 20 Na-

1072 3205 92 25 pulione
1172 3212 29 13 ne
1209 3205 91 20 mùstrò
1308 3205 145 25 maraviglia.

1097 3235 141 25 Limperani,
1256 3235 110 24 diputatu
1378 3236 28 19 di
1421 3235 126 21 Usula.chi

1072 3266 210 25 l’accumpagnava
1287 3266 84 24 aspittò
1378 3266 53 20 lòcu
1438 3267 109 24 oppurtu-

1073 3303 33 14 nu
1110 3299 45 22 per
1161 3297 62 20 dalli
1230 3303 16 14 a
1254 3297 112 24 raggione
1375 3297 27 20 di
1417 3297 28 20 di
1452 3303 16 13 u
1474 3296 71 25 fattu,

1074 3334 14 13 e
1103 3327 130 24 quand’elli
1251 3327 102 25 junsenu
1369 3333 15 14 a
1403 3327 143 23 Pontenôvu,

1074 3357 97 26 quandu
1180 3358 32 19 da
1221 3365 14 12 e
1242 3359 95 19 Custere
1351 3363 14 14 e
1381 3357 36 21 da.
1424 3364 16 14 u
1447 3357 100 23 Rustinu

1074 3387 85 20 videnu
1167 3387 93 24 affaccà
1269 3387 80 25 d’ogni
1352 3389 70 22 parte
1425 3394 14 13 e
1447 3388 101 19 multitu-

1075 3417 58 20 dine
1136 3423 115 15 rumorose
1256 3419 27 20 in
1283 3417 77 26 panni
1361 3417 63 20 scuri
1425 3424 13 13 e
1442 3417 29 20 al
1468 3420 25 17 tu
1493 3420 55 22 pur-

1078 3449 104 18 tamentu
1193 3447 61 21 duve
1259 3449 101 20 accantu
1367 3453 15 13 a
1390 3453 15 13 e
1411 3447 68 24 facce
1487 3454 62 14 more

1076 3477 27 20 di
1109 3477 65 20 Vomi
1186 3478 117 21 risaltava
1308 3478 43 25 più
1359 3477 92 20 infensu
1459 3484 16 13 u
1483 3480 66 17 castu

1077 3514 14 13 e
1098 3509 86 22 argutu
1189 3508 94 24 pallore
1291 3508 27 21 di
1332 3509 13 18 è
1360 3507 77 20 donne
1453 3514 14 13 e
1474 3507 77 21 ck’elli

1076 3537 168 24 scuppiavanu,
1262 3541 41 17 tra
1315 3538 236 24 Varcusgiate,l’ewi-

1077 3573 31 13 va
1116 3566 28 20 di
1150 3568 102 20 maschie
1260 3574 57 14 voce
1325 3567 37 20 chi
1366 3568 107 24 impjanu
1480 3568 70 20 Varia

1078 3603 14 14 e
1108 3597 97 20 l’anima
1227 3598 59 21 d’un
1298 3598 93 24 fremitu
1412 3598 76 20 simile
1500 3604 17 14 a
1535 3605 16 13 u

1078 3626 177 22 scrucchittume
1263 3629 37 20 d’i
1307 3628 66 20 larici
1384 3628 28 20 di
1422 3628 130 21 Valduniel-

1078 3657 32 23 lu,
1122 3657 76 20 allôra
1206 3658 137 25 Limperani
1357 3658 22 20 si
1390 3659 65 20 vultò
1463 3659 62 20 versi
1535 3665 17 13 u

1079 3688 62 20 duca
1155 3694 13 13 e
1180 3688 19 20 H
1209 3689 66 22 disse
1283 3696 9 14 :

1103 3730 29 4 —
1136 3718 61 21 Eccu
1209 3725 17 14 a
1234 3720 106 21 Nazione
1348 3719 39 21 chi
1394 3720 73 20 Paoli
1471 3726 82 19 guver-

1079 3750 33 20 nò
1120 3750 95 24 quindic
1221 3751 70 20 anni.

1609 169 72 37 Abel
1693 168 94 35 Gance
1804 176 37 24 en
1859 163 87 36 Corse

1561 250 58 21 Bien
1629 253 46 20 que
1687 248 65 19 notre
1760 243 65 22 idéal
1830 242 47 20 soit
1890 237 119 28 personni-

1539 281 30 23 fié
1570 283 47 22 par
1624 277 91 22 Pascal
1718 275 74 23 Paoli,
1799 274 57 24 père
1865 271 29 20 de
1898 270 25 20 la
1928 267 81 21 Patrie

1539 317 60 14 corse
1604 311 57 20 dont
1668 313 60 15 nous
1735 305 116 21 célébrons
1865 299 143 27 pieusement

1539 350 26 14 en
1573 349 42 14 nos
1627 347 74 15 coeurs
1709 339 23 21 le
1743 336 118 22 deuxième
1870 334 136 19 centenaire,

1539 380 56 15 nous
1599 373 99 25 jugeons
1706 370 111 25 opportun
1832 365 30 20 de
1864 362 92 27 joindre
1968 365 42 15 nos

1539 404 102 21 souhaits
1655 402 31 20 de
1693 401 127 21 bienvenue
1833 402 32 14 au
1879 393 131 26 promoteur

1539 438 23 18 et
1565 441 48 14 aux
1621 433 179 21 collaborateurs
1803 426 57 22 delà
1863 425 56 25 plus
1920 421 90 26 grande

1539 465 123 26 entreprise
1680 456 245 27 cinématographique
1945 457 64 15 mon-

1539 497 69 20 diale:
1617 493 64 23 Abel
1689 495 82 19 Lance,
1780 487 136 23 l’archange
1929 483 33 20 du
1967 484 43 23 pa-

1539 531 110 20 roxysme;
1659 524 81 21 Pierre
1757 518 106 23 Bonardi
1872 518 64 19 notre
1957 518 52 15 con-

1539 558 60 24 frère
1613 558 24 17 et
1644 556 66 19 notre
1718 551 54 24 ami;
1780 547 139 24 Dieudonné
1929 545 82 24 appelé

1540 589 16 20 à
1564 587 142 24 représenter
1717 589 44 15 une
1767 581 74 25 figure
1858 577 42 26 qui
1902 581 58 16 nous
1974 574 37 19 de-

1540 624 76 15 meure
1627 616 74 23 chère,
1725 613 89 24 malgré
1833 611 57 22 tout,
1909 610 62 22 pour
1990 605 21 18 le

1540 648 164 26 rayonnement
1730 645 30 20 de
1772 644 65 19 notre
1853 645 55 15 race
1924 642 43 15 sur
1990 636 22 19 le

1541 679 90 22 monde:
1646 678 23 19 le
1694 674 96 27 général
1808 671 144 23 Bonaparte;
1965 667 47 20 An-

1540 708 89 23 dréani,
1637 708 84 19 maître
1726 704 57 20 delà
1798 703 74 19 scène,
1886 698 94 22 Volkoff,
1990 698 22 17 le

1539 738 79 27 grand
1621 739 99 19 metteur
1728 741 28 14 en
1764 733 66 20 scène
1834 735 71 16 russe.

1566 769 33 21 Ils
1603 768 111 21 viennent
1719 772 28 14 en
1758 765 67 20 Corse
1830 763 139 19 commencer
1979 756 34 20 les

1539 802 75 25 prises
1617 800 30 20 de
1655 804 58 15 vues
1718 796 42 26 qui
1763 795 33 21 les
1799 790 158 24 entraîneront
1958 791 54 22 par-

1542 835 51 18 tout
1612 832 30 19 où
1654 829 58 21 s’est
1740 825 106 22 déroulée
1861 820 152 23 l'émouvante

1542 864 84 25 épopée
1633 860 44 27 qui
1683 866 30 14 ne
1718 858 38 26 fut
1758 856 115 26 peut-être
1881 852 71 26 qu’un
1967 855 47 15 ma-

1543 893 109 22 lentendu
1666 897 58 14 avec
1731 886 87 23 Pascal
1829 884 71 22 Paoli
1915 881 101 22 d’abord

1540 921 217 30 puisunevendetta
1765 920 63 19 entre
1836 916 23 21 le
1864 914 39 26 fils
1909 913 30 21 de
1945 912 70 21 Char-

1544 956 34 20 les
1581 955 135 24 Bonaparte
1731 953 23 18 et
1761 949 98 24 l’enfant
1866 946 30 21 de
1904 944 78 21 Pozzo
1990 942 25 20 di

1544 987 81 24 Borgo,
1643 985 69 20 Corse
1729 981 120 21 au-dessus
1867 977 30 20 de
1914 976 57 20 tout.
1980 973 35 20 La

1542 1017 73 25 gloire
1622 1015 31 20 de
1660 1012 119 27 Napoléon
1787 1010 69 25 qu’on
1871 1012 58 16 nous
1942 1007 75 22 repro-

1544 1048 43 20 che
1595 1053 27 14 en
1635 1045 103 21 certains
1745 1041 93 22 milieux
1854 1043 58 16 avec
1924 1037 53 20 tant
1987 1034 30 20 de

1545 1078 142 21 véhémence,
1717 1075 36 20 est
1769 1072 72 21 nôtre.
1865 1069 42 20 Ses
1930 1071 88 16 erreurs

1545 1109 66 20 aussi
1625 1107 43 26 qui
1681 1107 54 20 sont
1747 1110 45 15 une
1808 1100 107 27 synthèse
1932 1097 30 21 de
1975 1102 43 15 nos

1545 1139 99 21 défauts.

1571 1169 62 22 Abel
1644 1168 78 21 Gance
1738 1165 41 26 qui
1792 1164 138 23 entreprend
1941 1164 25 15 La
1983 1164 35 14 ré-

1547 1200 122 22 surrection
1683 1197 34 21 du
1726 1196 54 25 plus
1788 1193 81 27 grand
1875 1192 41 21 des
1926 1193 94 23 person-

1547 1237 71 20 nages
1625 1228 139 25 historiques
1772 1225 50 22 doit
1832 1226 72 19 rester
1917 1228 28 15 en
1960 1226 60 15 mar-

1547 1269 28 19 ge
1583 1262 29 21 de
1619 1267 42 14 nos
1670 1258 139 22 discussions
1814 1251 205 30 familiales—Son

1547 1299 76 15 oeuvre
1632 1297 60 16 nous
1699 1296 53 15 sera
1761 1295 31 14 au
1796 1286 100 27 premier
1900 1283 56 25 chef
1957 1283 63 25 bienr

1547 1324 103 25 faisante
1656 1334 28 5 —
1690 1320 58 27 qu’il
1753 1320 93 24 accepte
1853 1317 59 20 donc
1932 1321 43 14 nos
1988 1319 31 14 re-

1548 1355 155 21 merciements
1726 1357 55 15 avec
1798 1355 44 15 nos
1861 1346 105 23 souhaits
1992 1344 30 20 de

1548 1387 127 20 bienvenue
1679 1395 29 4 —

1859 1420 25 21 A
1894 1419 98 22 Muvra.

1550 1571 83 18 Raeontu
1640 1574 35 18 per
1683 1569 72 21 Pasqua

1584 1634 216 68 Pasqua
1827 1627 172 59 Pelice

1584 1788 84 22 Eramu
1692 1786 26 21 in
1730 1787 80 25 tempu
1831 1784 24 21 di
1884 1787 86 24 guerra
1982 1787 6 20 ;
2001 1781 25 21 in

1558 1825 80 24 tempu
1658 1821 25 21 di
1696 1819 56 26 dòli,
1770 1817 118 25 d’affanni,
1920 1815 106 22 d’ultime

1558 1857 118 27 partanze,
1689 1852 98 23 d’amori
1800 1851 96 23 tronchi
1913 1865 25 6 ...
1951 1849 11 22 I
1975 1854 53 23 pae-

1558 1890 20 21 si
1599 1889 23 22 di
1653 1887 100 22 Corsica
1777 1884 123 29 maigradu
1923 1890 13 15 a
1952 1883 75 22 lunta-

1558 1929 72 16 nanza
1652 1921 32 22 d’i
1708 1919 101 23 cannoni
1827 1924 74 16 eranu
1920 1916 108 22 anch’elli

1559 1959 66 25 muti,
1658 1957 73 25 tristi,
1754 1956 79 26 morti,
1855 1960 69 17 cume
1944 1953 86 28 giaidi-

1560 1993 25 21 ni
1608 1992 135 24 d’invernu,
1771 1989 121 28 spogliati,
1917 1987 111 22 sfiuriti...

1561 2026 24 22 Si
1597 2026 67 21 vidia
1684 2025 105 27 appuntu
1809 2022 94 29 qualchi
1930 2020 101 22 vecchiu

1560 2058 146 29 legghiendu
1728 2064 16 14 u
1761 2056 109 28 giurhâle
1882 2061 13 15 a
1907 2061 16 14 u
1934 2054 59 26 sole,
2015 2059 15 16 o

1562 2092 93 29 qualchi
1675 2091 57 22 visu
1753 2090 107 22 inchietu
1872 2089 23 22 di
1929 2093 103 17 mamma

1562 2133 15 15 o
1590 2126 23 22 di
1623 2125 89 22 surella
1731 2124 119 22 affaccarsi
1871 2123 58 28 ogni
1939 2123 67 21 tantu
2018 2127 14 16 a

1563 2167 13 14 a
1584 2165 47 16 una
1653 2160 73 26 porta
1739 2174 24 6 ...
1782 2158 40 22 Un
1835 2156 143 28 s’aspettava
1989 2155 43 22 che

1562 2200 48 15 una
1632 2199 57 16 cosa
1702 2199 7 15 :
1722 2193 23 22 U
1764 2193 54 27 giru
1837 2191 26 22 di
1886 2197 15 14 u
1924 2190 89 28 pidone
2025 2189 6 21 !

1564 2227 89 26 Quellu
1671 2227 81 27 jornu,
1772 2231 70 16 cume
1853 2229 101 22 sempre,
1968 2229 14 15 a
1992 2228 42 22 po-

1565 2267 27 16 ca
1601 2261 66 27 jente
1680 2259 40 23 d’u
1731 2264 69 23 paese
1813 2264 41 16 era
1863 2258 66 21 unita
1938 2257 25 21 in
1975 2257 59 27 piaz-

1563 2300 27 16 za
1604 2294 23 22 di
1648 2300 14 15 a
1673 2295 78 26 posta.
1765 2292 76 26 Quasi
1850 2291 55 22 tutti
1919 2297 14 14 e
1944 2291 88 25 donne,

1565 2334 72 16 eranu
1649 2328 26 21 in
1684 2332 68 20 neru,
1777 2326 124 25 acciacate,
1926 2324 108 22 silenzio-

1566 2368 53 15 se...
1641 2361 49 26 Ma,
1704 2360 76 24 Luisa,
1801 2359 40 22 chi
1854 2359 101 25 circava,
1968 2358 45 21 ella
2024 2357 10 22 Ì

1566 2394 40 23 Un
1618 2395 21 21 si
1662 2394 84 27 sapiva
1758 2392 149 23 ch’ell’avissi
1920 2398 13 15 a
1943 2392 91 21 nimmü

1565 2434 14 16 «
1591 2427 87 29 quassù
1689 2434 22 14 2*.
1727 2427 6 21 !
1746 2442 24 6 ...
1801 2426 45 22 Era
1882 2425 90 22 sebiata
1993 2431 41 22 per

1566 2467 85 22 quessa
1663 2462 7 21 !
1687 2460 113 22 Purtantu
1811 2467 17 14 u
1839 2460 88 28 pidone
1949 2459 57 25 esci,
2018 2459 16 21 li

1566 2495 77 22 dedde
1654 2501 49 15 una
1714 2494 89 26 lettera,
1817 2499 69 16 senza
1896 2492 128 22 franchizia
2030 2493 4 20 !

1566 2529 47 22 Per
1632 2529 83 22 sicuru
1738 2533 39 16 era
1796 2533 34 16 un
1853 2527 86 22 sullatu
1958 2526 39 21 chi
2019 2526 15 22 li

1567 2563 87 22 scrivia
1667 2562 6 21 !
1684 2561 76 26 Luisa,
1784 2567 67 16 rossa
1882 2560 152 25 d’emuziohe;

1565 2595 77 30 piglîô
1659 2599 15 19 â
1682 2596 92 25 lettera,
1788 2601 13 15 a
1812 2600 79 17 messe
1902 2594 25 22 in
1940 2593 61 22 furia
2011 2594 23 22 in

1565 2631 27 21 lit
1603 2635 26 17 so
1642 2636 69 19 senu,
1721 2635 13 16 e
1746 2628 87 29 scappô
1841 2629 108 28 prestu...
1963 2627 71 22 Giun-

1567 2670 27 16 se
1615 2665 27 20 in
1653 2669 56 16 casa
1720 2663 115 22 affannata
1848 2668 6 21 ;
1875 2663 20 21 si
1908 2662 83 21 chiuse
2012 2662 22 22 ir

1567 2702 93 17 caméra
1689 2703 17 14 u
1723 2702 28 16 so
1763 2701 56 16 core
1842 2697 118 26 inquietu,
1976 2696 58 21 sbab

1567 2732 80 20 tulava
1658 2730 65 21 forte
1732 2736 6 19 ;
1751 2729 99 22 stracciò
1860 2729 78 27 quella
1948 2734 86 22 poverg

1568 2766 70 23 carta,
1649 2770 14 15 e
1675 2764 64 21 lesse
1748 2769 6 15 :

1681 2826 24 21 A
1718 2824 47 23 miò
1777 2827 51 20 sola
1840 2831 53 16 cara
1906 2831 6 20 ;

1597 2877 13 15 «
1617 2870 29 23 Ti
1658 2871 82 22 scrivu
1752 2870 109 23 annant’a
1870 2876 14 16 e
1894 2870 51 22 mio
1957 2870 83 28 ginoc-

1571 2911 12 15 «
1595 2904 61 27 chie,
1669 2905 26 22 in
1715 2904 75 26 fretta,
1803 2907 94 20 mentre
1910 2904 38 21 chi
1960 2911 15 14 u
1988 2910 51 15 can-

1571 2945 12 14 «
1592 2944 63 17 none
1667 2938 22 22 si
1702 2940 36 20 sta
1746 2944 32 15 un
1790 2944 64 22 pocu
1864 2938 65 22 zittu:
1939 2937 101 29 Malgra-

1572 2979 12 14 «
1598 2973 31 20 du
1645 2974 40 20 stu
1695 2972 101 27 pirieulu
1816 2972 39 21 chi
1868 2972 21 21 ci
1904 2977 73 23 segue
1988 2973 52 20 not-

1571 3012 13 15 «
1592 3008 24 20 te
1625 3013 15 14 e
1646 3006 111 28 ghiornu,
1762 3012 15 15 u
1786 3005 50 22 miò
1842 3011 55 16 core
1906 3006 65 21 batte
1980 3012 60 15 sem-

1571 3046 13 15 «
1593 3046 42 21 pre
1644 3046 14 16 e
1672 3045 46 22 per
1726 3039 24 22 tè
1762 3040 77 21 sola...
1863 3039 83 28 Aghiu
1968 3041 73 20 avutu

1571 3080 13 15 «
1593 3075 52 21 ottu
1655 3073 81 28 giorni
1748 3073 24 21 di
1783 3078 133 23 permessu;
1928 3072 49 23 S’io
1991 3078 50 17 non

1571 3114 14 14 «
1594 3113 26 16 so
1643 3109 92 20 venuto
1762 3107 26 21 in
1809 3106 107 27 Corsica,
1938 3106 20 27 è.
1971 3106 70 22 ch’un

1572 3148 11 13 «
1596 3140 97 29 n’aghiu
1721 3142 145 22 veramente.
1888 3142 101 26 pussutu
2001 3147 6 15 :
2017 3141 24 22 U

1571 3181 14 13 «
1596 3174 50 22 miò
1662 3173 89 26 babbu,
1763 3173 30 22 ha
1812 3175 113 26 vugliutu
1932 3173 110 23 ch’andas

1571 3214 15 14 «
1595 3208 19 21 si
1629 3214 14 15 a
1654 3208 104 26 Angers,
1773 3207 105 22 duvell’è
1892 3208 129 27 impiegatu
2035 3214 6 20 ;

1572 3240 45 22 «Sô
1629 3242 64 20 statu
1709 3239 52 22 culà
1774 3256 33 5 ....

1572 3280 14 14 «
1598 3273 90 22 Ahimé
1702 3273 6 21 I
1721 3273 38 21 chi
1771 3273 53 22 duri
1837 3275 51 21 ottu
1898 3274 65 27 jorni
1977 3274 6 21 l
1996 3274 46 23 Chi

1572 3312 137 23 crepacore,
1733 3307 39 21 elli
1795 3313 27 16 so
1843 3308 54 21 stati
1919 3314 44 21 per
1987 3309 39 21 mè
2037 3309 5 21 !

1572 3340 90 26 Babbu,
1686 3340 64 22 m’ha
1771 3341 60 22 fattu
1854 3347 121 16 cunnosce
1997 3348 47 16 una

1572 3374 136 27 giovinetta
1724 3374 100 26 pinzuta,
1847 3374 86 22 ch’ellu
1942 3377 63 25 vole,
2019 3377 25 21 in

1572 3406 63 21 tutt’i
1656 3406 66 21 conti
1741 3406 74 22 darmi
1834 3413 45 21 per
1902 3413 71 22 sposa
1984 3409 6 20 !
2006 3408 38 23 In-

1573 3444 65 16 vanu
1648 3438 91 28 l’aghiu
1749 3441 93 21 svelatu
1856 3447 17 15 u
1884 3442 84 21 nostru
1980 3448 65 17 amo-

1574 3477 27 16 re
1613 3472 6 20 !
1644 3472 93 22 Invanu
1759 3473 72 28 aghiu
1853 3475 83 26 pientu
1960 3480 14 15 e
1991 3481 54 23 sup-

1575 3511 88 26 plicatu
1673 3511 7 20 !
1697 3510 85 23 Nunda
1792 3511 48 22 l’ha
1860 3512 153 24 intenneritul
2028 3515 18 22 E

1575 3543 52 26 avà,
1644 3549 27 16 so
1696 3544 41 22 qui
1760 3546 146 26 scunsulatu,
1919 3553 14 14 a
1941 3553 80 17 mezzu
2031 3555 14 15 a

1576 3577 38 20 stu
1622 3576 40 22 fan
1664 3582 41 22 gu,
1716 3583 14 14 a
1740 3579 38 19 stu
1800 3584 99 23 sangue,
1913 3587 14 14 e
1938 3587 15 14 a
1963 3582 23 20 le
1995 3582 50 21 miô

1575 3609 102 28 lagrime
1689 3610 6 20 !
1720 3610 23 21 A
1754 3610 49 23 miò
1814 3613 53 21 vita
1875 3612 13 22 è
1897 3619 33 15 un
1938 3615 108 22 tormen-

1576 3643 27 20 tu
1612 3658 26 6 ...
1650 3642 79 29 Prega
1749 3649 43 22 per
1810 3646 49 26 mè,
1873 3652 14 16 0
1898 3648 67 20 tanta
1976 3654 53 16 cara
2039 3649 6 21 !

1577 3676 81 22 Addio
1669 3683 7 15 :
1689 3676 112 28 Baciamî,
1822 3679 110 27 baciami,
1953 3681 21 21 ci
1994 3683 52 21 vole

1577 3715 15 15 a
1603 3715 68 17 corre
1683 3716 14 15 a
1705 3716 17 15 u
1732 3710 70 23 fucile
1814 3728 26 5 ...

1611 3749 46 21 Per
1668 3755 104 22 sempre.
1886 3753 105 22 Antone.

2062 151 41 22 Sta
2118 148 64 22 corta
2206 145 90 22 lettera,
2319 144 77 22 .Luisa,
2406 144 23 19 la
2441 144 59 25 lesse

2036 184 55 22 d’un
2103 182 72 22 trattu
2186 184 7 16 :
2211 176 42 22 Poi
2263 181 13 15 a
2285 173 88 22 strinse
2394 179 106 24 annant’a

2036 223 14 15 u
2061 222 27 15 so
2105 215 74 27 pettu,
2198 206 140 31 s’appughiò
2360 211 13 16 a
2384 212 16 15 u
2411 208 66 30 lettu,
2487 220 13 15 e

2036 250 82 27 piense
2131 262 25 6 ...

2062 293 28 4 —
2106 278 88 28 Quanti
2204 281 62 24 jorni
2279 278 76 17 atroci
2370 279 71 20 passo
2460 282 38 23 p0i

2038 320 66 17 senza
2127 311 86 23 nutizie
2226 310 5 20 !
2244 307 103 23 Andava
2358 306 25 21 in
2403 307 74 26 piazza
2485 321 13 16 a

2038 355 10 14 a
2057 349 69 26 posta
2148 346 59 21 tutte
2224 343 22 21 le
2269 345 63 17 sere:
2356 339 17 21 E
2384 345 92 23 sempre
2486 354 12 16 a

2038 383 73 20 stessa
2138 377 90 29 parulla
2251 374 12 8 ”
2275 372 87 23 Nunda
2370 378 44 21 per
2426 376 40 21 voi
2475 378 20 27 ”,

2038 414 36 21 ~hi
2087 419 13 15 a
2112 411 102 22 lasciava
2236 408 23 21 di
2273 406 42 29 più
2327 406 26 21 in
2365 405 42 28 più
2430 408 70 25 addu-

2038 448 80 20 Lurata.
2132 444 17 22 E
2160 443 68 22 Luisa
2241 441 21 22 si
2273 440 115 22 tumbava
2399 439 25 22 di
2436 442 63 26 pien-

2038 480 59 22 ti:...
2112 478 45 22 Chi
2169 477 20 21 si
2209 475 32 28 pò
2263 473 32 27 fà,
2321 473 26 21 in
2365 473 34 21 tal
2419 473 81 26 dulore

2038 513 43 22 che
2092 509 131 29 pienghie?
2234 524 24 6 ...

2063 557 29 4 —
2110 545 91 26 Pasqua
2222 548 12 15 s
2242 546 133 19 avicmava,
2397 545 29 16 eu
2438 547 17 15 u
2476 549 26 16 so

2036 580 52 22 sole
2107 577 90 28 tepidu,
2208 576 7 22 i
2228 581 27 16 so
2267 574 64 22 canti
2344 573 94 22 ducelli
2451 575 25 22 in
2486 577 16 22 li

2036 613 55 23 fiori
2124 609 119 27 sbucciati,
2256 615 47 15 cun
2326 609 62 20 tutta
2406 606 96 26 “l’allel-

2036 647 49 22 luia
2093 645 12 10 ”
2123 646 24 21 di
2158 651 14 15 a
2186 643 94 23 Natura.
2307 641 114 22 Purtantu
2434 640 7 22 i
2455 645 46 21 cori

2037 686 74 15 eranu
2136 678 77 22 tristi:
2236 676 23 21 A
2284 675 96 24 Natura,
2394 675 53 24 ella,
2471 681 30 18 un

2037 713 67 26 sapia
2127 711 38 21 chi
2177 708 57 26 culà,
2261 709 8 20 i
2281 708 55 21 fiori
2357 707 47 21 cari
2414 713 14 15 a
2439 709 63 22 tante

2037 750 112 19 mamme,
2173 747 131 17 cascavanu
2315 741 24 21 in
2353 741 73 26 pienu
2439 747 64 18 vera-

2039 786 32 15 nu
2082 779 5 21 !
2099 794 25 5 ...
2137 777 18 22 E
2165 777 25 21 lu
2201 775 54 22 còre
2264 774 25 22 di
2303 774 76 25 Luisa,
2399 779 69 18 cume
2473 783 31 17 un

2038 813 118 28 sepolcru,
2189 811 65 20 stava
2278 808 85 21 chiusu
2398 811 107 22 annant’a

2039 845 146 28 l’immagine
2194 843 23 22 di
2223 842 103 25 l’amatu,
2334 841 109 22 annant’a
2454 842 53 25 l’os-

2039 882 34 21 tia
2085 885 66 16 sacra
2163 884 13 15 e
2185 883 52 16 cara
2247 876 24 21 di
2280 876 26 21 lu
2317 880 29 16 so
2356 880 108 17 amore...

2069 914 122 25 Purtantu,
2203 917 13 15 a
2227 915 69 17 mane
2328 908 24 22 di
2367 915 24 14 u.
2399 909 73 27 jornu
2482 912 22 22 di

2041 948 94 26 Pasqua
2157 943 67 24 s’alzô
2247 942 42 29 più
2306 943 112 20 cuntenta
2427 941 6 21 !
2460 943 45 24 Ella

2041 983 76 20 stessa
2129 985 40 16 era
2180 976 173 28 smaravigliata
2366 975 6 20 !
2387 981 10 14 «
2406 974 50 23 No!
2469 977 33 23 di-

2042 1016 43 24 cia,
2095 1019 33 16 no
2137 1013 6 20 !
2153 1013 95 21 Antone
2260 1016 32 15 un
2305 1008 38 23 n’è
2354 1011 78 19 mortu
2443 1009 6 21 !
2459 1010 47 23 Dio

2042 1049 14 22 è
2070 1051 88 24 troppu
2183 1045 64 22 bonu
2261 1044 5 21 !
2280 1043 75 22 Sentu
2367 1049 13 14 a
2399 1048 109 22 speranza
2532 1060 5 3 -

2043 1082 39 22 chi
2105 1078 164 28 risusciteghia
2291 1077 27 22 in
2337 1075 47 26 mè,
2417 1082 68 17 cume
2496 1085 13 16 a

2043 1115 105 23 verdura
2156 1114 26 21 in
2191 1113 15 22 li
2219 1112 86 27 campi,
2322 1112 69 20 cunie
2408 1109 67 23 Gesù
2485 1112 24 22 in

2046 1151 27 21 lu
2097 1148 112 28 Sepolcru
2227 1146 6 22 !
2254 1145 23 23 U
2292 1144 51 23 miô
2363 1148 57 18 core
2445 1147 65 20 canta

2043 1182 140 23 l’Allelluia.
2210 1179 23 23 U
2256 1179 102 28 Signore
2380 1176 114 25 m’averte
2503 1179 6 21 !

2049 1215 136 28 Averaghiu
2196 1220 46 15 una
2251 1213 93 27 Pasqua
2353 1211 69 22 felice
2430 1211 6 21 !
2448 1218 10 14 »
2472 1211 17 22 E
2499 1219 12 16 a

2044 1255 92 24 povera
2155 1245 76 25 ziteîla
2245 1248 119 24 cuntenta,
2381 1244 61 23 saltô
2454 1245 56 28 fora,

2046 1291 13 15 e
2072 1289 70 17 corse
2154 1289 13 16 a
2178 1289 13 15 a
2203 1282 111 22 Posta.—

2076 1318 69 22 C’era
2155 1322 46 17 una
2209 1317 84 21 lettera
2305 1314 40 23 chi
2361 1313 150 28 l’aspettava:

2047 1353 44 22 Era
2103 1352 119 22 d’Antone
2228 1351 6 20 !
2248 1349 77 23 Cume
2334 1348 178 23 d’amarezza,un

2045 1387 24 21 si
2088 1391 69 17 more
2180 1385 23 21 di
2215 1385 64 26 gioia
2288 1384 6 20 !
2315 1383 78 25 Luisa,
2401 1382 111 26 Taperse,

2047 1420 39 21 for
2094 1419 25 21 di
2129 1419 52 21 sè...
2191 1424 13 15 e
2215 1418 62 21 lesse
2283 1423 6 15 :

2142 1492 74 25 Luisa,
2225 1497 14 15 a
2250 1490 51 22 mio
2314 1490 99 27 Pasqua.

2079 1542 10 14 «
2095 1535 29 22 Ti
2136 1534 79 22 scrivu
2226 1532 29 23 da
2266 1539 16 15 u
2290 1531 52 23 miô
2357 1532 60 22 lettu
2426 1531 88 30 d’ospe-

2049 1570 64 25 dale,
2124 1569 83 21 biancu
2216 1567 94 26 biancu,
2321 1565 14 23 é
2344 1572 30 15 un
2389 1566 35 21 mi
2432 1573 82 16 manca

2050 1604 45 21 che
2107 1609 15 16 a
2143 1605 25 20 to
2185 1607 111 23 presenza
2302 1615 4 3 -
2315 1602 85 23 amata,
2410 1606 44 21 per
2465 1607 48 16 esse
2522 1604 5 5 '

2050 1638 101 22 felice...-
2159 1642 27 16 so
2197 1636 81 25 feritu;
2287 1634 44 23 oh!
2349 1634 62 22 mica
2420 1635 91 21 assai....
2526 1644 4 4 •

2050 1678 34 15 un
2095 1671 119 28 pezzacciu
2222 1670 23 21 di
2254 1669 100 28 piombu
2365 1667 62 22 m’ha
2440 1671 73 25 purta-

2050 1708 28 19 tu
2090 1711 16 15 u
2115 1705 93 22 bracciu
2216 1709 112 17 mancu...
2342 1702 41 22 Un
2393 1701 119 29 t’addispe-

2052 1739 38 22 rà!
2111 1739 29 22 sò
2152 1738 91 29 guaritu
2251 1738 5 21 !
2281 1738 72 21 Ancu
2364 1738 52 20 ottu
2426 1735 62 28 jorni
2502 1742 13 15 e

2051 1774 43 27 poi
2104 1778 81 23 vengu
2190 1778 70 16 versu
2271 1771 25 22 tè
2303 1771 6 21 !
2320 1770 100 26 Dimmi,
2436 1770 80 22 dimmi

2053 1807 82 22 subitu
2143 1813 25 16 se
2176 1809 25 19 tu
2209 1806 49 22 voli
2270 1811 54 16 esse
2334 1811 14 15 a
2354 1810 53 17 mea
2411 1805 13 21 ?
2433 1804 24 21 A
2465 1809 52 23 spo-

2054 1847 26 16 sa
2096 1840 85 23 ch’ellu
2200 1840 33 22 mi
2244 1839 67 22 vulia
2331 1838 30 22 dà
2379 1838 88 26 babbu,
2488 1844 29 15 un

2053 1875 87 22 m’ama
2151 1874 42 28 più
2202 1874 65 27 dipoi
2282 1872 72 23 ch’un
2365 1871 97 29 n’aghiu
2478 1871 40 22 che

2055 1915 32 16 un
2100 1908 120 22 bracciu...
2229 1907 89 23 Dimmi
2328 1907 5 20 !
2347 1913 12 15 a
2370 1909 65 23 te,un
2444 1906 17 21 ti
2471 1906 47 21 bas-

2055 1946 24 19 ta
2092 1949 14 15 u
2120 1942 48 23 miô
2178 1942 73 22 core?
2260 1941 111 22 Scrivimi
2380 1947 5 19 ;
2400 1938 120 28 t’amu,t’a-

2056 1983 49 20 mu,
2116 1982 13 16 e
2144 1976 17 22 li
2174 1976 108 28 basgiu...

2387 2008 107 22 Antone.

2087 2079 62 21 Duie
2169 2078 96 28 lagrime
2281 2079 60 21 calle
2353 2079 114 27 sgottonu
2486 2082 36 15 an-

2058 2112 78 23 nant’a
2149 2113 76 26 quella
2233 2118 52 16 cara
2300 2114 71 20 carta:
2387 2111 69 22 Luisa
2472 2109 51 22 s’in-

2058 2145 128 30 ginocchiô
2203 2152 14 15 a
2233 2152 16 16 u
2268 2146 62 28 pede
2342 2145 39 22 d’u
2399 2146 63 21 lettu
2469 2150 6 16 :
2487 2143 37 22 Un

2059 2181 144 21 sentimentu
2214 2181 103 21 cuntusu
2328 2180 26 21 di
2361 2180 73 27 gioia,
2440 2178 85 23 d’ama-

2059 2218 71 22 rezzà,
2151 2215 24 21 di
2186 2216 142 24 tennerezza,
2339 2220 14 15 a
2370 2213 153 28 stringhia....

2060 2247 82 27 S’alzô,
2155 2248 21 22 si
2187 2247 72 29 fighiô
2269 2254 14 16 a
2291 2255 17 15 u
2319 2246 207 29 specchiu...Avià

2060 2288 48 16 una
2125 2282 97 28 lagrima
2233 2281 117 26 all’occhi,
2362 2288 32 15 un
2410 2281 92 23 surrisu
2514 2285 13 16 a

2061 2316 105 32 eQabbre
2173 2316 6 21 !
2192 2315 24 23 Si
2223 2316 6 21 !
2239 2322 40 16 era
2291 2318 114 20 cuntenta
2413 2316 6 21 !
2441 2314 85 23 L’ama-

2059 2352 28 20 tu
2099 2350 55 21 avia
2173 2349 103 27 suffertu,
2298 2355 40 17 ma
2350 2355 39 17 era
2404 2350 69 25 vivu,
2489 2353 39 16 era

2062 2384 52 22 soiu
2123 2384 5 21 !
2138 2383 82 26 Corse,
2233 2383 77 29 pigliô
2318 2389 34 16 un
2363 2383 76 28 fogliu
2447 2383 25 22 di
2482 2387 46 16 car-

2062 2420 32 24 ta,
2108 2423 15 16 e
2140 2417 25 22 in
2176 2417 59 22 furia
2246 2418 20 21 si
2278 2423 81 16 messe
2378 2423 14 15 a
2403 2417 81 22 scrive
2495 2417 34 20 sta

2063 2453 83 20 lettera
2166 2451 37 21 chi
2224 2451 39 22 noi
2284 2457 32 15 un
2338 2451 190 27 riproducemmu

2063 2486 62 21 mica
2137 2487 58 20 tutta
2204 2491 5 15 :

2214 2559 22 23 U
2248 2560 31 21 mi
2282 2559 105 22 Antone

2091 2600 14 14 «
2112 2593 44 23 Chi
2167 2593 88 29 Pasqua
2269 2593 78 26 felice,
2360 2599 42 22 per
2416 2594 40 21 noi
2465 2593 5 20 !
2490 2591 35 22 Un

2064 2628 95 22 bracciu
2172 2634 30 16 un
2214 2628 18 22 ti
2244 2628 66 22 basta
2322 2634 42 21 per
2380 2625 145 31 stringhiemi

2064 2661 109 23 annant’a
2185 2668 14 15 u
2211 2665 25 19 to
2248 2664 75 25 pettu,
2346 2668 12 16 e
2373 2668 43 22 per
2428 2664 98 19 carezzar

2065 2696 7 21 i
2083 2696 75 22 nostri
2171 2695 80 29 figlioli
2259 2696 12 21 ?
2291 2695 91 27 T’amu,
2393 2695 109 28 saraghiu
2514 2698 12 15 a

2065 2729 31 26 tè,
2112 2735 43 22 per
2165 2735 119 22 sempre...
2294 2737 13 14 »

2292 2764 31 22 G.
2332 2763 28 22 di
2369 2763 26 23 la
2406 2764 97 22 Grotta.

2159 2874 282 33 L’Almanaccu

2101 2950 201 28 L’Almanaccu
2325 2952 29 26 di
2374 2953 26 25 A
2428 2951 100 27 Muvra

2072 3001 45 26 per
2125 3001 63 27 1925
2202 2995 15 25 è
2228 2994 113 26 surtitu!
2355 2994 47 27 208
2418 2989 110 40 pagine!

2072 3043 43 18 roo
2136 3035 109 36 disegni
2261 3037 6 25 !
2293 3036 16 26 8
2321 3041 125 22 canzoné
2465 3042 34 19 eu
2515 3039 15 17 a

2072 3078 105 26 tnusica
2190 3078 6 25 !

2102 3119 14 26 I
2137 3120 52 31 più
2202 3128 69 27 gran
2288 3122 124 26 scrivani
2424 3129 16 18 e
2448 3119 81 36 pueta

2072 3162 70 25 eorsi
2155 3170 7 17 :
2176 3162 90 27 Santu
2284 3163 158 32 Casanova,
2468 3161 62 26 Ituc-

2072 3204 102 32 ciardi,
2193 3205 78 26 Mais
2272 3205 84 33 traie_,
2385 3203 140 29 Martinu,

2072 3246 213 36 Appin^apalu,
2316 3248 25 26 ü
2356 3243 173 39 Strampala-

2072 3289 38 30 tu9
2124 3287 24 27 Tj
2160 3288 221 36 Sampetracciu,
2392 3290 40 26 Tr
2432 3290 93 25 islam.

2072 3330 99 26 Marco
2191 3331 118 36 Angeli,
2335 3332 28 25 d9
2365 3325 166 33 Altimonti-

2072 3372 146 34 Mimcale,
2231 3374 121 26 Simonu
2366 3373 162 28 dili.Lecc'i,

2072 3413 201 29 Sambucucciu
2278 3416 34 26 di
2322 3416 134 30 Casinca,
2466 3412 70 27 Bofr-

2072 3455 103 35 ghettii
2205 3457 119 27 Simonu
2349 3457 124 30 d’Aullè,
2495 3451 34 26 G»

2076 3497 114 27 Olivier
2193 3500 63 31 i,G.
2271 3500 130 32 Luciani,
2433 3498 38 27 G•
2491 3493 33 26 P-

2075 3537 456 39 Codaccioni,KyrnGugliòl^f

2072 3581 104 33 Pinçu,
2197 3583 28 26 U
2241 3583 157 36 Bo,hbu%iu,
2429 3571 104 38 Matico

2075 3623 143 33 Cirnensi,
2255 3625 39 26 G.
2316 3626 34 25 di
2379 3635 21 17 a
2422 3619 111 31 Grotta,

2073 3673 66 18 ec...

2108 3706 108 40 Presfiu
2226 3720 10 18 :
2258 3714 19 25 3
2285 3713 141 26 franchi.

2108 3751 41 26 Pè
2168 3761 18 18 a,
2190 3756 84 32 posta
2287 3756 37 26 ;4
2334 3752 137 29 franchi.
