2538 3880
55 151 23 20 in
85 148 78 30 quella
172 149 23 21 di
205 156 13 14 a
229 148 103 23 Corâica.

370 189 126 23 Mufrellu.

78 271 26 21 (1)
110 279 22 4 —
140 270 29 17 Un
178 274 51 13 semu
244 270 56 17 micca
308 268 122 19 interamenle
447 266 79 16 d’accor-

56 299 24 16 du
86 302 21 13 eu
113 298 79 16 l’autore
197 297 19 16 in
222 297 27 17 ciô
254 295 31 19 ëhi
290 300 93 13 cuncerna
388 290 137 22 st’elimologia.

56 326 53 16 Basla
117 329 11 12 a
141 324 80 17 ramintà
234 323 31 18 chi
275 329 25 11 nu
311 328 10 12 e
329 322 78 18 vecclue
420 319 89 18 scritture
516 320 10 13 e

56 352 87 17 l'autiche
149 352 51 16 carte
208 351 15 17 si
229 351 61 22 leghie
296 355 5 12 :
308 348 92 19 Breciani.
407 348 13 16 L
426 343 101 23 ortografia

56 379 70 18 attnale
133 383 5 12 :
144 378 116 23 Appricciani
264 378 67 17 risulta
337 377 45 16 d’un
390 377 69 15 errore.
464 369 57 24 Apric

57 405 55 19 ciani.
121 406 87 17 eum’ellu
223 405 60 17 scrive
291 409 12 12 u
318 404 64 17 nostru
392 399 137 19 cullaboratore

57 434 11 17 è
77 433 29 22 piû
116 433 102 17 cunforme.
228 432 30 20 (P.
266 432 33 20 R.)

58 529 89 18 Penseri
157 527 64 18 Corsi

173 567 91 52 Dui
301 563 116 52 Mari

287 668 27 15 Du
329 672 10 10 c
352 663 47 19 rimé
405 663 20 18 di
430 661 80 21 Bavella,

327 693 13 17 2
349 694 54 16 Aoslti
414 690 52 18 1920

88 731 94 23 Ecciimi
200 737 12 14 a
224 736 13 15 u
253 728 96 26 Fempiu
363 725 23 22 di
406 724 74 22 ìaria.
501 721 32 22 Sù

59 768 51 20 sola
124 763 109 22 annant’a
244 768 43 15 una
301 764 96 24 peira,e
408 756 123 29 guarclu...

88 798 73 22 Sott'a
183 796 45 21 mè.
251 795 22 20 in
284 792 68 29 ghiô.
375 792 23 20 in
412 796 31 15 un
467 789 66 21 fumu

59 832 86 22 biancu
158 830 14 20 ë
184 833 127 22 vapurosu,
325 832 12 15 a
353 825 77 21 desira
443 829 35 15 ea
502 822 32 21 si-

61 866 81 22 nisira,
154 863 7 20 i
172 861 39 21 dui
222 859 56 23 mari
292 858 84 22 dislesi
385 856 77 22 dormi
466 861 40 15 nu.

89 898 25 21 In
124 897 56 23 altu,
194 893 96 22 astrada
303 892 20 21 si
338 891 59 21 lorci
411 894 70 17 corne
488 893 46 16 una

61 930 70 26 sarpi.
147 928 36 21 Dà
201 929 99 25 partutlu
316 925 5 20 i
334 924 74 21 monti
430 922 103 22 turchini

60 964 20 21 si
93 964 109 20 driz/.anu
215 967 12 14 a
246 959 132 21 l’orizonte.
399 956 38 23 Un
460 958 75 18 venlu

61 997 78 21 frescu
161 994 31 22 mi
219 996 65 24 porta
293 998 13 15 a
323 990 156 28 rispiraziòne
495 989 23 21 di
529 994 5 21 i

59 1028 133 27 muntag.ni,
202 1033 13 14 u
229 1025 128 22 murmuriu
370 1024 23 21 di
403 1030 13 14 e
426 1023 88 21 vadine
523 1029 13 15 e

60 1070 15 14 u
84 1060 97 23 trimulà
191 1060 24 21 di
227 1058 91 22 l’alberi
327 1065 6 18 ;
344 1057 29 21 da
384 1057 9 21 i
402 1057 50 27 pini
474 1057 62 21 colla

63 1102 31 15 un
106 1094 111 28 profume
228 1089 74 24 sutliii
317 1091 39 21 chi
363 1091 27 20 -vi
401 1091 108 26 pénétra.

91 1128 73 27 Stogu
178 1133 11 14 a
200 1128 73 19 sénta.
290 1124 66 22 Tutti
368 1124 5 21 i
390 1129 39 16 me
441 1124 93 26 putenzi

64 1163 20 21 si
97 1163 101 26 portanu
209 1161 73 20 .versü
294 1164 32 14 un
337 1157 71 21 unicu
420 1159 84 25 ugettu
513 1163 5 14 :
529 1160 7 21 i

62 1195 59 22 mari
130 1195 5 20 !
147 1194 7 21 i
167 1192 59 23 mari
240 1191 36 22 chi
290 1191 33 22 mi
337 1191 96 21 lentanu
446 1190 90 27 arispi-

61 1229 97 21 razione
164 1227 23 21 di
197 1226 128 21 l’universu
333 1226 102 20 annanta
445 1223 90 22 uzefiru

62 1261 153 22 carizzenteë
224 1259 67 21 doice
304 1263 71 22 sopra
384 1264 15 14 u
412 1257 77 22 monti
501 1258 35 20 lu-

62 1296 106 21 minosu.

91 1328 47 21 Ghi
149 1326 182 27 maravigliasta
344 1325 156 27 rispirazione
513 1324 22 22 di

62 1368 13 15 a
84 1363 83 20 natura
180 1365 108 21 suspresa
300 1358 66 22 cusìL
376 1358 86 22 Sintite
479 1364 12 15 u
505 1358 32 21 si-

61 1396 86 21 lenziu.
155 1399 16 16 o
180 1393 72 22 animi
261 1392 63 27 puri.
333 1392 83 25 Pianu,
427 1392 83 27 pianu.

92 1428 81 21 L’omu
186 1427 99 27 picculu,
302 1428 72 25 postu
385 1425 111 22 annant’a
505 1431 30 16 un

62 1461 113 27 mücçhiu
199 1460 22 21 di
240 1459 133 28 petranculi
395 1465 21 19 e,
429 1460 107 24 intornu,

61 1495 67 22 Peler
129 1495 23 20 ni
155 1496 52 19 ta...
220 1487 17 27 È
245 1499 44 15 una
301 1492 109 21 riunioni
421 1492 24 21 di
459 1492 76 26 narbi,

61 1527 167 23 un’attinzioni.
235 1532 77 21 persa.
328 1525 39 22 Ma
379 1525 113 22 Pinfinitu
504 1532 32 15 un

62 1563 16 20 ii
92 1567 65 22 pesa;
171 1560 146 27 cumprende
324 1566 13 14 e
345 1560 89 27 guarda
444 1565 13 15 a
469 1561 69 20 natu"

62 1602 34 19 ra,
106 1594 24 22 Si
132 1595 23 21 le
159 1600 13 15 n
175 1594 18 21 zi
197 1600 22 19 u,
229 1593 142 21 sileiiziu....

91 1628 77 22 Cornu
181 1633 13 15 a
207 1629 80 19 natura
299 1632 33 21 po
350 1627 132 26 susprenda
493 1626 45 22 Fo-

62 1668 24 15 nt
89 1662 26 21 u?
127 1660 41 22 Un
177 1660 30 21 dà
218 1660 108 21 disturbu
340 1659 51 21 ch’a
404 1660 5 20 i
429 1660 81 21 debuli
524 1666 13 14 e

63 1695 85 27 povari
162 1693 108 27 fl’anima.

94 1727 89 22 L'eletti
211 1726 106 22 crescinu
342 1732 12 15 a
367 1732 12 15 a
401 1732 27 16 so
452 1727 83 22 faccia.

62 1761 65 22 Senti
132 1766 30 15 nu
178 1761 4 20 i
193 1759 78 28 Ügami
285 1765 27 16 eu
323 1766 13 15 u
350 1759 98 25 mondu,
461 1760 76 22 sidis-

62 1795 96 22 solvinu
179 1795 23 20 in
213 1793 138 25 Puniyersu.
371 1800 13 14 e
405 1793 130 22 l’universu

64 1828 117 21 s'incarna
194 1833 43 16 cun
251 1827 47 21 elli.

90 1860 68 26 Cala,
166 1859 107 23 annant’a
284 1860 6 20 i
303 1860 84 27 grandi
402 1861 133 28 muntagni.

62 1901 15 15 o
90 1900 71 15 versu
180 1900 14 15 u
208 1894 56 21 mari
285 1893 103 25 infinitu,
402 1894 60 21 culà.
474 1894 31 21 du
509 1900 27 15 va

62 1929 20 20 si
99 1927 76 22 lancia
187 1933 12 14 u
215 1927 85 26 spaziu,
318 1927 86 27 rispira
417 1933 13 15 a
444 1930 91 19 natura.

62 1961 52 22 Non
129 1962 52 20 solu
192 1960 47 27 qui.
249 1960 85 27 rispira
346 1961 29 20 da
387 1963 107 24 partuttu
512 1961 23 21 in

61 1995 31 21 du
96 2000 28 15 va
142 1994 54 26 l'agi
199 1994 91 21 tazione
305 1999 85 16 umana
403 1999 30 15 un
447 1993 89 23 suffoca

62 2034 14 15 u
84 2033 26 16 so
123 2027 87 27 rispiru
217 2026 67 21 doice
296 2032 14 15 e
323 2026 96 28 grande.
432 2026 104 27 Bisogna

63 2067 13 15 a
90 2060 56 26 sapé
166 2062 75 19 sente.

90 2096 101 19 intornu
203 2099 13 15 a
228 2099 43 16 me.
286 2099 12 15 a
322 2096 90 19 xuresta
425 2096 85 19 verda.
526 2096 9 19 J.

61 2128 49 27 pini
128 2127 85 25 diritti,
226 2127 73 21 mossi
316 2127 29 21 da
358 2133 15 15 u
388 2130 83 24 ventu,
480 2134 55 21 pen-

61 2161 56 21 dinu
131 2160 64 21 l’una
208 2162 68 19 versü
285 2160 75 22 Paîtra
371 2161 6 21 i
392 2166 27 16 so
427 2162 109 25 rambellj

61 2194 54 21 d’un
123 2194 76 21 verdu
208 2193 116 22 chiaru.Si
333 2194 141 21 balancianu
481 2195 54 21 d’un

61 2227 73 21 rilmu
148 2228 85 26 uguale
245 2232 13 16 e
267 2227 63 23 beHu
343 2233 14 16 a
369 2227 111 23 Focchiu.

87 2260 146 23 Guârdendu
253 2266 71 15 versu
337 2260 119 23 Porizonti
469 2262 20 21 si
502 2262 35 21 di-

60 2294 105 22 mentica
177 2298 17 19 a'
205 2298 67 17 terra.
287 2292 44 23 C’è
344 2300 13 15 u
369 2295 133 21 murmuriu
512 2296 23 20 di

61 2333 15 17 ü
90 2327 66 25 mari,
164 2327 98 21 Peternu
272 2332 98 17 rumore
377 2327 25 22 di
413 2333 12 15 a
434 2330 100 20 natura..

61 2360 91 21 Esentu
161 2360 23 21 di
193 2365 30 16 no
224 2365 31 16 vu
264 2366 14 14 u
287 2361 87 27 rispi.ru
381 2361 24 21 di
413 2367 13 15 u
436 2363 101 22 mondu..

88 2393 26 21 In
121 2393 40 22 n’u
174 2394 51 20 celu
234 2394 102 26 limpidu
346 2394 108 22 manc’ün
465 2396 71 21 nivu-

60 2428 34 24 lu,
116 2432 13 15 e
151 2427 79 27 sppr’a
246 2426 61 23 Lutta
332 2433 13 16 a
364 2430 92 25 natura..
479 2429 56 23 dhin

60 2461 105 26 sguardü
179 2461 90 21 ardenti
294 2467 14 16 e
326 2464 108 25 patermg
448 2461 20 24 U
484 2466 55 20 sole.
555 2478 3 9 ;

60 2494 67 21 caldu
140 2494 69 27 reggi
226 2494 55 21 l’uni
284 2500 81 16 versu.

79 2526 40 24 .Pè
127 2527 96 25 subisçe
231 2534 12 14 a
250 2528 187 26 rispirari-onedi
446 2536 16 15 a.
468 2534 67 19 natu-

59 2566 26 15 ra
95 2561 101 27 bisogna
205 2560 44 22 avè
255 2563 121 24 un.anima
382 2563 115 26 salv.atiça
513 2569 23 22 di

61 2593 126 24 vint’anni.
344 2602 23 16 ü-
382 2606 3 13 :
404 2598 3 3 '
506 2607 3 11 :

88 2627 31 21 Pè
134 2628 129 23 traducialà
274 2623 107 35 bkogrr
393 2646 54 16 essa
459 2644 71 17 C0TSU
550 2627 8 25 !

87 2660 92 22 Riuniti
187 2661 274 40 st'elem<.:itiiSen1:areti
470 2673 72 24 nî}s4e
552 2665 6 36 j

59 2700 13 15 e
82 2696 67 19 canta
163 2701 30 15 un
236 2711 95 22 e;Ï!.b;;£.
344 2708 118 23 smfuma,
533 2712 4 3 '

103 2733 21 16 ta
138 2750 22 21 ;0
173 2754 12 16 a
197 2748 73 21 sente,
286 2741 151 30 penetrati>.
442 2740 109 25 pnsteTu

69 2786 54 21 d’un
127 2790 16 14 a.
154 2783 87 21 furesta
253 2777 75 26 fitta,è
340 2782 16 15 u
368 2779 58 24 gran
434 2773 118 24 misfleriu

70 2819 50 21 di-a
133 2818 92 19 natura.

100 2852 22 20 A
140 2854 78 17 mezza
228 2845 57 22 tutti
299 2845 8 20 i
321 2842 61 23 canti
406 2840 26 22 di
448 2842 103 27 st’innu,

74 2884 106 26 distingu
194 2881 29 20 bè
232 2885 13 15 a
254 2884 61 15 voce
328 2876 71 21 virile
412 2881 13 15 e
431 2880 85 18 -soave
527 2876 25 21 di

73 2917 96 22 l’anima
181 2919 66 17 corsa
259 2912 39 21 chi
314 2912 69 20 canta
394 2915 13 14 a
426 2909 96 22 liberté.

326 2950 31 22 A.
370 2949 32 21 de
418 2949 107 22 Peretti.

176 3066 34 29 A
224 3063 36 30 la
278 3061 174 31 Caserne

108 3140 95 18 Peut-on
221 3137 47 18 dire
285 3141 45 18 que
348 3134 32 19 les
398 3132 160 20 ordonnances
567 3133 3 19 j

82 3169 40 20 des
133 3168 98 20 officiers
248 3166 28 19 ;iu
295 3163 158 21 détachement
471 3162 29 19 du
512 3166 7 14 1
526 3169 22 16 /•>

85 3200 24 19 R.
121 3200 15 18 i.
153 3205 28 13 en
191 3196 105 26 garnison
306 3195 12 19 à
330 3193 97 26 Ajaccio,
446 3197 50 14 sont
513 3197 45 14 em-

86 3230 77 24 ployés:
172 3226 158 22 actuellement
339 3225 13 19 à
362 3223 53 20 faire
434 3222 41 20 des
484 3224 75 21 iagots

84 3260 30 19 de
125 3259 50 20 bois
183 3258 56 20 dans
248 3257 19 19 la
279 3255 114 26 propriété
402 3253 27 20 de
439 3253 29 20 M.
483 3252 52 20 Neri
545 3252 13 19 à

87 3290 12 19 3
108 3290 80 19 kilom.
199 3286 118 26 d’Ajaccio.

110 3320 58 19 L’art
181 3318 68 26 146du
260 3317 123 25 règlement
393 3321 38 13 sur
441 3314 21 20 le
472 3313 88 21 service

86 3350 107 20 intérieur
212 3348 91 26 prescrit
319 3356 8 8 «
339 3353 43 19 que
392 3346 31 19 les
430 3345 130 20 ordonnan-

89 3386 36 13 ces
134 3380 106 19 assistent
248 3379 11 19 à
270 3384 44 14 une
324 3376 90 21 marche
423 3382 29 13 ou
458 3381 31 14 un
499 3380 63 14 exer-

89 3410 47 19 cice
144 3410 120 23 important
274 3415 40 17 par
324 3407 107 21 semaine,
443 3405 47 20 font
500 3405 63 19 leurs

89 3439 40 19 tirs
138 3444 21 14 et
171 3442 108 21 prennent
293 3443 49 19 part
352 3443 42 14 aux
409 3436 103 20 marches
520 3435 43 19 d’é-

91 3475 91 18 preuve,
202 3469 25 18 ils
241 3471 176 21 accompagnent
437 3466 61 19 leurs
516 3463 46 21 offi-

91 3499 58 19 ciers
158 3505 43 13 aux
216 3504 142 13 manoeuvres
374 3497 27 19 de
416 3495 109 25 garnison
541 3498 23 15 et

92 3527 135 22 d’automne,
237 3533 43 13 aux
288 3527 129 20 évolutions
425 3530 23 15 et
459 3532 44 13 aux
513 3524 52 20 feux

94 3557 28 19 de
131 3563 89 18 guerre.
227 3561 11 10 »

121 3586 46 19 Oui
176 3590 89 15 veut-on
275 3585 85 20 brimer
368 3585 11 19 ?

119 3615 52 20 Oue
180 3619 89 16 veut-on
278 3614 57 20 faire
343 3615 29 19 de
379 3621 27 13 ce
414 3615 50 19 bois
472 3615 13 19 ?

120 3645 76 20 Est-ce
205 3651 55 17 pour
268 3644 101 19 chauffer
376 3644 23 19 le
407 3644 51 19 four
467 3644 101 24 projeté?

119 3675 38 20 On
168 3680 80 19 pourra
259 3673 58 20 faire
325 3674 41 19 des
373 3673 68 24 petits
452 3674 65 23 pâtés
524 3674 13 18 à
545 3674 22 18 la

98 3706 75 19 crème
181 3706 6 19 !

879 149 343 95 Contra
1295 139 411 103 Batterie

581 338 21 22 E
613 332 145 30 scuppiatU)
773 326 198 23 viulentissimu,
987 327 33 16 un

555 371 101 20 àttaccu
671 364 27 20 ü
711 365 70 24 gran
791 356 59 23 stile
867 362 14 13 a
897 351 125 49 srçpujh

555 399 89 22 ridiice
656 401 12 14 e
678 390 120 24 annienta
808 393 15 14 o,
831 386 91 21 nostra
933 385 44 25 pu1
986 383 26 25 1J1

556 428 96 23 catrice
661 426 95 25 aygione.

583 460 20 21 A
614 456 101 25 stampa
719 450 131 29 parigtna,
860 450 53 17 1111a
921 444 49 21 die
976 443 49 26 pu,

557 487 121 24 asservite
690 484 27 21 di
728 488 17 15 n
757 477 103 24 mondu,
874 482 22 15 ci
913 476 33 19 ha
955 476 30 23 fa
992 483 39 19 itu

558 520 97 21 Vonore
665 515 27 22 di
697 513 73 20 mette
778 514 35 17 un
823 509 106 19 termine
935 510 22 19 A.
964 510 67 28 quel-

559 551 25 21 La
596 547 125 26 cunsigna
733 542 27 21 di
772 540 259 26 dispre^csliiesilen-

558 581 49 24 ïiu,
617 574 154 31 ghiudicatu
786 567 177 29 insufPLciente
986 573 46 24 per

559 611 135 21 cuntraria
707 610 17 15 u
736 608 45 16 suc
783 606 25 15 ce
811 606 10 15 s
821 606 13 16 s
837 605 17 17 u
869 603 27 21 di
908 608 15 15 ci
941 603 68 19 iioslt
1016 607 16 14 a-

560 635 166 33 propaganda
739 638 56 16 e.cu
804 632 88 27 quella
898 632 134 20 musinosa

560 664 175 34 imparticiiità
752 663 41 22 chi
811 661 108 30 l'afflige
932 662 29 21 di
977 667 56 15 ver-

557 690 117 40 gugno'sa
689 700 116 20 manera,
819 694 33 21 ha
868 694 80 27 postu
968 698 16 15 a
1003 697 28 16 so

561 731 77 23 moda
648 735 14 15 a
673 735 12 13 «
697 725 124 30 Question
835 724 80 22 Corse
923 730 23 13 ».

589 758 122 26 Strambi,
726 757 92 29 guerpi
830 762 12 14 e
863 759 67 17 ancu
952 752 81 29 cieghi

562 793 197 26 distingueranu
771 793 32 16 eu
812 787 131 26 chiaregga
955 785 28 20 in
990 785 42 20 stu

561 822 92 25 ronïhu
666 821 27 22 di
699 818 113 31 fulmini
820 824 13 15 e
845 815 188 27 d'impreccigio-

562 856 29 21 ni
602 859 53 17 una
668 850 194 27 cuntribuÿonc
883 853 16 14 AE
923 845 111 35 Vaqjfpne

562 883 161 31 pro-ted,esca
736 881 27 22 di
773 886 17 16 u
803 879 64 26 Quai
881 878 15 21 d
905 876 88 27 Orsa}c

591 917 21 21 A
622 916 102 25 stampa
733 917 74 16 corsa,
817 910 33 21 ha
857 908 74 28 fa.ttu
944 907 68 20 sente
1021 911 12 15 e

561 953 29 16 so
612 944 145 27 arcusgiate
777 943 27 20 in
825 938 130 30 appoghiu
976 936 25 21 di
1022 942 12 15 e

564 976 138 25 bumbarde
714 974 28 21 di
755 978 70 16 mare
833 972 27 20 in
871 969 34 22 là.

592 1010 20 20 A
626 1007 43 23 chi
679 1007 91 26 espone
779 1000 146 31 argumenti
937 999 33 21 da
987 998 48 21 cri-

561 1040 73 28 possi
645 1039 28 20 in
685 1041 44 16 cor
727 1037 47 26 pu,
794 1040 15 15 a
820 1032 43 22 chi
881 1031 100 21 mostra
999 1034 34 15 un

562 1073 67 25 pocu
649 1068 81 28 degnu
748 1064 146 23 settarismu
908 1061 27 21 di
945 1059 91 29 puliti-

564 1101 93 22 canciu
669 1099 32 21 dà
713 1097 131 22 brinnata.
849 1094 23 21 A
889 1092 41 21 chi
943 1092 25 21 ci
978 1092 58 26 face

559 1131 105 30 giganti
675 1129 33 22 ad
720 1129 56 21 asta
785 1127 25 21 in
827 1129 87 20 manu,
923 1129 16 15 a
951 1122 49 22 chi.
1004 1127 31 16 eu

553 1150 147 41 %imp'atica
705 1159 81 22 cümm
789 1156 106 27 iseragio
898 1160 16 16 n
917 1160 21 19 e,
941 1155 26 20 ci
969 1153 42 22 chi
1012 1159 24 15 a-

554 1197 5 5 '
563 1200 44 16 ma.
616 1191 125 24 siniadom
756 1189 26 22 di
795 1193 45 16 car
842 1191 97 17 amusa.

602 1222 101 24 Attenti
716 1227 12 15 e
743 1218 106 29 placidi,
866 1217 33 21 da
927 1223 17 16 a
963 1218 74 25 spon-

565 1256 33 22 âa
627 1253 90 28 fiurita
746 1251 27 21 di
792 1248 170 30 primcroerile
983 1248 55 26 spe-

564 1292 88 24 rança,
662 1283 177 29 guardaremu
858 1279 101 30 trafalà
973 1277 66 22 versi

565 1324 15 15 u
593 1322 71 17 mare
674 1316 9 21 i
690 1312 88 24 catelli
783 1311 154 24 muntanini
949 1308 90 23 trasci-

564 1349 56 21 naii
644 1347 36 21 d.a-
694 1347 41 20 sia
750 1345 148 28 timpistosa
913 1341 124 28 fiumara,

562 1378 63 29 perd
634 1376 190 26 a-lluntcinendu
836 1381 12 14 e
854 1372 132 29 sanguette
997 1369 40 22 chi

565 1411 24 20 ci
596 1409 69 28 pi^Q
665 1414 55 15 cari
722 1413 53 16 anu
787 1407 11 20 i
810 1404 125 27 calcàgni.

597 1440 73 21 Vinti
681 1441 63 20 sette
753 1435 108 24 articuli
873 1435 27 21 di
909 1439 57 21 varj
980 1432 59 27 jur-

565 1471 55 22 nali
632 1471 25 21 ci
665 1470 27 21 sò
704 1470 62 21 stati
777 1465 147 25 cunsacrati
935 1465 27 20 in
984 1464 55 20 ottu

560 1503 85 27 jorni.
670 1501 41 21 Da
734 1506 18 15 u
780 1505 12 14 «
803 1498 114 27 Temps»,
941 1495 97 26 sempre

564 1532 121 22 sticchitu
708 1536 71 17 cume
790 1535 18 16 u
828 1528 55 28 sgio
908 1526 104 22 Gnerra
1024 1530 15 15 a

567 1571 11 13 «
590 1562 95 23 L'Echo
703 1562 29 21 de
749 1560 29 23 St
789 1559 82 22 Flour
878 1565 13 13 »
910 1555 128 30 passendu

563 1597 51 26 par
627 1593 15 22 V
645 1595 28 20 ai
674 1598 31 16 eu
709 1589 90 32 J'ogUu
809 1590 28 21 di
849 1586 190 29 Vimbruglione

564 1626 112 27 (dicemu
682 1622 196 29 pocu)Gusta.vu
887 1618 153 26 Thery,tutti

565 1657 70 21 danu
643 1654 64 23 vulu
717 1660 16 15 a
744 1660 13 14 e
770 1658 28 16 so
811 1649 127 23 cantüene
959 1648 28 21 di
1003 1647 36 21 lo-

561 1687 48 28 ghi
621 1685 114 26 cumuni,
749 1682 110 23 meludie
872 1683 49 25 per
935 1677 104 30 pupuli-

564 1723 36 16 nu
613 1723 14 16 0
639 1719 47 24 per
696 1715 105 28 ghiente
806 1712 101 28 fruste,,
927 1715 58 16 cun-
1000 1714 40 16 ac-

565 1746 232 29 cumpagnamentu
809 1743 28 21 di
845 1740 102 24 tromba
961 1739 79 23 bolce-

564 1780 65 24 vica,
640 1778 28 21 di
679 1773 136 30 triangulu
823 1772 147 22 massonicu
987 1776 13 15 0
1013 1770 27 21 di

564 1808 194 28 pumpierescaj
760 1801 279 31 anfaraimperioMsta.

592 1841 22 20 A
629 1839 63 22 tutti
704 1838 113 26 atiempu
830 1840 36 16 un
875 1834 115 28 pudemu
1007 1833 34 23 dà

565 1873 66 25 capu
638 1877 9 19 ;
652 1871 49 26 per
723 1867 77 28 oghie■
817 1864 167 30 publichemu
1000 1867 42 22 sta

564 1902 116 26 risposta
691 1899 42 21 chi
740 1904 33 15 no
783 1902 90 17 avemu
884 1896 106 21 inviatu-.
997 1903 15 14 a
1025 1903 17 15 u

566 1931 154 29 quotidianu
744 1927 207 29 pariginissimu,
976 1930 66 24 pan-

560 1960 221 31 germanistisimu
808 1964 12 14 e
842 1956 200 27 russofUissimù

566 2001 10 12 «
594 1991 113 22 L’OEuvre
720 1998 20 13 ».

594 2091 112 28 Ajaccio,
720 2090 22 22 le
758 2095 22 16 11
795 2090 60 21 avril
867 2095 59 21 1927.

637 2169 126 23 Monsieur
776 2170 21 20 le
811 2168 145 30 Directeur,.

591 2229 42 27 J’ai
644 2228 108 22 constaté
762 2234 62 17 avec
832 2231 93 25 riaisir,
933 2237 34 16 en.
975 2230 72 22 lisant
1056 2231 8 28 j

565 2259 123 23 L'OEuvre
706 2260 32 21 du
755 2267 12 19 4
783 2265 109 20 courant,
916 2268 49 22 que
987 2265 62 16 vous
1061 2264 3 14 i

564 2291 69 21 aviez
652 2290 64 22 enfin
738 2296 89 23 rompu
851 2295 22 21 le
894 2294 91 21 silence
993 2295 6 4 '
1006 2291 40 27 qui

564 2321 127 27 paraissait
714 2322 70 22 avoir
814 2325 39 23 été
877 2321 95 30 imposé
992 2322 14 21 à
1026 2322 24 21 la

563 2353 95 27 grande-
675 2358 86 23 presse
790 2357 139 29 parisienne
953 2359 41 17 sur
1011 2354 39 20 les

563 2385 127 27 questions
703 2384 44 28 qui
760 2388 151 24 intéressent
917 2387 23 21 la
949 2385 45 21 vie
999 2384 53 21 mê-

564 2421 38 17 me
611 2416 31 21 de
651 2416 24 21 la
687 2414 96 32 Catfje,
796 2418 126 28 questions
935 2416 41 27 qui
989 2419 63 23 pour

564 2451 61 17 nous
638 2447 92 23 primer
765 2454 10 16 t
777 2452 55 18 mite
834 2455 11 15 s
856 2449 37 21 les
905 2449 90 19 autres.

590 2477 146 32 To.uteforSj
758 2487 62 17 nous
839 2479 80 22 étions
939 2483 30 16 en
988 2476 65 21 droit

564 2507 124 29 Tësperer
707 2513 71 29 qU’en
787 2510 133 23 autorisant
928 2514 34 15 un
970 2508 30 21 de
1007 2512 46 16 vos

564 2540 105 21 rédaci-ô”
676 2551 38 16 jrs
734 2544 14 21 à
770 2543 83 22 traiter
877 2539 65 22 enfin
955 2544 27 16 ce
992 2537 62 28 sujet

565 2568 163 31 d%Wdiànte
744 2571 120 26 actualité,
881 2576 33 16 un
925 2569 83 28 esprit
1013 2574 41 15 na-

564 2600 167 30 f&re’élément
746 2604 103 26 critique
869 2606 95 17 comme
976 2601 23 19 le
1009 2604 47 16 vo-

635 2637 79 24 formé
725 2639 25 19 et
761 2632 135 28 développé
908 2638 44 21 par
960 2630 97 22 l’ensei-

569 2669 127 30 'gnement
718 2669 26 19 et
765 2667 24 20 le
812 2664 63 22 libre
897 2667 103 17 examen
1026 2666 30 15 en

577 2701 116 22 honneur
709 2697 13 22 à
737 2696 85 22 l’école
842 2693 118 22 normale,
981 2691 77 22 aurait

578 2730 74 29 exigé
676 2730 30 20 de
726 2734 55 19 son.
801 2725 179 23 collaborateur
1010 2727 47 16 une

578 2759 200 25 documentation
787 2753 238 31 préalable,sérieuse
1034 2754 25 19 et

577 2790 172 30 approfondie.
763 2787 74 23 Hélas
845 2787 6 20 !
860 2785 127 22 Monsieur
1003 2783 57 21 Piot

579 2823 95 22 semble
687 2820 72 21 avoir
773 2816 70 30 puisé
857 2822 40 16 ses
916 2815 144 24 renseigne-

579 2855 83 20 ments
677 2851 13 21 à
705 2851 44 21 des
763 2853 99 17 sources
879 2847 54 27 plus
949 2850 46 22 que
1008 2850 51 15 sus-

579 2885 85 26 pectes
676 2884 25 19 et
709 2881 60 21 dans
779 2885 31 15 un
821 2877 84 22 milieu
918 2875 90 23 hostile
1017 2874 13 22 à
1036 2875 24 20 la

582 2914 78 22 Corse
677 2917 72 22 parce
762 2915 47 22 que
828 2907 121 22 constitué
963 2911 43 22 par
1016 2905 44 21 des

581 2942 128 24 déracinés
717 2941 107 28 ignares;
833 2938 63 22 tarés
904 2944 32 15 ou
946 2942 113 16 asservis.

609 2974 68 22 Tout
690 2974 16 19 d
714 2974 83 22 abord,
819 2974 190 23 permettez-nmi
1027 2974 34 15 ne

582 3011 63 16 vous
656 3009 74 22 poser
744 3008 46 16 une
805 3000 112 29 question
929 2999 31 21 de
971 2998 90 27 princi-

583 3043 30 20 pe
621 3043 6 14 :
638 3040 44 22 par
689 3034 62 21 suite
759 3034 30 20 de
795 3032 81 27 quelle
884 3028 176 23 contradiction

583 3065 132 29 singulière
740 3064 160 21 laissez-vous
924 3059 88 28 prôner
1030 3064 31 15 en

583 3096 127 22 troisième
719 3100 61 22 page
788 3093 31 22 du
829 3092 79 21 même
917 3089 101 23 numéro
1026 3090 36 20 les

585 3126 113 23 bienfaits
710 3125 32 21 du
756 3123 151 22 fédéralisme
922 3119 81 23 cher-à
1017 3125 45 16 vos

585 3157 120 22 éminents
713 3155 201 21 -collaborateurs
932 3151 131 27 Ilem.essy

586 3191 23 18 et
618 3187 101 22 Charles
726 3184 141 25 Brun,alors
877 3188 46 21 que
931 3187 62 16 vous
1001 3186 61 16 vou-

586 3220 35 20 lez
637 3217 82 28 priver
736 3217 71 20 notre
820 3214 33 21 île
872 3213 41 20 des
931 3213 133 26 avantages

587 3255 47 17 due
645 3246 157 29 préconisent
813 3241 187 28 ces-distingués
1009 3241 55 22 thé-

587 3277 123 24 oriciens?

615 3310 68 21 Est-il
696 3310 122 18 vraiment-
824 3310 137 16 necessaire
966 3310 30 15 ne
1001 3310 78 25 vousq

588 3340 112 27 rappeler
711 3343 46 22 que
775 3338 22 21 la
819 3336 67 27 ligue
897 3333 112 29 présidée
1022 3340 43 22 par

589 3369 186 22 l'ambassadeur
787 3367 129 26 Hënnessy
924 3365 83 25 a,dans
1017 3370 48 15 une

590 3399 146 23 déclaration
761 3396 187 22 sensationnelle
970 3394 96 21 montré

591 3430 87 24 qu’une
688 3427 162 28 organisation
861 3425 103 21 fédérale
971 3425 29 20 de
1005 3424 62 21 l'Eu-

592 3466 59 21 rope
661 3458 108 27 exigeait
785 3462 29 15 au
824 3455 120 27 préalable
956 3454 111 26 l’organi-

593 3491 79 21 sation
685 3487 105 22 fédérale
802 3486 30 21 de
845 3486 21 20 la
878 3484 106 22 France?

622 3520 30 21 La
666 3518 73 21 Corse
754 3516 130 22 serait-elle
902 3515 63 21 donc
980 3519 28 16 au
1022 3514 45 21 ban

594 3551 43 20 des
650 3548 101 28 peuples
765 3550 24 18 et
803 3545 267 26 réserverait-on'pour

594 3581 47 20 elle
652 3578 66 22 seule
726 3578 24 21 le
756 3577 60 27 joug
827 3575 102 22 suranné
937 3575 71 21 d’une
1015 3580 54 15 cen-

595 3608 135 24 tralisation
743 3605 166 24 outrancière?

625 3640 65 22 C’est
703 3644 26 15 ce
741 3637 63 22 fléau
812 3642 47 21 que
871 3636 96 21 combat
974 3636 23 20 le
1006 3635 64 21 Par-

596 3672 50 20 titu
656 3669 53 21 Cor
709 3674 39 19 su,
755 3668 61 27 parti
824 3666 40 27 qui
872 3665 59 22 n’est
938 3666 132 21 nullement

580 3701 3 30 j
597 3700 79 21 réduit
683 3698 13 21 à
706 3704 46 16 une
761 3698 66 22 seule
836 3696 67 22 unité
913 3701 93 17 comme
1013 3697 59 19 veut

1049 322 22 20 le
1080 320 59 21 faire
1148 320 86 32 croKe
1243 333 70 19 votre
1321 329 90 25 orggne
1420 323 61 22 mais
1489 320 40 28 qui

1049 350 105 22 réclame
1169 366 93 16 comme
1269 362 64 20 siens
1340 362 48 16 non
1397 353 133 23 seulement

1049 387 39 15 ses
1093 379 30 23 il
1126 396 26 15 es
1159 391 134 22 nombreux
1300 387 127 24 adhérents
1434 383 97 22 inscrits

1049 418 68 24 ^hais
1130 426 90 16 encore
1232 422 21 20 la
1268 417 127 26 multitude
1410 416 42 21 des
1466 414 66 21 Cor-

1057 453 37 20 sis
1095 453 36 19 tes
1143 451 42 27 qui
1204 451 124 28 partagent
1339 453 46 16 nos
1399 449 131 19 rancoeurs,

1058 483 154 25 approuvent
1226 487 45 16 nos
1283 479 66 24 idées
1361 479 24 20 et
1399 476 134 22 secondent

1059 514 69 20 notre
1143 511 79 21 effort.

1086 542 27 21 Et
1125 548 41 16 ces
1182 542 123 22 Corsistes
1317 546 30 15 ne
1359 541 56 19 sont
1426 544 42 21 pas
1481 542 52 16 seu-

1058 574 91 19 lement
1170 572 43 21 des
1227 570 160 23 intellectuels
1404 574 64 22 purs,
1492 567 42 21 des

1058 603 205 26 ecclésiastiques,
1288 602 42 20 des
1355 600 111 24 officiers,
1492 598 42 21 des

1059 635 185 26 commerçants,
1278 632 42 21 des
1348 631 147 27 magistrats,
1511 630 24 19 et

1059 666 43 21 des
1136 666 72 20 hauts
1240 661 190 23 fonctionnaires
1473 659 62 22 mais

1060 696 62 21 aussi
1142 697 24 20 et
1187 696 93 20 surtout
1302 699 48 15 une
1374 697 78 16 masse
1469 696 67 16 com-

1060 728 68 26 pacte
1149 725 134 24 d’artisans,
1301 724 29 20 de
1346 728 103 23 paysans
1469 723 25 20 et
1506 721 30 21 de

1059 758 110 27 bergers.

1088 787 19 22 Il
1120 793 66 16 vous
1199 785 70 23 serait
1289 785 57 25 aisé,
1364 787 24 19 et
1400 790 60 15 nous
1475 788 62 16 vous

1057 817 19 29 ÿ
1087 819 121 24 invitons,
1218 818 3 3 '
1229 817 30 21 de
1271 816 71 21 venir
1357 816 99 21 assister
1470 814 13 22 à
1495 819 42 16 nos

1061 850 63 21 màni
1128 849 126 30 (©stations
1301 845 235 24 commémoratives,

1060 886 46 15 aux
1123 877 208 30 représentations
1346 877 32 22 de
1389 878 70 20 notre
1470 875 69 22 théâ-

1060 914 44 18 tre.
1120 910 72 23 Vous
1205 908 156 23 constateriez
1373 913 46 22 que
1427 908 36 21 les
1472 906 66 21 chefs

1061 942 61 21 dont
1135 946 63 17 vous
1210 940 78 28 parlez
1300 945 30 15 ne
1344 940 133 25 manquent
1497 942 42 22 pas

1061 973 30 21 de
1112 976 103 22 troupes
1235 973 24 18 et
1279 975 63 16 vous
1366 969 92 21 verriez
1480 973 59 15 avec

1062 1004 81 27 quelle
1155 1001 107 25 ferveur,
1283 1002 55 26 quel
1360 999 180 22 enthousiasme

1063 1034 136 22 débordant
1221 1038 45 15 nos
1277 1032 72 21 rudes
1370 1030 171 27 compatriotes

1062 1065 116 22 écoutent
1188 1066 24 19 et
1221 1064 133 21 acclament
1368 1068 43 15 nos
1423 1062 116 20 orateurs.

1064 1103 45 15 ÜOS
1122 1096 86 27 poètes
1222 1097 22 18 et
1257 1100 45 15 nos
1313 1096 103 19 acteurs.

1093 1128 39 21 On
1143 1125 104 29 pleurait
1256 1131 12 15 a
1280 1125 261 23 Ponieitovuiovsque,

1064 1159 32 21 du
1106 1159 57 21 haut
1180 1157 33 21 du
1225 1158 61 26 pont
1292 1153 250 29 tragique,tandisque

1063 1190 23 21 la
1107 1189 67 22 foule
1198 1186 128 24 entonnait
1339 1186 25 21 le
1385 1185 71 21 chant
1465 1184 77 21 natio-

1065 1221 39 21 nal
1116 1220 32 21 du
1157 1219 54 22 Dio
1224 1219 22 21 ti
1255 1216 79 26 Salvi,
1344 1216 48 21 l’un
1403 1216 29 20 de
1441 1220 43 16 nos
1492 1214 49 27 jeu-

1064 1257 44 16 nes
1130 1251 52 27 jeta
1200 1250 60 20 dans
1272 1249 36 21 les
1319 1246 56 23 flots
1391 1246 31 21 du
1436 1245 66 22 GolO
1522 1245 21 21 la

1235 1279 105 22 branche
1361 1277 30 21 de
1405 1277 85 22 chêne.
1504 1275 38 22 On

1065 1313 107 28 pleurait
1178 1312 14 21 à
1199 1309 134 24 Padulella
1341 1308 100 27 lorsque
1449 1308 48 21 l’on
1504 1306 41 22 dé-

1066 1344 99 22 couvrit
1178 1344 24 20 le
1208 1340 165 24 marbre-dont
1381 1338 162 27 l’inscription

1066 1375 99 28 évoque
1178 1373 98 22 l’atroce
1298 1371 49 22 exil
1359 1370 43 21 des
1421 1368 74 23 héros
1515 1368 29 21 de

1065 1405 212 28 l’indépendance.
1293 1402 40 22 On
1345 1400 103 28 pleurait
1459 1399 13 22 à
1490 1399 55 22 Mo-

1065 1428 379 39 rosc/gi-iàlOTsqne,âVocc&sion
1452 1431 32 21 du
1493 1436 53 15 cen-

1066 1470 98 23 tenaire
1177 1467 32 22 du
1227 1465 61 22 Père
1302 1464 28 21 de
1342 1464 23 20 la
1382 1461 88 26 Patrie,
1485 1466 60 16 nous

1066 1499 151 28 déposâmes
1228 1495 153 29 pieusement
1395 1498 40 16 sur
1448 1498 25 15 sa
1486 1494 60 19 tom-

1066 1531 30 21 be
1104 1531 28 21 la.
1144 1530 80 27 palme
1236 1527 32 21 du
1280 1524 124 24 souvenir.

1093 1560 85 23 Notre
1187 1556 163 30 propagande,
1364 1559 62 16 sans'
1441 1553 72 22 avoir
1534 1552 13 22 à

1067 1598 25 15 sa
1101 1590 155 28 disposition
1268 1586 164 28 ies.puissants
1444 1590 103 23 moyens

1066 1622 111 22 d’action
1199 1625 47 23 q.ue
1266 1624 61 16 vous
1345 1617 95 21 dressez
1454 1621 94 16 comme

1066 1660 33 15 un
1104 1653 71 27 éipou
1179 1650 89 22 vantail
1280 1649 90 22 devant
1379 1652 45 16 vos
1435 1647 111 25 lecteui’s,

1066 1683 170 24 n’en--obtient
1243 1687 42 21 pas
1294 1679 81 22 moins
1386 1677 43 22 des
1437 1676 111 23 résultats

1067 1715 79 22 d’une-
1154 1710 123 26 efficacité
1286 1709 147 23 indéniable.

1094 1745 85 22 Note
1185 1743 95 22 maison
1291 1740 123 25 d’édition,
1426 1741 68 20 toute
1498 1744 52 17 mo-

1067 1777 69 22 deste
1146 1774 94 29 qnu’elle
1252 1775 45 23 est,
1306 1771 120 22 constitué
1439 1776 31 15 un
1481 1770 70 29 foyer

1068 1805 189 24 incomr*arablè
1272 1804 31 21 de
1315 1803 93 21 culture
1420 1802 24 20 et
1460 1801 31 21 de
1511 1807 40 21 pa-

1067 1838 139 23 triotisme.
1227 1835 45 22 Pas
1291 1840 31 15 un
1335 1833 73 28 poète
1426 1832 31 22 de
1476 1833 75 21 talent

1069 1870 41 28 qui
1122 1867 67 23 naife
1201 1873 32 15 vu
1256 1871 30 16 au
1306 1865 80 21 moins
1406 1869 46 16 une
1471 1864 31 21 de
1513 1869 38 16 ses

1060 1904 109 19 ::oeuvres
1196 1897 72 22 sortir
1288 1896 38 21 de'
1339 1900 45 17 nos
1405 1900 104 22 p.resses,
1529 1896 22 19 et

1070 1931 59 23 c’est
1145 1931 78 21 notre
1234 1927 63 28 parti
1315 1927 41 27 qui
1376 1932 12 15 a
1401 1924 100 23 institué
1513 1931 39 16 ces

1072 1961 121 23 réuniorLS
1207 1957 131 24 familières
1350 1958 26 20 et
1387 1957 113 21 vivantes
1512 1956 39 28 qui

1072 1993 97 26 chaque
1176 1989 77 23 année
1261 1989 119 28 groupent
1388 1989 87 19 autour
1481 1988 71 20 d'une

1072 2023 69 23 table
1154 2027 71 16 corse
1248 2020 36 21 les
1308 2018 120 22 écrivains
1440 2018 30 21 de
1482 2020 70 19 notre

1073 2053 72 23 riche
1154 2052 111 22 dialecte.

1104 2086 21 20 G
1134 2086 40 19 est
1183 2086 70 18 notre
1264 2086 61 22 parti
1337 2086 72 19 enim,
1427 2086 25 15 ex
1463 2086 18 15 n
1502 2086 10 15 s
1522 2086 29 15 en

1077 2116 43 21 fait
1131 2114 133 24 honneur,'
1274 2111 41 28 qui
1327 2117 13 15 a
1353 2109 84 24 ravivé
1453 2113 25 19 et
1490 2111 62 21 exal-

1077 2146 24 22 té
1121 2146 136 25 davantage
1268 2143 23 21 le
1304 2143 62 21 culte
1379 2140 66 23 sacré
1454 2141 31 21 de
1498 2142 55 21 Pas-

1077 2174 114 31 quale-de
1204 2174 76 25 Paoli,
1295 2172 60 22 Père
1364 2173 30 21 de
1406 2173 22 21 la
1440 2172 90 22 Patrie.

1106 2206 61 27 Et/à
1180 2211 28 16 ce
1224 2209 99 24 propos,
1336 2203 148 22 laissez-moi
1496 2203 57 22 m’é-

1077 2241 90 20 tonner
1180 2236 72 28 qu’un
1273 2235 76 28 esprit
1365 2235 33 21 tel
1415 2240 47 18 que
1474 2235 23 20 le
1510 2240 42 16 vo-

1078 2273 45 22 tre,
1148 2268 83 22 nourri
1253 2267 59 21 dans
1334 2265 162 22 l’admiration
1523 2266 38 21 de'

1080 2300 112 24 Voltaire
1203 2298 34 21 ait
1246 2296 82 23 oublié
1340 2297 97 23 la.belle
1449 2302 62 22 page
1521 2296 31 23 où

1079 2333 23 20 le
1111 2328 142 30 .patriarche
1265 2328 30 21 de
1307 2327 94 28 Ferney
1418 2327 134 27 stigmatise

1079 2362 121 22 l’attentat
1207 2360 48 27 qui,
1266 2365 31 15 en
1306 2358 62 28 17Ó9,
1382 2357 113 23 détruisit
1501 2358 52 22 fin-

1080 2392 157 28 dépendance
1257 2395 77 17 corse.
1355 2389 145 22 Pontenovu
1518 2389 36 21 fut

1079 2429 64 23 pour
1154 2423 37 21 les
1203 2421 155 28 philosophes
1367 2420 32 22 du
1409 2419 93 23 XVIIIe
1508 2420 46 21 siè-

1080 2455 45 24 cle,
1139 2458 47 17 vos
1193 2452 106 26 maîtres,
1312 2450 124 23 considéré
1460 2456 93 17 comme

1081 2492 30 15 un
1126 2485 44 20 des
1180 2484 53 27 plus
1241 2482 87 29 grands
1341 2481 93 23 forfaits
1447 2481 29 22 de
1490 2481 64 22 l’his-

1080 2517 73 21 toire.

1110 2555 103 27 Depuis,
1227 2553 54 27 près
1293 2553 30 22 de
1336 2553 64 21 deux
1412 2552 86 21 siècles
1513 2557 42 17 ont

1083 2585 69 29 passé
1165 2588 25 18 et
1202 2588 68 17 notre
1284 2589 58 23 pays
1354 2582 37 22 n’a
1405 2589 41 21 pas
1462 2587 93 18 retrou-

1082 2617 31 22 vé
1119 2618 65 20 cette
1192 2615 56 27 paix
1253 2619 23 17 et
1283 2616 63 20 cette
1352 2613 136 28 prospérité
1498 2614 58 21 dont

1084 2649 16 21 ii
1110 2647 114 29 jouissait
1234 2647 72 20 avant
1318 2645 20 21 ia
1351 2645 127 27 conquête.

1112 2677 121 27 Pourquoi
1256 2675 195 22 n’aurions-nous
1474 2681 42 22 pas
1536 2677 20 20 le

1083 2709 74 25 droit,
1177 2708 89 21 devant
1279 2707 20 20 la
1311 2712 101 16 carence
1434 2706 30 22 de
1478 2708 21 20 la
1515 2713 41 21 po-

1084 2741 87 26 litique
1184 2737 201 26 centralisatrice/
1393 2738 29 21 de
1435 2738 76 21 sentir
1522 2738 35 21 vi-

1086 2775 55 20 brer
1154 2778 30 16 en
1198 2777 60 16 nous
1279 2770 115 23 l’ardente
1406 2771 101 22 volonté
1528 2772 28 21 de

1086 2810 61 17 nous
1160 2808 87 17 sauver
1259 2807 61 16 nous
1333 2802 112 21 mêmes?

1114 2837 76 23 Notre
1201 2840 159 24 programme,
1375 2836 19 21 si
1409 2841 60 16 nous
1481 2842 29 15 en
1523 2836 35 27 ju-

1085 2874 77 23 geons
1176 2874 42 21 par
1229 2868 21 21 la
1271 2865 97 22 récente
1378 2867 131 21 interview
1528 2867 29 21 de-

1086 2901 20 20 là
1121 2899 107 26 Gagetta
1241 2896 41 23 dcl
1294 2897 96 27 Popolo
1404 2903 45 22 que
1458 2904 61 15 nous
1530 2905 28 14 ne

1086 2935 161 18 connaissons
1264 2933 46 22 que
1330 2933 42 22 par
1399 2929 35 20 les
1459 2929 100 21 extraits

1087 2960 139 29 reproduits
1248 2963 42 23 par
1310 2961 69 19 votre
1401 2959 103 28 journal,
1524 2963 36 18 est

1087 2991 103 28 exposé,
1203 2996 43 22 par
1268 2996 10 13 «
1292 2988 179 23 1!autonomiste
1481 2997 13 14 »
1516 2996 46 22 que

1087 3028 62 16 vous
1161 3027 62 16 vous
1235 3020 111 22 évertuez
1356 3020 13 22 à
1380 3020 108 26 bafouer,
1504 3024 58 19 avec

1089 3061 46 16 une
1144 3054 75 23 clarté
1231 3056 24 19 et
1266 3059 48 16 une
1337 3054 65 22 force
1422 3056 141 26 auxquelles

1087 3091 62 17 nous
1160 3085 101 22 n’avons
1277 3084 52 21 rien
1348 3085 13 21 à
1377 3086 100 27 ajouter,
1500 3092 62 16 vous

1087 3117 169 22 reconnaissez
1275 3114 121 24 d’ailleurs
1408 3117 153 22 vous-même

1087 3148 23 21 le
1121 3145 145 24 bien-fondé
1277 3145 30 21 de
1330 3152 45 16 nos
1386 3146 80 28 griefs-
1486 3148 77 21 endes

1088 3177 122 23 déclarant
1219 3184 10 13 «
1237 3182 33 16 un
1282 3182 46 21 peu
1336 3177 65 22 vrais
1410 3184 18 15 ».

1118 3211 39 21 Du
1180 3212 72 23 reste,
1274 3211 141 22 autonomie
1434 3211 64 22 n’est
1518 3220 43 20 pas

1089 3241 171 28 séparatisme,,
1287 3240 192 29 (reportez-vous
1503 3249 63 21 pour

1089 3278 61 16 vous
1169 3278 30 15 en
1221 3271 146 23 convaincre
1379 3272 12 21 à
1412 3273 22 20 la
1456 3272 110 23 fameuse

1090 3303 148 22 déclaration
1273 3302 43 21 des
1340 3302 106 22 Félibres
1472 3303 94 23 fédéra-

1089 3335 70 21 listes
1172 3333 32 21 du
1217 3339 27 15 22
1264 3331 91 23 février
1368 3332 78 29 1892.}
1460 3333 44 22 Les
1515 3340 51 16 me-

1091 3369 69 17 sures
1171 3362 142 28 envisagées
1324 3370 45 21 par
1378 3369 62 16 nous
1454 3370 62 20 pour
1535 3365 31 22 ti-

1092 3400 39 16 rer
1143 3393 49 22 l’île
1208 3393 31 21 du
1262 3399 119 16 marasme
1403 3394 59 21 dans
1485 3395 81 27 lequel

1093 3430 31 16 on
1137 3429 27 15 se
1173 3424 62 26 plaît
1245 3423 13 22 à
1268 3424 23 21 la
1308 3425 86 20 laisser
1415 3425 98 26 croupir
1535 3432 31 15 ne

1094 3455 155 25 comportent
1257 3455 133 21 nullement
1407 3460 48 15 une
1465 3456 101 21 atteinte

1095 3484 12 21 à
1127 3483 88 22 funité
1223 3483 128 28 française,
1373 3486 31 23 et,
1417 3485 92 27 malgré
1521 3492 46 15 vos

1096 3514 115 25 craintes,
1223 3515 23 20 la
1258 3514 76 22 Corse
1347 3520 30 15 ne
1392 3516 90 20 saurait
1493 3516 74 21 deve-

1095 3544 42 22 nir
1145 3544 24 20 la
1181 3545 69 26 proie
1269 3545 57 21 d’un
1348 3545 109 26 puissant
1473 3547 92 26 voisin,

1096 3580 43 22 pas
1150 3574 56 27 plus
1215 3580 46 21 que
1269 3581 29 15 ce
1309 3578 51 19 sort
1372 3574 37 21 n’a
1418 3574 38 22 été
1468 3576 99 23 réservé

1097 3611 11 15 a
1129 3604 30 21 de
1183 3605 52 26 plus
1254 3605 131 22 heureuses
1397 3606 111 22 contrées
1526 3609 40 26 qui

1097 3638 44 18 ont
1163 3635 23 20 le
1199 3635 118 28 privilège
1341 3636 29 21 de
1393 3635 175 25 s’administrer

1097 3665 163 22 elles-mêmes
1274 3673 4 14 :
1302 3666 136 27 Slovaquie,
1463 3666 103 29 Irlande,

1082 3705 4 11 1
1098 3695 75 22 Malte
1186 3699 65 19 etc...

1585 318 43 21 Les
1661 316 93 21 raisons
1779 313 30 21 de
1841 311 187 21 l’acharnement

1557 353 60 17 avec
1649 346 78 27 lequel
1760 350 32 15 on
1818 342 107 28 défigure
1957 343 70 19 notre

1557 383 84 17 oeuvre
1653 377 100 20 doivent
1765 375 50 20 être
1828 371 129 23 cherchées
1968 372 60 20 dans

1557 407 157 23 l’affirmation
1727 405 28 21 de
1767 406 68 19 notre
1850 402 92 25 succès,
1950 402 78 27 lequel

1557 444 69 16 accru
1658 436 91 26 chaque
1778 435 54 24 iour
1863 433 82 22 effraie
1976 434 52 20 tout

1558 468 185 23 naturellement
1756 466 35 20 les
1815 463 157 29 sportulaires
1987 463 40 27 qui

1558 500 88 21 vivent
1657 497 137 22 bassement
1811 496 30 21 du
1855 494 92 28 régime
1969 493 60 22 dont

1559 531 79 22 meurt
1650 531 68 19 notre
1737 528 32 21 île
1782 529 24 20 et
1820 526 39 28 qui
1884 527 54 20 sont
1964 528 79 23 pe;l:',B*

1560 562 52 21 être
1624 566 39 16 ces
1676 559 60 22 amis
1745 557 87 28 auprès
1847 556 112 26 desquels
1974 561 11 14 s
2014 571 17 4 ..

1561 589 127 29 renseigné
1701 588 91 23 M.Piot
1802 594 5 18 ;
1821 593 26 16 ce
1857 588 56 20 sont
1924 592 30 15 c.u
1968 587 63 20 reste

1562 628 40 15 ces
1614 622 91 20 mêmes
1717 618 127 28 profiteurs
1859 617 40 27 qui
1916 622 44 21 par
1969 617 63 20 leurs

1562 652 160 28 agissements
1740 649 98 27 privent
1860 648 21 20 la
1903 646 76 22 Corse
2002 645 30 21 de

1562 684 62 21 cette
1633 679 88 24 liberté
1743 680 60 21 dont
1825 679 46 20 elle
1892 680 37 19 est
1952 676 79 25 avide,

1562 719 62 16 vous
1642 713 22 21 le
1680 710 175 25 reconnaissez,
1871 710 23 20 et
1908 714 48 21 que
1967 707 66 22 seule

1563 746 58 26 peut
1641 742 33 22 lui
1692 741 79 22 valoir
1791 741 30 22 la.
1838 739 136 22 réalisation
2004 738 30 21 de

1563 776 69 21 notre
1649 778 160 23 programme.

1590 805 32 22 En
1648 810 61 16 vous
1731 802 145 22 demandant
1908 799 125 25 d’insérer,

1557 834 68 24 'ainsi
1640 835 57 28 qu’il
1712 836 36 19 est
1759 833 104 28 d’usage,
1875 834 61 19 cette
1949 830 86 28 répon-

1565 874 25 15 se
1603 873 29 15 en
1647 866 78 22 même
1736 865 48 22 lieu
1795 866 24 19 et
1831 864 66 27 place
1905 868 47 22 que
1963 861 73 22 l’arti-

1565 899 36 20 cle
1616 897 39 29 qui
1669 902 60 16 nous
1740 897 61 24 vise,
1811 895 26 28 je
1849 900 60 16 vous
1926 894 50 26 prie
1989 892 47 21 d’a-

1565 928 77 28 gréer,
1662 927 125 22 Monsieur
1802 927 21 20 le
1836 926 134 23 Directeur,
1985 923 51 21 l’as-

1566 965 99 16 surance
1691 959 30 20 de
1743 964 47 15 ma.
1805 957 98 27 parfaite
1926 954 110 23 considé-

1567 990 86 22 ration.

1800 1036 75 21 Petru
1888 1035 90 21 Rocca.

1702 1077 125 20 Directeur
1837 1076 30 21 de
1876 1075 19 21 A
1908 1074 102 21 Muvra.

1571 1230 88 44 icqua
1668 1241 17 24 a
1696 1228 87 46 efuni

1786 1285 64 36 Sm
1865 1286 151 43 skappmu
2028 1283 13 36 1

1599 1398 20 20 U
1634 1397 83 24 spiritu
1725 1396 26 20 di
1767 1394 172 21 contradizione
1956 1395 13 18 è
1975 1396 66 17 statu

1571 1432 90 21 sempre
1669 1434 15 13 u
1692 1427 82 25 difettu
1784 1426 27 20 di
1821 1426 57 20 certi
1893 1425 63 21 corsi.
1972 1424 69 21 Ind’u

1570 1463 72 21 paese
1650 1459 27 19 di
1692 1457 87 21 Canale
1786 1457 163 25 specialmente
1962 1456 80 20 Vunio-

1572 1498 30 13 ne
1607 1494 59 21 pare
1674 1488 142 26 impussibile
1824 1494 15 14 a
1846 1495 14 13 u
1868 1490 107 24 suggettu
1985 1488 26 19 di
2013 1487 29 25 fà

1571 1522 53 25 falà
1632 1521 92 24 Vacqua
1733 1520 24 19 in
1768 1520 32 19 du
1805 1520 93 24 paisolu
1906 1520 26 20 di
1935 1520 108 20 Pastruc_

1573 1552 59 21 date
1639 1567 6 6 .
1657 1551 67 20 Tuttu
1731 1552 22 19 si
1764 1557 30 14 ne
1802 1557 31 14 va
1842 1551 27 21 di
1873 1551 51 25 fola
1928 1551 25 20 in
1962 1558 82 13 canzo-

1573 1590 41 16 na,
1623 1590 14 13 e
1645 1590 31 13 un
1688 1583 22 20 si
1715 1582 54 25 face
1782 1582 50 20 mai
1839 1582 88 20 nunda.
1946 1582 42 21 Già
2003 1582 42 21 dui

1574 1615 60 21 anni
1638 1614 36 25 fà,
1682 1620 15 14 u
1705 1613 98 21 sindacu
1811 1613 90 20 attuale
1912 1613 26 20 di
1945 1620 16 13 a
1969 1620 75 14 cumu-

1574 1653 34 14 na
1618 1645 50 25 fece
1685 1652 16 13 a
1713 1648 121 22 prumessa
1843 1645 26 20 di
1875 1644 29 24 fà
1912 1645 51 20 beie
1970 1651 61 14 ancu
2037 1645 9 20 i

1575 1679 72 19 nostn
1650 1676 252 22 Pastruccialinchi;ma
1908 1679 41 17 tan
1950 1676 32 20 du
1986 1683 13 13 e
2004 1677 42 20 cir-

1575 1710 124 18 cunstenze
1705 1707 97 20 vulianu
1814 1709 35 18 ste
1854 1710 123 22 prumesse,
1990 1714 13 14 e
2008 1708 38 20 Vé-

1576 1739 77 20 lettori
1658 1738 105 25 fubbenu
1782 1738 124 20 d’accordu
1920 1739 32 24 pè
1968 1745 16 13 a
1991 1742 55 21 pru-

1577 1770 151 21 clamazione.

1604 1802 27 20 Si
1646 1804 38 18 sta
1696 1804 121 22 prumessa
1829 1800 28 25 fù
1869 1801 91 20 tenuta!
1970 1801 50 20 solu
2038 1801 10 20 i

1577 1832 191 21 Pastruccialinci
1772 1831 40 21 chi
1815 1838 30 14 ne
1852 1831 103 25 soffrenu
1963 1839 16 13 a
1986 1838 61 14 sanu

1577 1870 21 16 e,
1606 1870 15 14 a
1630 1863 59 21 dilla
1696 1863 91 24 franco,
1804 1870 15 13 u
1824 1863 99 20 sindacu
1934 1863 114 20 averebbe

1578 1895 60 20 bone
1651 1894 58 24 idée,
1726 1900 38 14 ma
1775 1894 126 20 solamente
1910 1901 31 14 un
1956 1894 52 21 bole
2019 1894 28 25 fà

1577 1926 116 20 scuntenti
1706 1932 13 13 e
1734 1925 67 20 crede
1809 1925 27 20 di
1848 1925 64 25 pudè
1924 1932 62 14 corre
1994 1925 54 21 duie

1578 1957 91 20 levrein
1675 1957 90 20 listessu
1773 1959 85 22 tempu.

1604 1988 41 21 Ma
1650 1988 102 20 cum'ellu
1760 1988 23 20 si
1786 1988 95 24 sbaglia
1884 1989 11 19 !

1603 2020 100 24 Dunque
1711 2019 11 19 i
1730 2019 138 20 Canalinchi
1881 2026 31 13 un
1921 2020 84 20 bolenu
2015 2020 33 20 dà

1578 2050 101 25 Vacqua.
1686 2050 48 22 Ma,
1740 2050 25 20 in
1768 2049 57 26 fine,
1837 2056 13 14 o
1858 2047 152 24 Canalinchi!
2017 2058 31 14 un

1578 2082 74 20 bulìte
1663 2082 160 24 francamente
1839 2081 41 21 che
1893 2082 41 20 noi
1945 2082 76 21 beimu
2037 2090 12 13 e

1579 2113 80 20 cridite
1668 2111 39 22 chi
1710 2112 62 20 l’orti
1778 2112 28 21 di
1812 2113 10 20 i
1827 2112 98 26 fasgioli
1928 2114 70 20 sianu
2001 2115 48 24 pri-

1579 2150 41 14 ma
1628 2143 42 21 che
1676 2150 13 13 e
1693 2143 116 25 personi?,
1818 2144 23 20 si
1848 2144 39 20 voi
1891 2147 73 20 avete,
1971 2151 12 14 s
1984 2145 66 21 Vidée

1579 2176 26 19 vi
1612 2175 122 24 sbagliate,
1744 2175 40 20 noi
1796 2181 83 14 avemu
1887 2182 15 13 a
1914 2179 66 17 setee
1991 2176 59 21 buli-

1579 2213 39 13 mu
1626 2206 94 25 Vacqua
1729 2206 82 22 vicinu,
1813 2206 72 21 micca
1892 2213 15 14 a
1915 2207 62 20 mille
1983 2210 48 18 met
2030 2209 21 19 ri

1578 2237 29 20 di
1615 2237 119 23 distanza-,
1745 2243 20 16 e,
1775 2244 15 13 a
1800 2237 142 24 Voccasione,
1952 2239 22 20 si
1980 2246 17 13 u
2004 2240 46 24 spi-

1578 2269 49 19 ritu
1634 2268 27 20 di
1674 2268 173 21 contradizione
1860 2270 13 19 è
1888 2271 101 19 uvostru
2001 2271 50 20 solu

1578 2300 299 24 sentimentu.sipiglierànu
1883 2308 13 13 e
1900 2302 85 20 misùre
1989 2310 62 13 nece-

1578 2331 166 25 ssarie,perché
1752 2332 14 19 è
1770 2331 141 25 impussibile
1917 2333 42 20 che
1965 2334 39 20 voi
2011 2335 41 20 ab-

1578 2362 65 21 biaie
1651 2362 70 20 Videa
1729 2362 26 20 di
1759 2363 28 24 fà
1797 2369 15 14 u
1817 2363 61 20 male
1882 2364 32 24 pè
1922 2371 14 13 u
1944 2365 51 20 solu
2000 2366 52 24 pla-

1579 2394 27 20 cé
1611 2394 27 20 di
1643 2393 68 25 fallu;
1722 2394 40 19 noi
1769 2400 31 14 un
1808 2394 90 21 buiimu
1902 2395 64 21 altru
1970 2397 81 20 nunda

1580 2425 33 20 da
1621 2425 44 22 voi,
1676 2424 89 21 buiimu
1773 2425 93 26 Vacqua
1874 2432 28 14 eu
1908 2433 16 14 u
1932 2427 81 21 dirittu
2018 2435 14 13 e
2036 2435 15 14 a

1580 2456 89 25 raggiò,
1679 2456 88 20 buiimu
1775 2463 16 13 a
1800 2460 79 17 nostra
1886 2460 76 22 parte,
1971 2465 16 14 a
1993 2459 58 20 bul'i-

1581 2493 38 14 mu
1628 2486 148 21 el'averemu:

1767 2526 21 22 U
1800 2527 222 24 Pastmccialincu.

1825 2569 66 21 (Petru
1901 2570 129 24 Giovacehini)

1611 2720 110 39 Unions
1730 2723 50 37 des
1792 2724 114 39 Prêtres
1917 2727 109 44 Corses

1739 2788 34 37 L
1786 2790 27 35 C.
1829 2793 31 40 et.
1874 2791 40 42 'K

1609 2888 33 19 Les
1651 2889 74 19 Prêtres
1732 2890 73 24 Co!>-.e?
1818 2898 76 18 anciens
1902 2899 124 18 combattants
2042 2902 18 15 et

1586 2918 95 18 mobilises
1695 2920 102 23 adressent
1808 2925 10 17 à
1827 2926 41 17 leur
1881 2926 67 19 vénéré
1960 2927 100 22 président,

1587 2946 24 17 M.
1619 2946 58 18 l’abbé
1686 2948 108 27 AnU/neuL
1804 2953 44 18 curé
1856 2955 22 16 de
1890 2954 62 22 Lento,
1963 2956 60 18 blessé
2039 2958 23 17 de

1588 2978 74 18 guerre*
1669 2978 125 23 Le/.pression
1803 2982 23 17 de
1835 2981 42 18 leur
1892 2982 107 20 fraternelle
2004 2983 18 20 T
2025 2990 39 13 vm-

1588 3002 63 22 pothîe
1659 3005 23 20 et,
1697 3007 112 20 ^assurance
1817 3010 24 17 (le
1849 3010 41 17 leur
1898 3011 71 19 entière
1980 3013 85 18 solidari-

1590 3031 46 21 té,à
1644 3031 101 22 l’occasion
1751 3036 24 17 (le
1786 3037 81 18 l’odieux
1876 3039 81 18 attentat
1971 3041 46 18 dont
2024 3041 14 18 il
2052 3047 11 12 a

1588 3059 32 19 été
1625 3059 69 26 l’objet
1702 3063 24 17 de
1735 3063 18 18 la
1767 3065 40 21 part
1819 3066 24 17 de
1851 3067 90 22 quelques
1958 3069 105 21 politiciens

1589 3088 24 17 de
1626 3088 35 19 bas
1671 3091 101 22 élage/qui
1787 3094 44 17 sont
1848 3098 60 15 venus
1920 3095 103 24 l’assiéger,
2041 3102 24 14 en

1589 3116 66 21 pleine
1663 3118 50 20 nuit,
1720 3119 46 18 dans
1774 3125 34 13 son
1816 3122 110 23 presbytère
1933 3124 25 18 de
1966 3125 64 18 Lento.

1613 3145 27 18 Ils
1655 3146 89 19 s’élèvent
1759 3152 45 14 avec
1823 3150 115 23 indignation
1957 3154 62 17 contre
2034 3159 30 13 ces

1592 3177 71 14 ruoeujs
1673 3174 133 23 bolcheviques
1814 3177 101 22 importées
1923 3181 47 17 dans
1978 3183 55 17 notre
2040 3183 25 17 île

1591 3205 34 17 par
1633 3206 27 13 un
1668 3202 27 17 vil
1704 3203 21 17 et
1732 3203 112 22 méprisable
1852 3207 110 19 sectarisme
1973 3209 33 22 qui
2013 3210 53 18 n’au-

1592 3233 21 12 ra
1617 3228 68 22 jamais
1691 3230 49 18 droit
1748 3232 24 17 de
1781 3233 37 18 cité
1823 3234 60 21 parmi
1891 3239 55 15 nous.

1615 3256 132 20 Ematlendant
1756 3264 37 17 que
1802 3261 17 17 la
1827 3261 102 23 Justice,de
1937 3269 35 14 son
1979 3266 48 21 côté,
2037 3267 28 17 in-

1591 3284 47 23 flige
1647 3285 10 17 à
1666 3290 31 13 ces
1705 3286 110 21 misérables
1820 3294 109 18 agresseurs
1936 3293 20 17 le
1963 3293 102 19 châtiment

1591 3312 58 21 qu’iis
1666 3313 94 23 méritent,
1775 3316 26 18 ils
1816 3317 90 23 déposent
1927 3322 139 21 respectueuse-

1593 3341 51 16 ment
1659 3342 19 16 et
1695 3346 23 14 en
1728 3344 58 21 esprit
1810 3346 24 17 de
1850 3347 78 21 parfaite
1945 3349 120 19 soumission,

1592 3368 54 17 entre
1654 3369 28 17 les
1698 3370 61 18 mains
1767 3372 25 17 de
1809 3373 93 19 l’autorité
1918 3376 111 19 diocésaine,
2049 3379 18 17 le

1591 3399 46 14 voeu
1646 3396 76 19 suivant
1731 3403 6 13 :
1757 3403 4 3 -

1615 3422 27 22 Qu
1650 3428 38 14 une
1695 3425 58 22 Ligue
1764 3428 26 17 de
1798 3429 78 18 Défense
1890 3430 117 21 Sacerdotale
2018 3438 49 13 com-

1593 3454 30 14 me
1637 3452 13 16 i]
1662 3456 24 13 en
1695 3453 60 18 existe
1772 3454 11 18 à
1796 3460 35 17 peu
1848 3457 43 22 près
1908 3459 47 18 dans
1972 3462 42 16 tous
2039 3462 28 18 les

1593 3478 85 19 diocèses
1686 3480 25 17 du
1721 3480 107 24 Continent,
1837 3484 35 18 soit
1882 3485 54 19 créée
1944 3492 44 15 sans
2004 3490 64 17 retard

1592 3505 48 18 dans
1656 3507 20 17 ie
1684 3507 73 19 diocèse
1771 3510 91 23 d’Ajaccio
1878 3518 48 17 pour
1940 3516 87 22 protéger
2039 3517 28 18 les

1594 3534 94 19 membres
1695 3536 27 17 du
1736 3535 73 24 Clergé,
1818 3540 65 17 contre
1896 3541 28 19 les
1932 3543 134 19 diffamations,

1593 3561 54 18 voies
1656 3563 24 18 de
1685 3563 124 23 faits.injures
1818 3567 24 17 de
1850 3569 80 22 quelque
1935 3573 67 17 nature
2010 3573 58 22 qu’el-

1593 3589 28 17 les
1634 3591 65 21 soient,
1720 3592 87 19 touchant
1824 3595 41 18 leur
1884 3597 97 20 ministère
1992 3605 24 13 ou
2028 3602 41 16 leur

1594 3617 85 19 honneur
1688 3620 108 18 sacerdotal.

1622 3668 102 20 L'Union
1733 3669 41 20 des
1782 3670 92 22 Prêtres
1886 3673 79 22 Corses
1973 3677 96 20 anciens

1696 3708 157 23 combattants
1859 3716 23 16 et
1887 3715 122 21 mobilisés.

2168 81 234 36 GIURNAU

2051 185 136 23 Malumore

2075 238 19 5 ...
2104 225 23 17 Le
2135 223 97 18 ministère
2240 223 33 17 (les
2282 223 81 20 finances
2371 228 79 23 s’opp0sc.
2460 237 4 10 :

2054 251 57 17 laines
2127 249 73 17 clauses
2210 248 25 16 du
2245 247 59 22 projet
2315 249 22 17 de
2348 254 105 22 convention

2053 281 22 13 en
2084 271 73 22 dernier
2166 273 37 17 lien
2213 277 33 17 par
2253 272 25 17 M.
2289 272 106 22 Fraissinet.
2464 269 43 18 sl=Iit

2075 300 72 19 D’autre
2155 298 47 22 part,
2215 297 13 17 il
2237 297 82 22 apparaît
2327 303 35 17 que
2370 301 18 17 si
2396 304 54 21 même
2458 311 15 16 ],.

2053 327 18 17 ni
2074 331 8 13 s
2085 327 26 16 Ire
2123 325 33 16 des
2170 323 83 17 finances
2270 322 48 17 avail
2336 328 72 20 accepté
2424 331 15 18 |e
2452 319 44 35 p,,.®
2495 322 13 13 1'

2053 351 90 18 certaines
2159 348 64 18 autres
2237 348 23 16 de
2272 352 31 12 ces
2316 348 72 21 clauses
2404 358 68 21 eussent
2480 344 28 30 ^

2053 374 136 20 formellement
2196 372 103 18 contestées
2307 372 10 17 à
2325 373 18 17 la
2351 378 111 23 commission
2470 388 9 11 a
2495 391 5 13 ,

2054 401 70 19 marine
2130 397 112 20 marchande
2250 401 70 14 comme
2329 403 23 12 ne
2360 400 78 23 donnant
2445 412 29 17 pas
2479 417 5 5 .
2500 397 9 13 a

2055 426 78 19 services
2144 423 69 23 prévus
2224 422 22 20 le.
2252 422 92 18 caractère
2355 425 80 22 d'intérêt
2447 419 61 33 eïJ*)

2054 451 55 23 qu’ils
2117 449 74 18 doivent
2201 447 59 18 avoir.

2133 478 30 14 ces
2177 472 111 20 conditions,
2304 472 17 17 la
2332 473 84 22 question
2423 480 21 18 de
2450 483 17 18 la
2474 490 8 13 s

2051 511 9 13 a
2081 504 57 25 pion
2146 499 26 17 du
2181 497 90 23 privilège
2282 497 25 16 du
2316 498 79 21 pavillon
2403 506 23 15 va
2433 510 19 14 se
2460 491 49 38 po?'

2051 527 8 12 *
2079 519 50 25 fietle
2143 522 126 24 suppression,
2288 521 77 22 spéciale
2382 526 86 25 d’ailleurs
2479 518 30 33 T'

2055 552 60 22 lignes
2126 550 47 17 delà
2186 548 62 19 Corse,
2264 548 111 20 permettrait
2388 551 10 16 à
2406 553 31 19 des
2448 543 61 35 nay?*

2057 577 99 20 étrangers,
2170 572 75 18 italiens
2259 576 23 13 en
2297 572 82 22 l’espèce,
2393 566 117 36 (l’exploit,??

2057 602 40 17 leur
2105 601 116 16 convenance
2231 597 26 17 les
2266 596 59 22 lignes
2334 598 64 20 reliant
2405 606 25 14 un
2438 610 50 16 porte
2502 612 9 12 /

2058 631 20 13 se
2086 626 10 17 à
2104 630 26 12 un
2138 624 40 22 port
2189 621 86 21 français.

2080 650 78 22 Puisque
2164 648 56 18 l’Etat
2225 646 79 21 français
2310 648 89 20 proclame
2405 653 40 20 qu’il
2450 661 35 16 nev

2059 681 32 18 pas
2093 676 75 17 donner
2175 674 12 16 à
2195 673 17 17 la
2222 672 61 21 Corse,
2293 672 27 17 les
2329 674 79 19 services
2415 680 58 21 qu’elle
2480 666 30 38 u?

2060 702 40 20 rite,
2112 701 26 17 les
2150 697 118 23 compagnies
2283 697 96 19 italiennes
2393 705 40 15 sont
2445 698 65 29 prèlQ?

2059 725 106 20 intervenir.

2083 752 19 17 El
2111 751 36 18 l’on
2157 754 22 12 va
2189 753 47 12 nous
2250 749 66 16 mettre
2331 749 46 18 dans
2385 750 101 27 l’obligatj0û
2493 764 9 15 d

2060 776 86 20 seconder
2158 776 41 15 ienr
2206 773 57 18 désir.
2461 769 5 5 '

2083 803 32 17 Les
2124 799 87 19 relations
2224 799 53 17 entre
2285 799 17 16 la
2311 797 55 20 Corse
2379 802 19 16 et
2405 802 17 17 le
2430 804 51 22 Coati,

2062 826 76 22 français
2153 826 41 16 sont
2210 828 36 13 une
2258 823 85 22 question
2359 824 61 20 vitale.
2437 830 40 20 iiai,s
2487 824 18 29 c.‘

2061 850 125 25 questions-là,
2201 848 83 22 lorsqu’il
2300 849 53 22 s'agit
2363 854 46 18 pour
2420 857 22 14 un
2450 860 37 20 pays
2493 847 17 28 H!

2062 879 52 16 vivre
2124 876 21 18 et'
2154 875 55 22 qu’on
2227 873 89 22 s’ingénie
2328 874 11 16 à
2353 875 34 17 l’en
2401 879 85 22 empêcher
2498 888 12 16 \.

2062 902 96 19 sentiment
2172 899 110 23 palrioiique
2291 904 24 12 ne
2322 900 74 18 domine
2405 902 43 21 plus.

2081 928 51 19 A'ous
2143 926 114 18 demandons
2270 925 34 16 des
2318 925 80 19 services
2409 932 75 20 assurant
2490 937 12 17 it

2062 952 110 24 possibilités
2184 950 89 17 d'avenir,
2286 949 42 22 quoi
2337 950 44 22 qu’il
2393 952 50 20 doive
2453 960 20 15 en
2479 947 29 32 C0(?

2064 981 32 16 ter.

2084 1005 46 16 Dans
2138 1004 17 16 le
2160 1007 31 12 cas
2200 1000 97 20 contraire,
2305 1002 17 15 et
2329 1005 32 17 par
2367 1001 16 17 la
2393 1002 46 19 force
2445 1006 28 19 des
2479 1011 30 19 ehi*.

2063 1035 35 15 ses,
2108 1029 42 17 c’e-t
2163 1026 88 23 l’opinion
2267 1025 86 22 publique
2365 1031 51 14 corse
2429 1030 81 26 elle-même

2063 1055 31 23 qui
2109 1057 69 19 posera,
2195 1056 43 13 sans
2251 1050 107 18 considérer
2371 1056 8 12 s
2386 1052 12 17 il
2409 1059 10 11 a
2432 1059 21 14 un

2064 1080 90 23 politique,
2171 1078 18 17 le
2204 1075 92 24 problème
2310 1077 23 16 de
2345 1076 17 17 la
2376 1082 105 19 suppression
2493 1075 18 30 où

2064 1104 87 25 privilège
2162 1104 25 16 du
2197 1101 86 23 pavillon.

2079 1142 31 16 (La
2117 1140 57 15 Jeune
2185 1139 53 14 Corse
2245 1144 16 4 —
2268 1137 87 18 quotidianu
2362 1145 12 3 —
2386 1139 57 19 \jacciu;

2064 1196 162 26 Puliticaccia

2088 1246 18 4 ...
2117 1233 23 17 Le
2151 1230 58 18 maire
2221 1228 158 23 d’Oliui-Cappella
2393 1233 46 17 avait
2452 1235 25 18 été
2483 1241 32 15 con-

2065 1258 69 19 damné.
2149 1261 47 18 pour
2210 1255 66 17 fraude
2289 1254 104 22 électorale,
2407 1257 10 17 à
2431 1263 31 14 une
2474 1263 40 20 peine

2065 1283 177 23 d’empi'isonuemcn
2245 1282 4 15 l
2253 1281 23 16 .et
2281 1279 11 18 à
2297 1280 15 16 la
2316 1279 90 22 privation
2413 1283 103 24 Uesesdroits

2065 1310 87 21 civiques.
2160 1307 25 18 Ce
2191 1302 42 22 soûl
2242 1307 33 16 des
2282 1305 66 18 choses
2356 1306 32 22 qui
2396 1308 79 20 arrivent,
2479 1313 37 19 dans

2067 1337 16 17 le
2096 1334 78 19 métier..
2199 1332 13 17 U
2225 1332 21 16 fit
2259 1332 62 21 appel:
2337 1332 36 17 mal
2388 1333 25 17 lui
2422 1338 20 13 en
2450 1336 35 21 prit.
2499 1339 17 17 La

2066 1362 48 17 Cour
2124 1358 70 23 d’appel
2207 1356 90 19 confirma
2310 1356 16 17 le
2337 1356 98 24 jugement,
2447 1362 16 16 et
2470 1363 45 19 même

2066 1387 112 22 l’aggrava...
2192 1383 61 20 Alors,
2267 1382 18 17 le
2294 1381 63 22 maire,
2371 1382 77 20 décidéà
2459 1386 57 22 épuiser

2067 1413 60 17 toutes
2137 1411 27 17 les
2176 1412 107 15 ressources
2293 1408 24 17 de
2323 1407 131 25 la.procédure,
2463 1412 30 18 alla
2499 1419 17 13 en

2067 1436 97 20 cassation.
2170 1435 26 18 La
2201 1433 49 19 Cour
2258 1433 23 18 de
2290 1433 92 18 cassation
2390 1435 80 19 confirma
2475 1442 41 17 pure-

2069 1463 50 18 ment
2131 1462 18 17 et
2163 1459 125 23 simplement,
2300 1458 17 17 la
2330 1458 80 18 décision
2423 1460 20 18 de
2454 1461 15 18 la
2480 1462 36 20 Cour

2068 1488 77 22 d’appel.

2090 1513 30 22 Or,
2132 1511 49 19 voici
2190 1511 42 22 plus
2240 1511 24 16 de
2272 1510 49 17 deux
2333 1509 47 18 mois
2392 1514 33 17 que
2432 1511 15 18 ia
2455 1511 39 19 Cour
2499 1516 16 18 de

2069 1538 88 20 cassation
2172 1542 11 13 a
2195 1536 58 18 reud.u
2268 1539 34 14 son
2314 1534 70 18 arrêt...
2398 1535 43 18 Mais
2447 1536 17 19 le
2473 1540 42 18 maire

2064 1563 109 21 .condamné,
2187 1563 19 17 et
2214 1561 53 23 privé
2276 1561 22 17 de
2307 1564 30 14 ses
2349 1560 63 21 droits,
2424 1562 23 17 as/
2455 1564 60 22 toujours

2070 1596 21 13 en
2098 1588 101 25 fonctions!
2210 1587 48 20 C’.esl
2268 1586 26 18 lui
2310 1586 31 22 qui
2350 1591 11 12 a
2369 1586 69 22 présidé
2450 1587 9 18 à
2466 1588 13 18 la
2484 1594 30 14 con-

2070 1616 66 19 fection
2144 1615 34 18 des
2186 1613 54 18 listes
2248 1612 113 20 électorales,
2369 1612 19 17 et
2395 1613 56 17 toutes
2458 1613 21 18 les
2485 1620 30 17 pro-

2071 1641 95 19 testations
2174 1638 97 19 adressées
2279 1642 25 12 au
2312 1636 62 19 Préfet
2381 1637 11 17 à
2399 1638 45 17 cette
2453 1641 59 18 occasion

2071 1668 40 18 sont
2120 1666 70 18 restées
2199 1665 64 17 lettres
2275 1664 89 16 mortes...

2092 1693 24 18 M.
2124 1691 76 19 Marlier
2212 1689 120 22 comprendra
2345 1688 122 19 certainement
2477 1692 38 17 noire

2071 1717 86 20 curiosité
2162 1717 10 17 à
2179 1717 28 17 cet
2217 1715 62 22 égard:
2288 1713 97 23 pourquoi,
2394 1716 120 22 commentpeut-

2071 1744 14 18 il
2093 1744 67 18 fermer
2167 1742 29 18 les
2204 1745 50 14 veux
2261 1744 33 14 sur
2302 1740 48 17 cette
2356 1739 86 18 violation
2448 1739 69 24 flagrante

2072 1771 22 16 de
2102 1770 17 17 la
2127 1767 38 19 loi?
2178 1766 102 20 Comménl,
2290 1764 70 23 malgré
2367 1764 62 19 l’arrêt
2435 1766 20 17 de
2461 1766 15 17 la
2481 1766 37 19 Cour:

2073 1794 82 23 suprême
2163 1794 20 17 et
2191 1793 28 17 les
2228 1790 131 24 protestations
2366 1790 28 18 les
2400 1790 118 23 plus/égitimes;

2073 1822 31 17 des
2117 1817 125 21 administrés,
2259 1816 64 23 peut-il
2339 1815 91 18 s’obstiner
2444 1817 9 16 à
2465 1821 18 13 ne
2493 1822 24 17 pas

2074 1846 44 18 faire
2126 1846 94 21 respecter
2229 1843 27 18 les
2264 1841 93 19 décisions
2364 1842 23 17 de
2395 1841 17 18 la
2419 1841 82 22 justice?...

2089 1873 76 17 (L’Eveil
2202 1872 18 14 la
2225 1871 54 14 Corse
2285 1877 15 4 —
2310 1869 87 19 quotidianc
2404 1876 11 3 -
2427 1870 55 17 Ajacciu;

2075 1931 89 26 Servizj
2180 1929 131 23 marittimi

2097 1985 19 3 ...
2126 1971 24 18 Le
2158 1970 85 18 Ministre
2257 1970 33 16 des
2302 1968 84 18 Travaux
2400 1967 66 18 Public;
2473 1970 22 15 est
2503 1973 17 13 un

2076 2000 153 20 pince-sans-rire.

2096 2029 9 9 U
2113 2022 27 20 Ce,
2147 2021 60 22 risque
2224 2018 132 24 (interruption
2368 2020 33 17 des
2412 2018 76 22 services)
2499 2018 28 23 qui

2076 2046 100 22 aboutirait,
2182 2051 12 13 a
2200 2045 28 19 dit.
2233 2045 17 18 le
2255 2044 91 22 Ministre,
2351 2044 35 18 soit
2392 2045 10 17 à
2406 2048 41 14 mus
2450 2043 52 24 priver
2505 2043 19 18 ki

2076 2073 20 18 de
2101 2074 18 17 la
2125 2072 83 24 présence
2214 2071 22 18 de
2242 2075 31 14 nos
2281 2065 88 28 collègues,
2376 2074 60 17 corses,
2441 2069 26 18 s'il
2470 2068 22 19 les
2494 2073 31 13 sur-

2076 2097 67 25 prenait
2152 2097 45 18 dans
2204 2097 40 18 leur
2252 2096 24 18 île
2283 2095 70 24 fleurie,
2361 2095 41 22 soit,
2412 2096 11 16 à
2430 2099 20 14 en
2454 2094 51 23 priver
2508 2093 15 18 lit-

2076 2124 57 21 Corse,
2147 2123 30 18 Vil
2189 2122 25 18 les
2225 2121 101 24 surprenait
2342 2125 26 14 en
2383 2120 82 21 France,
2475 2119 48 17 mérite

2076 2151 50 22 qu'on
2133 2154 12 19 y
2151 2153 70 19 prenne
2228 2147 72 24 garde.»

2097 2175 21 18 Je
2125 2175 19 18 le
2152 2178 57 19 pense
2218 2172 52 19 bien!
2282 2172 51 18 Vous
2342 2173 18 17 le
2367 2176 63 19 voyez,
2440 2173 41 16 noiis
2488 2174 36 16 som-

2076 2205 39 14 mes
2128 2199 84 19 menacés
2226 2199 22 18 de
2257 2199 18 17 la
2283 2198 42 23 plus
2338 2198 68 22 grande
2420 2196 77 21 calamité,
2504 2197 20 23 qui

2076 2227 61 22 puisse
2151 2226 87 18 s’abattre
2255 2229 32 13 sur
2300 2228 26 13 un
2334 2223 72 23 peuple.
2417 2222 20 18 Et
2444 2222 45 17 cette)
2495 2224 29 18 cala-

2077 2252 49 21 mité,
2132 2256 22 13 ce
2159 2252 48 17 n’est
2213 2254 33 19 pas
2252 2250 18 18 la
2276 2250 31 17 vie
2313 2250 23 17 de
2343 2250 40 17 tout
2390 2253 26 13 un
2423 2244 101 26 département

2076 2277 76 19 arrêtée,
2158 2281 22 14 ce
2185 2277 47 17 n’est
2240 2280 33 18 pas
2278 2276 18 17 le
2302 2273 141 21 ravitaillement
2449 2272 75 21 m'ierroo-

2077 2308 31 18 pu,
2117 2303 17 18 ia
2142 2302 69 18 famine
2225 2300 97 24 peut-être,
2336 2301 46 20 c’est
2393 2301 18 17 la
2419 2299 55 20 Coï'se
2482 2298 42 24 privée

2077 2330 22 17 de
2107 2333 29 14 ses
2144 2327 145 23 représentants,
2299 2326 74 23 surpris
2382 2330 40 15 «eu
2428 2325 62 20 France
2493 2331 7 10 s
2505 2327 18 18 par

2077 2355 17 17 la
2102 2355 83 22 rupture.
2193 2352 49 19 Non!
2250 2352 20 23 je
2278 2350 76 25 préfère
2361 2357 26 15 ne
2393 2357 36 17 pas
2436 2358 11 17 y
2455 2348 56 27 penser!
2516 2360 7 4 --

2098 2379 27 19 On
2130 2384 11 13 a
2147 2379 22 21 ri,
2177 2379 11 17 à
2195 2379 17 17 la
2221 2377 99 20 GhambrA
2332 2382 23 17 de
2359 2384 22 13 ce
2385 2377 38 23 .joli
2430 2380 38 16 tour
2473 2373 52 24 d’esprit

2077 2406 22 18 de
2107 2405 23 18 M.
2139 2404 86 18 Tardieu.
2235 2403 38 21 Les.
2281 2406 99 25 'questions
2388 2408 66 16 c-Qi-ses,
2462 2403 21 17 du
2489 2400 35 18 reste,

2077 2435 20 14 se
2105 2430 100 19 terminent
2218 2430 91 23 tourours
2322 2431 55 19 ainsi,
2387 2429 73 23 i/esprit
2467 2428 35 17 d’un
2506 2423 19 18 Mi-

2077 2457 57 18 nistre
2142 2456 49 17 tient
2199 2455 46 24 liey
2253 2461 23 17 de
2285 2459 41 18 tout

2098 2482 28 18 Du
2134 2482 56 21 reste,
2199 2485 32 20 o'd
2239 2487 45 23 peut
2291 2484 42 19 tout
2342 2483 68 18 mettre
2418 2481 41 17 dans
2466 2479 14 16 le
2486 2475 40 19 mêoet

2078 2512 35 13 sam
2120 2507 49 18 Pour
2177 2507 92 24 Tflntérêt
2274 2512 23 17 de
2303 2511 17 17 la
2326 2508 65 19 Corse:
2397 2508 42 17 dans
2443 2505 17 18 la
2466 2501 61 34 <lu.esll“;

2077 2534 32 17 des
2118 2533 89 24 servi_ces
2217 2537 108 20 maritimes,
2332 2539 24 13 on
2362 2538 26 14 ne
2393 2532 36 18 doit
2436 2534 29 19 pas
2471 2527 56 18 faireû*

2078 2559 73 18 distme'
2154 2565 48 18 joîr.
2222 2568 34 13 nos
2262 2561 4 3 '
2274 2559 143 25 représentants,
2432 2556 16 18 le
2461 2553 66 19 ministre-

2077 2584 114 27 Fr®Usinet,
2201 2589 44 18 sont
2252 2585 139 22 solidairement
2402 2579 119 24 responsable,.

2098 2610 33 25 'ils
2142 2615 127 23 supportent,.
2274 2613 25 18 ils
2310 2611 80 19 tolèrent
2401 2610 43 23 tous;
2452 2608 29 19 qce
2490 2605 14 15 la

2082 2642 122 22 economique
2217 2640 86 22 de.notre
2316 2638 25 17 île
2354 2641 9 13 s
2370 2634 68 22 éteigne
2448 2633 26 15 !a“
2481 2632 9 13 e
2518 2649 4 4 •

2083 2667 105 24 goenisation
2197 2667 19 17 et
2224 2667 33 17 des
2269 2667 77 19 moyens
2357 2662 24 17 (le
2389 2656 90 24 transport,

2085 2693 61 18 limes,
2155 2693 20 17 et
2180 2695 37 19 que
2225 2691 28 18 les
2262 2692 98 21 passagers
2368 2687 24 17 de
2399 2684 80 27 Pollt_~0!a

2084 2719 46 22 qués
2138 2721 46 14 avec
2191 2716 92 22 le-bétail,
2292 2717 70 16 comme
2371 2712 32 17 des
2412 2709 90 20 énngranm

2106 2744 17 18 11
2131 2748 12 18 y
2152 2748 11 13 a
2168 2743 31 18 six
2207 2746 40 17 ans,
2257 2740 81 19 notez-le
2346 2738 50 20 bien,
2405 2735 28 18 six
2472 2734 21 32 (A
2508 2753 24 14 cû,

2086 2769 46 18 trois
2139 2769 111 22 puissances
2262 2771 20 14 se
2291 2763 98 20 renvoient
2398 2762 18 17 la
2423 2760 47 17 balle-
2477 2762 8 10 5

2077 2797 39 16 -U-e
2126 2796 38 17 dos.
2182 2795 50 17 Dans
2244 2793 31 18 six
2288 2796 39 16 ans,
2343 2793 45 14 avec
2397 2788 19 17 le

2087 2820 59 18 bonne
2157 2818 83 22 volonté,
2254 2818 46 17 elles
2314 2814 83 19 auraient
2409 2815 21 14 eu
2467 2816 21 28 f

2087 2845 113 21 s’entendre,
2212 2845 24 17 de
2243 2842 88 24 préparer
2340 2841 17 17 et
2366 2840 24 17 de
2397 2836 69 19 discute.

2087 2871 47 16 ÎP.f...
2466 2882 6 5 ,

2110 2896 24 18 De
2142 2897 54 17 toute
2204 2896 61 21 façon,
2276 2897 50 14 nous
2335 2892 78 17 sommes
2424 2890 24 29 be^
2472 2890 56 28 “’flgs

2089 2920 62 20 corsés
2159 2921 34 22 qui
2201 2922 35 17 oui
2243 2924 66 14 encore
2317 2919 25 16 du
2351 2919 46 18 sang
2407 2914 41 20 dap,
2471 2920 6 4 -
2492 2922 3 2 ■

2089 2948 19 17 et
2115 2947 30 22 qui
2155 2948 33 16 ont
2197 2943 50 21 suivi
2259 2946 27 17 les
2298 2944 66 23 phases
2376 2941 23 16 de
2408 2937 44 19 cette
2462 2937 9 18 q

2089 2973 41 18 sont
2137 2971 72 23 obligés
2218 2972 23 17 de
2246 2975 22 14 se
2273 2969 101 19 révolter...

2111 2997 25 20 ■14.
2140 2997 130 23 prorogations
2281 2993 111 25 provisoires
2402 2990 31 17 ont
2440 2991 10 12 e
2462 2991 4 5 *
2504 3004 4 4 .
2515 3001 13 15 ee

2089 3023 56 21 mées,
2160 3027 45 13 sans
2218 3020 109 23 s’inquiéter
2334 3022 45 18 -que
2394 3014 54 24 pend»
2449 3015 11 12 11
2481 3023 48 25 rrjYed

2091 3049 58 21 temps
2154 3049 66 21 perdu,
2227 3048 27 17 les
2261 3047 78 17 balc-aux
2345 3044 22 17 (le
2373 3040 76 19 Frabsin
2511 3052 19 15 rr3

2090 3078 23 13 au
2122 3074 43 17 bout
2178 3074 24 17 de
2212 3073 42 18 leur
2269 3069 109 20 utilisation,
2393 3066 51 22 qùon
2455 3066 5 11 1
2483 3065 48 28 U-uDe

2090 3103 76 18 pousser
2178 3099 43 22 plus
2232 3098 45 21 loin,
2288 3100 44 14 sans
2344 3094 47 18 aller
2397 3095 23 14 au
2431 3090 36 15 d(n'
2488 3100 43 22 5[VBÜ:

2090 3124 122 23 catastrophe,
2223 3124 19 17 et
2247 3127 36 18 que
2288 3122 40 17 rien
2338 3120 47 17 n’est
2393 3116 138 37 ell(oie,e!Ep]-,ieer.

2090 3150 20 17 ni
2119 3149 59 18 même
2190 3154 33 17 pas
2234 3146 114 20 commandé,
2359 3146 47 21 pour
2416 3141 24 17 le,
2452 3161 5 4 .
2489 3149 44 24 j^de

2089 3175 26 18 De
2122 3176 60 21 temps
2187 3175 11 17 à
2203 3175 54 17 autre
2266 3177 47 18 pour
2320 3171 68 18 calmer
2395 3166 64 23 notrefl
2475 3176 58 24 j^teau*

2090 3205 33 13 sur
2131 3204 21 14 ce
2161 3199 59 23 point,
2233 3203 24 14 on
2265 3202 48 14 nous
2321 3194 70 24 répond
2401 3194 34 20 que
2442 3196 9 9 =
2460 3198 18 14 -.
2490 3202 44 20 ,eSt^e

2090 3225 75 18 doivent
2176 3225 56 18 venir
2244 3223 59 19 tantôt
2313 3223 23 17 de
2349 3218 102 25 i’Allemap
2478 3231 14 4 _
2507 3224 27 20 f-a.

2091 3255 32 18 pas
2131 3250 25 18 M-'
2163 3249 72 24 Moro?)
2246 3251 19 16 et
2275 3247 58 19 tantôt
2341 3246 23 17 de
2372 3242 76 20 Frai„lU
2469 3253 65 22 ,,eJ.CU5e:

2091 3275 39 22 lité,
2145 3277 40 16 tout
2198 3275 18 18 le
2229 3275 66 17 monde
2313 3272 55 22 parle.
2388 3267 69 36 ch^,
2468 3274 66 25 M,s,&

2091 3304 92 19 personne
2194 3300 64 22 n’agit.
2272 3298 27 19 On
2308 3297 71 21 compte
2391 3297 30 14 sur
2435 3293 9 13 e
2453 3293 5 10 ‘
2483 3306 20 17 du

2091 3326 19 18 le
2117 3323 74 21 hasard.
2206 3324 138 19 L’insouciance
2356 3321 33 17 des
2400 3318 32 17 bui
2442 3339 4 3 _
2464 3323 5 4 •
2480 3327 54 22 ,.eSpoD-

2091 3351 70 18 nistère
2169 3352 30 17 est
2207 3349 109 20 criminelle,
2325 3347 46 18 celle
2380 3345 30 17 de,
2448 3342 6 12 1

2092 3376 60 19 sables
2160 3381 25 13 ne
2193 3377 43 17 l’est
2243 3379 34 19 pas
2285 3373 66 19 moins.
2410 3386 4 3 .
2469 3388 7 13 r
2483 3374 51 24 exà'ete

2114 3402 14 17 Il
2136 3406 25 13 ne
2168 3406 50 13 nous
2226 3402 29 17 est
2263 3404 33 19 pas
2305 3396 80 25 possible
2396 3394 22 17 de
2426 3394 14 14 A
2518 3398 16 17 du

2092 3428 52 17 ment
2157 3427 28 18 les
2198 3423 157 26 responsabilités,
2373 3421 57 32 deyau
2453 3425 81 28 roPporléQ!

2092 3452 85 18 ministre
2190 3452 84 17 Tardieu,
2289 3450 28 17 les
2327 3448 78 17 finesses
2496 3451 38 20 yfoW-

2092 3476 89 19 Gaïtucoli
2201 3477 28 18 les
2242 3475 109 24 splendeurs
2363 3471 26 18 du
2402 3470 41 34 yerb'
2475 3480 31 20 ^
2516 3473 17 17 les

2093 3502 74 17 l’astuce
2176 3502 24 17 de
2208 3500 108 19 Fraissinet.
2330 3496 62 20 Aussi,
2404 3496 22 14 ce
2434 3494 5 13 1
2453 3516 11 13 ^
2508 3500 26 17 rer

2092 3531 62 14 corses
2162 3532 25 13 ne
2195 3525 130 20 doivent'faire
2337 3522 57 23 qu’un
2401 3519 18 17 lo

2093 3552 121 22 ponsable.lls
2219 3557 25 13 ne
2248 3551 74 18 doivent
2328 3549 42 22 plus
2376 3546 52 18 aeeep
2470 3557 40 18 ^-.jrer
2513 3548 20 17 àr

2093 3577 19 17 ni
2121 3577 33 18 (les
2161 3582 38 13 uns
2205 3577 20 18 ni
2232 3578 33 17 des
2273 3569 99 25 autres.ils
2381 3570 148 34 d0ive,12•lermiser!'

2093 3602 94 21 résultats,
2200 3607 21 14 ce
2229 3603 47 17 n’est
2287 3604 33 19 pas
2328 3599 11 17 à
2348 3600 36 15 eux
2395 3595 22 17 de
2428 3595 20 12 ue
2475 3599 54 25 verp-P

2093 3627 72 18 chemin
2169 3628 12 17 à
2187 3627 63 18 suivre
2257 3628 19 17 et
2280 3627 29 16 les
2317 3625 77 20 moyens
2401 3619 11 17 à
2421 3623 10 23 'î
2447 3619 55 36 Lpóis
2508 3624 26 17 ^

2093 3652 78 21 aboutir,
2187 3653 46 17 dans
2244 3653 48 17 cette
2307 3648 91 24 question,
2412 3646 22 14 ou

2093 3677 104 22 longtemps
2206 3682 25 13 on
2237 3682 20 13 se
2266 3679 65 18 moque
2340 3674 22 17 de
2368 3673 82 16 nous—.-
2454 3685 3 3 .

2109 3724 28 18 (La
2145 3725 47 14 Corse
2198 3731 17 5 -
2224 3722 102 19 Guiudicir.ulc
2334 3727 17 5 -
