2584 3820
51 390 20 23 £
79 385 17 23 E
107 373 189 31 DAMICELLE

49 462 35 15 run
91 453 30 21 voi
128 451 48 19 altre
184 445 105 20 damicel>e,

48 487 26 15 îln
81 483 45 19 pocu
133 473 65 21 vurrla
206 471 98 21 discorre,

48 511 19 20 pi
75 503 65 23 mlttïle
149 498 52 20 tnntu
211 496 75 20 biancu,

48 530 75 23 Pastelta
130 531 11 13 e
147 522 75 23 acquad
228 521 57 17 odore

47 555 53 21 linii’è
108 552 56 19 micca
173 548 62 18 in’ssn
243 549 77 14 manera

47 581 66 22 Cbellu
122 573 87 23 s’inspira
217 572 80 17 l’amore
303 575 5 16 ;

47 611 12 12 w
66 609 18 17 ]a
93 600 82 23 nalurale
183 597 40 18 sola

47 633 30 21 Chi
84 630 22 24 pò
114 623 74 22 allaccià
197 622 19 17 lu
225 625 50 14 corc.

46 684 74 23 Eppuru,
128 677 29 18 ste
164 672 111 24 giuvanelle

46 711 47 18 Hanu
101 700 80 22 tamanta
188 695 96 20 muffura!

47 735 17 20 si
70 723 148 28 mascareghianu
228 722 20 17 in
259 721 60 18 faccia

47 762 22 17 Da
76 750 73 25 mettevi
156 750 18 17 la
181 752 56 18 paura
245 751 4 16 ;

51 787 10 15 V
67 782 25 19 ciò
100 777 29 20 chi
136 776 21 17 lu
166 772 69 19 mondu
246 772 49 20 dice>

47 809 58 18 Mancu
113 802 16 18 ci
137 800 68 18 facenu
213 802 45 13 cura
267 801 5 17 ;

47 835 20 18 Di
74 832 16 18 fà
95 830 16 17 la
118 825 47 20 bella
174 822 88 19 Irinnada

47 857 36 22 Èla
89 854 23 20 so’
119 851 39 19 sola
166 848 91 23 primura.

49 912 20 18 la
78 899 124 30 spiegaragliiu
215 898 103 21 canlendu,

47 930 110 22 Ouantunque
162 924 25 18 mi
194 923 57 18 faccia
260 923 57 17 male:

46 960 24 18 pn
77 956 14 18 ci
99 956 64 16 avemu
175 949 32 23 più
221 949 64 18 zitelle

45 977 128 27 Pfopriamenle
181 975 20 18 in
210 972 99 20 nalurale!

45 1006 43 22 pe>li
94 999 117 24 falzificatori

44 1034 18 18 Ci
69 1032 19 17 sô
94 1030 18 17 le
119 1028 54 21 legge
181 1025 65 22 penale
254 1029 5 12 :

43 1058 27 19 Pe’
77 1057 27 17 ste
111 1051 131 20 falsificatrice

43 1080 72 22 Duvaria
122 1081 42 15 esse
173 1076 75 23 uguale.

41 1128 128 25 Rimarchendu
177 1132 37 13 una
223 1126 63 23 figura

41 1157 59 21 Carc’a
108 1153 139 22 neru,biancue
252 1156 63 13 rossu.

40 1184 17 18 Si
65 1181 56 24 piglia
128 1179 28 23 pe’
166 1183 37 13 una
211 1177 79 22 pittura,

39 1209 24 19 0R
70 1207 5 18 !
83 1206 31 18 chi
121 1205 50 19 fallu
179 1206 123 19 vergugnosu
309 1202 5 17 !

39 1234 51 18 Tutta
97 1230 63 24 quella
168 1228 31 18 chi
208 1228 16 18 si
234 1227 59 23 ligne,

38 1259 78 18 Nissunu
124 1260 24 13 ne
156 1254 28 18 sia
192 1257 92 14 amurosu
291 1252 5 18 !

38 1282 100 24 (Diciarete,
147 1284 12 14 o
170 1279 98 20 zitellclte,

37 1309 34 18 Ghe
79 1307 20 18 sò
107 1310 46 19 pocu
162 1304 107 23 generosu.)

37 1360 58 20 Forse,
104 1358 19 18 le
131 1357 64 18 vostre
204 1356 65 18 lenule

37 1386 21 17 Sô
65 1385 28 18 ciò
98 1383 63 19 ch’eiu
166 1381 125 21 ammetlaria,

36 1410 21 19 Mi
65 1409 67 23 piacite
140 1408 37 18 ben
185 1407 73 18 vistule

36 1436 13 18 E
55 1435 57 18 fendu
120 1434 18 17 la
146 1432 81 19 fantasia
234 1437 5 16 ;

35 1461 32 21 Ma,
75 1460 18 17 di
102 1457 110 20 mascarassi
220 1457 21 18 in
246 1456 67 19 faccia.

35 1485 71 23 Quess’è
113 1489 38 13 una
159 1488 46 13 vera
213 1482 60 21 follia,

35 1512 12 17 E
54 1515 46 18 vegu
109 1510 41 17 ch’a
159 1509 50 18 tulle
218 1507 30 19 voi

34 1536 28 19 B’è
69 1535 78 24 ghiunta
156 1535 36 17 ’ssa
201 1533 83 18 tnalalia.

35 1588 53 19 S’ellu
95 1587 52 22 parle
158 1585 99 18 damicelle

35 1614 18 17 lu
61 1612 60 19 banda
128 1616 11 13 a
147 1612 19 17 la
174 1610 125 23 passighiala.

34 1639 22 17 Le
63 1636 160 24 pudemuseguilù

34 1663 103 21 Splamenle
144 1667 12 12 a
164 1662 19 17 la
190 1661 80 18 fumata.

33 1690 19 17 In
60 1689 30 18 slu
99 1692 55 18 paese
162 1686 82 21 d’Osani,

33 1715 75 17 Polvera
116 1712 56 19 unn’è
180 1711 119 23 rxsparmiala
306 1716 5 13 :

34 1739 53 18 S’ella
94 1737 124 23 s’inipastassi
227 1737 20 18 in
255 1741 56 18 pane,

35 1764 28 19 C’è
71 1765 22 17 da
102 1764 56 18 fanne
167 1767 36 14 una
212 1763 83 17 furnala.

33 1816 13 18 E
53 1820 39 14 nun
97 1820 25 13 ne
127 1819 99 18 compranu
233 1814 33 22 più

32 1841 65 18 Farina
104 1841 24 17 da
135 1841 18 16 la
161 1840 87 22 pulenda,

32 1866 33 18 Chi
73 1866 18 18 la
98 1866 75 22 polvera
182 1865 19 17 di
209 1865 40 18 risu

32 1891 53 18 Costa
92 1891 33 22 più
134 1891 35 17 che
176 1890 20 18 la
203 1890 97 22 pruvenda
305 1894 5 17 ;

33 1917 21 17 Di
63 1920 68 18 quessa
138 1916 19 17 la
165 1915 92 22 farinella,

17 1941 33 22 Qui,
59 1941 88 17 mareanli
154 1945 25 13 un
185 1941 17 17 ci
208 1945 24 13 ne
237 1945 62 18 venga
305 1940 5 18 !

34 1966 26 17 Ma
67 1965 64 18 facenu
140 1965 19 17 le
166 1966 92 17 cumande
265 1970 6 12 :

34 1991 32 18 Per
70 1990 136 23 paralle,unc’è
214 1991 97 17 sarrenda.

35 2042 105 18 Giuvanelle
148 2042 128 22 campagnole,

34 2068 34 18 Ista
75 2068 54 17 moda
137 2067 99 19 citladina.

34 2093 21 18 Or
62 2094 17 17 si
86 2093 30 18 ho’
124 2098 40 13 nun
172 2093 19 18 la
199 2093 84 20 lasciate.

33 2118 40 20 Paie
81 2119 17 17 la
107 2120 63 17 vostra
178 2118 75 19 ruvina.
259 2123 4 4 •

33 2144 18 20 Bi
57 2144 120 23 prupunaria,
187 2148 11 13 o
206 2143 54 20 belle,

33 2169 87 23 D’aduprà
126 2170 19 17 la
153 2169 100 22 pisticcina
258 2173 6 12 :

33 2194 80 22 Quell’ha
121 2195 18 17 la
147 2195 71 17 furnala
226 2194 57 20 forte,

32 2220 51 17 Altru
91 2221 35 17 che
134 2221 77 21 polvera
218 2220 41 18 îina
264 2219 6 18 !

91 2259 92 19 Aienicu
191 2259 98 19 d’Osani.

73 2360 174 25 Cumandu

31 2426 92 23 Filicione,
132 2428 84 21 veduvu,
230 2427 84 18 duman-

14 2452 19 18 dò
40 2457 10 13 a
57 2458 36 13 una
101 2454 27 17 so’
133 2458 119 13 cunuscenza
259 2453 54 18 s’ella

13 2478 44 17 vuüa
67 2479 95 18 maritassi
170 2483 39 13 cun
217 2478 46 18 ellu.

31 2512 20 4 —
64 2504 15 17 A
87 2504 48 18 faria
150 2503 100 22 vuîinteri,
259 2504 55 17 disse

14 2529 61 21 quella,
84 2533 29 14 ma
126 2530 77 17 m’hanu
211 2530 56 17 dettu
282 2529 32 17 chi

14 2556 9 14 a
28 2555 61 18 vostra
102 2555 60 21 prima
171 2554 70 23 moglia
251 2554 63 18 v’avia

14 2577 42 19 fattu
64 2581 93 20 prumetle
163 2580 46 17 d’un
217 2583 97 18 spusanne

14 2603 57 19 d’allre
79 2605 48 22 dopu
136 2610 11 13 a
164 2606 28 17 so’
201 2606 68 17 morte.

33 2638 20 4 —
61 2629 27 18 Un
96 2631 18 17 la
121 2635 74 18 negu...
204 2630 29 18 Ma
239 2630 13 18 è
266 2631 49 17 tem-

15 2657 20 17 pu
43 2655 18 17 di
67 2655 19 18 fà
100 2656 46 18 bede
155 2660 27 13 un
190 2659 47 19 pocu
251 2655 63 23 qual’è

15 2678 26 18 chi
48 2681 88 18 cumanda
144 2681 21 18 in
174 2685 43 14 casa
225 2680 50 18 meia
282 2679 5 18 !

358 374 73 28 Ritti,
443 376 10 21 i
461 379 49 21 me’
524 380 105 27 Figlioli
637 384 6 21 !

453 441 14 13 A
475 442 76 19 Pt,squale
558 445 81 17 Manfredi

369 472 63 18 Videli
442 474 18 17 la
468 477 65 17 vostra
542 483 80 14 mammn

369 496 50 23 Sola,
429 499 40 17 sola
478 501 132 20 abbandunala
617 509 5 16 ;

368 521 58 19 Soffri
435 523 73 19 l'alroci
517 527 81 23 martirj,

368 546 13 17 E
390 550 120 19 gravementi
519 552 68 17 malata

390 572 80 22 Sopr’un
478 574 50 18 leltu
537 576 94 23 d’agunia.

367 596 27 18 Nè
403 598 72 19 dultori
484 600 26 18 nè
519 601 88 22 rimediu,

367 621 37 19 Per
411 623 37 18 ella
457 629 40 13 nun
507 625 27 19 c’è
542 627 61 18 nienti
613 633 5 16 ;

367 647 78 19 Veduva
453 651 24 16 ed
485 651 100 22 urfanella,

366 672 56 19 ÌN'imu
431 675 52 18 senti
493 675 13 18 li
516 677 27 17 so’
552 677 66 22 pienli,

390 698 14 17 E
412 699 47 17 mori
469 704 11 13 a
488 701 19 17 la
516 702 87 18 malavia.

366 753 68 18 Mancu
442 755 31 18 vo’
481 756 14 17 ii
506 757 36 17 me’
551 757 79 23 figlioli,

366 778 43 18 Sola
418 780 22 17 ed
450 780 57 19 unica
515 782 92 22 spiranza,

366 802 42 19 Nun
417 806 103 22 vaccapeti
529 807 19 17 di
558 812 37 17 me,

366 828 81 19 D'arnori
454 831 52 18 aveli
513 836 105 19 scarsanza,

388 853 128 23 Niglxendumi
524 857 21 17 lu
554 862 96 15 succorsu.

365 878 39 18 Seti
413 880 72 22 sempri
493 881 21 18 in
523 882 98 23 divisioni,

365 903 37 18 Mai
410 904 19 17 di
439 905 79 19 lislessu
528 907 59 18 bordu
594 913 5 16 ;

343 927 41 18 Unu
391 934 10 12 a
407 929 59 19 dritta
475 936 11 13 e
491 931 65 19 l’altru
563 938 10 12 a
579 938 71 17 manca,

365 953 42 18 Nun
416 955 37 18 seli
463 956 38 18 mai
510 957 122 19 d’accordu...

388 979 20 18 Si
415 981 54 21 perdi
478 982 20 17 lu
505 983 67 22 sangui
581 987 56 14 corsu
644 984 5 18 !

342 1035 29 18 Ma
378 1036 73 19 cliiama
457 1038 19 18 la
485 1040 64 17 voslra
558 1044 80 14 mamma
644 1046 5 17 ;

364 1061 42 18 Nun
415 1063 51 17 senti
469 1063 14 18 li
492 1064 20 17 lu
522 1065 27 17 so’
558 1065 55 22 gridu
619 1065 10 19 ?

364 1085 108 20 Cuncurriti
484 1089 120 19 lutl’insemu

364 1112 120 19 All’intondu
493 1114 20 18 di
521 1115 20 18 lu
551 1116 54 21 nidu,

385 1138 16 17 A
410 1138 18 17 la
437 1139 87 18 materna
532 1145 74 14 carezza
611 1141 5 18 !

364 1162 50 23 Sogu
424 1163 18 18 la
450 1168 81 15 mamma
539 1166 19 17 üi
568 1166 46 18 tutti
621 1171 5 16 ;

363 1187 37 18 Per
409 1189 52 21 tulti,
470 1189 80 19 lislessu
559 1191 77 18 affelfu.

363 1212 110 19 Cuncurriti
482 1215 120 19 tutl’insemu

362 1238 119 18 All’inlondu
490 1239 20 18 di
519 1240 20 17 lu
548 1241 71 18 letfu...

385 1263 55 21 Ritti,
446 1264 30 22 pe’
483 1265 18 17 la
510 1266 36 17 me’
552 1266 86 18 salvezza

340 1301 95 20 Simonu
443 1303 24 18 di
482 1303 22 19 S.
515 1303 132 26 Ghxorghiu,

360 1398 39 24 Ti
412 1399 209 31 Ringraziu...

446 1458 12 13 A
466 1458 23 13 M.
495 1459 20 13 A.
521 1459 17 13 di
547 1459 78 14 Chidazzu

338 1484 65 23 Aghiu
410 1485 50 18 leltu
469 1491 11 13 e
488 1487 59 22 aghiu
556 1488 19 17 in
583 1489 63 18 mente

360 1510 103 19 L'amabile
472 1512 74 22 puesia.

361 1535 50 18 M’ha
420 1537 55 17 loccu
485 1537 140 20 sinceramenle

361 1560 14 17 E
384 1561 50 18 m’ha
443 1562 76 22 parlatu
528 1568 38 13 una
574 1564 41 18 cria

360 1586 61 17 D’unn
427 1587 127 21 chi,cumeun
560 1591 84 20 parente,

360 1611 35 18 Più
405 1612 66 19 hicinu
480 1618 10 13 a
500 1618 30 13 me
538 1614 73 19 burria.

359 1657 22 17 ïi
389 1657 24 18 dò
421 1661 23 14 eo
451 1658 22 17 lu
483 1658 106 23 ringraziu,

360 1682 31 18 Pe’
402 1682 19 18 lu
430 1684 70 17 noslru
515 1684 116 19 bambinellu
638 1691 5 16 ;

337 1707 79 22 Quandu
421 1708 21 18 in
447 1709 45 18 bon’
499 1714 65 13 umore
568 1710 11 18 è
586 1711 58 22 saziu,

359 1733 74 24 Yeghia
442 1735 20 17 in
471 1735 19 18 lu
501 1735 141 23 so’veculellu;

360 1759 22 18 Di
391 1760 55 17 eanlà
455 1760 27 18 mi
491 1761 24 16 (là
523 1761 21 17 lu
553 1761 57 22 laziu,

360 1784 99 19 Tant’ell’è
469 1785 67 19 vivace
545 1791 10 13 e
564 1786 59 18 bellu.

358 1829 65 19 Tant’è
431 1830 57 18 felice
496 1831 18 17 la
523 1835 88 18 mamma,
636 1839 4 4 •

359 1854 60 18 Ch’un
424 1856 20 17 lu
448 1856 60 17 lascia
514 1861 38 13 una
557 1858 86 21 seconda;

359 1880 25 18 Eo
394 1881 77 22 n’aghiu
480 1881 34 22 più
523 1882 36 17 che
569 1882 66 18 brama

337 1904 92 23 Quand’io
435 1911 69 13 mancu
508 1907 135 22 d’unastonda,

359 1931 14 17 E
382 1931 26 18 mi
416 1932 39 21 par’
461 1932 20 17 di
487 1933 56 17 sente
551 1937 11 13 a
570 1933 75 18 chiama

359 1956 21 18 Di
390 1958 29 16 sla
428 1957 96 18 cusarella
532 1957 92 18 bionda...

359 2002 61 22 Pregu
429 2002 45 17 ch’u
483 2002 40 18 miò
531 2002 49 18 fiore
593 2007 50 17 raru,

360 2026 34 18 Dio
402 2027 19 17 lu
432 2027 59 17 faccia
501 2027 92 22 ’ngrandù
600 2032 5 16 ;

337 2051 98 22 Certu.più
441 2052 47 17 d’un
495 2052 148 22 ghiorn’amaru,

359 2077 24 17 La
393 2078 52 17 sorte
453 2077 19 18 ci
480 2077 27 18 ha
515 2078 23 17 da
550 2078 68 17 manda
624 2082 6 17 ;

359 2102 29 17 Ma
396 2102 20 17 lu
426 2102 50 21 celu,
485 2102 64 19 amieu
559 2107 51 16 caru,

359 2126 42 19 Orni
410 2127 41 18 fatli
461 2132 27 13 un
498 2127 17 18 ci
523 2132 25 13 ne
556 2128 44 17 (là...

358 2172 86 18 D’avelln
453 2173 50 17 male
511 2173 85 18 allevalu

359 2197 43 18 Nun
415 2198 78 17 bulemu
506 2198 20 17 lu
538 2198 82 18 rimorsu
627 2203 6 16 ;

359 2222 57 19 Dolce
424 2224 72 21 quanle
504 2223 20 18 lu
533 2224 72 21 colalu,

360 2247 46 18 Sara
414 2248 51 17 fieru
474 2252 23 14 eu
500 2253 30 13 me
539 2253 26 13 un
572 2253 54 15 orsu,

362 2272 25 20 Eo
395 2273 88 21 vecchiu,
493 2278 12 13 a
513 2274 19 17 lu
542 2274 37 17 miô
589 2274 17 17 la
608 2275 27 19 lu,

359 2298 42 18 Avè
409 2298 66 23 bogliu
485 2303 27 13 un
523 2303 47 14 veru
582 2303 62 14 corsu.

360 2343 55 21 Caru,
425 2343 56 18 d’avè
489 2344 19 17 la
516 2344 27 18 so’
553 2344 61 21 sleîla,

338 2369 130 18 Sôch’aluto’
477 2369 39 18 cor’
524 2369 15 18 li
548 2369 96 22 premme!

360 2394 82 22 Pigliala
450 2394 21 17 in
480 2394 47 18 l'età
533 2394 33 23 più
575 2395 57 20 bella,

338 2419 91 18 Cb’unn’è
434 2419 33 22 più
473 2419 172 23 tempudigemme,

360 2444 14 18 E
382 2444 19 18 si
411 2444 47 18 t’hai
467 2449 39 13 una
514 2444 70 22 zilella,

360 2469 19 18 Li
390 2470 124 17 marileremu
520 2470 93 17 insemme
618 2469 5 18 !

361 2515 16 18 A
385 2515 81 21 faremu,
476 2514 11 19 è
500 2519 43 14 cosa
551 2514 61 19 detla!

362 2540 76 18 Finiscu
446 2541 30 17 sla
484 2541 74 22 puesia,

361 2565 35 20 Cio
403 2566 32 17 chi
442 2566 22 18 lu
474 2566 25 18 lo’
508 2570 44 14 core
565 2567 81 22 aspella,

362 2591 28 18 Lu
399 2591 79 22 signore
486 2591 21 18 lu
517 2591 14 17 li
540 2591 38 21 dia,

362 2616 42 18 Cun
411 2617 75 18 l’amala
495 2616 119 23 giuvanetfa,

362 2645 51 18 Mille
422 2645 73 22 grazie,
506 2649 10 13 e
524 2644 42 18 cusi
575 2643 38 19 sia!

436 2678 26 19 G.
473 2678 23 18 dî
505 2678 24 18 la
538 2677 88 19 Grotta.

761 391 12 23 ï
786 391 122 28 Guanti

702 451 86 20 Graziolu
798 459 32 13 eru
836 455 59 19 falalu
901 458 24 17 da
930 458 56 18 Muna

680 479 35 17 per
726 478 71 17 veslesi
806 479 21 17 di
835 484 59 18 novu,
906 482 31 17 chi
951 484 35 17 s’a-

680 500 32 17 vla
721 501 23 17 da
753 503 47 17 mari
804 504 24 17 là.

700 525 49 17 Avìa
762 527 64 21 giratu
840 533 11 13 e
865 529 92 23 butleghe
966 532 20 17 di

680 548 55 22 Vicu,
752 555 77 18 compru
844 557 11 13 a
869 554 116 22 vestitoghin

680 572 19 17 di
708 578 45 13 rasn
762 579 46 14 neru
818 576 45 18 inde
871 577 56 19 Petru
936 580 50 17 uha-

678 596 86 24 lugnese,
774 600 6 17 i
790 601 60 22 scarpi
859 601 126 21 imbarniciali

678 621 45 20 inde
732 623 103 24 Cardiccia,
845 632 10 12 e
867 627 5 17 i
882 629 73 22 guanti,
964 630 21 17 in

678 647 63 22 piazza
749 654 10 13 a
767 655 13 12 u
789 652 64 21 ponte,
859 652 45 19 inde
915 654 70 18 Macca-

678 676 54 15 rone.

698 698 112 21 Qnand’ellu
820 702 62 18 cacciô
891 703 23 18 da
923 708 11 13 e
942 709 43 12 nar-

678 722 32 22 pie
719 724 48 18 tulle
776 726 63 21 quelle
852 727 49 18 belle
915 733 49 17 cose,
973 734 11 13 a

678 752 80 14 mamma
766 750 14 17 li
789 750 59 22 disse,
858 753 126 19 musti’enduli

677 772 7 18 i
692 774 66 21 guanti
773 775 32 18 chi
820 777 86 21 pariànu,
920 779 25 17 da
957 780 28 16 la-

677 799 164 23 manl’ell’eranu,
850 802 45 17 duie
903 802 81 23 imposte

677 822 20 17 di
707 823 43 18 fave
759 825 112 22 Irapassale:

698 857 24 4 —
725 848 27 18 Oh
758 849 5 17 !
773 854 13 13 u
794 851 37 17 me’
839 851 75 23 figliolu
920 852 5 18 !
934 855 49 17 cum’

677 872 11 18 è
703 873 32 17 chi
751 875 21 16 tu
789 875 45 18 l’hai
852 877 75 22 pigliali
942 880 41 17 cusi

677 898 82 21 grandi?

698 932 25 4 ~
731 924 26 17 Eh
765 924 4 15 l
780 929 11 13 o
800 926 37 21 mà,
846 927 31 17 chi
885 927 82 20 hulete?
976 930 5 17 i

676 947 80 24 chiughi
768 951 105 18 custavanu
885 954 77 20 quant’e
976 955 6 17 i

678 973 50 22 majò
734 973 5 18 !

738 1065 186 28 CUNSIGLI

698 1140 60 23 Oghie
766 1142 26 17 mi
798 1143 68 18 decidu
872 1145 86 18 anch’eiu

697 1166 17 17 A
722 1166 88 19 scrivene
818 1172 11 13 a
837 1169 19 17 lu
866 1169 92 23 Muvrone,

698 1190 127 24 Quantunque
833 1198 47 17 pocu
889 1199 68 18 capace

696 1216 17 17 A
721 1217 83 22 cumpità
813 1218 18 17 le
839 1223 83 14 canzone
930 1225 5 16 ;

697 1241 29 17 Ma
735 1241 21 18 sô
764 1241 78 24 figliolu
851 1244 44 17 d’un
905 1245 62 18 babbu

697 1265 60 19 Ch’un
765 1267 18 18 si
789 1267 60 18 fiacca
856 1268 19 18 di
881 1273 98 19 cumpone.

697 1322 48 19 Cara
751 1323 67 19 Muvra
826 1324 32 19 chi
868 1325 15 18 ti
893 1326 37 18 sfai

695 1348 104 22 Leggiadra
807 1351 93 20 perl’altu
909 1353 70 21 monte,

695 1374 55 18 Pasci
758 1375 60 18 I’arha
829 1376 101 19 linnarella

671 1405 4 3 •
695 1399 15 18 E
718 1400 49 21 porti
776 1401 38 17 alta
823 1401 18 18 la
849 1402 68 21 fronte,

695 1425 27 17 Da
729 1426 19 17 la
756 1426 80 23 piaghia
843 1432 11 13 a
861 1428 18 17 la
888 1428 79 22 cullina,

698 1450 62 23 Spieg’
765 1456 12 13 a
783 1456 12 13 u
802 1451 60 19 Corsu
867 1458 11 12 a
884 1453 28 18 so’
917 1454 61 18 i-uina.

693 1507 47 18 Dilli
748 1508 31 17 chi
788 1509 29 22 pe’
826 1513 10 13 a
845 1509 95 22 giuvenlù

672 1532 34 18 Cio
713 1533 32 17 chi
753 1533 45 22 ghiè
805 1534 21 17 lu
835 1534 142 23 peghiuaffare,

693 1554 15 21 È
716 1557 19 18 di
744 1559 79 17 vendesi
832 1563 35 17 per
874 1564 48 17 pocu

693 1583 32 18 Pe'
734 1588 11 13 a
753 1584 84 17 carriera
846 1584 84 19 mililare
937 1590 5 17 ;

693 1607 87 20 Credenu
790 1609 56 18 truvà
854 1610 79 18 furtuna

693 1633 122 19 Partendune
824 1636 120 22 tutt’appare.

692 1689 22 18 Si
721 1691 55 21 parte
784 1695 11 13 a
804 1691 20 18 le
834 1691 85 22 culunie,

692 1715 56 18 Duve
755 1715 27 18 c’è
791 1717 53 17 tante
852 1716 105 20 suffranze,

692 1740 52 23 Dopu
754 1742 55 17 lanle
817 1741 128 22 prumissione

692 1765 15 18 E
715 1766 49 22 dopu
774 1767 53 17 tante
837 1771 99 17 speranze,

692 1790 44 21 Chi,
746 1791 42 18 culà
796 1791 22 19 sô
826 1796 48 17 pene
883 1796 10 13 e
902 1792 45 17 mali

692 1815 15 18 E
714 1816 33 22 più
756 1816 55 19 triste
820 1817 125 18 circustanze.

692 1872 70 22 Dop’un
770 1873 64 22 teinpu
839 1873 20 17 di
865 1873 111 22 suggiornu,

693 1897 20 18 Si
725 1898 73 17 ritorna
806 1903 11 12 a
826 1899 20 16 lu
855 1902 57 18 paese

691 1923 134 22 Ingnmchiati
833 1928 10 13 e
852 1923 100 21 musinosi,

693 1948 28 17 Cu
729 1948 19 17 le
756 1949 85 17 membre
850 1948 112 21 tutt’offese,

692 1972 15 17 E
715 1973 16 17 si
741 1973 104 17 mord’omu
854 1973 18 18 le
880 1973 41 18 dite

692 1997 22 17 Di
723 1997 19 18 fà
748 2002 11 12 u
766 2002 58 13 servu
831 2003 11 12 a
850 1998 20 17 lu
878 1997 98 18 Francese.

692 2052 63 22 Quelli
762 2053 59 18 ch’un
829 2054 83 17 ci^edenu
919 2058 12 13 a
938 2058 38 19 .me,

691 2078 64 21 Forse,
764 2078 71 23 perché
843 2078 100 22 sòziteliu,

692 2103 122 18 Dumandlnu
823 2108 11 12 a
843 2104 13 17 li
866 2103 33 22 più
910 2103 66 22 vecchj

692 2128 60 18 S’ellu
761 2129 18 17 ci
789 2128 37 18 ’ole
834 2128 36 18 avè
881 2129 85 17 eerbellu

693 2153 36 18 Per
737 2154 55 17 crede
799 2158 12 13 a
820 2153 53 18 tutt’i
879 2154 98 22 px-ugressi

692 2177 67 19 Ch’elli
768 2179 82 18 contanu
859 2179 86 18 l’affissï.

692 2232 30 18 Un
730 2232 94 22 guardate
833 2233 38 17 ’sse
879 2232 80 18 riclame

691 2257 95 18 Affissale
792 2258 31 23 pe’
832 2257 6 17 i
848 2257 62 23 paesi!

692 2283 91 22 Appuntu
792 2287 50 18 ponu
853 2283 93 18 cumbene

692 2308 18 17 A
718 2308 46 18 Mori
772 2312 11 13 e
791 2308 118 22 Senegalcsi,

694 2332 43 22 Chi,
745 2333 40 18 nali
794 2333 79 18 cerbelli
884 2333 70 20 foschi,

693 2358 29 18 Un
731 2363 51 17 ponu
790 2359 58 17 avelli
858 2358 32 23 più
899 2359 65 18 offesi.

693 2415 44 21 Voi,
746 2415 38 18 cari
792 2415 88 18 cuscrilli
887 2415 58 20 corsi,

693 2440 87 18 Lasciate
788 2439 34 18 ’ssi
831 2440 130 22 cumplimenti
968 2440 5 17 !

693 2465 98 22 Aspittale
798 2470 11 13 a
819 2466 65 17 vostra
894 2466 58 21 tacca,

694 2490 30 18 Un
731 2490 77 18 firmale
819 2489 159 24 ingaggiamenti!

695 2515 99 18 N’averete
802 2520 49 13 ancu
860 2516 19 17 di
890 2517 67 20 froppu

695 2541 31 17 Pe’
735 2540 55 23 sfugà
798 2541 15 17 li
822 2541 59 18 vostri
890 2541 67 22 pienti,

731 2582 71 20 Paixlu
810 2582 23 18 di
841 2582 115 20 Minxcale.

1041 130 40 22 Un
1095 132 72 21 Pocu
1181 132 28 21 di
1223 130 85 23 Storia

1114 200 167 47 Âccenni
1310 213 22 30 a
1360 199 178 46 Teodoru
1568 214 21 31 e
1615 214 23 31 a
1668 198 215 47 Maillebois

1040 316 89 20 Avemu
1139 320 35 17 est
1174 321 39 16 rat
1213 320 26 17 tu
1256 323 12 13 e
1283 316 74 24 poche
1365 317 65 24 righe
1445 316 39 20 chi

1015 348 99 18 seguenu
1123 344 33 20 da
1173 345 44 20 dui
1231 344 120 20 volumetti
1366 345 27 19 di
1405 351 15 13 u
1430 344 55 20 Mer-

1015 375 55 14 cure
1079 370 136 26 Historique
1224 375 22 16 et
1256 370 116 24 Politique
1386 372 39 19 chi
1431 372 22 19 ci
1459 372 26 19 sô

1015 397 101 24 capitati
1124 398 24 20 in
1158 405 79 14 manu.

1042 424 20 20 U
1068 425 71 20 titulu
1147 426 127 24 cumplettu
1281 425 28 19 di
1320 427 38 19 sta
1372 427 111 22 raccolta,

1014 452 123 22 publicata
1151 460 16 13 a
1193 454 31 19 La
1252 453 71 24 Haye,
1341 453 55 21 chez
1413 454 70 20 Henri

1012 478 208 27 Scheurleer,/tf/r>
1226 480 141 24 cumprende
1375 488 16 12 a
1397 482 10 19 i
1412 482 73 20 vostri

1012 505 78 20 lettori
1096 506 129 22 Vinteressu
1231 508 28 20 di
1265 508 129 25 ipassaggi
1401 509 37 20 chi
1445 510 40 19 noi

1011 532 170 24 riproducenu:
1201 536 135 19 Mercure
1355 536 129 20 Histori-

1011 563 56 19 que
1072 560 133 21 Contenant
1213 562 68 20 l’Etat
1287 563 95 24 présent
1391 563 28 19 de
1427 563 58 20 l’Eu-

1012 592 64 18 rope,
1087 593 26 14 ce
1122 588 42 24 qui
1174 595 25 13 se
1208 595 70 18 passe
1292 590 58 20 dans
1366 594 76 17 toutes
1450 591 33 20 les

1012 613 84 26 Cours,
1109 616 36 20 les
1154 616 100 21 Intérêts
1270 618 41 20 des
1320 618 101 23 Princes,
1429 620 19 18 &
1456 625 26 14 ce

1011 642 54 24 qu’il
1075 649 15 18 y
1098 650 13 13 a
1120 644 29 19 de
1159 644 53 24 plus
1220 646 97 19 curieux
1328 652 59 19 pour
1396 646 20 20 le
1425 647 57 20 mois

1011 669 29 20 de
1119 671 31 20 Le
1166 675 52 17 tout
1226 674 156 24 accompagné
1397 674 28 20 de
1440 674 41 20 Ré-

1010 696 99 22 flexions
1120 699 129 25 Politiques
1264 706 39 15 sur
1320 701 91 24 chaque
1424 702 58 20 Etat.

1038 728 56 20 Utirì
1105 735 84 14 avemu
1198 730 25 20 in
1232 737 71 14 manu
1309 731 42 21 che
1359 738 15 12 u
1384 733 98 19 secondu

1012 761 13 13 e
1033 762 17 13 u
1058 759 87 21 quartu
1151 758 115 20 trimestre
1274 759 28 20 di
1308 760 110 19 l'annota
1430 765 52 20 1740

1009 789 13 13 e
1030 783 11 19 i
1047 784 58 20 mesi
1110 785 28 20 di
1140 786 138 24 jennaghiu,
1286 787 130 25 ferraghiu,
1423 794 60 14 mar-

1009 816 37 17 su,
1055 812 78 24 aprile
1145 813 61 24 1743.

1223 871 81 19 Numéro
1313 872 76 18 d'Avril
1398 873 50 18 1740.

1159 909 37 21 De
1213 909 119 24 Toscane.

1039 951 43 22 Les
1102 952 133 23 Nouvelles
1259 956 73 26 qu’on
1355 957 78 27 reçoit
1450 958 30 21 de

1008 981 66 22 l’Isle
1086 983 30 21 de
1132 984 80 22 Corse
1232 988 60 20 sont
1311 987 22 21 si
1348 989 133 21 contradic-

1009 1013 84 25 toires,
1106 1018 75 23 qu'on
1193 1021 31 15 ne
1236 1019 59 23 peut
1304 1023 18 22 y
1334 1017 60 21 faire
1405 1024 76 17 aucun

1009 1042 67 23 fond.
1090 1045 23 20 A
1126 1051 32 15 en
1171 1046 80 21 croire
1263 1047 37 21 les
1311 1047 121 28 François,
1450 1050 30 21 ils

1008 1076 44 19 ont
1063 1074 82 23 réduit
1156 1078 65 20 cette
1233 1076 91 24 Nation
1332 1084 5 19 ;
1350 1077 14 22 à
1377 1084 29 16 en
1419 1081 62 21 croi-

1008 1109 26 16 re
1054 1106 36 20 les
1114 1105 104 27 Génois,
1243 1107 32 22 ils
1299 1108 55 21 n’en
1379 1112 102 26 croyent

1008 1135 53 22 rien
1069 1142 6 19 ;
1088 1136 22 21 &
1122 1136 13 22 à
1146 1143 32 15 en
1190 1138 81 21 croire
1281 1140 37 20 les
1331 1139 91 22 Corses
1433 1142 47 21 mê-

1007 1171 48 20 me,
1077 1173 31 15 on
1131 1170 60 24 peut
1211 1168 56 22 bien
1287 1170 80 21 croire
1378 1176 47 22 que
1443 1172 36 21 les

1008 1195 96 23 Génois
1116 1198 72 21 n’ont
1199 1204 43 21 pas
1255 1201 50 20 tort
1314 1207 7 18 ;
1338 1201 104 27 puisque
1452 1208 28 15 ce

1007 1226 63 22 n’est
1081 1233 47 21 que
1140 1229 23 20 la
1172 1228 68 21 force
1249 1229 42 27 qui
1301 1231 110 21 contient
1419 1237 62 22 pour

1007 1263 32 15 un
1051 1259 63 20 teins
1132 1260 64 20 cette
1215 1258 93 23 Nation
1326 1260 91 28 féroce,
1438 1263 40 26 qui

1007 1287 112 22 n’écoute
1131 1289 25 21 ni
1169 1289 44 26 loi,
1227 1290 26 20 ni
1266 1290 92 27 raison,
1372 1292 25 21 ni
1410 1298 70 16 cons-

1007 1318 92 26 cience,
1112 1319 26 21 ni
1151 1319 129 29 Religion,
1301 1322 25 20 ni
1339 1322 88 23 intérêt
1437 1330 43 20 pu-

1006 1349 58 26 blic,
1076 1349 22 21 &
1110 1350 42 27 qui
1166 1356 26 16 se
1205 1351 65 21 livre
1283 1357 58 16 sans
1355 1352 99 23 réserve
1465 1353 15 23 à

1005 1380 24 21 la
1041 1380 70 21 basse
1123 1382 103 25 passion
1239 1382 31 21 de
1281 1383 22 20 la
1322 1382 156 29 Vengeance.

1007 1410 30 21 Le
1051 1410 77 22 Baron
1134 1412 70 27 Jean
1216 1412 124 22 Frédéric
1356 1414 80 22 Baron
1449 1416 30 21 de

1006 1440 327 31 Neuhof-Rauschenburg,
1345 1449 48 22 que
1401 1445 22 21 le
1431 1445 46 22 Roi

1007 1471 129 22 Théodore
1148 1473 101 26 qualifie
1270 1474 30 20 de
1319 1479 45 16 son
1385 1475 94 22 Lieute-

1005 1502 179 23 nant-Général
1196 1510 30 15 en
1242 1504 88 26 Corse,
1342 1507 38 20 est
1392 1506 13 21 à
1415 1507 22 20 la
1445 1507 34 21 tê-

1003 1534 25 20 te
1040 1532 56 22 d’un
1109 1534 64 26 parti
1193 1535 41 26 qui
1256 1535 92 27 grossit
1367 1538 56 20 tous
1442 1538 36 20 les

1002 1564 69 26 jours
1083 1564 62 21 dans
1165 1566 38 20 les
1223 1564 90 23 Pièves
1331 1567 98 22 au-delà
1446 1568 32 20 du

1006 1593 92 22 Tarao.
1119 1594 41 22 On
1178 1596 85 21 attend
1282 1596 60 21 dans
1355 1600 63 19 cette
1430 1598 48 22 Isle

1003 1631 33 15 un
1062 1631 117 16 nouveau
1210 1626 80 28 Corps
1315 1627 30 21 de
1368 1627 110 30 Troupes

1003 1655 153 29 Françoises,
1170 1663 63 21 pour
1244 1657 100 22 rélever
1355 1659 74 22 celles
1437 1660 40 27 qui

1002 1693 18 22 y
1041 1690 43 19 ont
1107 1689 67 20 servi
1196 1688 96 28 jusqu’à
1315 1689 108 27 présent,
1446 1697 32 15 ou

1004 1723 63 21 pour
1086 1719 37 21 les
1144 1719 142 27 renforcer;
1309 1726 41 16 car
1369 1720 62 27 l’air,
1454 1723 24 20 la

1003 1749 92 26 saison,
1119 1749 23 21 &
1165 1750 37 21 les
1220 1750 145 23 mécontens
1385 1752 36 21 les
1434 1754 42 20 ont

1005 1779 125 28 beaucoup
1140 1780 119 22 diminué.
1270 1781 36 21 Ce
1313 1782 41 27 qui
1365 1782 113 29 n’effraye

1004 1810 73 26 point
1094 1811 38 21 les
1155 1811 100 26 Corses,
1277 1813 43 26 qui
1341 1813 137 26 paroissent

1002 1841 119 22 redouter
1143 1843 83 21 moins
1250 1843 22 21 la
1298 1845 66 20 mort
1390 1843 88 28 qu’une

1003 1872 164 22 Domination
1195 1873 137 28 étrangère,
1361 1875 63 21 aussi
1448 1881 28 15 en

1003 1903 169 22 exécute-t-on
1193 1906 57 20 tous
1273 1906 37 20 les
1331 1905 78 28 jours,
1436 1906 41 26 qui

1003 1936 62 20 vont
1083 1940 28 15 au
1134 1935 112 27 supplice
1266 1941 61 16 avec
1346 1942 50 15 une
1408 1936 70 22 fierté

1003 1965 188 21 inconcevable.
1219 1965 31 21 La
1270 1967 100 25 plupart
1393 1967 84 21 d’entr’

1003 2001 50 16 eux
1064 1995 116 27 espèrent
1189 2001 92 16 encore
1294 2001 46 21 que
1359 1997 55 21 leur
1429 1997 47 21 Roi

1005 2025 132 22 Théodore
1163 2027 106 21 viendra
1294 2028 38 20 les
1357 2028 118 25 secourir,

1003 2058 98 20 surtout
1111 2057 90 27 depuis
1213 2057 76 27 qu’on
1301 2058 55 20 leur
1367 2063 12 15 a
1389 2057 44 22 fait
1440 2063 38 16 ac-

1003 2087 80 21 croire
1095 2087 61 27 qu’il
1169 2087 62 22 étoit
1242 2087 72 28 passé
1335 2087 31 22 de
1385 2087 90 23 Venise

1002 2123 31 16 en
1047 2118 157 27 Allemagne,
1217 2118 22 21 &
1252 2118 64 21 de-là
1336 2124 31 15 en
1385 2120 90 27 Angle-

1002 2151 73 23 terre,
1097 2148 58 23 d’où
1175 2149 18 22 il
1213 2149 63 26 doit,
1296 2150 135 25 disent-ils,
1451 2156 26 15 se

1002 2179 89 21 rendre
1101 2180 61 21 dans
1171 2185 47 17 son
1228 2180 129 28 Royaume
1367 2186 60 16 avec
1434 2181 43 20 des

1003 2215 100 16 secours
1130 2210 194 22 considérables.
1351 2211 125 22 Effective-

1003 2242 69 20 ment
1080 2246 32 16 on
1120 2241 63 28 sçait
1191 2241 62 27 qu’il
1261 2247 13 15 a
1283 2240 39 23 été
1331 2241 13 22 à
1355 2241 120 29 Cologne,

1004 2271 32 21 où
1048 2271 17 21 il
1077 2278 14 15 a
1102 2271 84 27 publié
1199 2277 39 16 ses
1256 2271 91 22 Titres,
1367 2272 30 21 de
1415 2275 61 19 cette

1004 2302 110 21 manière
1124 2308 6 15 :
1154 2302 252 22 Théodore-Etienne
1425 2303 51 21 Ba-

1004 2338 51 16 ron
1067 2333 30 21 de
1108 2332 107 27 Neuhof,
1233 2333 128 28 Seigneur
1375 2334 30 21 de
1416 2333 62 22 Pun-

1004 2363 138 27 gelscheid,
1164 2363 86 26 Glind,
1272 2363 78 27 Rade,
1373 2364 103 29 Lybach,

1006 2393 166 23 Meuchausen
1184 2394 22 22 &
1218 2394 126 26 Sasseran,
1364 2394 30 22 né
1406 2401 13 15 a
1430 2394 48 23 Co-

1004 2425 75 27 logne
1092 2425 23 21 3e
1127 2431 28 20 24
1166 2425 67 22 Août
1247 2425 61 28 1694.
1329 2425 42 22 Elû
1382 2425 22 21 &
1416 2425 59 22 Cou-

1004 2455 79 22 ronné
1095 2455 49 22 Roi
1158 2456 30 21 de
1201 2455 89 27 Corse,
1303 2461 67 16 sous-
1380 2457 23 20 le
1420 2462 57 16 nom

1005 2487 31 21 de
1051 2486 129 23 Théodore
1191 2487 22 22 I.
1236 2488 24 21 le
1281 2493 24 22 15
1328 2487 73 22 Avril
1415 2487 61 28 1736.

1006 2516 62 23 Feuë
1080 2523 46 16 son
1140 2518 96 27 Epouse
1255 2517 62 22 étoit
1337 2523 49 16 une
1405 2517 73 22 Com-

1006 2550 64 20 tesse
1083 2549 29 21 de
1123 2548 143 26 Kihnaloh,
1288 2548 70 21 nièce
1377 2549 31 20 du
1424 2548 53 21 Duc

1005 2578 153 27 d’Ormond;
1173 2580 47 20 elle
1233 2581 38 19 est
1283 2581 80 19 morte
1383 2578 13 21 à
1410 2578 67 22 Paris

1005 2615 31 15 en
1051 2615 60 21 1724,
1122 2615 30 15 en
1166 2609 94 22 couche
1269 2609 72 22 d’une
1352 2608 52 22 fille
1414 2610 63 20 aussi

1006 2642 87 19 morte.
1115 2639 31 22 Sa
1167 2645 75 21 soeur,
1264 2641 23 20 la
1307 2639 126 28 Marquise
1447 2639 30 22 de

1008 2670 124 27 Trévoux,
1146 2672 37 20 est
1194 2672 78 20 morte
1285 2676 43 16 sur
1338 2676 40 16 ses
1389 2669 88 22 Terres

1513 315 56 27 près
1578 316 30 21 de
1622 316 72 25 Metz,
1718 316 101 20 laissant
1839 320 31 15 un
1892 314 50 21 Fils
1961 314 23 21 &

1513 352 47 15 une
1574 345 68 22 Fille.
1656 346 32 21 Le
1701 346 47 21 Roi
1762 351 12 15 a
1792 345 62 21 trois
1875 344 109 22 Cousins

1512 376 29 20 de
1554 377 23 20 la
1590 375 101 22 Famille
1713 376 30 20 de
1762 374 108 26 Neuhof,
1892 375 49 21 Fils
1952 375 31 20 du

1512 405 72 22 Frère
1596 406 30 21 de
1639 412 44 15 son
1694 406 69 25 Père,
1774 406 62 20 dont
1844 404 58 27 l’un,
1907 405 76 27 Jean-

1510 435 123 22 Frédéric
1651 436 79 21 Baron
1749 436 30 21 de
1792 435 193 27 Neuhof-Raus-

1510 466 140 28 chenburg,
1663 465 104 23 exécute
1787 467 37 20 les
1846 466 93 21 Ordres
1954 465 30 21 de

1511 495 29 22 Sa
1554 496 58 26 Maj.
1635 502 29 15 en
1687 496 86 26 Corse,
1796 503 30 14 en
1846 495 91 28 qualité
1954 496 30 20 de

1511 526 145 22 Lieutenant
1668 527 107 21 Général
1787 527 160 21 d’infanterie
1962 526 22 20 &

1510 561 21 16 c.
1544 556 22 21 &
1576 562 21 15 c.

1720 617 81 18 Numéro
1810 618 24 17 de
1842 617 36 18 Mai
1887 616 52 19 1740.

1498 639 3 11 1

1622 651 36 21 De
1671 650 26 22 la
1709 650 161 22 Lombardie.

1538 693 30 22 La
1580 694 117 22 situation
1710 695 116 27 présente
1838 695 43 21 des
1889 695 96 21 affaires

1509 723 127 28 générales
1654 725 31 21 de
1706 725 121 27 l’Europe,
1849 727 37 19 est
1904 731 79 20 cause,

1509 755 92 25 dit-on,
1614 755 30 21 de
1655 755 167 22 l’incertitude
1836 755 32 22 où
1878 755 51 22 l'on
1948 758 37 19 est

1510 790 89 16 encore
1612 791 42 20 par
1666 787 103 25 rapport
1780 792 30 15 au
1826 788 52 19 sort
1889 786 31 21 de
1930 785 56 22 l’Is-

1509 815 23 20 le
1541 815 31 20 de
1584 815 87 21 Corse.
1683 815 41 22 On
1733 822 84 15 assure
1827 821 47 22 que
1883 817 23 20 la
1917 816 68 21 Cour

1510 844 138 28 Impériale,
1661 851 64 16 avec
1737 846 40 26 qui
1791 847 61 20 celle
1868 847 30 20 de
1913 846 73 21 Fran-

1509 880 27 15 ce
1548 881 13 14 a
1573 875 115 22 concerté
1700 877 100 25 lorsque
1813 877 94 21 celle-ci
1919 876 66 22 réso-

1508 906 36 20 lut
1556 905 29 21 de
1598 906 111 21 secourir
1721 906 36 21 les
1770 905 104 26 Génois,
1892 913 33 15 ne
1944 913 42 21 pa-

1508 935 48 22 roit
1574 941 44 22 pas
1630 938 118 19 contente
1769 937 31 20 de
1822 937 107 21 certains
1949 943 36 15 ar-

1508 968 158 25 rangements
1680 966 54 27 pris
1746 972 43 21 par
1801 969 100 24 rapport
1909 967 13 21 à
1934 970 51 19 cet-

1507 998 25 19 te
1553 996 59 26 Isle,
1634 1003 28 15 ce
1683 997 51 27 qui.
1746 998 108 27 suspend
1876 998 65 21 aussi
1961 999 22 20 la

1508 1026 112 22 décision
1633 1028 30 20 de
1676 1029 65 20 cette
1754 1027 92 22 affaire.
1861 1028 33 21 En
1906 1030 79 19 atten-

1507 1057 65 26 dant,
1584 1058 37 20 les
1634 1058 130 22 Ministres
1778 1058 96 22 Génois
1886 1058 13 22 à
1913 1058 70 22 Paris

1507 1087 22 21 &
1549 1087 14 22 à
1584 1088 98 21 Vienne
1703 1088 135 28 négocient
1854 1089 130 22 vivement

1508 1124 61 15 avec
1580 1119 36 21 les
1630 1119 128 22 Ministres
1770 1120 30 21 de
1813 1125 41 16 ces
1868 1125 80 20 cours,
1960 1120 22 21 &

1507 1152 128 25 envoyent
1646 1151 109 20 souvent
1766 1151 45 20 des
1833 1149 118 23 Couricrs
1970 1157 12 14 a

1508 1178 94 22 Gènes.
1625 1179 87 26 Quant
1730 1179 13 22 à
1763 1181 23 20 la
1807 1181 119 21 situation
1940 1181 43 21 des

1506 1208 98 22 affaires
1618 1210 175 27 Domestiques
1805 1211 31 20 de
1848 1213 63 18 cette
1925 1210 56 26 Isle,

1507 1239 47 21 elle
1567 1241 38 19 est
1616 1240 113 26 toujours
1740 1241 22 20 la
1774 1240 82 21 même
1867 1247 6 18 ;
1891 1242 22 19 la
1923 1246 59 15 ven-

1506 1274 101 22 geance,
1619 1270 36 21 les
1669 1270 155 26 animositez,
1845 1272 24 20 le
1885 1270 99 22 mécon-

1507 1301 138 20 tentement
1655 1300 22 21 &
1688 1300 96 28 l’esprit
1796 1301 31 21 de
1845 1301 104 26 révolte,
1965 1307 18 22 y

1506 1330 106 28 régnent
1634 1337 97 16 comme
1754 1334 159 24 auparavant.
1936 1331 45 22 Les

1506 1360 114 23 Officiers
1632 1361 118 28 François
1767 1362 38 28 s’y
1820 1363 163 22 divertissent

1505 1397 48 16 aux
1564 1391 92 28 dépens
1669 1392 31 21 du
1714 1392 65 22 front
1791 1393 44 21 des
1846 1393 137 28 Bourgeois

1505 1422 42 26 qui
1561 1425 44 19 ont
1616 1423 31 20 de
1665 1425 59 25 trop
1742 1423 75 26 jolies
1830 1423 119 28 Epouses,
1960 1424 22 21 &

1505 1453 31 20 de
1548 1455 63 19 teins
1623 1459 31 15 en
1667 1456 64 19 tems
1744 1454 35 21 les
1793 1453 90 22 Corses
1902 1459 29 16 en
1946 1460 36 15 as-

1505 1484 122 21 sassinent
1652 1485 180 26 quelques-uns
1842 1491 5 19 ;
1873 1487 110 19 -souvent

1505 1514 44 22 des
1561 1514 97 23 Soldats
1671 1518 43 19 ont
1725 1516 24 21 le
1763 1517 80 20 même
1855 1518 61 19 sort.
1937 1515 45 22 Les

1505 1546 136 27 coupables'
1663 1545 74 28 qu’on
1763 1545 135 27 découvre,
1926 1548 57 19 sont

1505 1576 52 27 pris
1568 1576 23 21 &
1610 1577 95 26 pendus
1726 1582 56 16 sans
1802 1577 128 27 beaucoup
1951 1577 31 21 de

1505 1606 144 27 formalitéz,
1662 1613 28 16 ce
1703 1607 42 27 qui
1757 1613 32 15 ne
1801 1608 60 21 rend
1882 1613 45 21 pas
1945 1608 37 20 les

1504 1639 82 20 autres
1598 1643 79 22 sages,
1687 1643 31 16 au
1731 1638 122 21 contraire
1863 1638 16 21 il
1888 1638 93 21 semble

1504 1674 48 20 que
1570 1669 24 20 le
1614 1674 62 22 sang
1694 1669 46 21 des
1761 1672 83 18 autres
1863 1670 35 20 les
1911 1670 71 26 porte

1504 1705 49 15 aux
1563 1700 92 21 mêmes
1668 1700 100 21 crimes.
1782 1700 104 21 Ensorte
1899 1705 47 22 que
1958 1701 23 20 le

1505 1729 110 28 Marquis
1627 1730 30 21 de
1669 1729 152 23 Maillebois
1833 1737 13 14 a
1858 1730 50 22 fort
1917 1730 65 22 affai-

1504 1765 27 16 re
1542 1766 63 16 avec
1619 1763 64 19 cette
1701 1760 101 22 Nation.
1824 1761 44 21 Les
1886 1761 95 25 Monta-

1504 1796 61 22 gnes
1576 1791 24 21 &
1618 1793 81 20 autres
1718 1792 111 21 endroits
1848 1792 141 21 inaccessi-.

1505 1821 52 22 blés
1569 1824 58 19 sont
1639 1822 103 27 remplis
1754 1822 31 21 de
1797 1822 104 21 rebelles
1916 1822 22 21 &
1951 1822 30 21 de

1504 1852 109 24 bandits,
1629 1853 41 26 qui
1686 1852 56 22 font
1754 1853 30 21 de
1796 1855 66 19 tems
1874 1858 31 16 en
1917 1854 65 20 tems

1505 1883 43 21 des
1560 1888 100 16 courses
1673 1882 31 22 de
1716 1882 54 23 côté
1783 1889 32 16 ou
1835 1883 103 25 d’autre,
1959 1882 23 22 &

1505 1914 87 27 pillent
1612 1913 22 22 &
1654 1916 133 26 saccagent
1807 1916 63 20 tout.
1891 1914 40 22 On
1945 1914 37 21 dit

1504 1950 47 21 que
1559 1945 22 20 le
1592 1944 79 22 Baron
1680 1944 189 27 Jean-Frédéric
1877 1945 30 21 de
1916 1944 65 22 Neu-

1505 1975 59 27 hoff
1570 1977 38 19 est
1619 1975 13 21 à
1644 1976 55 20 leur
1717 1976 58 25 tête,
1796 1976 62 20 mais
1875 1975 106 21 d’autres

1505 2011 31 15 en
1548 2006 113 21 doutent.

1700 2066 83 18 Numéro
1792 2067 23 17 de
1822 2066 47 18 Juin
1877 2066 53 17 4740.

1616 2099 37 22 De
1666 2099 199 22 la-Lombardie.

1531 2144 93 22 Toutes
1642 2145 36 20 les
1697 2145 132 21 nouvelles
1850 2144 30 21 de
1903 2143 79 22 Corse

1503 2175 144 21 continuent
1658 2181 13 14 a
1683 2180 126 16 annoncer
1820 2175 36 21 les
1867 2180 115 23 arrange-

1502 2211 71 16 mens
1586 2211 47 22 que
1645 2206 22 21 le
1678 2205 110 27 Marquis
1798 2205 30 21 de
1838 2205 143 22 Maillebois

1503 2236 85 27 prend,
1603 2236 30 21 de
1645 2239 103 18 concert
1757 2241 60 16 avec
1826 2237 23 20 le
1859 2235 122 22 Commis-

1503 2267 64 21 saire
1576 2267 59 21 delà
1644 2266 231 28 République,pour
1881 2266 101 22 rétablir

1503 2299 23 20 la
1537 2297 152 27 tranquillité
1702 2298 59 20 dans
1774 2299 64 20 cette
1849 2297 57 26 Isle,
1916 2297 22 21 &
1947 2300 34 18 te-

1503 2329 41 21 nir
1554 2329 36 21 les
1602 2329 115 21 habitans
1730 2334 29 16 en
1772 2328 80 22 bride.
1867 2327 65 23 Pour
1943 2330 38 19 cet

1504 2359 58 22 effet
1582 2365 33 16 on
1639 2359 119 22 continue
1781 2359 14 22 à
1818 2358 102 22 rétablir
1944 2360 37 20 les

1503 2390 91 28 grands
1606 2389 128 26 Chemins,
1751 2391 40 26 qui
1803 2392 113 25 peuvent
1926 2395 55 16 ren-

1504 2422 42 21 dre
1559 2422 55 26 plus
1624 2421 73 22 facile
1710 2422 23 21 le
1743 2427 103 22 passage
1854 2420 22 22 &
1885 2422 23 20 la
1918 2426 63 16 com-

1504 2453 151 21 munication
1669 2452 72 22 d’une
1753 2452 79 21 Piève
1849 2451 14 22 à
1876 2451 86 22 l’autre
1973 2457 6 20 ;

1504 2489 32 16 on
1545 2489 14 16 a
1567 2483 83 22 abattu
1659 2483 125 27 plusieurs
1795 2482 84 26 forêts,
1888 2488 31 16 ou
1928 2482 53 21 inu-

1504 2514 66 26 tiles,
1582 2519 33 17 ou
1627 2513 40 28 qui
1680 2514 127 21 servoient
1819 2513 31 21 de
1868 2513 112 21 retraites

1504 2551 48 15 aux
1562 2545 93 21 mutins
1665 2551 6 19 ;
1685 2544 23 21 &
1717 2549 31 17 on
1760 2543 117 22 travaille
1888 2542 14 23 à
1914 2543 66 22 force

1504 2575 14 21 à
1529 2577 145 25 augmenter
1684 2575 38 21 les
1735 2574 184 22 Fortifications
1936 2574 45 20 des

1505 2606 84 21 Places
1602 2605 31 21 où
1644 2605 18 21 il
1674 2607 39 19 est
1724 2604 141 21 nécessaire
1877 2604 104 21 détenir

1503 2636 128 27 garnison.
1645 2634 83 27 Quant
1740 2641 48 16 aux
1799 2634 130 26 Habitans,
1949 2634 31 21 ils

1504 2668 58 20 sont
1571 2666 115 27 toujours
1697 2667 37 20 les
1746 2667 101 24 mêmes,
1861 2665 118 27 inquiets,

2006 131 123 20 remuans,
2143 125 22 21 &
2175 131 31 16 ne
2219 126 110 27 pouvant
2342 130 26 15 se
2379 124 107 21 soumet-

2010 159 38 20 tre
2060 156 12 22 à
2085 162 78 16 aucun
2177 157 72 22 ordre
2260 163 5 19 ;
2284 157 35 20 les
2330 153 157 24 Ecclésiasti-

2010 193 60 21 ques
2093 189 106 20 sur-tout
2227 187 111 22 donnent
2359 186 126 24 beaucoup

2010 218 149 21 d’embarras
2180 224 27 14 au
2230 216 109 23 Général
2361 214 124 29 François,

2010 249 39 27 qui
2063 255 12 15 a
2087 248 39 21 été
2138 247 83 28 obligé
2234 247 53 22 d’en
2299 247 62 21 faire
2371 246 116 21 exécuter

2010 280 183 26 quelques-uns,
2203 276 229 29 particulièrement
2443 277 44 20 des

2011 309 106 25 Moines,
2131 314 62 22 pour
2201 308 80 21 servir
2290 307 139 26 d’exemple
2438 312 48 15 aux

2009 341 90 24 autres,
2112 339 62 22 mais
2182 338 157 22 inutilement
2350 343 5 17 ;
2370 336 59 22 c’est
2438 342 48 15 une

2010 375 55 16 race
2078 369 169 28 incorrigible.
2262 368 40 22 On
2314 373 85 16 assure
2412 366 73 29 qu’un

2011 406 80 15 neveu
2103 400 30 21 du
2148 400 47 21 Roi
2211 399 131 22 Théodore
2351 404 135 15 erreenco-

2010 436 26 15 re
2048 430 60 21 dans
2116 431 36 20 les
2163 430 147 28 Montagnes
2320 429 31 21 de
2360 430 23 20 la
2393 429 92 25 Rocca,

2010 460 13 21 à
2035 461 22 20 la
2069 461 49 21 tête
2140 461 30 21 de
2182 461 119 27 quelques
2322 460 107 25 bandits,
2449 461 36 20 ta-

2010 491 73 21 chant
2091 492 31 21 de
2133 493 103 20 trouver
2247 498 47 15 une
2315 491 117 22 occasion
2454 491 29 21 de

2011 522 74 20 sortir
2096 522 30 20 de
2137 522 9 21 1
2155 522 48 21 Isle
2213 528 6 19 ;
2240 522 64 21 mais
2319 522 65 21 deux
2400 521 86 27 Fréga-

2010 553 37 19 tes
2059 551 142 28 Françoises
2214 552 109 21 croisent
2335 557 58 15 vers
2405 553 23 19 le
2438 551 49 21 Mi-

2011 581 23 22 di
2047 582 30 21 de
2093 581 74 27 l’Isle,
2189 588 64 21 pour
2273 582 133 27 empêcher
2427 581 59 28 qu’il

2011 611 42 29 n’}^
2063 612 93 22 aborde
2165 613 23 21 &
2200 612 55 22 n’en
2269 615 68 25 parte
2350 619 77 15 aucun
2440 613 46 21 Bâ-

2011 643 96 25 timent,
2121 645 106 20 sur-tout
2238 644 32 21 du
2282 643 56 22 côté
2351 643 31 21 de
2394 643 91 22 Porto-

2015 673 114 22 Vecchio.
2140 673 84 27 Quant
2233 680 30 15 au
2278 676 51 20 sort
2342 674 31 21 de
2385 675 22 20 la
2421 674 63 21 Cou-

2011 709 78 16 ronne
2110 704 30 21 de
2164 704 88 26 Corse,
2275 705 17 21 il
2314 706 66 20 reste
2395 710 90 16 encore

2010 733 182 23 très-incertain
2203 741 6 20 ;
2239 736 37 20 les
2300 734 97 23 Génois
2423 741 63 15 vou-

2012 764 98 22 droient
2121 765 57 21 bien
2200 771 31 15 ne
2250 766 23 21 la
2293 766 73 27 point
2377 765 90 27 perdre
2477 771 6 15 :

2012 795 136 26 cependant
2159 795 17 21 il
2188 796 82 26 paroit
2281 801 46 22 que
2346 796 37 21 les
2401 801 84 16 arran-

2010 830 102 22 gemens
2124 828 57 19 sont
2193 828 54 19 tout
2265 828 140 20 autrement
2423 826 59 27 pris,

2011 855 61 21 mais
2085 855 71 28 qu’ils
2168 862 31 15 ne
2211 859 86 19 seront
2312 856 116 22 exécutez
2446 855 39 28 qu’

2010 885 71 27 après
2094 891 46 22 que
2152 886 133 29 XEspagne
2297 887 21 21 &
2330 888 23 21 la
2368 887 116 21 Grande-

2011 915 126 28 Bretagne
2149 919 83 20 seront
2244 917 172 22 réconciliées.

2188 977 81 20 Numéro
2278 979 99 18 (l’Octobre
2385 979 52 18 1740.

2121 1011 37 21 De
2170 1010 25 22 la
2206 1011 162 23 Lombardie.

2038 1054 39 22 On
2090 1056 109 27 apprend
2211 1056 30 22 de
2257 1057 65 22 l’Isle
2339 1058 31 21 de
2392 1058 88 26 Corse,

2010 1086 73 26 qu’on
2103 1092 17 22 y
2137 1087 103 22 arrêtoit
2251 1087 23 22 &
2292 1088 74 27 qu’on
2391 1089 93 26 rouoit,

2010 1121 30 16 ou
2053 1117 103 26 pendoit
2168 1123 31 16 on
2212 1119 162 26 arquebusoit
2383 1122 55 19 tous
2448 1121 37 20 les

2007 1146 70 27 jours
2091 1148 175 27 quelques-uns
2286 1149 30 22 de
2329 1155 64 16 ceux
2409 1150 75 27 qu’on

2009 1178 96 26 appelle
2113 1178 173 26 Bandits,dont
2295 1181 126 26 plusieurs
2429 1183 56 19 sont

2009 1213 107 16 revenus
2127 1209 61 20 dans
2199 1209 66 22 l’Isle
2283 1211 71 26 après
2367 1217 30 14 en
2415 1211 70 21 avoir

2009 1236 38 23 été
2056 1238 132 25 chassez,&
2198 1240 40 26 qui
2251 1242 44 19 ont
2306 1246 30 15 eu
2346 1242 21 19 la
2377 1240 109 22 hardies-

2009 1273 27 16 se
2047 1267 41 28 d’y
2099 1271 96 19 rentrer
2215 1275 61 16 avec
2287 1270 44 21 des
2345 1277 87 15 armes.
2453 1271 31 21 Le

2009 1304 79 15 neveu
2110 1299 31 21 du
2159 1299 47 22 Roi
2221 1300 140 27 Théodore,
2384 1302 40 27 qui
2437 1308 14 15 a
2464 1302 20 21 si

2009 1329 123 28 longtems
2148 1330 54 22 erré
2214 1331 30 21 de
2262 1330 81 23 Grote
2356 1338 30 15 en
2406 1332 78 22 Grote

2009 1359 60 22 dans
2082 1360 43 21 des
2135 1361 147 28 Montagnes
2295 1363 187 25 inaccessibles,

2009 1392 37 19 est
2057 1391 65 21 enfin
2135 1392 61 21 sorti
2206 1392 31 21 de
2249 1392 66 22 l’Isle
2336 1399 61 15 avec
2416 1393 12 22 6
2449 1399 32 16 ou

2009 1427 22 21 7.
2043 1421 31 21 de
2086 1427 41 15 ses
2139 1422 54 27 plus
2204 1422 86 22 fidèles
2304 1423 130 26 adhérans,
2451 1430 32 15 en

2009 1453 150 25 promettant
2168 1458 47 16 aux
2223 1456 81 18 autres
2313 1453 62 28 qu’il
2386 1455 68 20 revie
2460 1461 26 14 n-

2009 1482 66 22 droit
2086 1483 96 22 bientôt
2194 1483 12 22 à
2215 1484 56 21 leur
2281 1490 111 16 secours.
2406 1485 78 22 Toute

2008 1513 23 21 la
2048 1513 117 22 conduite
2177 1514 44 21 des
2242 1514 97 23 Génois
2353 1516 75 21 laisse
2439 1522 42 15 en-

2009 1545 94 21 trevoir
2110 1545 70 27 qu’ils
2193 1551 25 15 se
2231 1545 96 22 flattent
2341 1552 91 16 encore
2453 1547 31 21 de

2007 1577 79 19 rester
2096 1581 31 15 en
2140 1577 144 26 possession
2301 1577 30 21 de
2351 1578 23 20 3a
2394 1577 87 26 Corse,

2008 1611 28 15 ce
2047 1605 41 27 qui
2099 1607 80 25 paroît
2192 1606 76 22 n’êlre
2284 1613 43 21 pas
2340 1609 23 20 le
2383 1611 98 24 compte

2008 1637 44 21 des
2062 1637 124 22 habitants
2198 1639 31 21 de
2240 1641 65 20 cette
2321 1639 59 22 Isle.

2031 1691 32 26 (A
2075 1691 52 27 fine
2139 1699 15 14 a
2166 1698 17 16 u
2192 1694 133 26 prossimu
2337 1696 123 27 numeru)

2034 1808 126 23 ...Quanto
2179 1809 25 21 al
2226 1812 88 19 nostro
2331 1811 148 27 soggierno,

2007 1841 79 21 siamo
2097 1841 184 23 ristrettissimi
2291 1849 47 20 per
2350 1844 38 25 gli
2399 1844 82 26 allog-

2007 1874 35 25 gi.
2056 1874 57 22 Non
2124 1875 75 22 stimo
2209 1876 94 26 meglio
2311 1883 48 20 per
2369 1877 11 21 i
2389 1877 90 22 viveri.

2007 1907 57 21 Non
2075 1908 59 21 evvi
2152 1909 74 25 quasi
2244 1915 78 16 carne
2341 1910 29 22 in
2389 1912 89 25 questa

2007 1941 70 21 città.
2087 1942 13 20 I
2107 1942 83 21 nostri
2198 1942 94 22 soldati
2301 1943 47 22 elle
2357 1950 53 15 non
2417 1950 62 15 sono

2007 1973 98 27 sisobrj
2115 1980 71 16 corne
2195 1975 39 25 gli
2243 1975 116 28 ïtaliani,
2368 1976 112 23 soffrono

2006 2007 78 22 molto
2095 2013 47 20 per
2155 2008 38 21 tal
2210 2009 121 22 carestia.
2352 2010 51 21 Noi
2419 2011 61 21 altri

2006 2040 105 22 uffiziali
2121 2041 118 22 abbiamo
2250 2042 26 22 la
2287 2043 87 21 tavola
2391 2045 89 23 aperta

2007 2074 42 21 del
2060 2073 27 21 Si
2088 2079 26 20 g.
2126 2074 133 23 Marchese
2271 2076 77 27 Mari,
2360 2077 119 21 commis-

2007 2108 70 21 sario
2089 2107 67 22 délia
2176 2109 144 26 Ripublica,
2341 2117 13 15 e
2374 2110 105 26 signore

2007 2141 75 22 civile
2093 2142 76 25 assai,
2184 2149 13 15 e
2209 2148 126 21 generoso
2359 2144 13 21 I
2385 2143 96 27 diporti

2007 2180 47 16 son
2065 2175 45 26 qui
2120 2176 78 22 molto
2206 2177 63 26 rari,
2278 2183 53 16 non
2344 2178 136 21 essendovi

2007 2208 32 21 nè
2058 2208 66 22 feste
2143 2209 32 22 nè
2200 2210 73 22 balii.
2298 2211 100 23 Quanto
2427 2211 53 25 agli

2006 2243 229 25 amoreggiamenti
2244 2250 53 15 non
2308 2249 93 16 occore
2420 2251 59 19 pen-

2007 2275 70 21 sarvi
2086 2281 7 16 :
2106 2281 51 16 non
2167 2276 28 21 vi
2203 2277 13 20 è
2224 2283 102 16 accesso
2336 2277 51 22 ail©
2398 2278 80 26 damé,

2006 2309 46 21 che
2063 2315 119 20 vengono
2191 2311 125 24 guardate
2324 2317 51 15 con
2383 2317 96 16 somma

2007 2342 104 25 gelosia.
2127 2342 31 23 Se
2169 2343 14 21 è
2194 2349 61 16 vero
2266 2344 46 21 che
2325 2344 95 22 ITtalia
2439 2345 40 21 sia

2006 2375 120 26 iltempio
2142 2376 67 23 délia
2222 2377 105 28 gelosia,
2348 2378 26 21 la
2391 2379 88 21 Bastia

2006 2415 40 15 me
2056 2415 32 16 ne
2097 2416 63 19 pare
2168 2410 21 22 il
2198 2411 143 22 santuario.
2358 2412 56 21 Due
2429 2411 50 22 Ca-

2006 2443 92 21 vaiieri
2110 2443 42 22 dei
2162 2444 82 21 nostri
2255 2444 104 22 l’hanno
2370 2447 109 24 provato

2006 2475 213 24 funestamente...

2027 2520 76 19 Lettera
2110 2522 20 17 di
2139 2527 26 13 un
2173 2522 88 19 uffieiale
2269 2523 88 18 francese
2365 2523 20 18 di
2393 2524 87 17 l’armata

2006 2546 20 17 di
2034 2546 98 19 Boissieux
2138 2547 60 23 (1738)
2204 2552 11 13 a
2224 2553 26 12 un
2259 2549 27 17 so’
2292 2549 64 18 arnica
2363 2549 115 18 diLivornu.

2006 2633 97 22 Aiacciu
2113 2645 28 5 —
2153 2634 16 22 S
2171 2637 22 19 ta
2195 2641 21 15 ni
2221 2636 64 27 paria
2299 2635 23 22 di
2338 2637 22 20 A
2372 2636 103 27 Muvra,

2007 2674 14 14 u
2033 2666 240 25 Direllore-Gerenle:
2282 2668 72 23 Petru
2365 2669 112 23 ROCCA.

14 2784 19 21 le
43 2786 76 29 côrso,
131 2794 14 15 e
158 2794 44 21 per
210 2789 22 21 la
242 2787 162 28 presunzione
414 2785 64 22 fran-

15 2822 46 19 cese
68 2827 47 16 non
125 2828 41 16 era
179 2827 72 22 poco.

37 2852 19 22 Il
65 2856 156 21 comandante
234 2855 80 22 Ludre
336 2853 93 22 radunò
446 2854 31 21 da

15 2889 51 24 capo
78 2889 17 21 il
109 2889 124 28 consiglio
246 2889 25 21 di
283 2893 88 24 guerra
381 2894 7 19 ;
407 2893 69 16 vera-

15 2922 71 21 niente
97 2928 49 16 non
158 2923 157 22 s’intendeva
326 2927 12 16 a
351 2921 46 24 che
408 2923 50 19 tare
468 2926 6 15 :

14 2956 33 18 Ria
54 2960 12 15 e
78 2957 62 21 nelle
151 2957 109 22 malattie
285 2961 49 17 non
349 2955 20 22 si
388 2955 87 22 manda

15 2986 32 24 pei
67 2991 87 21 medici
178 2991 31 21 ed
229 2995 62 17 anco
321 2988 43 29 più
386 2988 88 22 famosi

15 3022 84 22 quando
107 3023 122 23 l’infermo
237 3023 149 28 boccheggia
395 3023 28 20 in
433 3028 43 15 ar-

14 3051 70 26 hculo
95 3059 92 21 mortis
199 3057 11 22 ?
231 3057 96 22 L’ùomo
347 3056 14 21 è
372 3055 102 22 schiavo

14 3084 72 29 legato
97 3091 45 22 alla
160 3093 85 20 catena
256 3091 41 21 dei
319 3089 111 22 costumi.
443 3089 31 21 La

13 3119 80 24 afilizia
102 3123 109 23 francese
221 3124 53 22 indi
282 3130 13 15 a
305 3123 74 22 breve
387 3123 88 21 conob-

13 3149 26 23 be
49 3153 6 21 i
67 3157 58 24 patti
137 3158 63 22 délia
222 3164 62 20 resa,
298 3163 13 15 e
333 3157 23 21 le
368 3161 105 22 parvero

14 3187 63 23 °stici
86 3196 5 15 :
110 3192 89 26 perché
218 3193 22 20 la
265 3196 57 17 cosa
345 3190 46 22 che
402 3189 72 22 abbia

13 3218 58 24 virtù.
82 3224 24 21 di
118 3228 128 24 perçotere
255 3225 44 28 più
305 3225 64 22 forte
377 3225 24 21 le
407 3230 68 16 men-

13 3250 15 21 b
41 3253 36 23 dei
88 3255 115 26 Francesi
216 3260 36 21 sia
275 3260 23 21 la
311 3258 163 25 umiliazione,

13 3287 12 16 e
35 3288 126 26 volentieri
170 3294 25 21 lo
207 3292 123 25 confesso,
338 3292 79 26 quella
429 3291 46 21 che

14 3320 131 27 s°Pportinô
152 3332 81 21 meno,
244 3332 13 15 e
268 3324 153 23 vendichino
433 3324 42 27 più

14 3353 72 24 Presto
96 3363 6 19 ;
114 3364 39 16 ma
168 3360 22 21 la
202 3358 121 23 nécessité
342 3358 35 28 gli
401 3358 75 21 strin-

15 3385 52 22 geva
77 3394 44 17 con
132 3393 106 27 tanaglie
250 3393 25 21 di
289 3392 73 21 ferro.

39 3416 20 22 Si
69 3422 102 25 trovava
195 3427 76 20 allora
284 3431 44 21 per
350 3430 56 17 caso
418 3427 36 19 tra
467 3425 7 20 i

25 3454 89 30 jancesi
125 3459 22 20 al
160 3459 82 27 Borgo
250 3465 33 15 un
297 3458 84 22 Mattéi
393 3458 24 21 di
430 3457 46 22 Lo-

24 3484 12 15 a
44 3483 107 30 traditore
164 3498 13 15 e
189 3492 62 27 spia,
265 3492 19 22 il
304 3492 71 27 quale
393 3492 20 21 si
434 3497 41 15 era

17 3514 100 48 ^dotto
131 3526 23 20 al
177 3525 81 27 Borgo
277 3531 45 21 per
342 3524 132 22 rivendere

32 3549 69 26 ahiina
123 3563 43 16 sua
185 3564 14 15 a
221 3559 97 21 minuto
340 3558 134 22 indicando

36 3584 57 27 tade,
101 3592 137 26 scoprendo
250 3592 147 27 imposcate,
408 3597 67 15 com-

15 3614 110 29 mettendo
131 3629 59 16 anco
199 3625 24 21 di
236 3625 92 27 peggio
339 3631 27 15 se
377 3625 25 21 di
414 3630 61 22 peg-

13 3646 13 21 £
26 3649 22 17 10
58 3654 109 24 avessero
179 3660 75 19 avuto
263 3659 7 20 i
281 3658 114 21 Francesi
407 3658 67 21 biso-

13 3679 48 26 £D-°>
73 3686 29 21 ed
113 3691 48 25 egli
172 3691 109 27 protesté
293 3691 26 22 di
330 3691 71 21 farlo.
419 3692 55 21 Av-

504 2786 92 22 vertito
607 2786 38 21 dei
658 2786 60 27 patti
742 2785 61 22 délia
827 2790 54 16 resa
904 2790 27 15 se
943 2784 34 28 gli

504 2819 63 22 senti
589 2821 135 26 appuntare
747 2819 23 21 al
782 2824 75 16 cuore
869 2823 70 16 corne
954 2817 23 21 la

504 2853 63 22 cima
580 2853 69 21 d’una
665 2853 75 27 spada
749 2858 5 20 ;
779 2851 60 28 perô
852 2857 50 16 non
914 2851 63 22 mise

504 2889 83 24 tempo
608 2886 35 21 fra
667 2891 79 16 mezzo
769 2885 24 22 di
818 2885 117 22 condursi
953 2884 23 21 ai

503 2920 119 28 quarlieri
635 2920 39 21 del
685 2919 78 23 Ludre
774 2925 46 22 per
836 2918 141 22 dimostrar-

503 2954 34 27 gli
551 2954 18 21 il
580 2953 93 25 debifo,
687 2953 52 21 anzi
751 2953 22 20 ia
785 2951 95 22 nessità
892 2951 25 21 di
929 2952 49 21 sal-

502 2988 69 21 varlo
593 2987 29 21 ad
634 2986 58 28 ogni
707 2988 68 19 costo
785 2991 5 16 :
803 2985 114 28 respin'to
937 2985 39 21 dal

502 3021 117 28 piantone
639 3018 159 26 schiamazzò,
821 3018 76 28 pregò
908 3024 13 15 e
933 3023 44 21 per

503 3055 85 21 ultimo
600 3052 121 23 minacciò
732 3059 6 14 :
762 3058 14 15 e
788 3052 90 21 furono
891 3052 85 27 parole

502 3088 116 27 perdute;
631 3086 119 22 convinto
761 3085 142 22 finaimente
912 3084 62 22 ch’ei

502 3122 88 21 diceva
600 3121 23 21 le
635 3125 42 16 sua
689 3119 97 28 ragioni
799 3119 49 27 agli
860 3118 83 25 sbirri,
954 3118 21 21 si

501 3160 104 23 apprese
626 3159 12 16 a
659 3158 83 17 nuovo
754 3152 91 28 partito
857 3152 72 27 quale
951 3151 24 22 fu

502 3190 87 27 questo
598 3194 6 15 :
612 3187 45 22 sali
667 3187 37 21 sul
713 3188 61 20 tetto
783 3186 65 21 délia
857 3185 118 28 prossima

502 3228 62 20 casa,
574 3221 105 27 equindi
689 3219 208 28 arrampicandosi
906 3218 69 28 giun-

503 3262 25 15 se
540 3261 13 16 a
562 3254 127 28 quellodel
699 3253 126 27 quartiere
834 3252 40 21 del
881 3251 77 22 Ludre
968 3257 6 16 :

503 3289 40 27 qui
556 3286 114 24 rovesciô
681 3287 24 20 la
724 3287 105 25 lavagna
841 3286 93 20 murata
946 3285 30 20 ad

502 3322 91 28 angolo
603 3326 28 16 su
650 3320 24 21 la
686 3324 76 22 cappa
785 3318 44 21 del.
844 3318 105 25 camino,
961 3323 15 16 e

503 3355 156 23 bravamente
671 3353 20 21 si
702 3351 131 28 cacciôgiù
846 3357 43 21 per
900 3351 22 21 la
933 3356 44 22 go-

502 3391 23 21 la
533 3388 156 28 fulig'ginosa.
699 3385 97 22 Mentre
804 3385 17 21 il
830 3384 146 22 comandan-

501 3426 25 19 te
531 3419 201 31 approfittandosi
742 3418 38 22 del
789 3420 85 25 tempo
882 3417 94 22 brevis-

503 3457 62 22 simo
587 3457 68 19 stava
678 3458 45 21 per
745 3452 104 21 mettere
860 3450 74 22 fuoco
945 3450 30 21 ad

502 3496 33 16 un
547 3488 76 23 fascio
636 3487 24 21 di
673 3487 66 20 carte
748 3486 95 26 portate
855 3484 37 21 sul
901 3483 75 22 cami-

501 3529 42 19 no,
554 3526 57 18 ecco
625 3526 45 16 con
682 3519 76 21 molta
768 3523 75 21 paura
866 3517 109 20 rotolare

501 3556 44 28 giù
556 3561 47 15 una
612 3553 77 28 figura
710 3553 147 22 mostruosa,
867 3549 44 22 che
922 3553 52 17 non

502 3586 164 25 avrebbecosi
675 3585 24 22 di
709 3583 103 28 leggieri
821 3581 154 23 riconosciu-

501 3626 32 22 ta,
545 3628 26 15 se
584 3626 49 16 non
643 3619 21 22 si
677 3618 66 22 fosse
751 3617 57 21 dato
821 3616 116 27 pensiero
948 3613 26 21 di

501 3655 97 29 gridare
609 3653 81 22 subito
702 3658 6 15 :

529 3699 28 6 —
564 3687 55 22 Non
632 3686 109 21 dubitate
752 3683 24 22 di
789 3683 74 24 nulla,
886 3681 89 27 signor

1004 2783 151 26 comandate,
1168 2787 63 17 sono
1241 2783 18 21 il
1269 2784 87 20 vostro
1364 2781 114 23 confédé-

1003 2819 53 20 ral
1079 2816 88 22 Mattéi
1175 2823 6 14 :
1202 2816 33 21 ho
1248 2816 92 22 sentito
1353 2821 57 16 cosa
1431 2816 45 20 alla

1003 2851 71 26 quale
1086 2850 34 21 mi
1133 2850 81 21 riesce
1225 2850 158 27 impossibile
1395 2849 80 21 crede-

1002 2889 35 20 re,
1050 2883 87 28 voglio
1149 2883 53 22 dire
1214 2882 46 22 che
1279 2883 57 27 quel
1350 2882 124 22 tradidore

1003 2917 41 22 del
1053 2917 68 22 Paoli
1134 2917 129 21 nonvuole
1271 2917 112 21 ricevere
1391 2921 13 15 a
1416 2915 56 27 patti

1003 2951 47 22 che
1062 2951 6 21 i
1081 2950 115 21 Francesi
1205 2950 109 22 soltanto
1324 2956 6 15 :
1347 2949 25 22 in
1384 2950 89 26 quanto

1002 2990 14 15 a
1027 2984 43 25 lui,
1085 2985 96 20 cotesto
1193 2983 89 21 ribelle
1297 2984 24 20 di
1333 2982 23 22 S.
1371 2982 34 21 M.
1416 2981 57 22 cris-

1002 3017 146 25 tianissima,
1160 3017 25 21 lo
1209 3022 107 16 conosco
1339 3021 87 21 capace
1448 3015 24 21 di

1003 3052 88 25 questo
1111 3055 14 16 e
1138 3050 24 21 di
1175 3050 70 25 altro,
1269 3055 40 16 ma
1329 3049 42 22 voi
1392 3053 79 22 spero,

1002 3084 86 27 signor
1098 3083 169 26 comandante,
1274 3083 45 22 che
1329 3083 61 21 siete
1401 3087 73 21 quan-

1002 3119 25 20 ta
1037 3116 72 22 lealtà
1122 3123 14 15 e
1145 3118 90 25 quanto
1243 3121 78 17 onore
1332 3115 93 22 vivono
1433 3115 39 21 nel

1001 3151 102 25 mondo,
1112 3150 146 28 rigetterete
1267 3149 26 22 di
1306 3150 67 21 certo
1384 3148 18 21 il
1411 3148 62 21 vitu-

1001 3184 71 26 perio
1087 3183 24 22 di
1124 3183 78 22 simili
1215 3181 149 23 condizioni.

1029 3229 29 5 —
1064 3216 52 22 Non
1130 3217 46 21 ista
1189 3216 26 21 in
1228 3215 50 22 mio
1298 3217 86 26 potere
1396 3213 74 23 farlo:

1002 3251 66 26 dopo
1087 3251 23 20 la
1133 3249 95 22 ritirata
1252 3249 41 21 del
1303 3247 125 23 marchese
1447 3247 22 21 di

1002 3283 196 22 Chauvelinnon
1208 3282 33 21 mi
1252 3287 87 16 avanza
1347 3281 83 20 scella.

1028 3327 30 4 —
1063 3315 48 22 Voi
1124 3315 26 21 vi
1163 3315 172 22 disonorate...

1029 3360 30 4 —
1064 3348 127 28 IoPgridô
1201 3348 18 21 il
1230 3346 171 25 comandante,
1414 3352 12 15 e
1438 3346 31 27 gli

1002 3382 21 21 si
1034 3382 83 27 spinse
1138 3384 84 19 contra
1242 3386 48 16 con
1301 3384 72 17 mano
1391 3381 80 26 aperta

1002 3421 45 21 per
1057 3415 78 27 dargli
1147 3421 49 15 uno
1217 3413 102 23 schiaffo
1327 3419 5 19 ;
1344 3413 42 26 poi
1400 3413 19 21 si
1439 3414 32 20 ri-

1001 3450 74 19 tenne
1094 3448 176 27 aggiungendo
1283 3451 46 16 con
1348 3445 122 22 ineffabile

1002 3481 125 26 disprezzo
1138 3487 6 14 :
1155 3481 43 21 voi
1208 3486 51 16 non
1269 3479 114 22 meritate
1391 3479 31 21 nè
1430 3485 41 15 an-

1002 3520 30 16 co
1040 3518 49 17 uno
1101 3513 116 26 schiaffo;
1230 3513 45 21 che
1288 3511 124 22 debitoha
1424 3517 45 16 con

1001 3547 43 21 voi
1063 3545 24 22 S.
1101 3545 35 22 M.
1149 3547 13 20 ?
1174 3545 48 22 Voi
1236 3546 26 21 vi
1283 3544 61 21 siete
1355 3545 114 24 venduto,

1001 3580 50 27 egli
1060 3579 26 21 vi
1094 3579 31 21 ha
1137 3580 135 26 comprato,
1283 3583 14 15 e
1305 3582 13 14 a
1326 3582 84 21 parère
1420 3578 50 21 mio

1000 3612 43 28 più
1054 3616 56 17 caro
1119 3611 27 21 di
1157 3612 83 26 quello
1254 3610 46 22 che
1310 3611 145 21 meritavate
1461 3617 8 20 ;

999 3647 23 20 la
1033 3645 15 22 è
1057 3645 89 27 partita
1158 3644 99 21 saldata.
1266 3642 95 22 Uscite.

1027 3678 22 21 Il
1060 3678 85 21 Mattéi
1154 3678 91 21 voleva
1257 3677 116 26 ripetere,
1386 3682 14 15 e
1409 3677 61 21 dalle

1503 2782 84 21 labbra
1600 2781 116 22 frementi
1728 2787 14 15 e
1761 2781 66 27 dagli
1840 2780 70 22 occhi
1931 2780 46 21 che

1503 2815 159 22 schizzavano
1672 2815 90 21 veleno
1772 2814 21 21 si
1805 2816 91 24 poteva
1905 2818 73 23 argo-

1501 2850 112 19 mentare
1620 2848 25 21 di
1652 2847 46 22 che
1707 2853 63 15 razza
1780 2847 93 27 parole,
1879 2852 39 16 ma
1928 2847 48 20 due

1501 2881 134 27 granatieri
1647 2882 25 20 lo
1683 2880 176 25 acciuffarono,
1873 2885 13 16 e
1894 2880 35 21 lui
1938 2885 39 16 ré-

1500 2916 126 26 pugnante
1638 2920 13 15 e
1662 2913 121 22 sbuffante
1792 2913 24 21 di
1830 2919 31 15 un
1873 2914 102 21 solenne

1500 2947 118 28 spintone
1626 2947 146 22 cacciarono
1780 2953 14 15 a
1801 2947 176 27 capitombola-

1500 2986 27 16 re
1538 2980 43 28 giù
1593 2981 63 21 delle
1669 2980 121 22 scalefmo
1802 2986 13 15 a
1824 2986 79 15 mezza
1915 2982 61 19 stra-

1500 3014 70 21 da—
1578 3013 105 22 Cotesto
1704 3014 75 21 modo
1793 3013 24 22 di
1830 3014 112 27 palesare
1952 3013 23 21 la

1500 3047 102 28 propria
1618 3047 143 21 intenzione
1783 3052 77 22 parve
1871 3052 60 16 anco
1952 3046 23 21 al

1500 3080 86 22 Mattéi
1594 3081 49 20 taie
1654 3080 30 21 da
1696 3080 153 21 dissuaderlo
1860 3086 13 15 a
1882 3081 93 20 tentare

1500 3113 30 22 da
1538 3118 61 22 capo
1609 3113 38 21 col
1656 3112 79 22 Ludre
1746 3119 6 20 ;
1765 3113 20 21 si
1798 3113 81 27 provò
1894 3119 14 14 a
1919 3118 55 21 pro-

1499 3147 117 21 cacciarsi
1627 3146 104 28 miglior
1738 3148 102 19 ventura
1847 3146 37 21 co’
1895 3146 78 21 solda-

1499 3180 34 25 ti;
1545 3185 79 16 aveva
1637 3179 109 22 dimessa
1765 3179 59 28 ogni
1837 3180 136 26 petulanza,

1499 3213 64 21 dalla
1573 3213 126 26 procaccia
1706 3216 161 23 trapassanno
1874 3213 46 21 alla
1931 3212 43 28 più

1498 3246 91 21 abietta
1608 3245 93 26 umiltà,
1715 3246 143 26 supplicava
1878 3247 26 20 lo
1914 3246 60 21 rice-

1499 3284 103 16 vessero
1614 3279 65 20 nelle
1690 3279 56 20 loro
1762 3278 49 25 fila,
1833 3281 141 24 sopportas-

1499 3316 56 17 sero
1567 3310 104 28 fmgerlo
1694 3313 120 19 camerata
1825 3317 6 19 ;
1853 3312 24 20 la
1899 3311 74 22 carità

1499 3349 48 16 non
1560 3343 22 22 fa
1606 3343 118 26 macchia,
1738 3349 15 16 o
1764 3343 69 26 fatta,
1857 3345 47 20 ella
1914 3345 60 21 stin-

1497 3379 77 27 lgerla
1585 3383 46 17 con
1644 3378 22 21 le
1679 3378 103 27 proprie
1793 3378 65 21 mani
1876 3378 95 26 subito;

1498 3411 47 21 deh
1556 3411 5 21 !
1574 3416 50 16 non
1637 3411 164 26 impedissero
1815 3411 44 21 che
1881 3412 92 21 vestita

1497 3446 85 21 iassisa
1591 3444 146 25 soldatesca,
1748 3444 20 21 si
1777 3445 149 21 mescolasse
1938 3445 35 21 fra

1499 3479 8 21 i
1520 3478 143 28 granatieri.

1526 3512 31 21 La
1568 3511 43 27 più
1622 3513 69 25 parte
1703 3511 24 20 di
1738 3511 88 21 cotesti
1845 3511 75 21 militi
1937 3517 36 15 re-

1498 3549 114 23 pugnava
1622 3549 50 16 non
1686 3544 208 26 comprendendo,
1916 3549 14 16 o
1942 3544 31 21 ri-

1497 3577 109 22 cusando
1617 3577 94 26 capire,
1720 3576 45 21 che
1776 3582 28 15 se
1816 3577 157 21 iltradimen-

1497 3613 27 19 to
1535 3609 74 24 frutta
1618 3609 109 26 infamia,
1746 3608 64 22 metà
1832 3609 142 27 appartiene

1498 3649 14 15 a
1523 3643 39 21 cui
1573 3644 26 20 lo
1611 3644 132 20 commette
1755 3648 13 15 e
1780 3641 66 22 metà
1857 3648 17 15 a
1888 3642 39 21 cui
1947 3644 26 19 sê

1497 3682 33 15 ne
1540 3675 146 28 approfitta-;
1700 3681 38 15 ma
1750 3681 33 15 un
1796 3677 116 25 sargente
1928 3675 46 21 che

2003 2778 73 29 giàfu
2089 2780 98 21 usciere
2198 2781 25 20 di
2236 2780 164 28 Parlamento,
2414 2789 12 15 e
2447 2783 31 22 ri-

2003 2811 110 29 segnòlo
2122 2813 83 22 uffîcio
2212 2813 163 27 affermando,
2388 2816 44 21 che
2444 2817 36 27 gli

2003 2846 82 26 pativa
2097 2852 72 16 meno
2181 2846 99 23 l’anima
2289 2848 25 21 di
2327 2849 152 22 vedeream-

2003 2885 105 15 mazzaie
2119 2881 23 20 la
2153 2882 74 25 gente
2250 2882 63 21 colla
2334 2883 76 26 spada
2432 2884 46 21 che

2002 2917 47 18 con
2059 2913 24 21 la
2094 2919 89 21 penna,
2195 2914 91 21 chiesta
2299 2916 31 20 ed
2343 2918 111 21 ottenuta
2465 2924 14 14 a

2002 2947 94 25 parlare
2102 2947 93 21 licenza
2201 2947 106 22 osservô
2316 2954 70 16 corne
2394 2950 18 21 il
2420 2956 59 20 pun-

2002 2980 25 20 to
2037 2979 88 22 adesso
2138 2982 68 19 stava
2219 2981 40 21 nel
2268 2981 123 23 ricattarsi
2400 2989 5 19 ;
2419 2983 60 27 perô

2002 3012 43 27 più
2051 3012 46 21 che
2103 3013 48 21 mai
2158 3013 162 28 abbisognare
2328 3015 50 22 essi
2386 3016 25 21 di
2418 3022 60 21 gen-

2002 3047 25 19 te
2038 3046 90 21 devota
2140 3046 45 21 che
2197 3053 44 20 per
2248 3053 33 16 un
2291 3054 32 21 po
2342 3049 26 20 di
2387 3049 89 22 danaro

2002 3080 117 20 mettesse
2125 3085 13 15 a
2149 3081 155 27 repentaglio
2310 3087 46 21 per
2362 3083 56 21 loro
2426 3083 53 21 ani-

2002 3117 39 16 ma
2052 3118 13 15 e
2073 3118 76 22 corpo
2160 3119 5 15 :
2176 3114 203 22 considerassero
2387 3116 44 21 che
2440 3117 37 20 in-

2002 3146 153 21 cominciava
2167 3147 75 21 allora
2252 3148 24 20 la
2287 3153 90 21 guerra
2388 3155 6 15 :
2416 3155 61 16 anco

2002 3179 22 20 le
2036 3179 56 26 spie
2103 3179 179 28 comporre.fra
2295 3181 55 22 loro
2374 3181 105 23 un’arci-

2002 3211 183 27 confraternita,
2196 3219 13 15 e
2218 3213 24 21 di
2251 3213 46 22 che
2303 3214 63 21 tinta
2378 3215 5 20 !
2392 3219 86 24 quesfo

2002 3245 151 27 rispettabile
2160 3251 76 22 corpo
2248 3247 22 20 si
2277 3248 117 21 terrebbe
2401 3248 76 23 offeso

2002 3278 64 21 dello
2085 3279 148 21 abbandono
2252 3279 23 21 di
2293 3285 52 16 uno
2368 3281 40 21 dei
2423 3283 54 20 suoi

2002 3311 102 21 membri
2114 3317 6 15 :
2133 3316 50 17 non
2195 3317 45 21 per
2246 3313 35 20 lui
2292 3315 78 25 certo,
2383 3320 39 16 ma
2433 3321 45 21 per

2002 3344 101 27 proprio
2114 3345 121 21 interesse
2245 3347 162 26 persuaderlo
2420 3354 12 15 a
2443 3350 35 20 te-

2002 3377 68 21 nerlo
2082 3378 63 21 bene
2157 3378 120 26 edificato,
2297 3385 50 16 non
2369 3381 108 22 rifiutan-

2002 3409 178 28 doglil’ultimo
2189 3412 92 27 rifugio
2291 3414 39 19 nel
2342 3415 136 25 qtialecon-

2002 3442 78 21 fidava
2091 3443 24 21 la
2126 3449 43 16 sua
2182 3445 87 21 salute.
2291 3445 124 23 Cicerone
2427 3454 49 16 non

2002 3477 87 25 poteva
2102 3481 69 17 orare
2185 3477 23 21 di
2217 3479 97 25 -meglio
2325 3479 32 21 nè
2378 3486 100 20 persua-

2002 3509 56 21 dere
2069 3509 43 27 più
2123 3513 88 24 arguto
2224 3517 5 14 :
2249 3511 161 29 lasciarongii
2423 3520 54 20 per-

2002 3544 164 20 tantovestire
2186 3544 22 21 la
2231 3544 110 22 militare
2363 3547 78 21 assisa
2462 3554 14 15 e

2002 3575 157 22 confondersi
2168 3576 36 21 fra
2211 3578 65 20 loro.

2172 3642 161 30 (Cuntinua)
