2589 3825
143 441 69 31 Elli

49 523 38 21 Elli,
96 521 47 17 sonu
151 515 15 17 li
174 514 95 20 Francesi,

50 550 13 19 g
69 540 131 26 licunuscimu
206 538 53 18 tutti.

50 575 48 19 Hanu
106 566 65 24 spertu
179 564 20 18 in
207 563 26 18 sti
241 562 53 23 paesi

50 597 53 21 Xante
111 592 85 24 pictenze
204 593 11 13 e
220 587 64 22 frutti,

51 622 30 20 Chi
90 620 14 18 li
112 615 53 21 Corsi
173 614 21 18 in
202 613 73 23 àlegria

51 649 26 19 Un
83 647 48 21 ponu
139 640 35 19 che
182 638 42 19 falli
232 638 62 18 eviva.

51 711 27 20 Ma
85 704 92 25 fighiemu
185 701 26 19 sti
220 700 82 23 travagli

51 734 53 22 Pc’le
111 729 68 19 costee
187 726 29 23 pe’
224 726 15 18 li
246 725 60 23 piani,

52 758 50 25 Eppo’
109 755 52 18 <limu
169 756 56 14 senza
233 751 61 22 sbagli
301 755 5 13 :

53 786 22 19 Sò
81 779 55 25 degni
143 778 24 18 da
174 777 16 18 li
198 775 86 22 Romani,

52 807 49 23 Xanti
109 803 57 20 sforzi
174 806 11 14 e
194 802 52 17 tante
255 800 58 23 spesi,

53 828 104 27 perarrichi
165 828 15 18 li
188 826 53 23 paesi
248 826 4 18 !

54 900 7 18 1
68 891 80 25 stradoni
154 890 21 19 sô
183 888 104 24 impetrati,

49 922 30 22 isci
85 922 52 16 cume
145 916 20 18 in
173 915 50 23 pian’
231 914 21 18 di
265 918 65 16 manu,

42 937 6 7 J
55 949 13 19 E
74 947 21 18 da
101 942 57 20 l’auto
168 939 83 20 trifulali

55 974 24 18 Cu
86 971 17 18 la
110 967 51 24 jente
170 970 11 13 e
188 969 24 14 eu
220 965 22 18 lu
249 968 69 19 granu.

54 991 133 26 Besterebbinu
195 989 76 23 slupiti,

55 1020 47 22 S’elli
109 1018 86 19 voltanu,
205 1014 94 19 l’antichi.

54 1085 49 19 Simu
110 1079 47 20 tutti
163 1077 100 20 atturniati

54 1112 24 17 Da
84 1105 97 21 macchine
189 1108 11 13 e
207 1104 25 16 da
239 1102 73 19 mutori

54 1132 64 22 Xrenni
126 1128 98 21 elettrichi
233 1127 81 23 pressati

54 1161 24 18 Da
85 1156 102 22 muntagna
195 1159 11 13 a
222 1152 110 23 campulori,

54 1186 13 18 E
74 1183 16 19 si
97 1184 78 17 toccanu
181 1179 64 18 l'usine

53 1210 46 19 Indu
105 1208 19 17 le
132 1206 65 19 nostre
204 1204 85 22 vagline.

53 1274 21 17 lu
81 1271 51 19 tuttu
139 1269 22 18 la
169 1267 87 19 litturale

52 1297 30 19 C’è
88 1298 91 17 sussurru
186 1290 59 21 nôtt'e
252 1291 82 23 ghiornu

53 1324 25 18 Da
84 1327 13 13 u
102 1320 94 19 mudernu
204 1317 99 18 materiale

53 1349 26 18 Cu
86 1345 76 23 l’opérai
171 1343 107 19 al’intornu
284 1347 9 13 :•

53 1370 13 23 Ê
73 1378 25 13 un
105 1369 115 23 scumpigliu
226 1368 22 18 di
254 1367 80 23 ballelli,

52 1400 50 18 Ancu
111 1396 32 23 più
151 1394 93 23 zeppiebe
252 1392 61 19 stelli.

52 1462 28 18 Un
87 1458 86 24 s’aspetti
181 1458 80 18 un’altra
268 1457 34 18 vol
305 1458 19 17 ta
329 1455 5 18 !

53 1487 86 18 Biutemu
146 1484 15 18 li
169 1482 111 24 magazzini,

53 1510 69 20 Perché
129 1510 20 18 la
157 1513 51 14 nova
215 1508 82 18 raccolta

52 1537 50 19 Colla
109 1535 49 19 sin’a
164 1533 102 19 l’antellini
274 1538 5 12 :

52 1562 52 21 Solli,
115 1561 53 20 roba,
178 1560 60 18 fondu
247 1563 10 14 e
265 1558 69 20 fruttu,

53 1587 46 23 Ogni
107 1586 63 23 spezia
178 1584 89 19 eassaidi
277 1584 58 17 tuttu.

52 1649 66 20 Facchi
126 1648 80 23 pensate
212 1652 5 13 :
226 1646 37 18 Chi
271 1646 44 18 bole

52 1675 26 19 Cu
87 1676 29 17 ste
123 1678 84 14 canzone
214 1672 106 23 buggiarde
327 1669 9 19 ?

52 1701 44 18 Dice
104 1700 20 18 in
133 1704 50 14 veru
191 1703 11 14 o
210 1699 56 17 eonta
273 1696 53 18 foie?

53 1726 71 18 Perché
131 1730 41 13 nun
177 1724 28 19 c’è
210 1726 94 20 paragone

53 1752 26 18 Da
86 1751 30 18 ciò
120 1751 50 17 ch’io
175 1748 162 24 v'aghiucuntatu

53 1777 17 18 A
77 1777 20 17 lu
106 1777 68 17 nostru
183 1779 48 14 veru
240 1774 58 18 statu.

54 1839 24 19 Sò
86 1839 106 20 d’accordu,
202 1842 45 13 caru
253 1836 62 18 amicu
321 1841 5 16 ;

53 1865 14 18 E
75 1865 35 18 s’io
118 1864 74 22 parlù'a
199 1862 100 21 l’arîtrosa,

53 1890 65 22 Capite
126 1889 30 18 ciò
164 1888 49 19 ch’io
220 1888 22 18 vi
249 1887 52 21 dieu,

53 1914 70 18 Perché
128 1919 41 14 nun
174 1913 72 18 cambia
250 1912 89 23 qualcosa

53 1939 53 19 A-cié
114 1939 50 19 ch’io
165 1939 63 27 jiortu
236 1938 82 18 d’amore

54 1964 36 19 A'u
104 1962 80 24 pinzuTu
192 1961 114 24 prufètfore.

55 2026 103 25 Bigliacchi
167 2031 31 13 ma
205 2024 104 22 numerosi,

55 2053 21 18 Ci
82 2054 52 17 hanu
142 2056 65 14 messu
215 2056 11 13 a
233 2051 19 17 la
256 2050 85 18 cannella

55 2088 22 5 —
83 2078 75 19 Benchè
166 2081 61 14 sxamu
235 2075 67 18 ritrosi
307 2084 23 4 —

56 2104 39 18 Una
102 2104 46 18 soda
155 2102 91 19 funicella
251 2105 6 17 ;

56 2130 29 17 Ma
92 2134 28 12 un
127 2128 94 23 spertimu
234 2127 22 17 lu
263 2125 77 20 destinu

56 2155 46 17 D’un
110 2154 71 22 populu
189 2158 11 12 a
207 2153 21 17 lu
234 2151 85 19 declinu.

57 2218 15 18 E
79 2218 17 18 si
103 2217 15 18 li
126 2215 64 20 nostri
198 2214 82 19 babboni

57 2243 21 18 Si
84 2243 84 22 pudianu
176 2240 80 21 affaccà,

57 2268 15 18 E
78 2268 53 23 parlà
138 2268 20 17 di
165 2267 17 17 li
189 2264 85 24 padroni,

58 2293 61 22 Quelli
126 2293 32 18 chi
165 2292 31 18 no’
201 2295 69 14 avemu
277 2289 43 21 avà,

57 2319 101 18 Dicerianu
164 2323 6 12 :
178 2316 61 20 Unn’è
246 2315 64 19 amicu

58 2344 66 22 Quellu
128 2343 56 19 ch’ha
188 2342 64 19 tombu
256 2340 86 19 l’anticu.

136 2383 70 18 Carlu
213 2380 108 20 Tristani.

446 437 123 26 Critica

362 508 74 19 Benchè
441 514 67 13 mezzu
516 511 147 18 strambalochiu

374 533 15 17 E
397 533 18 17 di
424 538 48 17 pocu
481 535 81 21 calateu,

351 557 64 23 Aghiu
423 559 47 18 datu
478 564 28 13 un
514 560 54 22 colpu
576 560 87 18 d’occhiu

367 583 4 3 '
375 584 17 16 A
400 583 30 18 sta
438 584 57 18 moda
503 584 46 19 dinô
557 584 39 23 eili;

375 608 31 18 Mu
413 609 68 22 questa
488 610 20 17 la
516 610 77 18 malatia

376 630 14 20 È
398 633 33 22 più
439 634 58 23 longa
505 635 35 18 che
547 640 26 13 un
582 635 66 18 cridia.

375 695 95 20 Zitelletta
478 701 11 13 o
498 697 94 21 maritata,

375 721 78 18 Veduva
461 726 12 13 o
481 722 69 22 capelli
557 722 79 23 grisgia,

376 745 47 23 Ogni
429 746 60 18 faccia
495 746 11 18 è
514 747 118 18 incinnerata

376 770 60 19 Guasi
443 775 55 14 cume
503 771 19 18 la
530 772 39 17 miò
577 772 75 23 misgia,

377 795 33 18 Ciô
417 796 32 17 chi
457 796 43 18 face
508 797 33 17 chi
549 802 12 12 u
570 802 57 17 paese

377 820 110 23 Prugress’a
494 822 52 18 l’usu
551 822 92 19 francese.

378 882 83 19 Portanu
469 884 19 17 la
497 883 126 23 prisacchetta

378 907 23 18 Di
409 908 20 17 lu
438 908 33 22 più
480 910 73 21 grande
561 910 72 21 valore,

379 933 92 18 Guarnita
479 934 20 17 di
508 935 114 21 pulveretta,

357 958 22 17 Di
384 958 91 22 specchiu
483 964 11 13 e
499 959 79 23 d’acqua
584 959 83 22 d’odore;

380 983 81 22 Quant’a
469 984 85 22 biglietti
561 985 21 18 di
590 985 66 21 banca,

379 1008 138 22 Qualcusuccia
525 1010 38 18 ellu
571 1010 19 18 ci
595 1015 72 14 manca.

380 1071 32 19 Sia
419 1072 68 19 vestiti
495 1077 12 14 o
514 1073 112 22 camisgette

380 1098 59 18 Tuttu
447 1098 87 18 marchia
542 1103 11 13 a
559 1099 21 17 lu
588 1098 66 19 livellu
662 1103 5 17 ;

380 1123 9 17 I
397 1123 63 23 scarpi
470 1128 25 14 cu
501 1124 19 18 le
528 1124 80 18 calzette

382 1148 24 18 Sò
414 1149 20 17 di
442 1149 86 18 l’ultimu
537 1149 98 21 mudellu;

381 1174 30 18 Ma
418 1175 20 17 le
446 1175 51 18 teste
505 1175 33 21 più
546 1175 76 18 vizzose

382 1199 24 18 Sò
414 1199 46 18 dinô
468 1200 70 22 capelli
547 1201 48 17 tose.

382 1262 26 18 Mi
416 1262 16 18 ti
439 1262 70 18 facenu
518 1266 27 13 un
553 1262 84 21 passettu

382 1288 59 18 C’una
448 1287 103 19 trinnicata
558 1287 71 21 d’anca,

382 1313 30 18 Un
419 1313 78 22 picchiu
504 1317 24 14 cu
533 1313 21 17 lu
562 1312 99 18 tacchettu

382 1338 35 19 Chi
425 1338 96 21 scimisce,
531 1337 138 25 adillafranca;

382 1364 15 18 E
404 1369 40 14 nun
452 1364 20 18 ci
480 1364 17 18 si
506 1368 58 18 pensa
571 1363 88 22 appienu,

383 1390 14 18 O
403 1390 57 18 sinnô
466 1389 19 19 si
491 1393 51 14 vene
549 1393 64 14 menu.

383 1453 29 18 Un
420 1453 18 18 si
445 1457 52 18 ponu
505 1451 33 23 più
547 1451 51 23 parà,

383 1478 111 22 Sopratuttu
502 1482 12 13 e
520 1476 107 23 signurette
631 1480 6 17 ;

382 1504 71 22 Tempu
461 1503 72 18 vistusi
542 1501 84 22 accustà,

383 1529 84 22 Erpianu
477 1532 56 14 cume
541 1527 85 21 mulette,

383 1554 15 18 E
405 1554 78 22 capiscu
491 1558 11 13 a
510 1554 19 17 la
537 1556 76 14 manera

384 1579 127 20 Ch’ell’unn’è
517 1578 54 18 fatt’a
578 1577 84 18 hurlera.

384 1643 63 18 L’idea
455 1642 33 19 chi
497 1643 20 17 le
525 1641 93 19 cumanda

384 1669 83 22 Prépara
474 1668 20 17 la
501 1667 28 18 so’
537 1667 62 20 ruina,

384 1694 121 23 Aspettendu
513 1693 19 17 la
540 1691 94 19 dumanda

384 1719 23 19 Di
414 1718 119 24 laprossima
540 1717 77 21 statina,

384 1745 92 18 Arrivatu
483 1749 14 13 u
505 1748 33 13 san
545 1741 86 25 frusquin

387 1771 25 17 Da
421 1769 66 23 Parigi
495 1774 12 13 o
515 1770 24 16 da
547 1773 14 13 u
568 1767 81 19 Tonkin.

522 1813 128 19 Andriettu.

400 1931 35 31 U
452 1928 187 37 Ruloghiu

365 2012 65 19 Ticchi
436 2012 5 19 !
450 2011 63 19 tacchi
518 2011 6 18 !
530 2011 61 18 tacchi
596 2009 5 19 !
608 2008 64 20 ticchi!

388 2038 26 18 Da
421 2038 20 18 la
448 2041 44 14 sera
501 2041 12 13 a
520 2037 19 17 la
547 2036 72 18 matina

387 2064 54 17 L’ora
447 2062 81 23 viaghia
535 2066 11 14 e
553 2061 74 18 camina

388 2089 32 18 Pe’
428 2088 15 18 li
451 2087 68 24 povari
526 2091 11 14 e
545 2087 16 18 li
567 2086 68 19 ricchi.

366 2148 70 18 Tacchi
441 2147 5 18 !
452 2146 70 19 ticchi!
529 2145 67 19 ticchi!
604 2144 69 19 tacchi!

388 2174 27 18 Da
422 2174 20 17 la
449 2172 74 19 matina
530 2176 12 14 a
549 2172 19 18 la
576 2175 44 15 sera

389 2199 59 22 Ghjra
456 2203 12 13 e
476 2197 54 23 vogli
535 2197 20 18 la
562 2197 66 20 sfiera,

389 2224 84 18 Ch’eddu
484 2223 49 18 facci
542 2222 37 18 soli
586 2226 11 13 o
604 2220 71 23 acqui..

389 2287 54 18 L’ora
450 2284 80 23 viaghia
535 2288 12 14 e
554 2282 80 21 camina,

389 2312 59 22 Ghjra
456 2315 11 14 e
475 2309 54 23 vogli
536 2309 19 18 la
562 2307 81 19 sfiera...

390 2338 25 18 La
422 2337 80 18 videmu
509 2334 107 19 bèstasera,

390 2363 29 18 Ma
427 2361 52 23 quali
487 2365 22 14 sa
515 2358 97 19 dumatina
618 2356 10 19 ?

390 2423 28 17 Ad
427 2421 78 23 ogn’età
512 2419 111 23 siprujetta,

391 2447 29 19 Ma
426 2447 17 18 si
450 2446 54 23 parti
511 2450 11 14 e
530 2449 40 14 nun
578 2443 18 19 si
602 2442 76 24 junghj,

392 2473 37 18 Chi
436 2472 49 18 l’ora
493 2471 74 18 camina
575 2475 11 13 e
594 2469 64 23 fugbj,

392 2499 14 18 E
413 2499 22 17 lu
443 2495 215 24 tempununn’aspetta.

393 2558 53 22 Quan
448 2558 22 17 tu
477 2556 56 21 volti,
543 2560 11 13 o
567 2553 113 24 ghiuventù,

393 2582 76 23 Strappi
477 2586 65 13 morzu
549 2585 23 13 cu
580 2583 79 15 cavezza
665 2583 5 16 ;

393 2609 30 18 Ma
431 2605 156 25 quist’occasioni
594 2608 56 18 persa

394 2633 90 21 Suventi,
493 2636 29 13 un
530 2631 73 18 ritorna
610 2629 34 22 più
652 2628 5 19 !

372 2694 43 18 Nun
420 2692 60 23 perda
485 2692 72 20 tempu,
562 2694 11 14 o
577 2689 105 23 brav’omu,

396 2717 78 19 Perch’è
479 2717 37 18 ben
523 2716 50 17 corta
581 2715 19 17 la
607 2713 42 18 vita
655 2717 6 17 ;

396 2743 72 22 Sfoglia
476 2746 11 14 e
492 2740 70 19 nunn’è
569 2739 73 20 fiurita,

396 2768 43 19 Nun
447 2767 19 19 si
473 2767 22 18 sà
503 2770 34 19 per
544 2765 32 18 chi
589 2764 25 19 né
622 2767 62 15 comu.

710 444 14 17 E
730 444 110 22 tu.vecchiu
844 451 12 12 a
861 446 57 18 barba
923 447 73 22 bianca,

710 468 42 18 Nun
760 470 58 17 cuntà
826 470 30 18 ciô
864 471 31 18 chi
909 471 17 18 ti
934 472 50 17 resta
990 476 6 17 ;

710 493 58 18 Cerca
777 494 19 17 di
805 495 106 18 stattinein
918 495 57 22 fesla,

689 516 35 19 Chi
731 518 76 18 Falcina
815 519 57 18 unn’è
880 519 37 18 ma'
924 520 72 18 stanca.

690 587 3 4 .
705 585 3 5 .
712 572 95 22 Regulare.
814 572 11 18 è
831 577 15 14 ,u
854 573 14 18 ti
870 573 62 18 cchità

712 596 35 18 Chi
755 601 58 19 segna
821 597 19 18 la
847 599 66 17 nostra
924 599 51 17 sorte
981 603 5 17 ;

712 621 22 19 Ci
741 623 53 21 porta
802 627 60 14 versu
869 623 19 18 la
896 624 68 21 morte,

711 646 15 19 E
734 647 18 18 ci
759 647 40 18 voli
805 653 12 12 a
825 648 72 18 suvità.

712 703 52 19 L’ora
772 704 80 23 viaghia
860 709 10 13 e
877 704 82 21 camina,

712 728 58 22 Ghjra
779 734 12 12 e
796 730 33 17 vol
831 730 19 17 ta
857 730 18 17 la
883 729 57 18 sfiera
947 733 5 16 ;

712 753 26 17 La
747 753 77 18 videmu
832 754 24 18 bô
864 754 79 20 stasera,

712 777 30 18 Ma
750 778 51 22 quali
808 778 128 19 sà'dumatina
943 776 5 19 !

755 814 23 19 S.
787 814 23 19 di
819 813 46 20 San
872 814 104 23 Jorghiu.

693 910 79 27 BON
784 909 213 28 CUNSIGLIU

715 978 15 17 A
739 977 36 18 miò
782 978 78 23 fratellu
866 977 69 24 Jseppu
939 978 62 18 Maria

715 1017 31 19 Ma
753 1018 33 18 chi
794 1018 85 18 diamine
887 1017 65 23 pensi,

715 1043 14 18 O
738 1042 57 22 fratè,
804 1047 47 14 caru
858 1043 88 21 fratellu,

715 1068 168 18 D’unn’andàttine
886 1068 12 18 à
902 1068 21 17 lu
928 1067 74 23 Poghiu

716 1093 48 18 Indu
772 1094 20 17 lu
801 1093 28 18 to'
836 1092 133 19 scurnarellu?

716 1118 76 22 Quantu
798 1118 34 22 più
842 1119 51 18 séria
901 1118 57 18 felice
963 1122 6 17 ;

716 1144 41 21 Aiò,
766 1143 60 23 piglia
831 1144 40 18 ’ssu
875 1144 82 18 battellu
963 1142 5 19 !

718 1205 49 23 Soga
774 1210 27 14 un
811 1206 52 18 senti
869 1206 34 22 più
909 1206 20 18 la
936 1210 47 14 voce

717 1231 35 17 D’u
760 1232 69 17 nostru
835 1235 46 13 caru
889 1231 93 21 babbone,

718 1255 37 18 Chi
761 1256 25 17 da
792 1256 67 17 l’allru
872 1256 71 17 mondu
950 1256 42 17 dice
998 1259 5 13 :

718 1281 103 18 Riturnate
828 1285 12 13 a
848 1281 21 17 lu
876 1280 69 19 fucone
954 1284 5 18 ;

719 1306 58 18 Tuttu
785 1306 30 18 ciô
823 1305 87 23 ch’aghiu
918 1305 80 19 lesciatu

718 1331 22 18 Si
747 1336 24 14 ne
780 1332 24 17 và
812 1331 21 18 in
841 1330 118 23 perdizione!

719 1394 32 19 Sai
758 1394 31 19 chi
797 1395 65 22 quallà
870 1395 88 21 t’aspetta

718 1419 149 22 Quellavecchia
874 1420 99 18 caserella,

718 1445 17 18 U
742 1445 116 23 pagliaghiu,
866 1445 19 17 le
893 1445 25 17 to’
926 1449 22 14 or
950 1445 18 18 te

718 1470 46 19 Incu
773 1470 167 23 lato’vignulella.

719 1495 22 18 Si
749 1496 89 22 qualcosa
846 1495 11 18 è
864 1495 99 21 trafalatu,

718 1520 17 19 U
744 1521 89 18 metterei
840 1521 21 17 in
869 1520 38 18 bon
914 1521 59 17 statu.

719 1583 167 22 Quand’elluvene
893 1583 81 21 l’estate,

718 1609 18 18 A
740 1609 83 18 friscura
827 1609 79 22 guderei
910 1613 6 17 ;

719 1634 17 18 A
744 1635 20 17 lu
772 1635 57 17 cantu
837 1633 102 22 dil’acelli,

719 1659 42 18 Cun
768 1659 54 23 gioia
829 1659 124 22 travaglierei
960 1663 5 17 ;

720 1684 15 18 E
743 1685 116 21 l’invernu,a
866 1684 21 18 lu
893 1684 80 21 to’focu,

719 1710 66 18 Tandu
793 1710 15 18 ti
816 1709 101 23 ripuserei.

720 1772 55 19 Ferei
780 1773 52 23 pomi
840 1772 100 23 efasgioli,

719 1797 16 19 E
743 1798 19 18 di
769 1803 86 18 granone
861 1803 27 13 un
896 1798 79 18 bancale
979 1801 6 18 ;

720 1823 48 18 Duie
776 1824 56 17 centu
840 1823 101 23 jallinelle,

720 1848 63 19 Ch’un
789 1849 16 17 ti
813 1853 66 13 manca
887 1849 21 17 lu
916 1848 63 17 lucale
985 1853 6 16 ;

719 1874 23 18 Ti
750 1874 47 18 ferei
805 1879 28 13 un
841 1873 114 18 mannerinu

720 1899 76 19 Grass’e
804 1900 60 18 tondu
871 1899 30 23 pe’
908 1904 14 12 u
935 1898 73 19 Natale.

719 1956 125 28 Émpiereila
852 1962 83 18 cantina.

721 1988 23 17 Di
752 1988 51 22 casgi
813 1987 54 18 tondi
872 1991 11 14 e
889 1987 21 18 di
914 1987 48 18 vinu
969 1991 5 17 ;

719 2013 23 18 In
749 2012 107 24 granaghiu
861 2012 82 19 salberei

720 2039 65 17 Tutt’e
792 2038 51 18 mele
852 2038 19 18 di
878 2038 21 17 lu
908 2037 56 21 Pinu,

721 2064 41 18 Uva
768 2068 63 17 secca,
839 2063 44 18 noci
894 2067 11 14 e
912 2062 74 23 fighi...

720 2088 137 24 T’ajuteràSan
864 2088 90 18 Mertinu.

699 2152 145 22 Allunghendu,
854 2155 11 14 a
878 2151 46 18 funa
933 2151 76 21 stappa;

722 2177 63 23 Piglia
792 2181 39 14 una
839 2176 109 21 decisione;

722 2203 68 18 Manda
797 2208 12 12 a
817 2203 18 17 fà
844 2202 65 22 leghie
916 2201 16 18 li
945 2200 66 19 trenni

722 2229 48 17 Incu
778 2226 197 22 l’amminislrazione,

702 2252 308 24 Chi.fhasucchialuabbastanza,

723 2278 15 19 O
746 2278 55 21 fratè,
810 2278 121 18 Mariannone
938 2277 5 18 !

864 2317 124 22 Ghjlormti.

1374 133 261 52 Mémoires

1145 213 52 47 du
1220 213 45 46 R.
1283 212 43 47 P.
1350 212 47 47 de
1420 210 219 59 Singlande,
1663 209 206 47 Aumônier

1185 278 209 34 (Spedizione
1411 278 32 25 di
1461 277 181 25 Maillebois
1658 274 169 33 1738-1741)

1430 348 148 34 (Seguitu)

1052 417 19 22 Il
1078 424 38 15 me
1124 418 119 22 demanda
1249 417 65 23 enfin
1322 422 27 15 ce
1357 422 47 22 que
1408 417 24 27 je
1438 416 53 28 pré-

1022 450 100 22 tendois
1135 451 62 22 faire
1221 452 31 21 de
1263 451 66 21 cette
1340 451 112 21 somme?
1462 450 29 26 Je

1023 483 34 21 lui
1066 483 117 27 répondis
1192 484 90 27 qu’elle
1300 482 62 22 étoit
1374 485 68 20 entre
1451 488 40 16 ses

1023 515 88 26 mains,
1121 516 22 21 &
1155 522 47 21 que
1213 517 25 26 je
1254 523 31 15 ne
1297 514 141 29 prétendois
1448 521 43 21 pas

1023 552 31 15 en
1074 547 62 21 faire
1156 548 93 21 d'autre
1268 553 76 23 usage
1365 554 46 22 que
1429 548 62 20 celui

1023 578 60 29 qu’il
1092 579 113 29 jugeroit
1216 580 13 22 à
1252 586 96 22 propos:
1354 580 43 26 ;-là
1407 580 86 22 dessus

1024 613 18 21 il
1061 613 50 28 prit
1130 613 104 29 l’argent
1251 615 41 27 qui
1307 613 63 23 étoit
1389 614 59 21 dans
1469 613 23 22 la

1025 646 97 26 bourse,
1143 653 18 21 y
1180 647 47 21 mit
1242 653 30 15 en
1291 648 69 26 place
1376 647 118 27 quelques

1024 684 138 23 monnoyes
1173 679 114 27 frappées
1298 686 30 15 au
1339 679 57 22 coin
1408 679 30 21 de
1448 684 46 16 son

1024 713 80 20 oncle.
1117 711 128 29 Quelques
1253 715 83 25 pertes
1348 718 47 22 que
1405 712 24 27 je
1440 711 29 22 fis
1480 711 14 21 à

1024 746 41 20 cet
1070 744 144 29 échange,je
1222 751 31 16 ne
1261 745 40 22 l'ai
1307 745 89 28 jamais
1404 746 92 26 regret-

1025 777 47 26 tée,
1085 778 22 21 &
1119 778 61 21 dans
1200 779 24 20 le
1234 780 81 25 temps
1326 779 80 21 même
1418 783 46 22 que
1470 777 25 27 je

1024 811 23 21 la
1060 810 39 26 fis,
1111 811 54 21 loin
1175 811 31 22 de
1225 810 65 22 m’en
1310 811 120 27 plaindre,
1445 809 49 29 j’en

1025 843 39 22 fus
1075 843 170 26 très-charmé,
1258 844 23 21 la
1293 844 129 27 regardant
1432 848 64 16 com-

1025 882 39 15 me
1073 882 33 15 un
1125 876 112 22 heureüx
1249 876 104 29 présage
1364 876 31 21 de
1412 881 27 16 ce
1449 881 47 22 que

1024 909 90 27 j'avois
1126 908 13 22 à
1152 909 111 22 attendre
1275 915 64 22 pour
1349 916 40 16 ma
1402 909 48 22 vie.
1462 909 34 21 En

1026 942 57 22 effet
1102 942 109 28 m’ayant
1233 949 92 16 encore
1341 943 45 21 fait
1398 941 99 29 présent

1026 975 59 22 d’un
1108 975 49 22 fort
1177 975 61 22 beau
1254 976 75 26 stilet,
1347 976 20 21 il
1386 976 111 21 ordonna

1027 1008 74 28 qu’on
1118 1015 40 15 me
1171 1009 125 22 conduisît
1317 1009 14 21 à
1341 1009 24 22 la
1376 1008 122 28 première

1026 1042 91 28 grande
1128 1042 75 27 garde
1213 1042 43 22 des
1265 1042 114 28 François
1387 1048 6 15 :
1404 1042 59 21 mais
1474 1042 25 21 le

1027 1081 83 16 neveu
1121 1075 190 28 del’espionqui
1320 1074 113 23 avoitété
1440 1081 59 21 pen-

1028 1110 41 26 du,
1081 1110 132 27 persistoit
1232 1109 14 22 à
1266 1109 136 22 demander
1420 1113 45 22 que
1473 1108 25 26 je

1029 1143 96 22 subisse
1136 1143 24 21 le
1171 1143 81 22 même
1264 1144 53 21 sort
1339 1147 47 22 que
1398 1146 45 17 son
1454 1147 46 16 on-

1030 1177 37 21 cle
1077 1182 6 20 ;
1092 1182 42 16 sur
1142 1176 58 28 quoi
1209 1176 34 22 M.
1255 1175 113 22 Frédéric
1372 1175 35 21 lui
1414 1173 86 29 répon-

1030 1210 38 21 dit
1075 1215 63 16 avec
1146 1209 104 22 fermeté
1257 1215 5 16 :
1271 1216 13 13 »
1298 1209 35 21 M.
1343 1208 62 24 dans
1416 1214 32 16 un
1459 1213 41 16 au-

1029 1244 39 20 tre
1078 1244 83 25 temps
1174 1243 51 20 cela
1237 1242 82 21 auroit
1337 1241 34 27 pû
1386 1247 27 15 se
1430 1241 70 24 faire,

1030 1275 64 22 mais
1104 1275 175 22 actuellement
1290 1279 47 23 que
1344 1273 157 29 lèsTrançois

1031 1311 58 20 sont
1099 1309 100 22 maîtres
1211 1309 31 21 de
1253 1309 24 21 la
1286 1309 54 27 plus
1350 1308 91 28 grande
1448 1313 55 22 par-

1030 1343 36 22 tie
1083 1343 31 21 de
1125 1342 76 27 l’Isle,
1217 1347 64 17 nous
1297 1347 32 16 ne
1347 1342 25 21 le
1389 1347 114 21 pouvons

1032 1383 57 15 sans
1103 1382 62 16 nous
1178 1376 89 28 perdre
1279 1376 168 21 nous-mêmes
1457 1381 6 16 :
1480 1375 21 21 si

1032 1416 28 16 ce
1070 1410 84 22 Prêtre
1163 1408 187 29 disparoissoit,
1359 1414 34 16 on
1402 1414 102 16 neman-

1032 1444 98 27 queroit
1141 1449 43 22 pas
1194 1443 31 21 de
1235 1443 25 21 le
1272 1441 125 23 chercher.
1407 1442 64 21 Pour
1480 1442 23 21 le

1032 1480 111 22 trouver,
1156 1477 19 21 il
1182 1476 65 22 n'est
1254 1476 56 22 rien
1323 1475 71 28 qu’on
1411 1481 31 16 ne
1460 1474 42 26 fît;

1033 1517 33 15 on
1077 1517 31 15 en
1120 1510 130 23 viendroit
1269 1511 126 20 sûrement
1410 1507 94 29 jusqu’à

1032 1546 90 20 mettre
1133 1544 24 21 le
1166 1543 42 22 feu
1217 1542 13 22 à
1242 1544 64 21 cette
1318 1541 73 27 forêt,
1411 1541 41 28 qui
1467 1543 39 20 est

1033 1580 74 20 notre
1121 1577 93 27 unique
1223 1577 70 26 azile,
1304 1575 23 22 &
1338 1576 61 21 dans
1410 1581 28 16 ce
1453 1580 50 20 cas,

1033 1617 48 21 que
1090 1609 266 26 deviendrions-nous;
1366 1615 29 15 au
1403 1608 103 22 contrai-

1033 1651 35 20 re,
1080 1651 31 15 en
1123 1645 24 21 le
1163 1645 149 27 renvoyant,
1325 1648 63 16 nous
1402 1642 103 22 n'avons

1033 1679 55 21 rien
1101 1678 30 22 de
1144 1677 78 28 pareil
1229 1676 14 23 à
1252 1676 120 26 craindre;
1381 1675 125 22 d’ailleurs

1034 1712 18 22 il
1063 1711 65 22 n'est
1136 1717 44 21 pas
1190 1711 24 21 la
1226 1716 74 16 cause
1312 1710 31 21 de
1360 1710 24 21 la
1398 1711 64 20 mort
1475 1709 30 22 de

1033 1747 74 20 votre
1119 1745 80 26 oncle,
1211 1750 28 16 ce
1251 1744 63 21 n’est
1327 1749 43 21 pas
1377 1744 35 21 lui
1423 1743 40 27 qui
1475 1742 31 22 l’a

1033 1779 45 22 fait
1087 1778 117 28 prendre,
1221 1777 23 22 &
1254 1777 52 22 loin
1319 1777 31 21 de
1367 1776 139 23 contribuer

1034 1812 14 22 à
1059 1818 26 16 sa
1094 1814 78 26 perte,
1182 1812 17 21 il
1212 1811 39 22 n’a
1262 1811 54 22 rien
1328 1809 99 30 négligé
1443 1815 64 22 pour

1033 1852 45 16 son
1098 1846 65 21 salut
1182 1844 96 23 éternel
1289 1851 22 15 ».
1344 1842 163 23 L’assemblée

1034 1879 129 30 applaudit
1174 1878 13 22 à
1196 1884 41 16 ces
1253 1877 218 28 représentations,
1485 1875 22 22 &

1035 1912 108 23 l’intérêt
1154 1913 32 21 de
1205 1913 23 20 la
1241 1911 144 29 multitude^
1393 1910 112 28 l'empor-

1034 1948 54 21 tant
1096 1952 43 16 sur
1148 1946 26 21 le
1185 1944 253 23 ressentiment^d'un
1455 1944 53 21 seul

1035 1979 152 28 particulier,
1207 1978 25 27 je
1252 1977 39 22 fus
1319 1976 110 29 renvoyé
1449 1982 59 16 sous

1034 2013 115 22 l'escorte
1169 2012 30 21 de
1216 2011 65 22 trois
1301 2010 91 22 Corses
1411 2010 22 21 &
1451 2009 57 22 d’un

1035 2046 138 26 déserteur,
1191 2045 42 27 qui
1252 2050 41 16 me
1308 2043 169 23 conduisirent
1494 2042 14 22 à

1036 2079 86 29 portée
1134 2080 31 22 de
1175 2080 23 21 la
1210 2078 93 29 grande
1313 2077 76 29 garde
1401 2077 30 21 de
1438 2078 70 21 notre

1036 2113 142 29 Régiment.
1191 2112 113 22 Pendant
1314 2112 24 20 la
1349 2112 81 24 route,
1437 2110 25 27 je
1478 2110 30 21 fis

1036 2153 28 16 ce
1075 2153 48 21 que
1133 2147 26 27 je
1167 2152 47 22 pus
1225 2151 65 22 pour
1304 2149 111 23 engager
1432 2144 23 21 le
1467 2142 41 22 dé-

1036 2183 97 20 serteur
1140 2179 13 23 à
1165 2181 97 21 rentrer
1272 2178 62 22 dans
1345 2181 47 18 son
1408 2177 99 22 devoir:

1037 2215 18 22 il
1063 2221 32 15 ne
1101 2215 23 21 le
1133 2214 88 21 voulut
1226 2211 101 29 jamais.
1333 2211 51 22 Peu
1392 2211 30 21 de
1428 2212 80 25 temps

1037 2248 71 28 après
1118 2247 20 22 il
1148 2246 38 23 fut
1193 2246 63 28 pris,
1268 2251 63 16 avec
1339 2251 32 15 un
1384 2245 31 21 de
1426 2249 38 16 ses
1472 2249 36 16 ca-

1036 2281 120 25 marades,
1169 2280 22 22 &
1200 2279 66 28 j’eus
1277 2279 23 21 la
1311 2278 105 22 douleur
1434 2277 74 22 d’être

1037 2314 83 29 obligé
1140 2313 128 22 d’assister
1286 2311 14 22 à
1316 2312 23 21 la
1355 2312 67 21 mort
1441 2311 30 21 de
1482 2316 26 16 ce

1036 2348 163 23 malheureux
1213 2346 76 28 qu’on
1308 2344 103 23 m’avoit
1428 2343 80 23 donné

1036 2382 152 28 auparavant
1195 2385 65 22 pour
1270 2379 109 27 garantir
1386 2383 39 17 ma
1433 2377 51 22 vie.

1066 2415 34 22 M.
1121 2415 31 22 de
1173 2412 144 23 Maillebois
1337 2413 74 27 ayant
1428 2411 80 28 appris

1037 2454 48 22 que
1092 2449 24 21 la
1128 2448 80 22 Pieve
1222 2447 32 21 de
1264 2446 118 27 Tavagna
1399 2444 60 22 étoit
1470 2450 38 15 en-

1037 2482 133 23 tièrement
1177 2480 95 23 réduite
1282 2478 13 23 à
1305 2477 172 27 l’obéissance,
1490 2477 18 21 &

1037 2521 48 23 que
1097 2515 61 22 célle
1170 2515 30 21 de
1210 2513 99 22 Lorette
1321 2509 108 26 renïuoit
1440 2516 68 17 enco-

1038 2555 35 20 re,
1086 2549 113 22 ordonna
1208 2546 14 23 à
1230 2546 71 22 l’Etat
1308 2544 81 28 Major
1398 2545 29 21 de
1433 2544 75 21 Bearr

1038 2582 85 22 d’aller
1134 2586 107 22 occuper
1252 2580 23 21 le
1287 2579 75 27 poste'
1371 2578 31 21 de
1418 2578 90 21 Venso-

1037 2617 74 24 lasca,
1126 2613 83 23 tandis
1223 2619 48 22 que
1291 2611 45 22 les;
1348 2610 160 29 Compagnies

1038 2649 42 27 qui
1091 2654 18 22 y
1116 2647 98 22 étoient
1232 2645 95 23 iroient
1345 2649 106 22 occuper
1469 2643 39 22 Lo-

1038 2683 74 21 rette.
1125 2680 50 23 Cet
1186 2680 74 22 ordre
1268 2679 38 21 fut
1318 2676 80 24 donné
1417 2677 22 21 &
1457 2675 51 23 exé-

1040 2714 55 24 cuté
1106 2720 59 16 vers
1173 2715 23 20 la
1205 2713 34 22 fin
1251 2713 32 21 de
1294 2711 138 23 Décembre
1448 2715 60 23 1739.

1068 2749 35 21 M.
1115 2745 220 30 d’Angervilliers,
1349 2743 115 23 Ministre
1483 2742 25 22 de

1517 418 23 19 la
1551 422 97 21 guerre,
1660 418 99 20 mourut
1770 418 23 18 le
1808 421 25 22 15
1846 418 103 18 février
1959 418 31 18 de

1517 448 96 22 l’année
1625 449 123 22 suivante.
1757 448 28 27 Je
1792 454 33 16 ne
1833 448 101 27 l’appris
1944 453 46 22 que

1518 482 62 20 dans
1591 482 24 21 le
1627 487 74 16 cours
1713 482 31 21 du
1753 482 66 21 mois
1831 482 30 21 de
1876 481 76 26 Mars,
1969 480 23 21 &

1518 514 177 22 sensiblement
1704 514 90 22 touché
1807 514 30 21 de
1845 515 25 20 la
1881 515 71 26 perte
1960 513 31 22 de

1519 552 27 15 ce
1555 546 129 27 Seigneur,
1694 547 53 26 qui,
1756 552 30 15 en
1798 548 70 20 toute
1877 546 114 22 occasion

1518 578 105 22 m'avoit
1629 578 83 23 donné
1724 579 43 21 des
1787 581 115 25 marqués
1910 578 5 7 ‘
1921 578 71 22 d’une

1520 611 183 22 bienveillance
1716 612 168 27 particulière,
1900 612 25 28 je
1938 617 55 16 crus

1520 651 31 15 ne
1563 645 107 27 pouvoir
1681 645 86 22 mieux
1782 645 157 27 m’acquitter
1948 645 45 21 des

1520 677 150 28 obligations
1682 684 48 21 que
1738 678 26 27 je
1774 678 36 22 lui
1823 679 79 25 avois,
1922 677 72 28 qu’en

1520 710 35 21 lui
1568 710 91 22 faisant
1679 711 145 22 moi-même
1846 717 33 16 un
1897 711 97 21 service

1521 743 114 22 solennel
1657 745 90 26 auquel
1765 746 56 20 tous
1841 745 36 21 les
1898 744 97 21 Prêtres

1522 775 43 22 des
1572 775 121 23 environs
1702 776 178 26 assistèrent,&
1888 777 108 27 pendant

1522 809 81 27 lequel
1615 809 32 21 ils
1657 809 83 22 dirent
1759 810 67 21 aussi
1848 810 53 21 leur
1913 809 83 22 Messe

1523 847 63 21 pour
1596 842 23 21 le
1631 847 73 22 repos
1716 843 31 21 de
1758 848 44 16 son
1813 843 63 21 âme.
1885 842 67 22 Tous
1959 843 37 21 les

1524 874 115 22 Officiers
1658 881 48 21 que
1719 875 34 28 j’y
1770 875 72 22 avois
1861 875 100 26 invités,
1979 881 18 22 y

1523 907 84 22 furent
1615 906 13 22 à
1637 907 135 27 l'offrande,
1780 909 62 20 âvec
1850 908 43 22 des
1902 908 95 28 cierges

1524 945 47 22 que
1581 940 26 27 je
1618 941 53 21 leur
1683 941 70 21 avois
1765 941 46 22 fait
1822 941 142 26 distribuer,
1975 941 22 21 &

1525 972 71 28 après
1605 974 23 20 le
1638 973 101 22 Service
1749 974 31 22 ils
1788 980 41 16 me
1841 974 72 22 firent
1919 974 80 23 l’hon-

1525 1012 61 16 neur
1598 1006 137 28 d'accepter
1746 1008 23 21 le
1780 1007 71 22 dîner
1859 1013 47 22 que
1914 1008 25 28 je
1946 1009 53 20 leur

1525 1039 71 22 avois
1611 1040 44 21 fait
1665 1039 126 29 préparer.

1552 1071 21 23 Il
1583 1078 19 23 y
1610 1073 70 21 avoit
1690 1073 62 22 dans
1761 1073 68 22 l’Isle
1842 1080 31 15 un
1890 1074 109 22 malheu-

1525 1110 62 17 reux
1593 1105 136 28 Prêtre,qui
1737 1107 122 26 plusieurs
1865 1107 136 22 foiss’étoit

1526 1138 96 22 montré
1641 1139 37 22 les
1698 1145 81 16 armes
1800 1139 13 21 à
1827 1141 24 20 la
1862 1141 66 21 main
1945 1140 13 22 à
1975 1141 24 21 la

1526 1171 50 22 tête
1584 1172 44 21 des
1639 1172 115 21 rebelles.
1770 1172 35 22 M.
1818 1173 31 21 de
1860 1173 141 22 Maillebois

1527 1203 105 23 désiroit
1660 1205 155 22 ardemment
1841 1206 31 20 de
1893 1206 108 26 pouvoir

1527 1239 89 19 mettre
1627 1238 23 21 la
1667 1238 69 21 main
1748 1244 42 15 sur
1809 1239 36 21 lui
1855 1245 6 15 :
1881 1239 18 21 il
1914 1239 88 21 l’avoit

1528 1269 44 22 fait
1597 1270 155 28 long-temps
1773 1271 151 27 poursuivre
1945 1278 56 16 sans

1529 1303 96 26 succès;
1647 1304 76 27 enfin,
1736 1305 20 21 il
1766 1304 94 23 réussit
1875 1305 13 22 à
1905 1306 24 20 le
1941 1305 61 22 faire

1529 1338 100 21 arrêter.
1640 1337 56 23 Une
1705 1337 49 23 fois
1762 1338 61 27 pris,
1834 1339 17 21 il
1859 1344 32 16 ne
1903 1339 37 22 fut
1947 1340 54 26 plus

1529 1371 117 27 question
1657 1376 48 22 que
1715 1371 30 21 de
1756 1372 23 21 le
1791 1372 93 27 pendre
1895 1378 6 19 ;
1919 1372 84 23 c’étoit

1530 1410 33 15 un
1578 1404 45 21 des
1641 1405 55 26 plus
1718 1404 150 23 déterminés
1887 1405 115 23 scélérats

1530 1437 42 27 qui
1583 1437 36 22 fût
1627 1438 61 21 dans
1698 1438 25 21 le
1740 1444 69 22 pays,
1823 1438 22 22 &
1864 1439 94 27 malgré
1976 1446 27 15 sa

1531 1470 92 28 qualité
1633 1471 30 21 de
1676 1470 92 27 Prêtre,
1786 1471 19 22 il
1824 1471 86 23 faisoit
1923 1473 81 27 publi-

1531 1507 119 24 quement
1669 1505 23 21 le
1713 1504 89 23 métier
1821 1505 31 21 de
1871 1506 89 22 voleur
1973 1506 30 22 de

1530 1538 79 27 grand
1632 1538 108 22 chemin.
1764 1537 41 22 On
1824 1544 39 16 me
1883 1539 121 22 demanda

1531 1576 64 22 pour
1605 1570 137 23 l’exhorter
1753 1570 13 22 à
1777 1572 24 20 la
1812 1573 66 20 mort
1887 1578 6 20 ;
1903 1572 26 27 je
1941 1573 63 22 refu-

1532 1604 35 22 sai
1578 1604 31 21 de
1627 1604 63 22 m’en
1714 1604 110 28 charger,
1846 1605 83 22 disant
1947 1612 55 21 que,

1533 1638 104 27 puisque
1648 1637 85 23 c’étoit
1745 1644 32 15 un
1796 1637 87 27 Corse,
1895 1639 23 21 la
1929 1639 76 22 chose

1532 1677 32 16 ne
1582 1677 41 16 me
1642 1671 128 28 regardoit
1788 1677 45 21 pas
1843 1677 6 20 ;
1870 1678 28 16 ce
1910 1672 96 23 n'étoit-

1532 1704 170 23 évidemment
1713 1704 73 28 qu’un
1797 1704 114 29 prétexte
1926 1707 31 21 de
1966 1713 40 15 ma

1532 1740 64 26 part,
1605 1739 106 27 puisque
1718 1738 91 28 j'avois
1819 1738 54 28 déjà
1881 1739 104 23 exhorté
1992 1740 14 22 à

1532 1772 23 22 la
1562 1774 66 20 mort
1637 1777 27 17 ce
1673 1772 159 22 malheureux
1843 1773 95 27 espion,
1947 1774 60 22 dont

1532 1806 25 21 le
1567 1811 81 16 neveu
1659 1806 71 21 avoit
1741 1811 29 16 eu
1789 1806 21 21 si
1828 1807 95 27 grande
1933 1808 74 21 envie

1534 1839 30 21 de
1575 1845 40 16 me
1624 1839 99 27 perdre.
1736 1839 64 22 Mais
1809 1839 27 27 je
1847 1841 161 22 connoissois

1533 1874 70 20 toute
1609 1873 25 20 la
1641 1871 118 23 difficulté
1764 1872 31 22 de
1803 1873 25 21 la
1835 1874 171 26 commission,

1533 1906 22 21 &
1564 1905 86 28 j’étois
1661 1906 62 21 bien
1741 1906 52 21 aise
1809 1906 90 27 qu’elle
1915 1907 94 22 tombât

1534 1945 42 16 sur
1586 1939 106 21 d’autres
1705 1945 48 21 que
1765 1945 42 16 sur
1821 1940 61 21 moi.
1900 1939 52 22 Elle
1972 1941 37 21 fut

1534 1971 97 23 donnée
1639 1971 13 22 à
1660 1971 105 22 l’ancien
1773 1972 140 22 Aumônier
1920 1973 32 21 du
1960 1973 49 22 Roi

1534 2005 141 26 Théodore;
1686 2005 85 22 c’étoit
1782 2011 33 16 un
1823 2005 187 29 Récolet,digne

1535 2038 152 23 Confesseur
1698 2038 58 22 d’un
1767 2040 35 21 tel
1813 2039 107 27 patient.
1932 2040 78 26 Quoi-

1535 2078 47 23 que
1587 2073 27 27 je
1625 2072 99 22 n’eusse
1740 2072 55 22 rien
1807 2071 14 22 à
1833 2072 62 22 faire
1911 2072 12 22 à
1938 2073 73 22 l’exé-

1535 2106 94 26 cution,
1642 2106 23 21 la
1676 2105 119 22 fantaisie
1806 2111 41 17 me
1856 2107 49 26 prit
1920 2106 41 29 d'y
1973 2113 39 16 as-

1535 2140 84 25 sister,
1633 2145 64 22 pour
1708 2139 57 22 voir
1776 2141 126 20 comment
1915 2142 55 19 tout
1983 2145 27 16 se

1536 2173 173 28 passeroit.Au
1717 2175 112 20 moment
1836 2172 31 23 où
1872 2171 37 24 lès
1917 2173 94 22 soldats

1535 2207 135 27 prenoient
1680 2207 38 21 les
1730 2212 90 20 armes,
1831 2206 23 27 je
1868 2212 40 16 me
1927 2207 84 21 rendis

1536 2247 30 16 au
1573 2240 51 21 lieu
1637 2239 32 22 où
1678 2240 49 21 elle
1739 2239 89 23 devoit
1839 2245 26 16 se
1877 2239 60 22 faire
1947 2245 6 20 ;
1965 2239 48 22 c’é-

1536 2275 48 22 toit
1595 2275 56 20 tout
1662 2272 95 28 proche
1773 2273 45 22 des
1842 2273 123 28 drapeaux
1982 2273 30 22 de

1538 2310 72 20 notre
1629 2305 135 29 Régiment
1774 2312 6 20 ;
1805 2307 25 21 le
1851 2306 163 22 malheureux

1537 2341 42 29 n’y
1589 2341 37 21 fut
1637 2345 44 22 pas
1689 2339 82 27 plutôt
1782 2338 92 27 arrivé,
1887 2339 62 28 qu’il
1958 2344 55 17 con-

1537 2376 70 22 firma
1627 2375 55 20 tous
1701 2379 55 16 mes
1785 2378 135 23 soupçons,
1943 2372 21 22 &
1987 2379 26 16 se

1537 2410 99 21 montra
1646 2408 34 21 tel
1692 2412 48 22 que
1750 2407 24 27 je
1780 2412 42 16 me
1833 2405 82 23 l’étois
1926 2406 88 28 imagi-

1538 2441 31 23 né
1579 2448 6 19 ;
1599 2447 33 16 un
1643 2441 101 21 homme
1758 2440 62 21 dans
1842 2440 41 27 qui
1902 2441 58 20 tous
1978 2440 36 21 les

1537 2476 71 21 vices
1619 2474 95 26 réunis,
1727 2472 95 29 malgré
1830 2473 23 21 la
1866 2471 104 23 sainteté
1983 2472 31 22 du

1538 2508 132 25 caractère,
1682 2507 103 22 avoient
1796 2505 91 23 étouffé
1903 2508 58 19 tous
1977 2506 37 21 les

1538 2542 137 23 sentimens
1687 2541 31 21 de
1729 2541 23 20 la
1763 2539 117 28 religion.
1888 2539 40 21 Au
1940 2541 72 24 reste,

1538 2573 122 29 l’impiété
1675 2572 113 23 obstinée
1802 2573 60 21 dans
1880 2572 105 28 laquelle
1996 2572 18 21 il

1538 2610 110 24 mourut,
1659 2613 32 16 ne
1703 2608 61 26 peut
1771 2606 73 27 point
1862 2606 52 21 être
1933 2610 82 22 regar-

1539 2641 45 22 dée
1592 2646 96 17 comme
1696 2639 76 23 l’effet
1780 2639 31 22 de
1818 2644 46 17 son
1872 2639 141 28 ignorance,

1539 2674 118 29 puisqu’il
1668 2673 64 23 étoit
1745 2673 111 22 Docteur
1870 2672 30 22 de
1920 2671 76 22 Pavie
2008 2678 6 14 :

1539 2709 47 21 elle
1598 2710 38 20 est
1645 2713 92 22 propre
1750 2706 13 22 à
1776 2708 58 20 tous
1852 2706 37 21 les
1908 2705 105 26 Prêtres,

1539 2741 42 28 qui
1589 2747 30 16 ne
1631 2740 166 23 franchissent
1802 2739 86 28 jamais
1894 2738 121 22 certaines

2031 131 73 17 ornes
2116 125 32 21 de
2159 123 130 23 l’honneur
2301 122 21 21 &
2336 121 30 21 de
2389 120 24 21 la
2432 122 57 23 pro-

2032 158 41 27 ité,
2086 164 57 15 sans
2152 161 102 18 secouer
2265 160 65 23 pour
2337 153 112 27 toujours
2466 150 23 21 le

2029 197 45 22 Dug
2088 191 31 21 de
2133 191 22 21 la
2174 189 32 22 foi
2218 196 6 19 ;
2245 189 17 21 il
2278 188 72 21 avoit
2371 183 120 24 autrefois

2031 224 63 23 rrêté
2106 223 153 22 l'Exécuteur
2270 222 30 20 de
2312 222 22 20 la
2343 219 95 28 Justice
2450 217 41 28 qui

2033 258 69 21 evoit
2113 258 23 20 le
2145 256 60 22 faire
2221 254 104 23 mourir.
2341 252 107 22 Celui-ci
2468 251 25 21 le

2029 291 116 25 econnut,
2158 288 64 22 &lui
2234 287 37 22 dit
2281 293 6 14 :
2301 286 20 21 si
2343 288 25 19 tu
2388 284 104 22 m’avois

2029 323 27 22 té
2067 324 23 20 la
2099 323 44 22 vie
2155 321 82 29 quand
2245 322 27 20 tu
2283 318 63 23 m’as
2361 316 90 23 enlevé
2467 317 25 20 la

2033 361 83 20 ourse,
2121 356 26 26 je
2156 360 31 17 ne
2195 353 81 23 serois
2283 358 44 22 pas
2335 349 156 30 aujourd’hui

2030 388 75 28 hargé
2129 388 30 21 de
2179 389 24 20 te
2218 385 138 29 supplicier
2364 391 6 20 ;
2393 383 60 22 c’est
2469 383 24 21 la

2029 421 73 22 □stice
2107 421 85 21 divine
2198 426 30 22 qu
2233 420 7 21 i
2245 419 46 22 m’a
2297 417 122 23 conservé
2424 419 70 20 entre

2029 461 26 15 es
2067 454 89 26 mains,
2168 459 64 22 pour
2249 452 33 22 lui
2296 452 83 21 servir
2399 452 30 20 de
2449 451 46 21 mi-

2029 487 66 22 listre
2104 488 85 21 contre
2200 486 36 22 toi
2246 493 6 19 ;
2266 487 76 20 avant
2351 485 30 21 de
2390 484 104 25 mourir,

2029 520 110 21 lemande
2151 526 29 15 au
2192 519 82 21 moins
2285 518 97 27 pardon
2395 517 13 21 à
2420 517 73 25 Dieu,

2029 552 12 20 k
2051 558 49 15 aux
2111 552 123 25 hommes,
2248 551 30 21 de
2290 552 57 20 tous
2356 551 38 21 les
2405 550 91 21 crimes

2036 586 43 20 ont
2088 586 27 20 tu
2127 590 27 16 es
2166 584 128 28 coupable.
2310 583 66 22 Mais
2390 583 24 21 le
2431 583 62 21 mal-

2029 624 110 20 îeureux,
2163 617 67 22 aussi
2250 617 77 22 sourd
2347 622 49 16 aux
2412 621 85 22 repro-

2029 651 47 22 hes
2088 651 23 21 &
2122 657 48 15 aux
2181 656 114 16 menaces
2315 650 32 22 de
2368 655 48 16 son
2435 650 62 21 bou-

2032 690 53 21 eau,
2099 684 90 28 qu’aux
2200 683 96 28 prières
2308 683 23 22 &
2343 689 49 16 aux
2408 683 91 22 exhor-

2031 718 82 21 ations
2124 718 32 21 de
2167 723 45 15 son
2225 717 162 26 Confesseur,
2400 718 100 21 mourut

2029 756 24 15 m
2065 749 139 28 désespéré,
2219 756 29 15 au
2256 750 78 27 grand
2344 750 115 21 scandale
2467 750 31 21 de

2029 788 49 16 ;ous
2090 789 64 16 ceux
2170 783 40 27 qui
2229 789 31 16 en
2280 783 85 22 furent
2382 782 116 22 témoins.

2029 816 38 21 Les
2093 816 94 21 soldats
2205 822 32 15 ne
2260 818 57 20 sont
2337 822 46 21 pas
2403 815 95 27 surpris

2029 848 68 28 lu’on
2109 849 62 21 vive
2183 854 56 16 sans
2250 855 105 19 moeurs,
2377 848 22 22 &
2418 849 80 21 même

2029 888 49 15 >ans
2089 881 102 28 probité
2200 888 6 20 ;
2219 882 62 22 mais
2291 883 32 21 ils
2338 888 32 15 ne
2390 883 110 26 peuvent

2029 915 52 22 voir
2101 921 56 15 sans
2178 914 112 27 horreur,
2313 915 75 27 qu’un
2414 915 85 21 Prêtre

2029 953 79 16 meure
2119 953 57 16 sans
2187 948 116 28 religion.

2054 981 30 21 Le
2094 983 83 25 temps
2190 981 84 21 Pascal
2285 980 69 23 étant
2365 981 92 26 arrivé,
2474 981 26 27 je

2029 1019 130 22 parcourus
2174 1015 57 20 tous
2250 1014 36 21 les
2303 1015 86 26 postes
2410 1019 47 22 que
2475 1015 25 20 le

2032 1045 127 29 Régiment
2166 1047 30 21 de
2205 1046 78 22 Bearn
2296 1047 125 27 occupoit.
2430 1047 71 21 Celui

2029 1079 28 22 de
2067 1079 79 22 Lento
2158 1079 63 22 étoit
2232 1078 101 29 éloigné
2345 1080 31 21 de
2395 1080 57 27 près
2471 1080 31 21 de

2029 1112 69 28 vingt
2109 1113 80 21 lieues
2200 1113 31 21 de
2242 1113 24 21 la
2284 1112 165 27 Vensolasca,
2470 1113 33 21 où

2029 1144 79 27 j'étois
2120 1151 64 21 pour
2196 1146 62 21 lors.
2280 1145 32 22 Le
2330 1145 174 23 détachement

2029 1178 39 27 qui
2079 1184 18 22 y
2105 1178 141 22 demeuroit
2258 1178 61 22 étoit
2331 1179 31 21 de
2376 1185 43 22 500
2432 1179 70 21 hom-

2029 1217 58 20 mes,
2108 1211 62 21 dont
2187 1212 64 21 trois
2272 1211 170 28 Compagnies
2471 1212 32 21 de

2029 1244 76 20 Bearn
2122 1243 118 22 faisoient
2257 1244 89 26 partie.
2367 1245 86 20 Avant
2471 1245 31 20 de

2029 1282 38 16 me
2075 1278 90 20 mettre
2185 1282 30 16 en
2234 1276 102 23 chemin
2356 1276 114 28 j’écrivis
2491 1277 13 22 à

2029 1310 34 21 M.
2073 1309 121 26 Bornard,
2210 1310 110 27 premier
2331 1310 175 22 Factionnaire

2029 1343 30 21 de
2069 1343 90 26 Bearn,
2168 1343 23 22 &
2202 1342 184 23 Commandant
2397 1344 31 21 de
2436 1346 69 20 toute

2029 1378 22 20 la
2062 1378 97 26 troupe,
2180 1382 47 22 que
2246 1377 26 26 je
2292 1383 41 15 me
2351 1377 127 28 disposois
2491 1377 14 22 à

2029 1409 77 22 l’aller
2115 1409 109 27 joindre,
2236 1415 64 22 pour
2319 1410 64 21 faire
2403 1411 103 26 remplir

2029 1442 14 22 à
2051 1449 38 15 ses
2101 1443 92 21 soldats
2199 1444 25 20 le
2233 1443 89 21 devoir
2331 1443 94 22 Pascal.
2439 1443 67 22 lime

2029 1475 27 23 fit
2066 1475 129 23 l’honneur
2214 1476 32 21 de
2265 1482 39 15 me
2322 1475 123 28 répondre
2462 1483 45 21 par

2030 1511 63 20 cette
2103 1510 82 21 lettre.

2057 1542 81 22 «Mon
2150 1542 58 22 cher
2220 1542 149 27 Aumônier,
2381 1543 43 21 dès
2435 1545 72 20 votre

2029 1576 73 21 lettre
2111 1581 82 22 reçue,
2205 1575 40 25 j’ai
2259 1575 44 22 fait
2314 1576 98 22 avertir
2425 1576 13 21 à
2449 1576 59 22 l’or-

2031 1609 43 21 dre
2094 1614 48 22 que
2162 1614 64 16 vous
2245 1609 88 21 deviez
2353 1610 74 21 venir
2444 1615 63 16 nous

2031 1641 62 22 faire
2104 1641 63 22 faire
2178 1642 24 21 le
2219 1641 90 23 devoir
2323 1642 87 22 Pascal
2420 1649 6 19 ;
2445 1643 62 21 mais

2030 1676 25 27 je
2066 1680 63 17 vous
2141 1675 54 27 prie
2207 1675 31 21 de
2250 1681 31 16 ne
2293 1681 46 21 pas
2350 1681 66 16 vous
2430 1681 78 22 expo-

2031 1714 49 20 ser,
2097 1713 96 17 comme
2207 1714 64 16 vous
2287 1708 79 22 l’avez
2375 1708 46 22 fait
2431 1709 77 21 ci-de-

2032 1743 60 20 vant
2100 1747 6 20 ;
2120 1741 18 22 il
2144 1741 51 22 faut
2203 1747 64 21 pour
2277 1743 53 20 cela
2342 1743 108 26 prendre
2461 1748 49 15 une

2032 1775 83 21 bonne
2126 1776 97 20 escorte
2235 1774 57 22 d’un
2307 1777 74 26 poste
2389 1775 14 22 à
2414 1775 95 26 l’autre,

2033 1808 22 22 &
2063 1807 13 22 à
2087 1807 89 23 moitié
2185 1807 98 23 chemin
2290 1808 31 21 de
2329 1808 130 26 Lucciana,
2467 1809 42 21 ici:

2031 1842 25 28 je
2067 1847 65 17 vous
2145 1842 134 27 envoyerai
2291 1848 35 15 un
2339 1842 173 22 détachement

2034 1875 31 22 de
2075 1875 74 27 vingt
2159 1874 113 22 hommes
2282 1881 6 19 ;
2308 1876 38 20 les
2358 1875 112 22 chemins
2482 1881 28 16 se

2033 1910 121 20 trouvant
2163 1908 105 27 remplis
2279 1908 32 21 de
2322 1909 104 21 voleurs
2445 1909 69 21 insu-

2034 1942 74 21 laires
2117 1947 6 19 ;
2137 1941 18 22 il
2167 1942 37 20 est
2214 1940 142 23 nécessaire
2367 1947 65 22 pour
2439 1947 72 20 vous,

2035 1974 23 22 &
2068 1980 63 22 pour
2142 1980 70 19 nous,
2223 1974 30 21 de
2265 1980 64 16 vous
2345 1980 132 16 conserver
2489 1976 23 21 la

2035 2008 43 21 vie
2086 2007 22 21 &
2116 2008 24 21 la
2148 2007 167 22 bourse.Tous
2321 2013 47 17 nos
2378 2008 134 22 Messieurs

2035 2046 63 17 vous
2113 2041 172 22 embrassent»
2306 2041 23 22 &
2343 2042 52 21 moi
2413 2042 23 27 je
2451 2042 60 25 suis,

2036 2079 58 17 mon
2111 2074 59 22 cher
2188 2074 147 26 Aumônier,
2354 2077 73 20 votre
2438 2075 75 21 fidèle

2036 2108 58 25 ami,
2105 2108 32 21 de
2150 2107 142 22 Bornard».

2062 2141 28 26 Je
2100 2140 79 28 partis
2190 2141 31 21 de
2233 2140 156 23 Vensolasca
2400 2147 62 16 avec
2481 2147 34 16 un

2037 2173 172 23 détachement
2218 2174 31 21 de
2258 2174 74 27 vingt
2338 2174 123 27 hommes,
2471 2175 44 27 qui

2037 2213 40 16 me
2090 2207 173 22 conduisirent
2275 2207 97 27 jusqu'à
2388 2207 127 27 Lucciana,

2038 2240 33 23 où
2079 2241 26 27 je
2116 2241 97 21 trouvai
2226 2240 35 22 M.
2274 2241 31 21 de
2317 2240 70 23 Saint
2399 2241 116 26 Vincent,

2038 2274 93 22 second
2138 2273 172 22 Factionnaire
2322 2274 32 21 de
2363 2274 90 26 Bearn,
2473 2274 44 27 qui

2039 2307 169 22 commandoit
2221 2307 60 21 dans
2290 2308 24 20 le
2331 2309 87 25 poste.'
2434 2308 84 27 Ayant

2039 2340 43 22 fini
2094 2346 40 15 ma
2146 2340 116 25 mission,
2274 2345 33 17 on
2318 2346 42 16 me
2381 2341 81 21 donna
2482 2347 33 15 un

2039 2373 79 28 pareil
2124 2372 171 23 détachement
2302 2379 64 21 pour
2375 2373 144 23 m’escorter

2037 2405 99 30 jusqu’à
2144 2406 88 22 moitié
2244 2406 101 22 chemin
2358 2407 33 22 où
2409 2407 25 27 je
2451 2409 68 20 trou-

2040 2440 39 21 vai
2103 2440 64 21 celui
2191 2445 47 22 que
2258 2439 35 22 M.
2313 2439 113 23 Bornard
2449 2441 70 21 avoit

2040 2472 109 30 envoyé,
2162 2473 23 21 &
2192 2473 43 28 qui
2243 2479 40 16 me
2293 2474 129 21 conduisit
2432 2474 54 21 sain
2497 2473 22 22 &

2040 2513 76 16 sauve
2121 2506 14 22 à
2144 2506 86 23 Lento.
2239 2507 33 21 En
2279 2507 120 22 arrivant’
2406 2507 25 28 je
2443 2507 75 22 remis

2041 2546 29 16 au
2082 2539 183 23 Commandant
2276 2539 29 22 80
2315 2540 76 27 louis,
2413 2541 59 22 dont
2487 2546 32 16 on

2041 2573 103 22 m'avoit
2157 2572 99 28 chargé,
2280 2579 64 21 pour
2357 2579 29 16 ce
2407 2573 114 22 détache-

2042 2608 68 20 ment
2120 2606 31 21 de
2163 2606 89 21 Bearn.

2212 2639 12 27 (
2227 2638 150 29 Cuntinua)

2042 2703 98 22 Aiacciu
2148 2714 29 5 —
2188 2702 133 29 Stamparia
2334 2703 24 22 di
2373 2704 23 21 A
2407 2704 103 26 Muvra,

2043 2744 15 14 u
2070 2735 239 23 Direttore-Gerente:
2318 2736 72 21 Petru
2400 2735 103 24 ROCCA

51 2878 102 24 Fuglittinu
160 2880 20 18 di
187 2878 106 20 AMiivra
300 2876 78 19 —a.loi
383 2884 18 5 —
407 2874 19 19 di
432 2880 13 13 u
448 2872 74 20 16-3-80

77 2941 243 57 PASQUALE
353 2935 147 53 PA0L1

255 3017 66 20 OSSIA

96 3064 38 37 La
151 3064 80 37 Rolta
248 3062 32 37 di
293 3061 178 36 Pontémiovo

56 3122 274 27 RACONTOCORSO
335 3118 189 26 DELSECOLO

245 3161 84 24 XVIII

279 3204 24 19 DI

150 3250 34 25 F.
198 3250 37 24 D.
251 3247 177 27 Guerrazzi

85 3313 88 27 Qüesto
185 3314 86 23 veleno
285 3312 45 22 che
346 3316 70 17 senza
427 3308 102 23 rimorso

59 3345 21 21 si
94 3348 130 28 propinano
245 3353 14 15 a
275 3344 101 24 vicenda
396 3342 35 30 gli
449 3340 80 26 amici,

62 3379 147 24 Iramandato
220 3387 14 16 a
246 3380 41 22 noi
299 3378 63 23 dalla
370 3375 112 24 barbarie
492 3380 40 15 ru-

61 3410 36 27 de,
126 3414 29 21 ed
187 3420 91 20 amaro,
307 3412 23 22 la
353 3410 83 23 civiltà
457 3413 75 23 seppc

64 3444 118 25 addolcire
196 3454 14 16 e
223 3446 136 30 ingentilire
377 3445 61 25 cosi,
452 3442 46 22 che
513 3440 19 22 a’

64 3477 68 30 tempj
143 3480 24 22 di
176 3481 39 22 cui
226 3479 116 29 parliamo
354 3482 102 17 nessuno
468 3476 73 28 pote-,

64 3513 28 17 va
103 3513 142 25 presumersi
257 3511 119 24 cavalière
392 3508 105 28 compito
508 3513 26 16 se

66 3545 43 19 Ron
119 3551 83 17 avesse
213 3545 110 23 rovinalo
334 3543 95 22 almeno
438 3547 32 15 un
479 3540 55 28 paio

66 3572 21 22 di
98 3578 78 28 amici,
187 3585 13 16 e
208 3579 86 22 barare
305 3583 47 16 non
364 3575 83 22 faceva
458 3578 59 17 caso
527 3579 6 19 ;

66 3609 80 24 anzise
155 3618 30 16 ne
192 3614 123 22 teneveno;
327 3608 63 22 délia
398 3607 71 29 quale
477 3611 58 16 cosa

66 3644 25 16 ce
100 3647 29 17 ne
139 3650 106 22 porgono
258 3641 181 24 testimonianza
453 3639 24 21 le
487 3644 50 16 me-

64 3676 72 21 niorie
155 3677 39 22 del
211 3675 117 24 cavalière
345 3673 25 22 dl
386 3672 149 22 Grammont.

64 3703 87 27 Matteo
167 3709 122 23 stimolato
305 3714 14 15 a
329 3706 105 29 giocare,
451 3709 86 22 vergo-

64 3741 93 24 gnando
174 3743 25 21 di
213 3740 132 30 comparire
361 3743 98 23 povero,
479 3736 59 21 mise

65 3769 62 26 fuori
138 3774 9 22 i
158 3775 54 22 suoi
223 3774 62 22 dieci
295 3772 68 28 luigi,
378 3777 14 16 e
402 3769 19 23 li
432 3774 70 24 perse
514 3768 25 21 in

552 2879 27 15 un
591 2870 80 27 soffio;
683 2869 76 23 allora
771 2867 21 23 si
803 2867 137 25 rimase,ma
949 2866 73 27 punto

552 2911 68 23 sopra
632 2903 23 22 la
664 2909 43 16 sua
719 2900 305 30 parsimonia,vergognan-

552 2939 27 22 do
588 2943 97 23 passare
695 2942 43 23 per
746 2940 80 20 avaro,
833 2933 94 22 accatlò
936 2931 88 22 danaro

552 2972 41 22 che
602 2971 18 22 il
628 2971 81 21 cornet
712 2971 23 20 la
743 2968 34 29 gli
786 2965 156 31 profferse,ed
950 2963 75 24 anche

552 3006 81 28 questo
644 3003 63 22 andò
718 3002 76 21 dietro
806 3000 103 23 all’altro
916 3007 7 18 ;
939 2998 86 23 adesso

552 3039 73 29 pensé
632 3034 129 29 mancargli
768 3034 185 22 assolutamente
962 3031 16 22 il
985 3037 40 22 po-

552 3075 48 19 tere
607 3071 25 22 di
640 3065 385 30 restituirlo,evergognandopar-

553 3104 50 23 tirsi
616 3103 28 23 da
658 3102 81 23 Bastia
750 3101 24 22 in
786 3106 59 16 voce
858 3099 22 22 di
893 3097 131 26 truffatore,

552 3145 27 16 se
588 3144 29 15 ne
624 3137 50 22 fece
685 3136 141 27 imprestare
832 3131 117 27 ancora,il
958 3129 69 31 quale

553 3171 41 22 fini
604 3176 68 17 corne
682 3169 19 22 il
712 3168 86 29 primo,
812 3172 66 16 corne
890 3165 18 22 il
922 3162 104 24 secondo

554 3212 12 15 e
578 3210 68 17 corne
658 3202 47 23 due
718 3201 61 22 altre
789 3199 95 29 partite,
904 3197 44 22 che
962 3196 65 22 cieco

555 3237 83 26 or.mai,
668 3241 68 24 prese
758 3234 30 22 da
811 3232 119 28 chiunque
949 3229 79 30 gliené

556 3271 65 22 voile
637 3269 66 22 dare.

583 3315 28 5 —
621 3301 110 23 Diavolo!
745 3299 77 23 costui
841 3299 93 21 accalta
945 3294 83 23 danari

557 3343 68 17 corne
633 3342 26 16 se
668 3335 101 21 l’avesse
781 3339 12 15 a
805 3331 52 22 fare
868 3328 114 24 co’nostri
989 3334 40 22 pa-

558 3370 46 27 dri,
618 3370 8 21 i
637 3367 66 30 quali
721 3367 23 21 si
755 3366 176 21 conlentavano
950 3367 81 16 essere

558 3401 138 25 rimborsati
708 3400 38 22 dei
755 3397 74 31 presti
837 3395 121 24 nell’altro
965 3399 66 17 mon-

559 3438 39 22 do.

587 3470 39 22 Gli
645 3467 70 23 ocehi
739 3465 23 22 di
785 3464 88 22 Matteo
889 3467 48 16 non
948 3460 83 23 videro

560 3504 71 29 quale
640 3507 84 17 avesse
736 3497 116 31 proferito
863 3496 22 21 le
902 3500 81 16 amare
990 3499 43 22 pa-

560 3538 61 25 role,
634 3542 37 16 ma
680 3535 8 22 i
701 3532 53 23 suoi
764 3529 97 24 orecchi
877 3529 24 21 le
917 3528 115 23 intesero,

561 3578 13 14 e
586 3570 76 22 allora
673 3568 23 21 lo
709 3565 90 24 assalse
811 3563 22 22 la
854 3562 79 22 buona
950 3564 83 22 vergo-

561 3609 47 23 gna
621 3602 44 22 che
679 3601 77 21 dovea
766 3595 103 29 venirgli
881 3594 77 29 prima
970 3592 29 21 ed
1009 3591 24 21 in

563 3639 87 24 tempo,
671 3635 90 20 mentre
784 3630 86 22 adesso
890 3633 40 16 era
948 3624 62 23 tardi
1021 3630 13 15 e

562 3669 166 27 inopportuna,
742 3663 81 30 quella
836 3662 54 22 cioè
899 3657 136 30 d’ingolfar-

563 3701 22 22 si
596 3701 25 21 in
637 3699 85 25 debiti,
741 3698 44 21 che
796 3695 76 23 orinai
889 3700 48 16 non
948 3697 87 23 sapeva

564 3739 68 17 corne
650 3731 103 22 avrebbe
772 3731 89 27 pagato
870 3735 5 18 ;
890 3726 51 23 usci
963 3725 45 22 che
1018 3724 17 22 il

564 3772 61 22 capo
642 3764 36 29 gli
696 3763 105 29 pigliava
814 3761 80 25 fuoco,
911 3759 22 22 si
943 3758 94 22 ridusse

1049 2868 14 15 a
1075 2866 57 17 casa
1144 2865 13 16 e
1168 2858 22 22 si
1201 2858 66 29 gettò
1279 2857 88 22 vestito
1390 2854 37 23 sul
1447 2854 57 22 letto
1511 2861 8 19 ;

1050 2900 75 16 aveva
1136 2891 101 30 perduto
1257 2892 110 20 sessanta
1379 2888 68 29 luigi,
1458 2886 63 23 dieci

1050 2927 55 23 suoi
1113 2933 15 15 o
1139 2926 119 30 piultosto
1275 2923 38 22 del
1337 2921 120 31 generale,
1469 2927 14 15 e
1493 2919 29 22 50

1052 2961 53 22 tolti
1115 2960 26 22 in
1152 2959 103 29 prestito
1263 2964 6 20 ;
1283 2956 28 23 ed
1325 2963 41 16 ora
1375 2961 66 17 corne
1452 2954 18 21 li
1482 2959 40 23 pa-

1051 2992 136 32 gherebbe?
1198 2991 30 23 Di
1241 2992 73 21 tratto
1328 2990 23 22 in
1362 2990 71 21 tratto
1441 2986 82 23 sbalza

1052 3034 31 17 va
1090 3034 28 15 su
1124 3027 30 22 da
1163 3026 59 22 letto
1230 3031 14 15 e
1253 3023 20 22 si
1283 3023 106 29 bagnàva
1399 3021 22 22 le
1427 3020 95 28 tempie,

1053 3062 44 22 che
1107 3060 34 29 gli
1149 3060 129 21 battevano
1290 3063 66 16 corne
1367 3061 27 16 se
1404 3054 120 22 volessero

1054 3093 125 30 rompersi,
1200 3098 45 16 con
1262 3090 93 29 l’acqua
1373 3088 89 22 diaccia
1472 3093 6 20 ;
1487 3087 38 21 in-

1053 3133 91 18 somma
1155 3125 48 23 e’fu
1211 3126 66 21 notte
1294 3125 90 20 cotesta
1397 3121 67 29 quale
1474 3120 51 22 ani-

1054 3168 37 16 me
1102 3161 103 22 dannate
1216 3163 105 24 possono
1332 3155 77 31 patire
1415 3153 59 30 pari,
1484 3153 41 30 più

1054 3194 125 23 affannosa
1189 3198 48 16 non
1248 3190 80 26 credo;
1339 3188 99 28 Quando
1449 3187 76 29 prima

1054 3228 21 22 si
1087 3228 25 21 fu
1124 3233 80 16 messo
1216 3231 32 16 un
1260 3223 40 29 po'
1310 3223 24 22 di
1345 3221 182 28 albore,impro-

1055 3261 54 22 vido
1120 3260 25 22 di
1152 3258 119 28 consiglio
1280 3258 50 21 usci
1342 3256 24 21 di
1374 3261 55 16 casa
1440 3261 6 20 ;
1458 3253 9 22 i
1478 3259 49 16 ma-

1055 3293 61 22 rinai
1128 3299 14 14 e
1151 3292 35 28 gli
1197 3290 83 30 opérai
1293 3290 37 22 usi
1340 3296 15 16 a
1366 3309 4 3 .
1373 3287 86 26 îeyarsi
1478 3286 50 29 pri-

1057 3332 37 16 ma
1105 3325 39 22 del
1154 3325 62 26 sole,
1227 3322 134 30 scorgendo
1369 3321 54 29 quel
1432 3319 96 31 giovine

1057 3359 89 29 pallido
1157 3363 81 17 errarc
1251 3358 50 20 cosi
1309 3355 134 26 matlutino,
1451 3354 22 22 si
1481 3353 47 21 fer-

1057 3397 96 17 marono
1165 3397 15 16 a
1191 3389 119 23 rimirarlo
1323 3394 42 23 per
1375 3386 138 29 maraviglia
1520 3393 7 20 ;

1058 3424 79 23 ond’ei
1148 3424 45 21 che
1204 3429 26 16 se
1242 3429 29 15 ne
1294 3423 106 24 accorsé,
1420 3427 41 22 per
1479 3422 50 19 sbt-

1059 3457 69 22 trarsi
1141 3455 49 30 agli
1201 3455 99 29 sguardi
1311 3453 82 27 allrui,
1405 3452 124 23 trovando-

1059 3491 21 22 si
1091 3495 84 23 presso
1186 3489 49 22 alla
1250 3488 83 22 chiesa
1344 3486 25 22 di
1380 3486 47 23 San
1439 3486 89 26 Rocco,

1058 3524 25 22 vi
1094 3523 77 22 entré.
1185 3521 34 23 La
1230 3527 73 16 vasca
1312 3519 132 29 dell’acqua
1459 3519 71 21 bene-

1060 3556 64 22 detta
1137 3561 40 16 era
1195 3556 69 26 posta
1277 3553 23 22 in
1321 3552 136 29 prossimità
1467 3550 63 23 délia

1060 3591 70 27 porta
1142 3587 123 28 maggiore
1275 3584 130 23 accanloal
1422 3583 109 23 battiste-

1061 3628 27 16 ro
1100 3621 61 21 dove
1179 3621 172 20 mantenevano
1364 3618 7 20 i
1386 3617 77 22 devoti
1478 3621 54 23 per-

1062 3655 152 29 peluamenle
1231 3657 85 16 accesa
1340 3656 46 15 una
1406 3648 108 29 lampada
1524 3655 6 19 ;

1062 3687 65 29 quivi
1137 3685 49 30 egli
1196 3685 90 22 intinse
1295 3683 23 22 le
1327 3683 49 21 dila
1388 3680 118 24 chinando
1514 3680 18 22 il

1063 3728 68 22 capo,
1150 3727 14 15 e
1183 3720 91 21 mentre
1297 3716 74 22 rialza
1387 3715 24 22 la
1431 3720 105 23 persona

1063 3762 43 23 per
1116 3752 117 31 segnarsi,
1247 3750 24 22 di
1290 3750 112 28 rimpetto
1418 3754 13 15 a
1452 3749 28 20 sè
1498 3746 36 28 gli

1546 2852 134 29 apparisce,
1693 2851 25 22 in
1728 2850 187 29 atteggiamento
1934 2849 87 29 uguale

1547 2885 23 23 al
1580 2892 54 19 suo,
1647 2884 68 23 Lella
1735 2883 132 30 Campana.
1890 2883 40 22 Gli
1952 2882 69 23 occhi

1547 2919 63 29 grigi
1620 2918 26 22 di
1654 2917 76 23 costei
1737 2917 145 22 mandarono
1892 2923 31 15 un
1931 2916 89 28 lampo:

1574 2964 30 4 —
1615 2951 45 22 Voi
1669 2950 61 30 qui?
1741 2952 100 21 susurré
1852 2956 14 16 a
1878 2949 47 22 fior
1936 2949 24 22 di
1971 2948 51 23 lab-

1548 2985 53 27 bra,
1612 2991 14 15 e
1644 2984 81 29 quegli
1734 2990 48 18 :.—
1794 2990 46 21 pur
1852 2985 86 26 troppo
1946 2982 6 22 !

1574 3030 31 5 —
1616 3017 32 22 Vi
1656 3016 106 23 accadde
1780 3016 102 29 qualche
1890 3015 132 29 disgrazia?

1550 3051 120 23 Venitemi
1690 3050 86 26 dietro,
1801 3049 45 22 che
1857 3049 23 22 vi
1903 3049 119 22 meneréa

1550 3091 65 16 casa.

1549 3136 4 4 .
1577 3118 88 22 Matteo
1678 3116 86 22 obbedi
1775 3121 73 17 senza
1857 3117 30 20 nè
1898 3121 61 16 anco
1967 3121 55 21 pen-

1551 3157 55 16 sare
1615 3158 15 15 a
1638 3149 80 30 quello
1730 3150 44 21 che
1795 3149 91 22 facesse
1893 3155 7 20 ;
1911 3147 76 29 giunti
1998 3147 25 22 in

1552 3191 56 16 casa
1618 3184 18 22 il
1647 3184 102 29 giovane
1760 3182 77 22 lascié
1849 3181 93 22 eadersi
1953 3186 70 22 sopra

1552 3224 47 16 una
1615 3216 110 30 seggiola
1747 3214 177 26 trambasciato,
1947 3213 76 22 allora

1553 3251 66 21 Lella
1633 3249 131 23 vedendolo
1775 3250 51 20 cosi
1851 3253 83 23 gramo
1949 3246 75 23 escla-

1552 3290 39 23 «19
1598 3291 10 20 i
1827 3303 10 7 .
1850 3311 6 4 ..
1945 3303 5 4 -

1652 3321 12 16 s
1666 3315 85 29 ignoré
1755 3313 15 23 ï
1779 3313 24 23 vi
1814 3314 87 22 sëntite
1914 3312 111 23 male?—

1579 3361 30 5 —
1620 3348 136 28 Porgetemi
1778 3354 44 22 per
1840 3347 75 22 carità
1926 3352 31 16 un
1976 3345 50 22 bic-

1554 3383 80 22 chiere
1644 3381 24 22 di
1677 3387 85 22 acqua,
1774 3380 82 22 ohimè
1866 3380 6 21 !
1882 3379 33 22 mi
1923 3379 22 22 si
1955 3377 71 24 sfian-

1555 3423 28 15 ca
1592 3416 17 21 il
1620 3420 73 17 cuore
1705 3426 27 5 —
1744 3420 13 15 e
1775 3413 75 22 bevve
1861 3413 93 27 l’acqua
1962 3419 8 20 ;
1986 3411 39 29 poi

1555 3450 127 28 riprese—
1698 3447 69 22 ho....
1789 3447 60 21 ho...
1861 3446 45 22 che
1918 3446 32 21 mi
1960 3445 67 22 abbi-

1555 3487 106 24 sognano
1677 3487 70 16 ora...
1758 3479 110 22 subito...
1890 3479 136 27 cinquanta,

1556 3515 54 22 anzi
1619 3516 110 21 sessanta
1741 3511 69 29 luigi,
1829 3511 128 22 altrimenti
1967 3517 60 15 sono

1558 3554 30 16 un
1601 3553 71 17 uomo
1689 3547 87 21 morto.
1787 3556 30 5 —

1584 3592 28 6 —
1625 3580 19 22 E
1663 3580 63 21 dove
1747 3578 90 25 volete,
1849 3576 44 22 che
1905 3576 62 21 trovi
1978 3581 50 16 ses-

1557 3615 70 20 santa
1636 3611 79 29 luigi?
1723 3614 35 19 tra
1766 3609 121 23 breffarda
1895 3615 14 15 e
1917 3607 110 23 rabbiosa

1558 3646 93 28 rispose
1662 3644 68 22 Lella
1740 3652 8 19 ;
1768 3649 39 16 ma
1819 3648 66 16 corne
1896 3641 60 22 siete
1967 3641 40 27 qui
2016 3640 13 22 ?

1559 3684 13 15 e
1584 3678 133 28 disperalo,
1737 3683 14 15 e
1772 3676 131 27 bisognoso
1915 3673 26 22 di
1963 3675 66 20 tanto

1559 3711 91 22 danaro
1657 3709 15 22 ?

1586 3742 20 22 E
1614 3742 90 22 Matteo
1716 3747 14 16 a
1741 3741 66 28 pezzi
1819 3746 14 17 e
1843 3746 14 16 a
1864 3738 100 23 bocconi
1972 3738 58 29 glie-

2048 2847 23 22 lo
2082 2847 74 27 disse,
2180 2847 79 22 dando
2270 2847 24 22 la
2307 2848 58 27 olpa
2378 2847 24 22 di
2414 2848 56 28 ogni
2482 2854 42 16 co-

2048 2887 26 16 sa
2085 2880 23 22 al
2118 2880 115 23 Generale
2242 2880 44 22 che
2296 2881 23 21 lo
2331 2887 76 16 aveva
2418 2880 104 23 sforzalo

2048 2920 14 15 a
2072 2914 82 22 venire
2164 2914 25 21 in
2201 2914 96 21 Bastia:
2322 2914 128 28 aggiunse,
2467 2914 58 29 ogni

2048 2947 85 28 giorno
2145 2947 43 28 più
2199 2947 34 22 lui
2257 2943 127 32 alluhgare
2395 2947 35 28 gli
2442 2947 83 28 ugnoli

2049 2979 29 22 da
2090 2980 104 26 tiranno;
2206 2979 106 29 oggimai
2324 2986 48 15 non
2382 2980 35 28 gli
2427 2980 22 21 si
2460 2982 65 26 pole-

2048 3019 30 15 va
2089 3013 42 28 più
2144 3019 98 22 reggere
2254 3012 120 23 accanlo?
2385 3019 71 16 avéré
2469 3019 55 16 reso

2050 3051 13 16 a
2072 3046 54 21 tutti
2138 3045 128 22 manifesto
2278 3046 18 21 il
2305 3052 45 15 suo
2359 3052 74 15 cuore
2444 3045 81 29 ingra-

2052 3081 23 19 to
2083 3084 13 16 e
2107 3078 106 29 maligno
2221 3085 6 15 :
2240 3079 23 21 ai
2271 3078 86 23 vecchi
2365 3079 72 22 amici
2447 3078 79 28 prefe-

2050 3111 48 22 rire
2111 3111 136 29 qualunque
2256 3118 81 15 nuovo
2346 3112 165 21 avventuriere
2518 3120 7 18 ;

2051 3144 73 29 quelli
2136 3143 45 22 che
2190 3143 23 22 lo
2225 3150 115 16 amarono
2351 3146 76 25 tanto,
2435 3151 13 14 e
2461 3147 65 19 tanto

2050 3177 110 28 patirono
2171 3183 43 22 per
2223 3177 42 26 lui,
2280 3177 74 22 messi
2372 3177 24 21 in
2406 3183 46 16 non
2464 3177 60 26 cale;

2051 3210 76 28 prima
2139 3210 89 21 essersi
2247 3210 154 22 innamoralo
2414 3210 22 21 di
2448 3211 79 28 quella

2051 3245 79 20 statua
2148 3243 23 21 di
2191 3249 54 16 cera
2259 3243 38 21 del
2313 3242 105 27 Boswel,
2441 3243 87 22 adesso

2052 3275 127 29 impazzire
2189 3275 78 22 dietro
2279 3275 56 29 quel
2354 3275 126 22 fastidioso
2493 3282 36 15 ar-

2052 3311 100 26 rogante
2161 3308 66 22 dello
2237 3308 107 27 Alando;
2354 3308 43 27 lui,
2404 3315 46 16 una
2464 3310 65 21 voila

2052 3342 30 21 ad
2094 3341 58 28 ogni
2162 3341 62 22 altro
2235 3341 126 29 preferito,
2375 3342 86 21 adesso
2476 3348 54 22 pos-

2052 3377 70 26 posto
2134 3381 15 15 a
2160 3374 65 27 tutti;
2235 3381 47 15 non
2293 3374 143 28 adoperarlo
2446 3375 23 21 in
2477 3374 52 22 uffi-

2054 3408 36 21 cio
2100 3408 42 28 più
2150 3408 76 27 degrio
2235 3407 45 22 che
2289 3407 82 29 quello
2379 3407 24 22 di
2415 3407 114 27 slaffiere;

2054 3440 22 23 la
2086 3446 45 16 sua
2143 3440 75 22 bocca
2230 3446 46 15 non
2287 3440 90 28 aprirsi
2388 3440 41 28 più
2442 3447 42 21 per
2496 3440 34 22 lui

2054 3480 14 16 a
2078 3472 139 23 confidenze
2229 3473 24 21 di
2261 3475 65 20 sorte
2336 3473 94 25 alcuna,
2441 3473 23 21 al
2476 3479 56 15 con-

2106 3506 6 6 «
2297 3505 6 5 .
2324 3498 12 8 '•
2387 3505 6 5 ,

2056 3509 73 19 trario
2150 3512 27 16 se
2189 3512 180 22 sopraggiunga
2387 3508 145 25 inaspelLato

2054 3541 92 20 mentre
2156 3539 47 28 egli
2217 3545 44 15 con
2270 3538 57 22 altri
2340 3539 108 28 ragiona,
2457 3541 77 19 tacer-

2055 3573 22 21 si
2085 3571 172 23 cornedavanti
2269 3577 13 16 a
2291 3574 118 25 sospetto;
2423 3577 13 15 a
2448 3574 84 25 queste

2055 3605 146 28 querimonie
2211 3610 30 15 ne
2250 3604 150 28 aggiungeva
2410 3603 60 22 altre
2478 3603 54 22 infi-

2055 3638 50 21 nité
2111 3636 181 27 accendendosi,
2301 3643 13 15 e
2322 3643 43 22 per
2377 3638 51 20 cosi
2436 3636 52 21 dire
2497 3636 37 21 in-

2054 3669 153 29 viperendosi
2222 3669 39 22 col
2271 3675 78 16 suono
2361 3669 63 21 délia
2436 3668 98 28 propria

2055 3709 60 15 voce
2120 3702 39 22 nel
2164 3701 70 23 modo
2239 3701 45 22 che
2288 3702 18 21 il
2311 3701 96 22 eavallo
2413 3700 122 22 inferoeis-

2057 3741 27 16 ce
2089 3735 50 22 allô
2145 3734 88 28 squillo
2239 3734 63 21 dclle
2309 3733 92 22 trombe
2407 3733 24 21 di
2435 3737 97 23 guerra.

2224 3767 163 27 (Cuntinua)
