2587 3873
81 148 82 19 nome;
176 139 97 29 predica
284 138 22 21 di
320 138 70 21 Pâtre
401 135 94 22 dTslria
505 141 6 15 :
527 135 23 20 A

80 178 39 20 vit
119 182 24 19 a,
158 178 76 17 corsa
248 177 44 15 ver
292 176 30 16 su
341 169 99 22 Vunica
451 167 99 28 palma,

80 210 16 21 V
98 209 64 22 unie
163 214 16 14 a
190 206 64 24 luce,
271 211 15 14 a
297 202 130 28 Vesempiu
440 201 28 21 di
479 199 71 22 Sauf

78 240 156 24 Antuninti;
245 236 80 29 parole
337 234 81 23 chiare
430 240 12 14 e
454 232 44 21 ben
511 238 40 14 oa-

80 274 51 27 pite
145 272 29 21 da
187 269 153 22 Tassistenza.

108 306 69 26 Dopu
198 301 141 25 mezziornu,
360 305 68 16 corse
446 297 24 21 di
489 295 61 22 bici-

80 338 72 22 cletle
167 343 12 14 e
191 335 24 21 di
229 333 95 22 sumeri.
343 328 206 31 Riprisentazione

80 371 24 21 di
115 369 53 21 “La
180 368 50 21 fille
240 367 30 21 du
280 371 102 16 sonneur
389 363 29 21 de
427 360 120 26 cloches”,

80 403 74 22 recita
159 404 22 19 ta
201 400 30 21 da
252 406 13 14 a
285 397 112 29 giuventù
418 393 131 23 femminile

79 435 136 22 statinante.
229 431 50 22 Bon
290 434 121 19 successu,
425 433 37 15 ma
474 425 74 22 felici-

80 466 86 23 tazioni
187 463 99 30 speciali
308 462 22 21 a'
351 459 124 30 signurina
494 457 53 22 Glia

79 498 120 25 Ancbetli,
212 495 163 29 doppiamente
388 491 108 23 meritate
506 496 42 22 per

79 540 14 14 a
106 531 75 22 récita
196 529 23 21 di
233 525 134 29 monologhi
379 532 13 14 c
402 523 90 30 puesie.
511 528 38 15 se-

80 564 76 22 conda
173 559 217 30 rapprisenlazione
407 557 24 21 di
449 555 29 22 “I
489 555 59 22 Suc-

80 596 78 23 cessi”
177 602 29 14 eu
221 594 107 27 stupente
345 590 99 22 riuscila
461 596 13 14 e
491 594 57 16 ova-

78 631 69 21 zione
161 628 19 21 a’
193 625 122 30 signurina
325 623 101 22 Silvani.
449 621 100 21 Pruces-

79 663 68 21 sionc
159 660 22 21 di
195 667 13 13 u
221 658 81 26 Sanlu,
313 664 27 14 eu
353 655 100 25 musica,
463 652 60 23 sin’a
532 659 15 14 u

80 694 153 23 monunienlu
246 691 31 21 d’i
288 689 68 23 morti
368 688 25 21 di
405 692 94 24 guerra.

107 728 21 21 A
142 732 61 19 sera,
226 722 143 30 repetizione
381 721 24 21 di
425 719 53 21 “La
498 717 50 22 fille

79 760 32 22 du
123 764 104 17 sonneur
239 757 29 21 de
279 755 100 22 Cloches
389 754 5 8 ’
407 753 60 21 bene
485 751 62 22 rius-

79 793 58 26 cita,
159 799 12 13 e
186 791 61 21 duve
267 796 13 14 e
298 788 103 29 giovane
415 785 83 22 artiste
519 785 28 20 sô

78 828 63 20 State
154 826 57 20 tulle
223 821 131 23 eccellenti.
363 820 64 21 Coru
439 818 24 22 di
474 817 74 22 dami-

79 858 70 26 celle,
170 857 88 21 direttu
272 855 29 21 da
312 862 13 14 a
336 854 98 28 signora
446 852 100 21 Tavera.

81 891 115 22 Discorsu
213 887 136 30 applauditu
370 886 24 21 di
413 892 14 15 u
453 884 95 22 dutlore

82 923 72 23 Rossi
168 929 71 21 sopra
254 928 15 15 u
285 920 144 22 muvimentu
443 916 104 23 cursistu

80 964 13 14 e
104 957 90 28 l’opéra
206 955 24 21 di
242 962 15 14 u
269 951 186 30 Sampetracciu.

108 990 36 21 Da
156 988 86 22 ondeci
253 994 14 15 a
277 987 14 21 5
302 993 39 15 ore
353 986 24 21 di
390 990 78 20 mane,
482 982 66 22 ballu

79 1030 28 15 eu
120 1029 14 15 a
146 1022 90 22 musica
248 1019 131 30 d’Ajaeciu.
392 1016 156 24 Diverlimen-

80 1060 24 18 tu
127 1054 112 30 generale
264 1060 13 15 e
298 1052 132 22 bunissima
454 1049 92 22 ricetta.

79 1090 91 26 Questu
181 1094 40 15 era
239 1086 148 29 organizzatu
398 1084 31 22 da
441 1090 15 14 u
474 1081 75 23 cumi-

79 1125 76 23 tatu,e
163 1119 170 29 independente
344 1118 30 22 da
383 1117 90 28 Topera
483 1115 65 22 chie-

78 1155 53 22 sale
142 1154 24 22 di
177 1154 70 21 Prete
259 1152 78 23 Felce.

108 1188 41 22 C’è
161 1190 63 19 statu
237 1186 58 22 folia
304 1192 13 15 a
328 1192 13 14 e
353 1182 195 24 manifestazione

79 1222 113 28 religiose
204 1227 12 15 e
228 1227 14 15 a
254 1226 13 15 e
278 1217 193 31 ripresentazioni
490 1215 58 23 arti-

78 1256 92 25 stiche;
191 1254 64 22 n’era
270 1252 89 23 cullatu
380 1252 30 21 da
422 1250 93 29 ajacciu
534 1256 14 15 e

78 1289 67 21 n’era
159 1288 70 28 juntu
244 1292 69 16 senza
326 1287 72 20 contu
415 1284 30 22 da
460 1284 8 21 i
480 1282 67 30 paesi

78 1320 166 23 circunvicini.
267 1320 44 21 Per
321 1319 86 21 assiste
423 1324 14 15 a
446 1323 12 15 e
478 1322 70 23 pezze

79 1361 77 20 corse,
171 1360 74 15 eranu
263 1352 80 22 cullati
363 1358 61 15 ancu
444 1351 8 21 i
471 1349 75 23 nostri

77 1388 72 22 amici
162 1388 70 21 Petru
245 1394 12 14 e
269 1386 107 22 Zarafinu
388 1385 88 26 Rocca,
484 1384 63 22 Con-

79 1426 22 19 te
114 1421 103 26 Peraldi,
232 1421 57 21 F.A.
302 1419 111 23 Franchi.

106 1455 90 22 Evviva
207 1453 115 23 Ucciani!
334 1452 20 22 E
365 1452 110 28 campinu
487 1458 14 14 e
511 1450 35 23 so’

74 1490 67 28 jente
161 1488 22 21 di
202 1487 120 22 iniziativa
342 1493 28 15 eu
386 1485 69 22 Prete
475 1484 72 22 Felce

77 1523 24 21 in
119 1524 67 19 testa.
206 1520 170 25 Un’altr’annu,
396 1525 13 15 e
424 1519 64 21 forse
500 1518 47 28 pri-

78 1562 47 20 ma,
148 1561 29 15 ne
197 1554 163 29 riparleremu,
371 1552 89 29 perche
481 1551 65 22 Pomi

76 1588 101 22 elettrici
198 1594 63 22 ponu
273 1589 38 20 stà
322 1593 61 22 pocu
395 1593 14 14 a
422 1592 14 15 u
454 1585 91 28 riposu.

78 1622 98 28 Eppuru
200 1621 71 22 Prete
293 1620 70 22 Felce
374 1626 31 15 ne
429 1618 117 23 averebbe

78 1658 68 19 tantu
160 1655 102 27 bisognu
271 1654 6 21 !

330 1688 23 21 U
365 1687 151 26 Spettatore.

221 1790 43 48 in
296 1790 107 47 Mare

142 1879 74 21 Zècula,
225 1879 67 18 bianca
300 1878 99 18 barchetta
404 1882 7 17 ;

143 1904 58 22 Salta,
210 1904 102 22 chioppula
324 1904 19 17 di
350 1908 48 13 noce
404 1908 6 16 ;

144 1929 56 18 Sottu
207 1930 22 17 lu
238 1929 43 18 celu
288 1929 31 17 chi
326 1933 50 16 coce,

143 1955 35 18 Yai
185 1955 30 21 pe’
223 1954 108 17 Timmensu
339 1954 48 17 mar’
394 1953 5 18 !

142 2000 75 21 Zècula,
226 2000 68 17 bianca
301 1999 98 18 barchetta
405 2003 6 17 ;

143 2025 59 21 Salta,
210 2025 102 21 chioppula
324 2024 20 17 di
352 2028 47 14 noce
405 2029 6 16 ;

142 2050 69 18 Nisun’
220 2049 73 23 scogliu
300 2049 17 18 ti
324 2049 24 22 pô
355 2053 56 17 noce,

143 2075 25 18 Sè
176 2079 56 18 persa
240 2075 21 18 in
269 2074 106 18 l’immensu
385 2074 48 18 mar’
438 2073 6 18 !

142 2120 74 21 Zècula,
225 2120 67 17 bianca
300 2119 99 18 barchetta
406 2124 6 16 ;

142 2145 59 21 Salta,
213 2144 103 23 chioppula
323 2144 18 17 di
350 2149 48 13 noce
404 2149 6 16 ;

141 2170 49 18 Pare
203 2169 105 23 ch’ingonfj
315 2170 18 17 la
345 2174 55 16 voce,

143 2195 21 19 Si
171 2195 54 18 turbi
239 2196 105 17 l’immensu
353 2194 58 18 mar’!

97 2241 30 18 Un
134 2241 25 21 pò
166 2240 34 22 più
208 2241 66 17 nunda
281 2240 60 18 ormai
349 2240 19 17 la
376 2240 27 17 to’
409 2239 59 22 guida
473 2244 5 16 ;

96 2266 77 21 Inutili,
181 2266 16 17 li
205 2266 69 21 canapi
282 2270 10 13 e
300 2266 19 17 le
326 2270 52 13 rame
383 2265 6 18 !

98 2291 73 21 Quallà,
180 2291 72 22 quallà,
261 2290 110 23 sfolgoranu
379 2291 20 17 le
406 2290 84 20 fiamme,

96 2316 15 18 E
125 2316 77 22 scoppia
208 2316 43 17 Tira
259 2316 21 17 di
292 2315 112 22 Pacquaceia
411 2315 68 18 infida.

97 2367 9 17 I
114 2366 53 23 pesci
175 2366 22 18 sò
204 2366 56 18 falati
268 2370 33 18 per
308 2366 79 18 Tabissu
394 2371 6 16 ;

97 2391 72 23 Scappa
176 2396 53 13 ancu.
233 2392 28 20 tu,
271 2391 29 17 chi
308 2391 20 17 lu
335 2392 58 20 portu
400 2390 12 18 è
420 2394 68 14 serenu
494 2395 6 16 ;

99 2416 15 18 O
123 2416 79 21 marinà,
211 2416 87 22 strigniti
306 2416 50 17 forte
362 2416 23 17 in
393 2420 49 13 senu

98 2441 44 19 ’Ssu
157 2441 83 18 vecchïu
252 2441 28 18 to’
286 2445 113 17 cumpagnu,
408 2446 14 12 u
435 2440 111 18 erucifissu.

97 2491 63 18 S’alza
168 2495 11 14 e
186 2491 75 18 ricasca
275 2491 21 17 lu
303 2491 69 22 fragile
380 2492 67 21 legnu,

97 2516 18 18 U
123 2516 80 22 maghiu
210 2517 78 21 piegne,
296 2516 19 17 la
321 2516 44 17 vêla
373 2517 19 17 si
399 2516 81 22 sdrisge,

96 2541 106 18 Assaltanu
209 2541 35 22 più
256 2541 49 18 forte
315 2541 62 17 Tonde
386 2540 72 23 grisgè,

97 2566 37 17 Più
142 2571 40 13 nun
191 2566 19 18 ci
217 2566 45 18 vale
270 2566 57 20 forza,
336 2569 12 14 e
355 2570 70 14 mancu
432 2565 92 23 ingegnu.

97 2616 36 18 Più
141 2616 63 21 luttti,
212 2621 12 13 e
232 2616 34 22 più
275 2616 19 17 di
308 2620 12 12 u
327 2616 47 17 mar’
383 2620 65 14 cresce
455 2616 20 17 la
484 2615 62 21 furia;

97 2641 88 21 L’acqua,
194 2645 35 18 per
237 2642 62 20 entre,
308 2640 24 18 ha
344 2642 59 16 trovu
411 2641 21 17 lu
439 2640 75 18 tafone!

97 2666 51 18 Dalli
155 2665 6 17 !
169 2666 52 17 biota
227 2670 12 13 e
246 2666 72 17 ribiota
324 2666 22 17 lu
351 2667 95 21 stagnone
452 2670 6 12 :

97 2691 97 22 Guraggiu
201 2690 5 18 !
215 2691 31 17 Un
252 2691 16 17 ti
277 2691 62 17 stancà
345 2690 5 18 !
356 2691 32 17 Ma
394 2691 20 17 fà
422 2691 20 17 di
451 2691 52 17 furia
509 2690 6 18 !

97 2741 83 21 Guarda,
195 2741 21 17 lu
229 2742 56 21 portu
293 2741 11 17 è
311 2741 71 18 bianeu
395 2743 25 16 da
427 2742 19 17 la
453 2741 95 21 schiuma,

98 2767 32 17 Ma
137 2766 64 22 quallà
209 2766 29 18 c’è
251 2767 20 17 la
284 2771 44 17 pace
335 2771 12 13 e
354 2767 21 18 la
384 2767 86 18 salvezza
476 2766 6 18 !
509 2781 5 5 .

97 2791 16 18 E
121 2792 79 22 ghiente
213 2796 39 13 cun
261 2792 75 17 ansiosa
347 2793 115 17 tennerezza

97 2816 95 22 T’aspetta
198 2816 31 18 !...
238 2817 36 17 Più
285 2817 80 17 luntanu
378 2822 29 13 un
414 2818 53 17 tettu
473 2817 76 26 fuma..o

97 2867 69 17 Mancu
173 2866 22 17 in
208 2867 29 17 tal
245 2871 45 14 casu
298 2871 39 13 nun
346 2867 29 18 sie
383 2872 28 13 un
418 2867 96 23 vigliaccu
520 2872 6 17 ;

142 2891 64 21 Rittu,
214 2891 62 19 faccia
283 2897 11 13 a
308 2892 15 17 li
329 2893 57 17 venti
395 2892 5 18 !

143 2915 30 18 Un
180 2916 48 18 cede
239 2921 11 13 a
262 2917 104 18 Telementi
373 2917 5 17 !

98 2941 31 18 Ma
136 2945 58 14 cumu
199 2940 10 19 ?
216 2942 18 17 ti
248 2946 26 13 ne
281 2942 62 17 caschi
351 2942 60 18 tristu
420 2947 12 13 e
438 2942 62 18 fiaccu
506 2941 10 19 ?

98 2991 32 17 Ah
138 2990 5 18 !
152 2995 40 13 nun
200 2990 139 19 t’abbandunàl
347 2991 31 18 Ma
386 2996 76 18 sempre
469 2992 57 18 lutta.

98 3016 128 21 Quantunque
235 3016 20 17 di
269 3016 109 18 stanchezza
387 3017 29 17 sie
424 3021 67 13 arresu
498 3016 6 18 !

97 3041 52 17 Veni
156 3045 33 17 per
199 3041 35 21 qui
240 3046 5 17 ;
254 3041 54 22 porta
315 3041 33 22 qui
354 3041 21 17 lu
383 3042 27 17 to’
418 3046 49 18 pesu
472 3047 6 16 ;

97 3065 69 18 Cionfa
173 3066 20 17 la
206 3065 68 18 barca!
283 3065 72 23 Cionfa,
363 3066 65 18 cionfa
434 3067 81 18 tutta....

98 3115 74 18 Lavatu
180 3120 11 13 e
199 3120 56 17 neru,
264 3116 35 17 avà
312 3116 17 18 si
336 3117 50 17 vede
394 3122 11 12 a
413 3117 79 18 schersu

97 3140 18 18 U
122 3141 60 21 legnu
191 3141 32 17 chi
233 3141 111 21 Tacquaccia
357 3142 54 17 volta
420 3146 11 13 e
438 3142 42 22 gira
486 3147 5 16 ;

97 3165 82 18 Crudele
186 3166 61 22 mar’,
255 3166 69 22 perché
336 3166 21 17 sè
364 3167 57 17 tantu
431 3166 20 18 in
459 3166 30 18 ira
493 3166 12 18 ?

146 3189 64 19 Ormai
215 3192 31 16 tut
248 3192 22 16 tu
277 3191 11 17 è
295 3194 57 18 persu

98 3240 66 21 Barca,
178 3241 44 20 reti,
237 3241 85 21 furtuna,
332 3242 55 17 tnttu
395 3242 18 18 a’
420 3241 59 18 fondu
485 3241 5 17 !

97 3264 32 18 Ma
138 3266 29 20 tu,
176 3264 22 19 sè
211 3269 77 19 sempre
293 3265 54 22 vivu,
356 3271 11 13 o
375 3267 117 22 disgraziatu
498 3266 6 18 !

97 3289 18 18 U
123 3289 79 23 maghiu
214 3291 69 17 troncu
290 3291 21 17 lu
318 3291 47 17 t’hai
373 3291 131 22 abbracciatu,

97 3313 16 18 E
121 3314 41 18 ’ssu
172 3315 80 22 maghiu
260 3315 12 17 è
279 3320 33 17 per
318 3316 19 17 te
345 3316 54 18 tuttu
406 3317 22 17 lu
435 3317 102 18 mondu....

98 3367 48 17 Nota
154 3371 59 14 versu
224 3368 21 17 la
257 3368 44 18 riva
308 3372 21 14 se
336 3369 22 17 tu
366 3369 34 22 poi
405 3375 6 16 ;

97 3391 78 18 Chiama
181 3391 5 18 !
196 3392 81 18 Senterà
287 3393 51 17 forse
351 3394 117 21 qualchissia
474 3399 6 17 ;

97 3416 76 22 Ajutati
179 3416 5 17 !
194 3416 108 19 Cuneentra
314 3418 99 23 l'energia,

97 3440 63 18 Pensa
167 3445 11 13 a
185 3441 21 17 la
214 3446 51 17 casa,
274 3447 11 12 a
292 3442 16 18 li
315 3442 72 22 figlioli
396 3444 28 17 toi
431 3443 5 18 !

97 3490 75 22 Strigni
178 3491 22 17 lu
207 3492 86 22 maghiu,
302 3496 11 14 e
324 3492 88 23 basgialu
420 3494 21 17 di
448 3497 43 14 core
496 3494 6 17 !

97 3515 78 17 Guarda
181 3515 5 17 !
195 3516 29 18 Lu
238 3518 44 17 celu
289 3517 18 18 si
312 3517 106 19 schiarisce
425 3523 79 17 appena,

143 3540 70 18 L’onda
226 3541 19 18 si
252 3546 104 18 rasséréna,

97 3564 16 17 E
122 3565 17 17 si
147 3565 49 17 vede
207 3566 22 17 lu
237 3566 53 18 fume
303 3566 46 18 d’un
355 3572 103 18 vapore....

98 3616 70 22 Basgia
173 3617 23 17 lu
204 3618 84 22 maghiu,
300 3623 12 13 e
317 3619 62 18 tenilu
387 3620 24 18 bè
419 3620 71 18 strintu
495 3625 7 17 ;

98 3641 115 22 Ripiglierai
225 3647 29 13 un
269 3643 80 21 ghiornu
356 3644 22 17 lu
386 3646 26 16 to’
421 3646 57 16 cantu
483 3650 6 16 ;

97 3665 32 18 Se’
137 3666 118 23 sfurtunatu,
266 3667 11 17 è
284 3672 45 13 vern
334 3673 6 16 ;
355 3674 32 12 ma
397 3670 84 21 intantu,

145 3690 30 17 Se’
184 3692 57 17 salvu
248 3691 5 18 !
264 3692 33 17 Hai
310 3692 57 18 vintu
374 3693 5 17 !

336 3730 25 18 G.
372 3731 25 18 di
404 3732 26 18 la
438 3730 88 21 Grotta.

613 141 177 46 Giurnale
826 140 38 45 di
898 152 24 30 u
957 135 163 58 Viaghiu
1156 149 23 30 a
1214 134 120 47 Roma

953 206 89 47 d’un
1077 204 216 57 Pellegrinu
1328 200 180 47 anonimu

984 268 104 33 (Segui
1089 269 44 29 tu)

603 369 24 22 U
639 369 66 27 Papa
716 369 32 21 ha
760 373 26 22 74
798 366 66 25 anni,
874 372 32 14 un
916 371 59 21 pare
987 364 59 22 mic-

575 408 28 15 ca
614 402 113 24 vecchiu,
749 406 38 16 ma
807 406 32 14 un
860 404 63 21 pocu
942 397 104 28 fatigatu

574 434 141 27 quand'ellu
727 434 77 26 parla.

602 467 27 21 In
643 466 79 27 piazza
734 472 13 14 a
759 464 48 22 San
820 463 84 25 Petru,
920 463 22 20 ci
957 461 88 22 ficche-

575 506 49 19 mu,
638 499 25 21 in
675 498 76 27 quelli
762 504 13 13 «
782 496 125 22 trammuli
914 502 13 14 z>
937 501 13 15 e
958 495 64 24 taxi,
1031 500 13 14 e

574 533 49 25 fila,
635 532 49 25 fila,
703 531 40 21 chi
759 529 123 29 l’appititu
901 528 100 27 mughia
1019 527 24 21 in

574 571 77 21 corpu
662 565 25 21 di
701 563 122 28 parecchj.

602 599 24 20 A
640 600 37 19 tre
692 603 45 16 ore
750 598 98 25 passate
865 594 113 28 jugnimu
998 600 14 15 a
1029 600 15 14 u

574 630 151 26 locu,e,tutti
738 629 253 26 cuntenti,magnemu
1002 627 42 20 ala

575 669 108 15 rumana.

603 696 76 27 Eppoi
699 695 23 21 ci
740 695 65 21 femu
825 700 32 15 un
878 694 54 27 giru
954 699 13 15 a
986 692 58 28 pedi

574 735 45 21 per
630 728 74 22 Santa
716 728 79 21 Maria
807 727 137 27 Maggiore,
960 725 84 28 diggià

575 762 106 25 visitata,
694 768 14 15 a
720 761 46 21 Via
778 760 132 22 Naziunale
926 760 66 20 duve
1003 758 41 22 no’

574 795 122 27 pigliemu
708 800 33 15 un
753 794 48 21 bon
815 793 59 21 caffè
889 794 124 26 espresso,
1031 798 14 15 a

575 828 80 27 piazza
672 828 25 21 di
719 827 109 21 Venezia
849 826 64 21 duve
927 825 117 22 visitemu

574 867 13 15 a
597 861 64 21 bella
673 860 86 22 chiesa
775 860 23 21 di
813 866 15 15 u
841 859 97 22 Gesù...

629 923 139 22 Dumenica
779 928 15 16 a
806 928 65 21 sera,
884 922 32 21 29
925 921 90 27 jugnu.

602 968 115 27 Ripigliu
737 974 13 14 a
767 973 89 21 penna.
881 966 83 28 Oghie
981 966 64 22 ’emu

574 1001 67 21 vistu
653 1007 14 15 e
677 1000 177 28 magnificenze
872 1000 26 22 di
912 1006 14 15 a
939 999 107 22 Canoni-

573 1034 100 22 zazione
684 1034 26 21 di
723 1040 15 14 u
749 1036 87 19 nostru
851 1033 75 22 Santu
941 1033 103 22 Teofilu.

575 1067 37 22 Da
623 1067 102 22 sett’ore
738 1067 24 21 di
778 1067 91 21 matina
887 1073 84 15 eramu
988 1067 57 22 tutti

575 1102 26 20 in
612 1100 48 22 San
673 1101 83 21 Petru.
769 1100 10 21 I
786 1100 81 22 nostri
877 1100 64 27 preti
951 1100 21 21 ci
981 1100 66 21 hanu

575 1135 58 20 datu
650 1140 14 15 e
687 1135 80 26 piazze
787 1135 122 21 riservate
933 1140 13 15 a
965 1139 81 16 mezzu

573 1174 47 15 una
632 1167 60 22 folia
707 1174 111 19 enorme,
839 1168 30 21 ed
880 1167 43 22 elli
944 1166 27 23 sò
992 1173 55 21 par-

573 1202 49 21 tuti
634 1207 14 16 e
659 1208 34 15 un
705 1201 29 23 sò
746 1202 114 21 riturnati
872 1207 14 16 a
897 1201 112 22 truvacci
1020 1207 27 15 ca

574 1235 26 22 in
611 1235 173 27 prucessione,
797 1235 103 21 candela
921 1235 26 21 in
960 1241 85 20 manu,

572 1269 219 27 accumpagnendu
814 1275 16 14 u
855 1268 77 22 Santu
963 1268 82 26 Pâtre,

575 1304 99 25 purtatu
685 1302 31 21 da
736 1302 7 20 i
755 1301 36 22 so’
812 1302 111 25 ufficiali,
944 1303 102 20 nantira

574 1335 67 21 sedia
663 1334 111 22 d’onore.
803 1334 98 22 Intantu
926 1334 40 22 chi
984 1334 62 22 Tore

574 1368 146 28 d’aspettera
729 1368 108 27 passinu,
848 1369 22 20 ci
880 1368 72 21 demu
964 1374 14 15 a
987 1368 59 22 fidià

573 1408 14 15 e
598 1402 105 22 bellezze
713 1402 26 21 di
750 1408 13 15 a
775 1401 84 22 chiesa
877 1403 64 20 tutta
957 1402 90 21 illumi-

573 1438 57 19 nata
641 1436 26 20 di
678 1435 137 27 lamperine
826 1435 131 22 elettriche
972 1435 75 22 d'altu

573 1475 14 15 a
597 1469 84 21 bassu.
695 1468 30 22 Ci
746 1474 31 15 ne
795 1474 56 16 sera
871 1469 129 21 centinare
1020 1469 25 22 di

573 1503 67 25 mila,
662 1502 81 28 qual’è
765 1502 39 21 chi
826 1502 32 28 pò
882 1503 106 21 cuntalle
997 1503 13 20 ?
1030 1502 18 22 E

573 1538 95 26 parate,
678 1538 39 19 tra
727 1535 108 26 Tarcate,
853 1536 28 22 sò
900 1536 102 22 fasciate
1021 1537 25 21 di

573 1570 102 21 tendine
686 1568 93 29 longhe
791 1569 26 21 in
830 1571 53 20 seta
894 1575 79 16 rossa.
985 1569 62 22 L’al-

571 1605 54 20 tare
639 1603 88 27 papale
743 1604 88 26 spunta
851 1608 29 16 eu
895 1609 13 15 e
922 1603 37 22 so’
977 1605 70 25 quat-

573 1639 41 19 tru
626 1637 107 21 culonne
746 1638 67 20 torte
828 1642 13 15 e
852 1642 60 16 nere
927 1642 71 16 cume
1011 1643 34 15 un

572 1670 62 22 fiore
645 1675 122 22 pumposu
779 1670 26 21 in
818 1675 57 16 core
886 1670 24 21 di
923 1669 124 22 l’immen-

572 1704 49 22 sità
630 1705 131 21 luminosa.
782 1704 106 26 Quassù,
904 1704 26 21 in
945 1704 100 22 darretu

572 1744 14 15 a
603 1737 139 27 l’altarone,
766 1738 21 21 si
808 1743 89 22 scopre
918 1738 82 21 teurie
1019 1737 26 22 di

572 1771 86 22 veschi
678 1771 100 22 viuletti
799 1777 14 15 e
831 1771 168 22 imbasciatori
1020 1771 24 21 di

573 1806 72 20 centu
656 1805 114 21 nazione.
783 1804 108 22 Ufficiali
903 1804 25 21 di
942 1810 12 15 e
967 1804 79 22 Guar-

572 1838 41 21 die
627 1839 86 26 papale
731 1844 14 15 e
758 1838 82 22 sullati
861 1838 91 22 armati
971 1837 75 22 d’ala-

572 1872 75 21 barde
672 1872 194 28 spassieghianu
885 1878 14 15 e
922 1872 88 21 facenu
1031 1877 14 15 a

571 1911 69 21 sepe.
661 1905 69 22 Tutti
747 1906 92 24 strinti,
857 1911 32 15 un
910 1906 21 20 si
950 1904 33 28 pô
1002 1904 45 27 più

571 1944 59 18 e.sce
639 1946 6 19 ;
659 1938 35 22 c’è
706 1938 102 28 ghiente
821 1938 84 27 d’ogni
917 1940 71 25 parte
1006 1938 40 21 del

571 1972 102 21 mondu.

598 2005 24 21 A
631 2004 113 26 nov’ore,
752 2005 22 21 si
783 2007 72 19 sente
864 2011 33 15 un
906 2006 73 20 cantu
988 2010 58 22 pru-

572 2038 77 22 fondu
658 2038 40 22 chi
711 2038 133 22 s’abbicina
853 2039 31 20 da
895 2038 52 21 noi.
960 2037 85 28 Longu

572 2072 24 21 di
605 2078 15 14 e
628 2072 115 27 sagristie
751 2072 184 27 sampetraccie,
944 2071 102 28 viaghia

571 2111 14 15 a
604 2105 161 27 prucessione
787 2105 26 21 di
834 2111 14 15 e
866 2105 131 27 parocchie
1021 2105 24 21 di

571 2138 81 22 Roma
666 2145 30 16 eu
706 2145 14 15 e
732 2138 27 22 sô
771 2139 179 22 cunfraternite
964 2139 84 21 diver-

572 2177 27 16 se
610 2172 25 21 di
648 2173 116 26 custumi,
783 2178 13 15 e
808 2172 35 22 so’
862 2178 71 16 croce
953 2178 13 15 e
979 2174 67 19 sten-

573 2206 70 21 dardi
655 2211 14 15 e
682 2211 122 22 campane
816 2208 98 25 purtate
925 2206 30 21 da
966 2205 79 22 Tomi.

572 2239 78 28 Eppoi
674 2239 125 28 principia
822 2239 140 22 Tinfilarata
989 2240 25 20 di
1038 2239 8 21 i

572 2273 89 27 prelati
674 2273 27 21 in
712 2273 84 21 mitria
809 2280 14 14 e
834 2279 86 22 cappa,
937 2273 109 25 viuletti,

572 2307 73 25 rossi,
666 2307 103 25 russini,
787 2307 82 26 bruni,
887 2307 158 27 purpuranci.

573 2340 45 22 C’è
637 2342 143 19 veramente
791 2345 14 16 a
819 2340 91 22 Chiesa
922 2340 124 22 Cattolica

572 2373 51 28 qui,
636 2373 27 21 in
671 2373 65 27 pede
747 2379 14 15 e
773 2379 116 21 persone,
900 2376 92 19 armata
1003 2379 44 21 pa-

573 2407 69 21 cifica
662 2413 13 15 e
693 2408 191 26 cunquistatrice
902 2408 24 20 di
947 2413 12 15 a
971 2407 73 21 Fede.

573 2439 114 22 L’ultimu
698 2445 91 21 appare
800 2447 18 15 u
829 2440 66 28 Papa
909 2446 31 16 eu
951 2441 93 21 atiara.

572 2485 30 4 —
612 2472 97 22 Evviva
720 2472 23 23 il
752 2473 90 28 Papa!
853 2474 97 21 Evviva
961 2473 23 21 il
997 2473 50 22 Pa-

573 2509 35 25 pa,
615 2506 10 20 !

600 2539 48 22 Tra
660 2540 8 21 i
681 2540 92 21 rumori
784 2540 26 21 di
822 2546 14 15 a
844 2540 75 27 jente,
929 2539 117 28 l’applau-

574 2573 30 25 si,
618 2579 15 14 u
644 2573 149 27 strepitume
802 2574 26 21 di
840 2573 8 21 i
857 2574 68 26 passi
938 2580 13 14 e
959 2574 25 20 di
994 2573 53 22 l’ar-

573 2611 49 20 me,
634 2612 13 14 e
659 2606 122 25 musiche,
793 2608 65 20 altru
869 2612 32 16 un
911 2606 70 22 s’alza
1000 2606 46 22 che

574 2641 41 19 stu
631 2640 74 26 gridu
725 2641 104 25 putente
849 2640 40 21 chi
910 2640 22 21 si
952 2640 93 27 ripete,

574 2672 114 28 ingrossa
700 2678 72 16 cume
783 2679 32 15 un
827 2673 82 25 fiume,
917 2678 14 16 e
942 2679 33 15 un
987 2673 61 21 s’ac-

575 2705 70 22 cheta
659 2706 45 21 che
716 2706 99 24 quandu
829 2713 17 14 u
858 2706 65 27 Papa
939 2707 20 21 si
971 2712 76 16 varca

576 2738 24 22 di
613 2744 14 15 a
638 2739 68 21 sedia
726 2745 15 15 e
749 2740 63 21 colla
824 2746 13 15 a
847 2739 104 22 Taltare.
968 2739 79 22 Sentu

575 2772 107 21 accant’a
694 2772 58 22 noi:
773 2772 62 22 Vive
847 2772 23 22 le
880 2772 85 28 Pape!
985 2772 62 22 Vive

576 2804 22 21 le
610 2804 79 28 Pape!
699 2805 43 21 Ma
751 2805 83 22 l’altru
845 2806 73 27 gridu
932 2806 26 21 in
967 2806 81 21 italia—

575 2843 42 16 nu:
632 2837 96 23 Evviva
740 2838 20 21 il
770 2838 87 28 Papa!
868 2844 179 22 supara,prova

576 2871 86 22 ch’ellu
685 2871 36 22 c’è
744 2872 61 21 assai
829 2873 93 26 populu
945 2873 101 25 talianu,

575 2904 95 22 benchè
678 2906 21 20 si
710 2905 70 21 tratti
793 2905 25 21 di
839 2905 114 22 santificà
963 2906 8 21 i
983 2911 63 16 mar-

573 2938 43 20 tiri
635 2937 131 26 Canadesi,
788 2943 45 16 san
854 2938 162 27 Bellarminu,
1032 2945 15 15 e

575 2976 45 16 san
631 2971 125 22 Teofilu.E
766 2971 120 21 bandiere
897 2971 40 22 chi
949 2978 98 21 rappre-

574 3005 105 20 sentanu
691 3004 32 21 sti
736 3004 73 27 santi,
822 3005 25 21 in
859 3005 64 21 belle
943 3005 103 27 pitture,

576 3038 20 20 ci
610 3043 107 21 passanu
735 3037 110 26 davanti,
859 3043 13 15 e
883 3037 100 24 fissemu
1002 3039 44 21 noi

574 3070 56 21 altri
643 3069 73 23 Corsi
735 3071 81 26 quella
828 3071 25 21 di
865 3077 17 15 u
892 3073 87 20 nostru
991 3072 57 22 bea-

574 3103 84 21 tucciu
676 3102 42 22 chi
730 3109 57 21 pare
798 3109 35 16 un
844 3110 45 15 san
908 3104 139 23 Francescu

574 3136 41 21 chi
628 3136 63 21 colla
703 3136 99 28 gioiosu
815 3137 27 21 in
858 3138 62 20 celu.

601 3168 19 21 E
631 3169 21 21 ci
664 3170 108 21 sentimu
784 3167 13 23 à
809 3175 61 22 gran
881 3176 82 16 messa
973 3177 75 22 papa-

573 3202 33 21 le.
619 3200 43 22 C’è
673 3202 70 21 mille
754 3203 116 21 orazione
881 3204 113 26 sulenne,
1002 3205 46 21 let-

574 3236 65 24 ture,
654 3235 122 28 preghere
793 3242 15 15 e
820 3237 64 21 canti
905 3237 25 21 in
950 3238 98 22 musica

574 3269 118 21 esecutati
713 3269 31 21 da
757 3275 12 15 a
783 3269 120 23 Cantoria
922 3272 123 26 vaticana,

574 3306 65 16 sonu
652 3302 25 20 di
689 3308 15 14 e
714 3302 135 22 trumbette
866 3303 137 28 d’argentu.
1023 3305 24 20 A

574 3339 65 16 voce
651 3333 54 23 dfu
717 3334 74 27 Papa,
806 3335 22 21 si
840 3338 70 19 sente
931 3336 72 27 bene,
1022 3338 23 21 ci

574 3366 28 22 sò
613 3366 208 28 Talti-parladori.
833 3368 18 21 E
862 3374 13 15 a
886 3368 37 22 so’
931 3375 114 21 persona,

575 3405 14 15 a
598 3400 104 21 vedimu
712 3406 15 15 e
739 3402 149 21 travedimu.
904 3401 18 22 E
936 3403 20 20 ci
968 3403 77 25 femu,

574 3433 65 21 uniti
650 3433 32 21 ad
694 3433 62 26 elluy
767 3439 15 15 e
791 3436 88 19 nostre
893 3435 132 27 preghere.

600 3465 42 21 Zia
653 3466 186 26 Bastianella,di
850 3470 68 18 tantu
929 3467 26 22 in
966 3470 79 24 tantu,

573 3498 35 21 mi
628 3500 92 20 mostra
739 3499 7 20 i
758 3498 37 21 so’
811 3501 155 25 paternostri
987 3507 13 15 e
1012 3502 35 21 mi

574 3530 55 21 face
638 3536 82 22 segnu
729 3537 29 15 eu
767 3537 14 15 e
789 3532 54 21 dite
850 3538 7 15 :
864 3532 104 28 N’aghiu
977 3534 70 22 dettu

575 3564 75 20 centu
660 3564 177 27 cinquantasei
849 3565 25 21 !..
884 3565 139 27 Agguardu
1032 3573 15 15 a

574 3596 40 20 ziu
632 3595 167 29 Tumagione.
820 3597 64 22 Suda
907 3604 71 16 cume
998 3606 50 14 una

575 3628 145 22 funtana.Di
731 3629 61 26 fatti,
802 3631 21 21 si
833 3631 137 26 sbuffula,si
980 3639 67 15 man-

575 3667 28 15 ca
613 3661 85 22 d’aria.
711 3662 37 21 Mi
759 3662 125 23 dumandu
893 3665 114 21 cum’ellu
1015 3665 32 27 pô

574 3695 60 19 tene
643 3700 65 16 ancu
718 3701 17 15 u
746 3694 76 23 Santu
833 3697 72 21 Pâtre
915 3697 27 21 in
953 3700 96 20 taman-

574 3726 159 28 tefunzione,
754 3733 14 15 a
779 3734 13 15 a
802 3729 37 21 so’
860 3729 47 22 età.
927 3730 41 22 Ma
987 3731 36 21 c’è
1033 3738 16 15 a

1072 363 81 26 grazia
1166 362 24 21 di
1204 368 15 15 u
1228 363 106 26 Signore
1348 360 39 22 chi
1400 360 16 21 li
1427 359 30 21 dà
1467 359 73 21 forza.

1099 395 22 21 A
1135 401 32 15 un
1176 394 50 22 ’ora
1239 402 14 15 e
1260 399 87 20 mezzu,
1358 393 104 21 surtimu
1471 397 61 21 puru

1071 428 18 20 E
1100 428 40 21 chi
1152 427 121 23 difficulté
1283 433 44 22 per
1341 432 57 16 esce
1410 426 4 20 !
1434 426 23 20 A
1478 425 63 22 forza

1071 461 25 21 di
1108 462 95 20 senteci
1216 460 76 29 puntà
1306 467 13 15 e
1331 459 113 27 incagnà,
1462 458 80 27 chiap-

1072 499 72 21 pemu
1157 500 14 15 a
1181 496 71 24 porta
1264 500 14 15 e
1287 493 130 27 rispiremu
1429 492 25 21 in
1463 491 79 28 piazza

1070 532 14 15 a
1098 532 44 15 san
1157 526 85 22 Petru.
1262 526 43 22 C’è
1323 532 34 15 un
1377 526 53 21 sole
1448 525 40 21 chi
1505 531 37 16 ac-

1071 560 87 21 cende.
1172 559 40 22 Un
1225 559 36 21 c’è
1282 565 79 15 mezzu
1382 558 71 22 d’avè
1474 560 69 21 taxi:

1070 592 58 21 tutti
1139 592 115 21 ritenuti.
1269 592 10 21 I
1291 592 99 21 trammi
1404 591 27 22 sô
1443 593 100 20 assalta-

1070 624 48 21 ti...
1131 624 29 22 Ci
1177 625 123 21 cumbene
1318 623 120 29 d’aspettà
1454 624 27 21 in
1501 631 42 20 pa-

1069 658 83 21 zienza
1172 658 89 21 ch’ella
1281 658 78 22 scorri
1375 659 36 20 sta
1427 658 116 28 sburgata

1071 691 25 21 di
1105 691 79 27 jente,
1203 697 47 15 una
1264 691 74 28 piena
1350 691 70 22 chi...
1433 697 33 16 un
1478 692 21 21 si
1511 698 31 15 ne

1071 725 63 27 parli
1144 725 6 20 !

1098 757 97 23 Finimu
1222 765 45 21 per
1288 758 71 22 turnà
1384 765 14 15 a
1421 765 14 15 u
1458 761 85 20 nostru

1071 790 147 23 Cümbentu.
1232 792 19 21 E
1262 791 20 22 si
1295 792 52 22 face
1360 793 144 25 cullazione,
1511 799 31 15 un

1071 826 61 20 altra
1143 826 78 25 volta,
1231 832 15 14 a
1257 826 23 21 la
1291 832 110 15 rumana.
1415 826 40 22 Ma
1468 833 32 15 un
1520 827 22 21 ci

1070 858 124 28 lagnemu.
1208 858 67 22 ’Emu
1288 859 65 22 vistu
1373 866 47 15 una
1439 861 105 21 cerimo-

1070 892 41 21 nia
1131 892 40 21 chi
1192 898 33 15 un
1244 892 21 21 si
1278 893 63 21 vede
1363 894 79 21 micca
1460 894 57 22 tutti
1534 895 8 21 i

1070 924 65 27 jorni
1146 931 6 20 ;
1166 932 14 14 e
1192 931 115 22 speremu
1319 927 39 21 chi
1379 927 48 22 San
1448 927 95 23 Teofilu

1071 957 54 23 sarà
1136 958 62 22 fieru
1210 959 25 21 di
1246 960 42 21 noi
1300 961 66 25 altri,
1377 961 26 22 in
1415 962 127 25 Paradisu,

1071 997 14 15 e
1095 998 30 15 un
1135 993 21 20 si
1166 992 116 22 scurderà
1291 994 24 21 di
1325 995 116 26 aprecine
1450 1001 13 15 e
1473 996 70 26 porte

1072 1026 97 26 quande
1180 1026 143 22 no’feremu
1336 1033 62 16 ancu
1407 1028 43 22 noi
1459 1028 84 27 quellu

1071 1058 167 28 viaghione...

1157 1110 67 22 Luni
1236 1116 16 16 a
1264 1117 83 21 sera.,,
1361 1112 91 23 ondeci
1463 1119 52 16 ore.

1099 1148 113 23 Stamane
1233 1150 64 22 simu
1314 1152 83 21 andati
1409 1158 12 15 a
1437 1159 13 14 a
1462 1159 81 15 messa

1072 1182 25 21 di
1109 1182 168 29 Monsignore
1291 1185 26 21 in
1337 1184 94 23 Chiesa
1451 1186 26 21 di
1496 1186 47 21 San

1073 1216 142 28 Crisogonu
1227 1224 107 21 appossu
1346 1225 16 15 u
1374 1219 103 22 Tevere.
1490 1220 54 21 Era-

1071 1256 41 15 mu
1123 1251 58 21 belli
1191 1251 74 27 pochi
1279 1252 23 21 in
1312 1254 82 26 quella
1403 1256 89 19 navata
1500 1260 45 15 nu-

1072 1283 30 21 da
1114 1284 65 21 duve
1194 1286 62 21 tanti
1270 1285 80 26 Corsi,
1368 1287 26 21 in
1405 1287 78 27 tempi
1498 1287 26 21 di
1536 1288 7 20 i

1071 1318 89 26 tempi,
1170 1324 113 22 pregonu
1292 1320 103 21 inseme!
1407 1319 44 22 Era
1459 1322 85 25 questa

1072 1356 14 15 a
1105 1353 86 20 nostra
1210 1352 92 22 Chiesa
1313 1364 29 5 —
1361 1359 13 15 a
1386 1353 92 22 Chiesa
1495 1354 24 21 di
1531 1360 14 15 a

1071 1383 108 23 Nazione
1193 1385 78 22 Corsa
1283 1398 28 4 —
1323 1383 41 25 Ma
1376 1386 84 28 oghie,
1478 1393 33 16 un
1523 1387 21 22 si

1073 1418 67 26 parla
1152 1418 44 27 più
1208 1420 26 20 di
1247 1419 114 22 Nazione.
1374 1420 69 22 Simu
1452 1427 92 15 cumeu

1072 1452 95 26 populu
1183 1453 97 26 ebreiu,
1301 1455 120 26 spepersi.
1439 1461 107 15 amman-

1066 1485 51 25 .tati
1130 1486 24 21 di
1168 1492 15 15 u
1195 1489 90 19 nostru
1296 1488 85 21 eroicu
1393 1490 110 25 passatu.

1098 1519 67 22 ’Emu
1178 1522 101 25 passatu
1290 1526 13 15 a
1314 1521 93 21 matina
1421 1528 14 14 a
1446 1522 78 22 visita
1532 1528 14 15 e

1071 1553 91 21 ruvine
1171 1553 25 21 di
1205 1553 81 22 Roma
1294 1554 90 25 antica,
1394 1555 152 28 principien-

1072 1587 32 21 du
1123 1592 45 22 per
1182 1593 17 15 u
1215 1586 120 23 Colosseu
1357 1589 118 26 superbu,
1493 1590 51 27 poi,

1070 1620 155 22 tracullendu
1244 1622 26 20 in
1293 1621 64 21 cima
1380 1622 25 21 di
1425 1629 16 14 u
1459 1622 87 23 Monte

1072 1653 116 22 Palatinu
1212 1654 67 21 duve
1301 1655 8 20 i
1330 1654 87 23 Cesari
1449 1657 96 21 rumani

1070 1686 91 22 avianu
1173 1688 7 20 i
1192 1687 38 22 so’
1241 1688 96 27 palazzi,
1347 1689 52 27 poi,
1410 1695 12 15 a
1434 1689 73 22 l’arcu
1520 1690 25 21 di

1070 1720 77 26 Tittu,
1161 1726 13 16 a
1186 1727 17 14 u
1215 1720 71 27 Foru,
1304 1722 77 27 pienu
1400 1723 23 20 di
1437 1724 64 26 pezzi
1521 1724 25 21 di

1071 1755 116 24 culonne,
1201 1754 77 22 l’arcu
1289 1756 24 20 di
1326 1755 105 22 Settimu
1442 1756 102 23 Severu.

1071 1788 100 21 Avemu
1179 1788 70 21 vistu
1256 1794 13 15 a
1279 1789 98 28 priggiò
1389 1789 156 28 Mamertina,

1070 1827 17 15 u
1103 1820 107 23 Carcere
1233 1822 170 27 Marmertinu,
1427 1824 89 22 dicenu
1537 1826 8 20 i

1071 1854 107 22 Taliani.

1096 1888 44 21 Zia
1151 1888 149 23 Bastianella
1313 1896 32 15 un
1358 1890 21 21 ci
1391 1890 67 22 vulia
1467 1894 79 19 entre.

1097 1932 29 5 —
1134 1921 29 21 Ih
1173 1922 6 19 !
1192 1918 90 31 Aghiu
1293 1923 61 21 dinò
1367 1924 24 20 di
1401 1923 47 22 falà
1459 1925 27 20 in
1495 1931 51 15 car-

1072 1960 56 15 cera
1138 1955 6 20 !
1165 1954 40 22 Un
1226 1955 70 22 basta
1314 1962 13 15 a
1345 1957 85 21 meia?
1451 1957 30 22 Ci
1496 1958 51 21 falu

1071 1987 65 22 tutt’i
1142 1988 67 27 jorni
1217 1988 126 27 appress’a
1352 1992 193 25 upurcellacciu.

1071 2021 107 26 Andate,
1191 2022 93 21 andate
1294 2022 6 21 !

1101 2054 41 22 Ma
1153 2055 40 21 ziu
1205 2055 154 29 Tumagione
1371 2057 18 22 li
1399 2058 68 22 disse
1479 2065 13 15 a
1502 2059 46 22 l’o-

1071 2088 99 22 recchia
1177 2089 124 22 ch’ell’era
1313 2096 14 15 a
1335 2091 82 28 jesgia
1429 2094 119 21 sutterra-

1071 2121 41 22 nia
1128 2122 24 21 di
1171 2121 49 23 San
1236 2122 74 23 Petru
1330 2130 13 15 e
1359 2124 49 22 San
1422 2125 86 23 Paulu.
1530 2127 18 21 E

1071 2155 54 21 cusi
1137 2156 125 22 entraimu
1277 2158 66 21 tutti.
1360 2158 73 23 Vistu
1448 2165 13 15 e
1476 2162 71 20 toccu

1071 2189 76 26 quelli
1155 2190 64 20 mûri
1228 2190 157 28 vecchj,tinti
1397 2192 24 22 di
1431 2199 16 15 u
1455 2199 92 22 sangue

1072 2221 25 22 di
1109 2222 8 21 i
1131 2222 108 26 Martiri,
1257 2229 14 15 e
1282 2225 82 26 quella
1375 2225 145 23 funtanella.

1099 2255 82 27 Dopu,
1196 2256 85 22 èccuci
1293 2257 39 22 chi
1345 2264 63 16 ancu
1419 2261 42 20 noi
1475 2262 73 21 culle-

1071 2295 41 15 mu
1125 2296 14 15 e
1150 2290 100 22 célébré
1262 2292 65 21 scale
1346 2292 27 21 di
1384 2299 17 15 u
1413 2293 135 29 Campido-

1070 2322 53 28 gliu
1133 2329 6 14 :
1152 2323 66 22 bella
1231 2325 67 21 vista
1310 2325 138 29 alTingiru.
1463 2328 62 22 Eccu
1533 2336 14 14 a

1071 2357 92 21 statula
1174 2357 25 21 di
1208 2357 174 28 TImperatore
1395 2360 86 23 Marcu
1497 2364 50 21 Au-

1071 2390 64 21 reliu
1145 2397 6 19 ;
1175 2396 60 16 eccu
1256 2398 14 15 a
1289 2392 62 22 bella
1371 2394 80 23 Roma
1469 2402 78 17 maes-

1070 2425 38 19 tra
1129 2424 39 21 del
1188 2426 106 21 mondu.
1313 2426 148 24 Penetremu
1481 2429 40 23 ’nu
1536 2431 9 21 i

1071 2457 80 21 musei
1167 2458 139 27 capitolini,
1327 2460 120 24 visitemu
1467 2465 79 25 quelle

1071 2490 59 25 sale,
1142 2492 152 27 meraviglie
1305 2493 25 21 di
1342 2494 103 28 pitture,
1458 2497 26 21 di
1495 2503 52 16 mo-

1071 2524 52 21 buli
1135 2524 25 21 di
1170 2530 13 15 a
1195 2524 161 28 Rinascenza,
1370 2528 8 20 i
1391 2530 81 20 saloni
1490 2531 25 20 di
1531 2537 15 15 u

1073 2556 75 28 Papa.
1168 2558 81 22 Tante
1259 2566 13 14 e
1284 2562 67 20 tante
1372 2567 76 21 opéré
1468 2563 78 22 d’arte

1071 2591 121 26 preziose.

1368 2633 148 24 Brandiziu.

1248 2675 160 31 (Cuntinua)

1098 2787 30 27 Je
1142 2789 50 22 n’ai
1207 2791 56 26 plus
1278 2792 30 22 de

1222 2835 179 33 HERNIE

1098 2883 54 21 Ceci
1165 2888 36 16 est
1214 2885 150 23 l'affirmation
1378 2889 29 20 de
1420 2893 55 17 tous
1488 2897 58 14 ceux

1072 2912 40 23 qui
1125 2916 92 20 portent
1229 2914 34 21 le:

1071 2947 97 25 Super
1179 2949 207 23 INeo-Barrère

1236 2983 81 23 Sans
1329 2982 104 25 jPêlote

1307 3034 4 5 .
1324 3019 82 21 Sans
1417 3022 129 20 Ressort

1093 3051 24 18 La
1125 3052 91 18 nouvelle
1223 3054 88 25 ereation;
1316 3055 33 17 des
1355 3055 158 21 Etablissements
1520 3059 26 17 du

1108 3082 82 19 Docteur
1200 3083 24 19 L.
1233 3080 135 24 BARRÈRE
1375 3086 39 19 DE
1421 3087 85 21 PARIS

1094 3111 19 19 Si
1120 3114 57 17 votre
1184 3114 68 18 hernie
1260 3115 60 23 glisse
1327 3120 46 14 sous
1380 3118 20 17 la
1407 3119 69 21 pelote,
1485 3119 18 18 si
1511 3120 36 19 elle

1071 3137 78 19 devient
1159 3138 72 23 chaque
1239 3140 44 21 jour
1293 3141 42 21 plus
1345 3143 140 22 volumineuse,
1496 3145 52 18 n’at-

1072 3162 68 18 tendez
1147 3164 44 21 plus
1203 3165 20 17 et
1229 3165 79 22 adoptez
1319 3170 46 14 sans
1375 3169 65 17 retard
1449 3170 20 17 le
1477 3172 70 17 nouvel

1071 3188 83 22 appareil
1162 3189 79 21 qualifié
1252 3190 24 19 de
1283 3192 126 18 merveilleux
1419 3195 21 17 et
1448 3195 13 9 “
1467 3195 80 22 génial”

1071 3216 34 17 par
1114 3213 30 18 les
1154 3214 46 21 plus
1214 3214 69 19 hautes
1296 3218 137 20 personnalités
1448 3219 26 17 du
1488 3219 59 24 Corps

1070 3236 86 23 Médical,
1179 3239 46 18 dont
1241 3240 20 17 le
1277 3241 64 19 succès
1362 3243 30 17 est
1407 3244 139 20 considérable.

1071 3261 100 24 L’essayer
1178 3264 47 18 c’est
1232 3264 98 24 l’adopter.

1094 3287 99 19 Ceintures
1202 3289 103 19 médicales
1312 3287 134 25 BARRÈRE
1451 3299 49 17 pour
1505 3296 44 17 tou-

1070 3312 31 18 tes
1107 3313 30 17 les
1147 3313 103 19 affections
1260 3315 129 21 abdominales
1403 3318 46 18 chez
1457 3320 90 18 l’homme

1072 3338 21 16 et
1099 3338 45 17 chez
1152 3338 20 17 la
1178 3339 79 18 femme.

1094 3365 55 17 Notre
1158 3366 138 20 collaborateur
1303 3369 109 21 spécialiste
1418 3372 130 19 M.FRATAC-

1071 3388 30 22 CI,
1108 3390 113 22 bandagiste
1229 3392 13 17 à
1249 3393 75 22 Ajaccio
1333 3394 42 17 fera
1382 3394 30 19 les
1419 3397 62 18 essais
1489 3398 59 18 abso-

1071 3414 76 19 lument
1154 3415 84 22 gratuits
1246 3417 22 18 à:

1094 3444 188 23 Propriano,Hôtel
1289 3449 102 22 Dupont,le
1399 3450 22 18 li»
1429 3451 117 24 Septembre.

1094 3472 101 22 Sartène,
1204 3473 57 19 Hôtel
1268 3476 24 18 de
1300 3476 104 23 Provence,
1411 3479 19 17 le
1439 3480 21 18 16
1468 3481 25 17 de
1499 3482 48 18 midi

1071 3496 13 17 à
1092 3497 22 17 18
1122 3498 71 17 heures
1203 3499 19 16 et
1229 3499 20 18 le
1257 3500 23 17 17
1287 3501 76 22 jusqu’à
1370 3503 54 18 midi.

1094 3524 126 23 Bonifacîo,
1227 3526 58 19 Hôtel
1293 3529 23 17 de
1323 3529 79 23 France,
1409 3531 19 19 le
1436 3532 30 18 18.

1094 3551 186 26 Porto-Vecchio,
1288 3556 54 18 Hôtel
1351 3557 90 24 Cervoni,
1448 3561 20 17 le
1476 3561 29 18 19.

1093 3579 105 22 Vezzani,
1207 3580 57 20 Hôtel
1272 3582 127 25 Continental,
1407 3587 18 17 le
1433 3588 30 18 21.

1094 3606 84 23 Bastia,
1189 3608 57 19 Hôtel
1257 3611 24 17 de
1289 3611 78 22 Franee,
1381 3613 29 18 les
1422 3615 60 18 23-24
1494 3618 20 16 et
1524 3617 23 18 26

1071 3630 76 23 jusqu’à
1155 3632 55 18 midi.

1094 3658 136 24 Ile-Rousse,
1239 3662 55 18 Hôtel
1302 3664 24 18 de
1333 3664 94 24 l’Europe,
1436 3668 19 18 le
1462 3668 30 18 26.

1095 3686 72 23 Calvi,
1180 3688 56 18 Hôtel
1248 3689 116 25 Emmanuel,
1377 3693 20 18 le
1407 3694 22 17 27
1441 3696 24 17 de
1476 3697 46 17 midi
1535 3698 12 17 à

1072 3711 24 16 18
1103 3711 78 19 heures.

1095 3738 75 23 Corté,
1177 3740 56 19 Hôtel
1242 3743 27 17 du
1276 3743 56 22 Nord,
1340 3745 21 18 le
1368 3745 30 20 29.
1408 3741 4 4 ‘

1661 120 276 49 Giurnali

1568 204 236 21 Assimilazione

1592 250 21 6 ...
1621 238 17 17 A
1646 236 95 23 première
1748 240 46 17 vue,
1803 236 19 17 le
1830 236 97 21 purallèle,
1946 237 60 22 parnîl
2016 237 25 18 lé-

1568 262 74 22 gitime.
1657 262 15 17 11
1686 262 45 17 Test
1746 260 62 18 moins
1823 261 97 21 lorsqu’on
1930 266 23 13 vu
1961 267 24 13 au
1995 262 44 18 fond

1569 288 34 17 des
1611 287 73 18 choses.

1591 312 18 18 Si
1625 311 56 18 l’ELnl
1696 310 75 18 meltuit
1778 310 19 18 lu
1805 310 59 18 Corse
1872 315 23 13 en
1913 312 94 17 valeur—
2014 316 25 13 ou

1569 337 18 17 la
1600 337 124 21 Bretagne—
1738 335 33 22 qui
1786 340 24 13 en
1825 335 110 22 profilerait
1948 336 92 18 d’abord'?

1569 362 35 17 Les
1618 360 135 20 autochtones,
1767 360 66 17 c’est-à
1848 360 42 18 dire
1907 365 36 13 une
1955 360 85 18 minorité

1568 385 98 21 nationale,
1676 390 36 17 que
1720 385 57 17 l’Etat
1785 385 84 21 français
1876 390 11 13 a
1896 385 68 18 intérêt
1972 386 11 17 à
1992 385 47 18 assi-

1570 411 62 20 miler,
1641 411 10 17 à
1659 410 110 22 incorporer
1777 410 11 17 à
1796 410 17 17 la
1822 410 109 22 population
1942 410 98 18 dominan-

1570 438 26 16 te.
1611 435 31 22 Or,
1656 436 51 17 cette
1720 435 64 18 fusion
1798 436 31 17 est
1836 435 83 18 facilitée
1927 440 34 17 par
1975 435 65 18 l’émi-

1569 461 74 23 gration
1651 465 38 17 que
1697 464 97 18 provoque
1801 460 18 17 la
1828 460 92 22 pauvreté
1928 460 26 17 du
1962 465 54 17 pays.
2023 461 16 16 11

1569 485 81 19 s’ensuit
1662 490 36 17 que
1710 485 42 18 tant
1759 489 37 18 que
1810 485 19 17 la
1843 484 71 18 France
1927 485 113 17 s’obstinera

1569 512 47 17 dans
1629 515 35 14 son
1675 510 86 18 imbécile
1775 510 94 22 politique
1882 510 90 21 unitaire,
1987 510 20 17 ni
2021 510 19 17 la

1569 537 65 20 Corse,
1646 535 22 18 ni
1675 536 18 17 la
1702 536 93 22 Bretagne
1809 536 53 17 n’ont
1869 536 11 17 à
1888 536 84 22 compter
1982 535 57 22 qu’on

1568 561 106 19 favorisera
1682 561 44 18 leur
1733 561 128 22 équipement.

1591 587 28 17 Au
1634 585 103 21 contraire,
1751 586 11 16 à
1775 585 33 22 qui
1816 585 69 22 profite
1898 584 141 22 l’organisation

1569 612 24 16 de
1606 609 106 23 l’Algérie?
1726 610 35 17 Pas
1775 614 37 13 aux
1827 610 79 21 Arabes,
1920 609 34 22 qui
1967 614 21 13 se
1996 610 45 16 sont

1569 640 37 13 vus
1613 635 115 22 déposséder
1735 635 23 17 de
1763 635 53 17 leurs
1822 635 67 20 terres,
1895 634 32 22 qui
1932 633 109 19 n’habitent

1569 666 34 18 pas
1615 661 29 18 les
1657 660 113 18 immeubles
1785 660 99 17 modernes
1898 660 56 21 qu’on
1962 665 11 12 a
1986 664 54 13 cons-

1559 698 2 4 .
1569 686 59 18 fruits
1636 686 11 17 à
1655 686 19 17 la
1682 686 53 22 place
1743 685 23 18 de
1774 685 53 17 leurs
1837 684 69 21 taudis,
1914 684 34 23 qui
1963 685 77 18 n’usent

1570 716 34 18 pas
1611 712 34 17 des
1657 711 101 18 nouvelles
1766 710 120 18 autostrades
1894 711 20 16 et
1921 710 33 22 qui
1968 715 25 13 ne
2000 709 39 18 boi-

1569 739 46 17 vent
1629 742 34 18 pas
1677 738 18 17 le
1709 736 77 23 produit
1798 737 34 17 des
1852 736 61 18 beaux
1929 735 110 23 vignobles.

1569 763 48 18 Mais
1630 762 127 23 uniquement
1769 766 37 13 aux
1819 762 72 20 colons,
1908 760 114 18 c’est-à-dire
2029 761 11 17 à

1570 793 47 14 ceux
1626 788 32 23 qui
1667 788 34 18 ont
1709 787 40 23 pris
1756 787 43 18 leur
1806 787 61 22 place.

1592 813 171 19 Souhaitons-nous
1777 812 41 19 être
1823 818 9 10 «
1847 811 93 18 colonisés
1946 817 9 11 »
1968 811 11 17 à
1987 811 18 18 la
2012 811 28 17 fa-

1570 844 34 17 çon
1612 840 33 17 des
1654 838 87 19 Arabes?
1750 838 81 18 Cessons
1839 838 50 17 donc
1902 836 86 19 d’envier
1995 836 45 18 l’Al-

1570 865 59 22 gérie,
1638 866 20 17 et
1666 863 173 23 organisons-nous
1852 867 48 17 pour
1907 866 48 14 nous
1963 861 78 23 équiper

1569 890 135 18 nous-mêmes.

1591 919 7 22 (
1606 918 109 18 Breiz-Alao
1720 918 7 22 )

2001 948 3 9 y

1570 962 172 24 Prugressu

1592 995 25 18 Le
1625 996 61 21 doyen
1694 995 24 17 de
1725 994 19 17 la
1752 993 78 18 Faculté
1837 994 25 17 de
1870 992 51 19 droit
1929 993 23 17 de
1960 992 81 18 Toulou-

1570 1025 21 14 se
1598 1021 30 18 est
1635 1020 38 18 allé
1681 1020 56 19 faire,
1745 1019 12 18 à
1765 1019 67 21 Rabat,
1840 1023 39 13 une
1887 1018 112 18 conférence
2007 1022 34 13 sur

1570 1046 19 18 la
1596 1045 105 23 procédure
1710 1044 105 18 marocaine
1824 1044 98 22 comparée
1929 1044 11 17 à
1952 1044 18 17 la
1978 1043 64 23 procé-

1569 1072 49 17 dure
1626 1070 102 22 française.

1592 1096 59 18 Grâce
1656 1096 12 18 à
1671 1096 85 21 lui,nous
1761 1099 59 14 avons
1825 1095 35 18 fait
1865 1095 50 18 cette
1921 1094 119 18 découverte:

1570 1122 19 17 la
1597 1121 103 23 procédure
1711 1120 105 19 marocaine
1828 1121 30 17 est
1866 1124 23 14 en
1900 1124 69 14 avance
1982 1124 34 13 sur
2023 1119 18 17 la

1570 1147 103 22 procédure
1680 1146 93 21 française
1781 1146 23 18 de
1810 1145 95 22 plusieurs
1913 1144 127 24 générations.

1592 1172 31 18 Le
1644 1171 104 18 tribunal
1766 1171 57 18 saisi
1842 1175 28 13 en
1887 1170 154 23 vingt-quatre

1570 1198 88 17 heures.

1591 1223 25 18 Le
1633 1223 86 18 tribunal
1733 1222 96 18 marocain
1842 1221 134 23 «compétent»
1999 1225 42 14 sera

1571 1249 47 18 saisi
1627 1249 23 18 de
1657 1249 56 17 votre
1721 1248 68 18 affaire
1797 1247 154 23 vingt-quatre
1960 1246 82 18 heures

1570 1274 55 22 après
1632 1274 19 17 le
1659 1273 57 22 dépôt
1723 1274 24 17 de
1752 1273 19 17 la
1776 1272 74 23 plainte
1855 1273 55 17 entre
1914 1272 29 18 les
1949 1271 62 18 mains
2016 1271 25 17 du

1571 1298 199 22 Secrétaire-greffier,
1783 1298 32 22 qui
1824 1298 79 22 désigne
1914 1302 25 12 un
1947 1297 46 21 juge
2001 1301 42 16 rap-

1571 1325 77 20 porteur
1655 1328 50 17 pour
1712 1323 70 17 l’étude
1790 1322 88 18 détaillée
1886 1323 24 16 de
1918 1321 81 18 l'affaire
2005 1325 5 16 ;
2024 1321 18 17 la

1571 1349 97 18 rédaction
1675 1348 64 23 rapide
1747 1348 26 17 du
1780 1347 75 18 verdict
1862 1352 25 13 en
1894 1351 42 13 sera
1951 1345 90 18 facilitée.

1593 1373 31 19 Le
1645 1373 116 23 jugement
1780 1372 131 18 exécutoire
1930 1375 29 14 en
1983 1370 60 18 trois

1571 1399 65 22 mois,
1644 1403 31 13 au
1683 1398 129 18 maximum.

1593 1425 15 17 11
1622 1425 62 21 paraît
1697 1428 38 18 que
1748 1424 28 17 les
1801 1423 107 18 formalités
1926 1421 90 19 relatives
2032 1421 10 17 à

1571 1450 118 18 l’exécution
1697 1450 25 17 du
1729 1449 99 22 jugement
1836 1449 45 17 sont
1887 1447 157 19 admirablement

1571 1475 121 22 simplifiées.
1707 1474 50 19 Elles
1770 1474 98 22 n’exigent
1878 1473 72 23 jamais
1963 1473 43 21 plus
2020 1472 23 17 de

1572 1501 48 17 trois
1629 1500 54 21 mois,
1691 1500 63 18 tandis
1762 1500 55 22 qu’en
1825 1499 76 20 France,
1911 1498 14 18 il
1933 1498 42 18 faut
1982 1501 62 18 comp-

1573 1527 30 17 ter
1609 1531 38 13 une
1655 1526 64 18 bonne
1727 1525 60 23 petite
1794 1525 63 20 année,
1869 1524 42 22 plus
1919 1524 20 17 le
1946 1523 61 18 rabiot
2014 1522 29 20 !...

1595 1550 57 19 Gain
1662 1551 28 17 de
1698 1551 78 21 temps,
1785 1550 54 23 gain
1848 1549 106 23 d’argent.

1594 1576 53 19 Cette
1661 1576 146 22 simplification
1820 1576 20 17 et
1853 1576 51 17 cette
1919 1574 124 18 accélération

1572 1603 34 17 des
1613 1602 79 18 affaires
1700 1602 34 17 ont
1741 1605 72 14 comme
1821 1600 130 22 conséquence
1954 1600 23 17 de
1982 1599 63 18 rédui-

1573 1632 22 13 re
1606 1627 29 18 les
1648 1627 49 18 frais
1705 1627 24 17 de
1736 1626 77 22 justice.
1822 1626 37 17 Des
1875 1625 55 18 tarifs
1938 1625 58 18 clairs
2003 1629 41 18 per-

1573 1654 81 17 mettent
1668 1657 25 13 au
1705 1651 103 24 justiciable
1819 1651 23 18 de
1853 1650 79 18 calculer
1945 1651 12 16 à
1964 1650 80 18 l’avance

1573 1679 19 17 le
1598 1678 44 18 coût
1650 1678 24 18 de
1682 1682 35 13 son
1723 1677 74 22 procès.

1595 1703 153 23 Législateurs
1756 1702 133 21 marocains,
1898 1701 99 18 n’imitez
2003 1704 41 19 pas

1573 1733 59 14 ceux
1640 1728 28 18 de
1676 1728 24 18 la
1708 1727 132 23 métropole.

1595 1754 24 18 Le
1628 1754 61 22 doyen
1698 1754 25 17 de
1730 1753 19 18 la
1757 1752 77 19 Faculté
1842 1753 24 18 de
1873 1752 51 18 droit
1931 1753 23 17 de
1961 1752 83 18 Toulou-

1573 1784 22 13 se
1609 1784 12 13 a
1634 1778 67 23 adjuré
1717 1778 29 18 les
1754 1778 124 22 législateurs
1891 1777 106 18 marocains
2006 1776 39 24 {qui

1572 1806 40 17 sont
1620 1803 91 24 français)
1720 1804 24 17 de
1752 1808 23 13 ne
1788 1808 34 17 pas
1831 1803 92 18 chercher
1939 1804 34 16 des
1981 1802 63 18 modè-

1573 1833 35 18 les,
1616 1829 38 18 soit
1662 1830 48 17 dans
1718 1829 19 17 la
1745 1828 109 23 procédure,
1869 1828 39 18 soit
1915 1829 47 17 dans
1969 1828 29 18 les
2005 1827 39 18 ins-

1573 1855 91 18 titutions
1672 1855 23 17 de
1703 1855 19 17 la
1729 1854 125 22 Métropole...

1599 1885 135 23 {L’Animateur
1742 1885 32 18 des
1782 1885 62 22 Temps
1852 1885 107 22 Nouveaux)

1572 1928 89 21 Finis
1669 1928 128 20 Corsieae

1596 1961 76 19 ...Mais
1684 1962 15 17 il
1714 1962 30 17 est
1757 1966 39 13 une
1808 1961 95 23 catégorie
1917 1962 24 17 de
1955 1961 89 18 retraités

1573 1992 37 18 que
1617 1988 20 17 la
1644 1987 72 18 France
1723 1987 76 17 devrait
1806 1987 70 18 rendre
1883 1987 11 17 à
1902 1987 19 17 la
1929 1986 66 18 Corse.
2009 1986 35 18 Les

1573 2013 62 17 moins
1642 2012 69 23 jeunes
1719 2013 34 17 ont
1760 2017 24 13 au
1793 2012 43 22 plus
1845 2012 114 22 trente-cinq
1967 2016 42 14 ans.
2018 2012 26 18 Ils

1573 2039 44 17 sont
1630 2039 48 17 dans
1691 2038 20 18 la
1723 2038 53 18 force
1790 2038 23 18 de
1829 2038 55 22 l’âge.
1893 2038 26 17 La
1926 2038 77 22 plupart
2010 2039 35 16 ont

1573 2064 97 22 beaucoup
1678 2069 26 13 vu
1713 2065 20 17 et
1740 2064 15 17 il
1764 2065 30 17 est
1798 2068 55 13 assez
1858 2068 43 13 rare
1905 2064 58 21 qu’ils
1971 2063 74 18 n’aient

1573 2090 42 18 rien
1622 2091 76 16 retenu.
1708 2089 82 18 Soldats,
1799 2089 138 18 sous-officiers
1945 2089 23 18 de
1977 2089 68 22 quinze

1572 2120 43 16 ans,
1624 2115 25 18 ils
1657 2116 35 17 ont
1704 2119 38 13 une
1750 2114 81 22 pension
1845 2114 34 22 qui
1887 2115 42 17 leur
1937 2119 67 13 assure
2012 2114 32 18 l’e-

1572 2141 85 17 xistence
1666 2139 180 22 matérielle.Quelle
1854 2140 53 17 force
1911 2140 70 22 qu’une
1989 2140 56 17 certi-

1573 2165 55 19 tude!
1635 2165 27 18 On
1671 2170 33 13 ose
1712 2166 43 17 tout
1761 2165 64 22 quand
1831 2170 24 13 on
1859 2165 30 17 n’a
1897 2169 34 18 pas
1939 2165 12 17 à
1958 2165 86 18 craindre

1573 2192 24 17 de
1604 2191 68 22 perdre
1679 2191 50 17 tout.
1741 2189 35 19 Ces
1784 2190 87 18 hommes
1879 2190 103 21 (habitués,
1992 2190 53 18 d’ail-

1573 2217 60 20 leurs,
1638 2220 35 18 par
1680 2216 19 17 la
1707 2215 33 18 vie
1748 2215 98 21 militaire,
1856 2216 12 17 à
1875 2220 22 13 se
1905 2215 121 22 débrouiller,
2034 2216 10 17 à

1573 2242 102 22 s’exposer)
1679 2242 18 17 la
1705 2242 99 18 hardiesse
1812 2242 44 17 leur
1862 2243 30 17 est
1899 2241 145 22 facile,puisque

1572 2276 24 4 —
1605 2267 46 22 quoi
1662 2267 59 22 qu’ils
1730 2268 148 21 entreprennent
1887 2276 24 4 —
1921 2267 25 18 ils
1960 2268 84 21 peuvent

1573 2296 22 14 se
1602 2292 41 18 dire
1649 2297 6 12 :
1668 2299 9 10 «
1686 2292 21 18 Si
1716 2293 36 17 mal
1760 2297 37 18 que
1805 2293 70 17 tourne
1889 2297 44 13 mon
1941 2292 77 21 affaire,
2029 2292 14 17 il

1572 2321 31 14 me
1610 2318 75 17 restera
1692 2317 87 23 toujours
1790 2318 23 18 de
1822 2318 46 22 quoi
1875 2322 100 18 manger».

1593 2343 138 22 Agriculteurs,
1745 2342 112 19 industriels
1865 2347 25 13 ou
1901 2343 142 21 commerçants,

1573 2368 27 18 ils
1606 2369 84 17 seraient
1697 2373 25 13 en
1730 2368 57 18 Corse
1797 2369 34 17 des
1838 2369 117 18 initiateurs.

1594 2393 47 18 Mais
1655 2398 38 18 peu
1702 2398 13 18 y
1723 2394 118 21 reviennent,
1851 2399 48 17 pour
1907 2395 31 22 n’y
1946 2394 41 18 être
2001 2395 42 21 trop

1572 2420 87 20 souvent,
1668 2419 106 22 d’ailleurs,
1789 2424 37 17 que
1833 2420 80 21 suppôts
1921 2420 24 17 de
1959 2419 85 18 cabarets

1572 2445 21 17 et
1600 2444 114 22 politiciens.

1595 2469 55 17 Pardi
1656 2469 6 17 !
1672 2469 25 18 Ils
1714 2470 51 17 n’ont
1781 2474 33 17 pas
1831 2470 24 17 de
1863 2469 44 23 quoi
1915 2474 21 13 se
1944 2470 64 17 lancer
2014 2469 5 18 !
2029 2469 15 17 Il

1572 2494 42 17 leur
1621 2498 81 18 manque
1711 2494 38 18 ceci
1758 2494 160 22 d’indispensable
1925 2500 5 12 :
1939 2499 27 13 un
1975 2495 67 22 capital

1572 2519 25 18 de
1605 2519 71 22 départ.

1594 2544 23 18 Et
1630 2545 91 21 qu’est-ce
1734 2544 48 18 donc
1795 2545 34 22 qui
1844 2545 90 18 détourne
1943 2545 28 18 les
1979 2546 64 17 autres

1572 2569 25 18 de
1604 2570 48 17 cette
1661 2569 57 18 Corse
1726 2570 25 17 où
1759 2570 25 17 ils
1792 2570 83 18 seraient
1882 2570 85 18 heureux
1972 2571 25 17 de
2001 2575 43 13 ren-

1572 2595 40 17 trer
1616 2594 14 18 ?-
1634 2594 30 18 Un
1671 2596 60 21 grand
1739 2595 107 18 malfaiteur
1854 2595 33 22 qui
1895 2596 89 22 s’appelle
1992 2596 52 18 l’em-

1571 2620 40 21 ploi
1619 2619 54 18 civil.

1594 2644 37 18 Nul
1644 2645 85 22 n’ignore
1739 2650 37 18 que
1784 2646 28 17 les
1821 2645 88 18 retraités
1924 2646 119 22 proportion-

1571 2670 42 17 nels
1621 2670 24 17 de
1658 2670 76 19 l’armée
1750 2672 33 17 ont
1790 2671 51 17 droit
1848 2671 12 18 à
1868 2676 27 13 un
1903 2671 67 22 emploi
1984 2671 59 18 admi-

1572 2695 90 18 nistratif.

1595 2720 37 18 Sur
1639 2720 18 18 le
1668 2721 74 17 chemin
1750 2722 26 16 du
1784 2722 65 17 retour
1863 2726 23 14 en
1901 2721 62 22 Corse,
1973 2726 22 14 ce
2002 2723 41 18 ten-

1573 2746 62 18 tateur
1640 2755 24 4 —
1677 2746 125 18 évidemment
1818 2747 37 17 mis
1863 2747 18 18 là
1898 2748 42 17 tout
1948 2748 66 22 exprès
2019 2757 23 4 —

1572 2770 28 19 les
1608 2772 72 22 guette,
1688 2771 29 18 les
1725 2771 66 22 happe,
1797 2772 34 22 qui
1838 2772 43 17 leur
1889 2773 94 17 remontre
1991 2773 39 18 ceci
2036 2778 5 13 :

1573 2802 9 11 «
1588 2796 49 18 Leur
1644 2797 83 22 pension
1735 2797 30 18 est
1772 2797 46 18 bien
1826 2797 95 22 modique.
1928 2797 49 18 Mais
1984 2799 58 21 qu’un

1572 2821 111 18 traitement
1694 2821 30 23 s’y
1738 2822 70 22 ajoute,
1823 2822 62 22 quelle
1899 2822 87 19 aisance!
2001 2823 40 18 Pis.

1572 2847 49 17 Leur
1629 2846 80 22 pension
1718 2847 50 18 n’est
1774 2851 34 17 pas
1816 2847 113 18 réversible.
1938 2847 45 18 S’ils
1991 2853 52 13 meu-

1571 2873 50 19 rent,
1638 2872 42 17 tout
1695 2873 31 17 est
1742 2872 65 22 perdu,
1821 2873 20 17 et
1858 2877 36 18 que
1902 2873 115 18 deviennent
2024 2874 18 17 la

1572 2896 75 22 femme,
1661 2897 29 18 les
1704 2896 110 23 orphelins?
1829 2897 46 19 Mais
1892 2898 57 22 qu’ils
1965 2900 78 17 servent

1571 2922 90 22 quelques
1670 2922 69 18 années
1747 2926 66 14 encore
1820 2928 6 12 :
1835 2923 80 18 l’avenir
1923 2924 24 17 de
1960 2924 43 18 leur
2011 2924 31 18 fa-

1572 2947 52 18 mille
1632 2948 31 17 est
1670 2947 67 18 assuré
1741 2953 16 12 ».

1594 3000 25 17 La
1627 3000 69 18 Franee
1712 3005 23 13 ne
1744 3005 48 14 nous
1801 3001 150 19 considérât-elle
1964 3007 38 17 que
2016 3003 25 18 du

1571 3025 54 21 point
1633 3025 23 18 de
1664 3030 38 13 vue
1718 3026 24 17 de
1750 3026 8 17 1
1758 3025 67 19 ’utililé
1838 3027 46 18 dont
1901 3031 47 14 nous
1956 3027 28 20 lui
1993 3032 49 14 som-

1572 3054 39 14 mes
1620 3050 32 22 (ne
1660 3050 62 18 fût-ce
1739 3051 55 22 qu’en
1810 3052 42 17 tant
1859 3057 37 17 que
1904 3052 83 22 position
1995 3054 47 17 dans

1572 3075 19 19 la
1603 3075 150 23 Méditerranée),
1767 3076 61 18 même
1841 3077 31 18 s’il
1879 3078 79 22 pouvait
1966 3082 24 14 en
2001 3078 40 18 être

1571 3100 58 21 ainsi,
1637 3100 37 18 elle
1681 3106 25 12 ne
1714 3101 105 18 trouverait
1827 3106 33 18 pas
1869 3107 36 17 que
1913 3107 48 13 nous
1973 3104 69 21 garder

1571 3126 35 21 pût
1613 3125 68 22 jamais
1688 3126 30 17 lui
1726 3126 74 18 revenir
1807 3127 43 21 trop
1859 3127 52 18 cher.

1595 3149 39 22 Que
1646 3151 98 18 n’a-t-elle
1758 3155 33 18 pas
1803 3151 36 18 fait
1854 3157 48 17 pour
1914 3153 29 17 les
1966 3153 75 23 régions

1573 3175 97 18 dévastées
1676 3175 9 18 ?
1693 3175 24 18 Et
1724 3180 24 13 ne
1756 3180 138 15 sommes-nous
1905 3182 33 18 pas
1946 3182 38 14 une
1992 3184 11 11 «
2008 3178 34 18 ré-

1572 3200 45 22 gion
1624 3200 89 18 dévastée
1720 3206 8 11 »
1734 3200 11 18 ?
1753 3201 34 22 N’y
1795 3201 53 18 a-t-il
1856 3206 34 18 pas
1906 3203 81 21 quelque
1995 3203 46 18 cho-

1573 3229 21 13 se
1601 3225 25 18 de
1638 3225 44 21 plus
1694 3226 91 22 poignant
1792 3230 67 14 encore
1868 3231 37 18 que
1916 3228 34 17 des
1958 3228 83 19 maisons

1572 3249 93 18 détruites
1671 3255 5 12 :
1684 3250 35 18 des
1727 3251 81 18 maisons
1817 3251 67 19 vides?

1594 3275 16 20 A
1617 3279 50 14 nous
1675 3276 48 17 donc
1729 3276 19 18 le
1756 3276 71 23 budget
1834 3277 83 18 national
1924 3276 10 21 ?
1942 3278 28 18 Eh
1978 3283 62 15 non...

1571 3300 24 18 Je
1601 3304 25 14 ne
1634 3300 41 17 suis
1681 3305 35 17 pas
1723 3306 28 12 un
1758 3301 73 19 homme
1839 3302 150 20 déraisonnable.
1995 3304 46 18 Jus-

1572 3326 56 21 qu’au
1641 3325 43 21 jour
1697 3325 32 22 où,
1739 3327 55 17 notre
1806 3327 52 17 salut
1872 3328 71 21 assuré,
1952 3333 49 14 nous
2009 3330 32 17 de-

1572 3354 58 13 vrons
1637 3354 48 14 nous
1692 3355 66 17 passer
1762 3351 24 17 de
1791 3351 60 22 l’Etat,
1860 3353 91 22 quelques
1957 3354 84 18 millions

1572 3379 34 17 par
1612 3379 31 17 an,
1652 3374 41 18 bien
1701 3375 88 24 employés
1796 3376 114 19 suffiraient.

1594 3399 51 18 Vous
1654 3404 24 13 en
1691 3400 92 22 dépensez
1797 3402 42 17 tant
1850 3407 49 17 pour
1907 3404 102 18 entretenir
2017 3406 24 17 de

1571 3425 48 22 faux
1628 3425 102 22 indigents,
1739 3430 47 17 pour
1798 3427 114 21 pensionner
1917 3428 24 18 de
1955 3430 49 22 faux
2011 3430 30 18 in-

1572 3449 73 18 valides
1652 3450 25 17 de
1684 3454 75 18 guerre,
1767 3452 125 22 poursoigner
1899 3454 12 16 à
1918 3454 69 21 grands
1996 3455 45 18 frais

1572 3475 24 17 de
1603 3474 48 23 faux
1656 3475 90 21 malades,
1755 3480 47 17 pour
1809 3478 85 18 conférer
1902 3478 32 18 dés
1943 3479 79 19 bourses
2030 3481 11 17 à

1572 3500 25 16 de
1602 3500 50 22 faux
1659 3500 82 22 pupilles
1750 3501 22 17 de
1781 3503 18 16 ta
1811 3501 74 23 Nation,
1894 3508 48 17 pour
1957 3505 84 18 secourir

1572 3524 25 18 de
1603 3525 49 22 faux
1660 3524 97 19 sinistrés.

1595 3549 60 17 Tenez
1662 3554 6 13 :
1678 3550 54 22 qu’on
1739 3552 54 17 mette
1800 3552 12 17 à
1820 3556 31 14 ma
1859 3552 106 24 disposition
1973 3554 17 18 le
1997 3554 44 19 bud-

1572 3575 31 21 get
1610 3573 23 18 de
1641 3573 19 18 la
1668 3574 86 23 sportule,
1763 3577 18 16 et
1784 3576 21 23 je
1811 3582 56 13 sauve
1874 3578 20 18 la
1903 3578 59 18 Corse.

1594 3607 23 5 —
1622 3598 53 19 Vous
1680 3600 67 17 voulez
1755 3601 47 18 donc
1809 3602 42 18 ôter
1859 3602 18 18 le
1884 3603 45 22 pain
1936 3604 25 17 de
1968 3604 19 18 la
1995 3605 46 18 bou-

1573 3623 34 18 che
1614 3628 37 13 aux
1659 3624 121 22 politiciens?
1788 3631 30 13 me
1823 3627 29 17 dit
1860 3628 102 22 quelqu’un
1969 3630 46 18 dont
2022 3631 18 18 le

1572 3649 73 17 sourire
1661 3649 87 23 ironique
1761 3655 30 13 me
1804 3652 36 17 fait
1854 3652 49 18 froid
1917 3658 24 12 au
1949 3658 58 15 coeur,
2015 3655 26 18 La

1571 3674 51 17 voilà
1630 3674 44 18 bien
1681 3676 55 16 votre
1744 3676 70 22 utopie.
1824 3677 52 17 Allez
1882 3677 6 18 !
1897 3678 25 17 ils
1935 3681 79 17 sauront
2022 3681 18 18 le

1572 3698 96 22 défendre,
1677 3700 43 17 leur
1728 3701 65 21 pain...

1594 3733 22 3 —
1620 3724 63 21 Alors,
1691 3724 54 23 finis,
1756 3725 76 18 Corsieae
1837 3725 11 18 ?

1593 3751 36 22 (La
1636 3751 87 19 Nouvelle
1731 3752 61 24 Corse)

2059 117 103 36 Société
2176 119 48 35 des
2246 120 116 37 Courses
2386 124 136 46 d'Ajaccio

2130 174 114 22 Réunion
2259 174 36 22 du
2311 176 31 21 12
2354 180 105 24 octobre

2088 231 23 4 —
2119 221 48 18 Prix
2174 221 22 18 de
2208 221 82 23 Vigncllu
2299 223 69 22 {2.500
2374 225 71 25 francs)

2087 246 70 18 Offerts
2166 251 32 17 par
2203 246 18 17 la
2226 246 74 19 Société
2306 248 33 18 des
2345 248 80 22 Courses
2433 253 90 24 d’Ajaccio

2066 270 53 18 1.Ü00
2127 271 61 17 francs
2196 275 23 13 au
2228 272 89 21 premier,
2327 273 33 18 760
2373 274 63 21 francs
2450 284 23 13 au
2489 274 40 28 deu’

2066 295 61 18 xième
2136 296 19 17 cl
2161 295 34 18 260
2204 295 61 19 francs
2274 301 24 13 au
2308 298 101 20 troisième.

2088 320 66 18 Course
2167 325 24 12 au
2205 322 35 16 trot
2253 322 60 17 monté
2325 327 24 13 ou
2361 325 54 18 attelé
2428 332 47 17 pour
2490 332 39 20 l0Us

2066 345 85 18 chevaux
2159 345 23 17 de
2188 345 11 17 4
2208 350 33 13 ans
2251 347 20 17 et
2278 351 24 12 au
2312 347 73 23 dessus,
2394 351 34 18 nés
2437 354 21 16 et
2470 355 59 20 élève'-

2065 373 23 14 en
2097 369 64 18 Corse.
2169 369 55 18 Poids
2229 375 5 12 :
2249 370 12 18 4
2269 376 42 16 ans,
2319 371 23 18 62
2356 373 61 24 kilos;
2430 376 12 18 6
2456 383 34 14 ans
2508 383 20 18 04

2065 393 61 22 kilos;
2137 394 10 17 6
2155 399 34 13 ans
2202 395 20 16 et
2235 399 24 13 au
2272 396 75 22 dessus,
2364 398 22 17 67
2403 400 50 20 kilos
2476 404 54 21 Toids

2065 417 48 19 libre
2121 423 47 18 pour
2176 419 27 18 les
2211 419 87 19 chevaux
2307 422 75 19 attelés.
2391 424 49 20 Tout
2451 432 78 18 gagnani

2065 442 45 18 d’un
2117 444 81 21 premier
2206 443 42 22 prix
2257 445 11 17 à
2277 445 91 23 Viguetta
2375 451 86 19 reculera
2469 454 23 18 de
2500 456 31 19 100

2066 468 70 17 métrés
2142 473 5 12 :
2156 468 23 17 de
2186 469 50 16 deux
2242 470 92 20 premiers
2340 472 42 22 prix
2387 475 24 17 de
2416 475 35 19 200
2456 479 67 20 mètres

2065 492 35 17 Les
2108 492 85 18 chevaux
2201 494 69 17 attelés
2278 499 115 17 avanceront
2401 500 24 18 de
2439 505 44 16 cenl
2495 496 35 27 mè’

2066 517 46 17 1res.
2121 526 22 4 —
2151 516 95 19 Distance:
2262 518 54 20 3.900
2329 521 77 21 mètres.
2420 534 23 4 —

2065 541 22 18 40
2096 542 69 18 francs.
2501 544 5 3 '
2525 546 3 3 '

2086 587 24 4 —
2118 578 60 18 Grand
2185 578 47 18 Prix
2245 580 94 23 d’Ajaccio
2345 584 84 21 (12.000
2433 588 69 25 francs)

2087 608 70 18 Offerts
2166 613 33 17 par
2206 609 18 17 la
2232 609 75 20 Société
2319 613 33 17 des
2365 614 81 21 Courses
2467 619 23 18 40
2497 621 32 18 000

2065 632 63 18 francs
2136 638 23 12 au
2168 635 89 21 gagnant,
2266 635 54 19 1.500
2329 637 62 20 francs
2398 645 25 13 au
2432 646 67 18 second
2511 650 18 16 et

2065 657 35 18 600
2107 658 62 18 francs
2177 664 23 13 au
2207 659 103 20 troisième.
2316 662 35 18 Les
2357 664 75 19 entrées
2437 670 92 19 parlai

2065 683 54 18 entre
2127 684 18 17 le
2153 686 67 17 second
2228 687 21 16 et
2255 686 20 18 le
2284 687 104 19 troisième.
2489 681 11 13 b

2088 707 64 19 Course
2157 709 49 22 plaie
2214 715 47 17 pour
2268 712 88 18 chevaux
2364 714 78 24 entiers,
2451 718 78 21 honeres

2065 734 20 17 et
2092 733 84 22 juments
2183 735 23 17 de
2214 734 18 23 3,
2241 736 11 17 4
2261 737 20 16 et
2288 736 12 18 6
2308 742 42 16 ans,
2362 739 24 17 de
2394 740 54 20 toute
2460 747 61 19 espèce

2065 759 35 18 nés
2114 760 20 17 et
2147 759 62 18 élevés
2224 765 23 13 en
2263 761 64 22 Corse,
2341 762 51 19 issus
2407 766 23 18 de
2447 762 80 29 jument

2066 784 46 19 nées
2121 786 20 17 et
2154 785 73 18 élevées
2241 790 24 13 en
2280 786 64 21 Corse,
2358 789 20 16 et
2390 790 68 21 s’étanl
2469 796 58 21 placét.

2065 810 82 21 premier
2154 815 24 13 ou
2187 811 68 18 second
2264 816 35 12 sur
2313 812 136 23 l’bippodrome
2462 820 21 18 de
2497 823 20 17 y

2065 837 66 22 gnetta
2138 846 22 4 —
2168 836 55 18 Poids
2228 841 5 12 :
2250 835 12 18 3
2274 841 41 17 ans,
2326 836 23 18 60
2357 838 50 19 kilos
2413 845 5 17 ;
2431 842 11 18 4
2450 848 32 16 ans
2504 848 21 19 gg

2066 861 49 19 kilos
2121 867 6 16 ;
2136 862 11 17 6
2155 866 40 17 ans,
2200 861 22 18 67
2230 861 59 18 kilos.
2296 871 23 4 —
2328 862 37 18 Sur
2373 863 66 25 charge
2446 857 79 35 accumu^

2066 887 29 18 lée
2103 888 23 17 de
2140 887 10 18 1
2164 887 35 18 kil.
2208 892 34 17 par
2256 891 72 14 somme
2341 888 23 17 de
2378 888 106 27 2000francs
2495 904 29 15 ga-

2066 913 48 22 gnée
2122 913 46 17 dans
2181 912 73 18 Tannée
2267 917 36 13 sur
2318 912 131 25 l’hippodrome
2461 922 21 18 de

2065 938 67 22 gnetta
2139 947 22 4 —
2168 937 89 18 Distance
2264 942 5 13 :
2278 938 10 17 1
2295 937 34 18 800
2343 938 67 21 mètres
2418 946 73 19 environ
2503 959 22 5 —

2066 963 69 18 Entrée
2140 968 4 13 :
2153 962 22 19 60
2183 962 68 18 francs.

2088 988 89 19 Chevaux
2193 987 89 23 qualifiés
2299 993 48 17 pour
2362 988 18 19 le
2394 990 62 22 Grand
2470 996 55 20 Prix-

2066 1014 65 22 Lysias
2135 1014 22 21 II,
2159 1013 123 22 Conquérant,
2285 1013 108 22 Dur-Coeur,
2398 1016 59 24 Avril,
2460 1020 67 22 Charnu

2066 1040 23 17 de
2096 1039 57 21 Mars,
2162 1039 48 18 Fille
2218 1039 24 17 du
2252 1038 48 22 Ciel,
2310 1038 102 23 Comtesse,
2426 1042 94 22 Attention

2066 1064 76 22 Déesse,
2151 1064 67 21 Fifine,
2227 1064 26 18 Le
2261 1064 42 22 Roi,
2312 1064 64 23 Major,
2385 1064 27 19 En
2420 1066 65 25 douce,
2495 1071 34 18 Au-

2066 1090 94 18 dacieuse.

2088 1136 23 4 —
2119 1126 47 18 Prix
2174 1126 65 24 Cyrnos
2247 1127 21 22 (5
2275 1126 40 19 500
2320 1127 70 23 francs)
2398 1137 24 3 —

2088 1158 71 18 Offerts
2167 1163 33 18 par
2214 1159 18 17 la
2246 1158 75 18 Société
2335 1159 33 17 des
2382 1158 88 19 Courses.
2483 1161 50 19 4.000

2068 1184 61 17 francs
2137 1189 24 13 au
2169 1184 88 22 premier,
2266 1183 54 18 1.000
2329 1184 63 18 francs
2403 1189 26 13 au
2437 1185 97 21 deuxième

2067 1210 20 18 et
2094 1209 33 18 600
2135 1209 61 18 francs
2203 1214 25 13 au
2236 1209 105 18 troisième.
2350 1210 35 18 Les
2393 1210 77 18 entrées
2477 1214 57 19 parta-

2067 1235 45 23 gées
2119 1236 54 17 entre
2180 1235 17 17 le
2205 1234 101 19 deuxième
2313 1236 20 17 et
2340 1235 18 18 le
2366 1235 105 19 troisième.

2090 1260 64 18 Course
2159 1260 49 23 piale
2217 1265 48 17 pour
2272 1261 86 18 chevaux
2367 1261 80 18 entiers,
2457 1261 78 22 hongres

2068 1286 19 17 et
2093 1285 84 22 juments
2190 1286 23 17 de
2221 1285 18 21 3,
2248 1286 12 17 4
2268 1287 20 16 et
2295 1285 12 18 6
2315 1290 35 14 ans
2363 1286 24 17 de
2402 1287 55 17 toute
2464 1286 70 23 espèce,

2068 1310 34 17 nés
2110 1311 20 16 et
2138 1310 61 18 élevés
2208 1315 23 12 en
2240 1310 65 21 Corse,
2312 1311 51 17 issus
2370 1312 24 16 de
2401 1311 87 22 juments
2493 1312 42 19 nées

2068 1335 19 17 et
2095 1335 74 18 élevées
2178 1340 23 12 en
2209 1334 57 18 Corse
2275 1336 20 16 et
2302 1340 25 13 ne
2336 1335 145 22 s’étant.jamais
2495 1338 41 21 pla-

2068 1359 32 18 cés
2108 1360 21 17 ni
2137 1360 81 22 premier
2225 1360 20 17 ni
2255 1361 69 17 second
2333 1365 34 13 sur
2376 1361 134 22 l’hippodrome
2515 1364 21 17 de

2068 1384 95 23 Vignetta.
2171 1385 56 18 Poids
2233 1390 5 13 :
2254 1385 11 18 3
2273 1390 42 17 ans,
2324 1385 23 18 60
2359 1386 54 18 Kilos
2420 1391 5 16 ;
2440 1387 12 17 4
2465 1392 41 17 ans,
2514 1387 21 19 66

2068 1410 50 17 kilos
2124 1415 6 16 ;
2139 1410 11 17 6
2157 1415 41 17 ans,
2205 1410 21 18 67
2235 1410 58 18 kilos.
2302 1411 88 18 Distance
2397 1416 5 12 :
2412 1411 124 21 L800mètres

2069 1435 78 18 environ
2153 1445 23 3 —
2184 1435 68 19 Entrée
2258 1441 5 12 :
2272 1435 24 18 40
2303 1436 72 18 francs.

2092 1460 88 19 Chevaux
2194 1461 91 22 qualifiés
2299 1466 48 18 pour
2360 1462 18 17 le
2391 1462 43 22 prix
2451 1462 72 23 Cyrnos
2529 1469 5 13 :

2069 1485 84 19 Premier
2158 1486 42 21 Mai,
2207 1486 83 22 Gazelle,
2296 1487 240 24 Clémentin,Eros,Fréjus,

2069 1511 118 22 Charmeuse,
2205 1512 49 18 Sans
2270 1512 58 21 Peur,
2345 1511 79 23 Cyrnos,
2445 1513 92 23 Rêveuse,

2069 1536 76 21 Limier,
2161 1536 75 23 Paquet,
2254 1538 109 21 Attrayant,
2381 1537 52 19 Belle
2451 1539 23 17 de
2492 1539 43 22 Mai,

2069 1561 137 23 Merveilleuse,
2215 1563 52 17 etc...

2090 1608 24 3 —
2121 1598 48 18 Prix
2176 1599 104 18 d’Aulomne
2288 1599 69 22 {4.000
2366 1601 72 23 francs)
2448 1610 22 5 —

2091 1629 71 19 Offerts
2171 1635 33 18 par
2216 1631 18 17 la
2246 1630 75 19 Société
2336 1632 34 17 des
2384 1631 90 19 Courses.
2486 1632 51 19 3.000

2070 1655 63 18 francs
2141 1660 23 13 au
2172 1656 89 22 premier,
2269 1655 54 18 1.000
2331 1656 62 19 francs
2401 1662 25 13 au
2432 1658 105 19 deuxième.

2092 1680 65 19 Course
2170 1681 22 18 de
2204 1681 58 18 Haies
2275 1686 48 18 pour
2337 1683 43 17 tous
2393 1683 89 18 chevaux
2495 1684 23 18 de
2525 1684 12 18 4

2069 1710 36 14 ans
2113 1707 20 17 et
2140 1711 22 13 au
2171 1707 66 17 dessus
2253 1707 34 18 nés
2303 1708 19 17 et
2336 1707 64 18 élevés
2414 1713 24 13 en
2455 1708 55 19 Corse
2517 1711 19 16 et

2070 1731 51 18 issus
2128 1732 24 18 de
2158 1732 83 22 juments
2250 1732 46 18 nées
2305 1733 20 18 et
2333 1733 75 18 élevées
2417 1738 24 13 en
2448 1734 56 19 Corse
2516 1736 20 17 et

2069 1757 92 18 d’étalons
2169 1758 102 21 possédant
2278 1762 25 13 au
2316 1758 63 18 moins
2389 1758 24 18 26
2421 1760 24 20 •/.
2454 1760 23 17 de
2490 1764 45 19 sang

2070 1783 62 17 arabe.
2141 1782 54 18 Poids
2203 1787 5 13 :
2223 1783 11 17 4
2242 1788 43 16 ans,
2292 1782 23 18 66
2329 1783 49 18 kilos
2384 1788 5 16 ;
2406 1784 12 17 6
2431 1789 35 13 ans
2478 1787 20 16 et
2509 1791 24 13 au

2070 1809 75 20 dessus,
2153 1807 22 18 69
2183 1808 57 18 kilos.
2257 1808 109 23 Surcharge
2375 1810 107 18 accumulée
2494 1812 22 17 de
2523 1812 10 17 1

2070 1833 69 23 kilogr.
2151 1838 33 18 par
2196 1838 72 13 somme
2285 1834 23 17 de
2321 1833 54 18 2.000
2387 1834 66 19 francs
2465 1837 68 22 gagnée

2070 1864 34 13 sur
2118 1859 134 22 l’hippodrome
2266 1859 24 17 de
2303 1859 88 22 Vignetta
2401 1870 23 3 —
2434 1861 96 19 Distance:

2070 1883 53 19 3.200
2131 1884 68 18 mètres
2206 1893 24 4 —
2237 1884 68 18 Entrée
2312 1889 6 13 :
2327 1884 23 17 40
2360 1885 69 19 francs.

2153 1921 148 22 Conditions
2313 1921 131 23 Générales

2092 1958 35 18 Les
2143 1959 135 22 engagements
2295 1959 80 17 devront
2389 1959 41 18 être
2447 1960 83 18 adressés

2069 1984 59 17 avant
2135 1983 18 18 le
2157 1983 75 18 Samedi
2236 1984 13 17 4
2257 1983 76 18 Octobre
2341 1985 11 16 à
2357 1983 45 18 midi
2407 1989 23 13 au
2435 1984 96 19 Président

2070 2009 23 17 de
2101 2009 18 17 la
2128 2008 76 22 Société,
2213 2009 21 17 17
2244 2014 36 13 rue
2287 2009 59 18 Notre
2353 2010 64 17 Dame.

2091 2034 27 17 En
2126 2034 43 22 plus
2177 2035 33 17 des
2218 2034 83 22 entrées,
2311 2035 14 17 il
2334 2039 43 14 sera
2384 2039 58 18 perçu
2450 2040 26 13 un
2484 2035 48 18 droit

2070 2059 39 18 fixe
2116 2060 156 18 d’entrainement
2279 2061 24 17 de
2311 2059 23 19 40
2341 2060 63 18 francs
2415 2065 35 18 par
2460 2060 73 23 journée

2070 2086 23 17 de
2101 2090 73 13 course.

2091 2110 25 18 Le
2124 2111 75 22 présent
2206 2116 120 18 programme
2335 2113 29 17 est
2372 2111 65 23 publié
2452 2116 43 13 sous
2506 2112 29 17 ré-

2070 2140 56 14 serve
2133 2137 23 17 de
2164 2137 135 22 l’approbation
2309 2137 139 18 ministérielle.

2257 2165 34 18 Les
2299 2164 134 19 Commissaires
2439 2171 8 12 :

2157 2195 26 18 D.
2192 2195 76 19 Cuneo
2277 2196 119 21 d’Ornano,

2167 2224 100 22 Fabiani,
2275 2224 24 18 F.
2307 2224 84 19 Ottavi.

2219 2294 165 50 Libri

2092 2376 103 19 Aleramo
2205 2377 81 19 Sibilla

2177 2411 70 22 Gioie
2263 2412 166 23 d’Occasione

2092 2442 14 22 È
2114 2452 36 13 una
2159 2452 60 13 nuova
2228 2449 82 18 raccolta
2318 2449 19 17 di
2347 2454 53 17 prose
2410 2450 73 18 lucenti
2492 2450 47 18 délia

2070 2474 63 15 nostra
2148 2473 73 22 géniale
2234 2473 103 22 scriltrice,
2352 2475 37 17 alla
2404 2475 57 22 quale
2475 2475 64 18 Eruilio

2070 2496 70 19 Cecchi
2147 2498 95 18 riconosce
2251 2505 9 10 a
2267 2504 39 12 una
2314 2499 63 22 grazia
2388 2501 134 22 paragonabile
2530 2505 10 13 a

2069 2522 64 22 quella
2140 2523 19 17 di
2167 2522 72 19 Colette
2245 2528 12 13 o
2262 2524 52 18 délia
2319 2526 89 17 contessa
2414 2525 19 18 di
2439 2525 100 19 Noailles».

2069 2547 72 23 Pagine
2148 2549 107 21 evoeatrici,
2263 2548 126 20 incontri'con
2398 2551 71 22 grandi
2477 2551 64 18 fratel-

2070 2572 19 18 ii.
2098 2574 95 22 paesaggi,
2207 2574 89 21 fantasie,
2309 2576 69 21 queste
2389 2582 8 10 «
2404 2576 54 22 gioie
2470 2577 70 18 d’occa-

2069 2598 94 19 sione»si
2177 2599 111 22 potrebbero
2302 2601 60 17 anche
2383 2601 42 18 dire
2436 2601 63 23 «gioie
2505 2606 33 17 per

2069 2628 75 18 sempre
2148 2630 14 16 »,
2171 2625 82 17 secondo
2260 2625 19 18 la
2286 2626 65 21 parola
2364 2626 20 18 di
2396 2626 65 22 Keats,
2470 2626 69 23 poiebè

2068 2653 36 13 son
2111 2653 43 14 cose
2161 2650 21 17 di
2189 2655 47 17 pura
2244 2650 92 19 bellezza.

2089 2674 97 19 Parecchie
2196 2675 68 23 pagine
2276 2676 22 18 di
2309 2678 29 16 stu
2351 2677 49 18 libru
2409 2678 84 17 trallanu
2498 2676 20 18 di
2526 2681 12 13 a

2069 2698 79 19 Corsica.

2090 2743 188 21 Corlieu-Fieschî

2145 2777 93 22 Lenine
2250 2778 61 23 cbez
2322 2779 139 24 Confucius

2128 2813 67 18 Roman
2202 2813 23 18 de
2232 2814 20 18 la
2261 2814 57 19 Chine
2327 2815 149 24 Contemporaine

2089 2843 29 18 Un
2125 2844 76 18 volume
2209 2845 53 18 in-16
2270 2846 78 23 broché,
2363 2849 47 17 orné
2423 2848 24 18 de
2456 2847 21 19 13
2485 2847 52 18 illus-

2067 2869 81 18 trations
2156 2870 180 24 photographiques.
2350 2873 45 18 Prix
2402 2879 6 12 :
2423 2873 25 18 12
2458 2873 78 18 francs.

2088 2894 85 19 Editions
2186 2895 63 19 Jules
2257 2897 139 23 Tallandier,
2412 2899 29 22 76,
2456 2897 80 20 RueDa-

2067 2923 53 15 reau.
2128 2920 63 19 Paris
2199 2921 53 23 (14°).

2088 2954 43 18 Aux
2139 2955 66 21 quinze
2213 2956 93 21 premiers
2314 2958 88 18 volumes
2412 2958 23 18 de
2443 2958 19 18 la
2470 2956 63 20 Collec-

2067 2979 42 18 tion
2116 2980 27 17 du
2149 2980 68 22 Temps
2224 2981 82 19 Présènt
2313 2992 23 4 •—
2344 2983 47 18 dont
2398 2984 53 17 deux
2460 2984 34 17 des
2502 2985 32 14 au-

2067 3005 52 18 teurs
2133 3006 33 17 ont
2180 3006 78 22 obtenu,
2272 3008 52 18 cette
2336 3009 67 22 année,
2418 3009 29 18 les
2461 3009 42 22 prix
2508 3006 27 18 les

2067 3031 44 21 plus
2118 3031 112 19 recherchés
2243 3033 25 17 de
2280 3033 115 19 l’Académie
2410 3034 98 21 Française
2514 3038 22 6 —

2067 3055 53 19 vient
2127 3057 88 22 s’ajouter
2223 3057 12 10 “
2241 3057 86 20 Lenine
2333 3059 55 18 chez
2394 3059 122 19 Confucius
2523 3054 12 9 ”

2066 3081 46 18 dont
2118 3082 66 21 l'Asie,
2191 3086 22 14 ce
2221 3083 67 23 champ
2296 3084 116 23 d’intrigues
2420 3085 35 18 des
2460 3086 51 16 races
2518 3081 18 17 et

2066 3106 35 18 des
2108 3107 82 21 nations,
2198 3107 74 19 fournit
2278 3109 21 18 la
2306 3109 56 18 scène
2369 3108 136 24 prestigieuse:

2087 3131 26 18 Ce
2119 3132 56 22 livre,
2184 3133 52 18 riche
2244 3134 25 18 de
2276 3135 104 18 substance
2387 3136 81 22 dépasse
2471 3135 19 17 la
2495 3136 40 19 pro'

2066 3160 63 15 messe
2137 3158 25 17 du
2169 3157 53 19 titre.
2230 3158 17 18 Il
2256 3160 31 17 est
2294 3160 49 18 donc
2350 3160 46 19 bien
2410 3161 58 22 digne
2478 3159 23 17 de

2066 3186 58 17 gurer
2132 3183 47 17 dans
2186 3184 50 17 cette
2250 3184 109 22 anthologie
2373 3186 26 17 du
2415 3185 68 18 monde
2496 3185 43 15 con-

2066 3207 105 21 temporain
2184 3212 36 17 que
2232 3208 64 23 dirige
2309 3214 46 13 avec
2369 3211 42 17 tant
2426 3207 111 21 d’attention

2065 3231 48 18 Jean
2120 3232 25 17 de
2152 3232 132 23 Granvilliers,
2293 3234 85 18 l’auteur
2384 3236 25 17 de
2435 3235 33 18 La
2474 3231 63 20 Belle

2065 3255 152 21 Endormeuse
2222 3258 22 18 ”.

2088 3281 25 19 Ce
2119 3287 64 14 roman
2187 3285 32 17 est
2222 3284 19 18 le
2248 3284 75 19 tableau
2329 3286 63 18 coloré
2397 3286 25 17 de
2427 3285 60 18 l’Asie
2492 3285 45 15 avec

2057 3310 3 3 '
2066 3307 34 18 des
2108 3312 77 18 aperçus
2192 3313 34 14 sur
2233 3310 20 17 la
2261 3315 68 18 guerre
2337 3311 87 18 chinoise
2430 3311 42 22 pris
2480 3312 34 15 sur
2519 3306 18 17 le

2066 3332 31 18 vif
2104 3337 34 17 par
2145 3333 32 18 des
2185 3334 81 19 témoins
2274 3336 33 22 qui
2319 3336 34 17 ont
2356 3340 96 17 parcouru
2459 3336 30 17 les
2496 3336 40 14 rou-

2067 3358 30 17 tes
2105 3357 23 18 de
2137 3357 64 20 Chine.

2087 3382 36 18 Les
2131 3384 77 18 auteurs
2215 3386 158 22 —comparables
2381 3389 39 14 aux
2427 3381 111 27 globe-trot-

2066 3408 43 17 ters
2115 3408 29 18 les
2151 3409 43 22 plus
2201 3411 77 21 réputés
2283 3412 24 17 de
2313 3411 19 18 la
2338 3410 111 19 littérature
2457 3409 80 19 contem-

2066 3433 79 21 poraine
2152 3443 23 4 —
2182 3436 34 17 ont
2223 3436 64 18 étudié
2302 3437 29 17 les
2345 3440 46 19 gens
2406 3436 24 17 de
2441 3437 45 16 tous
2499 3431 38 19 mi-

2065 3458 54 17 lieux
2126 3460 60 20 parmi
2192 3460 83 23 lesquels
2283 3461 27 18 ils
2318 3465 22 14 se
2347 3461 43 18 sont
2398 3460 93 18 attardés.
2496 3456 41 19 Tels

2067 3487 26 13 un
2107 3483 63 20 Pierre
2178 3485 42 18 Loti
2235 3486 163 23 d’après-guerre,
2415 3485 25 18 ils
2458 3489 20 14 se
2495 3481 43 19 sont

2066 3508 83 21 penchés
2156 3514 34 14 sur
2197 3510 19 18 la
2223 3511 33 18 vie
2264 3512 34 17 des
2306 3511 82 23 émigrés
2395 3514 68 14 russes
2475 3512 36 19 que
2518 3506 18 17 la

2066 3532 108 21 révolution
2181 3540 11 13 a
2199 3536 84 18 refoulés
2292 3541 24 13 en
2323 3541 29 13 un
2356 3535 117 19 lamentable
2479 3530 59 20 cortè-

2066 3563 24 17 ge
2098 3563 34 17 par
2139 3559 28 19 les
2175 3561 64 18 routes
2247 3561 120 18 sibériennes
2375 3565 24 13 ou
2408 3558 96 22 mongoles
2517 3555 20 17 et

2066 3584 41 21 qui,
2115 3585 72 22 malgré
2193 3586 53 18 leurs
2261 3586 93 21 déboires,
2369 3587 34 16 ont
2414 3581 91 22 conservé
2517 3580 19 17 la

2066 3608 49 19 foi...
2122 3609 50 18 Dans
2180 3615 21 13 ce
2208 3611 70 17 monde
2286 3612 34 17 des
2328 3611 91 22 émigrés,
2430 3610 12 16 à
2453 3606 43 20 côté
2502 3606 34 16 des

2065 3633 56 19 héros
2130 3635 20 17 et
2156 3635 34 18 des
2197 3635 97 22 héroïnes,
2302 3636 26 18 ils
2336 3637 34 17 ont
2377 3634 52 19 suivi
2438 3632 59 18 celles
2504 3630 27 20 qû

2065 3663 63 14 aucun
2135 3659 48 18 idéal
2191 3660 82 18 n’anime
2281 3662 21 17 et
2309 3662 34 21 qui
2350 3659 91 24 peuplent
2448 3658 28 17 les
2488 3656 50 16 dan-

2065 3684 55 22 cings
2128 3684 191 24 d’Extrême-Orient;
2329 3686 25 17 ils
2358 3686 30 17 les
2392 3684 35 18 ont
2434 3679 101 20 observées

2065 3713 47 13 avec
2117 3709 21 17 la
2145 3710 106 22 sympathie
2260 3715 37 17 que
2305 3711 70 17 mérite
2382 3710 19 17 le
2408 3706 94 19 malheur.

2085 3733 27 18 Le
2119 3734 48 18 livre
2175 3736 24 16 de
2206 3735 44 17 MM.
2259 3733 160 20 Corlieu-Fieschî
2427 3731 32 18 est
2468 3734 28 13 un
2502 3732 35 13 ou-

2064 3763 59 17 vrage
2131 3760 114 22 pathétique.
