2590 3846
288 126 254 54 Impicci
581 138 35 31 e
655 123 268 56 ’mbrogll

117 229 121 22 jpastizz
238 232 21 15 u

141 266 136 24 L’ispettore
290 263 22 19 cJi
325 270 12 12 e
346 262 76 20 fraudi
437 261 27 20 ha
474 260 57 20 fattu
547 266 39 18 pu-

115 294 57 20 blicà
182 293 28 19 da
220 292 6 19 i
236 290 96 26 giurnnli
341 288 114 25 d’Ajaeciu
466 294 29 13 un
505 287 79 19 avvisu

113 318 193 23 ammînistrativu
321 318 23 18 in
363 317 22 19 lu
405 315 70 24 quale
489 314 46 19 ellu
552 321 33 12 ra-

115 351 76 17 meuta
200 353 12 13 a
222 346 8 20 i
239 344 107 21 mareanti
356 343 22 19 di
389 342 74 20 bebite
472 341 36 20 chi
517 347 13 13 a
539 341 46 23 leg-

113 382 29 17 ge
156 375 21 19 di
188 381 12 12 u
217 378 24 19 17
249 372 69 24 lugliu
328 375 50 19 1922
390 376 13 12 e
413 376 13 12 u
436 369 91 19 decretu
537 368 23 19 di
569 373 14 13 u

111 407 26 19 24
145 401 93 19 ottobre
246 399 22 19 di
278 405 12 12 u
299 397 128 20 stess’annu
437 394 146 25 pruibiscenu

113 436 13 12 a
134 426 176 22 fàbbricazione,
318 431 12 12 a
339 423 94 20 vendiia
441 430 13 12 e
461 429 13 13 a
488 422 96 19 circula-

111 456 67 19 zione
187 454 23 19 di
221 452 117 20 Fassenziu
349 458 12 12 e
369 451 23 19 di
402 450 6 19 i
418 450 64 19 licori
497 449 87 19 simila-

111 482 27 24 rj;
146 482 35 19 chi
189 488 12 12 e
207 479 176 21 cutravenzione
389 484 13 13 a
408 484 12 12 a
427 478 64 23 legge
497 482 84 13 saranu

110 509 90 25 punite,
217 507 21 19 a'
253 506 105 20 richiesta
375 505 23 19 di
414 503 169 21 lamministra-

110 536 121 21 zionedie
246 537 62 17 cunti
314 532 106 21 ibuzione
434 531 117 22 indirette,
558 530 31 20 di'

110 571 13 13 e
133 570 59 18 pene
201 562 98 25 previste
313 561 27 19 da
350 567 12 13 e
371 560 67 24 legge
446 559 23 19 di
478 566 14 12 u
504 559 49 23 1872
567 564 14 13 e

111 597 50 19 1907
170 598 20 16 e,
204 591 19 19 a’
234 589 95 20 richesta
338 588 22 19 di
370 594 14 12 u
394 586 93 25 publicu
504 585 77 20 minis-

107 622 60 19 teru,
177 619 36 18 d’u
217 616 118 20 n’amenda
344 615 22 19 di
376 615 38 19 5oo
423 613 88 20 franchi
520 619 13 13 e
542 618 39 13 an-

109 653 27 12 eu
146 646 22 19 di
177 652 12 12 a
198 645 106 19 chiusura
312 642 22 20 di
345 642 5 18 i
360 641 66 23 caffè,
436 641 48 21 bar,
494 646 67 14 ecc...

137 673 49 19 lé...
197 677 44 15 ma,
251 671 79 19 drentu
341 676 12 12 e
361 669 58 21 fora,
428 668 22 19 in
460 667 60 20 tutt’i
534 670 46 16 sta-

108 699 114 21 bilimenti
240 696 103 26 ajaccini,
362 703 13 12 u
392 695 99 24 pastizzu
506 694 45 19 fala
566 699 13 13 a

106 727 97 20 fiumare
214 726 23 19 in
248 726 21 19 le
275 723 127 26 jarganelle
411 723 24 19 di
444 722 6 20 i
461 720 117 24 clienti.ei

106 753 130 24 funziunarj
247 751 115 21 incaricati
372 751 23 19 di
407 749 172 25 l’applicazione

107 782 23 19 di
145 788 12 12 a
166 781 66 24 legge
247 786 30 13 un
292 779 25 19 sò
332 778 72 20 micca
420 778 21 19 di
459 776 91 21 l’ultimi
564 783 14 13 a

105 808 161 21 imbutrassine
272 806 130 24 sin’a...qui.

131 835 150 22 Attuscatevi,
291 840 13 13 o
313 834 66 20 Corsi
387 834 5 19 !
402 833 38 20 chi
457 832 120 20 Marianna

108 870 31 13 un
149 863 20 20 ci
179 864 29 23 pò
217 863 66 19 truvà
291 862 40 19 chc
341 861 95 25 prufittu
444 862 5 18 !

106 914 161 22 Cursisirm

133 951 17 20 LJ
164 955 80 15 nostru
263 957 52 13 caru
332 956 132 19 cumpagnu
482 950 24 19 di
523 949 50 20 fede

105 978 106 24 Franchi,
224 979 24 19 in
258 978 22 20 lu
294 978 32 20 so’
334 978 173 20 ultim’articulu
516 977 24 19 di
553 977 20 20 A

104 1007 93 21 Mlivra,
207 1006 21 19 fa
231 1007 34 18 cia
274 1006 80 20 risorte
364 1006 62 24 justa
429 1009 76 16 mente
517 1011 14 13 u
541 1011 32 13 ca-

104 1037 84 17 rattare
203 1034 96 19 cursista
314 1034 22 19 di
346 1040 12 13 a
374 1039 125 18 campagna
513 1033 60 24 d’op-

103 1062 120 24 posizione
237 1061 22 20 a'
267 1061 146 20 candidatura
427 1061 86 19 esotica
528 1061 22 19 di
559 1067 14 12 u

103 1090 50 24 sgiô
163 1090 117 19 Lederlïn.

128 1117 86 23 Infatti,
225 1117 23 19 in
259 1117 36 24 più
307 1117 52 19 d’un
369 1117 89 23 scrittu,
468 1120 105 16 truvemu

104 1152 31 13 un
145 1151 85 13 accenu
240 1151 13 13 a
263 1151 13 13 u
285 1144 154 24 patriottismu
449 1150 67 14 corsu
525 1151 6 12 :

132 1177 10 10 «
148 1173 35 19 La
194 1173 69 19 Corse
276 1178 25 13 se
308 1172 57 22 doit,
381 1172 151 24 aujourd’hui
544 1171 29 20 de

103 1200 72 20 saisir
190 1200 25 19 la
230 1199 175 25 providentielle
418 1200 107 19 occasion
543 1199 30 20 de

101 1228 89 20 donner
205 1234 46 13 une
257 1227 69 20 haute
339 1230 24 17 et
367 1228 92 24 grande
475 1227 64 25 leçon
555 1228 17 18 à

100 1262 38 13 ses
146 1255 143 20 détracteurs
295 1259 11 11 »
316 1256 47 19 cusi
372 1255 83 20 scrivia
465 1262 14 12 u
487 1255 86 24 princi-

99 1284 54 23 pale
161 1284 107 24 giurnale
276 1283 21 19 di
307 1290 13 12 u
329 1284 85 24 partitu
425 1283 79 20 Pietri.

128 1319 11 11 a
153 1311 64 20 Voire
223 1311 68 24 fierté
302 1311 131 19 ancestrale
439 1313 84 17 mettra
537 1310 34 19 les

100 1339 157 24 maquignons
265 1345 27 13 en
300 1339 100 19 déroute.
419 1338 57 20 Vous
488 1344 83 14 sauve-

97 1372 42 14 rez
155 1366 123 20 l’honneur
293 1366 28 19 de
337 1366 52 20 Vile
405 1366 30 19 de
450 1366 118 20 Beauté...

98 1395 65 19 Pour
178 1394 122 20 l’honneur
315 1395 29 19 de
360 1395 25 19 la
406 1394 73 22 Corse,
503 1396 66 18 votez

96 1424 63 22 pour
169 1428 31 13 un
212 1423 91 19 Corse...
316 1423 55 19 Aux
380 1421 85 20 urnes!
475 1425 62 21 pour
544 1422 25 19 la

98 1450 95 19 Liberté
202 1453 24 16 et
240 1450 217 24 VIndépendance...
478 1450 54 19 Vive
544 1449 25 20 la

100 1478 85 19 Corse!
195 1482 10 11 "
222 1478 49 20 cusi
285 1478 92 22 scrivia,
395 1484 12 12 a
423 1477 78 25 vigilia
516 1477 22 19 di
554 1484 14 12 u

97 1505 113 23 scrutinu,
220 1512 14 13 u
244 1505 53 24 Sgiò
306 1505 121 21 Caitucoli,
437 1505 130 19 candidatu.

125 1537 11 10 ,r
145 1533 57 19 Vous
219 1533 114 20 vaincrez.
352 1533 23 19 E
386 1535 63 17 voire
466 1533 100 21 victoire,

96 1561 119 19 Monsieur
223 1560 22 20 le
253 1561 126 21 President,
390 1567 53 13 sera
448 1561 120 23 beaucoup

94 1589 58 23 plus
160 1588 24 20 la
194 1588 93 20 victoire
294 1588 29 20 de
330 1589 26 19 la
366 1589 70 19 Corse
443 1588 124 20 immortel-

96 1616 30 22 le,
136 1622 45 18 que
194 1616 57 19 celle
259 1616 55 20 d’un
325 1617 68 23 parti
400 1618 23 17 et
436 1616 54 19 d’un
505 1616 62 19 hom-

95 1650 63 13 me...
170 1644 59 19 Vous
237 1644 113 22 vaincrez,
357 1647 74 21 parce
437 1649 46 19 que
494 1644 23 19 si
523 1644 44 19 l'or

95 1671 57 20 d’un
172 1672 153 19 milliardaire
341 1673 110 23 étranger
467 1672 15 19 à
501 1674 65 17 notre

93 1702 62 21 pays
163 1699 81 20 devait
251 1700 65 19 venir
322 1700 15 19 à
346 1699 57 20 bout
411 1700 29 19 de
448 1706 42 13 nos
498 1700 66 19 résis-

94 1729 88 21 tances,
192 1727 29 20 de
228 1734 42 13 nos
277 1727 148 20 réactions
431 1727 134 20 nationa-

94 1754 54 23 les,
163 1755 24 19 la
199 1755 69 20 Corse
280 1755 92 19 devrait
383 1758 81 21 porter
471 1755 22 19 le
501 1755 66 20 deuil

93 1783 89 19 éternel
188 1783 30 19 de
226 1789 42 13 son
276 1783 102 19 honneur
383 1783 78 23 perdu
466 1783 11 20 !
484 1792 13 10 »
512 1783 50 20 cusi

92 1810 127 23 scrivianu,
229 1810 177 20 indirizzendusi
416 1817 12 12 a
437 1817 14 13 u
461 1811 50 23 sgiô
520 1810 44 21 Ga-

91 1838 57 22 vini,
159 1845 13 12 u
181 1838 138 25 cunsigiiere
331 1839 111 24 generale
450 1842 23 16 et
481 1839 7 19 i
503 1839 60 20 deie-

90 1866 48 23 gati
148 1865 125 25 d’Ajacciu.

119 1893 34 20 Un
162 1899 92 17 saranu,
270 1898 33 16 ste
311 1894 94 24 parolle,
415 1894 42 20 che
471 1895 91 20 ciarlat-

88 1924 80 16 tanate
176 1921 22 19 di
208 1922 97 23 periodu
314 1922 135 21 elettorale?

117 1948 34 20 Un
161 1949 20 19 la
191 1950 91 19 vulemu
292 1950 74 23 crede,
383 1957 31 13 un
424 1951 21 19 la
459 1951 100 24 pudernu

89 1976 80 20 crede.

91 2030 31 20 .A.
131 2031 87 24 2?aga

116 2066 95 25 Sempre
227 2068 21 19 in
264 2067 69 20 forma
348 2068 22 20 di
380 2073 103 20 prutesta
498 2068 62 21 “Na-

86 2094 116 23 ziunale”,
211 2102 30 12 un
251 2096 154 20 cumbaîtente
413 2097 23 19 di
444 2103 12 13 a
471 2097 87 24 grande

86 2128 85 18 guerra
179 2123 29 19 ha
216 2127 112 21 stampatu
338 2124 23 20 in
371 2131 31 13 un
410 2125 107 24 giurnale
525 2125 33 19 lo-

87 2150 51 19 cale
148 2157 44 13 una
202 2151 83 24 pagine
293 2152 22 19 di
324 2158 12 14 e
345 2153 35 19 so’
389 2152 118 20 memorie.

115 2182 11 10 "
132 2179 24 19 Il
159 2185 16 18 y
182 2185 16 13 a
207 2179 112 25 quelques
326 2181 96 21 années,
438 2180 79 23 j’étais
528 2187 29 13 en

86 2206 118 20 Lorraine.
215 2207 39 24 J’y
261 2208 59 19 étais
327 2214 46 13 non
384 2211 48 21 pas
439 2214 29 13 en
476 2209 82 19 touris-

86 2236 31 19 te,
141 2234 60 20 mais
213 2241 30 13 en
261 2235 90 20 humble
364 2235 122 25 défenseur
500 2236 56 20 d'un

82 2262 143 23 patrimoine
234 2263 43 24 qui
283 2269 15 13 n
302 2264 64 19 'était
370 2266 49 21 pas
426 2263 21 20 le
456 2264 61 19 mien
523 2272 12 11 »

111 2289 89 20 Ouestu
214 2291 14 19 è
237 2298 14 12 u
261 2291 118 24 “capellu”
391 2291 23 20 di
423 2295 35 15 sta
473 2292 84 24 pagine

82 2317 69 20 d’una
159 2318 128 20 litteratura
296 2319 36 19 chi
341 2325 86 18 appare
434 2319 123 21 abbastan-

83 2351 26 13 za
118 2346 93 19 cundita
221 2347 24 19 di
253 2346 121 20 curaismü.

108 2372 37 20 Ma
155 2380 53 13 eccu
218 2374 17 19 il
246 2375 61 19 bellu
314 2381 6 12 :

107 2418 13 11 «
126 2413 19 19 A
156 2413 57 19 bout
219 2413 31 20 de
255 2413 69 25 force,
342 2413 23 24 je
380 2414 129 20 m'adossai
521 2421 33 13 au

82 2441 65 18 tronc
156 2441 55 19 d’un
219 2441 87 24 sapin..
315 2441 18 20 A
345 2441 112 25 quelques
462 2445 48 21 pas
525 2443 30 19 de

82 2468 52 21 moi,
153 2468 21 19 le
182 2468 102 20 tumulus
300 2469 69 19 d'une
386 2469 76 19 tombe
478 2470 75 20 attira

82 2501 53 13 mon
144 2497 93 23 regard.
247 2497 35 19 La
291 2499 64 19 mort,
365 2497 35 19 les
407 2497 95 22 tombes,
510 2498 44 19 c’é-

81 2523 77 20 taient
164 2523 25 20 la
196 2524 92 24 grande
296 2524 110 20 curiosité
411 2525 33 19 du
452 2526 102 19 combat-

82 2553 61 17 tant.
158 2551 29 19 Je
195 2551 170 24 m’approchais
379 2555 30 19 et,
424 2558 41 14 sur
472 2552 25 20 la
509 2559 44 14 me-

80 2585 47 13 nue
134 2579 63 19 croix
204 2579 31 19 de
242 2579 57 23 bois,
306 2578 24 24 je
335 2581 35 22 pu
375 2580 44 19 lire
424 2587 9 12 :
441 2588 11 10 «
460 2580 90 23 Corniti,

80 2606 50 24 3/3'
138 2607 29 21 P.
176 2607 19 19 1.
207 2613 19 13 ».
239 2607 34 19 Un
280 2612 51 14 nom
339 2613 64 14 corse
408 2607 12 19 !
430 2608 83 21 Certes,
522 2615 30 13 en

81 2634 120 22 Lorraine,
219 2634 43 19 des
277 2640 64 13 noms
358 2641 83 16 corses,
464 2636 20 19 il
498 2636 53 20 n’en

81 2662 125 24 manquait
216 2665 50 20 pas
273 2661 60 20 dans
346 2662 35 20 les
389 2663 127 20 cimetières
529 2667 24 16 et

77 2688 49 24 j’en
144 2689 69 19 avais
222 2691 54 17 tant
287 2695 36 13 vu.
342 2690 64 19 Mais
419 2690 97 23 celui-ci,
535 2692 15 19 à

80 2719 59 17 cette
152 2716 70 19 heure
231 2722 29 13 ou
274 2716 23 19 la
312 2716 94 21 volonté
417 2724 36 13 me
467 2718 83 20 trahis-

76 2744 57 21 sait,
148 2743 32 21 là,
195 2744 55 23 près
263 2743 29 20 de
304 2745 53 21 moi,
372 2751 86 13 comme
472 2752 32 13 un
512 2753 39 13 en-

77 2770 180 24 couragement!
265 2771 28 19 Je
301 2771 59 20 relus
372 2777 11 10 «
393 2772 84 20 Corniti
483 2782 20 11 ».
521 2774 29 20 Je

79 2798 65 20 revis,
156 2798 24 19 la
190 2798 71 20 Serra
276 2799 65 19 aride
350 2799 29 20 de
388 2800 25 20 la
425 2803 124 23 montagne

76 2826 138 21 sartenaise,
234 2826 22 19 le
264 2832 37 13 roc
316 2827 93 20 calciné
420 2829 29 18 où
463 2834 25 14 ce
500 2836 50 13 ma-

77 2853 112 19 lheureux
197 2853 68 19 avait
272 2854 31 19 dû
311 2854 76 19 voirie
393 2855 60 24 jour,
460 2856 25 19 la
491 2857 58 19 mai-

77 2887 43 13 son
129 2880 31 19 de
165 2881 83 23 granit
261 2881 89 20 sombre
364 2883 31 19 où
402 2883 27 19 la
442 2884 61 19 mère
518 2891 30 13 en

78 2907 72 23 deuil,
164 2907 30 19 de
202 2914 26 13 ce
236 2908 64 19 deuil
305 2909 89 20 éternel
398 2910 42 19 des
451 2910 97 24 femmes

77 2935 31 19 de
116 2935 56 19 chez
181 2936 54 21 moi,
242 2936 103 23 pleurait
358 2940 31 19 et,
398 2944 58 13 sans
468 2939 78 23 doute,

74 2962 85 24 pleure
166 2968 81 14 encore
255 2965 24 17 et
283 2963 25 24 je
315 2970 36 13 me
359 2965 130 20 demandai
492 2973 10 13 :

102 2999 27 4 —
134 2990 120 24 Pourquoi
258 2990 13 20 ?
278 2991 118 25 Pourquoi
400 2995 49 17 tout
456 2999 25 14 ce
485 3000 62 19 sang

75 3022 65 14 corse
148 3018 66 18 versé
220 3018 33 19 ici
256 3018 14 20 ?
277 3019 41 23 qui
324 3019 61 20 donc
391 3020 89 24 jamais
487 3028 60 14 nous

75 3044 23 19 le
106 3045 118 24 revaudra
229 3044 13 20 ?

100 3072 89 19 Pensée
197 3073 84 24 impie!
289 3074 155 24 Aujourd’hui
450 3075 34 20 les
491 3077 56 20 Lor-

75 3099 67 19 rains
148 3103 89 20 payent
243 3100 50 20 leur
300 3101 61 20 dette
367 3110 9 12 :
387 3103 30 19 ils
424 3109 58 14 nous
489 3104 57 21 don-

74 3129 58 17 nent
138 3127 115 21 Lederlin.
261 3133 11 11 »

74 3173 147 21 IPrutesta

98 3209 86 20 D’altre
199 3217 71 18 prove
281 3211 36 20 chi
330 3218 14 14 a
353 3213 110 25 battaglia
477 3214 69 21 Gavi-

72 3236 153 22 ni-Lederlin
235 3245 38 13 era
281 3239 56 20 altra
347 3247 54 13 cosa
415 3242 43 19 che
467 3248 12 14 a
487 3243 57 20 lotta

72 3267 35 16 tra
117 3265 39 18 dui
169 3266 45 19 omi
231 3272 12 13 o
251 3266 38 19 dui
304 3268 77 23 partiti
397 3269 112 24 pulitichï,
517 3272 27 19 sô

71 3295 60 16 State
139 3298 14 13 e
166 3297 105 19 pruteste
278 3294 37 20 chi
323 3295 38 20 noi
370 3297 55 19 altri
437 3297 23 20 di
469 3298 18 20 A
496 3298 49 21 Mu-

72 3325 139 19 vra,sempre
218 3327 15 13 a
240 3321 86 20 l’infora
337 3323 23 19 di
368 3330 14 13 e
391 3325 153 21 cumbriccule

70 3346 22 19 di
101 3348 135 23 campanili,
247 3355 79 13 avemu
337 3350 106 21 ricivute.

96 3373 43 19 Fra
149 3379 90 19 queste,
253 3382 44 15 una
307 3376 21 19 di
343 3384 13 13 e
364 3379 40 23 più
418 3379 126 25 éloquente

72 3401 13 18 è
97 3404 62 16 stata
168 3403 86 23 quella,
269 3403 76 21 fattaci
359 3412 44 17 per
417 3406 125 25 dispacciu,

70 3428 28 19 da
108 3428 75 24 Nizza,
194 3430 27 19 da
232 3437 30 13 un
272 3437 65 14 corsu
350 3433 22 19 di
389 3440 55 14 veru
459 3441 82 19 ceppu,

69 3461 13 13 a
91 3456 79 24 vigilia
179 3457 24 19 di
213 3465 15 12 u
238 3459 101 20 scrutinu
347 3467 6 12 :

175 3508 12 11 «
194 3501 72 21 Petru
275 3503 73 21 Rocca
356 3505 86 20 Muvra

436 3525 6 10 \

398 3536 105 24 Ajaccio.

94 3568 71 20 Lutte
180 3572 105 23 engagée
300 3575 64 17 entre
384 3574 159 21 descendants

69 3595 42 19 des
128 3597 105 20 victimes
247 3598 31 19 de
292 3599 134 21 Pontenovo
442 3604 26 17 et
478 3602 64 21 leurs

69 3622 149 22 adversaires
233 3625 21 19 le
262 3627 76 19 succès
346 3628 30 19 de
385 3635 38 13 ces
436 3629 107 20 derniers

68 3650 75 19 serait
152 3650 21 19 le
181 3652 144 21 déshonneur
332 3655 30 19 de
369 3655 51 20 Vile
428 3656 81 21 aimée.

224 3682 70 21 Louis
300 3684 96 21 Donati.
403 3692 11 11 »

638 225 34 19 Un
687 226 26 18 sô
728 225 70 19 micca
814 224 39 20 uni
872 224 66 23 pochi
950 224 23 20 di
987 224 97 25 sacchjt-

614 251 60 25 taghj
692 252 37 20 chi
747 258 62 18 ponu
829 252 69 19 onorà
914 259 13 12 o
945 252 109 19 disonorà
1070 259 12 12 a

614 278 95 20 Corsica
717 280 6 19 !

610 327 35 19 In
653 327 89 20 India

635 361 35 20 S’è
688 363 62 19 vistu
759 363 37 19 chi
814 363 23 20 in
847 367 92 20 quattru
955 364 97 23 spalate,
1067 370 13 13 a

610 392 104 20 prutesta
730 390 22 19 di
762 390 98 23 Gandhi,
875 390 134 25 principiala
1027 398 27 12 eu
1068 397 12 13 a

609 415 119 21 siinbolica
739 418 99 19 raceolta
847 417 22 19 di
879 424 13 12 u
902 418 55 22 sale,
964 417 28 20 ha
1002 421 77 20 prestu

609 446 65 16 toccu
686 450 13 12 u
710 444 109 20 realismu
829 444 22 19 di
861 444 151 24 l’arcusgiate.

635 470 17 19 U
662 477 58 17 capu
730 471 22 19 di
766 471 6 19 i
782 471 125 22 naziunali,
923 472 117 20 rinchiusu
1055 472 23 20 in

607 497 22 19 la
644 497 75 25 prigiô
734 498 22 19 di
772 498 86 23 Poona,
874 500 50 18 avia
938 500 82 19 scrittu
1034 506 45 13 una

607 524 96 20 siconda
718 525 81 20 lettera
815 533 12 12 a
837 532 14 13 u
867 526 80 20 Vicerè
960 527 22 19 di
997 527 82 19 l'India

607 558 57 18 pocu
674 552 76 24 prima
759 553 22 19 di
790 560 14 13 u
814 554 32 19 so’
855 558 98 16 arrestu.

632 579 91 20 Gandhi
739 581 143 20 cummencia
895 589 12 12 a
923 583 33 19 so’
970 582 81 20 lettera
1066 589 12 13 a

606 605 50 20 lord
666 607 63 19 Irvin
742 614 28 12 eu
779 615 13 12 e
801 609 93 23 parole:
910 608 141 24 Car'ainicu,
1066 616 12 12 e

605 632 130 21 l’annuncia
742 641 11 12 a
760 635 32 19 so’
804 635 131 20 intenzione
946 636 133 24 d’impuses-

605 660 60 19 sassi
674 660 23 20 di
707 667 13 13 u
731 661 104 24 depositu
845 662 22 20 di
876 663 49 19 sale
934 663 22 19 di
966 663 113 20 Dharasa-

605 692 52 15 na.«
664 687 17 20 E
690 689 118 23 pussibule
816 696 42 18 per
867 690 44 23 voi,
918 691 51 19 dice
979 691 97 23 Gandhi,

604 714 108 25 d’impedi
730 722 13 13 a
760 720 79 17 nostra
856 718 101 24 impresa
980 719 23 19 di
1025 719 52 20 duie

605 748 105 14 manere:
720 744 83 24 prima,
812 751 28 13 eu
855 752 12 12 a
876 746 164 25 suppressione
1054 747 22 19 di

604 775 14 13 a
625 773 60 17 tassa
695 772 75 23 sopr’a
779 778 13 14 u
801 772 56 24 sale,
867 773 133 24 sicondu,cu
1011 781 13 12 u
1033 774 43 20 me'

603 801 89 16 arrestu
702 805 12 13 e
723 805 27 14 eu
757 800 78 24 quellu
842 801 22 19 di
872 802 6 19 i
885 802 42 19 me’
936 802 138 25 vuluntarj.»

629 824 80 21 Calme
726 833 12 13 e
753 827 55 20 fiere
825 829 78 24 parole
917 829 38 20 chi
971 830 105 20 l’Indiani

603 853 103 23 patriotti
716 861 57 14 sanu
783 856 61 24 capi.

628 880 17 20 E
654 880 58 21 bella
722 882 89 21 lezione
824 890 42 18 per
874 885 70 24 quelli
954 885 37 20 chi
1004 887 26 18 sô
1039 891 35 14 ca-

603 908 51 23 paci
669 908 112 22 d’accettà
795 911 96 20 l’eterna
906 913 87 20 servitù
1007 913 66 20 d’una

604 942 72 14 razza.

658 1055 139 49 Ldkra
823 1059 45 46 da
892 1059 123 58 Pariai

753 1156 71 21 Caru
838 1156 160 27 Pipistrellu,

628 1198 86 28 Aghiu
735 1199 115 22 ricivütu
872 1206 14 14 a
907 1200 34 21 lo'
957 1201 113 26 risposta

599 1230 43 21 chi
662 1237 23 15 ni
697 1231 33 21 ha
746 1232 73 26 fallu
837 1238 67 22 grau
920 1231 125 29 piàceref
1049 1241 21 18 e,

597 1269 73 22 sen^a
688 1264 50 28 più
750 1266 114 24 rilardu,
877 1267 23 20 li
910 1266 90 28 vogliu
1021 1269 49 20 ris-

596 1297 92 25 ponde.

624 1329 41 21 Mi
675 1330 55 21 dici
740 1331 45 21 che
796 1333 29 19 tu
838 1338 26 14 se
873 1333 28 20 in
910 1332 67 22 bona
994 1334 70 22 sain-

597 1363 24 20 te
626 1368 10 21 ;
643 1369 30 15 ne
684 1363 28 21 sô
726 1365 74 20 tanin
812 1365 131 26 euhtente,
957 1373 12 14 e
981 1368 23 20 ti
1010 1367 60 27 fac-

596 1396 41 20 ciu
648 1398 62 25 sape
719 1397 44 21 chi
774 1399 53 25 noi,
841 1404 71 16 cume
923 1399 93 27 sainte,
1038 1408 31 15 ne

597 1434 87 16 avemu
697 1436 66 15 ancu
776 1431 32 20 da
819 1432 86 21 vende.

625 1461 29 21 Ti
665 1461 80 29 lagni,
755 1469 64 16 caru
830 1466 123 26 amieone,
962 1468 28 20 di
998 1469 70 27 quel-

595 1494 22 21 li
622 1496 209 26 gracchiameiiti
842 1498 36 21 d'i
889 1500 75 21 corbi
975 1502 92 27 impin-

593 1528 78 23 qutiti
678 1528 43 21 chi
731 1529 96 27 Jacenu
836 1534 117 26 risposta
960 1536 34 20 ad
1006 1537 61 26 ogni

594 1560 14 22 b
610 1560 42 22 élu
671 1562 30 20 di
712 1568 16 14 a
739 1565 100 31 nostra_
848 1565 161 24 Muvrarella
1027 1576 39 15 ca-

593 1595 48 20 rat
657 1594 68 22 Cosa
737 1596 71 22 voli?
818 1591 22 28 È
851 1604 17 16 u
881 1599 101 24 destinti
990 1603 75 27 fata-

593 1626 24 21 le
636 1627 29 21 di
675 1634 15 14 a
704 1629 74 26 jente
796 1634 89 19 onesta
904 1633 70 23 d’av'e
994 1636 71 22 tutfi

592 1659 73 23 ladri
682 1664 140 25 appressu!
841 1665 81 29 Eppo’
933 1669 26 20 si
969 1667 15 22 i
990 1669 75 22 corbi

591 1694 27 20 ci
626 1695 166 28 rispondenu,
802 1705 13 13 e
827 1698 50 22 bon
888 1706 88 22 segnu.
1000 1703 63 22 Cusi

592 1732 109 18 omancu
719 1730 26 20 si
755 1731 60 20 vede
826 1731 40 22 ch'
867 1732 114 24 ell'hanu
998 1738 66 20 mte-

589 1766 32 16 su
633 1768 15 14 a
658 1764 90 20 nostra
759 1770 67 19 voce,
840 1772 20 18 e,
872 1766 67 22 s'elli
951 1771 111 21 mettenu

590 1795 75 21 tantu
686 1797 96 21 ardore
794 1804 16 14 a
822 1799 159 29 cumbatteci,
1002 1802 13 21 è
1025 1809 38 16 se-

585 1833 56 22 gnu
653 1829 44 21 chi
707 1829 29 21 di
747 1832 46 20 noi
805 1837 31 15 ne
845 1832 69 22 hanu
924 1840 16 15 a
949 1837 112 25 paurac-

589 1867 41 15 cia
637 1862 10 19 !
658 1862 45 21 Ma
715 1863 42 21 chi
768 1865 23 20 ti
795 1864 63 28 faci
868 1868 75 20 tanin
952 1871 109 25 galtivu

587 1900 97 22 sangue
699 1896 40 27 pe'
758 1899 37 19 sti
810 1900 205 26 gracchiamenti
1033 1904 29 21 di

588 1928 72 21 corbi
669 1929 19 27 f
689 1930 75 21 amiti
773 1935 11 16 i
806 1931 38 22 Un
860 1934 58 20 vedi
932 1934 44 22 chi
984 1942 20 15 21
1012 1939 49 25 po-

585 1960 67 27 pulu
671 1967 36 16 un
720 1962 22 21 li
750 1963 86 28 piglia
846 1965 47 27 più
906 1973 15 14 a
934 1973 17 15 u
968 1970 72 21 seriu
1049 1970 11 22 ï

590 1993 21 21 O
608 2000 21 21 g
629 2000 27 16 ni
656 2000 46 16 mu
713 2001 14 15 s
728 1995 15 21 à
757 1997 31 21 ch
796 1997 46 21 elli
859 1999 28 21 sô
901 2006 53 15 una
968 2008 74 16 maris
1044 2010 15 14 a

587 2027 28 20 di
624 2029 70 20 servi
705 2029 203 29 clîabbagliianu
923 2040 16 14 a
948 2035 49 27 più
1008 2037 51 26 pù-

586 2060 30 21 d'e
621 2063 47 25 per
677 2062 132 23 meritdssi
814 2071 16 14 a
834 2067 99 25 pruven
936 2068 33 21 da
974 2069 86 22 ch’elli

586 2092 21 22 li
619 2093 174 27 furniscenui
799 2097 131 28 padroni?
937 2101 57 21 Ah!
1007 2109 50 15 cun

585 2127 43 20 chi
644 2129 96 21 ardore
751 2130 140 27 difendenu
903 2140 15 14 a
938 2137 120 25 "grande

585 2160 104 22 Paichie
696 2169 13 13 »
717 2163 10 20 /
744 2163 45 21 Ma
801 2170 51 16 cun
864 2166 44 22 chi
917 2167 112 24 velocità
1042 2177 15 14 a

585 2193 40 22 las
626 2201 22 14 ci
651 2194 42 22 arï
695 2202 31 14 a.11
730 2202 17 15 u
758 2198 76 21 cascà
847 2199 117 28 dumane,
976 2203 26 20 si
1011 2205 47 25 per

585 2227 45 21 elli
647 2234 55 16 nun
722 2229 103 23 c'eranu
842 2232 49 27 più
903 2235 37 20 sti
955 2233 103 29 pïccuti

585 2260 94 26 favori,
700 2262 166 30 st'impieghi,
878 2264 38 24 sti
929 2273 18 22 g
948 2268 38 22 ail
988 2270 46 20 oui
1043 2277 14 14 e

585 2295 36 20 ste
628 2296 123 25 pensioni
759 2297 10 20 !

609 2329 50 20 Noi
672 2335 89 15 avemu
773 2336 53 16 una
837 2331 99 28 Patria,
950 2341 53 15 una
1013 2343 41 15 so-

583 2359 34 26 lo,
631 2365 52 17 una
693 2367 45 16 ver
738 2368 15 16 a
761 2369 6 15 :
781 2370 14 14 a
811 2365 117 22 Corsica.
944 2367 46 23 Ma
999 2369 54 27 elli,

582 2395 63 20 tutti
662 2394 37 22 sti
715 2397 146 27 partigiam
882 2399 29 21 di
929 2406 16 15 a
957 2408 97 21 «gran-

582 2427 29 20 de
620 2427 108 22 Paichie
733 2436 21 18 »,
764 2429 48 21 elli
820 2436 36 16 un
868 2438 31 15 ne
910 2432 71 24 hàiiu
990 2437 61 20 mic-

581 2466 30 14 ca
620 2461 9 19 !
639 2461 23 20 A.
674 2461 92 21 Patria
771 2465 50 25 per
833 2464 53 26 elli,
897 2473 12 13 e
921 2473 16 14 a
946 2467 107 24 brinna-

581 2494 26 20 ta
618 2493 92 22 ch’ella
722 2494 22 21 li
752 2501 71 16 serve
834 2495 153 27 Marianna.

606 2526 16 21 I
626 2526 131 27 facchini,
770 2535 66 16 caru
847 2529 163 32 Pipistrellu,
1022 2536 28 22 sb

578 2562 99 25 sempre
683 2562 67 20 stati
757 2568 14 14 e
778 2568 99 17 saranu
886 2569 100 25 sempre.
991 2569 61 26 fac-

579 2592 79 22 chini.
677 2593 58 21 Elli
751 2594 28 22 sb
796 2597 30 20 ni
827 2598 36 20 mi
863 2598 26 20 ci
908 2598 37 22 d’i
961 2603 91 27 naqiu-

579 2625 92 22 nahsti
689 2633 68 16 corsi
779 2628 108 29 d'oghie,
909 2639 72 15 cume
991 2636 13 20 i
1013 2636 29 21 so
1044 2636 8 8 3

578 2658 101 32 antïghi
698 2666 82 16 eranu
798 2663 93 21 nimici
908 2665 38 22 d’i
960 2669 91 27 nagiu-

577 2692 93 21 nalisti
682 2693 26 21 di
721 2695 89 21 tondu.
823 2695 53 23 Elli
888 2703 108 19 servenu
1016 2703 34 20 da

576 2724 101 22 schiavi
699 2732 16 15 a
732 2726 121 29 Francia,
874 2732 110 22 cum'ell'
990 2740 59 17 ava-

577 2764 24 15 nt
603 2764 53 16 emu
666 2762 100 19 servitu
780 2761 107 23 Genuva
897 2770 27 16 se
935 2768 46 19 noi
991 2774 57 15 era-

576 2797 43 15 mu
634 2794 100 25 sempre
754 2793 134 29 Genuvesi,
909 2805 13 13 e
933 2800 116 23 cum'elli

575 2822 154 24 sérvaridnu
743 2827 111 22 dumane
864 2836 17 14 u
901 2830 145 30 Gi'appone,

574 2858 24 20 si
609 2864 16 14 a
635 2861 94 19 nostra
738 2861 96 25 povera
847 2863 69 21 isula
936 2866 111 22 cambia-

574 2896 31 15 va
617 2891 116 22 un’altra
743 2893 69 21 volta
822 2895 28 21 di
857 2897 126 25 padroni.

601 2923 119 29 Dunque,
739 2932 62 16 caru
813 2927 163 31 Pipistrellu,
995 2933 52 22 las-

574 2956 64 21 ciali
646 2958 125 27 gracchià
781 2961 37 20 sti
829 2962 74 21 corbi
922 2965 125 23 maladei-

574 2990 28 20 ti.
612 2989 57 22 Elli
674 2996 14 15 s
690 2990 13 21 b
716 2993 95 26 troppu
821 2995 83 21 vicini
912 2996 29 22 di
949 3003 16 17 u
976 2999 69 23 cher-

574 3022 100 28 mugli-u
682 3024 157 28 purulente
857 3030 49 25 per
917 3029 44 22 chi
972 3032 42 21 no'
1025 3032 22 23 li

574 3054 87 22 dïamu
672 3059 75 25 capu.
774 3057 40 23 Un
826 3061 55 21 cire
881 3061 16 21 à
908 3068 96 18 mancu
1017 3066 29 21 di

574 3090 152 25 cnnvinceli,
739 3092 26 20 ci
771 3097 57 17 serv
831 3093 56 22 aria
891 3101 44 20 nu,
945 3098 100 22 cum'el-

574 3121 20 20 li
604 3127 107 17 servenu
733 3123 9 21 l
750 3124 73 27 altri,
837 3133 32 15 eu
887 3134 16 15 a.
918 3132 127 27 speran^a

574 3154 140 23 d'un'altra
724 3158 97 25 pruven
825 3160 41 21 da.

598 3187 164 31 Abbastan^a
782 3191 195 27 chiacchiàratu
993 3200 51 25 per

572 3220 81 28 oghie.
675 3222 43 20 Ce
734 3222 123 24 Cata.lma
867 3227 45 21 chi
918 3230 52 25 per
977 3230 68 24 fam—

570 3254 38 20 mi
619 3254 126 22 arrabbià
755 3258 37 19 mi
802 3260 77 20 canta
892 3266 15 14 a
927 3261 116 24 «Marsi-

567 3286 101 28 gliese•»
696 3293 254 26 accumpagnendusi
973 3302 31 16 eu
1027 3304 16 14 a

569 3319 47 21 me'
623 3318 132 30 ghiiarra.
772 3323 39 22 Un
820 3325 62 22 dieu
891 3326 83 28 nulla,
981 3331 61 25 per-

570 3353 45 20 che
639 3354 28 20 sb
692 3355 31 21 ch
733 3355 50 21 ella
802 3363 16 15 a
837 3358 58 25 face
923 3363 117 25 a.pposta.

572 3385 112 23 Ouandu
698 3387 16 21 V
716 3394 65 15 avar
780 3390 80 26 aghiu
869 3391 63 22 datu
942 3399 34 15 un
987 3394 54 21 bas-

565 3419 57 26 giu,
632 3421 38 19 mi
677 3421 110 21 cantarà
798 3429 14 13 «
824 3422 55 22 Cur
880 3424 24 20 si
905 3425 29 21 ch
937 3425 51 21 ella
995 3434 22 18 »,
1028 3434 13 14 e

565 3452 50 25 per
622 3452 116 22 un'altru
746 3453 90 28 basgiu
841 3456 113 27 gridara
959 3464 67 16 ancu
1031 3466 9 15 :

567 3490 15 14 «
588 3484 22 20 A
614 3484 92 22 bbassu
712 3485 124 26 Lederlin.
841 3495 12 13 e
862 3495 15 14 a
883 3491 156 22 sdcchetta!»

594 3516 117 27 Intantu,
722 3518 52 21 ella
785 3521 23 19 ti
819 3522 113 21 mandat
933 3525 60 20 anti
1000 3531 39 15 sa-

568 3548 61 26 luti,
642 3550 31 21 ed
684 3556 44 16 eiu
740 3551 17 21 f
758 3550 139 26 abbracciu
909 3556 130 23 fraierna-

567 3584 92 20 mente.

597 3614 25 21 U
631 3615 33 21 to'
677 3618 56 20 ami
734 3623 31 15 eu
776 3624 12 14 e
799 3622 148 26 cumpagnu
959 3623 29 20 di
996 3623 41 28 fe-

568 3647 39 21 de.

622 3687 36 21 M.
671 3688 152 24 Alessandri
834 3691 28 22 di
874 3692 134 24 Ch.id.azzu.

1284 123 21 45 I
1340 121 234 55 Servîzj
1615 120 304 48 MarittimI

1140 223 23 21 U
1169 225 128 21 scandalu
1307 225 27 21 di
1342 225 11 20 i
1364 225 96 27 servi^j
1471 224 111 22 marilli-

1109 255 38 21 mi
1157 258 97 25 accapa
1276 258 28 21 di
1311 263 74 15 menu
1404 258 28 20 in
1444 263 76 15 menu
1538 256 43 21 l'o-

1106 289 108 25 pinionc
1232 290 115 27 publica,
1369 290 40 21 dis
1410 291 83 21 trotta
1512 290 33 20 da
1566 295 16 15 a

1109 320 65 22 lolta
1186 321 178 26 elettorale,da
1376 328 52 16 una
1437 324 98 25 parte,e
1545 321 35 22 al-

1109 352 144 26 luntanata.
1261 356 33 21 da
1302 356 40 20 sta.
1354 356 107 26 spinosa
1472 355 109 28 quislio-

1107 391 32 15 ne
1150 386 34 21 da
1197 392 16 15 u
1224 389 110 26 silenpu
1347 388 28 20 di
1387 394 15 15 a
1413 389 103 26 slampa
1527 394 13 14 e
1552 387 29 21 di

1107 419 11 20 i
1125 420 218 28 rappresenlqnti..

1137 451 56 22 Una
1211 453 169 28 requisitoria
1392 453 69 25 fatta
1482 453 32 25 d:a
1533 453 47 21 noi

1106 484 72 21 sarïa
1186 486 78 25 stata,
1276 485 90 22 beuchà
1377 486 109 26 précisa,
1496 487 83 19 lassa-

1106 518 27 20 ta
1145 517 29 21 di
1185 518 152 28 par%ialita.

1137 549 33 21 Ci
1180 552 162 21 cuntentemu
1353 551 102 28 dunque
1467 552 28 21 di
1502 552 76 21 mette

1104 584 51 19 soit
1164 589 15 14 a
1197 582 93 28 l'occhj
1301 584 29 20 di
1341 585 66 20 tutti
1417 590 17 15 u
1446 590 16 15 r
1463 587 95 24 apport
1561 591 16 15 u

1101 616 154 25 presentatü
1265 622 15 14 a
1291 622 15 15 u
1316 622 73 15 nome
1398 617 28 20 di
1434 622 15 15 a
1458 618 118 20 cunimis-

1103 647 26 21 si
1130 653 46 15 one
1187 648 112 27 spéciale
1318 649 28 21 di
1357 650 11 20 i
1377 650 94 27 serviy
1484 650 91 20 rnaril-

1103 680 61 21 timi
1180 680 88 28 sopr'a
1289 682 129 26 quistione
1431 682 28 21 di
1471 689 15 13 a
1506 688 70 21 mag-

1102 713 153 33 qiuragione
1267 714 29 20 di
1307 715 11 19 i
1326 715 110 27 preyi,e
1447 716 128 20 accettatu

1104 746 34 20 da
1149 752 16 14 a
1182 746 111 21 Caméra
1314 747 27 20 di
1360 743 165 25 Cûmmerciu
1547 748 28 20 di

1102 778 93 22 Bastia
1215 780 27 19 in
1260 778 26 21 la
1305 779 36 21 so’
1353 780 91 21 seduia
1465 781 33 20 di.
1509 786 17 15 u
1545 786 30 16 22

1102 818 91 21 maryi
1204 817 101 16 scorsu.

1130 844 48 22 Stu
1195 846 132 26 rapporta
1344 853 14 13 e
1370 849 36 18 uh
1417 852 62 16 veru
1499 847 75 21 docu-

1101 879 88 19 menta
1202 877 41 21 chi
1250 878 63 26 face
1324 880 96 20 risorte
1432 885 15 15 a
1465 879 107 21 vulunlà

1101 911 29 20 di
1151 915 18 15 u
1187 911 72 20 statu
1281 911 28 20 di
1326 912 28 20 ri
1354 912 62 21 duce
1437 919 16 14 u
1471 912 101 28 populu

1100 948 76 16 corsu
1185 949 16 14 a
1209 949 14 15 a
1228 943 48 27 più
1284 944 137 27 cumpletia
1429 946 112 25 misçria,
1545 946 29 21 di

1098 981 109 15 manera
1222 982 16 14 a
1254 977 110 26 pudellu
1379 980 75 23 mette
1469 978 50 29 più
1528 979 45 28 fa-

1098 1007 121 22 ciImente
1230 1009 28 21 in
1272 1009 27 22 lu
1311 1010 104 23 chiassu
1425 1012 28 21 di
1465 1012 107 29 l’impie-

1098 1040 93 28 gheria
1198 1048 8 14 ;

1120 1095 44 19 «En
1179 1097 110 19 examinant
1301 1099 108 19 l’ensemble
1422 1102 50 18 delà
1484 1104 86 22 question

1098 1121 34 17 des
1138 1121 83 19 services
1229 1123 105 19 maritimes
1342 1125 25 17 de
1374 1125 19 18 la
1402 1126 61 23 Corse;
1469 1129 105 22 tels-qu'ils;

1097 1146 130 19 fonctionnent
1234 1150 138 19 actuellement,
1386 1156 23 13 on
1421 1153 74 19 aboutit
1502 1154 12 18 à
1521 1156 50 18 cette

1097 1171 69 18 double
1174 1174 124 18 constatation
1305 1180 5 13 :

1119 1197 18 17 1’
1146 1197 145 23 L’exploitation
1299 1201 33 17 des
1340 1201 62 23 lignes
1410 1204 24 16 de
1443 1204 17 17 la
1470 1204 55 18 Corse
1532 1210 35 17 par

1097 1221 18 17 la
1124 1221 112 24 Compagnie
1245 1224 131 20 FRA1SS1NET
1384 1229 30 16 est
1421 1229 111 19 déficitaire.

1119 1247 17 17 2-
1143 1247 27 18 En
1176 1248 62 18 raison
1246 1250 23 17 de
1275 1251 91 18 ce,déficit
1371 1253 31 21 (lu
1407 1254 82 18 millions
1494 1255 75 19 300.000

1097 1271 61 19 francs
1167 1277 49 18 pour
1223 1274 72 18 l’année
1302 1271 55 28 ,1029)
1366 1278 55 18 l’Etat
1429 1283 20 13 se
1458 1280 41 17 voit
1506 1281 62 23 obligé

1097 1297 23 17 de
1129 1297 81 22 majorer
1217 1299 29 18 les
1254 1300 61 18 tarifs.

1118 1321 53 19 Cette
1179 1324 83 18 solution
1271 1327 55 21 ayant
1334 1327 61 18 donné
1404 1328 38 18 lieu
1448 1329 14 17 à
1471 1331 53 17 votre
1532 1331 36 18 dé-

1096 1346 99 20 libération
1209 1350 25 17 du
1250 1350 23 17 10
1281 1351 69 18 février
1359 1353 84 22 dernier,,
1451 1359 38 13 aux
1497 1356 70 18 termes

1095 1372 23 18 de
1132 1373 81 23 laquelle
1227 1380 49 13 vous
1289 1379 45 15 avez
1345 1379 86 23 protesté
1439 1381 127 21 contre,toute

1094 1400 141 20 augmentation
1252 1401 34 18 des
1300 1402 60 21 tarifs,
1379 1405 54 17 A'otre
1446 1406 119 18 commission

1094 1423 79 23 chargée
1181 1425 24 17 de
1213 1425 91 19 l’examen
1311 1427 22 18 de
1339 1429 51 17 cette
1394 1429 111 23 importante
1511 1436 55 18 ques-

1096 1447 44 23 tion,
1152 1449 41 18 doit
1201 1451 67 17 devoir
1277 1457 45 12 vous
1331 1455 102 18 soumettre
1441 1456 29 17 les
1479 1457 86 18 considé-

1093 1473 71 19 rations
1173 1475 98 19 suivantes
1280 1477 31 22 qui
1321 1479 33 17 ont
1362 1484 47 17 pour
1416 1480 51 22 objet
1474 1486 5 13 :

1114 1498 19 18 1-
1138 1499 96 19 D’étudier
1239 1497 28 22 lés
1273 1507 76 17 moyens
1355 1504 23 18 de
1385 1505 74 19 réduire
1465 1511 21 13 ce
1492 1508 71 18 déficit.

1141 1525 26 17 Le
1177 1525 47 18 faire
1233 1528 89 17 ressortir
1329 1533 36 17 que
1374 1530 28 17 les
1410 1531 120 22 majorations
1539 1534 24 17 de

1092 1549 54 18 tarifs
1154 1554 24 13 ne
1187 1553 85 19 peuvent
1279 1553 53 18 avoir
1339 1554 82 19 d’autres
1427 1557 136 22 conséquences

1091 1579 37 17 que
1135 1575 131 23 d'augmenter
1273 1577 18 18 le
1299 1578 66 18 déficit
1374 1581 39 17 tout
1422 1585 23 13 en
1459 1584 103 21 aggravant

1090 1599 19 17 la
1117 1599 91 19 situation
1217 1602 24 17 de
1249 1602 19 17 la
1277 1602 61 19 Corse.

1112 1629 25 13 na
1145 1629 113 19 compagnie
1268 1629 101 18 J-raissinet
1381 1635 65 14 assure
1454 1632 106 23 l’exploita-

1090 1649 40 18 tion
1138 1651 34 17 des
1179 1651 63 22 lignes
1250 1653 24 17 de
1281 1653 18 18 la
1309 1654 55 18 Corse
1372 1660 37 13 aux
1417 1658 104 18 conditions
1533 1659 27 17 fi-

1089 1674 45 18 xées
1142 1680 34 17 par
1183 1676 19 17 la
1211 1678 111 18 convention
1330 1680 26 17 du
1364 1680 23 18 11
1397 1682 36 17 mai
1444 1682 50 19 1927.

1111 1700 27 17 En
1146 1701 100 19 exécution
1254 1703 24 17 de
1286 1705 48 17 cette
1342 1707 117 21 convention,
1475 1708 18 18 la
1507 1713 53 14 com-

1089 1725 66 22 pagnie
1164 1726 104 20 Fraissinet
1276 1729 45 17 s’est
1334 1735 38 13 vue
1384 1732 46 17 dans
1444 1733 115 23 l’obligation

1088 1750 23 17 de
1121 1751 101 22 remplacer
1230 1753 29 18 les
1267 1754 58 18 vieux
1333 1756 75 18 navires
1416 1762 23 13 en
1446 1759 113 19 service.sur

1087 1775 19 17 la
1114 1775 56 19 Corse
1179 1782 34 16 par
1221 1778 24 17 de
1259 1780 97 18 nouvelles
1371 1781 68 19 unités.
1454 1782 50 20 C’est
1511 1785 47 17 dans

1088 1804 30 14 ces
1127 1801 105 19 conditions
1241 1808 36 17 que
1286 1804 17 17 la
1313 1805 65 18 valeur
1386 1807 57 18 toiale
1451 1809 34 17 des
1490 1813 68 19 paque-

1087 1826 42 17 bots
1137 1825 82 23 Ibéria,
1228 1827 98 24 Corsica,
1334 1830 112 24 Numidia,
1450 1836 75 16 servant
1534 1836 24 17 de

1086 1851 45 17 base
1138 1856 26 14 au
1172 1852 60 18 calcul
1242 1854 33 18 des
1283 1856 86 18 annuités
1375 1857 93 23 d’intérêt,
1474 1860 32 22 qui
1512 1860 46 19 était

1087 1876 23 17 de
1118 1876 75 19 G3ü.0.3.1
1202 1878 63 20 francs
1273 1884 24 14 en
1306 1880 45 18 1926
1360 1882 45 18 s’est
1412 1884 77 18 trouvée
1493 1886 65 22 portée

1086 1906 47 13 avec
1145 1902 28 18 les
1187 1903 104 23 paquebots
1299 1904 94 24 Cyrnos,
1403 1907 126 24 Cap-Corse
1538 1912 20 17 et

1087 1926 59 18 Ville
1155 1927 119 23 d.Ajaccio
1288 1931 10 16 à
1312 1930 22 18 43
1349 1933 89 22 millions,
1448 1935 69 18 valeur
1523 1936 34 22 qui

1086 1952 89 18 s’élèvera
1183 1953 11 17 à
1203 1954 44 21 plus
1256 1955 23 17 de
1288 1955 21 17 GO
1318 1956 82 19 millions
1414 1963 46 13 avec
1475 1960 44 18 l’Ile
1528 1961 29 18 de

1084 1976 92 18 Beauté.
1191 1978 26 17 La
1231 1979 69 23 charge
1314 1981 22 17 de
1351 1986 21 13 ce
1386 1977 70 28 capitol'
1468 1984 51 19 étant
1532 1987 24 16 de

1085 2001 46 21 12/-.
1144 2002 29 18 les
1188 2003 92 22 dépenses
1292 2005 139 23 d'exploitation
1439 2013 20 14 se
1469 2010 88 19 trouvent

1084 2026 90 23 majorées
1182 2029 140 19 annuellement
1330 2032 25 17 dé
1362 2032 10 17 7
1381 2033 90 19 millions.
1486 2035 25 18 Ce
1522 2036 33 22 qui

1084 2052 93 19 constitue
1185 2053 20 17 la
1213 2055 91 20 première
1312 2057 60 21 partie
1381 2058 26 18 du
1415 2059 71 19 déficit.

1106 2077 27 18 En
1147 2083 22 13 ce
1183 2079 34 21 qui
1228 2084 90 15 concerne
1326 2081 18 18 la
1353 2083 48 18 mise
1409 2089 23 13 en
1441 2086 72 18 service
1521 2088 34 17 des

1083 2107 99 14 nouveaux
1190 2106 110 21 paquebots,
1315 2106 14 18 il
1343 2108 87 19 convient
1441 2111 24 17 de
1473 2111 83 19 déclarer

1084 2129 128 21 qu-exception
1226 2130 47 18 faite
1286 2136 47 17 pour
1339 2132 47 19 l’Ile
1396 2134 26 18 de
1431 2134 90 24 Beauté,
1530 2147 24 3 —

1083 2153 33 22 qui
1124 2158 24 13 ne
1156 2154 88 21 présente
1252 2160 71 14 aucune
1332 2158 63 19 utilité
1408 2164 47 18 pour
1469 2161 28 18 les
1508 2167 47 13 usa-

1083 2182 43 18 gers
1134 2179 23 17 de
1165 2179 47 21 File,
1220 2189 25 4 —
1253 2181 28 18 les
1294 2187 99 14 nouveaux
1407 2186 101 22 paquebots
1520 2188 33 21 qui

1083 2204 109 17 desservent
1200 2206 131 19 actuellement
1339 2208 29 18 les
1376 2209 61 23 lignes
1443 2211 23 18 de
1472 2212 17 17 la
1495 2212 57 19 Corse

1082 2230 43 16 sont
1134 2233 59 14 venus
1202 2231 103 22 remplacer
1313 2232 46 19 trois
1364 2235 149 25 navires-usagés
1518 2238 34 22 qui

1083 2253 68 18 étaient
1160 2254 73 19 arrivés
1241 2261 25 13 au
1275 2258 58 18 terme
1341 2259 25 17 de
1373 2259 43 19 leur
1423 2253 90 27 durée'de
1520 2268 34 13 na-

1082 2278 102 23 vigabilité.

1104 2303 52 19 Cette
1164 2309 76 14 mesure
1249 2307 101 22 s’imposait
1359 2309 50 19 aussi
1417 2311 44 18 bien
1470 2317 24 13 au
1500 2314 53 21 point

1081 2329 23 17 de
1112 2334 36 13 vue
1156 2330 24 17 de
1188 2330 20 17 la
1216 2331 81 19 sécurité
1305 2333 33 18 des
1351 2339 105 18 voyageurs
1470 2342 36 18 que
1518 2339 34 18 des

1080 2354 103 18 conditions
1192 2356 139 22 d’exploitation
1340 2359 26 17 du
1375 2361 77 18 service.

1101 2379 26 18 Le
1134 2380 80 18 nombre
1221 2382 21 17 et
1249 2382 19 17 la
1276 2383 84 21 capacité
1368 2385 33 18 des
1409 2391 101 15 nouveaux
1517 2394 36 17 pa-

1079 2405 81 21 quebots
1168 2406 35 17 ont
1208 2406 31 18 été
1247 2407 51 18 fixés
1307 2413 23 13 en
1338 2412 109 20 proportion
1452 2413 34 18 des
1489 2414 63 22 lignes

1078 2430 12 16 à
1097 2430 98 18 desservir
1202 2432 20 17 et
1236 2436 24 13 en
1268 2435 76 20 rapport
1352 2440 48 13 avec
1412 2435 140 23 les'nécessités

1078 2455 26 17 du
1112 2455 65 18 trafic.

1098 2482 26 15 La
1132 2482 118 17 convention
1258 2483 64 22 quilie
1329 2484 18 17 la
1353 2484 115 25 Compagnie
1475 2489 11 17 à
1494 2490 58 18 l’Etat

1077 2509 12 13 a
1104 2505 106 18 déterminé
1222 2507 30 18 les
1260 2508 107 20 conditions
1380 2511 172 22 d’amortissement

1077 2530 24 17 de
1113 2534 32 14 ces
1160 2532 100 18 nouvelles
1276 2533 69 19 unités.
1363 2536 14 16 Il
1392 2541 24 13 ne
1430 2539 73 17 saurait
1510 2540 41 19 être

1076 2555 90 22 question
1174 2556 124 22 aujourd’hui
1307 2558 26 18 de
1340 2562 130 20 reprendre.la
1478 2564 74 19 discus-

1076 2580 42 17 sion
1125 2584 35 14 sur
1167 2585 21 13 ce
1197 2581 59 22 point,
1265 2583 47 18 maïs
1317 2584 14 18 il
1338 2589 26 14 ne
1372 2587 61 21 parait
1440 2592 34 19 pas
1480 2589 71 21 inutile

1076 2606 24 16 de
1106 2605 49 18 faire
1163 2610 112 18 remarquer
1280 2613 36 17 que
1323 2609 58 19 l’Etat
1389 2612 54 19 vient
1450 2614 25 17 de
1481 2617 69 18 mettre

1075 2631 12 16 à
1093 2630 19 18 la
1119 2630 116 22 disposition
1243 2633 24 16 de
1274 2633 92 23 l’Algérie
1374 2638 67 19 quatre
1448 2643 102 16 nouveaux

1074 2654 78 19 navires
1160 2656 65 18 valant
1234 2656 35 18 223
1284 2658 85 19 millions
1377 2661 12 17 à
1397 2666 26 13 un
1437 2663 47 18 tarif
1491 2665 24 18 de
1522 2667 28 16 lo-

1074 2680 63 18 cation
1144 2680 35 18 des
1186 2681 45 21 plus
1240 2684 126 21 avantageux.

1096 2705 75 18 L’autre
1179 2706 63 21 partie
1251 2707 25 18 du
1285 2708 67 19 déficit
1363 2711 47 18 lient
1417 2713 12 17 à
1436 2713 114 24 Porganisa-

1075 2731 41 16 tion
1131 2730 91 22 générale
1239 2732 35 18 des
1291 2735 85 18 services
1384 2741 5 12 :
1407 2738 57 18 d’une
1480 2743 49 18 part,
1538 2742 11 17 à

1073 2755 112 18 l’existence
1197 2757 25 17 de
1235 2757 64 22 lignes
1313 2759 11 17 à
1335 2760 61 19 faible
1411 2763 110 20 rendement
1529 2768 20 16 et

1073 2780 73 18 d’autre
1153 2782 44 21 part
1205 2786 25 15 au
1238 2783 56 18 mode
1301 2784 152 23 d’exploitation.

1095 2805 24 18 La
1134 2806 93 18 Chambre
1241 2807 24 18 de
1280 2808 110 21 Commerce
1404 2813 24 17 de
1442 2813 63 20 Bastia
1526 2821 22 13 se

1072 2830 67 18 basant
1147 2835 34 14 sur
1189 2832 20 17 le
1217 2831 114 21 fendement
1347 2834 145 25 (voyageurs'et
1499 2845 49 15 mar-

1073 2855 107 23 chandises)
1195 2857 24 18 de
1233 2857 73 23 chaque
1320 2860 52 22 ligne
1386 2867 11 12 a
1410 2863 69 22 depuis
1494 2866 54 17 long-

1072 2881 63 22 temps
1149 2882 77 22 signalé
1234 2883 21 17 la
1268 2884 94 19 nécessité
1375 2887 115 20 de.réduire.
1500 2892 48 17 dans

1072 2906 19 17 la
1098 2906 43 21 plus
1148 2906 56 23 large
1211 2905 85 21 mesure'
1304 2910 91 23 possible,
1406 2913 30 18 les
1443 2914 65 23 lignes
1516 2917 32 17 dé-

1071 2930 94 19 ficitaires
1173 2933 20 16 et
1200 2932 93 19 demandé
1296 2938 43 18 que,
1349 2937 48 17 dans
1404 2937 142 24 l’organisation

1071 2956 34 17 des
1118 2956 86 18 services
1217 2958 114 23 maritimes,
1345 2960 16 18 il
1377 2961 31 19 fut
1416 2964 49 17 tenu
1473 2967 73 21 compte

1071 2980 26 18 du
1105 2981 112 19 coefficient
1230 2983 143 23 d’exploitation
1382 2988 24 17 de
1413 2988 74 23 chaque
1496 2993 49 19 port.

1071 3004 51 19 C’est
1129 3011 24 12 en
1162 3007 49 17 effet
1218 3012 24 13 en
1246 3011 89 16 assurant
1339 3011 35 18 des
1382 3013 85 19 services
1476 3016 69 18 mixtes

1070 3032 279 22 passagers-etomarehaudises
1358 3038 187 23 que-les-paquebots

1070 3055 79 19 affectés
1158 3061 40 13 aux
1205 3057 65 23 lignes
1279 3059 23 18 de
1310 3060 19 19 la
1337 3060 58 20 Corse
1403 3066 85 19 peuvent
1495 3069 50 14 com-

1070 3084 69 17 penser
1145 3081 20 17 la
1173 3082 85 22 dépense
1266 3083 93 21 afférente
1367 3086 10 19 à
1392 3088 73 21 chaque
1467 3082 76 28 ^traver-

1070 3105 37 18 sée.
1433 3109 4 3 ■
1457 3109 3 14 :
1490 3105 4 4 '
1500 3108 6 20 ;
1527 3108 3 3 '

1092 3129 30 23 Or,
1132 3131 46 18 dans
1186 3132 147 22 l’organisation
1347 3137 82 18 actuelle
1437 3139 35 17 des
1479 3140 65 18 servie

1069 3158 38 18 ces,
1125 3160 24 13 on
1158 3158 88 17 constate
1255 3163 37 17 que
1304 3164 23 13 ce
1334 3162 45 17 sont
1386 3162 29 18 les
1425 3163 65 22 lignes
1497 3169 47 18 pro-

1069 3180 88 18 ductives
1166 3182 41 21 qui,
1213 3187 36 17 par
1255 3184 52 18 suite
1315 3185 23 18 de
1346 3186 130 23 l’application
1481 3189 25 18 du
1515 3191 28 16 ta-

1069 3205 36 18 rifs
1115 3205 145 24 kilométrique,
1276 3211 113 20 supportent
1402 3212 27 18 les
1443 3213 57 19 tarifs
1512 3215 29 19 les

1068 3230 43 21 plus
1125 3230 63 19 élevés
1202 3236 49 17 pour
1264 3234 30 17 les
1304 3239 102 18 passagers
1413 3241 73 15 comme
1494 3244 48 17 pour

1068 3254 29 18 les
1104 3256 153 19 marchandises.

1091 3279 56 23 Cette,
1152 3281 103 23 situation,
1264 3288 36 17 que
1308 3284 38 18 l’on
1355 3286 61 19 essaie
1424 3288 23 17 de
1454 3288 87 22 justifier

1068 3309 34 16 par
1109 3306 35 17 des
1152 3307 155 19 considérations
1322 3311 133 23 touristiques,
1465 3315 42 17 crée
1514 3320 26 13 un

1068 3330 93 18 véritable
1169 3332 128 21 déséquilibre
1302 3334 68 19 dansle
1377 3336 164 22 fonctionnement

1068 3355 72 17 normal
1153 3356 25 16 de
1192 3360 35 13 nos
1243 3358 85 18 services
1341 3361 109 19 maritimes-
1467 3365 19 15 et
1500 3365 40 18 doit

1068 3379 40 18 être
1124 3381 80 17 retenue
1220 3386 74 15 comme
1310 3384 56 18 l’une,
1376 3386 163 24 des-principales

1068 3407 66 15 causes
1142 3405 27 17 du
1177 3405 69 19 déficit
1253 3409 63 17 actuel
1320 3421 17 4 .-

1088 3429 33 18 S’il
1130 3430 47 17 était
1181 3432 56 17 exact
1242 3437 37 17 que
1285 3434 161 20 l’accroissement
1453 3438 27 17 du
1487 3443 53 14 nom-

1068 3453 32 18 bre
1108 3455 33 19 des
1149 3459 109 18 voyageurs
1265 3459 81 20 pouvait
1354 3461 55 17 avoir
1422 3466 50 17 pour
1479 3464 60 18 résul-

1068 3479 27 16 tat
1101 3479 24 17 de
1133 3479 99 19 diminuer
1246 3487 22 13 ce
1281 3483 75 22 déficit,
1374 3490 22 13 ce
1404 3486 48 19 n’est
1460 3492 37 17 que
1505 3495 34 16 par

1068 3507 35 14 une
1111 3505 58 16 etude
1176 3505 45 21 plus
1229 3508 126 21 approfondie
1363 3510 23 17 de
1397 3507 18 21 la
1423 3513 88 20 question
1519 3516 19 17 et

1068 3528 51 21 après
1127 3533 38 13 une
1174 3530 116 21 expérience
1297 3538 36 17 que
1341 3534 19 17 la
1376 3534 94 21 Chambre
1478 3543 10 12 a
1495 3544 43 16 pro-

1068 3553 42 20 posé
1125 3553 22 18 de
1162 3554 51 17 fixer
1220 3556 12 16 à
1240 3557 51 18 deux
1303 3563 34 13 ans
1355 3563 38 17 que
1405 3561 39 18 l’on
1452 3565 86 18 pourrait

1068 3582 7 12 1
1076 3581 44 15 voir
1127 3578 29 18 les
1172 3578 93 21 éléments
1275 3582 101 19 suffisants
1385 3585 152 23 d’appréciation.

1075 3601 133 34 ^Néanmoins,
1217 3608 50 16 sans-
1277 3607 49 17 tenir
1338 3612 49 17 pour
1401 3610 95 20 définitifs
1502 3614 35 17 des

1068 3627 76 18 ihiifres
1151 3628 34 21 qui
1194 3631 34 16 ont
1236 3630 31 18 été
1275 3632 72 18 donnés
1356 3638 23 13 en
1388 3637 64 20 ce.qui
1461 3641 77 15 eoncer-

1068 3656 20 13 ae
1095 3653 18 17 le
1121 3653 68 19 déficit
1196 3657 79 21 annuel,
1284 3657 14 17 il
1306 3658 32 17 n’v
1346 3659 12 17 à
1371 3664 74 15 aucune
1452 3659 85 22 difficul-

1068 3677 32 16 :é-a
1107 3678 95 18 admettre
1210 3684 39 17 que
1256 3681 139 22 l’exploitation
1404 3686 33 17 des
1445 3687 64 21 lignes
1513 3688 22 20 de

1070 3705 11 13 a
1089 3702 58 18 Corse
1155 3703 63 19 donne
1225 3705 41 19 lieu
1273 3707 11 17 à
1292 3711 26 13 un
1324 3708 66 21 déficit
1398 3711 55 22 mais,
1462 3716 25 13 en
1493 3717 42 13 ver-

1611 224 19 16 tu
1646 224 26 16 du
1687 223 87 23 principe
1787 225 23 17 de
1818 225 18 16 la
1845 224 99 18 solidarité
1960 223 121 19 naticimiieel

1609 248 25 16 du
1644 248 39 17 rôle
1692 253 36 17 que
1735 248 68 22 jouent
1811 249 28 17 les
1848 248 84 19 services
1940 248 109 18 maritimes
2057 248 23 17 de

1609 272 17 17 la
1643 272 26 17 Co
1676 277 31 15 •se,
1723 273 12 16 ii
1746 273 42 17 faut
1802 273 93 18 admettre
1912 278 23 12 en
1949 272 61 18 même
2017 273 62 21 temps

1608 301 36 16 que
1652 301 22 13 ce
1681 296 68 18 déficit
1762 297 39 17 doit
1816 297 45 18 être,
1871 296 37 18 mis
1922 297 10 17 à
1941 297 17 17 la
1972 297 69 22 charge
2055 297 23 18 de

1607 320 56 18 l’Etat
1676 326 23 12 au
1716 322 60 17 même
1790 321 44 18 litre
1848 326 38 17 que
1898 322 28 17 les
1941 321 74 18 dificils
2028 321 50 18 d'ex-

1607 345 99 21 ploitation
1714 346 33 17 des
1756 346 79 18 réseaux
1842 346 67 19 ferrés.

1627 390 25 16 La
1666 389 92 18 Chambre
1772 390 24 17 de
1804 390 108 19 Commerce
1921 392 23 16 de
1952 391 64 18 Bastia
2030 392 47 17 s’est

1605 414 68 21 depuis
1686 414 108 22 longtemps
1807 416 87 18 attachée
1902 417 11 16 à
1926 416 48 18 faire
1982 417 94 21 prévaloir

1605 443 21 13 ce
1633 438 85 22 principe
1726 443 37 17 que
1772 440 29 17 les
1809 440 62 22 lignes
1880 441 106 18 maritimes
1994 442 32 22 qui
2035 443 41 16 rat-

1605 464 78 18 tachent
1695 464 54 17 notre
1764 464 26 18 Ile
1798 469 23 13 au
1837 465 104 19 Continent
1949 466 79 18 doivent
2035 467 40 18 être

1604 488 121 18 considérées
1732 493 73 16 co/uinc
1813 490 18 17 le
1846 491 144 22 prolongement
1998 492 25 17 du
2032 492 41 18 rail.

1624 512 26 17 En
1660 514 68 20 posant
1735 518 22 13 ce
1765 513 92 23 principe,
1865 515 17 17 la
1890 514 94 19 Chambre
1992 521 10 12 a
2010 517 45 17 tenu
2063 517 11 17 à

1604 537 118 18 reconnaître
1730 543 37 13 aux
1771 538 62 23 lignes
1837 540 24 17 de
1868 540 18 17 la
1892 540 58 18 Corse
1958 545 30 13 un
1997 545 77 14 carac-

1603 562 48 18 tère
1660 563 103 18 d’intérêt
1771 564 90 23 général
1870 565 23 17 et
1908 565 27 18 de
1950 565 81 18 liaison
2039 567 35 17 in-

1603 587 231 22 terdépartementale.
1850 589 48 17 Mais
1915 590 37 17 elle
1963 590 110 21 ;ri’a.jamais

1603 612 83 16 entendu
1705 607 70 22 établir
1795 616 37 13 une
1854 613 127 18 assimilation
1995 614 78 18 ubsolue

1602 637 54 16 entre
1670 636 18 17 le
1701 636 34 17 rail
1750 637 20 17 et
1778 637 19 17 le
1805 637 72 21 navire,
1893 643 78 17 moyens
1980 640 23 17 de
2013 640 60 18 trans-

1602 661 43 20 port
1655 660 34 22 qui
1703 666 20 12 se
1730 661 137 19 différencient
1874 667 38 13 non
1921 664 106 18 seulement
2039 670 33 17 par

1601 685 28 17 les
1636 685 49 17 frais
1692 685 24 17 de
1723 686 82 21 premier
1812 686 144 20 établissement
1963 689 49 19 mais
2019 690 53 18 aussi

1602 714 33 17 par
1642 710 30 17 les
1680 710 100 18 modalités
1788 711 150 22 d’exploitation.

1623 734 49 21 Quoi
1679 739 26 17 qu
1712 735 13 17 il
1734 740 24 12 en
1766 736 44 20 soit,
1818 738 19 16 et
1844 741 46 15 sous
1903 739 30 18 les
1941 740 87 18 réserves
2035 746 36 17 que

1601 764 48 12 nous
1657 763 73 15 venons
1738 760 121 24 d’exprimer,
1869 763 13 17 il
1892 763 48 19 n'est
1948 769 34 17 pas
1991 770 44 13 sans
2042 766 30 18 in-

1601 783 48 19 térêt
1661 784 96 23 d’essayer
1768 786 25 18 de
1803 786 50 19 faire
1867 790 103 18 concorder
1978 791 29 17 les
2016 791 54 19 tarifs

1600 808 105 19 maritimes
1713 814 46 14 avec
1765 811 30 18 les
1803 812 55 19 tarifs
1866 813 130 24 ferroviaires,
2004 817 49 17 mais
2059 817 11 17 à

1599 834 18 17 la
1631 834 96 19 condition
1741 841 90 17 expresse
1840 839 93 19 toutefois
1946 845 38 18 que
1992 842 28 17 les
2028 847 43 13 usa-

1599 864 43 17 gers
1656 860 35 17 des
1705 860 61 22 lignes
1780 863 105 19 maritimes
1905 865 117 20 bénéficient
2035 868 34 18 des

1599 884 70 18 mômes
1677 887 102 22 avantages
1784 892 36 18 que
1827 889 29 18 les
1860 894 79 18 usagers
1948 892 34 19 des
1989 892 80 18 réseaux

1599 909 67 18 ferrés.

1621 934 30 22 Or,
1661 940 32 14 ces
1701 938 102 23 avantages
1810 939 149 23 n’apparaissent
1963 942 106 19 nullement

1598 961 47 18 dans
1661 961 142 23 l’organisation
1820 966 82 18 actuelle
1926 967 34 18 des
1984 968 84 18 services

1598 986 48 18 ainsi
1660 991 38 18 que
1712 993 48 13 nous
1768 989 62 18 allons
1838 991 19 17 le
1870 992 49 21 voir,
1927 997 24 13 en
1960 993 108 19 examinant

1598 1013 162 19 successivement
1773 1015 29 18 les
1815 1016 55 18 tarifs
1884 1022 100 18 passagers
1992 1020 19 16 et
2018 1023 50 13 mar-

1598 1037 106 19 chandises.

1618 1062 28 23 A)
1656 1063 194 21 PASSAGERS.—
1856 1067 51 18 Pour
1911 1068 29 18 les
1948 1069 86 18 chemins
2042 1070 24 17 de

1597 1088 35 21 fer,
1641 1089 29 17 les
1680 1089 53 18 tarifs
1741 1090 34 18 des
1783 1092 69 21 grands
1861 1092 80 18 réseaux
1949 1095 34 16 ont
1990 1094 31 18 été
2028 1099 38 13 ma-

1596 1112 49 24 jorés
1653 1114 49 18 dans
1709 1115 19 17 la
1736 1116 108 21 proportion
1853 1117 28 18 de
1891 1119 79 21 quatre
1979 1119 45 18 fois
2031 1120 34 18 les

1596 1138 65 18 tarifs
1671 1139 186 24 d’avant-guerre.

1616 1163 52 19 C’est
1682 1164 49 18 ainsi
1746 1170 36 18 que
1791 1170 33 14 sur
1832 1168 19 17 le
1860 1168 66 18 réseau
1935 1169 25 17 du
1976 1170 21 18 P.
2009 1170 20 18 L.
2038 1171 25 17 M.

1595 1188 28 19 les
1631 1189 43 22 prix
1683 1190 33 17 des
1724 1191 63 21 places
1795 1196 34 14 son
1832 1194 6 16 L
1843 1193 29 18 les
1880 1194 88 19 suivants
1975 1200 5 12 :

1595 1237 253 23 MARSEILLE-PARIS
1859 1242 50 22 (860
1923 1243 139 24 kilomètres)

1747 1273 69 18 TARIF
1820 1274 90 20 ACTUEL

1614 1304 25 18 Ve
1648 1305 35 17 CL.
1707 1318 5 5 .
1941 1310 34 18 frs.
1983 1316 5 12 :
1997 1310 65 22 38S,80

1646 1329 36 18 CL.
1941 1334 35 19 frs.
1982 1340 6 12 :
1996 1335 66 21 262,43

1614 1354 20 17 3"
1646 1354 36 19 CL.
1706 1360 5 13 :
1940 1359 35 18 frs_
1983 1365 5 12 :
1997 1360 64 22 471,03

1684 1395 69 18 TARIF
1766 1396 201 21 D’AVANT-GUERRE

1611 1428 26 17 F'
1645 1427 35 19 CL.
1705 1442 62 5 ...
1793 1443 5 5 .
1823 1444 5 4 .
1880 1444 5 6 .
1913 1445 4 5 ,
1940 1432 36 18 frs.
1985 1438 5 12 :
2008 1433 52 21 96,00

1642 1453 36 19 CL.
1911 1470 5 5 .
1939 1458 35 18 frs.
1985 1463 4 12 :
2007 1458 53 18 66.90

1612 1478 19 19 3e
1643 1478 36 19 CL.
1704 1492 63 6 ...
1776 1478 4 4 ‘
1938 1483 35 18 frs.
1984 1488 4 12 :
2006 1483 54 21 33,00

1610 1524 35 18 Les
1652 1525 55 17 tarifs
1716 1525 23 17 de
1747 1530 80 18 passage
1832 1527 73 17 actuels
1914 1531 34 14 sur
1955 1528 29 18 les
1992 1533 67 18 paque-

1593 1551 28 16 jot
1629 1550 23 17 de
1661 1550 18 17 1a
1687 1549 114 23 Compagnie
1808 1551 106 19 Fraissinet
1922 1553 138 19 font-ressortir

1596 1579 20 13 es
1624 1574 115 19 différences
1748 1576 110 22 suivantes,:

1586 1613 85 19 LIGNE
1673 1613 278 23 BASTIA-MARSEILLE
1961 1617 94 23 (SSSkm

1735 1649 69 17 TARIF
1812 1649 90 20 ACTUEL

1607 1676 31 22 (en
1647 1676 82 22 vigueur
1737 1677 67 23 depuis
1808 1677 19 18 le
1835 1678 22 18 13
1865 1678 51 20 Mars
1924 1679 53 24 1930)

1605 1722 26 17 irc
1639 1721 28 19 CL
1903 1738 5 4 .
1931 1725 36 20 frs.
1973 1725 79 19 :203.00

1606 1747 18 17 2e
1635 1747 36 18 CL.
1695 1750 7 15 :
1726 1761 4 5 .
1756 1761 4 4 .
1785 1761 5 5 .
1809 1751 12 15 •;
1829 1753 3 3 •
1843 1762 5 6 .
1873 1763 5 6 .
1903 1763 5 4 .
1931 1751 35 18 frs.
1973 1756 6 12 :
1988 1751 64 19 140.00

1605 1772 26 19 3e,
1635 1772 35 18 CL.
1932 1776 33 18 frs.
1973 1782 6 12 :
1999 1776 52 22 78,30

1587 1807 4 7 .
1605 1797 18 17 4'
1634 1797 36 18 CL.
1680 1798 53 22 (Ilap.
1757 1812 153 6 ......
1932 1801 35 18 frs.
1975 1806 6 13 :
2002 1802 54 21 30,00

1682 1823 78 22 (Coinm.
1786 1838 122 6 .....
1932 1827 34 17 frs.
1976 1832 5 12 :
2001 1827 55 21 39,00

1677 1866 69 19 TARIF
1754 1867 204 22 D’AVANT-GUERRE

1605 1904 25 17 F'
1638 1904 34 19 CL.
1698 1918 213 8 ........
1933 1909 34 18 frs.
1976 1914 5 13 ;
1997 1909 55 19 30.00

1604 1930 19 18 2e
1637 1930 35 18 CL.
1697 1944 5 5 .
1726 1944 62 6 ...
1813 1945 5 5 .
1843 1946 5 5 .
1873 1946 5 5 .
1903 1947 4 5 .
1930 1935 48 17 frs.:
1996 1935 54 21 20,00

1604 1955 18 18 3'
1638 1955 35 19 CL.
1697 1969 5 4 .
1726 1969 5 5 .
1756 1970 5 4 .
1786 1970 5 5 .
1815 1971 5 5 .
1844 1971 5 6 .
1874 1972 5 4 .
1904 1972 5 5 .
1932 1960 49 19 frs.;
1999 1960 53 22 11,00

1586 1988 2 5 '
1605 1986 9 11 *
1708 1986 4 3 '
1947 1991 21 11 »•

1603 2025 25 18 Le
1636 2026 108 18 coefficient
1753 2027 23 18 de
1788 2028 110 22 majoration
1907 2034 48 18 pour
1962 2031 29 17 les
1999 2032 26 20 1-,
2033 2031 17 18 2-

1582 2052 19 16 et
1608 2050 18 18 3-
1635 2051 72 19 classes
1715 2052 59 22 (ligne
1783 2053 22 17 de
1813 2054 95 18 Marseille
1921 2056 11 17 à
1941 2056 111 23 Bastia).par

1581 2078 75 21 rapport
1668 2081 38 13 aux
1720 2078 42 22 prix
1780 2079 22 17 de
1811 2083 79 19 passage
1898 2081 153 23 d’avant-guerre

1581 2104 29 16 est
1618 2103 50 17 ainsi
1677 2103 41 22 égal
1725 2104 11 17 à
1745 2105 70 21 sépt.et
1823 2109 37 14 non
1869 2106 10 17 â
1889 2108 73 20 quatre.

1602 2127 50 19 C’est
1668 2129 49 17 donc
1730 2133 37 14 une
1781 2133 65 15 erreur
1861 2131 106 20 d’affirmer
1975 2138 37 17 que
2020 2138 30 14 ces

1581 2153 55 18 tarifs
1649 2155 45 16 sont
1708 2154 69 18 établis
1793 2159 35 14 sur
1835 2156 29 18 les
1872 2156 70 19 mêmes
1952 2158 53 18 bases
2014 2164 36 17 que

1579 2179 29 17 les
1615 2179 57 17 tarifs
1680 2179 129 20 ferroviaires.

1601 2203 27 19 Ûn
1636 2205 75 21 conçoit
1719 2205 33 18 dès
1759 2206 41 17 iors
1807 2211 38 17 que
1852 2209 51 16 cette
1912 2207 137 25 disproportion

1580 2231 53 16 entre
1645 2234 36 14 nos
1695 2230 64 22 ligues
1766 2231 106 19 maritimes
1889 2235 19 16 et
1916 2234 28 18 les
1952 2235 53 18 voies
2013 2236 37 18 fer-

1579 2254 41 18 rées
1628 2255 78 18 soulève
1714 2256 23 17 de
1743 2256 62 22 justes
1813 2258 21 17 et
1843 2258 95 22 légitimes
1954 2262 95 20 protesta-

1579 2280 57 18 tions.

1600 2306 25 18 La
1632 2306 132 22 répercussion
1773 2308 24 17 de
1804 2312 31 14 ces
1849 2313 101 15 nouveaux
1959 2311 53 18 tarifs
2020 2317 27 13 se-

1578 2336 22 12 ra
1611 2331 175 22 particulièrement
1799 2334 84 18 sensible
1896 2339 34 13 sur
1941 2335 29 18 les
1985 2337 62 22 lignes

1577 2356 25 18 où
1609 2357 19 17 le
1641 2359 122 16 mouvement
1776 2358 34 18 des
1823 2363 106 19 voyageurs
1941 2362 29 16 est
1978 2362 19 17 le
2003 2363 44 21 plus

1576 2382 52 20 actif,
1643 2382 135 22 spécialement
1792 2388 34 13 sur
1838 2384 29 18 les
1880 2385 62 22 lignes
1954 2386 94 20 Marseille

1577 2407 63 18 Bastia
1647 2409 20 16 et
1675 2407 295 26 Marseille-Ajaccio-Piopriano.

1598 2435 26 23 B)
1633 2435 229 20 MARCHANDISES.
1869 2447 21 4 -
1899 2439 35 18 Les
1944 2440 53 18 tarifs
2005 2441 42 17 fer-

1576 2460 92 19 roviaires
1681 2462 44 16 sont
1733 2461 69 18 établis
1815 2463 78 22 de.gare
1901 2464 65 22 départ
1983 2466 11 16 à
2001 2470 45 17 gare

1576 2486 125 17 destinataire
1715 2487 55 17 elles
1788 2487 48 18 frais
1844 2489 24 17 dé
1876 2491 133 17 manutention
2020 2496 27 13 re^

1576 2511 109 22 présentent
1696 2515 38 14 une
1742 2511 58 18 faible
1812 2512 83 19 fraction
1907 2515 25 16 du
1945 2515 43 22 prix
2000 2517 46 17 total

1576 2536 24 17 de
1608 2537 103 21 transport.

1597 2561 27 17 En
1639 2561 81 18 matière
1736 2562 23 17 de
1776 2563 105 21 transports
1898 2565 110 22 maritimes,
2018 2572 24 12 au

1576 2586 102 21 contraire,
1687 2591 24 15 au
1719 2587 42 22 prix
1769 2588 27 17 du
1810 2588 37 21 fret
1861 2589 53 24 (d’un
1922 2592 42 22 port
1976 2591 15 18 :à
1997 2592 49 18 l’au-

1575 2611 135 22 tre)'viennent
1724 2612 90 22 s’ajouter
1821 2613 28 18 les
1857 2614 48 18 frais
1919 2615 125 24 d’embarque-

1576 2638 52 16 ment
1635 2638 20 16 et
1663 2637 24 17 de
1694 2637 210 23 débarquement;.frais
1917 2641 33 20 qui
1961 2646 35 17 par
2002 2642 42 18 leur

1574 2662 95 18 caractère
1674 2662 113 22 obligatoire
1795 2664 33 16 ont
1832 2668 49 17 pour
1885 2665 48 17 effet
1937 2666 108 23 d’augmen-

1573 2688 32 17 ter
1611 2684 183 21 considérablement
1800 2688 19 17 le
1827 2688 43 22 prix
1877 2690 27 17 du
1913 2692 99 21 transport.

1596 2715 51 18 C’est
1662 2715 20 18 là
1699 2720 33 14 un;
1740 2716 83 18 élément
1835 2718 111 22 de.compte
1962 2721 93 20 quel’oh\

1574 2740 64 18 oublie
1653 2742 41 21 trop
1715 2743 82 16 souvent
1815 2742 99 23 lorsqu’on
1936 2745 74 18 discute
2025 2747 18 18 la

1572 2766 90 21 question
1668 2763 28 20 dii
1705 2766 38 18 fret
1750 2768 19 16 et
1774 2767 32 21 qui
1811 2768 59 22 grève
1877 2768 40 19 très
1924 2770 120 20 lourdement

1571 2791 22 22 :fe
1600 2791 55 18 trafic
1663 2791 34 18 des
1706 2791 141 22 marchundises
1856 2795 54 17 entre
1918 2794 18 19 le
1942 2794 101 20 Continent

1574 2817 20 17 et
1601 2816 17 19 Ja
1627 2815 64 22 Corse,

1595 2841 59 18 D’une
1668 2841 55 21 façon
1736 2842 97 22 généralè,
1848 2848 24 13 on
1890 2845 46 20 peut
1956 2843 91 22 affirmer'

1573 2864 44 23 qü’à
1629 2866 74 18 l’heure
1716 2867 82 17 actuelle
1805 2872 32 14 ces
1848 2868 49 18 frais
1911 2870 130 24 d’embarque-

1572 2892 53 16 ment
1632 2892 20 17 et
1664 2891 148 23 débarquement
1826 2894 34 18 ont
1874 2894 19 17 le
1908 2895 44 21 plus
1960 2899 82 16 souvent

1572 2920 48 17 pour
1628 2916 82 17 résultat
1717 2917 22 17 de
1748 2917 106 19 doublerle
1863 2919 43 22 prix
1914 2921 23 17 de
1945 2922 104 22 transport-

1572 2941 56 20 d’une
1635 2941 132 19 marchandise
1775 2943 45 17 d’un
1828 2945 43 20 port
1878 2944 11 18 à
1897 2945 73 19 Pautre.

1593 2966 35 17 Les
1636 2966 82 18 chiffres
1725 2967 87 19 suivants
1820 2972 109 19 empruntes
1937 2971 11 17 à
1956 2972 34 18 des
1998 2973 43 22 opé-

1571 2989 72 20 rations
1657 2991 58 19 faites
1728 2997 25 12 au
1766 2994 93 18 cours-de
1867 2999 31 13 ces
1906 2996 98 19 dernières
2011 3002 29 14 se-

1571 3016 72 18 maines
1649 3021 25 13 en
1682 3017 118 19 fournissent
1807 3019 19 17 la
1834 3024 72 17 preuve
1912 3026 5 13 :
1983 3037 4 3 .

1593 3041 24 17 Le
1627 3042 94 22 transport
1728 3043 23 17 de
1760 3042 34 18 100
1801 3048 41 14 sacs
1850 3047 25 16 (le
1886 3045 50 22 'maïs
1944 3047 23 18 de
1976 3048 63 18 Bastia

1571 3066 10 17 à
1594 3066 96 19 Marseille
1702 3068 54 19 coûte
1770 3068 35 18 400
1818 3069 63 19 francs
1890 3071 24 18 de
1921 3072 38 18 fret
1972 3074 21 17 et
2004 3073 34 18 403

1571 3091 61 21 franps
1639 3092 25 18 de
1674 3092 48 21 frais
1729 3093 173 23 d’embarquement
1915 3098 19 16 et
1941 3098 24 17 de
1973 3098 66 18 débar-

1571 3118 94 20 quement.
1674 3124 3 3 •
1716 3122 31 4 —
1758 3123 4 3 -
1770 3123 9 4 -
1786 3124 2 2 ■

1590 3141 53 18 Celui
1654 3143 25 17 de
1687 3142 33 19 100
1727 3148 42 13 sacs
1778 3145 23 17 de
1808 3149 85 17 repasse.
1902 3146 34 18 200
1943 3147 63 19 francs
2015 3150 23 17 de

1567 3166 39 19 frêt
1619 3168 19 16 et
1649 3167 36 18 202
1694 3166 25 22 fri
1727 3168 23 18 30
1759 3170 172 22 d'embarquement
1948 3174 19 16 et
1975 3175 23 16 de
2006 3174 32 18 dé-

1567 3192 132 23 barquement,

1589 3216 22 18 Et
1625 3217 50 19 celui
1688 3218 24 17 de
1724 3218 23 18 23
1761 3223 42 14 sacs
1817 3220 24 18 de
1849 3224 83 18 pommes
1946 3223 23 17 de
1978 3224 51 18 terre

1567 3241 39 18 soit
1614 3241 53 18 4.230
1675 3242 57 21 kilos,
1741 3243 23 17 43
1771 3243 65 19 francs
1844 3245 24 19 de
1875 3246 40 19 fret
1923 3248 19 16 et
1949 3247 23 18 30
1979 3248 27 18 -fr.
2014 3248 22 18 60

1567 3266 24 17 de
1597 3266 46 18 frais
1650 3267 164 23 d’embarquemen
1818 3270 6 16 t
1830 3271 18 16 et
1853 3271 24 17 de
1880 3271 155 23 débarquement.

1588 3291 47 19 Mais
1643 3292 47 18 c’est
1704 3294 78 18 surtout
1794 3299 24 15 en
1829 3300 21 14 ce
1864 3297 33 21 qui
1905 3301 91 17 concerne
2005 3300 30 21 Içs

1565 3316 73 19 farines
1646 3322 37 18 que
1691 3318 37 18 l’on
1741 3321 87 18 constate
1844 3326 37 15 une
1894 3322 140 24 disproportion

1566 3343 131 18 considérable
1702 3348 5 14 :

1587 3367 26 18 De
1627 3368 97 18 Marseille
1736 3369 12 17 à
1756 3370 64 18 Bastia
1832 3371 18 17 le
1868 3373 95 23 transport
1970 3375 24 18 de
2000 3375 35 19 100

1565 3392 60 18 balles
1633 3393 23 18 de
1670 3393 61 19 farine
1746 3394 22 18 de
1777 3395 34 19 400
1827 3396 49 18 kilos
1892 3398 74 19 revient
1973 3400 11 17 à
2001 3400 34 18 100

1565 3417 65 18 francs
1637 3418 52 18 alors
1697 3423 36 18 que
1741 3419 29 18 les
1782 3420 47 19 frais
1837 3421 170 24 d’embarquement
2015 3427 19 17 et

1564 3443 25 16 de
1601 3443 148 21 débarquement
1764 3447 46 16 sont
1824 3446 22 18 de
1863 3446 35 19 400
1910 3447 69 24 francs,
1996 3449 38 19 soit

1564 3467 142 18 exactement
1714 3469 79 22 quatre
1800 3470 44 18 fois
1852 3471 23 19 le
1883 3473 52 21 prix
1944 3463 88 30 du’frét.

1587 3491 19 18 Si
1614 3492 37 17 l’on
1659 3492 67 19 évalue
1733 3494 12 17 à
1751 3493 77 19 360.000
1835 3496 94 21 quintaux
1935 3498 18 17 la
1958 3500 76 20 quanti-

1564 3516 20 18 té
1590 3517 23 17 de
1620 3517 63 18 farine
1690 3518 92 22 importée
1790 3521 142 19 annuellement
1936 3528 23 13 en
1968 3523 64 23 Corse,

1564 3546 25 13 on
1596 3542 89 20 constate,
1689 3547 43 18 que,
1741 3544 52 18 alors
1800 3546 64 21 que-le
1871 3547 39 17 fret
1917 3548 47 21 payé
1972 3550 29 17 est
2008 3550 24 18 de

1563 3565 76 18 360.000
1651 3567 71 22 francs,
1728 3569 29 17 les
1769 3569 48 19 frais
1832 3571 23 17 de
1863 3573 133 18 manutention
2003 3579 30 13 re-

1563 3590 111 21 présentent
1681 3593 19 17 le
1707 3593 68 18 chiffre
1784 3596 107 18 exorbitant
1908 3597 22 17 de
1938 3597 94 20 1.440.000

1563 3615 71 18 francs.

1584 3640 53 19 Cette
1644 3642 94 19 situation
1743 3645 30 16 est
1781 3645 37 18 (lue
1824 3646 11 17 à
1842 3646 19 17 la
1867 3647 109 21 majoration
1981 3651 50 20 vrai-

1561 3667 53 16 ment
1622 3668 99 17 excessive
1729 3669 33 17 des
1770 3669 47 20 frais
1833 3671 171 24 d’embarquement
2010 3677 20 16 et

1562 3691 19 17 et
1589 3690 23 20 de
1616 3691 148 22 débarquement
1771 3694 27 22 (1)

1584 3714 34 19 Ces
1633 3715 48 19 frais
1694 3717 70 19 étaient
1777 3720 80 18 calculés
1870 3724 58 17 avant
1941 3729 69 17 guerre
2018 3726 10 17 à

2110 114 61 19 raison
2180 116 24 18 do
2211 116 11 17 .!
2231 116 64 21 francs
2303 120 18 18 la
2329 122 58 20 tonne
2395 126 48 20 ainsi
2452 134 44 17 qu'l,
2515 141 6 6 .

2110 139 33 18 des
2151 144 164 17 connaissements
2324 147 22 17 de
2355 148 85 25 l’époque
2461 157 23 17 ij,
2503 143 58 28 r(!S"He

2107 164 94 21 jourd’hui
2210 167 23 16 de
2242 166 23 18 37
2271 168 62 19 francs
2341 172 18 16 la
2369 173 56 21 tonne
2430 179 58 17 dW
2499 168 61 28 S°m«U

2110 190 73 16 venlimi
2192 192 20 16 et
2219 191 24 17 de
2251 191 24 18 40
2282 192 63 20 francs
2352 197 73 21 «runrès
2434 181 40 39 LP,
2492 191 9 12 8
2507 189 54 28 ,acon.

2108 215 67 19 ineals,
2184 215 38 17 soit
2231 221 37 13 une
2286 218 110 22 majoration
2406 226 23 17 de
2438 212 124 31 ni„<'°,,,noi»8c.

2104 337 33 17 net
2144 338 27 17 est
2180 340 180 22 comparativement
2367 346 44 21 plus
2419 349 52 19 élevé
2494 335 6 14 J
2507 339 54 22 rUl'Ssi'

2103 362 33 17 des
2141 363 62 17 autres
2212 363 124 25 Compagnies
2344 370 32 21 qui
2385 372 122 25 desservenn
2520 366 41 21 CClüî

2103 387 23 17 de
2134 387 67 18 Bastia.
2489 387 7 12 1
2502 387 17 15 le
2526 392 34 20 por[

2126 411 57 22 Voici,
2192 417 34 17 pqr
2233 417 93 21 exemple,
2336 418 28 19 les
2374 421 55 20 tarifs
2446 426 22 18 de
2477 429 33 16 f,,M

2102 440 44 17 parc
2153 441 23 13 en
2185 442 20 12 ce
2213 438 34 21 qui
2257 444 92 17 concerne
2356 444 17 18 le
2383 446 93 20 trammm-t
2485 455 10 11 H
2519 440 40 18 COni-

2102 465 23 12 en
2133 461 39 17 Dits
2180 466 22 13 ou
2209 467 23 13 en
2242 464 72 19 caisses
2321 471 5 13 :
2435 459 7 12 1
2485 459 31 16 Qcs
2524 462 36 22 Aiiis

2122 485 26 18 De
2156 486 62 18 Bastia
2227 488 11 16 à
2249 488 97 21 Marseille
2354 493 41 22 (209
2407 498 71 21 millet

2100 515 46 17 gme
2153 511 112 23 l'raissinet,
2276 514 33 18 103
2317 516 65 21 francs
2390 521 18 17 Ja
2416 523 57 20 tonim
2479 515 5 9 ’
2494 507 67 27 Ulnpa'

2121 535 26 18 De
2155 536 60 18 Bastia
2224 537 10 17 à
2242 538 59 23 Alger
2308 540 42 22 (410
2363 544 69 20 111111081

2100 559 70 23 Sicard,
2179 562 16 17 la
2205 562 58 19 Corse
2272 565 19 17 et
2299 567 72 23 autres,
2379 569 22 18 70
2407 572 61 21 francs
2477 559 83 34 hT8nic

2121 586 25 16 De
2154 586 61 18 Bastia
2229 588 11 16 à
2249 588 50 18 Orau
2313 591 41 20 (608
2363 594 69 20 inillesl
2454 605 11 9 n
2475 578 7 17 ]
2502 583 57 26 l°nile-

2100 614 9 10 «
2116 609 48 18 Ville
2172 610 22 18 de
2202 611 86 23 Bastia»,
2299 614 32 18 103
2340 616 63 20 francs
2411 620 18 18 la
2436 609 123 36 tonneYapeUt

2120 633 25 18 De
2154 634 52 19 Celle
2214 641 11 12 a
2234 637 65 19 Bastia
2307 639 42 22 (286
2358 642 70 21 millesl

2099 658 70 22 Sicard,
2179 660 21 18 70
2209 661 64 20 francs
2281 664 19 18 Ja
2309 667 64 17 tonne.
2454 655 106 25 ^0nîPagnie

2119 684 35 18 Les
2161 686 140 23 conséquences
2309 690 94 21 résultant
2410 695 23 19 de
2440 698 61 18 l’anm;
2523 709 11 7 ..

2098 709 23 17 de
2129 710 69 21 pareils
2207 712 56 19 larifs
2271 716 43 16 sont
2328 715 66 21 faciles
2402 719 11 17 à
2421 706 76 35 déduit
2529 714 29 15 10n

2098 734 27 18 les
2139 736 85 20 produits
2237 738 147 25 d’exportation,
2393 743 19 18 le
2421 746 43 20 taux
2482 744 11 23 'i
2502 742 4 8 ’
2515 736 44 18 POür

2098 759 36 19 frêt
2142 761 56 18 eldes
2206 762 48 18 frais
2262 766 116 19 accessoires
2386 772 93 20 constitue
2487 783 5 9 ,
2534 760 22 18 d,J

2098 785 65 19 niable
2175 787 80 19 entrave
2268 794 23 12 au
2301 790 154 25 développement
2467 784 20 28 L
2511 786 10 13 e
2528 786 29 18 vé‘

2096 815 37 17 que
2141 812 23 16 du
2179 816 53 18 pays;
2243 813 15 18 il
2274 815 106 24 décourage
2393 819 19 17 1a
2426 810 131 32 produer°mi-

2096 835 61 19 arrête
2164 837 66 18 l’essor
2238 840 25 16 de
2271 840 94 19 certaines
2373 842 109 26 industries.
2536 838 18 16 Ct

2117 861 49 18 Pour
2177 862 28 19 les
2222 864 79 19 articles
2314 866 139 24 d’importation

2095 886 116 19 constituent
2223 888 40 19 l’un
2272 891 33 17 des
2313 892 113 23 principaux
2439 897 75 20 élémen*

2095 912 170 20 renchérissement
2281 915 24 18 du
2318 917 44 18 coût
2376 919 23 18 de
2415 921 80 22 l’exislei
2515 910 8 13 S
2530 909 21 19 dtt

2095 936 62 22 Corse,
2165 939 18 16 el
2191 943 73 14 comme
2272 941 81 19 résultat
2361 944 115 23 d’ensemble
2494 933 26 36 ‘dl

2094 961 35 18 nfs
2137 963 116 22 prohibitifs,
2262 969 23 13 en
2293 965 107 23 favorisant
2406 971 29 19 les
2441 959 110 39 CompaKn£:

2094 989 138 21 concurrentes,
2247 994 105 19 aggravent
2361 994 18 17 le
2393 996 68 20 déficit
2473 983 55 35 d’<X

2094 1012 64 18 talion.

2099 1059 4 4 •
2113 1051 40 18 Une
2160 1054 54 17 autre
2222 1054 123 20 observation
2354 1058 94 23 s’impose.
2456 1063 87 19 L’am.i;^

2093 1076 39 18 lion
2140 1077 32 18 des
2181 1078 61 19 tarifs,
2252 1079 124 21 ferroviaires
2384 1084 72 24 devrait
2464 1072 92 37 ent?aw

2091 1101 99 23 Padopüon
2198 1104 58 19 d’une
2272 1110 74 15 mesure
2354 1113 38 13 non
2402 1111 60 19 moins
2469 1114 73 25 logique
2549 1126 4 4 •

2091 1127 7 17 1
2105 1127 141 21 etablissement
2258 1131 23 18 de
2297 1132 54 18 tarifs
2356 1133 102 22 différents
2471 1141 53 18 entre

2091 1153 100 21 paquebots
2205 1155 78 22 rapides
2296 1158 19 17 et
2327 1158 29 18 les
2371 1161 85 19 services
2463 1164 38 19 dits
2508 1171 48 13 com-

2090 1178 101 19 merciaux.
2208 1181 16 17 Il
2241 1182 110 19 semblerait
2368 1185 95 22 équitable
2476 1191 23 17 de
2512 1192 43 20 faire

2090 1208 57 18 payer
2154 1205 41 21 plus
2203 1206 46 18 cher
2257 1207 18 18 Je
2286 1209 96 22 transport
2389 1211 82 20 effectué
2479 1215 46 19 dans
2532 1223 22 14 uü

2091 1229 38 17 1res
2143 1231 52 17 court
2203 1231 50 18 délai
2268 1238 33 17 par
2308 1234 30 18 les
2346 1236 105 22 paquebots
2459 1238 11 17 à
2486 1243 68 19 marche

2089 1255 64 21 rapide
2157 1256 20 17 et
2182 1256 23 17 de
2210 1256 50 19 faire
2269 1263 23 12 au
2297 1261 93 17 contraire
2393 1261 105 20 bénéficier
2505 1266 49 20 d’une

2090 1279 97 19 réduction
2195 1282 23 17 de
2227 1283 58 18 tarifs
2294 1284 27 18 les
2331 1290 106 18 voyageurs
2445 1290 19 16 et
2473 1289 29 17 les
2512 1295 44 15 mar-

2089 1304 98 18 chandises
2195 1307 116 21 transportés
2319 1313 34 17 par
2361 1310 29 17 les
2398 1313 103 20 paquebots
2508 1315 10 18 à
2525 1317 18 18 vi

2089 1329 50 17 tesse
2155 1331 135 19 commerciale.
2308 1333 25 18 Ce
2348 1335 83 21 système
2448 1339 30 16 est
2490 1339 61 23 depuis

2088 1353 104 23 longtemps
2199 1360 24 13 en
2231 1356 84 22 vigueur
2328 1363 34 13 sur
2376 1360 28 18 les
2418 1361 63 23 lignes
2499 1365 24 18 de
2536 1368 17 17 la

2087 1377 109 25 Sardaigne,

2108 1403 62 22 Enfin,
2182 1408 100 21 pourquoi,
2297 1408 11 18 à
2316 1409 101 23 l’exemple
2434 1413 24 17 de
2465 1418 22 14 ce
2493 1416 32 21 qui
2533 1422 18 14 se

2086 1433 54 17 passe
2147 1434 45 17 pour
2199 1431 29 18 les
2237 1432 79 19 réseaux
2329 1435 67 22 ferrés,
2406 1438 92 20 certaines
2506 1446 46 13 mar-

2086 1454 98 19 chandises
2194 1461 24 13 ne
2232 1458 172 21 bénéficient-elles
2418 1467 34 17 pas
2463 1465 23 17 de
2500 1467 53 19 tarifs

2086 1479 101 22 spéciaux?
2195 1481 49 19 Tous
2252 1483 30 18 les
2289 1484 60 22 jours,
2363 1486 28 18 les
2403 1486 122 25 Compagnies
2532 1494 22 17 de

2085 1504 85 19 chemins
2178 1507 23 17 de
2209 1507 30 18 fer
2253 1510 118 18 soumettent
2378 1511 11 17 à
2403 1512 149 26 l’homologation

2086 1530 130 20 ministérielle
2224 1537 49 17 pour
2282 1534 25 17 tel
2316 1539 24 13 ou
2350 1536 25 18 tel
2384 1538 77 21 produit
2473 1540 81 23 d’expor-

2086 1555 59 17 tation
2157 1561 71 14 comme
2241 1563 50 16 pour
2305 1559 29 18 les
2350 1561 90 20 matières
2451 1566 100 20 premières

2085 1581 114 19 necessaires
2203 1587 24 13 au
2233 1583 156 24 développement
2397 1588 23 18 de
2427 1591 56 17 notre
2491 1591 62 19 indu-

2085 1606 47 17 strie
2140 1606 99 21 nationale,
2249 1608 34 18 des
2291 1609 55 19 tarifs
2354 1612 33 21 qui
2395 1617 118 19 comportent
2519 1618 30 18 des

2085 1631 123 19 diminutions
2224 1634 23 16 de
2265 1634 54 18 tarifs
2337 1640 24 13 ou
2378 1639 34 17 des
2428 1640 86 20 .facultés
2530 1644 20 18 de

2085 1656 94 23 transport
2186 1657 38 18 très
2232 1659 135 21 appréciables.

2105 1681 50 18 Pour
2162 1683 73 21 quelles
2244 1684 75 19 raisons
2328 1686 33 18 des
2378 1687 63 23 lignes
2450 1691 102 21 maritimes

2085 1710 69 15 comme
2161 1707 28 18 les
2197 1708 67 18 nôtres
2271 1711 112 21 auxquelles
2390 1717 24 13 on
2422 1718 97 17 reconnaît
2526 1723 24 14 un

2085 1732 92 18 caractère
2188 1733 24 18 de
2221 1734 71 18 liaison
2306 1736 208 25 interdépartementale
2528 1749 22 13 ne

2085 1758 183 21 profiteraient-elles
2276 1765 34 17 pas
2318 1763 26 17 du
2352 1763 63 18 même
2431 1766 116 22 traitement?

2105 1783 14 17 11
2129 1785 28 16 est
2166 1783 55 19 facile
2229 1785 122 25 d'envisager
2359 1789 29 17 les
2396 1792 102 22 avantages
2508 1799 39 14 con-

2085 1808 100 19 sidérables
2193 1811 60 21 qu’un
2261 1812 59 21 pareil
2339 1813 84 22 système
2431 1816 24 18 de
2462 1818 51 19 tarifs
2520 1821 34 17 ré-'

2085 1833 48 18 iuits
2140 1835 19 18 el
2167 1835 62 18 mieux
2238 1837 77 22 adaptés
2323 1837 12 17 à
2343 1842 36 14 nos
2384 1839 83 24 besoins,
2475 1844 69 21 présen-

2085 1859 52 18 terait
2150 1864 45 19 pour
2203 1860 18 18 le
2238 1861 159 23 développement
2408 1866 80 22 agricole
2494 1870 18 17 et
2519 1870 26 18 ïn-

2085 1885 75 18 lustriel
2169 1886 23 17 de
2199 1888 56 17 notre
2263 1888 34 17 lie.
2306 1888 26 18 Ce
2340 1890 84 18 seraient
2439 1897 32 14 nos
2483 1894 55 20 fruits

2086 1914 28 13 10s
2121 1910 100 22 primeurs,
2230 1917 35 13 nos
2274 1913 52 22 vins,
2335 1919 35 13 nos
2378 1915 43 19 bois
2429 1918 19 17 et
2454 1918 49 19 leurs
2513 1921 30 18 dé-

2085 1935 46 18 •ivés
2139 1936 31 23 qui
2179 1937 131 19 trouveraient
2316 1939 43 22 plus
2368 1940 103 21 facilement
2479 1949 24 13 un
2510 1946 30 17 dé-

2085 1961 67 17 loncbé
2159 1966 36 13 non
2204 1963 107 18 seulement
2319 1969 34 13 sur
2361 1965 19 18 le
2391 1965 97 21 Continent
2494 1970 46 17 mais

2085 1991 4 11 1
2095 1985 105 23 l’étranger.

2099 2012 16 16 A
2129 2012 18 16 la
2155 2012 66 18 faveur
2233 2014 26 17 de
2268 2014 55 19 tarifs
2331 2016 79 22 réduits,
2419 2018 24 17 de
2450 2019 91 19 nouvelles

2077 2036 131 22 exploitations
2222 2039 93 22 agricoles
2324 2045 22 13 se
2353 2042 105 19 créeraient
2467 2045 77 21 pendant

2077 2066 36 18 que
2121 2062 24 18 de
2151 2064 98 18 nouvelles
2256 2065 106 19 industries
2377 2068 110 21 pourraient
2495 2070 48 18 enfin

2078 2087 47 18 tirer
2132 2088 48 21 parti
2193 2089 24 18 de
2224 2094 36 14 nos
2276 2091 87 21 produits
2377 2094 85 18 naturels
2479 2099 63 14 encore

2076 2112 83 22 inexploi
2162 2114 32 18 tés.

2097 2137 115 21 L’ensemble
2225 2141 24 17 de
2258 2145 31 14 ces
2305 2142 152 20 considérations
2470 2146 75 18 conduit

2075 2162 11 18 à
2102 2163 85 19 affirmer
2198 2165 19 18 le
2230 2166 96 19 caractère
2339 2168 89 18 d’intérêt
2440 2170 76 22 général
2526 2173 17 16 et

2075 2188 60 18 même
2142 2189 83 19 national
2232 2191 25 18 de
2265 2196 35 14 110s
2308 2192 63 24 lignes
2389 2194 112 19 maritimes.
2509 2195 35 18 Par

2075 2214 57 21 suite,
2147 2219 23 13 on
2178 2216 39 17 doit
2225 2221 24 13 en
2266 2218 88 18 conclure
2365 2224 44 17 que,
2417 2224 73 14 comme
2497 2225 47 19 pour

2075 2239 29 18 les
2112 2239 122 24 Compagnies
2243 2243 24 17 de
2275 2243 86 19 chemins
2369 2245 24 17 de
2401 2245 35 21 fc-r,
2446 2245 18 18 le
2472 2247 70 21 compte

2074 2264 106 20 déficitaire
2191 2266 147 23 d’exploitation
2350 2270 42 17 doit
2406 2270 41 18 être
2463 2271 37 18 mis
2507 2271 12 18 à
2526 2272 17 17 la

2074 2290 69 22 charge
2151 2292 22 17 de
2183 2291 18 18 la
2218 2293 116 19 collectivité
2342 2295 19 17 et
2370 2299 38 13 non
2416 2296 34 18 des
2458 2300 84 19 usagers.

2073 2315 48 19 Mais
2138 2320 20 14 ce
2165 2316 85 24 principe
2267 2319 50 21 posé,
2336 2319 14 17 il
2368 2322 31 16 est
2406 2321 26 17 du
2441 2321 66 18 devoir
2520 2322 23 17 de

2073 2341 55 17 l’Etat
2136 2341 22 18 de
2166 2342 112 19 rechercher
2284 2344 29 18 les
2321 2345 109 19 meilleures
2438 2347 106 18 conditions

2073 2366 140 22 d’exploitation
2227 2368 100 22 possibles,
2342 2370 62 19 même
2418 2371 32 18 s’il
2457 2372 19 17 le
2483 2372 59 18 fallait

2072 2396 35 17 par
2112 2397 36 13 une
2156 2392 83 19 révision
2248 2394 23 17 de
2279 2394 19 18 la
2305 2396 116 18 convention
2426 2398 25 17 de
2458 2397 52 22 1927,
2518 2398 23 17 de

2072 2417 54 20 façon
2133 2417 11 17 à
2151 2417 74 19 réduire
2232 2419 20 17 le
2260 2419 65 19 déficit
2339 2422 19 16 et
2366 2421 12 17 à
2393 2421 86 20 faciliter
2486 2423 19 18 le
2512 2423 31 18 dé-

2073 2443 128 21 veloppement
2218 2444 24 17 du
2260 2445 62 18 trafic.
2338 2445 35 19 Ces
2389 2448 52 18 deux
2457 2453 83 14 mesures

2072 2468 44 16 sont
2137 2468 95 18 d’ailleurs
2252 2469 87 19 fonction
2354 2471 53 19 l’une
2423 2474 25 17 de
2463 2474 77 18 l’autre:

2072 2491 50 19 C’est
2136 2493 123 21 précisémeut
2271 2499 34 19 par
2317 2496 20 17 le
2352 2496 158 24 développement
2517 2500 23 16 du

2072 2517 55 17 trafic
2135 2522 35 17 que
2177 2518 27 18 les
2213 2519 95 20 bénéfices
2316 2521 144 22 d’exploitation
2466 2524 76 18 doivent

2071 2544 111 21 augmenter
2189 2544 23 18 et
2221 2546 104 21 permettre
2339 2546 129 23 l’application
2476 2550 25 17 de
2508 2550 33 17 ta-

2071 2567 41 21 rifs
2125 2568 159 23 raisonnables,
2300 2572 62 21 tandjs
2376 2577 37 17 que
2426 2574 20 17 la
2454 2575 86 22 majorité

2070 2593 35 17 des
2114 2594 59 21 tarifs,
2179 2604 22 3 —
2208 2599 76 14 mesure
2293 2601 112 17 paresseuse
2414 2600 20 16 et
2442 2600 98 22 simpliste,

2070 2627 24 4 —
2108 2622 28 14 en
2153 2619 107 18 raréfiant
2275 2621 34 17 les
2326 2623 170 19 marchandises
2514 2625 23 16 et

2070 2644 109 21 peut-être
2187 2645 71 18 même
2266 2645 34 19 les
2305 2650 134 22 voyageurs,
2447 2653 28 14 ne
2483 2649 55 22 peut

2070 2669 144 22 qu’aggraver
2227 2673 205 20 progressivement
2449 2675 23 17 et
2488 2674 47 18 iné-

2069 2694 146 18 vitablement
2221 2695 23 17 le
2251 2695 86 20 déficit.

2091 2718 48 19 Sous
2146 2719 18 18 le
2172 2720 85 19 bénéfice
2265 2721 24 18 de
2297 2726 31 14 ces
2336 2723 142 24 observations,
2486 2726 51 17 votre

2069 2744 119 19 commission
2197 2750 52 14 vous
2263 2751 81 19 propose
2356 2749 134 25 d’adopter.les
2497 2754 40 14 con-

2068 2769 83 18 clusions
2159 2770 98 20 suivantes
2264 2777 5 12 :

2092 2795 16 17 i-
2117 2794 131 23 Organisation
2257 2798 116 20 rationnelle
2381 2800 34 18 des
2423 2801 85 18 services
2514 2804 22 13 en

2067 2820 100 22 procédant
2175 2821 10 17 à
2192 2822 19 17 la
2219 2822 88 20 rédution
2315 2825 34 18 des
2362 2826 64 23 lignes
2433 2829 104 16 reconnues

2068 2846 24 17 de
2099 2846 40 17 tout
2146 2847 60 22 temps
2215 2847 117 21 déficitaires
2341 2851 19 17 et
2369 2855 24 14 en
2401 2853 98 17 ramenant
2506 2854 38 14 ces.

2067 2871 82 18 services
2162 2876 36 13 aux
2206 2872 78 20 besoins
2295 2875 34 18 des
2339 2877 122 21 populations
2476 2877 12 17 à
2495 2876 42 18 desr

2067 2896 69 18 servir.
2400 2904 3 3 •
2423 2904 4 4 -

2087 2921 18 18 2:
2114 2921 29 19 En
2149 2925 78 19 prenant
2235 2929 50 17 pour
2293 2923 46 22 basé
2343 2927 32 18 lès
2388 2928 57 18 tarifs
2453 2927 84 18 d’avant-

2067 2948 108 20 guerre.des
2183 2948 80 19 réseaux
2269 2950 170 25 ferrés,appliquer
2447 2953 18 18 le
2473 2951 63 20 coeffi-

2067 2972 50 17 cient
2124 2972 12 18 4
2141 2977 36 13 aux
2185 2974 47 22 mojo
2234 2976 63 17 ration
2298 2981 9 12 s
2315 2978 25 17 de
2347 2978 56 18 tarifs
2412 2979 34 17 des
2454 2977 81 19 services

2067 2997 109 20 maritimes.

2087 3022 17 18 3'
2113 3023 103 19 Réduction
2229 3026 35 18 des
2272 3027 48 19 frais
2334 3028 174 22 d’embarquement
2516 3027 20 17 et

2067 3047 21 18 le
2096 3048 145 23 débarquement
2250 3056 35 17 par
2293 3053 17 17 la
2317 3054 51 17 mise
2376 3057 26 14 en
2408 3052 127 23 adjudication

2067 3072 31 18 les
2104 3074 82 19 services
2193 3075 101 25 d'aconage
2302 3078 47 18 dans
2363 3079 30 18 les'
2400 3079 55 23 ports
2462 3079 74 17 desser-

2067 3097 26 18 vis
2102 3103 33 18 par
2142 3099 18 17 la
2168 3099 120 24 Compagnie.

2084 3123 21 17 4--
2111 3123 72 19 Etablir
2189 3130 39 13 une
2235 3127 155 20 discrimination
2405 3130 24 17 de
2436 3128 58 19 tarifs
2501 3131 31 13 en-

2067 3149 26 16 tre
2107 3149 35 18 lès.
2150 3151 101 23 paquebots
2266 3153 77 21 rapides
2359 3156 21 16 et
2393 3155 29 17 les
2429 3152 103 25 paquebots

2067 3175 139 18 tommerciaux.

2109 3199 53 18 Faire
2168 3200 104 19 bénéficier
2276 3203 30 17 les
2311 3204 85 18 services
2401 3204 103 19 maritimes
2508 3201 23 17 de

2062 3223 18 16 la
2083 3222 83 20 Corsede
2171 3226 63 19 toutes,
2238 3226 30 19 les
2272 3227 111 22 réductions
2388 3229 107 19 consenties
2497 3230 33 18 par

2061 3247 29 18 les
2104 3247 120 26 Compagnies
2237 3252 25 17 de
2269 3252 86 20 chemins
2370 3256 24 17 de
2406 3255 29 18 fer
2443 3257 46 20 pour
2500 3251 29 17 les

2061 3274 85 21 produits
2154 3275 137 22 d’exportation
2300 3279 18 17 et
2326 3280 117 22 transportés
2452 3283 32 14 sur
2489 3276 41 19 tout

2060 3299 31 18 les
2098 3300 79 19 réseaux
2184 3301 72 25 d’après
2262 3303 34 18 des
2304 3305 54 18 tarifs
2367 3305 74 18 réduits
2448 3301 82 21 destinés

2060 3325 11 16 à
2080 3325 94 19 favoriser
2181 3327 18 17 la
2209 3327 80 19 balance
2297 3331 129 17 commerciale
2441 3330 25 16 du
2477 3330 52 20 pays.

2056 3369 3 3 .
2081 3348 19 18 6-
2109 3350 101 19 Réduction
2219 3353 23 18 de
2253 3352 47 24 20;/-
2309 3359 25 13 au
2348 3355 40 17 lieu
2397 3355 23 17 de
2427 3353 47 23 40./-
2480 3355 47 20 pour

2060 3374 28 18 les
2096 3375 64 19 billets
2167 3376 66 20 d’aller
2241 3380 21 17 et
2269 3381 67 17 retour
2349 3379 149 18 conformément
2504 3380 26 14 au

2059 3399 76 18 barême
2142 3401 66 23 adopté
2216 3406 35 14 sur
2259 3404 30 18 les
2297 3405 81 18 réseaux
2385 3404 70 18 ferrés.
2485 3408 3 4 '
2511 3406 6 4 '

2081 3424 18 17 7"
2109 3425 139 22 Création.d’un
2256 3432 74 21 compte
2343 3430 71 22 spécial
2420 3428 108 23 d’exploito"

2059 3448 41 18 lion
2107 3454 47 17 pour
2161 3450 44 19 Pile
2215 3452 27 18 de
2250 3453 92 25 Beauté,
2348 3456 24 17 de
2379 3455 54 21 façon
2443 3455 11 17 à
2461 3458 25 14 ne
2493 3454 33 20 pas

2059 3476 100 19 permettre
2172 3481 35 18 que
2220 3478 19 18 le
2256 3479 67 19 déficit
2335 3478 131 25 d’xploitàtioh
2474 3479 24 16 de
2505 3479 21 14 ce

2058 3500 93 21 paquebot
2157 3506 25 14 ne
2189 3504 85 18 retombe
2285 3505 156 18 surl’emsemble
2448 3505 24 16 de
2479 3503 47 17 Fex-

2058 3524 98 22 ploitation
2164 3528 32 18 des
2201 3529 64 22 lignes
2273 3531 24 18 de
2304 3531 19 17 la
2331 3530 64 19 Corse.

2078 3576 46 24 (1)11
2133 3583 23 13 en
2164 3581 29 18 est
2200 3580 24 18 de
2237 3580 69 22 même,
2314 3581 46 18 bien
2379 3580 89 19 entendu,
2477 3579 48 20 popr

2056 3601 31 21 les.
2092 3604 65 20 produi
2160 3605 17 17 ts
2184 3605 144 25 d’çxporlation.
2338 3606 50 18 C’est
2396 3605 51 19 ainsi
2455 3607 37 18 que
2496 3601 29 17 les

2055 3631 45 15 vins
2107 3632 24 13 an
2139 3628 38 18 fûts
2184 3633 23 14 ou
2214 3634 23 13 en
2246 3631 71 18 caisses
2325 3632 33 22 qui
2366 3630 89 23 payaient
2460 3625 58 20 avant

2056 3653 163 21 guerre40fran.es
2226 3655 20 18 la
2253 3657 64 20 tonne,
2327 3658 44 16 tous
2382 3655 46 19 frais
2436 3650 87 24 compris»

2054 3678 104 21 acquittent
2171 3679 120 22 aujourd’hui
2305 3682 54 18 entre
2370 3681 48 18 frais
2433 3679 21 17 et
2460 3679 65 15 manu-

2055 3702 71 18 tention
2132 3703 32 18 103
2169 3705 69 18 francs.
2248 3706 51 19 Pour
2305 3707 30 17 les
2341 3707 67 21 lièges,
2415 3705 20 17 le
2443 3701 46 21 tarif
2495 3699 30 19 est

2053 3727 56 21 passé
2117 3729 24 17 de
2145 3729 22 17 10
2173 3730 76 21 frances
2257 3731 11 17 à
2276 3731 35 19 420
2318 3732 72 18 francs.
2415 3726 4 5 ’
