2592 3978
150 239 38 22 Un
201 238 82 21 burrei
294 236 42 23 fini
353 238 34 19 sta
399 239 101 17 cronaca
511 232 25 22 di
549 231 48 22 La-

122 272 51 22 vas!
174 278 15 15 n
190 278 22 19 a,
236 276 70 16 senza
326 270 62 26 parla
407 268 24 21 di
447 273 34 15 un
494 268 96 19 cantore

122 305 112 28 populare
248 303 111 24 bastiese,
378 301 127 26 Ghjseppu
528 297 63 22 Mar-

123 338 45 26 chi,
181 338 66 20 dettu
259 335 124 27 Ghjseppu
392 340 17 14 u
421 333 97 26 Cegu...
530 325 17 26 È
557 336 33 14 un

122 377 90 22 povaru
235 369 59 22 òmu
310 374 38 16 ma
367 366 25 22 sà
412 365 51 22 cusi
480 364 30 21 bè
532 361 58 22 sunà

123 405 148 27 d’organettu
293 403 5 19 !
318 401 18 21 E
353 399 41 28 pòi
405 399 25 21 bi
451 398 69 20 canta
540 394 50 22 cusi

121 438 61 21 belle
199 435 99 22 canzoni
312 435 5 19 !
329 433 61 21 Mica
401 438 13 14 e
425 431 92 23 nostre,
539 433 52 21 per-

124 470 44 21 ché
179 469 133 26 'Ghjseppu
323 472 31 15 un
366 469 103 16 cunosce
489 461 32 21 nè
540 466 50 15 mu-

122 509 42 15 vra
175 502 30 21 nè
214 500 125 23 muvrella,
352 503 37 16 ma
400 495 72 27 dapòi
482 494 64 24 anni,
557 499 12 15 s
577 493 13 20 è

124 535 160 27 specializzatu
301 531 61 22 ind’a
374 533 102 18 canzona
492 526 99 28 popula-

124 574 26 16 re
161 567 103 22 italiana.

151 600 22 22 E’
185 604 96 22 sempre
301 598 44 20 ben
363 595 91 21 accoltu
464 593 25 21 in
513 591 84 23 Bastia,

124 634 86 22 induve
222 629 114 24 l’abitanti
350 628 20 22 si
382 628 115 21 dilettanu
512 631 14 15 a
538 629 52 16 can-

123 667 23 22 tà
155 673 13 15 e
180 670 111 17 rumanze
308 670 14 13 «
329 662 58 22 nella
399 661 82 27 lingua
500 658 38 21 del
550 656 20 22 si
578 664 10 13 »

125 700 82 21 Ecculu
219 698 97 26 dunque
328 702 13 14 a
353 693 111 23 Lavasina
475 692 6 20 !
504 691 33 21 Fu
548 695 43 22 per

123 733 46 21 ellu
182 737 45 15 una
241 730 61 21 bella
316 729 97 26 jurnata.

151 764 88 22 Sedutu
249 761 96 23 davanti
355 766 13 15 a
380 759 87 24 chiesa,
482 763 13 15 e
517 756 74 21 intur-

123 798 63 21 niatu
197 797 29 20 da
235 799 126 18 numerosa
370 792 73 27 jente,
454 789 134 27 Ghjseppu,

123 837 29 16 eu
163 830 141 27 l’organettu
317 827 24 20 in
350 831 76 18 manu,
440 821 150 29 principiede

122 870 16 15 u
149 869 27 15 so
193 869 10 13 «
211 859 151 30 repertoriu»
372 864 6 15 :

152 923 88 25 Addio,
251 922 48 21 mia
312 921 66 24 beila,
388 918 79 24 addio,

153 955 111 23 L’armata
277 960 27 15 se
315 959 30 15 ne
353 958 29 15 va

151 990 17 21 E
178 995 25 15 se
216 994 49 15 non
282 986 92 22 andassi
386 983 94 23 anch’io

150 1022 102 22 Sarebbe
264 1026 46 15 una
323 1018 82 22 viltà...

151 1078 17 28 È
179 1089 45 16 una
249 1087 102 17 canzone
365 1080 23 21 di
406 1084 86 23 guerra
511 1076 37 22 chi
566 1075 25 22 fù

122 1117 60 23 assai
193 1117 24 21 in
227 1121 65 22 voga
302 1115 23 20 in
342 1113 72 24 Italia,
423 1118 31 15 ne
466 1117 16 15 u
509 1115 79 23 1915...

124 1151 88 21 Eccune
226 1148 98 22 un’altra
338 1153 5 15 :

285 1209 22 22 O
317 1207 110 23 biondina

200 1243 147 28 Capriciosa,
357 1239 154 30 garibaldina,

221 1277 37 21 Tu
271 1276 43 21 siei
327 1276 21 20 la
360 1274 65 21 Stella
438 1272 57 29 (bis)

284 1309 22 22 O
319 1307 110 23 biondina

193 1343 160 28 Capricciosa,
363 1339 155 30 garibaldina,

268 1375 37 22 Tu
317 1375 43 21 siei
369 1375 21 20 la
402 1373 68 21 Stella

268 1408 31 22 Di
312 1408 39 21 noi
364 1406 92 23 solda...

151 1472 39 22 Ste
213 1472 47 21 due
285 1470 133 22 canzunetfe
439 1466 151 28 raccoglienu

123 1506 66 22 molti
212 1504 116 28 applausi,
349 1509 36 15 ma
408 1499 143 24 cambiendu
566 1498 23 22 di

124 1543 57 18 tonu
198 1545 14 15 e
232 1538 170 27 d’argumentu,
423 1534 128 27 Ghjseppu
568 1532 21 21 ci

124 1573 28 22 dà
164 1574 37 20 stu
213 1571 119 28 cunsigliu
342 1576 6 15 :

152 1633 23 22 O
187 1633 47 22 cari
247 1632 71 22 amici
331 1631 42 22 che
382 1630 31 22 mi
425 1629 123 24 ascoltate,

151 1667 65 22 Dalle
229 1667 89 24 donne,
330 1666 94 20 lontano
442 1664 88 20 State...

151 1729 51 22 Una
223 1733 58 16 vera
300 1726 79 22 litania
400 1727 87 20 contru
507 1729 14 16 e
532 1723 58 22 don-

124 1768 29 15 ne
172 1761 81 28 d’ogni
274 1761 74 21 classe
370 1765 13 15 e
401 1758 83 28 d’ogni
507 1756 83 23 condi-

123 1797 73 21 zione.
210 1794 75 23 L’òmi
298 1794 89 25 ridenu,
400 1798 13 15 e
430 1798 48 15 una
492 1790 97 22 vecchia

123 1830 24 21 in
160 1829 85 25 colera,
259 1829 16 20 li
295 1827 52 21 dice
356 1832 5 20 ;
375 1825 44 23 «O
437 1825 60 27 Jisè,
509 1830 32 15 un
555 1823 35 22 di-

123 1861 101 23 menticà
253 1862 45 21 che
318 1860 39 21 noi
382 1859 62 22 simu
463 1864 14 15 a
498 1856 92 23 Lavasi-

124 1902 28 15 na
163 1896 33 21 !...
206 1903 10 12 »
231 1895 18 21 E
260 1893 81 26 allôra,
361 1893 126 27 Ghjseppu
499 1895 91 17 scacca-

124 1929 86 28 neghia
222 1934 14 15 e
245 1928 42 27 pôi
300 1927 110 22 s’imballa
420 1932 6 15 :

153 1985 21 21 A
186 1984 165 28 mezzogiorno
364 1982 23 21 in
399 1984 75 25 punto

152 2017 72 22 Passò
235 2023 34 16 un
281 2016 125 27 aeroplano

151 2052 17 21 E
178 2054 63 19 sotto
257 2051 60 21 c’era
326 2049 79 22 scritto

151 2085 92 21 Trieste
256 2084 103 23 italiano,

177 2118 51 21 Zim
237 2118 59 21 bom
308 2117 55 21 bom

178 2152 31 21 Al
222 2151 86 22 rombo
320 2150 37 21 del
366 2155 102 16 canon...

151 2258 17 21 E
178 2258 67 21 avale
256 2256 122 23 ch’avemu
386 2255 107 27 cumpitu
501 2261 17 14 u
525 2254 65 27 viag-

123 2292 56 27 ghiu
190 2291 24 21 di
236 2290 122 24 Lavasina,
382 2295 44 15 una
443 2288 51 22 sòla
515 2287 75 28 grazia

123 2325 160 21 dumandemu
301 2323 20 21 a’
334 2322 117 22 Madonna
461 2328 6 15 :

151 2357 41 22 «O
206 2360 81 19 nostra
304 2356 136 22 Beatissima
454 2355 101 28 Regina,
564 2356 26 19 tu

123 2391 37 22 chi
173 2391 91 21 cunsoli
282 2397 16 15 u
320 2390 80 21 dulore
411 2389 31 21 d’i
463 2387 127 29 puvarelli,

123 2424 53 22 abbi
186 2423 63 28 pietà
262 2424 25 21 di
300 2423 40 22 noi
355 2428 13 16 e
379 2423 66 28 volgi
463 2428 18 15 u
500 2424 26 19 to
538 2427 53 15 san-

122 2460 26 18 tu
164 2457 103 28 sguardu
286 2456 75 27 sopr’a
380 2455 100 22 Corsica
494 2454 98 23 mischi-

123 2491 67 21 nella.
199 2490 64 21 Dalli
276 2496 13 15 a
302 2496 14 15 u
327 2489 125 27 piùprestu
461 2488 40 22 ciò
509 2487 82 23 ch’ella

113 2525 75 26 'spera
198 2529 5 15 :
217 2530 16 14 u
246 2529 69 22 pane,
325 2528 13 16 a
347 2523 72 21 salute
432 2528 14 16 e
457 2528 14 15 a
484 2520 106 23 liberté.»

310 2572 110 26 Eugeniu
432 2571 132 24 Grimaidi.

148 2680 21 36 i
180 2691 65 26 mm
256 2682 56 35 ami
327 2680 58 36 J.P.
404 2680 164 36 Codaccmi

203 2746 78 21 Poète
292 2751 32 16 en
331 2745 87 26 langue
426 2745 78 22 Corse

126 2836 20 20 O
154 2836 32 19 toi
192 2836 43 25 qui
243 2843 31 13 ne
281 2836 48 20 sais
338 2842 43 19 que
385 2835 25 20 la
419 2835 88 26 langue

124 2867 38 19 Du
165 2869 58 22 pays
234 2873 55 14 rare
294 2867 32 19 du
334 2866 108 24 mouflon,
449 2879 4 2 -

123 2906 26 4 —
155 2896 97 25 Langue
261 2897 55 25 plus
324 2896 57 20 belle
392 2897 62 20 dans
461 2903 31 14 sa
498 2902 95 19 gangue

126 2927 49 25 Que
181 2927 34 20 les
217 2930 81 17 autres
305 2933 28 14 en
341 2927 61 20 leurs
404 2927 141 24 flonflons—

124 2984 35 20 En
172 2986 34 18 tes
210 2991 54 14 vers
271 2986 111 24 cyrnéens,
390 2985 79 23 Poète,

124 3014 156 25 L’Hommage
287 3017 35 18 est
328 3015 54 20 d’or.
428 3020 20 16 <

128 3044 54 20 Tout
184 3051 53 13 mon
246 3046 49 19 être
301 3045 31 19 de
334 3045 79 24 simple
416 3045 89 20 esthète

123 3075 38 19 Au
167 3075 108 20 souvenir
285 3075 98 20 emvibre
390 3081 74 14 encor.

124 3132 35 20 En
163 3134 25 17 ta
192 3132 88 25 langue
285 3132 56 20 rude
349 3138 31 14 un
387 3133 136 25 blasphème

124 3162 59 20 Jette
190 3168 32 14 au
239 3163 47 20 ciel
291 3166 136 21 rougeoyant
440 3163 35 21 les
486 3166 59 18 mots
552 3164 43 24 qui

444 3194 57 24 font
504 3193 88 25 frémir.

125 3222 35 20 En
166 3224 25 17 ta
198 3222 89 25 langue
294 3223 70 19 douce
370 3229 30 14 un
405 3225 85 23 poème

125 3252 122 24 Murmure,
253 3253 125 24 s’alanguit
381 3255 23 17 et
408 3254 64 20 n’ose
471 3254 57 24 plus
531 3254 61 24 finir.

128 3310 31 19 Ta
165 3310 86 25 langue
258 3312 38 21 rit,
306 3310 43 20 elle
356 3312 101 23 taquine.

126 3339 49 20 Elle
179 3340 78 23 picote
264 3347 59 13 sans
327 3340 59 23 pitié

126 3369 35 19 La
168 3369 89 24 hargne
271 3372 24 17 et
301 3371 61 18 toute
369 3369 95 21 humeur
477 3371 116 23 chagrine.

127 3398 50 19 Elle
182 3398 86 21 chante
276 3399 66 20 aussi
350 3399 104 21 Vamitié.

126 3454 70 20 Poète
203 3457 26 17 ta
237 3456 88 23 langue
332 3457 34 18 est
373 3456 113 25 multiple.

126 3484 70 20 Poète
203 3485 45 19 elle
260 3488 36 17 est
303 3485 158 21 seule.ici-bas.

130 3513 45 20 Oui
189 3514 68 24 (quel
262 3521 46 18 que
314 3514 45 20 soit
364 3514 21 19 le
389 3516 92 24 périple
486 3517 13 23 )

128 3544 132 20 Semblable
268 3545 18 20 à
293 3544 42 21 elle
343 3544 20 20 il
369 3545 49 19 n’en
427 3548 36 17 est
468 3549 56 21 pas.

127 3609 31 20 Et
161 3609 120 25 j’éprouve
288 3617 84 13 comme
380 3617 45 14 une
436 3612 73 20 honte

127 3639 20 20 A
158 3642 23 17 te
187 3641 115 23 répondre
310 3647 29 13 en
348 3647 50 14 vers
402 3641 116 26 français,

127 3669 35 20 En
171 3673 58 17 mots
233 3671 119 25 vulgaires
360 3671 56 21 dont
431 3679 31 14 on
477 3675 70 18 conte

129 3699 49 20 Oue
182 3702 51 18 tout
237 3708 34 13 un
284 3700 81 21 monde
372 3701 33 21 les
412 3704 108 19 connaît.

477 3752 25 21 J.
508 3752 31 21 N.

781 179 57 73 A
881 191 109 61 un
1035 173 393 77 Barbare

644 331 41 22 Un
705 331 98 21 barbare
814 341 29 4 —
858 329 26 27 je
902 328 107 26 l’appelle
1027 325 62 22 ainsi

615 363 115 28 puisqu’il
746 363 68 27 signe
828 361 57 22 d’un
905 360 144 22 barbarisme
1060 369 30 4 —

615 397 82 27 publie
709 396 59 21 dans
779 401 32 15 un
820 394 97 27 journal
925 393 30 21 de
966 392 79 21 Bastia
1056 389 40 23 uii-

615 429 84 21 article
711 429 41 26 qui
764 428 119 20 veut-être
894 433 32 15 un
937 425 153 27 réquisitoire

616 463 84 20 contre
708 461 36 21 les
755 459 148 22 fédéralistes
915 464 88 16 corses.
1014 458 34 21 En
1056 463 34 15 un

616 494 103 27 français
731 493 118 21 incorrect
857 494 25 19 et
893 491 89 28 parfois
992 489 98 22 incohé-

616 529 61 23 rent,
687 527 19 20 il
717 526 109 27 vitupère
837 526 37 20 les
885 524 135 22 nombreux
1031 522 59 22 écri-

616 560 70 21 vains
697 559 115 27 patriotes
824 558 42 27 qui
875 559 93 20 tentent
979 557 30 20 de
1021 561 69 16 mon-

615 595 51 19 trer
676 597 57 16 sans
751 591 113 27 ambages
885 591 36 20 les
943 595 73 16 maux
1030 589 60 21 dont

616 625 90 22 souffre
725 625 23 21 la
764 624 75 22 Corse
860 625 25 20 et
899 623 29 22 de
947 622 143 22 rechercher

615 659 36 21 les
662 664 104 22 moyens
777 658 30 21 de
814 658 36 21 les
858 656 89 29 guérir.

645 691 50 21 Son
709 691 82 21 article
811 690 109 21 contient
933 695 47 15 une
994 695 96 15 accusa-

615 724 53 21 tion
683 723 160 21 calomnieuse
859 724 25 19 et
898 722 102 27 stupide,
1012 723 26 20 et
1048 720 42 22 dé-

616 759 62 20 note,
682 762 50 15 une
742 755 210 22 méconnaissance
963 755 75 22 totale
1046 755 43 22 des

616 789 126 27 questions
760 794 79 16 corses
854 790 25 19 et
893 788 42 21 des
952 787 143 28 problèmes-

616 822 176 28 régionalistes.

645 854 101 28 D’après
757 855 32 21 lui
800 855 18 21 il
824 861 19 22 y
850 860 14 16 a
873 854 59 21 dans
939 853 48 22 l’île
995 860 34 15 un
1038 853 52 22 «cé-

616 889 67 20 nacle
691 896 10 12 »
716 888 59 21 dont
786 889 22 20 le
820 888 42 21 but
875 889 36 19 est
922 886 40 29 d’y
975 886 68 22 créer
1057 892 31 15 un

618 923 171 20 «mouvement
800 921 29 21 de
841 919 171 23 désaffection»
1025 919 64 29 (quel

616 955 83 27 style!)
708 953 14 22 à
731 953 86 29 l’égard
830 954 30 21 de
873 955 21 20 la
907 953 95 22 France.

645 987 122 27 Pourquoi
779 988 23 20 le
814 987 141 22 folliculaire
966 993 27 15 se
1001 987 87 21 tient-il

616 1021 60 21 dans
684 1021 23 21 le
719 1021 94 27 vague?
828 1020 65 22 Pour
907 1021 77 26 quelle
999 1020 88 25 raison,

617 1053 120 28 précisant
757 1059 27 16 ce
798 1053 71 29 grief,
890 1059 30 16 ne
942 1053 146 22 nomme-t-il

615 1093 43 21 pas
670 1087 36 21 les
720 1092 132 22 personnes
864 1087 41 26 qui
919 1086 143 27 participent
1075 1085 14 22 à

617 1126 39 15 ces
668 1119 115 23 menées?
794 1119 160 22 Redoùte-t-il
961 1126 34 15 un
1003 1120 86 27 procès

616 1160 31 15 au
669 1153 78 28 grand
763 1153 56 28 jour
836 1159 34 16 ou
885 1153 115 22 craint-il.
1010 1153 31 21 dè
1062 1159 26 15 se

615 1187 58 22 voir
682 1187 94 21 donner
779 1187 23 21 la
808 1187 72 28 leçon
892 1186 57 27 qu’il
958 1186 86 22 mérite
1048 1187 13 21 ?
1085 1190 11 7 "

646 1219 35 22 Ce
704 1219 133 22 Monsieur.
842 1225 28 16 se
884 1220 87 21 rend-il
994 1221 95 26 compte

616 1253 139 28 qu’essayer
762 1253 30 20 de
798 1253 60 21 faire
870 1259 95 22 germer
972 1259 42 15 sur
1021 1253 24 21 le
1052 1253 37 22 sol

616 1292 77 20 corse,
706 1292 32 15 en
751 1292 19 23 y
781 1286 77 27 jetant
878 1286 125 22 d’infâmes
1022 1287 67 21 lieux

616 1325 135 21 communs,
760 1320 23 21 la
793 1319 73 22 haine
878 1322 82 19 contre
970 1320 24 21 la
1005 1320 84 21 nation

616 1359 67 16 soeur
693 1353 42 27 qui
747 1359 31 15 en
790 1359 52 22 1915
856 1355 38 20 est
907 1359 80 16 venue
1004 1359 32 15 au
1050 1359 39 15 se-

616 1392 71 15 cours
696 1387 31 20 de
735 1386 23 21 la
770 1385 88 22 France
870 1386 103 22 envahie
984 1391 105 22 suppose

616 1418 14 22 à
648 1419 117 28 l’auguste
781 1425 97 16 semeur
895 1425 33 15 un
940 1425 102 16 cerveau
1058 1419 31 21 de

616 1452 76 23 crétin
713 1459 28 15 se
760 1453 115 21 doublant
892 1453 31 21 de
938 1452 71 22 l’âme
1032 1452 57 21 d’un

615 1487 66 21 valet
691 1488 13 20 ?
729 1504 4 3 .
975 1497 11 7 -

644 1520 28 22 Et
694 1520 98 22 n’est-ce
811 1526 43 22 pas
876 1520 64 21 aussi
960 1521 36 20 ce'
1008 1521 80 21 même

615 1553 91 23 Bastia
709 1553 148 28 Journal—
866 1553 150 28 aujourd’hui
1024 1553 65 22 noir-

616 1588 22 21 ci
649 1593 45 22 par
704 1588 24 21 le
739 1587 102 22 Barbare
849 1599 30 4 —
887 1587 41 28 qui
939 1593 31 15 au
980 1587 110 22 moment

615 1621 31 21 de
656 1620 101 22 l’entrée
770 1627 31 15 en
817 1626 95 23 guerre,
930 1620 15 22 à
955 1626 46 16 nos
1013 1619 74 27 côtés,

616 1655 30 21 de
668 1654 94 26 l’Italie,
782 1661 26 14 se
835 1654 133 27 répandait,
995 1659 94 17 comme

615 1688 122 21 d’ailleurs
753 1689 50 20 tant
819 1687 104 22 d’autres
941 1687 101 27 feuilles,
1058 1694 31 15 en

615 1722 117 27 louanges
760 1727 40 16 sur
817 1722 36 21 les
874 1721 75 22 frères
973 1727 116 16 sauveurs

615 1755 61 22 dont
686 1755 19 22 il
723 1755 115 27 rappelait
847 1753 62 24 à-vec
924 1754 114 28 à-propos
1053 1755 36 21 les

615 1788 105 22 affinités
731 1789 31 21 de
772 1790 100 20 race?...

630 1821 124 28 •Toujours
765 1822 92 28 d’après
865 1823 35 21 lui
906 1834 30 4 —
940 1821 115 23 Barbarin
1060 1833 29 4 —

616 1856 18 21 il
645 1858 38 20 est
698 1855 108 22 honteux
817 1856 30 22 de
860 1862 27 15 se
904 1855 59 22 faire
982 1855 108 28 préfacer

615 1895 44 22 par
675 1895 34 16 un
738 1889 139 28 professeur
897 1889 81 22 italien
984 1895 6 15 :
1010 1889 20 22 il
1052 1890 38 21 est

615 1924 115 26 pourtant
739 1925 53 20 tout
802 1923 101 26 naturel,
916 1928 28 17 ce
954 1928 62 17 nous
1028 1928 62 17 sem-

616 1956 46 26 ble,
676 1962 48 21 que
738 1957 43 20 des
800 1961 120 24 ouvrages
938 1956 72 22 écrits
1030 1957 59 21 dans

615 1996 33 14 un
660 1990 44 21 des
715 1990 54 27 plus
786 1996 57 21 purs
863 1990 113 21 dialectes
995 1990 94 21 italiens

616 2023 80 21 soient
718 2022 106 28 préfacés
840 2029 45 21 par
913 2024 36 20 les
967 2023 122 21 meilleurs

615 2056 154 28 philologues
780 2056 30 21 de
818 2054 26 24 la
858 2056 134 28 péninsule.

646 2090 102 27 D’après
764 2090 33 21 lui
809 2095 89 16 encore
920 2090 111 21 recevoir
1047 2090 43 21 des

615 2123 102 22 bourses
728 2123 70 22 d’une
807 2124 145 21 association
966 2123 124 28 étrangère

615 2159 38 19 est
664 2157 170 22 inconcevable
845 2164 6 14 :
868 2156 14 23 à
894 2163 27 16 ce
940 2159 95 26 compte
1054 2158 36 21 les

616 2189 120 23 étudiants
743 2191 108 27 bulgares
857 2193 25 19 et
891 2191 126 21 canadiens
1029 2191 40 27 qui
1076 2190 13 22 à

616 2223 157 23 l'Université
781 2224 28 21 de
820 2224 67 22 Paris
894 2225 134 21 travaillent
1036 2225 54 28 grâ-

617 2263 27 16 ce
658 2263 48 16 aux
727 2258 108 22 subsides
851 2259 33 21 du
900 2261 190 25 gouvernement

617 2291 103 28 français
743 2294 54 19 sont
820 2292 43 22 des
887 2292 92 22 traîtres
1002 2291 13 23 à
1039 2293 51 21 leur

616 2331 60 22 pays
685 2325 6 20 !

645 2358 114 22 Barbarin
772 2359 83 27 ignore
873 2359 63 22 donc
951 2359 138 22 l’existence

617 2391 42 22 des
671 2392 101 21 bourses
789 2392 195 22 internationales
1003 2395 24 20 et
1047 2394 42 20 des

617 2424 109 23 instituts
737 2425 243 22 interuniversitaires
987 2427 30 21 ?..

646 2459 65 21 Pour
723 2459 125 22 demeurer
858 2460 99 27 logique
968 2465 60 16 avec
1044 2460 47 22 lui-

616 2492 81 22 même
709 2492 18 21 il
739 2492 92 22 devrait
846 2492 135 29 également
999 2493 92 22 blâmer

616 2525 37 21 les
670 2524 111 29 Français
799 2526 41 27 qui
859 2528 45 20 ont
922 2532 55 22 reçu
992 2527 24 20 le
1034 2527 57 27 prix

616 2558 80 22 Nobel
704 2558 81 22 donné
793 2565 43 21 par
847 2560 44 21 des
901 2558 101 23 Suédois
1008 2566 6 20 ;
1028 2559 62 28 frap-

618 2598 43 21 per
673 2591 148 23 d’anathème
838 2599 64 15 ceux
919 2593 59 22 dont
994 2593 23 21 la
1032 2593 58 22 bou-

610 2625 120 23 .tonnière
756 2625 78 22 s’orne
857 2626 71 22 d’une
951 2625 146 24 décoration,

618 2657 152 29 étrangère...
783 2659 121 26 Gâcheur,
916 2665 32 15 va
956 2659 6 21 !

646 2692 88 21 Allons
745 2692 53 27 plus
813 2693 60 21 loin.
892 2692 35 22 Ce
939 2693 49 21 bon
999 2693 91 28 bougre

618 2725 94 27 ignore,
726 2723 137 24 entr’auires
875 2726 81 26 chose,
967 2726 24 22 la
1006 2727 86 21 carriè-

618 2764 27 15 re
653 2758 57 22 d’un
723 2757 127 24 Salvadore
865 2759 71 22 Viale
950 2765 44 22 par
1009 2766 82 16 exem-

618 2792 48 26 ple.
676 2791 44 22 S’il
729 2792 92 21 voulait
825 2809 3 2 ,
832 2798 28 15 se
875 2793 93 21 donner
977 2793 25 21 la
1020 2794 71 27 peine

618 2825 30 20 de
659 2825 125 27 parcourir
793 2825 36 22 les
838 2826 122 27 journaux
970 2831 82 17 corses
1060 2827 31 22 de

617 2857 113 28 l’époque
735 2858 99 22 relatant
839 2859 24 21 la
871 2861 64 20 mort
942 2859 29 21 de
981 2865 28 16 ce
1015 2861 77 27 grand

617 2891 71 27 poète
699 2891 19 21 il
728 2897 18 22 y
756 2892 88 21 verrait
857 2894 122 20 comment
995 2892 34 22 M.
1045 2893 44 22 Ph.

619 2923 94 23 Caraffa
723 2924 24 21 le
760 2925 115 27 glorifiait
892 2925 93 22 d’avoir
1001 2926 38 22 été
1060 2929 31 19 én

619 2957 75 22 Corse
720 2957 105 28 Vapôtre
857 2959 35 21 de-
910 2958 180 28 Vitalianisme,

618 2996 56 15 sans
685 2996 49 21 que
744 2991 50 21 cela
801 2991 45 27 pût
857 2992 97 21 exclure
964 2993 24 20 le
997 2993 94 22 sincère

618 3023 149 22 dévoûment
777 3024 47 21 des-
830 3025 126 21 insulaires
967 3031 88 17 envers
1068 3028 23 20 la

618 3055 98 23 France.

647 3090 87 27 Ignare
745 3091 25 20 et
786 3090 109 27 absurde,
914 3091 121 28 Barbarin,
1055 3094 38 20 est

618 3122 136 22 forcément
764 3123 150 23 incohérent.

647 3161 75 22 Selon
732 3161 34 21 lui
784 3161 23 22 la
821 3161 137 29 législation
976 3163 116 29 française

619 3195 41 26 qui
675 3194 45 21 fait
735 3195 92 21 mourir
844 3196 31 21 de
886 3196 58 21 faim
954 3197 36 21 les
1000 3199 93 26 prêtres

619 3233 82 16 corses
714 3229 25 19 et
749 3227 71 22 laisse
832 3235 47 15 nos
895 3230 128 26 paroisses,
1034 3231 59 21 dans

619 3259 127 22 l’abandon
754 3262 36 19 est
796 3260 123 24 scélérate.
925 3262 28 21 Et
960 3264 134 26 cependant

620 3293 19 21 il
648 3292 51 22 faut
710 3293 82 26 aimer,
809 3294 93 29 choyer
912 3299 24 17 et
946 3295 69 22 louer
1031 3299 62 20 cette

619 3324 140 29 législation
781 3328 24 19 et
827 3330 40 19 cet
886 3328 52 22 Etat
956 3328 138 28 législateur

620 3363 58 16 sous
685 3357 114 27 .prétexte
816 3360 71 26 qu’ils
899 3360 120 23 sévissent
1029 3363 64 21 aussi

621 3392 84 19 contre
736 3391 36 20 les
799 3394 80 19 autres
908 3392 184 28 départements.

621 3421 70 22 Vous
703 3423 109 21 saisissez
822 3425 23 20 la
859 3425 89 21 finesse
959 3425 33 21 du
1002 3427 93 21 raison-

621 3457 100 19 nement
732 3460 7 15 :
763 3455 45 22 Cet
824 3457 100 21 homme
943 3463 14 15 a
975 3459 120 22 assassiné

621 3493 59 15 mon
703 3487 72 25 frère,
802 3489 59 21 c’est
877 3490 52 20 vrai
939 3496 6 18 ;
964 3491 62 21 mais
1047 3493 17 20 il
1081 3499 14 14 a

621 3520 64 20 aussi
697 3520 118 21 assassiné
822 3521 24 21 le
857 3522 52 20 tien
919 3527 6 15 :
935 3522 64 21 donc
1004 3523 26 27 je
1041 3525 54 21 dois

620 3551 25 21 le
655 3552 130 21 remercier
795 3555 25 19 et
829 3554 127 21 continuer
962 3554 14 21 à
983 3556 73 22 vivre
1065 3563 30 15 en

622 3585 131 20 excellents
761 3586 88 21 termes
857 3593 61 15 avec
927 3587 42 21 lui.

651 3621 46 22 Cet
721 3622 171 24 indécrottable
919 3625 40 27 qui
982 3631 31 16 ne
1050 3628 46 21 sait

622 3660 104 22 presque
736 3655 52 21 rien
797 3658 37 19 est
845 3658 133 26 cependant
989 3659 58 22 dans
1060 3661 37 21 les

622 3690 90 19 secrets
725 3688 33 21 du
772 3690 54 25 quai
847 3690 105 29 d’Orsay
961 3703 31 4 —
1002 3698 95 17 comme

619 3720 27 26 je
655 3726 66 15 vous
731 3721 23 20 le
763 3721 37 21 dis
808 3721 7 22 !
826 3734 30 4 —
868 3725 24 19 et
908 3729 60 16 nous
987 3731 32 15 ne
1038 3733 59 20 pou-

622 3758 64 16 vons
697 3759 48 21 que
756 3752 102 24 féliciter
868 3757 24 20 le
911 3756 126 24 Ministère
1053 3760 43 22 des

1115 325 92 21 affaires
1219 324 138 29 étrangères
1365 321 108 24 d’ouvrir
1478 319 63 22 ainsi
1550 324 39 15 ses

1116 363 95 16 arcanes
1223 356 14 22 à
1249 357 32 21 de
1293 359 67 20 telles
1371 355 174 27 intelligences.

1144 390 65 22 Nous
1232 389 123 24 n’aurions
1377 388 53 28 qu’à
1450 388 56 21 bien
1526 391 62 16 nous

1115 423 64 22 tenir
1189 423 20 21 si
1218 422 235 23 malheureusement
1466 425 63 23 pour
1545 423 44 16 no-

1115 458 37 19 tre
1163 462 89 22 augure
1263 457 26 20 le
1301 463 60 21 coup
1372 455 32 22 du
1421 454 54 27 quai
1485 452 104 28 d’Orsay

1115 490 82 21 n’était
1219 495 33 16 un
1278 490 113 27 chantage
1403 486 109 29 'périmé,
1541 491 48 16 une

1115 529 98 16 menace
1241 523 100 22 tombée
1365 524 29 19 eh
1422 519 131 23 désuétude
1575 517 14 22 à

1115 556 70 21 l’aide
1207 553 117 30 desquels"
1339 562 31 15 on
1399 553 125 28 s’imagine
1544 552 45 21 im-

1115 589 156 27 pressionner
1279 590 37 21 les
1324 587 172 30 régionalistes.

1144 622 157 22 Renouvelez
1315 623 23 20 le
1349 621 76 25 stock,
1446 619 21 22 si
1483 623 63 17 vous
1566 617 23 24 le

1115 661 98 22 pouvez,
1227 655 117 23 Barbarin
1354 655 5 20 !

1144 741 63 22 Tous
1218 741 37 21 les
1263 739 167 28 régionalistes
1438 743 32 15 ne
1478 736 57 21 sont
1545 739 43 23 pas

1116 773 155 26 fédéralîstés,
1279 776 8 4 '
1292 773 56 20 c’est
1359 771 97 22 certain.
1476 769 63 22 Mais
1558 767 30 22 dé

1115 807 91 22 bonnes
1222 806 119 23 réformes
1361 801 227 25 décentralisatrices

1116 840 102 22 seraient
1228 845 39 16 un-
1278 836 105 30 premièr
1391 843 44 22 pas
1449 841 56 16 ver-s
1516 835 24 21 lé
1551 833 38 22 ré-

1115 873 64 28 gime
1190 875 132 19 autonome
1339 877 45 21 que
1403 869 131 23 réclament
1552 868 36 21 les

1115 905 147 22 fédéralistes
1271 917 32 4 —
1312 904 14 22 à
1336 902 22 23 la
1374 903 62 22 suite
1453 903 42 21 des
1515 901 74 22 Prou-

1116 939 72 26 dhoh,
1209 939 44 21 des
1274 937 93 22 Xavier
1377 937 30 22 de
1423 935 96 25 Ricard,
1545 934 43 21 des

1115 972 58 27 Jean
1192 969 111 28 Carrère,
1330 970 41 22 des
1403 967 184 26 Charles-Brun,

1116 1007 44 20 etc.
1173 1017 28 4 —
1213 1005 32 22 Le
1253 1004 160 25 fédéralisme,
1429 1001 126 25 sachez-le,
1573 1000 15 21 ô

1115 1039 105 25 barbare,
1231 1038 65 22 n’est
1307 1037 131 22 nullement
1453 1036 23 21 le
1493 1034 96 28 sépara-

1114 1072 97 22 tisme..,.

1145 1105 60 22 Mais
1213 1111 32 15 ne
1254 1103 139 28 m’abusé-je
1400 1108 80 23 pas.en
1488 1101 101 22 voulant

1115 1144 59 15 avec
1184 1144 62 16 vous
1259 1138 109 21 entâmer
1378 1137 30 21 de
1417 1135 111 29 pareilles
1540 1134 49 21 dis-

1116 1171 115 22 cussions.
1244 1171 23 22 N
1268 1177 15 16 e
1296 1170 99 22 serait-il
1402 1176 44 21 pas
1456 1167 132 30 préférable

1115 1210 47 21 que
1168 1204 25 28 je
1200 1210 64 16 vous
1268 1204 142 22 abandonne
1418 1202 15 22 à
1438 1203 71 21 votre
1517 1201 72 22 rôle..-

1114 1238 79 27 lequel
1203 1238 53 21 doit
1267 1237 182 28 probablement
1470 1235 119 22 consister

1115 1270 14 23 à
1139 1271 88 26 lécher,
1238 1270 263 23 consciencieusement
1507 1269 81 21 toutes

1114 1305 37 21 les
1161 1304 173 27 bottines,tous
1344 1304 35 21 les
1386 1304 109 27 ripatons
1503 1303 25 21 et
1532 1303 56 20 tous

1115 1338 35 21 les
1159 1338 116 27 godillots
1284 1338 44 22 des
1345 1337 120 28 puissants
1482 1336 32 21 du
1532 1336 57 27 jour

1115 1371 40 26 qui
1165 1377 25 15 se
1202 1371 138 25 succèdent,
1353 1375 54 16 sans
1420 1375 62 21 pour
1493 1369 50 20 cela
1562 1373 26 16 se

1115 1404 150 21 ressembler.

1145 1437 63 22 C’est
1219 1437 31 25 là,
1257 1437 27 28 je
1294 1438 69 25 crois,
1373 1437 20 21 la
1401 1436 67 21 seule
1479 1434 108 22 fonction

1115 1470 32 22 où
1159 1476 61 16 vous
1232 1471 78 21 devez
1326 1469 181 23 véritablement
1525 1473 62 16 vous

1115 1506 98 19 trouver
1223 1503 14 22 à
1242 1501 85 25 Taise.
1341 1503 25 23 Et
1375 1503 24 28 je
1411 1503 23 21 le
1446 1507 94 22 prouve
1553 1506 6 15 :

1145 1537 75 22 Votre
1234 1537 87 22 article
1337 1537 38 28 qui
1388 1535 87 22 débute
1487 1540 43 22 par
1541 1539 47 17 une

1115 1570 117 23 calomnie
1245 1572 85 20 contre
1346 1577 31 14 un
1392 1575 93 22 groupe
1504 1567 85 23 d'écri-

1115 1604 69 22 vains
1196 1606 24 19 et
1231 1604 32 21 de
1272 1604 114 28 patriotes
1397 1608 82 17 corses
1497 1607 28 16 se
1540 1603 49 20 ter-

1116 1638 64 21 mine
1191 1643 43 22 par
1245 1643 49 16 une
1306 1640 64 19 autre
1379 1635 117 23 calomnie
1505 1637 83 20 contre

1115 1671 121 27 le.peuple
1249 1671 113 22 insulaire
1373 1675 47 22 que
1430 1675 63 17 vous
1508 1667 80 28 repré-

1116 1706 84 20 sentez'
1209 1710 98 16 comme
1318 1711 31 15 un
1365 1704 87 27 peuple
1464 1702 124 22 naturelle-

1116 1740 65 20 ment
1192 1738 146 27 anarchique
1347 1740 22 19 et
1380 1737 150 27 impuissant.

1145 1771 99 28 D’après
1256 1777 72 20 vous,
1337 1771 34 21 les
1380 1769 89 23 Corses
1481 1771 55 20 sont
1555 1769 34 21 in-

1116 1805 107 28 capables
1239 1805 42 24 de.
1292 1804 171 22 s’administrer
1481 1803 107 22 eux-mê-

1116 1844 51 16 mes
1175 1841 23 19 et
1207 1845 31 15 ne
1247 1840 108 26 peuvent
1363 1836 151 23 décemment
1518 1836 70 21 vivre

1116 1872 69 27 qu’en
1194 1871 140 28 présentant
1342 1872 50 21 leur
1400 1870 135 28 postérieur
1542 1875 47 16 aux

1116 1911 74 22 coups
1201 1906 31 21 de
1244 1906 82 22 bottes
1337 1905 41 22 des
1389 1903 130 29 généraux,
1537 1904 53 21 leur

1116 1946 43 15 nez
1168 1945 47 16 aux
1227 1939 109 22 crachats
1344 1939 41 21 des
1393 1937 90 29 préfets
1494 1940 24 19 et
1525 1938 64 21 leurs

1116 1973 95 22 oreilles
1222 1979 50 15 aux
1294 1978 129 16 sarcasmes
1440 1972 43 21 des
1504 1971 83 24 Fathe-

1116 2005 168 22 lins-Giafferi.
1293 2009 5 4 '

1149 2038 25 22 Si
1193 2044 63 16 vous
1279 2038 84 23 n’étiez
1382 2038 20 21 si
1422 2038 87 21 inculte
1528 2042 61 17 nous

1116 2073 127 27 pourrions
1256 2077 64 17 vous
1332 2072 107 27 rappeler
1450 2071 71 29 qu’un
1539 2076 49 16 cer-

1116 2107 48 20 tain
1174 2106 82 22 Pascal
1270 2106 66 21 Paoli
1349 2105 51 22 créa
1413 2111 32 16 un
1459 2105 50 22 Etat
1529 2105 60 21 libre

1116 2145 47 22 que
1183 2139 119 27 Voltaire,
1324 2139 124 22 Rousseau
1470 2141 24 19 et
1517 2137 72 23 l’élite

1117 2172 152 29 européenne
1305 2172 144 22 admirèrent
1479 2178 31 15 en
1545 2176 43 17 son

1117 2209 84 25 temps.
1216 2207 65 21 Mais
1293 2212 68 16 vous,
1366 2212 30 15 ne
1411 2205 180 28 comprendriez

1117 2246 50 21 pas,
1178 2246 38 15 car
1227 2245 65 17 vous
1302 2241 50 21 êtes
1363 2240 22 21 le
1393 2240 74 27 digne
1479 2239 62 22 frère
1560 2239 29 21 de

1117 2274 51 21 lait
1190 2273 56 22 d’un
1271 2273 151 28 prétentieux
1451 2273 138 21 libelliste

1116 2307 130 27 d’Ajaccio,
1260 2307 65 22 aussi
1338 2307 81 28 ignare
1430 2312 46 22 que
1488 2311 63 16 vous
1560 2312 29 15 en

1117 2340 99 22 histoire
1228 2343 25 19 et
1261 2341 66 21 aussi
1337 2339 76 22 dénué
1425 2340 31 22 de
1467 2340 123 27 scrupules

1117 2374 58 22 dans
1187 2375 21 20 le
1217 2374 77 22 choix
1306 2374 42 21 des
1358 2376 145 25 arguments.

1146 2407 60 22 Mais
1218 2408 36 21 les
1267 2408 63 21 bons
1341 2412 81 17 corses
1439 2413 31 15 ne
1486 2409 104 25 permet-

1116 2443 64 20 tront
1184 2447 40 21 pas
1228 2446 50 16 aux
1284 2440 107 29 renégats
1397 2441 31 21 de
1438 2440 58 22 faire
1504 2440 86 22 dévier

1117 2476 21 20 la
1150 2475 120 26 question.
1295 2474 71 22 Aussi
1387 2475 57 21 bien
1464 2473 127 28 l’étranger

1117 2507 87 22 n’est-il
1219 2513 43 22 pas
1276 2513 31 16 en
1317 2508 41 27 jeu
1367 2514 6 15 :
1385 2508 23 21 la
1421 2507 91 28 dignité
1526 2508 64 21 insu-

1117 2541 57 21 laire
1186 2542 66 20 seule
1264 2546 63 17 nous
1337 2542 109 26 importe.

1146 2574 90 29 Malgré
1245 2575 24 21 le
1280 2575 70 21 fatras
1361 2575 29 21 de
1399 2577 71 20 votre
1481 2580 72 22 prose
1563 2580 26 16 ce

1118 2608 42 21 fait
1168 2607 139 28 déplorable
1323 2609 112 21 demeure
1444 2614 6 16 :
1471 2609 23 20 le
1511 2608 79 28 clergé

1117 2647 68 16 corse
1196 2643 80 20 meurt
1288 2642 31 21 de
1330 2641 55 22 faim
1398 2647 44 22 par
1454 2643 21 20 la
1490 2641 100 23 volonté

1117 2675 30 21 de
1159 2676 22 20 la
1193 2674 100 26 France,
1306 2677 24 19 et
1338 2675 84 27 l’appel
1431 2676 32 21 du
1471 2676 80 27 prêtre
1560 2676 35 24 de;

1117 2708 22 21 A
1152 2708 94 21 Muvra
1258 2713 58 16 aura
1328 2708 94 22 dessillé
1437 2709 35 21 les
1483 2714 66 23 yeux
1561 2709 29 21 de

1118 2746 60 16 ceux
1187 2741 40 27 qui
1237 2746 32 16 ne
1279 2741 113 28 voyaient
1400 2747 52 22 pas,
1462 2741 128 28 quoiqu’en

1118 2774 107 28 puissent
1236 2780 91 22 penser
1338 2774 33 22 les
1383 2775 64 21 deux
1464 2775 127 22 douzaines

1118 2806 217 29 d’ecclésiastiques
1359 2808 162 27 simoniaques
1550 2809 40 26 qui

1118 2843 83 20 votent
1212 2843 25 20 et
1249 2841 44 28 qui
1306 2840 51 22 font
1368 2843 70 20 voter
1447 2841 145 22 froidement

1118 2879 60 22 pour
1189 2875 21 21 le
1223 2874 163 28 franc-maçon
1402 2874 107 23 Vincent
1525 2874 66 23 Giaf-

1118 2907 43 22 feri
1174 2910 23 19 et
1214 2913 46 17 son
1279 2910 128 26 grotesque
1431 2909 120 27 compère,
1569 2909 26 22 le'

1117 2942 64 21 valet
1190 2941 29 22 de
1231 2942 79 27 loges,
1323 2940 58 22 Sari.

1147 3038 34 22 Ce
1190 3039 57 28 qu’il
1259 3046 18 22 y
1289 3045 14 15 a
1315 3039 29 21 de
1353 3039 126 28 stupéfiant
1487 3040 58 22 c’est
1562 3041 29 21 de

1119 3072 56 21 voir
1176 3074 49 19 Tes
1235 3072 116 28 perfidies
1369 3073 90 22 mêlées
1479 3073 113 23 d’insani-

1117 3104 46 28 tés,
1175 3107 24 20 et
1207 3106 62 21 dont
1276 3105 106 27 Tunique
1392 3106 45 22 but
1447 3109 37 20 est
1492 3107 31 22 de
1532 3107 60 22 don-

1118 3144 45 15 ner
1172 3139 28 20 le.
1206 3138 97 29 change
1321 3144 47 16 aux
1385 3140 103 22 lecteurs
1509 3146 42 15 sur
1569 3141 23 21 la

1118 3171 116 22 véritable
1246 3170 87 30 portéè
1352 3172 29 21 de
1399 3173 88 28 l’appel
1509 3173 84 22 émou-

1119 3207 57 19 vant
1187 3205 30 21 de
1225 3207 75 20 notre
1311 3205 55 26 ami,
1383 3205 67 28 c’est,
1462 3207 80 27 dis-je,
1563 3207 29 21 de

1119 3238 106 28 voir-cçs
1245 3238 132 22 calomnies
1396 3240 137 21 accueillies
1550 3246 44 21 par

1119 3271 24 20 le
1170 3270 212 29 Bastia-Journal
1409 3273 42 26 qui
1475 3272 118 22 s’institue

1119 3303 62 21 ainsi
1192 3304 22 21 le
1226 3304 135 22 .défenseur
1378 3304 43 22 des
1443 3305 150 22 adversaires

1119 3336 130 27 politiques
1257 3337 34 22 de
1303 3343 38 15 ses
1351 3338 69 21 amis.
1434 3338 48 22 Car
1488 3339 38 21 les
1536 3339 58 21 mal-

1119 3368 108 22 heureux
1238 3370 63 21 dont
1312 3371 67 20 notre
1390 3371 176 22 collaborateur
1580 3378 14 15 a

1121 3400 107 23 dénoncé
1239 3403 38 20 les
1293 3403 115 27 intrigues
1420 3406 63 23 sont,
1503 3404 92 28 malgré

1120 3433 52 21 leur
1180 3436 102 20 soutane
1294 3435 68 27 qu’ils
1373 3434 170 28 déshonorent,
1560 3438 35 21 les

1121 3468 82 25 agents
1211 3467 133 28 politiques
1353 3467 42 22 des
1409 3470 110 21 ennemis
1530 3470 32 21 de
1572 3471 23 21 la

1121 3495 113 28 religion.'

1150 3530 21 22 Il
1182 3533 37 19 est
1226 3533 56 20 vrai
1295 3539 46 21 que
1351 3533 115 23 Barbarin
1474 3541 14 15 a
1498 3541 31 15 eu
1540 3537 55 21 soin

1122 3563 30 21 de
1170 3569 26 15 se
1215 3565 86 26 placer
1316 3572 50 15 sur.,
1371 3566 23 21 le
1414 3568 89 21 terrain
1523 3569 31 21 de
1573 3570 23 21 la

1123 3595 111 23 Tribune
1246 3597 76 28 libre,
1340 3599 113 28 rubrique
1467 3601 129 23 innocente

1122 3628 41 27 qui
1174 3630 92 22 semble
1285 3631 116 22 concéder
1418 3639 49 16 aux
1486 3634 110 23 oisillons

1123 3667 41 22 qui
1176 3663 106 23 essaient
1292 3665 64 21 leurs
1366 3665 96 27 plumes
1472 3667 124 28 beaucoup

1123 3695 31 21 de
1161 3695 106 28 libertés,
1277 3704 20 21 y
1305 3698 103 27 compris
1417 3700 60 21 celle
1486 3700 41 28 d’y
1537 3700 60 23 faire

1121 3728 54 21 leur
1185 3734 63 17 caca.

1151 3761 100 28 Disons,
1265 3769 65 22 pour
1346 3765 116 22 terminer
1471 3771 47 22 que
1535 3772 62 17 nous

1614 163 30 15 ne
1664 154 124 23 tarderons
1811 156 43 22 pas
1876 148 13 22 à
1910 146 112 23 exécuter
2044 148 40 16 ces

1614 188 109 24 mauvais
1732 185 129 23 serviteurs
1870 182 32 21 du
1909 178 175 27 Christ,dignes

1614 223 92 22 émules
1714 221 30 21 de
1760 216 76 25 l’abbé
1851 214 96 24 Trochu
1958 214 24 20 et
1993 211 39 28 qui
2053 215 32 16 ne

1614 258 62 24 sont,
1682 267 11 12 t,
1699 255 18 21 il
1732 254 48 21 faut
1790 252 23 21 le
1829 246 156 26 reconnaîtré,
1998 243 86 29 qu’une

1613 290 68 22 triste
1690 284 113 26 minorité
1815 284 30 21 de
1856 280 109 25 mauvais
1976 279 107 28 pasteurs

1614 324 58 21 dans
1684 323 24 21 le
1720 320 71 23 noble
1803 315 78 30 clergé
1893 319 76 18 corse.

1786 360 125 28 Pasquale
1922 354 132 26 Manfredi.

1640 423 23 22 P
1681 422 27 22 S.
1720 433 29 4 —
1759 418 71 24 Ainsi
1843 423 46 22 que
1903 419 63 18 nous
1983 411 101 23 l’avions

1614 455 113 30 supposé,
1735 455 18 21 il
1760 458 59 17 nous
1827 451 95 22 revient
1934 454 30 15 en
1975 443 109 25 dernière

1614 491 74 22 heure
1704 494 46 22 que
1768 487 100 22 l’auteur
1889 483 30 22 de
1935 479 96 24 l’article
2052 477 31 21 du

1613 521 186 28 Bastia-Journal
1807 519 62 24 n’est
1876 518 67 21 autre
1949 513 71 29 qu’un
2028 516 56 23 por-

1613 559 55 20 teur
1678 557 32 20 de
1721 556 99 21 soutane
1831 551 49 28 qui,
1894 555 55 16 sans
1960 549 124 25 vergogne

1613 595 100 20 aucune,
1723 594 44 22 par
1773 593 38 16 ses
1816 585 95 28 paroles
1920 588 31 16 ou
1958 586 38 17 ses
2004 578 78 25 écrits,

1614 623 68 22 Salit
1692 623 63 21 cette
1765 621 113 21 soutane.

1611 707 185 60 L’Apitittu
1823 704 39 47 di
1894 699 189 59 Calabrais

1641 776 144 24 Cummedia
1794 775 27 22 in
1833 774 16 21 5
1857 771 92 24 Pranzi
1962 777 13 16 e
1987 769 32 22 13
2031 768 61 23 cul—

1613 812 104 22 lazione.

1761 879 178 26 PRANZUIV

1642 930 46 21 Par
1700 929 80 22 riceve
1792 928 16 21 li
1822 926 77 29 rigali,

1641 963 131 27 Calabraga
1781 961 30 22 ha
1820 961 56 21 duie
1887 961 78 26 porte:

1642 997 114 21 Vidarete
1764 996 16 21 li
1790 994 96 28 cignali,

1642 1028 203 28 Quand'un’entre
1858 1026 99 23 l’altr’un
1971 1027 71 23 sorte,

1641 1063 36 22 Ne
1691 1062 45 22 fala
1748 1061 78 26 d’ogni
1840 1063 110 22 canlone,

1641 1096 57 23 Una
1711 1101 56 16 vera
1779 1094 148 29 prucissione
1941 1093 5 20 !

1642 1146 83 22 L’altra
1734 1151 59 20 sera,
1803 1151 13 16 a
1829 1150 76 16 mezza
1918 1145 73 24 notte,

1642 1180 33 21 Mi
1690 1179 163 27 sò’impustatu
1864 1179 24 20 in
1898 1178 22 21 le
1928 1177 71 22 scale:

1642 1213 133 22 Marcanzie
1784 1211 80 23 crud’e
1873 1213 64 20 cotte

1640 1247 25 22 Si
1676 1247 39 22 n’è
1727 1247 101 28 ghiuntu
1841 1246 24 21 in
1879 1244 72 23 môdu
1965 1245 45 21 taie

1641 1281 47 22 Chi
1701 1279 124 24 trent’anni
1836 1279 105 28 pudaria,

1641 1315 28 22 In
1683 1315 87 27 Borgu,
1779 1316 55 20 tene
1847 1313 95 22 ustaria.

1641 1369 23 20 A
1677 1367 60 22 sunà
1752 1368 21 20 la
1784 1367 145 26 campanella

1641 1400 63 22 C’un
1715 1401 63 21 bellu
1789 1405 70 16 saccu
1870 1399 24 21 di
1907 1403 69 21 noce,

1641 1433 81 22 Prima
1734 1433 49 22 fece
1792 1439 13 15 a
1812 1432 121 22 sintinella

1641 1467 40 22 Un
1695 1469 81 25 pastor
1786 1466 24 21 di
1824 1465 148 25 Piedicroce,

1641 1501 117 27 Apressu,
1771 1506 29 16 eu
1812 1500 21 21 la
1846 1499 111 25 bisaccia,

1641 1533 70 23 C’era
1726 1534 54 27 quel
1790 1533 24 22 di
1830 1532 169 23 Ghisonaccia.

1642 1585 28 22 Ci
1685 1585 59 22 vidu
1754 1591 31 15 un
1797 1587 66 25 gattu
1876 1584 96 27 spillatu

1642 1619 18 21 E
1671 1618 56 22 d’un
1739 1617 80 29 porc’u
1827 1617 149 25 muccichile,

1642 1652 71 23 C’era
1725 1658 46 16 uva
1782 1652 24 21 di
1818 1651 143 28 Speluncatu

1642 1686 61 22 C’un
1713 1688 99 19 castratu
1821 1685 23 22 di
1859 1684 109 27 Campile

1642 1721 26 25 E,
1683 1719 117 29 purtendu
1813 1725 31 15 un
1857 1719 63 21 bellu
1930 1723 87 22 pegnu,

1642 1754 23 23 U
1678 1756 128 20 cantuneru
1820 1752 131 28 d’Aregnu.

1642 1804 70 23 C’era
1725 1807 59 19 sette
1797 1803 116 23 cazzarôle

1642 1839 51 22 Ben
1706 1838 109 29 guarnite
1827 1838 24 21 in
1864 1836 107 26 fantasia,

1642 1872 60 23 Oliu
1714 1872 24 22 di
1751 1870 143 23 Muracciôle

1643 1907 18 21 E
1672 1907 60 21 vinu
1744 1906 24 22 di
1782 1905 118 26 Munacia,

1643 1940 41 22 Un
1695 1941 111 26 pullastru
1816 1938 72 23 cott’e
1900 1944 59 15 sanu

1642 1973 37 22 Ne
1692 1973 66 22 vinia
1769 1973 29 21 da
1807 1972 123 23 Sermanu.

1644 2023 71 22 C’era
1728 2030 30 15 un
1770 2025 123 26 puscastru
1902 2023 24 20 di
1936 2022 80 28 taglia,

1642 2057 48 22 Tre
1700 2057 66 28 piatti
1779 2057 24 22 di
1816 2057 128 24 macaroni,

1643 2091 89 23 Un’era
1744 2091 23 22 di
1780 2091 146 28 Murusaglia

1644 2125 27 22 Et
1683 2125 68 22 l’altri
1765 2124 75 22 fatt’in
1853 2124 113 25 Ghisoni,

1643 2159 36 22 Cu
1694 2161 64 20 sottu
1770 2165 13 15 a
1795 2162 67 18 vesta
1875 2159 120 26 qualcosa,

1643 2192 40 23 Un
1697 2193 57 22 òmu
1765 2193 22 21 di
1801 2192 133 22 Riventosa
1944 2191 7 22 !

1646 2244 40 22 Un
1698 2244 78 22 amicu
1788 2244 24 21 di
1826 2243 128 22 Fiumorbu

1644 2277 100 23 Parlava
1756 2277 68 22 c’unu
1837 2278 24 21 di
1870 2277 95 22 Rennu:

1644 2312 22 22 U
1680 2312 78 27 primu
1770 2314 98 25 purtava
1882 2317 30 16 un
1921 2311 72 22 corbu

1644 2346 18 22 E
1670 2345 100 22 l’altr’un
1781 2351 59 16 zanu
1852 2345 23 22 di
1888 2346 101 25 brennu;

1644 2379 81 22 L’arba
1737 2379 95 22 tabacca
1844 2385 39 16 era
1895 2378 86 22 d’Ortu

1644 2413 18 22 E
1669 2413 97 22 l’alimie
1774 2413 23 21 di
1810 2413 81 22 Portu.

1644 2465 31 21 Di
1691 2464 102 28 Balagne
1803 2463 61 23 c’era
1876 2464 71 25 alive,

1644 2498 22 23 U
1680 2498 81 27 casgiu
1770 2498 23 21 di
1807 2497 147 26 Calacuccia,

1643 2531 70 23 C’era
1725 2537 58 16 ancu
1793 2531 126 22 ranocchie
1932 2532 55 21 vive

1644 2565 18 22 E
1673 2568 106 19 muscatu
1789 2565 24 22 di
1829 2564 139 27 Carbuccia,

1643 2599 47 22 Tre
1703 2599 79 22 bidoni
1795 2600 24 21 di
1832 2600 86 25 culatu,

1644 2633 86 28 Rigalu
1742 2633 24 21 di
1778 2632 146 23 Vescuvatu.

1643 2683 77 22 C’una
1729 2683 54 22 lofia
1795 2689 14 16 e
1816 2686 37 19 tre
1865 2684 109 27 purcelli,

1644 2717 69 22 C’era
1726 2722 47 16 unu
1782 2717 24 21 di
1817 2717 156 21 Cristinacce:

1644 2750 37 22 Cu
1692 2750 97 28 figaretu
1802 2756 13 15 e
1827 2750 115 25 lumbelli,

1644 2783 41 23 Un
1695 2785 93 26 pastore
1797 2783 171 27 d’Albertacce,

1645 2817 69 22 C’era
1726 2817 118 28 castagn’e
1852 2817 97 23 ballotte

1645 2851 18 21 E
1674 2857 33 16 un
1716 2856 68 16 saccu
1797 2851 23 21 di
1834 2852 69 27 pucie
1915 2853 72 21 cotte.

1646 2901 36 22 Cu
1694 2901 83 26 cascie,
1787 2904 81 25 sporte
1878 2908 15 15 o
1900 2905 122 24 spurtone,

1645 2934 106 23 Ghiente
1763 2935 173 22 tutta’nfilarata

1644 2968 29 22 Ci
1683 2969 64 21 n’era
1760 2974 45 16 una
1818 2969 150 27 prucissione

1644 3001 144 23 Sinamenfa
1797 3003 21 20 la
1828 3003 82 21 calata.

1645 3035 137 27 Calabraga.
1794 3035 138 29 Calabraga,

1645 3069 47 22 Chi
1706 3069 90 22 mulinu
1809 3070 23 21 in
1846 3071 22 21 la
1882 3073 24 19 to
1919 3071 71 28 braga
1999 3071 6 21 !

1924 3116 134 23 Maistrale.

1645 3158 9 28 (
1663 3158 133 22 Cuntinua
1806 3161 38 20 tre
1853 3161 63 21 mesi
1924 3161 11 26 )

1643 3228 65 20 Pour
1723 3235 26 13 ce
1760 3229 43 23 qui
1813 3233 42 17 est.
1864 3231 41 19 des
1921 3231 96 24 devoirs,
2031 3240 58 14 nous

1619 3253 38 24 n'y
1664 3259 75 14 avons
1758 3253 88 24 jamais
1855 3255 73 24 failli.
1945 3256 79 27 Quant
2039 3265 50 14 aux

1618 3277 80 23 droits,
1711 3278 21 19 il
1748 3278 55 21 n'est
1817 3283 46 21 pas
1868 3285 106 16 nouveau
1987 3283 29 20 de
2026 3290 63 15 cons-

1619 3305 61 18 tater
1693 3309 46 18 que
1752 3310 57 14 nous
1825 3311 73 15 avons
1914 3306 62 21 droit
1983 3308 17 20 à
2008 3308 24 21 la
2040 3309 50 25 jus-

1619 3328 50 22 tice,
1693 3328 59 20 mais
1765 3329 84 24 qu’elle
1865 3337 29 14 ne
1911 3338 59 14 nous
1992 3336 35 17 est
2043 3338 47 21 pas

1619 3353 111 20 accordée
1738 3361 12 11 «
1757 3356 46 19 par
1810 3354 112 25 l'avidité,
1936 3357 26 20 la
1968 3358 119 25 fantaisie,

1619 3377 22 20 le
1656 3380 101 21 soupçon
1765 3381 23 17 et
1795 3379 142 25 l’ignorance
1945 3382 30 20 de
1983 3389 57 16 ceux
2047 3387 44 23 qui

1619 3402 120 24 disposent
1744 3403 41 20 des
1790 3403 76 24 forces
1874 3406 143 25 publiques».
2026 3409 65 22 Nous

1620 3426 97 23 l'avons,
1737 3427 116 26 ici-même,
1870 3431 222 25 surabondamment

1617 3453 98 22 prouvé.

1644 3482 58 20 Mon
1719 3485 180 23 correspondant
1916 3493 37 14 me
1977 3489 114 23 demande

1620 3506 22 20 si
1645 3506 27 25 je
1679 3506 95 22 deviens
1776 3510 85 24 sépara
1861 3511 53 20 tiste
1918 3511 13 20 ?
1935 3512 51 22 Pas
1990 3515 22 20 le
2016 3517 76 20 moins

1621 3533 32 18 du
1666 3533 91 19 monde.
1764 3534 28 19 Je
1798 3535 57 23 suis,
1864 3543 33 13 au
1905 3540 115 20 contraire
2034 3545 57 19 par-

1621 3556 36 20 mi
1671 3563 60 13 ceux
1744 3558 42 23 qui
1798 3559 84 22 luttent
1896 3561 32 21 de
1942 3563 51 21 leur
2015 3567 77 21 mieux

1618 3583 62 21 pour
1693 3587 45 18 que
1751 3582 24 19 la
1785 3584 68 21 Corse
1861 3586 56 21 nele
1924 3587 109 24 devienne
2035 3595 55 21 pas,

1620 3611 54 14 sous
1691 3606 12 19 l
1708 3606 67 24 effort
1795 3610 114 25 conjugué
1924 3613 42 20 dès
1980 3616 113 22 adminis-

1621 3632 101 21 trateurs
1733 3637 41 18 qm
1787 3635 96 20 traitent
1895 3636 34 21 les
1940 3639 78 22 Corses
2033 3649 60 14 com-

1621 3661 37 14 me
1665 3656 44 19 des
1720 3657 100 22 roitelets
1833 3661 82 24 nègres
1923 3664 95 22 traitent
2030 3668 63 21 leurs

1620 3683 82 21 sujets,
1730 3683 25 18 et
1767 3683 42 20 des
1835 3687 108 20 mauvais
1962 3690 131 23 politiciens

1621 3710 41 18 qm
1676 3704 27 21 la
1719 3705 96 23 laissent
1827 3712 94 24 croupir
1939 3713 62 23 dans
2015 3723 29 15 sa
2052 3719 42 20 mi-

1621 3730 93 20 sérable
1736 3734 123 23 mentalité,
2057 3746 3 3 ■

1650 3770 102 23 L’Eveü
1770 3773 31 22 de
1811 3775 26 22 la
1849 3777 75 23 Corse
1940 3773 106 39 '13-10-25

2160 143 130 45 Risposta
2309 154 18 24 a
2345 142 147 45 Babbuziu

2110 252 17 18 U
2134 252 48 18 tintu
2191 252 92 21 duganeru
2292 249 126 19 incunisciutu

2110 280 35 18 Chi
2149 280 24 17 bo
2181 278 82 19 vantaste
2268 277 61 21 tantu,
2337 277 12 17 ò
2354 277 92 21 Babbuziu
2452 281 6 18 1

2109 308 17 18 A
2131 312 37 13 una
2178 306 60 18 simile
2246 305 72 18 chiama
2323 309 27 13 un
2359 305 23 22 pò
2389 306 28 18 stà
2421 310 55 17 xnutu

2110 335 14 18 E
2129 339 33 18 per
2172 338 65 19 quessa
2242 333 144 18 s’ameumandà
2394 338 11 13 a
2411 334 37 19 Diu

2110 363 58 18 Cumu
2181 361 130 22 sisbrugliera,
2320 361 12 17 ò
2340 361 119 20 lumischinu
2470 365 5 18 1

2110 391 35 18 Per
2153 390 84 22 risponde
2244 393 29 14 au
2279 389 57 21 pueta
2347 389 100 21 balaninu?

2108 445 101 24 Pogh’anni
2216 445 27 23 sò,
2257 444 107 19 carrissimu
2378 445 81 25 fratellu,

2109 473 92 20 Ch’ellusi
2206 472 70 23 tinghie
2282 473 52 18 carta
2340 473 21 18 in
2369 474 64 21 puesia
2441 481 6 17 ;

2109 503 29 18 Un
2143 502 41 18 baie
2188 506 12 13 a
2206 501 89 18 dumandà
2299 505 12 13 a
2319 502 68 21 questu
2393 507 11 12 a
2413 504 70 24 quellu,

2109 531 20 18 Si
2138 531 39 17 face
2184 529 97 18 ricircàsta
2289 529 103 18 marcanzia
2400 530 4 18 !

2109 559 15 18 E
2133 559 17 18 si
2155 558 55 23 pueta
2215 562 25 12 un
2250 561 56 14 nasce
2311 561 12 13 a
2328 557 80 19 criatura

2109 587 23 18 Di
2137 588 90 17 truvanne
2232 589 32 18 per
2271 589 48 18 paga
2325 590 28 13 un
2361 586 27 18 c’è
2398 592 57 17 paura
2463 589 5 18 !

2109 642 90 20 Anch’eiu
2206 641 28 19 fui
2239 641 19 18 di
2265 641 59 22 quelli
2329 642 32 18 chi
2367 643 19 18 la
2391 645 50 18 sorte

2108 672 80 22 Hapocu
2204 668 81 20 favuritu
2289 669 21 17 in
2319 674 21 13 sa
2348 672 75 18 materia
2426 678 6 16 ;

2109 699 25 18 Mi
2140 699 47 18 funu
2194 701 70 18 sempre
2272 696 66 19 chiuse
2350 698 60 22 quelle
2415 701 53 20 porte
2474 701 5 18 !

2108 727 62 23 Aghiu
2175 730 71 18 sempre
2250 725 67 18 nutatu
2321 725 22 17 in
2348 725 19 18 la
2372 726 74 19 miseria
2452 733 5 13 :

2108 756 38 18 Per
2153 755 30 18 mè
2188 755 31 17 stu
2229 754 83 17 fiore-un
2320 753 22 18 fù
2351 754 128 22 jnai.sbueçitu

2110 785 37 17 Ben
2153 784 33 18 che
2194 782 45 18 fussi
2253 781 28 18 fra
2289 781 48 18 tanti
2344 782 93 22 preferitu,

2109 840 58 19 Avale
2175 840 25 18 mi
2208 839 64 23 pizzica
2280 843 25 13 un
2317 838 95 19 calavrone

2111 869 14 18 E
2130 869 26 18 mi
2163 868 55 18 rende
2223 867 42 23 ogni
2276 866 56 24 jornu
2346 866 103 23 adisperatu

2110 897 14 18 E
2132 897 39 18 cusi
2183 896 25 18 mi
2213 896 20 18 sò
2240 900 61 14 messu
2308 900 11 13 a
2324 895 24 17 ‘fà
2357 899 78 14 canzone

2110 926 35 18 Per
2150 924 79 19 rendemi
2238 924 18 17 lu
2262 925 64 20 tempu
2335 923 32 22 più
2376 923 53 19 beatu
2438 929 6 16 ;

2110 953 27 19 Un
2144 952 64 19 cridite
2215 952 64 19 ch’ella
2285 951 28 19 sia
2319 955 34 18 per
2363 951 74 22 l’onore,

2110 981 21 18 Di
2137 981 71 19 scimità
2218 981 15 18 si
2242 985 53 18 pecca
2300 984 12 14 a
2319 980 49 17 tutte
2376 979 50 18 Pore.

2110 1038 14 18 E
2130 1038 58 23 prima
2196 1037 18 18 di
2221 1037 69 21 finisco,
2296 1041 13 14 u
2319 1037 97 22 Duganeru

2109 1067 16 17 A
2134 1066 90 18 Babbuziu
2230 1066 13 17 li
2251 1065 67 18 manda
2328 1069 27 14 un
2361 1064 61 23 basgia
2430 1069 54 15 manu
2491 1073 6 16 ;

2109 1094 15 19 0
2131 1095 69 20 Muvra,
2208 1096 19 16 tu
2235 1094 30 18 chi
2273 1094 16 18 si
2297 1094 22 17 lu
2324 1093 112 23 messagieru

2109 1123 49 18 Dicci
2167 1123 16 17 si
2191 1122 19 18 di
2218 1122 58 18 salute
2284 1121 11 19 è
2301 1126 73 18 sempre
2379 1126 46 13 sanu
2433 1121 5 18 !

2109 1151 36 18 Per
2152 1150 30 19 noi
2193 1150 111 23 principianu
2314 1155 11 13 e
2331 1154 80 18 cucagne
2416 1154 6 13 :

2110 1179 122 18 Bindemiecu
2241 1179 82 22 cugliere
2331 1179 21 17 di
2359 1179 92 22 castagne;

2110 1224 37 19 San
2153 1224 55 18 Pelru
2216 1224 20 18 di
2247 1224 74 21 Venacu,
2332 1224 14 18 8
2357 1223 60 19 Ottore
2425 1224 10 18 i
2438 1224 39 18 024

2345 1266 34 19 Un
2385 1266 127 24 Duganeru.

2244 1347 202 25 Induvinella

2195 1420 72 22 Nasce
2276 1427 13 16 e
2302 1427 30 16 un
2346 1427 68 22 pasce
2421 1429 7 18 ;

2194 1454 75 22 Torna
2281 1461 14 15 a
2308 1461 69 16 nasce
2389 1461 13 15 e
2410 1461 70 22 pasce
2487 1455 13 23 ?

2194 1518 117 28 Risposta
2323 1524 9 15 :
2343 1517 78 22 L’ôvu

2133 1557 20 18 In
2162 1557 47 22 fatti,
2223 1557 67 22 quandi
2298 1557 52 18 l’ôvu
2359 1560 53 14 nasce
2421 1561 25 13 un
2454 1562 54 17 pasce
2515 1559 56 23 micca,

2111 1590 30 13 ma
2149 1585 102 22 quand’ellu
2260 1587 52 16 torna
2321 1589 11 14 a
2341 1589 54 14 nasce
2411 1589 34 18 per
2458 1585 69 20 divintà
2540 1588 18 22 pi
2562 1593 11 13 u

2111 1613 51 22 lellu,
2172 1618 25 13 un
2206 1613 87 22 pasce?...

2111 1699 95 18 Raconti
2213 1698 22 18 di
2244 1698 20 18 A
2272 1697 105 20 MUVRA

2111 1767 25 38 Â
2149 1768 115 37 Parnici
2281 1768 30 36 di
2327 1768 132 37 Vincenti
2474 1769 95 47 Rugni,

2232 1825 77 37 dettu
2328 1825 126 37 Tartarin

2141 1926 68 21 Tutt’i
2215 1926 64 21 mani
2285 1926 99 25 quandu
2400 1925 73 21 l'alba
2481 1925 93 21 chiaria-

2112 1963 31 14 va
2151 1957 28 20 di
2185 1958 62 20 culor
2256 1957 34 21 d’i
2302 1957 51 21 rosi
2359 1964 16 13 a
2383 1957 70 21 bocca
2470 1957 27 20 di
2506 1957 68 24 Verdi,

2116 1989 101 20 Vincenti
2222 1989 85 25 Rugni,
2315 1988 61 21 dittu
2387 1988 109 24 Tartarin,
2501 1991 74 22 sopru-

2112 2026 69 15 nomu
2189 2020 68 20 missu
2273 2020 33 20 da
2319 2026 16 14 u
2352 2026 48 14 mer
2399 2020 21 20 ri
2432 2019 41 21 d’u
2479 2019 68 25 paesi
2552 2029 23 4 —

2112 2051 114 21 vidaremi
2226 2054 46 22 par
2271 2051 37 20 chi
2312 2062 27 4 —
2345 2050 114 21 additava
2468 2050 11 21 i
2484 2057 26 14 so
2516 2050 59 20 brac-

2112 2082 46 24 chi,
2168 2082 75 21 Medor
2253 2089 13 14 e
2275 2083 90 22 Astuce,
2370 2089 14 13 e
2389 2082 95 25 partiva
2501 2088 16 13 a
2530 2088 46 14 cac-

2112 2114 45 22 cia,
2172 2116 90 18 armatu
2273 2114 25 20 in
2313 2113 62 21 croci
2380 2120 9 14 :
2402 2112 69 26 fucili
2486 2119 15 14 a
2515 2112 61 26 triple

2113 2151 79 14 verrou
2199 2152 9 16 ;
2215 2145 109 21 carchera
2330 2144 110 25 francesa
2454 2144 92 20 inc’una
2552 2143 23 25 fi-

2113 2176 52 20 lara
2165 2179 25 17 ta
2202 2176 26 20 di
2239 2176 109 21 cartucci.
2356 2176 27 20 di
2398 2175 70 26 quale
2482 2181 15 14 u
2506 2174 70 25 fondu

2112 2207 28 20 di
2147 2207 88 21 lattonu
2249 2207 118 21 lüccicava
2383 2207 42 25 più
2439 2206 43 21 che
2494 2206 62 22 Voru,
2563 2211 13 14 e

2112 2238 86 21 vistutu
2206 2239 63 24 justu
2276 2245 67 14 cume
2359 2237 67 22 l’èroe
2434 2237 40 21 chi
2488 2236 88 21 Daudet

2112 2269 110 21 cimostra
2230 2270 25 20 in
2269 2276 28 15 cu
2314 2270 20 20 li
2339 2269 125 25 pantàloni
2471 2267 49 22 aila
2532 2273 44 15 cos-

2112 2300 45 24 cia,
2166 2301 11 20 i
2182 2301 79 21 stivali
2267 2302 57 22 neri,
2334 2308 17 13 a
2361 2304 63 17 vesta
2437 2307 16 14 a
2461 2299 94 23 stacchi,
2560 2304 14 15 a

2112 2332 63 21 cinta
2184 2333 103 20 turchina
2295 2339 17 14 a
2319 2332 79 26 gisgia
2406 2338 72 15 rossa.

2138 2364 109 25 Dunqua,
2255 2364 63 21 tutt’i
2325 2364 66 20 mani
2401 2363 98 26 quandu
2507 2361 67 22 l’alba

2111 2394 74 25 filava
2202 2401 15 14 u
2226 2398 78 18 nostru
2321 2395 101 21 Vincenti
2435 2394 102 26 partiva,
2549 2392 26 21 ti-

2112 2432 59 14 rava
2174 2426 42 25 più
2222 2427 41 20 che
2270 2429 68 18 centu
2345 2427 66 25 colpi,
2417 2429 113 18 stancava
2537 2423 10 21 i
2551 2428 23 15 so

2112 2457 100 23 bracchi,
2228 2461 114 17 stancava
2359 2457 61 21 eddu
2437 2460 79 19 stessu,
2539 2459 34 16 ma

2112 2488 102 22 caccia...
2223 2489 74 20 ohimè
2304 2489 35 21 !...
2352 2489 37 27 Qu
2388 2492 56 18 ante
2451 2486 94 26 n’aghiu
2552 2484 21 21 in

2112 2525 77 15 manu.
2204 2520 31 21 Di
2243 2526 95 15 manera
2345 2520 39 21 chi
2391 2517 181 24 Vincenti-Tarta-

2112 2550 36 20 rin
2156 2550 78 22 un’era
2244 2552 42 25 più
2297 2554 71 23 presu
2378 2558 17 14 a
2413 2558 17 14 u
2442 2550 60 21 seriu
2515 2546 58 23 cumè

2111 2582 129 21 cacciadori
2250 2589 13 14 e
2270 2582 151 26 quand’eddu
2434 2582 111 21 riintrava
2559 2583 14 14 a

2111 2619 60 17 sera,
2180 2620 40 14 era
2232 2621 16 13 a
2255 2614 39 21 chi
2301 2614 27 21 ni
2340 2614 27 21 ni
2374 2614 78 25 pud'ia
2466 2619 16 14 u
2495 2611 41 27 più
2549 2608 25 26 fà

2111 2647 67 18 senta
2185 2652 10 13 :

2137 2687 26 4 —
2173 2675 67 27 Quan
2241 2679 24 18 tu
2273 2677 42 20 n’a
2318 2680 78 22 presu,
2410 2677 14 20 ò
2436 2673 82 24 Vincè?

2136 2718 27 4 —
2171 2707 21 20 U
2198 2707 79 26 lagarè
2281 2708 95 21 almenu
2385 2714 16 14 u
2409 2704 116 24 nidicali?

2138 2738 66 20 Ancu
2229 2739 10 20 i
2253 2739 91 20 ziteddi
2366 2735 159 24 s’accudivani
2532 2737 43 22 par

2111 2771 99 23 gruppu,
2228 2776 15 14 u
2256 2770 121 21 suitavani
2390 2770 50 21 alla
2453 2774 28 15 so
2497 2771 53 17 casa
2562 2769 13 14 e

2112 2799 126 22 ciancendu
2248 2801 19 20 li
2273 2801 186 21 dumandavanu
2464 2807 7 13 :

2137 2842 27 5 —
2169 2831 114 22 Chicèna
2288 2839 153 17 carnazzera,
2447 2832 14 21 ò
2466 2832 23 21 zi
2499 2826 61 25 Vincè
2563 2824 11 21 ?

2138 2926 48 21 Ben
2204 2928 41 21 chè
2257 2929 111 21 vultendu
2382 2929 86 26 sempri
2483 2934 16 14 a
2516 2921 60 25 mani

2113 2958 58 21 biòti
2184 2960 33 19 da
2231 2967 15 13 a
2260 2961 88 24 caccia,
2365 2961 78 25 Rugni
2464 2957 112 24 cuntinua'

2113 2995 31 14 va
2160 2997 16 13 a
2191 2992 128 25 persiquità
2335 2992 86 21 torduli
2431 2998 13 15 e
2449 2987 89 30 pernici
2541 2983 36 24 chi

2112 3020 23 20 si
2145 3021 200 23 n’imbrizzavani.

2142 3052 34 20 Un
2179 3052 98 25 ghiornu
2288 3054 111 24 Vincenti,
2407 3061 40 14 avi
2456 3059 16 14 a
2482 3051 90 26 furtuna

2113 3082 28 20 di
2151 3084 68 20 cascà
2234 3088 106 18 annantu
2353 3092 15 14 a
2380 3092 31 14 un
2419 3079 138 31 cappiaghiu
2563 3082 12 13 e

2114 3114 55 20 n’un
2184 3116 84 24 cappiu
2285 3117 68 20 truvô
2364 3123 48 14 una
2423 3112 99 29 parnici,
2542 3107 32 22 chi

2114 3150 17 14 a
2136 3147 63 22 pena
2203 3149 76 22 presa,
2285 3154 42 13 era
2336 3147 86 26 sempri
2429 3147 55 20 viva
2494 3150 14 15 e
2513 3140 61 23 aMa'

2114 3181 31 14 va
2151 3175 32 21 da
2196 3183 15 13 u
2219 3177 101 26 disperu.

2139 3206 105 23 Ridendu
2252 3209 65 21 occhi
2331 3216 14 13 e
2353 3210 77 22 bocca,
2450 3201 97 28 Vincenti
2555 3203 18 15 si

2113 3238 64 23 presi
2189 3245 16 13 u
2222 3240 85 25 cappiu
2319 3241 54 20 incu
2387 3247 16 14 a
2412 3236 94 29 parnici
2521 3239 13 15 e
2552 3233 22 17 irt

2114 3273 26 14 se
2151 3271 72 19 stessu
2228 3270 57 21 dissi
2293 3278 9 13 :

2141 3308 24 5 —
2169 3299 32 21 Ni
2206 3300 183 27 junghiaraghiu
2397 3302 56 26 puri
2460 3303 47 18 una
2510 3296 12 21 l

2139 3330 41 20 Ma
2184 3334 46 22 par
2235 3332 27 25 fà
2272 3333 61 20 veda
2344 3333 99 22 ch’eddu
2451 3326 111 33 VaviatoJ
2559 3326 16 14 1'

2114 3360 33 21 bà
2161 3361 27 20 di
2200 3362 72 25 fucili,
2279 3363 133 26 appiccheti
2426 3370 18 14 a
2453 3365 47 24 par
2498 3354 46 25 nid
2559 3355 15 16 a

2115 3397 32 14 un
2159 3393 132 22 macchionu
2305 3395 122 23 d’arbitru,
2436 3387 138 27 s’alluntan*'

2116 3422 20 19 ti
2142 3422 27 21 di
2175 3424 78 25 cinqui
2255 3428 76 22 passa
2339 3429 15 16 è
2358 3426 40 25 pô,
2408 3429 51 22 pan
2464 3422 12 22 !
2477 3424 49 23 pun
2529 3415 11 22 i
2558 3417 8 14 1

2115 3459 26 14 ro
2148 3455 69 20 soit’à
2224 3455 80 22 I’occhï
2314 3463 84 14 amusa
2398 3456 19 21 ti
2423 3455 35 21 d’i
2464 3459 26 15 so
2497 3448 75 28 facarl"

2140 3484 42 21 Ma
2196 3485 11 20 i
2212 3486 101 21 baddini
2331 3486 129 26 capriciosi,
2475 3482 68 22 ihvect
2565 3477 8 14 *

2115 3514 94 22 schizzà
2221 3523 16 14 a
2243 3518 101 24 parnici,
2354 3518 104 21 tadetinu
2468 3520 16 15 u
2489 3508 51 30 pdù

2116 3551 17 15 u
2140 3548 84 24 cappiu
2229 3555 14 14 e
2247 3548 110 21 l’aceddu
2362 3548 150 26 prighiuneru
2517 3541 58 41 sCûr^

2114 3577 61 24 petti
2186 3580 59 19 tuttu
2257 3582 112 19 cuntentu
2385 3579 70 21 d’avè
2471 3571 81 28 rîprcsb

2116 3613 27 14 so
2150 3614 42 14 car
2190 3615 15 14 a
2211 3609 88 22 libertà.

2141 3638 99 25 L’affari
2250 3641 22 20 si
2283 3641 54 25 sapi
2346 3641 25 20 in
2377 3639 71 26 paesi
2452 3644 16 14 e

2119 3668 105 22 Tartarin
2237 3677 16 14 a
2267 3672 80 21 caccia
2366 3678 32 13 un
2422 3662 98 29 dandeti
2529 3663 18 20 P

2118 3699 50 20 mai
2167 3700 60 24 più!

2292 3738 105 23 Simonu
2407 3736 29 22 di
2445 3734 20 22 U
2475 3721 74 32 l*eccl

2141 3785 77 22 (parlatà
2225 3787 108 24 Sartìnese.)
