2550 3804
35 156 24 21 le
76 154 92 21 mostre
186 148 64 23 delle
268 143 99 24 librerie
388 141 100 21 italiane
500 139 5 20 !

36 188 97 21 Vedete
146 184 44 21 che
207 181 31 21 ad
251 183 79 17 essere
346 174 43 28 più
406 172 101 29 gallofih

36 221 26 20 di
75 217 51 23 cosi
137 216 20 21 si
171 219 80 22 crêpa.
266 210 47 25 Ma,
323 210 65 19 losse
401 205 77 21 anclie
486 204 22 20 la

33 253 86 24 lingua
127 247 67 28 degli
202 243 89 29 angeli,
298 238 209 30 quell'ostrogoto,

35 290 54 15 essa
98 287 51 16 non
161 278 66 23 s’affà
235 274 124 24 all’indole
369 271 40 21 del
425 270 83 20 nostro

37 316 110 22 Dialetto
154 320 6 13 :
173 317 49 16 non
235 309 13 21 è
261 307 78 22 adatta
348 311 13 14 a
367 304 94 20 vestire
470 300 39 21 del

37 354 45 16 suo
94 344 86 30 poppò
194 340 141 30 sgargiante
346 342 32 15 un
393 337 116 24 pensiero

36 383 105 25 pensato
154 378 26 20 in
191 379 82 17 corso.

65 410 135 23 Torniamo
209 413 14 14 a
235 402 145 27 Monsignor
391 399 64 21 délia
466 399 43 18 ho-

38 447 46 19 ata.
98 442 53 27 Egli
171 437 161 27 maneggiava
350 429 161 26 maestrevol-

38 478 82 21 mente
132 476 23 19 la
173 473 86 26 lingua
269 469 126 22 francese:
409 470 32 15 ne
461 462 48 21 fan-

38 515 33 16 no
83 508 57 22 fede
152 507 23 20 le
187 510 43 16 sue
243 499 115 31 pastorali
371 504 14 15 e
405 497 56 21 altri
477 495 34 20 la-

37 542 57 22 vori
107 538 82 23 scritti
201 538 25 20 in
239 536 83 26 lingua
334 533 113 21 francese
456 534 5 19 ;
472 532 39 16 ma

37 577 25 20 le
82 572 134 24 medesime
228 566 124 30 pastorali,
373 563 87 22 scritt-e
471 566 42 15 an-

40 608 45 21 che
96 607 25 20 in
134 606 83 24 lingua
235 600 106 23 italiana,
354 601 71 16 corne
438 598 74 16 usava

40 641 24 20 ai
76 638 55 22 suoi
144 634 85 26 tempi,
243 632 74 21 fanno
329 628 55 22 fede
394 626 65 21 délia
469 629 42 15 sua

40 672 154 26 padronanza
218 665 25 21 di
267 663 82 26 questa
372 660 93 25 lingua.
479 687 5 5 _
495 657 17 17 h

41 704 97 25 questo,
151 698 136 23 solamente
295 694 94 26 questo,
401 690 33 21 mi
448 692 64 23 spie-

42 743 30 14 o-a
82 736 23 21 la
117 731 103 29 perfetta
231 724 120 26 italianilà
363 723 63 21 délia
434 721 78 21 forma

40 769 42 22 nei
90 766 55 22 suoi
154 762 78 23 scritti
245 757 114 25 dialettali
372 752 140 25 secondola

40 801 94 25 parlata
146 797 39 21 del
196 799 45 17 suo
249 796 80 24 paese.
341 789 55 22 Non
405 793 34 15 un
450 786 62 20 fran-

42 833 108 22 cesismo
171 828 62 21 nella
256 830 43 16 sua
320 822 104 21 “Nanna
443 834 6 10 ,
467 822 46 22 pur

42 865 52 23 cosi
106 862 114 29 prolissa.
233 858 33 21 Vi
282 857 20 20 si
314 853 69 30 potrà
401 855 110 19 scovare,

42 899 29 25 si,
84 895 103 30 qualche
200 896 63 17 voce
275 889 24 22 di
311 888 92 26 lingua,
416 890 39 17 ma
475 887 38 16 so-

42 932 25 21 lo
86 930 26 21 di
125 927 81 28 quelle
218 923 58 22 voci
288 921 44 22 che
349 918 58 23 tutti
419 924 8 14 1
441 916 71 21 Corsi

44 963 140 27 capiscono,
197 964 14 15 e
224 957 47 21 che
279 960 48 16 non
340 953 82 21 danno
432 955 31 16 un
474 954 39 15 su-

43 1001 49 17 ono
104 994 61 22 falso
179 992 24 21 in
213 995 33 16 un
256 985 199 29 componimento
465 982 48 20 dia-

42 1028 94 23 lettale.

72 1060 55 22 Non
148 1057 120 23 facciamo
288 1059 29 15 un
337 1052 38 27 po’
387 1049 57 24 tutti
461 1054 52 17 cosi

44 1093 98 29 quando
154 1091 22 21 ci
189 1090 61 21 salta
263 1088 18 21 il
292 1086 73 28 grillo
377 1085 24 21 di
419 1082 94 28 parlare

44 1128 27 21 in
81 1127 76 27 punta
169 1124 24 21 di
205 1121 123 23 forchetta
335 1119 12 21 ?

312 1158 23 22 U
345 1155 141 23 Babbuziu.

98 1545 15 18 0
123 1545 58 17 Petru
188 1543 33 18 Pà.
231 1542 100 18 mandemu
339 1544 47 14 ancu
394 1539 34 18 noi
436 1543 11 13 a
455 1538 65 17 nostra

47 1571 76 22 îigliola
130 1575 12 12 a
151 1570 37 17 ’sse
196 1568 52 18 scole
256 1564 107 21 citladme!.

70 1605 24 4 —
97 1595 66 18 Lascia
171 1591 161 23 corre,.lascia!ne
340 1593 123 19 ampareranu
471 1592 50 14 sem-

47 1623 34 18 pre
89 1621 121 17 abbaslanza.

143 1696 129 25 Pedone
282 1694 153 25 Muvrinu

71 1750 77 19 PETRU
156 1750 24 18 DI
187 1748 77 19 3NT0LU.
273 1757 23 4 —
302 1746 109 19 Nicessariu
418 1744 104 19 fattu.Ria-

48 1776 53 23 grazj
109 1780 11 14 e
128 1775 67 18 saluti.

72 1810 22 17 F.
109 1808 114 20 BASTIÀNI.
231 1817 25 4 —
263 1807 45 18 Béni
310 1807 19 17 le
342 1805 95 23 piuttostu
450 1809 12 13 a
469 1803 54 18 setti-

48 1839 56 14 mana
112 1835 51 21 dopu
170 1839 6 16 ;
184 1837 91 14 averemu
285 1836 56 13 menu
349 1830 48 23 capi.
406 1829 115 18 Toccamate.

72 1867 132 19 MARCELLU.
213 1876 21 4 —
244 1866 53 18 Luna
314 1865 21 17 di
353 1864 51 18 mele
410 1869 7 12 :
431 1868 12 13 e
456 1862 68 19 eh’ella

52 1893 45 18 duri
104 1892 5 18 !

73 1925 118 19 MINICALE.
198 1935 24 3 —
231 1925 89 18 B’avemu
340 1923 70 18 scrittu
416 1927 6 17 ;
444 1921 79 18 lasciate

49 1961 54 14 eorre
111 1957 65 21 quella
183 1956 84 18 eiàntara
272 1955 5 17 !

76 1988 150 21 SILVESTR1NI.
235 1997 24 5 —
267 1988 45 17 Inno
319 1986 5 18 !
342 1991 26 13 un
381 1986 44 18 vale
442 1990 12 13 a
469 1989 54 17 pena.

53 2015 68 19 Saluti.

73 2049 23 18 G.
105 2049 21 18 L.
135 2047 65 19 SUSA.
209 2056 23 5 --
240 2047 29 18 Ha
277 2045 92 24 picchiatu
378 2049 50 14 ancu
437 2044 40 22 qui.
490 2043 35 17 Pa-

50 2076 43 21 tate
102 2074 117 22 largamenle
225 2072 5 18 !
238 2072 30 18 Un
277 2072 80 22 pudeinu
366 2070 35 18 che
409 2069 116 23 ringraziab-

52 2100 28 17 bi.

73 2132 60 18 LECA
141 2132 23 17 DI
172 2131 16 18 U
195 2129 114 20 FURCATU.
317 2138 23 4 —
347 2129 69 18 Fùimu
430 2133 12 13 a
455 2127 66 22 quellu

50 2157 105 19 battellü...
165 2161 29 13 ma
201 2155 100 22 iuquant’a
308 2153 103 19 seatulibbi
417 2158 5 13 :
437 2157 27 13 un
476 2152 18 18 ci
502 2152 21 17 fù

50 2183 63 18 Parte.
121 2181 125 19 Cunsulatevi
255 2181 21 17 in
284 2184 63 13 mezzu
354 2184 11 13 a
373 2177 128 23 ’ss’appinzati
506 2176 5 19 !

74 2215 120 22 PASQUALE
205 2213 124 19 MAKFRED1.
337 2222 22 4 —
366 2213 17 17 A
401 2212 22 18 vi
437 2212 74 17 duriate
516 2210 6 18 !

55 2241 110 22 Aspittemu
173 2239 76 23 qualchi
257 2238 128 18 scartafacciu.

78 2273 122 20 GHJSEPPU.
209 2283 24 3 —
241 2272 22 19 Ci
276 2272 58 18 vurrà
347 2271 45 18 dinò
407 2276 11 13 a
432 2269 93 19 stinzabbi

59 2298 116 20 l’orecchie?
183 2298 22 18 Di
213 2302 51 14 core.

82 2361 83 24 Quelli
176 2360 43 22 chi
234 2360 117 21 rieevenu
364 2359 24 21 A
406 2356 121 24 MUVRA

54 2407 18 17 e.
85 2401 75 22 ch’trn
178 2400 23 21 si
217 2399 93 21 volenu
328 2398 81 21 micca
425 2395 103 23 abbunà

53 2439 131 22 unn’ÌLanu.
191 2444 31 16 ca
228 2444 16 15 a
251 2436 117 23 ricusalla
374 2442 16 16 a
395 2443 19 15 u
418 2435 109 26 pedone.

152 2535 157 43 EIiEZIOflE
330 2531 226 45 SEflflTORiaitE
579 2530 34 36 DI
628 2528 20 36 II
671 2527 89 40 TO1TI
782 2523 143 43 OTTOBRE

158 2620 144 30 Delegati
310 2619 7 24 !

57 2664 30 22 Se
101 2665 44 21 voi
157 2666 53 19 sete
224 2664 30 21 di
267 2669 18 16 u
299 2663 116 28 rafâinu,

58 2697 31 22 Se
102 2699 42 20 voi
156 2703 35 16 un
202 2696 83 22 vulete
297 2696 42 21 che
349 2701 18 16 u
380 2695 30 22 bè
422 2695 28 21 di
462 2700 15 15 CL
491 2693 67 22 Cors
560 2694 49 23 ica,

57 2730 31 22 Se
100 2731 44 21 voi
152 2731 50 21 sete
215 2730 80 21 decisi
306 2735 15 15 a
327 2728 33 28 fà
373 2735 15 14 ci
398 2730 85 25 prova
495 2726 101 22 ch'omu
608 2730 36 17 un
652 2725 27 20 vi
687 2723 35 28 pò
735 2728 31 16 ne
778 2721 77 22 vende
866 2726 31 15 ne
908 2717 116 29 cumprà,

382 2784 137 25 Vutarete
535 2785 55 32 per
608 2781 12 25 i
638 2780 69 35 Sgiô

176 2841 117 29 Pauiü
315 2840 159 29 Dumer!

331 2889 199 30 Giürdanü
553 2886 195 31 Giordano

507 2936 118 30 Pattlù
653 2934 194 32 Lederlini

228 2989 55 27 Tre
301 2989 59 26 Cor
358 2988 28 26 si
402 2987 120 27 schietti
529 2988 9 24 !
559 2987 54 26 Tre
630 2986 59 25 omi
705 2985 34 26 di
755 2992 91 18 sanna
853 2985 12 24 !

86 3042 42 21 XJn
139 3040 27 22 vi
178 3040 187 22 dimenticarete
380 3038 39 22 chi
431 3038 38 21 voi
482 3037 86 21 duvete
579 3043 14 15 a
605 3036 7 21 i
624 3035 41 22 dui
678 3035 85 28 primi:
783 3040 13 15 a
809 3033 102 23 ferrùvia
923 3032 24 21 di
959 3031 71 22 Boni-

60 3074 62 22 faziu
138 3080 13 15 e
165 3073 23 21 di
202 3072 77 26 Sai*tè,
297 3073 7 21 i
318 3071 83 29 servizj
419 3070 121 22 marittimi
561 3069 145 29 rapidissimi
726 3075 13 14 e
754 3074 13 15 a
781 3067 46 22 bon
845 3069 75 26 pattu,
942 3072 13 14 e
968 3065 62 22 belle

59 3107 80 21 strade
153 3105 167 26 incadramate,
334 3112 13 14 u
361 3104 123 22 sanatoriu
498 3102 199 29 dipartimentale,
713 3108 14 15 a
741 3099 119 23 sictirezza
876 3099 23 22 in
914 3099 22 21 le
950 3099 57 21 ciltà
1017 3105 14 15 e

60 3140 24 21 in
99 3140 22 20 le
136 3145 137 22 campagne,
291 3145 13 15 a
317 3137 45 22 fine
377 3138 24 20 di
416 3144 13 14 e
445 3137 58 21 lutte
524 3135 124 30 puhtiche,
668 3142 15 15 u
698 3139 130 23 prugressa
848 3133 24 21 di
889 3131 141 26 lindustria,

62 3173 23 21 di
100 3180 15 14 u
130 3173 145 21 cummerciu
291 3178 12 15 e
317 3171 23 21 di
353 3170 172 28 l’agricultura,
547 3177 15 14 u
575 3169 100 28 rispetlu
690 3175 13 14 e
717 3174 14 15 a
746 3166 194 23 eunsiderazione
955 3165 39 21 chi
1007 3165 24 22 vi

62 3207 27 20 sò
100 3205 135 22 dimustrati
247 3205 30 21 da
290 3210 62 16 mare
366 3203 58 27 inlà,
434 3210 16 15 u
460 3203 161 22 risananientu
633 3201 24 22 di
669 3207 14 15 e
694 3199 97 30 piaghie
801 3207 6 19 ;

88 3242 139 21 Pensarete
242 3241 40 22 chi
297 3247 13 14 u
325 3242 64 19 terzu
404 3239 66 22 scala
484 3238 73 26 nudu,
573 3237 80 22 scalzu
669 3243 14 15 e
696 3235 109 23 scarselli
819 3235 75 27 biotu,
916 3241 37 15 ma
967 3235 64 22 riccu

61 3274 112 26 d’Ideale,
188 3274 24 21 di
227 3274 72 25 Fede,
313 3272 102 23 d’Onore
429 3279 14 15 e
454 3271 24 22 di
490 3271 105 22 Vuluntà
605 3279 6 15 ;
623 3272 88 27 prontu
724 3269 30 22 ad
766 3275 52 16 esse
833 3268 122 23 crocifissu
970 3268 37 28 pe’
1018 3274 14 16 a

62 3307 164 23 resurrezione
240 3306 81 22 Corsa.

166 3366 144 30 Delegati
318 3365 8 24 !

236 3408 52 23 Più
302 3408 43 22 che
358 3409 56 20 mai

333 3441 99 25 Pronti
451 3448 16 17 a
484 3439 27 26 fà
530 3440 37 25 da
583 3438 63 26 teni
662 3438 83 26 staffa
757 3439 6 24 !

236 3479 53 23 Più
302 3479 43 21 che
358 3480 56 21 mai

361 3511 75 26 Fieri
453 3511 91 26 d’esse
561 3510 62 26 nati
642 3511 73 25 corsi
727 3511 6 24 !

178 3555 98 30 Sempre
291 3555 23 22 di
328 3555 103 29 Landry,
447 3561 93 21 sempre
553 3560 44 23 per
609 3553 89 23 Pietriî

291 3587 95 29 Sempre
401 3588 24 22 di
440 3587 83 25 Pietri,
538 3593 93 23 sempre
646 3594 42 22 per
701 3587 109 27 Landry!

121 3623 105 27 Sempre
237 3622 122 25 cuntenti,
374 3628 13 14 o
400 3623 46 20 ira
456 3620 28 22 la
495 3620 74 23 leru!
579 3622 104 26 Sempre
694 3620 125 25 cuntenti,
833 3625 14 15 o
860 3620 44 20 ira
916 3617 26 21 la
953 3616 40 22 là!

701 131 254 60 Impicci
993 139 37 32 e
1079 117 260 57 mbrogli

536 257 91 22 Treni
635 261 16 15 e
659 254 112 26 bagoni
1020 255 3 31 j

559 293 70 21 Tuttu
646 292 94 19 diventa
758 286 125 23 abitudine.
901 284 66 19 Ancu
984 287 23 13 in

536 327 46 14 una
598 319 96 20 Corsica
711 318 60 20 duve
787 313 76 22 curria
884 318 13 13 a
914 312 93 18 numata

536 349 74 19 d’esse
617 346 81 25 gattivi
708 341 128 29 pagherini,
846 338 57 21 fussi
913 343 58 19 puru
980 342 28 13 eu

536 382 14 13 u
560 377 136 22 percettore,
714 371 77 25 oghie,
808 368 18 20 si
842 372 57 19 paga
913 365 23 19 in
949 367 59 16 tutta

536 401 131 22 occasione,
676 405 70 14 senza
755 394 102 23 truvacci
867 399 13 13 u
890 398 26 14 so
930 394 79 19 contu,

537 426 180 23 cuntentendusi
726 425 24 20 di
756 420 151 25 murmuginà,
914 425 43 13 cun
965 423 44 14 una

536 456 144 21 inchiuzzata
689 454 23 19 di
721 452 70 20 collu.
895 474 6 5 _

562 483 75 24 Dapoi
646 480 92 27 qualchi
747 483 87 19 tempu,
847 481 54 18 ogm
911 477 66 16 trenu
986 474 23 17 di

538 519 14 12 u
567 511 71 24 jornu
655 508 22 26 (o
693 508 22 20 di
734 514 12 12 a
764 508 64 17 notte
836 504 6 19 !
850 502 16 25 !)
884 501 85 20 rientre
985 506 23 13 m

537 537 94 26 Ajacciu
645 543 14 13 o
674 534 77 22 Bastia
766 539 26 13 eu
807 531 94 30 un’ora,^
910 535 30 13 un
950 533 38 14 ora
997 533 13 13 e

538 572 86 15 mezzu,
638 571 13 13 e
659 562 58 21 sin’a
726 561 54 20 duie
794 565 40 14 ore
847 557 23 20 di
883 555 86 21 ritardu
976 561 6 13 :
998 560 13 13 e

537 592 127 21 macchine,
681 588 89 21 fiacche
785 587 27 19 da
826 592 12 12 a
857 582 123 22 vecchiaia,
997 588 14 12 o

537 623 84 19 troppu
635 616 75 20 debile
720 615 35 24 pe’
764 620 12 13 a
784 613 32 19 so’
823 610 113 22 zitellina,
949 609 61 19 hanu

538 652 12 13 a
560 643 118 28 patanscia
686 648 13 13 a
708 648 14 13 e
730 640 92 20 cullate.
832 639 18 19 A
859 635 151 26 Cumpagnia,

538 678 42 18 per
594 669 95 21 evitassi
697 675 13 13 e
724 673 68 19 spese
799 663 166 22 ■—cioccli’ella
978 668 33 13 un

538 705 55 13 cura
602 697 55 20 inde
665 703 14 13 u
688 694 147 25 viaghiadore
876 697 30 14 un
916 690 19 20 si
943 696 68 14 serve

538 726 24 20 di
571 732 13 13 u
595 724 101 21 rinforzu
704 722 43 21 che
756 721 93 25 quandu
861 726 15 15 u
890 725 25 15 so
935 721 77 19 trepu-

538 753 124 25 cuppulata
670 749 132 25 s’arreghie.

564 780 70 21 Tuttu
644 779 68 20 unn’è
721 777 49 25 qui.
784 777 8 19 I
804 773 131 29 passaggeri
944 773 26 20 sò
978 773 35 20 in-

538 807 104 25 frugnati
655 813 13 13 a
682 804 142 23 muntuninu
839 803 57 20 sin’a
912 808 13 13 u
943 804 69 17 contu

539 836 105 20 indicatu
653 841 40 15 e,,.
701 833 59 22 sin’a
769 839 13 13 u
792 830 87 26 doppiu
887 830 5 19 !
907 830 19 22 A
938 829 74 25 jente,

539 871 42 18 per
590 870 31 13 un
631 865 64 22 parte
710 868 14 13 u
737 861 70 24 jornu
822 859 69 24 dopu,
905 858 107 19 s’accetta

539 898 61 14 ancu
609 897 32 14 un
651 895 83 15 scornu
744 895 13 14 e
765 888 18 20 si
793 888 50 19 face
851 885 72 26 quelli
932 890 25 15 20
966 891 13 13 o
987 884 26 20 5o

539 918 220 24 chilometri.pusata
769 919 70 17 nantu
848 921 13 13 a
869 912 143 24 so’valisgia,

539 954 14 14 o
561 954 29 15 un
599 946 129 25 pacchettu,
734 951 14 13 o
755 943 108 21 arritta.A
870 940 143 28 Cumpagnia

539 974 150 24 unn’allooga
697 980 15 15 u
721 973 34 20 so’
763 976 83 16 trennu
856 976 26 16 ca
892 969 93 25 quandu
1001 974 13 13 e

540 1006 67 22 porte
615 1002 30 19 d’i
660 1000 83 26 vagoni
759 1006 30 14 un
804 1005 61 22 ponu
879 997 38 25 più
932 996 82 20 chiode

540 1032 30 19 da
585 1029 82 21 ch’elle
685 1029 26 20 sò
727 1035 13 13 a
754 1032 69 20 tappu
842 1026 22 20 di
880 1024 106 25 transigli
1001 1030 13 13 e

540 1064 70 15 carne
618 1064 93 13 umana.

565 1087 72 21 Avale
646 1085 47 26 poi,
705 1085 25 20 in
739 1083 50 21 falti
798 1083 23 20 di
830 1082 98 26 pulezia,
941 1080 74 26 parlè-

540 1115 82 21 mune!
639 1114 77 21 Difesa
725 1113 23 22 di
756 1112 85 27 guardà
854 1118 13 13 u
883 1109 131 27 paesaggiu,

540 1150 42 19 per
588 1149 31 14 un
624 1141 127 26 ghiunghie
757 1146 57 20 çegu
819 1147 13 12 a
838 1136 178 26 dumiciliu-.pio-

541 1178 29 14 ve
577 1170 141 22 carbunella.
732 1168 44 21 Ghi
791 1167 94 26 viaghia
898 1167 24 20 in
936 1171 78 20 pannu

540 1200 81 20 chiaru
628 1199 71 25 jugne
708 1204 59 14 neru
776 1203 13 13 e
797 1197 29 24 pô
835 1199 70 17 mette
910 1195 28 19 da
945 1197 69 17 cantu

541 1235 13 13 a
563 1228 111 20 vestitura
682 1233 6 14 :
703 1233 13 13 a
725 1225 141 26 spazzuletta
879 1223 58 20 deve
948 1227 68 15 corre

541 1257 24 20 in
573 1256 17 20 li
599 1255 84 25 vagoni
692 1254 55 25 ogni
755 1253 80 21 sabatu
849 1255 77 20 santu,
939 1256 75 17 cume,

541 1291 14 14 a
572 1284 73 25 quelli
662 1282 71 25 tempi
751 1282 23 20 di
791 1281 89 20 Minutu
889 1279 96 23 Grossu,
1002 1284 13 14 a

541 1319 71 18 scopa
621 1313 23 19 in
654 1312 22 20 lu
687 1310 106 21 mullizzu
803 1308 104 21 casalinu
917 1307 23 19 di
954 1313 14 13 u
983 1307 33 19 so’

542 1339 164 25 stalbatoghiu.

568 1369 20 20 A
605 1367 130 21 marcanzia
749 1375 26 5 —
787 1365 93 20 vulemu
901 1363 63 25 parla
985 1362 30 19 d’i

543 1403 11 11 «
561 1397 99 24 bagages
664 1400 11 11 »
685 1406 26 5 —
726 1396 13 18 è
753 1394 137 20 incatastata
903 1396 69 15 senza
987 1389 30 20 ri-

543 1424 90 26 guardu
649 1424 35 26 pe’
692 1430 14 14 u
723 1422 76 22 splidu
813 1420 37 21 chi
865 1420 30 25 pô
908 1422 70 17 mette
992 1417 24 20 in

544 1453 81 20 bruma
634 1458 15 14 u
658 1449 92 25 debule,
765 1455 21 18 e,
799 1448 96 26 gbiuntg
905 1447 20 19 a?
935 1445 83 22 stazior

544 1487 31 14 ne
583 1480 88 23 vuluta,
681 1479 13 20 è
702 1478 105 25 capulata
816 1476 29 21 da
853 1475 24 21 in
887 1475 46 21 altu
946 1477 71 17 nantu

544 1509 8 20 i
562 1516 12 11 «
580 1508 68 25 quais
653 1514 19 17 »,
678 1507 34 20 sia
722 1504 143 24 vetru,farru
875 1510 13 12 o
896 1502 122 20 fruttama-

545 1540 61 17 tura.

570 1563 130 26 Aspittemu
717 1561 129 25 l’inguernu
864 1565 42 18 per
921 1559 97 18 sunnut-

546 1592 89 21 tàccine
643 1589 92 27 qualchi
743 1594 52 15 sera
803 1594 41 18 per
851 1586 39 21 ’ssi
905 1584 100 25 vangoni
1011 1590 7 17 ;

546 1626 38 14 ma
592 1625 83 15 mancu
689 1617 73 21 tandu
777 1616 20 20 si
811 1613 146 26 rugnicherà,
971 1619 13 13 e
998 1611 21 20 si

546 1648 51 21 fera
604 1654 15 16 a
627 1646 68 25 sqlita
711 1643 108 27 pagheiia
833 1649 29 14 eu
876 1648 13 13 a
903 1641 69 20 solita
986 1639 34 20 in-

547 1676 119 21 chiuzzata
675 1674 23 21 di
707 1673 69 23 collu.

572 1714 26 4 —
612 1704 65 19 Ancu
694 1702 25 19 di
736 1699 77 26 grazia
830 1698 37 22 chi
885 1697 36 23 np’
938 1701 81 15 avemu

547 1735 84 23 questu
639 1731 6 20 !
654 1730 57 20 ebbe
720 1736 14 12 u
744 1727 110 24 curaggiu
863 1725 24 20 di
895 1726 23 18 di
928 1731 33 13 un
971 1729 50 19 pas-

548 1765 97 21 saggeru
651 1758 37 20 chi
695 1757 32 20 s’a
729 1757 37 19 via
773 1755 56 20 fattu
839 1760 14 14 u
862 1752 160 25 viaghiu,sem-

548 1795 42 18 pre
597 1787 92 21 arrittu,
696 1785 29 19 da
732 1784 142 23 Bucugnanu
883 1781 28 19 ad
919 1779 101 25 Ajacciu,

547 1816 76 22 l’altru
630 1815 80 25 jornu,

574 1844 34 21 Ed
613 1849 56 14 eccu
674 1847 66 14 cume
745 1847 15 13 u
767 1839 72 25 Çprsu
846 1838 13 20 è
863 1836 157 25 rouspéteur!..

547 1900 114 19 Amore
669 1893 157 24 sufoitaniu

574 1935 20 21 U
604 1934 55 25 Sgiô
665 1932 110 22 Lederlin
781 1928 162 34 publjcheghia
951 1933 12 14 a
969 1926 55 20 titu-

550 1964 24 20 lu
589 1962 23 20 di
624 1965 146 21 programma
782 1964 31 14 un
828 1955 128 22 libricciolu
970 1960 29 13 eu
1008 1959 14 13 u

549 1991 33 20 so’
591 1990 103 21 rîtrattu,
709 1994 14 13 a
737 1985 86 21 so’vita
842 1981 136 23 industriale
995 1986 28 15 eu

549 2018 77 26 quella
641 2016 23 20 di
672 2015 66 20 tutt’a
755 2012 150 24 so’famiglia,
918 2016 13 13 u
947 2008 78 21 so’be-

550 2044 115 22 nemeritu
682 2045 102 24 passatu,
802 2047 13 13 u
832 2040 117 19 so’amore
966 2036 57 25 pe’u

549 2073 87 26 populu
646 2070 106 26 operaiu,
761 2067 79 23 infine,
849 2074 13 13 a
871 2066 33 21 so’
911 2065 46 20 vita
965 2063 59 25 puli-

549 2102 46 21 tica
603 2099 135 22 inchiudata
748 2104 13 13 a
770 2097 20 19 la
799 2095 48 21 fine
855 2095 28 19 da
892 2100 30 13 un
935 2092 90 24 disgus-

550 2134 23 17 tu
583 2135 40 19 per
631 2134 14 14 e
654 2126 69 26 Vosgi
737 2124 24 26 (u
774 2125 33 19 so’
819 2119 129 28 rughione),
958 2119 66 21 ch’el-

550 2159 24 19 lu
592 2155 106 22 rinuncia
713 2161 14 13 a
743 2153 53 20 vulè
812 2149 145 27 rapprisentà
974 2153 51 19 per-

550 2186 69 20 ché...
635 2183 87 21 unn’ha
731 2180 95 26 sapiutu
843 2176 133 22 ricunoscei
992 2176 32 19 so’

551 2212 77 22 meriti
636 2211 37 25 (i?)
931 2232 6 6 .

577 2241 58 20 Face
644 2239 45 22 chi,
699 2238 24 21 di
731 2237 75 26 eolpu,
816 2241 15 16 a
841 2240 25 18 ip
875 2241 13 13 o
897 2238 24 17 20
928 2233 63 26 jorni
1000 2233 23 18 di

551 2268 113 22 l’elezioni
678 2265 145 22 sénatoriale,
839 2263 119 20 ’ss’atnore
974 2267 29 19 pe
1015 2261 8 19 i

552 2296 77 26 popoli
646 2294 80 26 poveri
739 2293 69 20 ch’un
817 2291 21 20 si
855 2291 31 26 pô
897 2294 86 20 spegne
999 2288 24 19 in

551 2325 58 23 ellu,
617 2324 62 24 dopu
692 2329 31 13 un
731 2326 67 15 cerca
806 2326 13 13 e
826 2324 75 17 cerca,
909 2323 77 15 casca,
999 2316 24 21 in

552 2353 57 20 fatta
623 2352 46 20 fine
678 2349 76 26 sopr’a
763 2349 7 19 i
783 2347 77 21 miseri
874 2343 149 23 cursacchioli

553 2381 37 20 chi
599 2386 28 14 ne
638 2379 61 20 hanu
709 2380 67 17 tantu
785 2375 108 25 bisognu.
908 2391 4 3 .

577 2408 108 21 Allelluia
693 2407 6 19 !
718 2405 92 21 Corsica
819 2402 71 21 avrai
900 2404 48 22 pur
961 2402 64 18 trovo

552 2435 102 22 ilbene!
670 2433 56 21 Cusi
740 2433 63 19 disse
815 2429 112 22 Giordan,
936 2434 41 18 per
992 2433 31 14 un

1035 241 94 21 sedione
1137 238 37 21 chi
1182 238 16 20 li
1208 233 171 25 mancavajcusì
1389 233 49 19 fece
1447 232 59 20 Dou-

1035 275 55 16 mer,
1099 266 76 21 dendu
1185 273 12 12 a
1207 263 119 26 so’parola
1335 261 103 20 d’onore.

1061 296 17 20 E
1085 300 56 19 gran
1159 299 74 18 prove
1241 293 23 19 di
1280 288 149 27 quest’ultimi
1438 294 13 13 e
1464 286 42 20 cir-

1036 323 81 21 chemu
1124 327 92 17 sempre
1225 319 69 26 oghie
1303 323 27 13 eu
1340 322 14 13 u
1363 314 131 21 luminellu.

1059 349 101 21 Almenu
1166 347 47 23 chi,
1223 352 67 15 cume
1297 345 23 19 in
1329 343 22 20 la
1359 342 50 21 fede
1417 341 90 21 cristia-

1036 384 37 15 na,
1082 382 31 13 un
1125 374 20 20 ci
1156 375 75 23 voglia
1248 371 98 22 un’altra
1355 370 80 20 trinita
1452 369 53 25 pe’a

1036 405 103 20 salvezza
1161 401 124 24 spirituale
1300 406 12 12 e
1326 397 122 25 curpurale
1462 396 22 20 di
1498 395 6 20 i

1036 431 65 21 Corsi
1110 431 23 19 in
1144 430 98 19 malavia
1250 430 6 19 !

1061 459 31 20 Pô
1109 463 58 14 ancu
1185 457 72 20 dassi.
1274 454 85 21 Allora,
1375 460 14 13 o
1405 452 101 25 delegati

1035 485 69 24 corsi,
1122 484 82 20 cu’ssa
1221 487 111 22 speranza
1349 480 131 24 (senz’altre
1487 481 6 20 !
1498 479 9 26 )

1035 513 72 21 fatelu
1121 511 45 21 falà
1181 518 69 14 seccu
1259 516 43 19 per
1310 508 39 21 ’ssi
1363 509 76 20 tredii
1453 515 55 14 cun-

1037 540 54 21 colti
1106 539 24 20 in
1141 545 47 14 unu
1203 540 57 23 pe’a
1275 537 106 20 salvezza
1398 537 23 20 di
1435 537 72 20 Cirnu

1037 567 118 21 crucifissa
1170 566 29 20 da
1214 567 7 19 i
1236 566 32 20 so'
1275 565 84 24 figlioli
1372 565 106 20 stessü...
1495 572 13 13 e

1037 598 112 21 aspettate
1156 600 44 13 cun
1209 593 120 24 pazienza.
1339 592 57 20 Date
1409 593 55 24 perô
1471 594 37 19 un’

1037 622 104 20 occhiata
1150 628 32 13 au
1192 621 69 25 spinu
1270 620 23 20 di
1301 621 40 20 ’ssi
1350 621 91 23 messia,
1450 621 57 20 s’elli

1038 650 19 20 ci
1066 649 101 20 avissinu
1177 649 73 20 micca
1260 655 14 13 u
1283 649 92 20 zaniolu
1382 649 22 20 di
1413 656 12 12 e
1433 649 76 25 grazie

1037 683 95 19 appesu.
1141 676 70 21 S’ellu
1221 677 33 20 c’è
1261 683 6 13 :
1281 677 108 20 ciuttate!
1407 676 76 21 Tantu
1496 679 12 19 è

1038 712 41 18 per
1086 705 67 20 noi...

1038 757 207 21 Sollicitudine

1063 794 9 20 I
1081 794 98 25 giurnali
1188 794 22 21 di
1219 795 74 20 l’isula
1303 795 59 21 hanu
1372 796 137 25 publicatua

1038 826 113 21 seguente
1159 822 169 22 infurmazione
1335 831 7 13 :

1061 863 37 18 «Le
1112 863 67 19 Casino
1192 864 104 23 Municipal
1307 865 92 24 d’Ajaccio
1412 870 34 18 par
1458 866 51 17 auto-

1039 888 80 18 risation
1131 889 83 22 spéciale
1223 890 24 20 dp
1254 890 26 17 M.
1289 890 19 18 le
1315 891 88 20 Ministre
1411 892 25 17 de
1448 891 63 18 l’Inté-

1039 913 53 19 rieur
1100 919 11 13 a
1126 915 70 22 obtenp
1204 916 25 17 de
1241 917 100 21 rapporter
1354 917 10 18 à
1373 917 18 17 la
1403 917 43 18 date
1455 917 24 18 du
1488 915 22 19 10

1039 940 103 18 novembre
1158 940 46 18 1929
1217 941 20 17 la
1251 941 106 18 fermeture
1370 942 33 18 des
1418 942 57 18 salles
1487 942 24 17 de

1038 964 45 22 jeux
1090 965 35 21 qui
1132 966 66 18 devait
1205 966 57 18 avoir
1274 966 40 19 lieu
1321 967 19 17 le
1348 966 23 19 10
1379 967 76 18 octobre
1466 971 45 18 pro-

1039 990 63 18 chain.

1061 1014 25 19 Ce
1099 1016 50 18 délai
1157 1018 105 20 permettra
1274 1018 24 17 de
1312 1018 75 18 fournir
1402 1022 38 14 aux
1457 1022 54 14 nom-

1039 1040 60 18 breux
1109 1041 90 19 touristes
1207 1042 34 23 qui
1249 1043 80 18 visitent
1338 1043 17 18 la
1360 1042 57 19 Corse
1425 1043 29 18 fin
1461 1043 51 18 octo-

1039 1065 35 18 bre
1081 1067 20 16 et
1108 1066 59 18 début
1180 1068 105 18 novembre
1300 1069 33 17 des
1341 1068 124 18 distractions
1478 1068 34 22 qui

1040 1091 145 19 contribueront
1192 1093 11 17 à
1216 1093 31 18 les
1261 1093 74 18 retenir
1348 1094 104 21 davantage
1465 1093 47 17 dans

1040 1117 53 18 notre
1101 1117 54 21 ville,
1164 1118 55 22 grâce
1228 1118 12 18 à
1247 1118 81 19 l’attrait
1336 1123 36 18 que
1380 1118 89 23 présente
1476 1122 37 13 no-

1042 1143 28 17 tre
1078 1143 118 22 magnifique
1204 1143 148 19 Etablissement
1359 1143 109 25 municipal.
1476 1149 9 10 »

1065 1182 10 20 I
1084 1182 97 21 ministri
1194 1183 204 21 mariannuneschi
1415 1184 26 20 sò
1450 1182 61 27 pieni

1041 1210 50 20 zeffi
1099 1210 24 20 di
1132 1211 44 20 bon
1185 1212 53 20 vulè
1246 1212 134 24 quand’ellu
1389 1212 95 25 s’agisce
1490 1213 22 20 di

1041 1239 113 20 cuserelle
1162 1240 39 25 più
1211 1246 14 14 o
1235 1246 69 14 menu
1310 1240 111 26 juvevule
1429 1246 15 15 o
1455 1247 58 15 ancu

1041 1266 91 22 nucive.

1065 1293 37 21 Ma
1120 1296 29 23 pè
1164 1301 13 13 e
1186 1296 88 23 strade,
1290 1302 14 13 u
1321 1299 76 20 trenu,
1406 1296 8 19 i
1431 1296 82 25 servizj

1043 1322 119 20 marittimi
1177 1329 13 13 e
1204 1323 156 20 altrecusone
1373 1323 38 25 più
1421 1323 42 20 che
1476 1330 39 13 ne-

1042 1350 129 24 cessarie,ci
1180 1355 100 20 portanu
1288 1350 73 21 difole
1370 1351 23 20 in
1403 1357 110 18 canzone,

1042 1378 123 24 quand’elli
1174 1385 32 14 un
1215 1379 21 20 ci
1245 1379 117 20 mandanu
1372 1385 12 13 a
1393 1378 121 25 fà'Ieghie.

1042 1432 29 19 U
1080 1431 165 20 “Bistouri”
1253 1435 17 16 e
1279 1436 21 15 a
1307 1432 152 23 Spazzura

1068 1467 25 21 In
1102 1473 46 17 una
1161 1472 94 18 recente
1264 1468 90 23 Jettera,
1361 1468 134 21 indirizzata
1502 1474 13 14 a

1043 1501 31 14 un
1083 1495 131 24 présidente
1223 1496 22 20 di
1259 1496 89 20 sucietà
1357 1502 76 17 corsa,
1447 1503 15 13 u
1470 1496 46 20 dis-

1043 1522 58 20 tintu
1117 1523 63 20 Duca
1195 1523 74 21 Pozzo
1277 1523 24 21 di
1310 1524 75 25 Borgo
1397 1524 119 25 s’esprime

1045 1551 48 19 cusi
1100 1557 6 13 :

1065 1588 39 18 «En
1117 1590 87 17 rentrant
1217 1590 24 18 de
1254 1595 80 18 voyage,
1349 1590 18 22 je
1381 1591 67 17 trouve
1461 1590 56 18 votre

1044 1614 57 17 lettre
1110 1615 20 16 et
1141 1615 125 21 m’empresse
1274 1616 24 17 de
1310 1619 49 14 vous
1372 1616 89 17 adresser
1473 1619 44 14 mon

1045 1638 91 18 adhésion
1149 1644 24 12 au
1182 1639 74 19 Comité
1270 1641 24 17 de
1307 1640 103 23 Patronage
1418 1644 37 18 que
1467 1644 50 14 vous

1045 1668 45 13 avez
1100 1668 25 14 eu
1132 1664 121 19 l’excellente
1264 1665 43 18 idée
1314 1666 24 17 de
1346 1665 73 18 fonder.
1434 1665 34 18 S’il
1476 1669 42 18 par-

1045 1689 56 18 vient
1108 1690 11 17 à
1127 1689 87 23 extirper
1221 1690 26 18 du
1257 1691 28 17 sol
1294 1691 23 17 de
1324 1692 56 16 notre
1393 1690 124 18 malheureux

1046 1719 45 18 pays
1099 1716 51 16 cette
1157 1715 99 18 mauvaise
1262 1716 58 17 herbe
1327 1716 33 22 qui
1368 1720 12 13 a
1387 1720 44 13 nom
1438 1716 20 17 la
1465 1715 53 23 Poli-

1046 1739 53 22 tique
1110 1740 20 17 et
1137 1740 33 21 qui
1179 1740 72 19 étouffe
1265 1741 19 18 le
1292 1738 37 20 bon
1335 1738 4 7 1
1344 1741 54 22 grain
1406 1741 33 22 qui
1454 1745 25 13 ne
1487 1741 32 23 de:

1046 1764 106 18 manderait
1159 1766 42 21 qu’à
1213 1770 87 18 pousser,
1315 1767 31 17 cet
1352 1766 108 22 organisme
1473 1770 45 13 aura

1047 1789 43 18 bien
1098 1789 68 19 mérité
1174 1791 24 17 de
1205 1790 90 21 la;Petite
1303 1791 70 18 Patrie.

1068 1815 77 21 Inutile,
1155 1815 11 17 à
1174 1820 44 13 mon
1227 1820 52 17 sens,
1288 1816 24 18 de
1320 1816 90 18 chercher
1424 1816 11 17 à
1442 1816 77 18 relever

1047 1840 19 17 la
1073 1839 63 22 Corse,
1145 1840 18 18 si
1170 1845 25 13 en
1202 1840 40 19 tête
1250 1842 34 17 des
1292 1841 91 18 réformes
1391 1841 11 18 à
1410 1841 108 22 accomplir,

1048 1870 25 13 on
1086 1865 89 19 n’inscrit
1182 1870 34 18 pas
1227 1867 49 18 celle
1283 1867 33 22 qui
1324 1867 29 17 les
1360 1867 77 17 résume
1445 1867 73 17 toutes:

1047 1890 20 18 la
1074 1890 82 19 réforme
1164 1891 25 18 de
1196 1891 167 18 nos'abominables
1367 1891 99 24 poliligues
1473 1891 47 18 dont

1048 1916 95 20 certaines
1147 1916 155 19 manifestations
1306 1917 109 22 pourraient
1419 1916 49 18 faire
1473 1916 48 18 croi-

1049 1946 21 13 re
1077 1942 56 21 qu’en
1141 1941 61 18 même
1209 1943 63 20 temps
1278 1946 38 19 que
1323 1946 22 13 sa
1352 1941 126 21 subsistance,
1486 1946 35 14 nori

1049 1967 27 18 tre
1084 1965 45 19 belle
1145 1966 27 19 Ile
1179 1966 45 17 dont
1231 1971 46 13 naiis
1286 1971 75 14 sommes
1368 1966 19 17 si
1398 1966 55 23 fiers,
1464 1966 27 18 est
1497 1971 23 12 en

1049 1990 48 20 train
1102 1990 23 18 de
1129 1990 67 25 perdre
1203 1991 28 18 les
1238 1990 97 19 traditions
1344 1990 98 19 d’honneur
1450 1989 33 24 gui
1489 1991 32 17 ont

1047 2015 39 23 fait
1094 2015 19 19 la
1120 2016 92 22 grandeur
1216 2015 24 18 de
1243 2017 53 18 noire
1304 2020 49 14 race.

1070 2041 15 17 II
1093 2042 31 17 est
1131 2041 60 22 grand
1197 2042 61 21 temps
1267 2041 66 23 d’agir,
1340 2042 20 17 et
1366 2041 108 18 attribuant
1477 2041 43 21 plus

1049 2066 23 18 de
1080 2067 69 18 vertus,
1153 2066 12 18 à
1174 2066 20 17 la
1201 2066 89 23 ebirugie
1302 2066 43 23 qu’à
1355 2066 20 17 la
1388 2065 101 22 médicine,
1502 2066 19 22 je

1048 2091 99 23 préconise
1154 2091 28 19 les
1191 2092 71 21 grands
1270 2095 78 20 moyens
1355 2096 4 13 :
1368 2095 34 18 pas
1407 2091 25 17 de
1436 2091 85 18 remèdes

1049 2117 91 17 calmants
1154 2116 35 22 qui
1201 2117 83 18 laissent
1296 2116 94 19 subsister
1397 2116 18 18 le
1428 2116 38 18 mal
1479 2117 43 16 tout

1049 2146 23 14 en
1086 2142 100 17 atténuant
1199 2146 32 14 ses
1240 2141 158 18 manifestations.
1412 2141 42 18 Une
1461 2142 62 17 bonne

1049 2167 105 22 opération,
1163 2167 11 18 à
1182 2171 49 18 coup
1238 2168 24 17 de
1270 2166 84 19 bistouri
1361 2171 26 13 ou
1395 2167 24 17 de
1426 2166 57 21 balai,
1498 2171 24 13 au

1050 2192 90 19 choix...»

1051 2233 134 22 “Bistouri”
1201 2241 14 13 e
1224 2240 109 20 spazzura
1350 2233 19 20 si
1387 2232 134 21 chiamanu:

1048 2262 195 21 Autonomia.

1075 2290 75 23 L’altri
1158 2290 92 21 rimedii
1257 2292 26 19 sò
1289 2289 84 26 alloppj
1381 2296 13 13 o
1401 2287 122 27 impiastri.

1077 2385 147 22 L’Avucatu
1247 2385 122 26 Rerthon,
1393 2384 128 22 difensore

1050 2418 28 21 di
1090 2424 16 15 a
1121 2418 149 22 Minuranza
1286 2418 128 21 alsaziana
1432 2419 89 20 contru

1050 2458 16 15 a
1077 2451 148 22 Minuranza
1237 2457 85 16 corsa.

1193 2512 85 24 Dont
1296 2512 83 24 Acte

1077 2582 20 20 U
1104 2582 57 25 Sgiô
1173 2582 90 21 Versini
1275 2582 23 19 ci
1304 2584 73 22 prega
1390 2581 28 19 di
1425 2580 98 25 publicà

1042 2628 3 3 .
1050 2616 17 13 a
1074 2613 111 21 seguente
1196 2611 35 19 ris
1228 2612 72 23 posta
1312 2616 16 13 a
1341 2610 17 19 V
1357 2609 102 20 articula
1471 2609 28 19 di
1507 2615 16 13 u

1051 2637 57 25 Sgiô
1115 2638 71 21 Petru
1193 2637 268 25 Alessandri.puhliçatu
1469 2643 24 16 m
1499 2636 24 22 lu

1051 2668 79 18 nostru
1135 2672 98 15 numeru
1240 2666 28 20 di
1272 2672 15 14 u
1294 2665 26 21 15
1326 2666 127 20 Seftembre
1458 2671 9 14 :

1107 2720 24 21 A
1142 2719 131 22 Monsieur
1286 2719 25 22 le
1320 2718 151 23 Professeur-

1160 2753 90 22 Pierre
1266 2752 153 22 Alessandri

1077 2814 18 20 A
1103 2814 23 19 la
1135 2813 68 20 lettre
1212 2813 109 20 modérée
1330 2818 45 18 que
1382 2812 23 25 je
1413 2811 33 21 lui
1463 2811 63 20 avais

1053 2842 109 20 adressée
1170 2847 59 19 pour
1237 2840 113 21 défendre
1358 2839 124 21 l’honneur
1496 2840 30 20 du

1051 2870 54 25 jury
1113 2870 55 20 dont
1177 2869 77 25 j’étais
1263 2868 22 21 le
1293 2868 124 21 secrétaire
1425 2868 101 25 général,

1054 2902 23 18 et
1084 2898 40 28 qui
1131 2904 14 14 a
1154 2897 73 21 rendu
1234 2903 30 14 en
1274 2902 43 15 son
1325 2898 52 19 âme
1383 2900 21 17 et
1409 2896 119 21 conscien-

1054 2932 27 16 ce
1097 2932 32 14 un
1138 2926 63 20 arrêt
1215 2931 56 14 sans
1280 2925 67 25 appel
1362 2924 57 20 dans
1433 2924 94 21 l’affaire

1054 2954 30 20 de
1091 2954 81 20 Maître
1178 2952 113 24 Berthon,
1300 2952 30 21 M.
1338 2952 78 20 Pierre
1424 2952 105 21 Alessan-

1054 2982 35 21 dri
1104 2981 88 25 répond
1209 2987 42 18 par
1265 2987 47 14 une
1326 2981 97 20 diatribe
1436 2980 93 21 incohé-

1055 3013 65 17 rente
1128 3013 24 16 et
1158 3008 118 26 grossière
1288 3012 24 17 et
1319 3009 30 20 où
1357 3008 18 20 il
1383 3011 64 18 tente
1456 3009 28 20 de
1492 3015 36 14 me

1056 3038 78 20 lancer
1142 3043 43 14 son
1190 3036 175 21 venin.Comme
1371 3036 22 21 le
1398 3040 95 22 serpent
1500 3037 28 20 de

1056 3066 21 20 la
1085 3066 119 23 Fontaine,
1222 3064 17 20 il
1247 3068 56 17 veut
1311 3071 82 19 ronger
1400 3065 23 20 la
1431 3065 63 24 lime,
1505 3069 23 16 et

1056 3100 29 14 en
1093 3094 105 25 l’espèce,
1207 3093 119 25 grignoter
1333 3094 152 20 moralement
1492 3099 36 15 ma

1056 3122 102 21 modeste
1166 3121 167 25 personnalité.

1081 3149 60 21 Tout
1149 3156 28 14 en
1187 3153 141 16 conservant
1337 3155 53 14 mon
1396 3155 58 19 sang
1460 3148 68 23 froid,

1057 3181 23 17 et
1090 3178 109 24 quoique,
1213 3178 68 20 selon
1297 3177 87 23 Pascal,
1393 3177 21 20 le
1423 3177 46 20 moi
1483 3176 47 20 soit

1057 3206 124 24 haïssable,
1193 3206 25 25 je
1231 3206 49 20 suis
1288 3205 53 19 bien
1355 3204 85 24 obligé,
1450 3207 23 16 et
1483 3203 47 24 j’en

1057 3234 114 21 demande
1188 3234 91 24 pardon
1296 3238 45 13 aux
1356 3231 102 19 lecteurs
1466 3230 29 19 de
1509 3230 22 19 la

1058 3261 90 23 Muvra,
1156 3262 30 20 de
1194 3259 109 26 rappeler
1311 3265 48 14 mes
1367 3258 68 19 titres
1442 3258 15 19 à
1465 3257 68 20 l’esti-

1059 3296 35 14 me
1103 3290 34 21 de.
1147 3288 113 25 l’opinion
1269 3286 120 25 publique,
1403 3288 101 20 surtout,
1518 3285 14 20 à

1058 3317 59 20 celle
1133 3317 29 18 de
1179 3319 50 15 mes
1241 3313 69 25 phers
1326 3313 173 23 compatriotes.
1513 3313 19 20 A

1060 3345 66 23 vingt
1133 3347 50 18 ans,
1190 3341 25 24 je
1224 3340 38 20 fus
1271 3340 123 20 secrétaire
1401 3344 26 16 et
1433 3340 101 20 collabo-

1059 3375 77 17 rateur
1144 3369 30 19 du
1181 3368 92 20 célèbre
1279 3367 114 20 historien
1400 3368 87 19 Aulard
1493 3368 40 24 qui

1059 3398 118 20 m’honora
1187 3396 28 20 de
1228 3402 25 14 sa
1263 3394 119 21 confiance
1394 3396 105 20 absolue.
1514 3397 20 19 A

1059 3425 66 24 vingt
1141 3424 60 20 deux
1218 3429 52 18 ans,
1276 3423 25 25 je
1317 3428 37 14 me
1370 3422 90 25 lançais
1476 3424 58 20 dans

1059 3453 87 19 l’arène
1159 3451 115 25 politique
1282 3454 24 16 et
1316 3450 32 25 j’v
1356 3450 106 21 débutais
1475 3458 60 14 com-

1060 3486 36 14 me
1111 3478 121 25 président
1245 3479 54 20 d’un
1308 3477 90 21 Comité
1410 3483 24 16 et
1447 3485 88 15 comme

1060 3507 124 20 secrétaire
1200 3507 90 25 adjoint
1313 3506 30 20 du
1360 3505 90 22 Comité
1467 3508 30 19 de
1513 3508 21 20 la

1061 3533 161 21 Consultation
1236 3534 127 23 nationale,
1379 3535 108 24 composé
1495 3536 40 20 des

1061 3562 54 24 plus
1120 3561 84 20 hautes
1213 3562 120 21 sommités
1348 3562 57 21 delà
1415 3563 76 20 droite
1504 3563 30 20 du

1062 3589 137 21 Parlement.

1085 3617 58 21 Lors
1151 3618 31 21 du
1192 3617 170 26 Boulangisme,
1369 3618 78 25 j’étais
1455 3618 22 21 le
1485 3619 53 20 chef

1547 2384 24 16 et
1578 2380 22 20 le
1609 2379 160 21 conférencier
1776 2380 29 20 de
1813 2380 22 20 la
1841 2380 110 25 jeunesse
1960 2381 60 24 d’op-

1547 2408 110 24 position,
1666 2412 24 15 et
1697 2408 19 20 si
1726 2414 26 14 ce
1760 2408 59 24 parti
1828 2408 63 20 avait
1897 2408 123 24 triomphé,

1548 2435 31 20 M.
1587 2436 78 19 Pierre
1669 2435 135 20 Alessandri
1810 2436 142 20 solliciterait
1957 2436 63 20 hum-

1549 2463 102 20 blement
1659 2469 37 14 ma
1705 2463 127 25 protection
1842 2469 58 19 pour
1909 2470 31 13 un
1953 2470 69 14 avan-

1548 2495 92 16 cement
1654 2497 45 16 que
1708 2491 101 20 d’autres
1822 2491 146 25 professeurs
1983 2492 39 20 ob-

1548 2519 107 20 tiennent
1663 2525 41 18 par
1713 2519 41 20 des
1763 2525 113 19 ouvrages
1894 2525 129 19 remarqua-

1549 2547 58 22 bles,
1617 2553 41 19 par
1666 2547 42 20 des
1718 2551 95 16 travaux
1821 2547 157 26 scientifiques
1992 2555 29 13 ou

1549 2581 42 19 par
1598 2575 242 25 l’éloquence,comme
1848 2576 34 20 les
1891 2575 92 24 Lausse,
1988 2576 34 21 les

1550 2602 68 24 Caro,
1627 2603 34 20 les
1670 2603 127 23 Berthelot,
1806 2603 35 20 les
1854 2603 123 24 Hauvette,
1987 2604 34 20 les

1550 2630 115 24 Curie,les
1671 2631 95 25 Faguet,
1773 2631 34 20 les
1813 2631 112 26 Bergson,
1931 2632 33 20 les
1969 2632 54 20 Car-

1550 2665 36 14 co.
1595 2659 34 20 Au
1638 2659 66 25 point
1712 2659 29 19 de
1750 2665 43 14 vue
1800 2665 74 18 corse,
1882 2660 48 25 j’ai,
1938 2660 29 20 de
1973 2660 51 24 1898

1550 2687 14 20 à
1573 2691 57 20 1914,
1646 2690 135 21 appartenu,
1791 2693 91 15 comme
1896 2688 127 25 président,

1551 2720 88 15 comme
1644 2715 125 20 secrétaire
1774 2716 191 24 général,comme
1971 2722 53 15 con-

1550 2741 121 25 férencier,
1689 2744 13 19 à
1715 2746 76 17 toutes
1805 2744 33 19 les
1855 2744 168 25 organisations

1551 2770 58 20 dont
1622 2771 21 20 le
1652 2771 70 20 noble
1732 2771 41 20 but
1785 2771 55 20 était
1848 2772 22 19 le
1884 2772 139 21 relèvement

1552 2802 24 16 et
1584 2798 22 20 la
1619 2799 115 24 grandeur
1742 2799 28 20 de
1784 2803 68 16 notre
1860 2800 70 20 chère
1943 2799 79 22 Corse.

1551 2826 30 20 Je
1600 2827 91 20 soutins
1709 2827 73 20 même
1799 2831 60 16 cette
1879 2828 60 20 belle
1956 2834 68 15 cause

1553 2854 58 21 dans
1625 2861 31 14 un
1671 2855 103 25 journal,
1793 2859 21 16 et
1828 2856 13 19 à
1854 2862 48 15 mes
1916 2855 63 25 frais,
1994 2863 29 14 en

1553 2887 60 20 1902.

1578 2910 53 24 J’ai,
1637 2911 91 24 depuis,
1735 2915 21 17 et
1764 2918 89 14 comme
1861 2912 29 21 de
1897 2913 127 20 nombreux

1553 2938 120 25 militants,
1691 2941 100 19 rénoncé
1800 2940 13 20 à
1824 2946 46 15 une
1879 2941 58 20 lutte
1947 2941 78 20 stérile

1554 2972 41 19 par
1612 2967 61 20 suite
1685 2967 28 20 de
1730 2967 168 22 l’indifférence
1914 2969 41 19 des
1972 2974 54 18 pou-

1554 2995 65 20 voirs
1633 2995 90 25 publics
1740 2997 13 18 à
1770 2996 83 25 l’égard
1868 2997 29 18 de
1912 3000 67 15 notre
1994 2996 31 19 île

1554 3023 54 20 bien
1617 3023 74 20 aimée
1699 3029 29 14 en
1737 3023 66 25 proie
1819 3030 45 13 aux
1872 3023 100 20 factions
1986 3023 39 24 qui

1554 3051 22 19 la
1584 3051 121 20 déchirent
1713 3057 58 19 pour
1778 3051 23 20 la
1815 3051 142 21 satisfactioir
1967 3057 28 13 ou
2005 3050 20 20 la

1554 3079 77 20 vanité
1646 3079 29 19 de
1688 3078 127 24 dirigeants
1832 3078 126 25 politiques
1972 3083 53 14 sans

1554 3106 126 24 grandeur.
1686 3105 29 20 Je
1723 3109 61 17 reste
1792 3106 101 19 militant
1900 3104 126 25 socialiste,

1555 3137 24 16 et
1593 3139 37 14 ma
1639 3134 97 23 vigueur
1750 3136 35 17 est
1794 3139 84 14 encore
1886 3138 66 14 assez
1968 3132 60 21 forte

1556 3167 60 17 pour
1630 3161 50 24 agir
1695 3160 129 23 utilement,
1842 3160 59 20 mais
1916 3159 24 25 je
1956 3166 71 18 pense

1556 3193 56 14 sans
1627 3193 64 14 cesse
1698 3188 13 19 à
1720 3187 22 20 la
1756 3187 73 20 Corse
1843 3187 39 25 qui
1892 3193 29 14 ne
1938 3192 90 21 compte

1556 3221 42 18 pas
1607 3220 39 14 sur
1655 3220 30 14 un
1700 3214 79 20 Pierre
1787 3215 135 20 Alessandri
1936 3221 59 19 pour
2006 3217 22 20 la

1556 3241 201 25 galvaniser,mais
1765 3248 40 14 sur
1812 3249 31 13 un
1850 3242 27 21 de
1883 3249 38 14 ses
1929 3243 98 26 enfants,

1558 3273 23 17 et
1587 3269 56 21 sorti
1652 3269 27 20 de
1688 3275 38 15 ses
1739 3270 124 23 entrailles,
1873 3278 32 14 un
1924 3277 104 16 nouveau

1558 3295 81 21 Pascal
1649 3296 74 23 Paoli,
1733 3300 156 18 restaurateur
1897 3298 30 20 de
1933 3304 43 14 son
1990 3305 40 14 au-

1559 3325 102 20 tonomie
1676 3325 183 21 administrative
1876 3330 24 17 et
1915 3328 116 20 économi-

1559 3359 53 17 que,
1620 3352 58 20 mais
1688 3352 58 21 dans
1753 3353 23 20 le
1784 3353 68 21 cadre
1860 3354 29 20 de
1898 3354 22 20 la
1934 3354 95 25 France,

1559 3383 66 17 notre
1633 3379 62 21 Mère
1701 3380 109 25 Patrie,et
1815 3388 12 13 a
1836 3381 100 25 laquelle
1944 3382 44 20 elle
1996 3386 35 17 est

1559 3407 220 22 indissolublement
1786 3409 44 20 liée
1838 3409 84 25 depuis
1929 3409 21 19 le
1957 3410 72 24 grand

1559 3433 129 25 Napoléon.
1696 3432 31 27 (1)

1719 3463 91 23 Pierre
1818 3464 113 23 Versini.

1670 3500 72 18 Avocat
1754 3501 27 16 du
1788 3500 79 18 barreau
1875 3500 99 23 d’Ajaccio.

1655 3525 99 18 Président
1761 3525 104 18 d’honneur
1872 3525 28 17 du
1907 3525 85 22 syndicat

1671 3547 35 18 des
1716 3548 78 17 avocats
1805 3547 34 18 des
1849 3547 94 18 barreaux
1953 3547 25 17 de

1700 3572 72 19 France
1782 3573 21 17 et
1813 3572 33 18 des
1856 3572 92 18 colonies.

1578 3607 19 18 (1)
1606 3608 78 14 Lasciemu
1691 3611 10 11 a
1707 3611 11 11 n
1726 3607 36 18 Sgiô
1768 3607 61 16 Versini
1843 3610 9 12 a
1865 3607 118 19 rispunsabilità
1995 3608 17 16 di
2023 3614 10 10 a

1561 3629 18 11 so
1585 3627 72 18 profezia.

1733 103 566 50 Centralizzazione

1558 228 98 21 Avemu
1676 227 118 21 ricevutu
1813 230 17 16 11
1848 230 61 16 resu
1925 224 77 21 contu

1531 259 172 28 stenogroficu
1716 259 29 22 di
1755 264 17 16 11
1792 254 148 31 Cungressù
1957 261 46 16 au-

1532 293 141 21 tonomiste.
1686 292 28 21 di
1725 292 107 21 Rennes.
1853 291 38 22 Ne.
1902 292 100 20 traemu

1530 325 32 28 pè
1574 332 8 15 1
1594 326 86 21 nostri
1697 325 92 22 lettori
1797 330 13 15 s
1812 326 28 20 tu
1852 324 84 22 branu
1946 323 28 21 di
1985 327 17 16 u

1531 359 140 27 maqnificu
1693 365 12 14 e
1727 358 136 22 istruttivu
1885 357 118 22 discorsu

1532 392 29 21 di
1572 398 17 15 u
1602 393 93 20 nostru
1708 392 85 21 amicu
1806 391 133 28 Mauriqiu
1949 390 54 21 Du-

1533 425 92 26 hamel,
1638 431 55 16 unu
1714 425 28 21 di
1756 425 11 21 i
1783 425 146 28 diriggenti
1947 423 28 22 di
1985 428 18 16 u

1532 459 159 22 muvimentu
1704 458 115 22 brettone
1828 464 9 15 :

1558 516 31 20 Le
1599 516 86 25 régime
1694 515 100 21 unitaire
1803 522 12 13 a
1830 515 41 20 fait
1885 515 30 19 du
1931 513 73 21 Parle-

1533 547 64 17 ment
1605 544 99 24 français
1710 551 6 13 :
1734 551 43 13 une
1790 543 134 21 Assemblée
1939 547 66 16 «tou-

1533 572 123 20 che-à-tout
1662 577 19 19 »,
1687 574 31 18 où
1727 572 117 21 l’exercice
1851 572 54 19 d’un
1913 570 92 20 mandat

1534 604 35 16 est
1577 600 88 20 devenu
1676 606 31 13 un
1717 599 81 20 métier
1812 598 100 21 lucratif.
1927 597 79 20 L’Exé-

1535 628 60 20 cutif
1600 628 57 20 n'est
1670 634 41 18 pas
1721 627 75 20 moins
1810 626 97 20 abaissé.
1921 625 85 19 Robert

1534 656 29 20 de
1571 656 114 22 Jouvenel
1703 661 60 14 nous
1780 661 12 14 a
1811 654 90 20 montré
1917 652 89 26 quelles

1534 684 86 22 étaient
1627 684 34 20 les
1670 683 191 25 préoccupations
1874 682 41 19 des
1929 680 77 21 minis-

1535 716 56 19 tres,
1606 711 138 26 Voyons-les
1759 711 51 24 plus
1824 709 154 25 précisément
1992 709 13 19 à

1535 740 103 20 l’oeuvre.

1560 768 31 20 Le
1605 772 21 16 21
1642 767 86 20 février
1743 771 57 22 1917,
1816 766 20 20 \c
1845 765 102 21 Journal
1954 764 52 25 Offi-

1534 795 46 21 ciel
1586 795 98 25 publiait
1692 796 21 19 le
1722 795 77 21 décret
1807 794 93 20 suivant
1907 800 6 13 :

1556 838 25 17 Le
1589 837 100 20 Président
1696 837 24 17 de
1728 837 17 17 la
1754 835 117 23 République
1879 834 105 21 Française.

1556 863 30 17 Vu
1594 863 21 17 le
1622 863 77 21 rapport
1706 862 26 17 du
1741 861 88 18 ministre
1837 861 33 17 des
1878 860 88 18 Travaux
1973 864 34 17 pu-

1535 888 56 21 blics,
1596 888 34 17 des
1638 887 112 22 Transports
1757 887 21 17 et
1785 887 25 16 du
1819 885 164 20 Ravitaillement;

1557 913 31 17 Vu
1602 913 19 17 la
1635 913 92 17 demande
1741 911 101 23 présentée
1849 911 19 18 le
1881 911 11 18 G
1900 911 46 17 Juin
1953 909 53 22 1916,

1536 939 53 17 etc...
1596 942 6 17 ;

1558 963 30 17 Vu
1596 963 19 18 le
1624 962 74 19 dossier
1706 963 24 18 de
1738 962 95 22 l’enquête
1841 962 80 17 ouverte
1929 965 33 13 sur
1969 960 38 17 cel-

1537 989 19 17 te
1563 988 99 20 demande,
1671 989 54 18 etc,..
1732 992 6 17 ;

1558 1013 30 18 Vu
1596 1013 19 18 la
1622 1012 128 19 délibération
1758 1013 24 17 de
1795 1012 18 17 la
1822 1011 93 18 Chambre
1924 1012 23 17 de
1954 1010 55 18 Com-

1536 1043 64 13 merce
1608 1039 23 17 de
1638 1038 100 20 Honfleur,
1748 1039 53 16 etc...
1809 1042 6 17 ;

1558 1064 30 18 Vu
1596 1064 30 18 les
1634 1064 87 21 rapports
1729 1064 34 17 des
1772 1062 109 23 ingénieurs
1895 1062 24 17 du
1933 1061 76 18 Service

1536 1088 101 18 Maritime,
1646 1089 52 17 etc...
1704 1092 5 17 ;

1559 1113 29 17 Vu
1601 1113 57 18 l’avis
1672 1113 26 17 du
1712 1112 75 18 Conseil
1796 1112 77 23 général
1882 1112 34 18 des
1924 1111 58 18 Ponts
1989 1111 20 17 et

1538 1137 111 22 Chaussées,
1659 1138 63 21 etc...;

1560 1163 26 18 Le
1594 1163 76 18 Conseil
1679 1162 62 19 d’Etat
1749 1163 90 21 entendu,

1583 1188 78 19 Décrète
1667 1193 6 14 :

1560 1225 89 20 Article
1655 1226 105 22 premier.
1763 1224 50 25 —$$>.
1816 1226 91 19 Drouant,
1911 1224 100 23 négociant

1539 1256 24 13 en
1571 1251 95 18 charbons
1674 1256 11 12 a
1693 1251 99 22 Honfleur,
1803 1252 29 17 est
1840 1250 85 18 autorisé
1933 1250 11 17 à
1951 1249 61 18 main-

1538 1277 53 17 tenir
1599 1277 20 17 et
1626 1276 11 17 à
1645 1276 101 22 exploiter,
1761 1281 39 13 aux.
1808 1276 69 18 clauses
1885 1277 18 16 et
1911 1274 101 19 conditions

1539 1301 25 18 du
1572 1300 62 18 cahier
1642 1300 31 18 des
1680 1301 75 22 charges
1762 1301 71 18 annexé
1840 1305 25 13 au
1867 1300 74 23 présent
1945 1299 66 23 décret,

1539 1330 39 13 une
1585 1329 49 18 grue
1641 1326 88 17 roulante
1737 1325 11 17 à
1755 1330 72 17 vapeur
1835 1329 34 13 sur
1877 1325 19 17 le
1904 1324 45 22 quai
1961 1323 50 19 Nord

1540 1350 26 17 du
1573 1349 66 18 bassin
1647 1350 23 17 de
1678 1349 48 18 l’Est
1734 1350 25 17 du
1768 1350 43 21 port
1819 1350 24 17 de
1850 1349 99 18 Honfleur.

1560 1383 53 18 Art.
1619 1382 19 18 2.
1643 1392 22 4 —
1669 1383 27 18 Le
1701 1383 89 17 ministre
1796 1383 33 17 des
1834 1382 88 18 Travaux
1930 1382 81 22 publics,

1540 1409 34 18 des
1581 1408 113 23 Transports
1702 1408 20 18 et
1730 1408 26 18 du
1763 1407 157 19 Ravitaillement
1924 1408 30 17 est
1959 1407 54 18 char-

1540 1433 24 23 gé
1573 1434 24 17 de
1604 1433 114 18 l’exécution
1726 1433 25 17 du
1760 1433 77 21 présent
1846 1432 65 18 décret
1924 1432 33 22 qui
1971 1437 42 13 sera

1541 1458 66 23 publié
1615 1463 24 13 au
1647 1457 78 18 Journal
1734 1457 73 24 Officiel
1816 1458 19 16 et
1842 1457 64 18 inséré
1914 1462 24 13 au
1950 1457 64 18 Bulle-

1542 1483 27 18 tin
1576 1483 32 18 des
1615 1483 43 18 Lois
1666 1483 24 18 de
1698 1483 18 18 la
1724 1482 118 22 République
1850 1482 107 21 Française.

1567 1523 61 21 Neuf
1634 1523 58 20 mois
1701 1523 121 24 d’enquête
1831 1526 23 17 et
1861 1522 39 21 dix
1909 1527 105 20 rapports

1542 1558 59 19 pour
1618 1552 68 24 qu’en
1701 1550 79 25 pleine
1789 1557 91 18 guerre,
1894 1551 14 20 à
1922 1557 30 14 un
1967 1558 48 13 mo-

1542 1583 63 17 ment
1613 1580 29 19 où
1651 1579 21 20 le
1681 1578 152 21 combustible
1842 1579 119 25 manquait
1966 1585 50 19 par-

1542 1611 60 20 tout,
1619 1607 22 20 le
1655 1606 121 21 Président
1789 1607 29 20 de
1834 1607 21 19 la
1871 1606 144 26 République

1542 1636 78 25 puisse
1625 1635 115 20 autoriser
1747 1641 31 14 un
1787 1634 125 21 marchand
1918 1635 28 20 de
1952 1635 65 22 char-

1543 1665 58 19 bons
1610 1664 14 19 à
1633 1663 141 20 «maintenir
1785 1666 24 17 et
1823 1663 113 24 exploiter
1945 1672 11 11 »
1970 1670 46 14 une

1543 1697 57 20 grue
1608 1691 13 20 à
1630 1696 87 20 vapeur
1732 1698 11 14 •;<
1748 1696 42 15 sur
1804 1690 21 20 le
1840 1691 54 24 quai
1909 1691 61 20 Nord
1984 1691 31 19 du

1543 1719 78 23 bassin
1630 1718 29 20 de
1665 1718 58 21 l’Est
1729 1725 10 11 »
1750 1718 29 20 du
1789 1723 53 19 port
1850 1719 27 19 de
1886 1718 128 22 Honfll.eur!

1543 1747 73 21 Notez
1624 1753 44 18 que
1677 1746 19 20 si
1706 1746 204 20 l’encombrement
1923 1747 29 20 du
1966 1751 51 21 port

1543 1775 63 20 avait
1613 1774 76 25 obligé
1697 1774 22 20 le
1728 1774 140 25 négociantà
1873 1779 145 21 transporter

1545 1810 25 14 sa
1578 1809 56 19 grue
1643 1802 106 20 roulante
1757 1808 42 14 sur
1807 1802 21 20 le
1837 1802 54 24 quai
1900 1802 57 23 Sud,
1972 1803 16 20 il
2003 1810 14 18 y

1544 1838 30 14 en
1581 1830 71 24 avait,
1661 1836 55 14 sans
1725 1830 79 23 doute,
1812 1836 57 19 pour
1878 1830 59 21 neuf
1941 1834 76 19 autres

1545 1859 59 21 mois
1618 1864 90 18 encore,
1727 1862 22 16 et
1766 1862 50 16 tout
1831 1859 57 19 était
1903 1859 14 20 à
1931 1865 88 15 recom-

1545 1893 118 15 mencer.,.

1570 1915 58 20 Mais
1636 1914 17 20 il
1661 1921 15 18 y
1684 1921 14 15 a.
1707 1914 84 23 mieux.
1806 1914 118 25 Quelques
1932 1916 87 20 années

1545 1943 54 25 plus
1607 1943 42 22 tôt,
1658 1942 22 19 le
1687 1942 103 20 Journal
1798 1942 93 25 Officiel
1902 1944 63 19 avait
1977 1950 41 19 pu-

1546 1971 47 19 blié
1600 1973 61 18 cette
1669 1974 66 16 autre
1743 1970 64 24 pièce
1814 1977 6 13 :

1567 2011 26 18 Le
1600 2011 100 17 Président
1707 2011 25 17 de
1740 2011 18 17 la
1766 2011 118 22 République
1889 2011 106 22 Française,

1568 2035 38 19 Sur
1619 2036 19 17 le
1651 2036 79 21 rapport
1743 2036 26 16 du
1782 2035 90 18 ministre
1884 2036 34 18 des
1931 2036 87 18 Travaux

1546 2061 82 23 publics,
1637 2061 34 17 des
1679 2060 67 18 Postes
1754 2061 20 17 et
1782 2060 126 22 Télégraphes
1915 2066 6 17 ;

1568 2086 30 19 Vu
1606 2086 19 17 la
1632 2086 92 18 demande
1732 2086 120 22 présentée...
1860 2091 35 17 par
1902 2086 25 18 M.
1935 2087 19 18 le
1961 2087 58 18 Maire

1547 2112 24 18 de
1578 2111 91 22 Meudon;

1569 2137 31 17 Vu
1607 2137 28 18 les
1644 2137 131 18 observations
1789 2137 108 21 présentées
1910 2142 34 17 par
1956 2138 20 17 la
1988 2138 32 17 Di-

1547 2162 74 18 rection
1628 2162 34 17 des
1669 2161 91 19 Chemins
1769 2162 24 18 de
1801 2162 35 18 Fer
1844 2163 23 17 de
1875 2162 58 18 l’Etat
1939 2167 5 13 :

1569 2187 31 18 Vu
1608 2188 19 17 le
1634 2187 75 18 dossier
1716 2188 24 17 de
1753 2188 96 22 l’enquête
1861 2189 80 17 ouverte
1955 2193 33 13 sur
2001 2189 18 17 la

1548 2212 98 21 demande,
1656 2213 46 17 dans
1710 2212 19 18 la
1737 2217 97 14 commune
1843 2214 23 17 de
1873 2213 81 18 Meudon
1961 2218 5 17 ;

1570 2237 31 18 Vu
1608 2238 28 17 les
1645 2239 86 21 rapports
1739 2239 19 17 et
1771 2239 43 17 avis
1827 2239 33 18 des
1872 2238 148 20 fonctionnaires

1549 2263 24 18 de
1580 2263 121 22 l’inspection
1708 2268 6 12 :

1571 2288 28 18 Vu
1608 2288 55 18 l’avis
1671 2288 26 19 du
1706 2288 64 21 Préfet
1778 2289 24 18 de
1810 2288 137 20 Seine-et-Oise
1953 2295 5 16 ;

2051 221 30 17 Vu
2089 220 57 18 l’avis
2154 221 24 17 du
2187 221 69 17 conseil
2272 221 76 23 général
2361 225 34 17 des
2409 225 59 20 Ponts
2481 233 19 17 et

2029 246 105 18 Chaussées
2141 250 4 13 :

2051 271 29 17 Vu
2089 271 18 17 la
2116 270 26 18 loi
2150 271 26 17 du
2190 270 22 18 1S
2219 270 65 23 juillet
2291 271 46 18 1849
2351 274 19 17 et
2384 276 116 21 notamment

2029 296 28 17 les
2065 296 77 18 articles
2150 296 12 17 9
2169 296 19 17 et
2196 295 10 18 G
2213 300 5 17 ;

2073 320 79 19 Décrète
2159 326 4 13 :

2051 353 89 18 Article
2147 354 102 22 premier.
2255 363 24 4 —
2284 354 24 18 La
2314 360 99 14 commune
2420 358 24 17 de
2451 358 50 20 Meu-

2030 378 37 18 don
2076 380 27 16 est
2111 378 89 18 autorisée
2208 379 10 17 à
2226 384 99 17 conserver,
2335 381 99 18 entretenir
2442 384 17 16 et
2474 386 27 17 ré-

2027 408 57 17 parer
2091 403 85 18 l'urinoir
2184 404 57 18 établi
2250 404 11 17 à
2270 405 101 21 proximilé
2379 406 26 17 du
2419 409 47 19 pont
2479 411 23 18 de

2029 428 88 18 l’avenue
2125 429 24 17 de
2157 429 94 21 Bellevue,
2267 434 24 13 en
2303 430 83 18 bordure
2394 431 23 17 de
2425 432 19 17 la
2451 433 51 23 ligne

2030 453 25 17 du
2063 453 77 18 chemin
2148 454 24 18 de
2179 454 29 18 fer
2215 454 204 23 Paris-Montparnasse
2433 457 11 17 à
2458 458 45 20 Ver-

2030 478 66 19 sailles
2104 478 30 23 (lt.
2144 479 37 23 G.).

2053 545 50 18 Art.
2109 546 21 17 4.
2136 556 23 3 —
2164 546 24 18 Le
2194 547 87 18 ministre
2287 547 34 18 des
2326 547 87 18 Travaux
2422 549 78 24 publics,

2031 571 34 18 des
2073 571 67 18 Postes
2149 573 19 16 et
2175 572 34 17 des
2216 572 129 23 Télégraphes
2353 574 29 16 est
2397 573 70 23 chargé
2479 577 23 18 de

2032 596 114 17 l’exécution
2155 597 25 16 du
2188 597 76 21 présent
2274 598 71 17 décret.

2054 620 41 17 Fait
2102 621 12 16 à
2122 620 59 21 Paris,
2192 622 51 17 etc...

2057 659 83 20 C’était
2148 660 64 25 signé
2220 661 30 20 du
2260 661 119 25 président
2389 662 27 20 de
2426 663 21 20 la
2463 665 40 22 Ré-

2033 687 120 25 publique,
2171 688 29 20 du
2217 689 108 20 ministre
2342 688 40 21 des
2400 690 102 26 Travaux

2033 716 99 24 publics,
2150 716 29 20 du
2196 717 179 20 sous-directeur
2392 718 40 21 des
2448 720 55 23 Che-

2033 744 60 20 mins
2101 744 29 20 de
2139 744 35 20 fer
2181 748 23 16 et
2211 744 53 21 d’un
2275 745 122 20 conseiller
2409 750 94 23 rempla-

2032 775 54 20 çant
2092 772 22 20 le
2123 772 73 24 préfet
2209 772 28 20 de
2251 772 178 22 Seine-et-Oise.
2443 776 60 23 Tous

2033 806 38 14 ces
2080 807 163 19 personnages,
2260 805 53 16 tous
2327 808 38 14 ces
2378 802 60 25 avis,
2453 809 53 19 tous-

2033 835 38 13 ces
2079 829 102 20 dossiers
2185 841 26 4 —
2216 833 22 17 et
2247 834 50 21 sept
2306 830 58 20 mois
2372 830 119 26 d’enquête
2496 837 8 19 ï

2033 866 25 4 —
2067 864 58 16 pour
2133 864 44 18 que
2186 858 77 24 puisse
2272 859 49 20 être
2334 865 11 11 «
2352 862 122 19 entretenu
2483 867 22 17 et

2034 886 97 22 réparé»
2141 893 31 13 un
2181 886 88 21 urinoir
2277 887 6 20 !

2059 913 113 21 Dira-t-on
2182 921 44 18 que
2234 921 60 14 nous
2309 915 74 21 allons
2396 915 106 25 chercher

2034 947 42 14 nos
2085 941 136 21 documents
2229 943 60 20 dans
2296 943 23 20 le
2327 943 83 25 passé?
2419 944 33 20 En
2460 947 44 19 voi-

2034 968 21 20 ci
2064 975 30 14 un
2108 973 52 16 tout
2173 971 84 23 récent,
2274 972 129 23 emprunté,
2416 977 89 18 comme

2035 997 33 20 les
2076 997 141 25 précédents,
2227 1004 29 14 au
2265 999 103 20 Journal
2376 999 89 25 Officiel
2468 1008 8 13 :

2056 1032 26 18 Le
2088 1033 98 18 Président
2194 1033 23 18 de
2224 1034 19 17 la
2251 1033 118 23 République
2377 1034 106 25 Française,

2057 1057 37 18 Sur
2100 1058 20 17 le
2128 1059 75 21 rapport
2211 1059 25 17 du
2249 1059 89 18 ministre
2352 1060 25 17 du
2392 1059 115 26 Commerce,

2035 1083 59 21 etc...,

2056 1107 61 23 Après
2131 1108 41 18 avis
2185 1109 25 17 du
2223 1109 90 18 ministre
2322 1110 25 17 du
2356 1110 83 23 Travail,
2447 1113 59 22 etc...,

2035 1133 20 18 et
2061 1134 26 16 du
2096 1133 87 18 ministre
2191 1134 32 18 des
2231 1134 102 22 Pensions,

2056 1158 82 19 L’Office
2146 1159 83 18 national
2237 1160 35 18 des
2279 1160 80 19 Mutilés
2367 1162 83 17 entendu
2457 1167 6 16 ;

2057 1184 31 17 Vu
2095 1184 81 19 l’article
2183 1184 22 18 18
2213 1186 24 17 de
2244 1185 20 18 la
2272 1185 26 18 loi
2307 1186 26 18 du
2341 1185 24 19 26
2372 1187 50 18 avril
2431 1186 48 19 1924
2489 1190 20 17 et

2036 1209 19 18 le
2061 1209 106 23 règlement
2173 1210 171 19 d’administration
2359 1212 91 22 publique
2463 1213 24 17 du
2498 1213 11 18 G

2037 1234 45 18 août
2089 1234 52 22 1927,
2148 1235 40 22 pris
2196 1240 47 18 pour
2250 1241 36 13 son
2293 1237 113 22 application
2413 1242 5 17 ;

2058 1260 31 17 Vu
2096 1260 82 18 l’article
2186 1260 11 18 9
2205 1262 23 17 de
2235 1261 19 18 la
2261 1262 27 17 loi
2297 1262 26 18 du
2333 1262 22 18 18
2362 1264 77 17 octobre
2446 1263 46 18 1919
2502 1269 8 16 ;

2058 1285 30 17 Vu
2097 1285 19 18 le
2124 1285 63 18 décret
2196 1286 24 16 du
2229 1286 22 17 27
2259 1287 47 17 août
2314 1286 51 22 1921,
2374 1289 45 20 etc.,
2429 1288 81 18 modifié

2037 1314 34 17 par
2078 1310 28 17 les
2114 1310 74 17 décrets
2196 1311 32 16 des
2237 1310 10 17 9
2253 1315 51 13 mars
2310 1311 52 21 4926,
2368 1311 24 18 30
2397 1317 52 13 mars
2455 1313 45 18 1927

2038 1333 22 18 16
2067 1334 77 17 octobre
2153 1334 43 17 1927
2204 1335 19 17 et
2231 1335 10 16 7
2250 1339 51 13 mars
2311 1335 44 18 1928
2362 1341 5 16 ;

2059 1358 30 18 Vu
2095 1358 76 18 l’arrêté
2178 1359 166 20 interministériel
2352 1365 24 14 en
2391 1362 43 18 date
2447 1364 28 18 du
2487 1365 25 19 13

2037 1383 74 23 janvier
2119 1383 52 22 1928,
2180 1385 51 17 etc...

2083 1409 78 18 Décrète
2166 1414 5 12 :

2063 1449 98 21 Suivent
2176 1457 31 13 un
2224 1452 88 19 certain
2327 1453 96 21 nombre
2438 1455 76 22 d'arti-

2041 1478 55 23 cles,
2112 1479 98 24 répartis
2227 1486 28 13 en
2272 1481 37 19 six
2323 1481 66 21 titres
2396 1489 7 14 :
2419 1482 66 23 Titre
2493 1486 19 23 I,

2040 1506 170 25 organisation;
2219 1508 64 20 Titre
2291 1508 30 25 II,
2334 1510 178 28 reclassement;

2041 1534 63 21 Titre
2113 1534 39 24 Hï,
2167 1540 163 19 avancement;
2346 1537 63 22 Titre
2424 1540 39 23 IV,
2478 1548 37 14 ac-

2043 1563 90 21 cession
2146 1564 13 18 à
2173 1564 39 20 des
2226 1565 98 24 emplois
2338 1566 31 20 du
2384 1568 70 20 cadre
2463 1575 54 15 nor-

2043 1591 58 22 mal;
2117 1591 63 20 Titre
2188 1591 25 25 V,
2228 1592 150 26 dispositions
2396 1595 118 27 diverses;

2042 1619 62 20 Titre
2112 1619 37 24 VI,
2159 1620 148 24 dispositions
2316 1623 155 22 transitoires.

2066 1648 41 23 Or,
2123 1648 53 24 quel
2191 1653 34 15 est
2237 1649 79 25 l’objet
2329 1650 29 21 de
2372 1655 60 17 cette
2447 1660 68 18 prose

2042 1676 141 20 solennelle?
2192 1676 57 21 Tout
2257 1677 155 26 simplement,
2421 1680 23 20 la
2453 1682 67 19 créa-

2042 1704 56 22 tion,
2106 1705 15 19 à
2128 1704 88 21 l’Office
2224 1706 104 20 national
2337 1707 40 20 des
2387 1707 130 23 Combusti-

2044 1732 49 20 bles
2106 1732 110 25 liquides,
2231 1733 53 21 d’un
2300 1735 86 25 emploi
2400 1736 30 20 de
2438 1738 78 20 sténo-

2044 1760 173 26 dactylograghe
2223 1761 34 21 !...

2068 1788 18 20 I!
2096 1788 47 21 faut
2152 1796 30 13 un
2191 1790 78 20 décret
2278 1791 66 25 signé
2352 1792 31 20 du
2392 1793 54 23 plus
2460 1794 55 21 haut

2045 1817 120 25 magistrat
2172 1817 27 20 de
2212 1817 21 21 la
2247 1818 155 27 République,
2417 1822 30 19 de
2461 1823 54 19 trois

2045 1845 125 24 ministres,
2187 1850 22 16 et
2225 1846 92 21 douze
2332 1848 142 22 colonnes
2486 1851 29 20 de

2046 1873 105 25 l'Officiel
2157 1880 57 18 pour
2222 1881 45 19 que
2282 1876 68 21 l’Etat
2362 1876 102 26 français
2478 1884 40 15 en-

2045 1908 57 19 gage
2111 1908 48 14 une
2167 1902 92 25 dactylo
2267 1903 6 20 !

2069 1931 71 20 Autre
2149 1932 101 23 exemple
2256 1938 7 13 :
2278 1932 22 19 la
2314 1933 71 24 petite
2398 1934 55 20 ville
2469 1934 48 21 bre-

2045 1961 71 17 tonne
2123 1958 29 20 de
2161 1958 110 21 Ploërmel
2280 1959 98 21 cherche
2392 1961 13 20 à
2419 1960 98 25 rempla-

2044 1992 40 14 cer
2091 1986 36 20 les
2135 1986 86 24 lampes
2230 1988 14 19 à
2252 1987 64 20 huile
2324 1988 29 19 de
2367 1995 27 13 sa
2406 1995 59 18 gare
2478 1996 40 17 par

2045 2013 40 20 des
2097 2014 119 24 ampoules
2229 2014 148 25 électriques.
2396 2016 32 20 La
2445 2017 71 20 chose

2044 2041 106 20 semblait
2156 2041 74 24 facile,
2246 2043 100 25 puisque
2355 2043 115 22 Ploërmel
2483 2050 35 16 est

2045 2069 51 24 déjà
2103 2069 85 21 éclairé
2196 2070 13 20 à
2215 2070 151 21 l’électricité.
2380 2071 100 22 Ecoutez
2487 2073 30 21 M.

2046 2097 92 24 Bahier,
2147 2098 84 24 député
2239 2098 31 20 du
2279 2098 129 26 Morbihan,
2424 2101 50 20 s’en
2483 2107 35 15 ex-

2046 2125 90 26 pliquer
2143 2126 58 20 dans
2207 2132 46 14 une
2262 2131 12 11 «
2279 2127 67 21 lettre
2361 2132 114 17 ouverte»
2488 2135 30 15 au

2047 2154 104 21 ministre
2159 2154 40 21 des
2207 2154 106 21 Travaux
2321 2156 90 24 publics
2417 2164 7 13 :

2065 2195 24 19 Je
2096 2195 75 23 croyais
2178 2200 35 17 que
2220 2200 49 18 pour
2276 2197 106 21 remplacer
2390 2198 48 18 dans
2445 2198 20 18 la
2473 2202 44 19 gare

2046 2220 24 18 de
2076 2221 56 17 notre
2139 2220 46 18 ville
2193 2221 107 22 l’éclairage
2308 2222 12 17 à
2327 2222 69 18 l’huile
2403 2228 35 17 par
2448 2223 71 18 l’éclai-

2046 2250 45 18 rage
2106 2245 110 23 électrique,
2232 2246 15 18 il
2262 2247 87 18 suffisait
2363 2252 38 18 que
2413 2248 21 19 le
2442 2248 75 19 Conseil

2046 2270 102 23 Municipal
2161 2271 29 19 fût
2205 2272 85 18 d’accord
2307 2277 46 14 avec
2368 2273 20 18 la
2404 2273 115 24 Compagnie

2046 2296 103 22 d’Orléans,
2164 2297 79 22 puisque
2255 2298 48 17 c’est
2316 2302 49 14 nous
2378 2299 33 21 qui
2424 2304 94 17 avançons

2046 2321 81 22 l’argent
2134 2322 106 18 nécessaire
2248 2324 21 16 et
2277 2323 18 18 le
2304 2327 117 15 recouvrons
2431 2329 23 13 en
2463 2324 23 18 10
2493 2329 26 13 ou

2047 2346 21 18 13
2076 2351 35 14 ans
2119 2352 25 13 au
2152 2352 66 18 moyen
2226 2348 58 18 d’une
2291 2348 82 23 bénigne
2386 2351 79 17 surtaxe
2478 2354 44 18 per-

2047 2376 34 17 çue
2089 2372 11 18 à
2107 2373 56 17 notre
2175 2373 58 22 profit
2246 2377 35 18 par
2294 2374 20 17 la
2329 2373 121 24 Compagnie.
2466 2375 55 18 Vous

2046 2398 72 17 m’avez
2126 2398 62 22 appris
2196 2398 45 22 qu’il
2249 2398 64 19 fallait
2320 2400 97 18 consulter
2421 2400 20 18 la
2447 2400 74 18 France

2047 2422 73 19 entière
2127 2427 35 18 par
2168 2423 42 18 voie
2217 2423 107 19 d’affiches.
2329 2425 61 22 Après
2398 2425 52 22 quoi,
2455 2425 17 18 il
2478 2425 43 18 faut

2047 2452 106 18 provoquer
2160 2449 32 18 des
2200 2449 128 22 propositions
2335 2450 108 18 conformes
2450 2451 35 18 des
2492 2451 28 17 di-

2047 2477 46 14 vers
2105 2474 84 18 services
2202 2474 23 18 de
2238 2475 85 17 contrôle
2335 2475 26 17 de
2371 2475 20 18 la
2405 2475 114 23 Compagnie

2048 2498 155 23 d’Orléans.Puis,
2210 2504 48 13 vous
2267 2500 69 18 devrez
2344 2502 82 20 prendre
2433 2501 57 18 l’avis
2495 2502 24 16 de

2048 2524 24 17 M.
2081 2524 19 18 le
2107 2524 88 19 ministre
2202 2525 33 18 des
2243 2525 93 19 Finances
2345 2527 20 17 et
2372 2526 51 18 celui
2432 2527 23 18 de
2468 2527 24 17 M.
2500 2527 19 17 le

2049 2550 87 20 ministre
2143 2550 25 18 de
2174 2550 107 19 l’Intérieur
2287 2555 35 14 sur
2328 2551 20 18 la
2356 2552 131 18 combinaison
2496 2552 27 17 fi-

2048 2575 89 19 nancière
2144 2575 107 23 envisagée.
2261 2576 62 22 Alors,
2338 2577 19 18 si
2365 2578 42 17 tout
2417 2577 22 18 le
2451 2577 71 18 monde

2049 2602 30 17 est
2086 2601 44 18 bien
2137 2601 84 18 d’accord
2227 2601 103 22 jusque-là,
2345 2607 49 13 A-OUS
2408 2603 82 18 saisirez
2501 2602 20 17 le

2050 2625 74 19 Conseil
2132 2626 61 19 d’Etat
2200 2626 25 18 du
2233 2627 62 22 projet
2302 2628 24 17 de
2333 2627 67 18 décret
2406 2627 115 23 approbatif.

2049 2651 63 22 Enfin,
2122 2652 16 18 si
2146 2653 49 17 cette
2202 2652 57 17 haute
2268 2652 104 18 assemblée
2385 2653 33 21 n’y
2432 2653 43 17 voit
2486 2657 36 17 pas

2049 2677 167 21 d’inconvénients,
2223 2681 50 13 vous
2281 2676 91 18 établirez
2379 2682 10 10 «
2394 2675 94 24 l'original
2495 2676 28 17 du.

2049 2702 60 18 décret
2117 2702 38 23 qui,
2159 2703 58 17 revêtu
2225 2702 32 17 des
2264 2701 121 23 contreseings
2393 2701 128 23 réglementai-

2049 2732 35 17 res,
2092 2732 40 13 sera
2140 2726 66 19 soumis
2213 2727 11 17 à
2231 2726 19 18 la
2257 2725 94 24 signature
2359 2726 22 19 de
2396 2726 27 19 M.
2434 2726 17 19 le
2458 2726 63 19 Prési-

2050 2753 42 18 dent
2099 2752 23 18 de
2130 2752 18 18 la
2156 2751 109 24 République
2272 2757 15 12 ».

2075 2793 97 21 Peut-on
2185 2792 57 21 aller
2255 2793 54 25 plus
2323 2793 49 20 loin
2388 2793 57 20 dans
2453 2793 24 20 le
2483 2792 39 20 do-

2050 2821 76 21 maine
2133 2821 31 20 du
2176 2821 141 25 grotesque?
2331 2821 28 20 Et
2373 2821 96 20 n’est-ce
2482 2825 37 21 pas

2051 2849 28 21 ici
2088 2849 21 20 le
2118 2855 106 20 royaume
2233 2850 31 19 du
2274 2850 56 24 père
2338 2849 52 20 Ubu
2397 2849 11 20 ?

2075 2877 33 20 Eh
2119 2884 45 14 non
2172 2877 5 20 !
2187 2877 60 20 C’est
2255 2884 31 13 un
2296 2877 52 20 Etat
2357 2877 110 24 unitaire,
2477 2879 42 18 sot-

2051 2909 84 17 tement
2143 2907 41 18 fier
2192 2906 69 19 d’être
2271 2911 11 11 «
2288 2912 32 13 un
2329 2909 24 16 et
2360 2905 159 22 indivisible»,

2051 2933 30 20 où
2089 2933 21 20 le
2119 2933 157 20 mancenillier
2283 2933 30 20 de
2321 2934 20 19 la
2351 2933 169 21 centralisation

2052 2961 94 24 épaissit
2154 2967 40 14 son
2206 2961 79 20 ombre
2299 2962 106 20 mortelle
2418 2962 60 20 dans
2490 2965 27 15 un

2052 2989 69 19 décor
2129 2989 29 19 de
2164 2989 136 20 démocratie
2307 2995 28 15 en
2342 2989 176 26 trompe-l’oeil.-

2085 3067 25 29 È
2123 3072 107 26 esciutu
2238 3081 10 16 :

2174 3118 96 22 Matteu
2282 3118 117 23 Girnensi

2086 3156 195 27 Vocabulariu
2293 3158 30 26 di
2335 3167 17 17 a
2368 3158 121 27 Custera

2092 3201 10 21 1
2111 3201 49 22 vol.
2173 3201 57 22 di80
2242 3203 86 28 pagine
2336 3209 7 16 :
2358 3202 15 23 3
2384 3202 101 23 franchi-.

2079 3548 53 18 —Ma
2139 3548 67 19 cume?
2212 3550 73 18 ottanta
2292 3554 12 13 a
2313 3547 63 20 10000
2382 3544 75 21 franchi
2464 3543 58 18 l’uiw,

2057 3577 29 13 un
2092 3573 70 18 facenu
2169 3574 36 18 mai
2213 3575 33 17 dui
2253 3575 76 18 milioni
2336 3574 5 18 !

2080 3607 22 5 —
2107 3599 70 22 Allora,
2184 3599 9 18 i
2200 3600 126 22 capi-eocchia
2338 3600 52 17 hanu
2403 3597 25 18 da
2435 3592 88 22 travag«a

2058 3623 22 18 di
2086 3623 70 23 rigalu,
2165 3629 10 13 a
2182 3625 32 18 stu
2221 3624 73 19 contu?
