2554 3966
90 193 53 22 Una
150 192 88 22 vintina
257 190 25 21 di
303 193 102 24 persone,
418 185 78 22 intesu
521 190 14 15 a

65 229 70 20 santa
144 224 97 24 chiama,
250 227 125 18 accorrenn
383 226 13 15 e
404 220 99 20 entrenu
514 216 24 21 in

68 259 80 30 quella
169 255 131 24 chiesuccia
332 252 68 23 nuda.
424 250 21 22 U
460 250 77 25 Prete,

62 289 204 28 cummossu,dice,
274 295 29 15 eu
311 286 79 26 calma,
403 291 14 15 a
431 290 27 15 so
479 288 60 16 mes-

65 333 37 20 sa;
115 324 47 30 pòij
174 330 44 15 cun
231 320 101 24 tremulu
342 319 24 22 in
385 319 72 28 punta
478 315 24 22 di
525 321 14 15 e

64 359 58 26 dite,
135 363 54 23 âpre
200 363 17 15 u
227 352 159 26 tabernaculu,
398 357 29 16 ne
438 348 68 23 ritira
515 354 16 15 u

64 399 71 16 saeru
148 390 135 29 prigiuneru
298 394 13 15 e
329 390 110 18 cunsuma
450 382 10 21 1
468 381 69 22 ostia.

92 437 31 4 —
129 424 23 22 L’
156 422 85 24 UitiirC
246 422 74 21 Ostia
325 417 77 31 /gridò
411 422 47 16 una
470 419 67 17 voce.

64 459 27 22 U
102 457 67 22 Prete
180 455 21 22 si
208 455 67 22 volta
290 459 42 22 per
342 451 89 27 iscopre
454 447 32 22 da
497 445 41 22 du-

63 497 32 16 ve
106 489 73 30 partia
187 490 37 20 sta
231 493 61 16 voce
300 492 13 15 e
319 484 31 22 di:
358 490 15 15 «
380 483 64 21 State
454 479 53 22 zitti
516 486 21 14 ».

67 523 41 22 Ma
118 523 52 28 vipe
183 521 39 22 chi
230 519 56 23 tutti
294 524 70 16 eranu
375 512 138 32 prighendu,
524 518 14 15 a

70 563 62 22 capu
142 556 70 21 bassu
225 554 7 21 !

97 601 30 5 —
137 588 33 22 Mi
177 588 54 21 sarà
242 591 72 23 parsu
325 583 23 22 di
361 583 64 21 sente
435 580 30 21 ?..

95 625 124 31 Agguardò
230 624 10 22 i
247 622 69 23 santi:
325 628 13 15 e
346 619 85 24 l’abbre
441 618 25 21 di
475 617 63 22 iessu

66 668 75 16 eranu
149 661 57 21 tutte
225 656 116 30 sugillatë,
359 653 57 27 sòlà,
432 652 105 22 scantata

68 696 26 21 in
106 694 72 22 fondu
188 692 74 21 d’una
271 688 97 30 capella,
379 693 44 15 una
440 683 99 24 vecchia

67 727 89 23 statula
164 725 23 22 di
194 725 74 21 Santa
275 721 79 26 Lucia,
366 725 44 16 cun
423 715 115 31 pezzatel-

66 761 28 21 lu
106 759 25 22 di
141 756 120 29 mantiglià
273 754 96 25 russina,
379 751 64 30 paria
455 748 84 23 ch’ella

67 791 119 30 piegnissi,
193 789 104 23 fîdiendu
307 788 9 21 i
324 793 26 16 so
358 784 65 24 occhi
441 785 74 20 nantu
523 788 15 15 u

70 833 29 15 so
108 824 104 26 piatlinu.

96 877 32 4 —
133 863 32 22 Mi
175 864 54 21 sarà
237 867 80 23 parsu,
330 857 106 24 cuntinuô
448 863 17 14 u
485 857 55 19 Prê-

69 901 24 19 te
116 895 117 24 recitendu
257 892 98 24 l’ultimu
369 889 109 29 vangelu.
502 887 38 22 Ma

68 930 102 23 basteria
194 928 109 23 ch’ell’un
320 926 34 21 sia
375 931 31 15 un
428 921 89 30 segnu!
529 920 11 22 I

69 965 62 28 preti
138 965 26 20 sô
175 964 49 21 cusi
233 960 102 26 chiari.,.
346 958 97 21 dumane
464 961 33 16 un
520 954 21 21 si

70 1005 31 15 ne
109 997 78 22 viderà
198 996 42 28 più
248 993 66 23 s’ella
334 991 64 22 dura.
413 989 38 23 Ah
459 989 6 20 !
476 987 65 30 poeri

70 1031 68 29 paesi
171 1026 157 25 abbandunati
352 1032 14 15 a
388 1031 16 14 u
428 1022 96 28 nemigu
534 1021 5 20 !

70 1071 27 15 m
101 1070 47 15 ane
154 1062 129 23 vobiscum
289 1059 115 22 .Domine
410 1057 9 21 !

102 1101 73 29 Poghi
183 1099 84 23 minuti
279 1095 169 32 dòpu,cum’elli
454 1094 87 22 falava-

70 1143 42 18 nu,
122 1135 25 21 di
165 1133 102 27 frombu,
284 1129 131 24 rasintendu
429 1134 33 16 un
480 1133 63 16 mac-

72 1168 91 26 chione,
171 1174 30 15 un
214 1164 152 24 animaîacciu
377 1169 65 20 neru,
452 1163 91 20 taman-

73 1205 25 21 te
112 1207 32 16 un
152 1201 127 28 lupu,surti
287 1205 16 15 u
310 1204 27 15 so
345 1203 57 22 capu
412 1198 37 19 tra
461 1201 14 15 e
491 1200 52 23 cep-

70 1244 56 22 pe,a
144 1242 26 15 so
180 1235 90 28 lingua,
283 1237 45 18 urta
344 1229 95 24 fiaccula
450 1234 91 20 accesa,

71 1270 75 22 battia
159 1268 73 22 l’aria.
246 1267 22 22 U
278 1266 66 22 Prete
359 1271 16 15 u
386 1263 17 22 ti
414 1262 58 22 fissò
492 1267 51 22 spa-

72 1304 96 21 ventalu
177 1309 7 14 :

102 1354 30 4 —
142 1339 114 24 L’UltiwC
261 1339 74 22 Ostia,
343 1340 12 20 !
366 1336 50 23 urlò
436 1342 17 15 u
476 1334 68 28 Lupu

75 1373 222 25 sfrascaeeiulendu.

102 1427 30 4 —
144 1413 66 22 Vade
238 1413 71 22 rétro
311 1426 10 12 y
331 1409 112 23 Satana.!
453 1407 92 29 rïspose

74 1448 80 22 subitu
166 1454 13 15 u
191 1448 74 27 prete,
276 1444 32 23 eri
321 1446 23 19 tu
352 1444 12 20 ?
379 1441 69 22 Torni
466 1447 15 15 a
503 1439 42 22 im-

74 1481 114 30 pusessati
197 1480 24 21 di
233 1479 31 23 sti
280 1477 62 30 loghi
350 1477 12 21 ?
374 1475 34 22 Un
420 1475 18 22 ti
459 1473 86 29 raligrà

75 1518 41 20 tan
119 1518 23 19 tu
156 1514 37 22 chi
207 1521 15 14 u
234 1519 74 22 regnu
323 1510 24 22 di
368 1508 94 23 Corsica
484 1514 31 15 un
532 1508 14 20 è

74 1556 62 15 ancu
149 1550 58 20 lultu
223 1546 50 23 tòiu
287 1546 5 21 !

216 1591 113 23 Martinu
336 1586 181 29 Appinzapalu.

189 1710 41 37 A
266 1707 140 40 SERA

125 1826 17 22 È
148 1835 46 13 sera:
202 1828 105 25 spasseghiu
312 1827 64 18 sulettu

102 1859 29 18 Pa
138 1864 12 12 a
157 1857 60 19 slrada
225 1856 23 19 di
255 1856 64 19 solt'au
325 1854 74 25 paisolu,

102 1887 19 18 E
127 1888 56 19 senlu,
193 1885 20 19 in
221 1885 23 19 de
252 1890 14 13 u
274 1883 70 20 vecchiu
352 1882 89 19 vuscheltu

102 1914 72 21 Birinu,
183 1913 54 19 zurlà
245 1918 14 13 u
267 1910 102 26 rusugnolu.

127 1958 66 25 Sfilatu
201 1958 24 18 da
233 1963 26 13 un
268 1957 52 23 soffiu
327 1957 21 17 di
354 1957 56 20 ventu,

105 1987 30 19 Un
142 1986 62 24 raggiu
213 1985 21 19 di
244 1985 44 19 luna
295 1984 97 19 s'inlreccia

106 2015 27 19 Cu
141 2014 57 21 Varia,
208 2019 10 13 e
225 2014 25 23 fa
256 2015 27 17 ûn
290 2012 41 20 velu
337 2012 92 23 d’argehtu

107 2043 30 19 Aa
143 2042 57 24 grand
206 2041 89 25 capillera
302 2040 21 19 di
329 2045 12 13 a
348 2039 59 19 lecria.

126 2088 29 19 Pa
161 2093 14 12 u
181 2087 40 18 celu
228 2087 71 19 sirvevu
306 2091 10 13 e
323 2091 13 13 a
342 2089 96 20 campagna

103 2116 27 19 Si
135 2115 65 25 spande
207 2120 39 13 una
253 2114 69 19 musica
329 2115 67 17 slrana:

104 2145 31 17 Au
141 2143 66 19 zurulu
214 2143 36 18 avà
257 2142 132 23 s’accumpagna

105 2173 16 18 A
129 2177 40 13 voce
176 2171 22 18 di
205 2176 12 13 a
224 2172 65 17 noslra
295 2170 82 23 funtana.

128 2218 29 19 Ed
163 2222 42 14 eccu
212 2218 32 18 chi
251 2218 21 18 in
280 2217 47 18 rima
334 2221 23 14 aa
363 2215 77 19 citllezza

105 2247 86 23 S’affacca
199 2251 10 13 e
217 2246 29 18 mi
253 2245 41 19 ride
300 2250 37 13 una
344 2243 57 19 Stella.

108 2274 35 19 Chi
149 2274 41 21 dici,
200 2279 11 13 o
220 2273 62 19 cilesle
290 2272 73 19 villezza
369 2271 11 19 ?

103 2301 35 20 Au
146 2307 41 13 core.
192 2301 32 19 chi
228 2301 53 24 porti
287 2300 69 19 nuvella
363 2299 11 18 ?

130 2347 68 18 Chiù...
207 2346 89 19 chiù!—
304 2343 125 25 m’anisponde
437 2343 110 24 impurlmu

109 2371 19 22 ÎJ
134 2375 53 22 lagnu
194 2374 21 18 di
220 2380 16 12 u
244 2373 73 19 riocriu.
326 2383 23 3 —
358 2378 9 12 «
376 2372 34 18 Sta
417 2372 54 18 bassu
476 2371 9 19 !
494 2376 9 13 »
514 2379 23 5 —

107 2402 26 19 Li
140 2402 79 22 trizzina,
228 2403 60 17 nantu
295 2401 24 18 ad
325 2406 26 13 un
355 2406 66 18 prunu,

109 2431 20 18 U
133 2429 45 19 rillu
185 2435 23 13 cu
215 2435 11 12 e
231 2429 64 24 jambe
302 2434 12 13 a
322 2433 97 19 cumpassu.

131 2475 34 18 Chi
171 2475 10 18 è
188 2485 24 3 —
217 2479 67 19 pensu,
293 2473 98 19 arrimbalu
401 2479 13 13 a
420 2479 38 13 una
475 2477 50 14 croce
532 2481 23 5 —

110 2503 36 19 Stu
152 2508 46 13 nom
204 2502 107 19 dulrissimu
318 2502 71 22 inçanlu
396 2501 11 19 ?

108 2531 109 23 Stasera’gni
223 2535 42 14 cosa
273 2530 25 18 ha
304 2535 13 13 a
323 2534 19 14 so
349 2535 39 13 voce
395 2536 8 12 :

109 2558 109 24 Slasera’gni
225 2563 43 14 cosa
275 2564 15 13 u
296 2562 20 15 so
323 2559 57 17 cantu.

136 2603 28 19 Da
172 2604 47 18 tutlu
226 2609 16 12 u
249 2603 60 19 criatu
315 2608 26 13 un
348 2604 84 17 cuncenlu

108 2632 17 18 A
134 2631 62 19 DhTsi
202 2631 70 19 sulleva
281 2631 20 18 in
309 2631 22 18 de
339 2631 59 21 st’ore,-

111 2660 19 17 E
138 2661 44 17 lutta
189 2664 21 14 sa
217 2660 72 18 musica
297 2664 12 13 a
316 2660 50 17 senlu

110 2687 80 23 Ripetesi
196 2688 74 18 rent’au
276 2692 30 13 mo
315 2691 44 14 core.

356 2726 23 22 U
388 2725 141 24 Babbuziu.

163 2825 38 37 La
221 2826 85 36 Corse
315 2825 169 46 Touristique

115 2961 6 4 -
127 2946 26 23 Le
164 2946 93 24 Muméro
266 2947 29 24 de
303 2947 80 24 Février
391 2947 28 24 de
431 2949 58 23 cette
500 2947 17 27 si
529 2947 32 24 in-

88 2986 120 25 téressante
224 2991 67 18 revue
311 2985 56 24 vient
385 2986 28 24 de
433 2988 95 29 paraître

121 3033 52 23 Une
181 3041 46 15 vue
234 3035 31 22 de
274 3034 73 27 Calvi,
354 3035 44 22 due
408 3037 14 20 à
429 3036 32 22 M.
474 3036 87 23 Toma-

92 3069 26 20 si
128 3073 29 15 en
167 3066 92 24 illustre
266 3068 25 22 la
301 3071 142 20 couverture.

92 3105 35 22 Le
135 3107 60 20 texte
212 3108 45 25 est,
277 3113 88 15 comme
392 3108 114 28 toujours,
528 3110 34 19 at-

93 3141 92 26 trayant
191 3141 24 20 et
229 3139 125 22 instructif.
366 3140 36 22 En
411 3141 64 22 voici
494 3141 68 22 d’ail-

92 3171 63 21 leurs
159 3171 23 21 le
188 3172 127 22 sommaire
321 3172 127 29 :Editorial;
457 3174 35 22 La
507 3173 55 22 Cor-

93 3211 27 15 se
132 3206 23 19 et
170 3204 23 21 la
215 3205 136 28 Sardaigne,
371 3213 42 21 par
435 3207 23 22 M
461 3208 102 22 .Henri

93 3237 157 28 Pieranqeli;
279 3237 33 22 Le
338 3238 121 24 Tourisme
491 3242 31 20 et.
541 3240 23 22 le

94 3269 79 22 Crédit
185 3270 109 28 hôtelier,
307 3271 78 28 parM.
395 3273 25 21 S.
432 3273 133 28 Sampolo;

93 3302 119 29 Napoléon
223 3304 128 29 repose-t-il
362 3311 45 15 aux
424 3305 118 23 Invalides
551 3306 14 22 ?

94 3335 10 28 (
111 3336 60 21 suite
181 3338 24 19 et
215 3336 34 22 fin
256 3337 19 28 ),
286 3343 42 22 par
335 3337 31 21 M.
378 3337 85 24 Henri
482 3340 84 21 Omes-

94 3374 39 19 sa;
139 3367 44 22 Les
195 3368 130 23 Calancbes
332 3369 29 22 de
374 3369 71 24 Piana
450 3372 8 27 (
466 3373 85 20 sonnet
556 3372 9 28 )

94 3407 45 22 par
153 3399 33 22 M.
196 3400 66 22 Maoc
278 3402 87 27 Roqer;
377 3403 97 28 Ajaccio
486 3406 14 19 à
519 3406 48 19 tra-

94 3439 55 16 vers
160 3432 34 22 les
204 3435 67 26 âges,
284 3441 43 21 par
332 3434 31 22 M.
376 3435 67 23 Paul
459 3437 109 28 Gracia-

94 3472 40 20 nt",
142 3464 34 22 La
191 3465 75 23 Corse
277 3469 14 19 à
305 3466 65 22 Paris
378 3467 9 27 (
397 3469 131 27 exposition
539 3469 29 21 de

96 3498 101 29 peintres
208 3498 31 22 de
244 3498 26 22 la
285 3498 71 22 Corse
371 3499 17 27 ),
399 3506 43 21 par
452 3501 34 21 M.
495 3502 73 21 Pier-

97 3538 31 16 re
138 3531 117 22 Bonardi
266 3532 19 27 ):
294 3531 106 22 Marbeuf
408 3535 23 19 et
442 3533 25 22 la
487 3533 80 27 Corse,

97 3571 44 22 par
148 3564 31 21 M.
194 3565 109 22 Charles
318 3564 98 27 Chassé;
426 3565 60 22 Nuit
496 3565 73 22 Corse

97 3599 10 27 (
113 3597 77 30 poésie
197 3598 10 28 )
217 3605 43 21 par
268 3597 32 22 M.
313 3597 87 22 Pierre
407 3598 73 27 Leca;
494 3598 75 28 Voya-

97 3638 32 22 ge
145 3637 30 15 en
196 3630 74 23 Corse
278 3631 9 28 (
298 3636 80 16 roman
385 3630 10 28 )
405 3637 43 22 par
449 3631 30 28 J.
492 3631 31 22 de
542 3631 28 21 la

98 3665 54 22 Par
150 3665 53 26 ata;
213 3663 91 23 Choses
309 3665 24 20 et
340 3665 87 20 autres.

129 3703 35 22 On
172 3705 83 20 trouve
271 3703 24 21 la
306 3702 77 21 Corse
405 3702 166 28 Touristique

100 3738 58 22 dans
169 3738 53 20 tous
245 3736 36 22 les
293 3735 109 28 kiosques
415 3737 25 20 et
447 3735 124 28 dépositai-

99 3778 39 16 res
150 3770 28 22 de
184 3770 127 29 journaux.

727 179 383 53 GIURNALI
1143 173 237 53 CORSI

563 310 37 22 La
611 308 108 23 Bataille
728 306 82 23 Corse.
824 316 28 7 —
862 309 100 23 55-5-55.

630 351 114 20 L’Affaire
752 349 91 20 Marlier
851 353 27 14 se
886 351 64 14 corse
962 346 6 17 !

586 434 77 21 ...Donc,
669 433 21 17 le
697 431 61 23 préfet
765 431 23 17 de
801 430 19 17 la
828 429 57 18 Corse
893 428 29 18 est
932 431 38 14 ans
976 426 61 22 prises

563 466 45 14 avec
615 462 20 17 la
641 460 76 23 justice.
729 458 49 19 C’est
785 457 49 21 bien,
849 456 48 18 mais
910 459 21 14 ce
943 454 49 18 n’est
1003 457 34 18 pas

563 490 41 18 tout
613 488 6 18 !
627 489 51 17 Nous
692 486 112 19 demandons
817 489 36 13 son
867 483 64 22 départ
941 480 97 19 immédiat

563 518 24 17 de
594 517 45 18 chez
646 519 49 15 nous
704 514 6 18 !

584 545 50 18 Dans
641 544 30 17 les
679 542 133 18 circonstances
820 538 103 23 présentes,
932 541 33 13 son
980 536 59 17 main-

563 572 39 18 tien
609 572 12 17 à
628 572 20 17 la
655 571 39 18 tête
702 570 24 17 de
733 569 54 18 notre
794 565 128 24 département
927 564 49 18 n’est
981 563 58 22 guère

561 600 45 22 plus
613 598 83 24 possible
702 603 7 17 ;
716 597 42 23 agir
764 594 110 21 autrement,
881 593 47 18 c’est
932 591 63 19 fouler
1000 595 39 13 aux

563 628 53 22 pieds
632 627 29 18 les
672 625 94 23 principes
773 621 145 20 fondamentaux
927 620 24 17 de
957 619 20 18 la
986 618 53 18 sécu-

563 655 37 19 rité
607 654 96 24 publique.

585 684 28 17 En
621 683 42 17 tout
669 686 38 17 cas,
716 681 28 17 les
761 680 64 17 Corses
839 678 67 21 dignes
918 677 24 16 de
952 680 22 13 ce
987 678 50 17 nom,

563 715 25 14 ne
594 710 84 22 peuvent
684 713 35 17 pas
723 712 22 13 se
752 707 46 17 faire
803 706 29 17 les
837 705 93 18 recéleurs
940 703 26 17 du
974 701 66 18 bandit

563 737 81 19 Marlier.
651 736 27 18 Us
684 734 111 23 s’apprêtent
802 733 12 18 à
825 732 89 19 exécuter
923 731 19 18 le
949 730 53 23 geste
1015 729 24 17 de

564 764 90 20 salubrité
665 762 90 24 publique
761 765 35 19 que
803 761 19 18 le
828 758 147 25 gouvernement
983 761 22 14 se
1010 761 30 13 re-

564 794 43 17 fuse
618 791 121 22 d’accomplir
748 789 6 19 i
763 789 20 18 Si
790 789 19 18 la
822 788 58 18 Corse
888 786 68 18 choisit
968 789 72 14 comme

564 819 137 25 représentants
710 819 33 17 des
752 816 94 20 individus
854 815 57 23 ayant
918 813 35 18 usé
964 813 20 18 le
994 812 46 19 fond

564 850 24 17 de
595 849 53 18 leurs
655 847 81 18 culottes
742 850 34 14 sur
782 845 28 18 les
815 845 58 17 bancs
878 843 25 17 de
908 843 19 17 la
931 840 110 19 correction-

565 877 55 21 nelle,
628 881 21 13 ce
659 875 51 19 n’est
722 879 34 18 pas
763 877 38 14 une
812 872 64 18 raison
889 869 73 19 valable
975 869 24 17 de
1011 868 30 18 lui

565 905 82 22 imposer
655 904 35 17 des
697 902 71 23 préfets
775 900 75 19 accusés
858 897 120 20 d’assassinat
986 896 6 19 !
1001 896 40 21 Que

565 937 35 14 nos
611 932 72 23 préfets
700 930 62 19 soient
777 927 77 20 doublés
871 927 56 18 d’une
934 923 107 20 imbécillité

565 960 116 23 crapuleuse,
688 962 56 19 passe
751 961 65 14 encore
825 955 6 18 !
837 955 53 19 Nous
898 958 68 15 savons
975 957 22 14 ce
1004 956 38 18 que

566 989 64 18 valent
634 988 44 17 tous
690 986 30 18 les
731 985 102 18 hannetons
847 983 48 18 triés
906 987 34 13 sur
949 981 21 18 le
982 980 58 21 volet,

566 1017 56 22 qu’on
634 1019 49 14 nous
691 1013 67 19 envoie
772 1013 12 18 à
796 1012 72 22 chaque
883 1009 122 23 changement
1018 1008 24 17 de

566 1044 69 22 saison,
642 1044 13 17 à
661 1042 81 23 Ajaccio.
753 1041 46 18 Mais
806 1041 58 21 qu’on
871 1038 90 19 choisisse
967 1037 20 18 la
999 1035 43 19 Cor

566 1077 22 14 se
599 1075 72 15 comme
675 1071 20 18 le
701 1069 84 23 dépotoir
796 1069 33 17 des
840 1064 203 21 fonctionnaires-indé-

567 1100 78 19 sirables
658 1099 60 22 qu’un
727 1098 43 17 tout
782 1097 53 18 autre
854 1094 126 23 département
992 1092 51 18 fran-

567 1128 38 21 çais
610 1132 26 14 ne
645 1126 89 19 voudrait
743 1130 39 18 pas,
791 1125 39 18 cela
842 1123 78 22 dépasse
929 1122 24 18 de
966 1122 21 17 la
1000 1120 43 22 part

567 1157 27 18 du
601 1154 148 25 gouvernement
756 1154 23 17 de
784 1153 19 18 la
807 1151 123 23 République,
938 1150 29 18 les
975 1149 67 17 bornes

567 1184 27 18 du
600 1182 100 23 sans-gêne
706 1181 6 18 î

589 1211 25 18 Et
617 1212 25 17 dé
648 1210 63 23 quelle
718 1208 86 22 autorité,
811 1208 24 17 de
841 1206 46 23 quel
896 1204 87 24 prestige,
995 1203 48 18 Mar-

567 1239 40 19 lier
617 1237 102 24 jouira-t-il
730 1237 102 18 désormais
845 1234 69 23 auprès
925 1233 24 18 de
960 1232 83 22 l’opinon

568 1270 92 23 publique
668 1273 54 14 corse
728 1266 11 20 ?

591 1341 71 22 Depuis
671 1339 55 19 notre
731 1337 90 24 première
831 1334 128 25 protestation,
971 1333 29 18 les
1008 1332 36 18 let-

569 1370 39 17 tres
620 1369 25 17 de
655 1372 36 14 nos
702 1367 48 18 amis
763 1365 80 18 affluent
859 1369 25 13 au
898 1363 70 18 bureau
985 1361 24 18 de
1025 1360 19 17 la

569 1395 80 19 Bataille
658 1395 59 18 Corse.
725 1394 73 21 Disons,
805 1393 43 18 tout
854 1392 25 17 de
886 1390 55 22 suite,
952 1393 38 18 que
1002 1389 43 17 tou-

569 1425 29 17 tes
615 1424 44 18 sont
675 1422 113 19 admirables
802 1421 24 17 de
836 1422 80 19 courage
934 1418 20 17 et
967 1416 77 23 qu’elles

570 1453 43 18 sont
621 1450 112 23 empreintes
745 1450 23 17 de
774 1450 17 17 la
797 1448 43 23 plus
848 1447 82 18 violente
934 1446 20 17 et
961 1443 83 24 légitime

570 1479 118 24 indignation
694 1478 5 18 !

593 1509 16 17 Il
617 1513 13 18 y
636 1513 12 13 a
654 1508 24 18 de
683 1506 45 23 quoi
736 1505 5 18 1
750 1506 26 18 De
781 1505 32 23 gré
820 1509 26 14 ou
857 1504 25 17 de
893 1502 55 21 force,
956 1501 14 18 il
979 1500 65 19 faudra

570 1542 37 18 que
615 1536 74 19 Marlier
694 1534 119 23 déguerpisse
819 1532 44 18 bien
871 1531 40 19 vite
918 1530 5 18 !
932 1530 5 18 !
948 1529 5 19 !

593 1566 50 18 Nous
651 1568 81 15 sommes
738 1563 82 18 heureux
826 1561 24 18 de
854 1560 93 19 constater
952 1562 36 18 que
991 1557 54 18 notre

571 1594 78 18 vaillant
668 1592 47 21 ami,
734 1591 56 18 Petru
808 1590 66 21 Rocca,
899 1587 93 18 directeur
1021 1585 21 17 di

570 1622 15 18 A
594 1621 73 22 Muvra,
673 1621 32 17 bat
710 1620 19 18 le
734 1619 34 22 fer,
773 1619 25 17 du
805 1617 61 19 même
874 1615 42 19 côté
924 1615 24 18 de
958 1614 19 18 la
986 1612 58 19 barri-

571 1651 45 17 cade
621 1654 36 18 que
663 1653 49 14 nous
721 1647 5 19 !
733 1648 50 17 Nous
789 1646 36 18 l’en
833 1645 95 19 félicitons
935 1643 5 18 !
947 1642 97 19 D’ailleurs

572 1683 34 13 son
613 1677 80 19 attitude
703 1678 113 20 courageuse
823 1674 31 18 est
864 1672 39 19 loin
911 1673 23 17 de
942 1674 47 15 nous
998 1674 46 14 sur-

572 1707 78 22 prendre
656 1710 6 18 ;
674 1705 72 22 chaque
756 1703 36 19 fois
799 1706 37 19 que
840 1702 99 18 l’honnenr
948 1700 24 17 de
976 1699 19 18 la
1001 1698 44 18 Cor-

572 1739 21 15 se
603 1735 30 18 est
643 1738 24 13 en
680 1732 40 24 jeu,
728 1732 28 18 les
770 1731 57 18 frères
838 1730 60 18 Rocca
910 1728 41 19 sont
963 1731 24 14 au
1000 1730 45 19 pre-

572 1763 48 18 mier
626 1766 46 18 rang
682 1761 25 18 de
711 1761 18 17 la
738 1759 75 19 Bataille
818 1758 5 18 !
835 1758 60 18 Bravo
904 1756 5 18 !

595 1790 61 22 Quant
672 1793 39 14 aux
728 1788 62 18 autres
800 1785 101 21 confrères,
917 1784 24 18 ils
961 1783 42 19 font
1018 1782 28 18 les

574 1819 58 18 morts
642 1818 5 17 !
661 1817 98 22 Espérons,
775 1819 46 18 pour
837 1814 42 18 leur
900 1813 84 18 honneur
1002 1814 43 19 que,

573 1850 71 15 comme
650 1846 74 18 Lazare,
729 1844 25 18 ils
761 1842 143 20 ressusciteront
911 1845 25 14 un
940 1840 43 23 jour
987 1844 6 17 ;
999 1838 48 19 mais

574 1879 79 18 pourvu,
665 1874 37 17 bon
710 1873 52 21 Dieu,
769 1875 36 19 que
813 1875 21 14 ce
842 1875 25 14 ne
875 1869 37 19 soit
924 1872 33 19 pas
967 1867 54 23 après
1029 1867 18 18 la

575 1903 76 22 bagarre
659 1901 27 19 !...

793 1926 112 23 Dominique
911 1923 114 21 BATTESTI.

575 2035 38 22 La
626 2033 122 24 Nouvelle
762 2033 82 22 Corse.
862 2043 23 4 —
893 2031 99 26 28-2-25.

597 2085 29 19 En
633 2086 57 18 vertu
697 2085 25 18 de
732 2084 44 22 quel
783 2083 67 18 article
860 2083 25 17 de
901 2082 41 17 leur
957 2083 94 20 program-

576 2119 31 13 me
614 2115 21 17 et
641 2114 25 18 de
671 2114 53 17 leurs
732 2111 113 24 professions
853 2111 25 18 de
885 2109 28 19 foi
919 2109 43 18 MM.
977 2109 24 17 de
1013 2108 39 18 Mo-

576 2142 107 19 ro-Giafferi
695 2142 21 17 et
727 2139 89 20 Gaitueoli
823 2138 66 19 ont-ils
905 2137 43 19 voté
962 2137 64 18 contre
1033 2136 19 18 le

576 2170 86 23 Vatican,
671 2168 116 19 c’est-à-dire
797 2168 65 17 contre
868 2167 20 18 la
895 2165 85 23 religion,
988 2165 65 18 contre

576 2199 19 18 le
603 2198 101 19 sentiment
711 2197 34 18 des
751 2196 121 22 catholiques,
880 2194 64 18 contre
948 2193 19 18 la
972 2192 57 19 Corse
1039 2191 10 19 ?

599 2225 95 24 Pourquoi
703 2225 44 18 n’en
755 2224 63 18 ont-ils
825 2223 68 23 jamais
898 2221 52 24 parlé
956 2221 47 18 dans
1008 2221 43 18 leur

577 2254 78 18 tournée
662 2252 98 19 électorale
767 2251 10 18 ?

599 2281 95 23 Pourquoi
702 2280 70 19 ont-ils
781 2279 72 23 trompé
862 2279 29 18 les
895 2276 116 25 populations
1019 2275 11 19 ?

601 2310 59 22 Qu’en
667 2309 79 23 pensent
756 2308 29 18 les
795 2307 118 22 catholiques
924 2306 24 18 de
960 2305 63 18 Bastia
1033 2305 20 18 et

578 2339 24 18 de
610 2338 78 19 Sartène
694 2336 12 19 ?

607 2417 38 22 La
656 2416 85 23 Corse.
752 2426 21 5 --
785 2420 85 23 z-3-25.

752 2456 23 19 A
789 2456 107 19 Moresca

603 2521 26 18 La
636 2519 109 25 génération
752 2519 78 18 actuelle
843 2518 67 23 ignore
921 2521 37 18 que
964 2516 20 18 la
991 2515 63 22 Corse,

587 2553 65 14 :omme
660 2548 83 18 d’autres
750 2547 77 22 peuples
834 2547 13 18 à
853 2546 57 18 l’âme
917 2545 82 21 ardente,
1013 2548 43 19 pos-

587 2577 54 18 ïédait
647 2581 23 14 sa
677 2577 59 17 danse
743 2575 100 23 guerrière,
853 2574 34 23 qui
895 2572 95 24 s’appelait
1002 2578 10 11 «
1018 2572 38 17 Mo-

587 2610 47 14 •esca
642 2611 17 16 »,
669 2609 26 14 on
701 2604 21 18 la
729 2603 72 19 dansait
808 2607 68 14 encore
883 2607 26 13 au
914 2601 54 19 siècle
974 2600 80 19 dernier,

587 2633 59 19 l’était
653 2637 38 14 une
704 2633 57 17 danse
771 2631 102 23 pyrrhique
880 2634 37 19 que
924 2629 28 18 les
964 2633 38 14 uns
1015 2628 42 18 font

587 2662 89 17 remonter
682 2664 39 15 aux
728 2659 78 22 Maures,
816 2659 82 18 d’autres
905 2662 38 13 aux
955 2656 64 19 Grecs.
1031 2655 26 19 Ce

587 2689 41 22 lu’il
635 2694 14 18 y
656 2693 13 14 a
677 2689 23 18 de
708 2687 76 22 certain,
793 2686 47 19 c’est
847 2685 85 24 qu’après
939 2685 28 18 les
980 2688 77 19 guerres

587 2718 28 18 les
624 2717 97 18 Chrétiens
728 2716 63 17 contre
798 2715 29 18 les
831 2714 81 22 Maures,
921 2718 25 13 on
954 2712 30 19 lui
997 2713 61 18 donna

587 2750 14 13 e
608 2750 45 13 nom
661 2745 24 18 de
694 2749 10 12 «
712 2743 82 19 Moresca
801 2749 18 12 ».

604 2773 18 18 Il
629 2774 30 18 est
667 2771 112 24 regrettable
786 2775 36 19 que
830 2775 81 18 presque
918 2771 43 17 tous
965 2774 35 14 nos
1005 2769 53 18 chro-

587 2802 86 22 niqueurs
681 2804 63 15 corses
752 2799 61 19 soient
820 2799 60 19 restés
885 2798 62 19 muets
952 2798 12 17 à
971 2802 23 14 ce
1001 2797 56 22 sujet,

587 2834 58 14 meun
661 2828 100 19 document
773 2827 44 19 noté
829 2832 26 14 ne
868 2831 48 15 nous
929 2831 12 13 a
953 2825 57 19 laissé
1023 2826 33 18 des

587 2858 57 18 traces
651 2856 100 19 musicales
759 2861 6 17 ;
776 2860 34 14 nos
817 2855 115 19 incessantes
948 2854 109 18 recherches

587 2886 41 17 sont
643 2885 71 19 restées
729 2883 138 19 infructuèuses
884 2884 20 17 et
918 2882 53 19 n’ont
986 2882 72 18 aboutit

587 2914 41 21 qu’à
640 2914 34 17 des
690 2912 89 18 résultats
793 2911 88 23 négatifs.
898 2910 30 19 L’«
938 2909 120 24 Orchésogra-

587 2941 42 22 phie
638 2947 9 11 »
656 2941 25 18 de
688 2940 86 22 Thoinot,
783 2944 82 18 ouvrage
874 2939 40 18 très
924 2938 71 23 ancien,
1009 2942 49 14 nous

587 2969 33 18 fait
628 2969 68 22 savoir,
704 2968 94 23 pourtant,
807 2972 37 18 que
856 2973 10 12 «
874 2967 20 18 la
906 2967 96 22 Moresque
1010 2972 11 12 »
1038 2970 21 14 se

587 2997 71 18 dansait
666 3001 24 14 en
698 2996 52 22 plein
757 2995 28 18 air
792 3000 34 17 par
833 2996 35 18 des
875 2999 83 14 mesures
970 2994 88 23 binaires,

587 3025 19 18 et
612 3025 47 18 c’est
666 3024 43 18 tout
717 3023 6 18 î

607 3058 47 18 Plus
661 3057 44 23 près
723 3057 23 17 de
759 3061 53 17 nous,
829 3057 21 18 et
865 3057 20 18 le
902 3056 41 18 seul
951 3056 33 22 qui
994 3060 25 14 en
1026 3056 35 18 fait

586 3085 138 22 mention,c’est
730 3084 59 18 l’abbé
797 3083 126 23 Gaudin,dans
931 3088 34 14 son
971 3089 9 11 «
986 3084 75 22 Voyage

587 3119 24 12 en
619 3112 56 19 Corse
684 3117 33 18 ,en
723 3111 45 18 1788
771 3116 34 13 »en
812 3116 50 14 nous
870 3112 81 17 donnant
955 3111 44 22 plus
1003 3112 25 18 de
1030 3111 32 18 dé-

586 3141 44 18 tails
638 3141 12 18 à
655 3145 23 14 ce
686 3140 31 22 suj
718 3140 104 22 et,puisque
829 3139 98 19 lui-même
934 3143 48 14 nous
986 3139 29 18 dit
1025 3140 38 17 d’a-

586 3169 43 17 voir
636 3167 67 20 assisté
711 3168 13 17 à
730 3167 52 18 l’une
789 3168 23 17 de
820 3172 32 14 ces
860 3167 155 23 représentations
1029 3171 34 14 sur

586 3196 20 18 la
609 3196 54 22 place
671 3196 23 17 de
701 3195 102 18 Vescovato
811 3200 25 13 en
843 3195 108 22 compagnie
954 3195 23 18 de
990 3195 74 18 M.Mar-

587 3223 59 18 bceuf.
654 3223 17 18 Il
679 3228 26 13 va
712 3222 61 19 même
780 3222 74 23 jusqu’à
862 3223 91 22 regretter
960 3223 24 18 de
993 3227 26 14 ne
1029 3227 34 18 pas

588 3252 95 17 connaître
690 3255 54 14 assez
751 3250 20 18 la
777 3251 89 22 musique
874 3251 40 18 afin
921 3251 23 17 de
953 3251 54 17 noter
1023 3255 41 14 mu-

588 3279 109 18 sicalement
712 3278 29 18 les
757 3278 76 23 figures,
849 3279 35 22 qui
900 3283 21 14 se
937 3279 96 17 dansaient
1039 3283 25 13 au

589 3307 78 18 nombre
675 3307 23 17 de
706 3307 65 17 douze.

611 3339 104 19 Vescovato
723 3338 51 22 était,
787 3339 143 23 généralement,
944 3339 19 18 le
975 3340 91 22 principal

589 3366 74 18 théâtre
671 3367 23 17 de
703 3371 32 13 ces
743 3366 162 22 représentations,
916 3367 20 17 la
944 3366 98 23 Moresque
1052 3372 14 17 y

591 3393 31 18 fut
637 3394 68 18 dansée
723 3398 24 13 en
762 3393 99 19 l’honneur
874 3395 24 17 de
915 3393 99 23 Sampiero,
1023 3395 44 21 plus

591 3421 48 21 tard,
648 3426 26 13 au
681 3422 62 21 temps
751 3421 24 17 de
781 3421 52 18 Paoli
842 3427 6 16 ;
864 3421 57 21 enfin,
930 3426 24 13 en
964 3421 53 23 1817,
1034 3427 34 12 au-

591 3448 38 18 rait
636 3453 25 13 eu
668 3449 40 17 lieu
715 3449 19 17 le
742 3449 73 17 dernier
823 3449 93 22 spectacle
923 3449 24 17 de
954 3453 21 14 ce
980 3453 64 18 genre.

614 3475 52 18 Nous
675 3480 68 14 savons
751 3480 36 17 que
794 3476 19 17 la
821 3476 56 18 scène
885 3476 46 17 était
938 3476 19 17 la
968 3476 53 21 place
1034 3481 35 18 pu-

592 3502 64 23 blique
668 3503 23 17 de
703 3503 102 17 Vescovato
822 3503 34 22 qui
872 3503 51 18 avait
935 3507 48 18 pour
998 3504 71 22 amphi-

593 3529 72 18 théâtre
672 3530 29 18 les
709 3530 53 17 verts
776 3529 77 19 côteaux
862 3531 25 17 où
903 3535 21 13 se
940 3530 83 18 tenaient
1035 3532 34 17 des

593 3557 79 18 milliers
680 3557 23 18 de
713 3557 113 21 spectateurs
834 3562 90 14 accourus
932 3558 23 17 de
961 3558 64 18 toutes
1040 3559 29 17 les

594 3585 69 20 parties
671 3585 23 17 de
704 3584 42 18 Hle
754 3589 6 17 ;
777 3584 29 18 les
822 3586 82 20 acteurs,
913 3590 24 13 au
952 3585 79 18 nombre
1046 3586 24 23 de

595 3611 49 18 deux
652 3613 54 16 cents
714 3612 19 17 et
740 3612 44 22 plus
791 3613 76 21 parfois,
876 3613 70 18 étaient
952 3613 86 22 partagés
1045 3618 25 13 en

595 3638 50 18 deux
652 3643 88 18 groupes.
750 3639 75 23 Chaque
833 3641 82 18 danseur
922 3641 51 17 avait
980 3645 27 14 un
1025 3641 46 22 glai-

594 3670 25 13 ve
627 3667 47 18 dans
681 3667 20 18 la
709 3667 52 18 main
768 3667 59 18 droite
838 3669 20 17 et
872 3669 47 15 dans
925 3668 21 18 la
959 3668 72 23 gauche
1043 3674 28 13 un

595 3694 89 23 poignard
701 3699 7 13 :
725 3694 20 17 la
752 3695 81 18 cuirasse
850 3696 55 24 seulg
917 3696 110 22 distinguait
1041 3697 30 19 les

595 3720 74 20 Maures
677 3722 33 18 des
719 3721 102 20 Chrétiens.

617 3755 18 17 Il
642 3756 30 17 est
678 3755 95 19 vraiment
780 3756 96 24 dommage
885 3762 36 18 que
928 3761 48 14 nous
987 3758 44 19 n’en
1042 3764 30 13 sa-

596 3781 65 20 chions
670 3787 34 18 pas
713 3784 102 23 davantage
823 3790 35 14 sur
865 3790 22 14 ce
894 3786 48 18 beau
950 3786 62 19 drame
1019 3787 53 19 théâ-

1061 300 37 18 tral
1106 304 24 13 en
1137 299 51 22 plein
1199 298 35 18 air.
1252 297 54 18 Nous
1319 295 68 18 faisons
1403 290 55 23 appel
1473 289 13 17 à
1501 292 35 13 nos

1061 328 87 21 lecteurs,
1157 326 48 22 épris
1214 326 34 17 des
1257 326 67 17 choses
1332 323 24 17 du
1363 319 61 24 passé,
1433 317 34 24 qui
1481 320 56 18 pour-

1062 355 60 18 raient
1129 354 51 18 avoir
1186 354 33 17 des
1227 353 70 18 détails
1307 351 42 23 plus
1356 347 59 24 précis
1430 346 23 17 de
1469 344 68 18 nature

1061 383 12 17 à
1080 387 48 13 nous
1137 381 75 19 éclairer
1220 381 105 21 davantage
1332 382 32 14 sur
1372 380 21 14 ce
1400 374 59 23 point.

1348 411 67 19 Xavier
1422 406 91 21 TOMASI.

1091 512 96 22 L’Echo
1198 511 33 22 de
1241 511 27 22 la
1280 511 82 22 Corse.
1371 508 136 24 —19-2-25.

1108 555 140 19 L’Annuaire
1257 552 94 25 général
1357 550 40 18 des
1411 547 82 20 Corses

1085 625 112 23 J’applaudis
1205 625 23 17 de
1235 624 46 17 tout
1292 626 51 15 coeur
1355 621 12 17 à
1379 619 54 18 votre
1446 614 93 21 initiative

1064 655 20 18 et
1091 659 48 13 vous
1147 653 85 18 souhaite
1238 656 41 13 une
1287 650 61 23 pleine
1356 646 87 19 réussite.

1085 682 24 18 Je
1115 681 87 18 voudrais
1210 685 38 17 que
1256 679 21 18 la
1284 675 111 25 publication
1403 675 24 16 de
1435 673 53 17 votre
1501 671 38 16 An-

1063 709 67 19 nuaire
1146 708 27 18 ait
1187 712 48 18 pour
1251 703 92 26 principal
1358 700 78 20 résultat
1453 700 23 17 de
1492 698 47 17 faire

1064 736 120 23 comprendre
1197 739 38 14 aux
1243 734 34 17 fils
1292 731 57 18 exilés
1357 730 23 17 de
1393 728 71 23 Cyrnos
1471 726 19 17 la
1507 725 33 17 né-

1064 764 68 19 cessité
1148 765 23 16 de
1187 763 64 18 mieux
1269 765 22 13 se
1307 757 92 20 connaître
1413 756 20 18 et
1446 755 24 17 de
1480 753 61 18 s’umr

1064 792 41 19 s’ils
1113 791 77 19 veulent
1196 795 25 14 ne
1228 789 46 23 plus
1287 787 40 18 être
1339 785 64 18 traités
1420 785 70 16 comme
1506 780 34 17 des

1064 820 58 23 petits
1129 819 72 22 nègres,
1211 818 18 18 si
1236 816 55 19 enfin
1299 815 25 18 ils
1331 813 76 19 veulent
1415 811 40 18 être
1462 809 47 19 forts
1520 808 21 17 et

1065 849 98 18 demeurer
1178 847 66 22 dignes
1261 844 25 17 de
1302 842 51 18 leurs
1368 841 53 22 pères
1441 836 72 20 tombés
1529 841 12 12 a

1065 875 135 19 Ponte-Nuovo.

1200 899 97 22 Antoni,
1306 898 12 18 à
1325 895 92 20 Saint-Dié
1425 892 92 25 (Vosges),

1125 987 137 51 ÂLTR1
1296 979 185 53 JORNALI

1067 1102 164 25 L’Humanité

1171 1139 131 22 L’Honnête
1318 1135 120 21 Millerand

1090 1196 70 23 Depuis
1172 1196 43 22 plus
1232 1195 25 17 de
1276 1192 63 19 trente
1350 1195 40 18 ans,
1417 1189 31 18 cet
1468 1187 75 18 homme

1067 1225 55 19 mène
1138 1225 13 18 à
1157 1225 19 17 la
1192 1222 77 19 bataille
1285 1221 29 18 les
1322 1220 89 20 hommes,
1428 1216 29 19 les
1465 1214 78 19 coteries

1068 1254 20 18 et
1095 1253 30 18 les
1141 1252 58 23 partis
1215 1251 30 18 les
1262 1249 45 23 plus
1324 1248 67 18 divers.
1399 1246 17 18 U
1437 1250 12 13 a
1464 1242 43 25 joué
1513 1243 30 17 les

1068 1281 70 24 grands
1154 1279 90 24 premiers
1265 1277 53 18 rôles
1334 1277 44 17 dans
1394 1275 20 18 le
1420 1273 50 23 parti
1486 1271 58 18 socia-

1068 1310 45 18 liste
1144 1308 56 19 avant
1216 1305 116 20 d’entraîner
1349 1304 18 18 le
1382 1303 45 18 Bloc
1442 1299 86 20 National
1532 1299 12 17 à

1068 1337 78 19 l’assaut
1162 1337 26 18 du
1214 1334 88 24 pouvoir.
1319 1333 17 17 B.
1359 1336 12 13 a
1386 1330 82 19 défendu
1474 1327 70 20 Lucien

1068 1366 98 21 Descaves,
1183 1362 99 24 poursuivi
1298 1365 47 19 pour
1353 1366 9 11 «
1371 1358 87 23 Sous-offs
1466 1363 10 12 B
1487 1356 58 19 avant

1069 1395 24 16 de
1110 1396 108 19 prononcer,
1236 1395 51 18 pour
1302 1390 20 18 le
1338 1387 69 20 Comité
1426 1387 34 17 des
1475 1385 69 21 Forges

1069 1422 35 18 des
1111 1420 105 23 plaidoiries
1230 1419 46 22 plus
1294 1414 158 22 rémunératrices.
1469 1413 16 18 Il
1493 1417 12 13 a
1512 1416 33 14 en-

1068 1449 62 18 traîné
1146 1449 33 17 des
1197 1447 63 18 foules
1277 1447 65 17 naïves
1349 1443 86 24 jusqu’au
1451 1441 44 23 pied
1511 1440 34 18 des

1069 1478 86 18 tribunes
1162 1475 107 24 populaires
1287 1473 57 20 avant
1358 1471 112 18 d’entraîner
1485 1469 20 18 la
1515 1472 31 15 co-

1069 1506 48 18 terie
1134 1505 33 18 des
1183 1508 69 18 recors,
1268 1504 35 17 des
1311 1501 88 24 pêcheurs
1416 1504 24 13 en
1451 1503 35 14 eau
1494 1498 52 17 trou-

1069 1534 32 19 ble
1117 1534 21 17 et
1151 1533 33 18 des
1200 1533 79 17 forbans
1296 1529 90 20 d’affaires
1402 1529 13 17 à
1421 1528 20 18 la
1449 1526 55 19 curée
1512 1526 34 17 des

1069 1563 55 18 biens
1141 1562 33 17 des
1190 1560 149 23 congrégations.

1092 1590 47 19 Mjûs
1155 1590 30 18 cet
1200 1589 84 22 homme,
1294 1587 78 23 quoique
1382 1589 38 19 peu
1433 1582 112 24 intelligent,

1069 1619 31 18 est
1115 1617 182 23 remarquablement
1312 1613 94 24 équilibré,
1427 1613 21 18 et
1462 1610 85 23 lorsqu’il

1069 1648 43 18 faut
1124 1650 64 19 passer
1203 1646 13 17 à
1231 1645 21 18 la
1270 1644 60 19 caisse
1337 1647 46 18 pour
1398 1646 23 13 se
1433 1641 46 18 faire
1490 1643 58 19 payer

1069 1681 28 13 un
1113 1675 76 21 service,
1197 1674 16 18 il
1223 1674 32 18 est
1262 1676 68 15 encore
1343 1671 19 18 le
1369 1670 88 23 premier.
1480 1681 5 3 -

1093 1704 50 18 Dans
1159 1702 79 19 l’affaire
1243 1703 10 6 "
1256 1701 35 18 des
1309 1698 145 24 congrégations,
1471 1696 16 19 il
1500 1695 48 19 s’ad-

1070 1732 46 23 juge
1132 1736 28 13 un
1178 1730 74 19 million
1269 1734 27 13 en
1311 1732 33 15 sus
1359 1728 33 17 des
1399 1725 37 20 180
1442 1725 35 18 000
1485 1725 63 18 francs

1070 1760 92 23 auxquels
1170 1764 22 14 se
1198 1759 89 18 montent
1294 1761 31 15 ses
1332 1755 106 20 honoraires
1458 1752 89 19 d’avocat.

1094 1789 37 18 Les
1147 1787 96 23 multiples
1261 1785 115 24 coquineries
1386 1783 47 23 qu’il
1452 1780 97 21 accumule

1072 1822 25 13 en
1112 1817 62 18 trente
1184 1820 34 14 ans
1224 1816 24 17 de
1262 1815 34 18 vie
1309 1813 87 24 politique
1421 1809 99 20 l’amènent

1072 1846 21 18 et
1115 1845 46 18 c’est
1167 1844 101 23 juste—à
1281 1843 20 18 la
1314 1841 105 24 présidence
1432 1840 25 17 de
1463 1839 20 18 la
1486 1837 63 23 Répu-

1073 1874 67 22 blique
1148 1873 24 18 où
1177 1873 15 18 il
1200 1872 88 19 s’efforce
1293 1871 24 18 de
1329 1870 59 18 briser
1399 1869 21 18 le
1427 1868 60 22 cadre,
1502 1861 47 28 qu’il

1074 1902 46 23 juge
1133 1906 27 14 un
1170 1905 37 18 peu
1220 1900 65 22 étroit,
1301 1899 24 18 de
1337 1903 21 14 sa
1373 1896 137 23 magistrature.

1095 1930 18 18 Il
1129 1934 67 14 couvre
1211 1929 30 18 les
1258 1928 102 22 tripotages
1375 1926 24 18 de
1414 1924 66 19 Reibel
1502 1923 47 18 dans

1075 1959 31 18 les
1120 1958 73 23 régions
1207 1956 110 22 dévastées,
1326 1955 15 18 il
1345 1955 34 18 fait
1385 1953 82 19 étouffer
1470 1953 19 17 le
1497 1956 53 14 scan-

1064 1987 54 18 _fiale
1133 1987 34 18 des
1180 1989 71 19 sucres,
1261 1984 51 19 celui
1325 1984 32 17 des
1367 1982 60 19 aciers
1440 1980 109 19 allemands.

1075 2015 51 19 C’est
1138 2014 29 18 lui
1182 2013 33 23 qui
1225 2013 70 18 envoie
1299 2013 13 17 à
1318 2011 67 21 Berlin,
1399 2014 72 14 comme
1478 2008 73 19 ambas-

1075 2043 69 18 sadeur
1171 2042 23 17 de
1223 2041 79 21 France,
1320 2039 24 18 M.
1352 2038 94 18 Théodore
1462 2036 87 21 Laurent,

1075 2071 84 18 membre
1174 2069 83 18 influent
1274 2068 34 20 des
1321 2065 100 20 houillères
1437 2066 21 17 et
1470 2065 33 18 des
1512 2063 39 18 for-

1077 2103 34 19 ges
1128 2098 106 21 françaises.

1099 2127 18 18 A
1123 2126 85 23 l’Elysée,
1222 2125 20 18 il
1249 2125 113 18 s’entoure
1381 2122 67 19 d’une
1465 2120 86 19 coterie

1077 2154 170 20 d’aventuriers,
1263 2153 29 18 de
1308 2151 99 24 coquins,
1424 2150 29 18 de
1471 2153 41 15 sac
1527 2148 26 18 et

1078 2183 29 18 de
1127 2181 74 24 corde,
1225 2181 48 23 qu’il
1290 2181 35 18 fait
1345 2179 56 19 sortir
1417 2179 43 18 d’on
1475 2182 25 14 ne
1516 2176 38 19 sait

1076 2211 54 24 quels
1147 2210 95 19 bas-fonds
1259 2210 76 18 boueux
1342 2212 47 19 pour
1399 2207 103 18 constituer
1518 2209 35 14 son

1076 2239 72 19 conseil
1167 2238 53 23 privé
1227 2239 22 17 et
1262 2242 23 14 sa
1302 2237 54 22 garde
1369 2236 110 17 d’honneur.

1101 2267 51 19 C’est
1167 2263 36 22 lui"
1211 2266 34 23 qui
1259 2265 79 23 appelle,
1354 2264 12 18 à
1381 2263 61 23 Paris,
1465 2266 47 19 pour
1525 2261 30 18 lui

1078 2296 71 19 confier
1164 2295 27 18 la.
1199 2294 94 19 direction
1309 2294 23 17 de
1348 2293 19 18 la
1382 2291 68 19 Sûreté
1469 2290 86 24 générale

1077 2325 20 18 le
1107 2330 10 11 «
1126 2324 85 23 sanglant
1230 2323 71 22 coquin
1310 2328 10 10 B
1328 2321 32 22 qui
1374 2320 87 23 s’appelle
1480 2318 75 19 Marlier

1080 2354 21 17 et
1118 2352 58 23 qu’un
1191 2355 48 18 coup
1256 2350 69 19 d’éclat
1334 2350 45 17 dans
1389 2348 71 18 l’Aisne
1467 2347 26 19 où
1508 2347 16 18 il
1531 2346 24 19 fit

1079 2382 64 17 sauter
1155 2380 20 18 le
1187 2379 62 22 préfet
1265 2378 70 19 radical
1355 2377 111 21 Bourienne,
1483 2375 72 23 signala

1079 2410 12 17 à
1107 2408 103 19 l’attention
1238 2408 28 17 du
1283 2407 86 18 sénateur
1389 2405 81 22 Touron,
1495 2403 60 22 obligé

1081 2438 25 17 de
1120 2436 126 19 Millerand....

1102 2464 72 19 Fecce
1184 2469 14 13 e
1206 2463 148 24 cumpagnia;
1362 2460 57 19 tutti
1421 2465 33 14 nu
1463 2460 92 18 listessu

1080 2497 71 15 saccu
1158 2497 6 13 :
1175 2491 126 23 Millerand,
1310 2488 115 24 Poincaré,
1435 2488 100 19 Herriot.

1104 2521 43 19 Chi
1159 2524 29 15 ne
1198 2520 55 22 dite,
1261 2524 15 13 o
1286 2518 64 19 Corsi
1357 2517 13 19 ?

1081 2613 37 22 Le
1134 2611 90 25 Temps

1105 2651 40 19 Peu
1159 2651 12 18 à
1178 2655 42 18 peu,
1238 2654 37 17 par
1282 2654 29 13 un
1326 2648 66 18 travail
1404 2648 43 18 lent
1462 2648 20 17 et
1495 2646 65 19 inexo-

1081 2680 59 22 rable,
1157 2684 25 13 au
1197 2677 116 23 dèspotisme
1326 2676 132 23 hypothétique
1466 2675 44 18 d’un
1526 2674 34 18 Cé-

1083 2713 32 14 sar
1128 2707 46 19 s’est
1186 2704 107 20 substituée
1306 2705 20 17 la
1343 2704 110 22 prépotence
1476 2702 85 19 certaine

1085 2737 58 18 d’une
1153 2734 103 19 assemblée
1273 2733 48 18 dans
1336 2732 52 18 notre
1395 2731 126 22 organisation
1528 2733 33 19 po-

1082 2765 74 22 litique,
1170 2763 56 18 d’une
1243 2760 88 24 majorité
1336 2760 45 18 dans
1385 2759 122 21 l’assemblée,
1516 2758 46 17 d’un

1083 2796 72 21 groupe
1166 2792 45 17 dans
1227 2791 21 18 la
1262 2788 92 23 majorité.
1367 2788 39 18 «La
1414 2787 70 23 grande
1497 2790 65 18 super-

1083 2821 66 20 stition
1153 2820 25 18 de
1184 2819 20 18 la
1211 2818 95 23 politique
1323 2816 112 22 d’autrefois,
1443 2821 13 12 a
1463 2814 47 19 écrit
1516 2814 47 17 Her-

1081 2850 44 19 bèrt
1140 2848 87 23 Spencer,
1245 2845 67 20 c’était
1330 2844 19 19 le
1355 2844 49 18 droit
1412 2843 53 20 divin
1472 2843 34 18 des
1516 2842 46 18 rois.

1081 2879 28 18 La
1124 2876 68 23 grande
1205 2873 124 24 superstition
1344 2873 23 18 de
1379 2872 19 18 la
1405 2872 91 23 politique
1512 2871 51 17 d’au-

1082 2904 101 25 jourd’hui,
1201 2903 47 19 c’est
1263 2903 21 18 le
1301 2900 48 19 droit
1362 2900 52 18 divin
1445 2901 33 17 des
1501 2899 63 18 Parle-

1082 2934 64 19 ments
1154 2939 18 12 B.
1189 2932 27 18 Le
1228 2930 65 20 Cartel
1309 2930 33 17 des
1356 2929 82 22 gauches
1454 2932 68 18 pousse
1544 2927 20 17 la

1083 2961 85 22 divinité,
1186 2960 36 23 qui
1230 2959 103 21 l’offusque
1340 2958 12 17 à
1363 2957 65 22 Rome,
1445 2956 74 23 jusqu’à
1530 2955 34 18 des

1083 2990 74 19 limites
1166 2988 108 19 excessives
1281 2987 13 18 à
1307 2985 58 19 Paris.

1117 3095 122 22 L’Action
1246 3093 145 27 Française.

1109 3154 76 22 Inculpé
1192 3154 24 17 de
1223 3151 108 24 complicité
1338 3152 23 17 de
1369 3152 84 18 meurtre
1457 3151 20 18 et
1484 3151 24 18 de
1516 3154 50 14 com-

1087 3181 64 23 plicité
1159 3182 23 17 de
1189 3180 145 19 détournement
1341 3179 22 18 de
1371 3179 75 18 mineur

1110 3209 47 18 Mais
1165 3210 101 18 sauveteur
1277 3208 28 17 du
1311 3207 55 22 jeune
1378 3207 98 19 Millerand

1111 3237 74 18 Marlier
1192 3238 30 18 est
1230 3240 71 15 encore
1308 3234 60 23 préfet
1375 3236 23 17 de
1405 3236 20 17 la
1432 3235 64 19 Corse.

1118 3293 42 22 Du
1167 3292 89 23 même.

1133 3342 102 19 Vent-on
1240 3342 26 19 le
1273 3341 74 19 Franc
1354 3340 16 18 à
1380 3340 61 18 deux
1451 3344 54 15 sous
1512 3339 13 18 ?

1114 3383 74 18 Herriot
1194 3388 12 13 a
1213 3383 44 22 juré
1266 3383 48 23 qu’il
1321 3387 24 14 ne
1352 3381 56 19 ferait
1415 3387 35 17 pas
1458 3381 110 18 d’inflation.

1114 3410 48 22 Téry
1178 3411 20 17 et
1213 3411 82 23 Nogaro,
1313 3415 30 14 ses
1365 3409 67 23 séides,
1459 3409 111 18 demandent

1092 3438 57 22 qu’on
1156 3438 36 17 tire
1200 3438 24 18 de
1232 3443 102 14 nouveaux
1338 3437 62 19 billets
1409 3437 111 22 de-banque.

1117 3464 28 19 Où
1153 3466 30 17 est
1189 3465 20 18 la
1215 3466 64 19 vérité
1286 3466 10 19 ?

1132 3563 51 27 Ha
1199 3565 39 26 da
1255 3575 60 17 esce
1330 3573 20 18 u
1366 3573 31 25 15
1422 3564 107 35 Afirile

1325 3623 22 17 u

1161 3669 348 32 MANUALETTU

1305 3726 30 26 di

1175 3777 164 26 LINGUA
1358 3776 141 28 CORSA

1571 165 25 73 I
1617 149 387 93 Figatelli
2027 143 83 77 di
2135 139 259 89 prete
2413 135 109 83 Pé

1586 323 50 21 Par
1646 326 50 15 una
1704 318 69 22 calda
1781 324 13 13 e
1802 314 115 22 assuliata
1936 311 98 26 jurnata

1563 355 26 20 di
1603 353 92 22 Marzu,
1713 356 16 14 u
1743 354 72 16 merre
1831 353 14 13 e
1862 343 129 26 l’aggiuntu
2009 339 25 20 di

1563 383 155 26 Scogliurossu
1726 380 23 21 si
1755 386 30 14 ne
1789 381 127 22 pusavanu
1929 379 17 14 a
1955 378 16 14 u
1978 371 57 25 fres-

1563 422 34 18 cu,
1606 415 63 20 sottu
1678 419 18 14 a
1704 418 16 14 u
1729 410 93 22 liccione
1833 406 40 22 chi
1883 407 68 23 copre
1959 409 16 14 a
1981 401 54 26 fun-

1563 445 88 22 tanella
1668 443 103 24 d’acqua
1786 439 77 25 fresca
1878 443 13 14 e
1907 433 128 23 cristallma

1563 476 39 21 chi
1605 476 22 20 si
1634 475 69 20 tròva
1711 479 17 14 a
1738 472 105 21 l’intrata
1851 467 28 22 di
1884 469 39 18 stu
1933 464 100 26 paisolu.

1587 507 90 20 Menire
1685 502 75 22 ch’elli
1768 508 15 14 a
1791 501 23 20 si
1820 497 146 23 discurrianu
1970 499 66 20 giun-

1563 545 25 13 se
1596 543 30 14 un
1640 534 135 22 Arizzincu,
1790 530 120 22 marcante
1917 527 27 20 di
1954 527 80 20 stacci,

1563 568 60 25 pipe,
1632 564 122 23 cucchiare
1768 569 14 14 e
1791 560 91 27 furcine
1894 558 28 21 di
1931 559 76 22 scopa,
2022 561 14 13 e

1564 599 27 21 di
1603 595 117 23 tanfaltri
1733 593 76 26 oggeti
1818 589 115 28 fabricati
1943 588 25 20 in
1982 586 54 21 Cas-

1565 628 124 27 tagniccia.
1714 626 29 21 Si
1753 623 105 25 rinfriscò
1873 617 161 29 a’funtanella,

1564 659 106 26 rinfriscò
1678 665 17 13 a
1702 663 27 15 so
1739 656 58 25 fera,
1804 654 44 25 poi
1858 653 24 20 si
1888 657 72 15 messe
1972 655 16 14 a
1994 651 42 22 pu-

1564 691 28 20 sà
1600 687 116 23 anch’ellu
1733 693 16 14 a
1757 692 16 14 u
1787 685 77 24 frescu
1877 682 27 20 di
1910 687 17 14 u
1934 680 101 20 liccione,

1566 718 139 23 ascultendu
1716 723 17 14 a
1745 712 179 24 cunversazione
1931 710 28 21 di
1973 709 11 21 i
1996 708 41 21 dut

1565 750 54 25 capi
1625 749 28 21 di
1661 756 16 14 u
1683 751 79 22 paese.
1904 760 4 10 :
1916 761 2 2 ■
1961 765 37 6 ...

1623 776 35 20 Un
1664 774 24 21 si
1696 774 34 25 pò
1737 772 125 21 viramente
1876 771 60 22 capi,
1950 769 62 18 dicta
2020 770 16 14 u

1566 813 78 17 merre,
1653 811 70 15 cumu
1730 804 22 20 si
1756 803 32 25 pò
1794 802 29 25 fà
1831 800 40 22 chi
1882 806 16 14 u
1906 800 79 19 nostru
1997 802 40 14 cu-

1566 840 60 21 ratu,
1635 836 123 22 cusìbònu,
1765 834 67 20 ècusî
1839 837 83 17 avaru,
1928 832 48 23 par
1989 833 47 15 una

1565 869 51 21 sôla
1624 874 64 18 cosa,
1695 873 40 15 ma
1742 864 125 23 avaru!....
1881 862 23 21 E
1908 864 49 22 par
1963 865 54 15 cosa
2024 857 13 20 ?

1566 900 185 23 m’abbargognu
1758 903 17 14 a
1787 895 85 22 dilla...

1591 943 27 4 —
1624 929 95 24 Umbbè,
1727 928 85 25 rispose
1817 921 177 29 I’aggiuntu,chi
1997 920 41 21 bu-

1567 961 60 21 letel
1643 962 67 24 prete
1723 959 37 21 Pé
1765 959 13 20 è
1790 964 32 15 un
1833 959 61 23 pocu
1902 951 134 26 licataghiu,

1566 991 173 22 s'ell’avessida
1747 989 33 21 dà
1793 989 11 20 i
1819 995 26 13 so
1851 985 102 27 figatelli
1961 990 16 14 a
1985 981 55 22 tutti

1567 1023 73 26 quelli
1654 1022 41 21 chi
1708 1022 11 20 i
1733 1021 19 20 li
1763 1018 160 23 dumandanu,
1938 1021 32 15 un
1982 1014 20 21 li
2009 1020 30 14 ne

1567 1054 94 21 ristaria
1669 1052 146 21 mandunu...

1592 1089 26 4 —
1627 1077 137 24 CivoVadi,
1775 1076 86 25 riprese
1875 1080 16 14 u
1898 1078 79 16 merre,
1984 1073 38 18 chi
2029 1077 10 13 1

1567 1117 26 14 so
1601 1109 109 26 figatelli,
1726 1107 57 26 fatti
1795 1112 45 15 cun
1852 1106 82 20 stantu
1941 1108 99 17 egmore

1565 1145 35 22 pa
1607 1147 17 14 a
1630 1146 28 15 so
1665 1138 137 25 surella,zia
1817 1134 136 24 Minichella
1960 1134 26 20 sô
1995 1134 45 19 tut-

1569 1173 32 20 fa
1611 1171 65 25 fattu
1688 1169 76 22 divini
1766 1169 12 21 !
1788 1169 21 20 U
1811 1173 69 16 vescu
1888 1166 22 21 si
1925 1172 29 14 ne
1961 1164 56 21 licco
2026 1170 14 13 e

1568 1203 48 22 dite
1623 1201 137 27 quand’ellu
1765 1200 69 26 junse
1837 1195 169 29 qüi,tant’anni
2010 1194 29 25 fà

1568 1240 14 15 e
1592 1233 72 26 dipòi,
1674 1239 17 14 a
1700 1230 145 27 riputazione
1852 1229 29 20 di
1887 1229 10 20 i
1905 1226 102 27 figatelli
2014 1226 28 21 di

1566 1261 65 24 prete
1638 1259 39 21 Pé
1684 1264 64 15 corre
1758 1263 16 15 a
1784 1254 106 23 Corsica!

1593 1295 26 4 —
1623 1284 25 22 E
1653 1290 58 19 soga
1720 1284 14 19 è
1738 1286 47 22 par
1792 1283 83 24 questu
1883 1279 39 22 chi
1937 1278 63 22 nimu
2008 1283 31 15 un

1569 1316 32 21 ha
1606 1315 95 26 pudutu
1706 1315 44 25 più
1758 1313 63 22 tastà
1834 1312 28 21 di
1873 1311 33 21 sti
1918 1309 61 22 biati
1987 1309 54 20 buc-

1569 1347 59 24 coni,
1638 1354 15 13 e
1660 1353 33 14 un
1700 1346 27 21 sò
1735 1345 35 21 ciò
1778 1344 42 21 che
1827 1343 78 24 daria,
1913 1345 48 22 par
1967 1342 74 23 strap-

1567 1381 80 22 panne
1659 1384 34 14 un
1701 1376 96 25 coppiu!

1593 1415 27 4 —
1629 1402 138 23 Scusatemi,
1784 1407 14 14 o
1814 1398 88 22 amichi
1912 1398 62 20 disse
1994 1398 10 18 l
2009 1398 32 18 A-

1571 1434 112 24 rizzincu,
1692 1439 41 15 ma
1740 1432 34 21 mi
1776 1434 61 23 pare
1840 1429 41 22 chi
1883 1435 26 15 se
1916 1428 42 21 boi
1962 1426 79 26 sapià-

1571 1467 22 19 te
1596 1465 35 25 fà,
1639 1471 16 14 u
1665 1466 79 19 vostru
1752 1464 82 20 curatu
1854 1467 32 15 un
1891 1459 65 22 saria
1968 1458 73 21 micca

1571 1497 47 20 cusi
1627 1496 68 21 mani
1701 1496 105 20 strettu...
1821 1493 28 21 Ci
1855 1491 51 22 vole
1914 1498 17 13 a
1945 1490 97 21 duman-

1571 1528 33 21 dà
1612 1535 13 14 e
1636 1528 61 25 sapé
1710 1525 119 22 dumandà
1837 1524 11 21 !

1595 1565 27 5 —
1631 1554 65 25 Sapé
1709 1551 120 22 dumandà
1834 1550 13 21 ?
1863 1549 62 21 disse
1941 1554 16 15 u
1970 1553 72 15 merre

1571 1591 40 14 ma
1624 1585 35 20 mi
1670 1585 28 20 sô
1706 1589 81 19 messu,
1802 1582 38 21 eiu
1847 1583 82 21 stessu,
1935 1578 70 27 quasi
2016 1577 26 21 in

1570 1614 243 27 ghinocchiu,quandu
1831 1612 73 26 aghiu
1920 1611 97 21 ricivutu
2026 1615 16 15 u

1571 1647 100 25 Prifettu
1684 1647 25 20 in
1719 1652 56 15 casa
1783 1645 69 23 meia,
1861 1650 14 14 e
1889 1650 16 14 a
1913 1648 37 15 me
1957 1640 85 26 moglia

1572 1678 33 21 ha
1607 1678 64 25 fattu
1676 1678 29 20 di
1706 1679 105 23 tuttupar
1818 1674 77 23 dicide
1899 1681 17 14 a
1919 1675 65 24 prete
1990 1672 52 21 Pé..

1575 1709 35 21 Un
1617 1709 24 20 ci
1643 1710 14 19 è
1663 1710 67 19 statu
1735 1707 90 22 barba!

1597 1750 26 4 —
1627 1743 118 22 Sustengu
1752 1745 36 14 cio
1795 1743 43 16 che
1852 1743 65 20 aigu,
1932 1743 52 18 iece
1996 1743 9 12 L
2012 1743 33 12 SI-

1573 1771 104 21 rizzincu
1685 1777 15 14 e
1705 1769 110 26 mifacciu
1816 1769 62 25 forte
1884 1766 159 26 distrappalli,

1573 1803 44 20 ben
1627 1802 30 21 ch
1662 1802 55 21 ’ellu
1725 1808 31 14 un
1764 1801 33 21 mi
1809 1806 123 18 cunnosca,
1947 1801 35 19 tre
1989 1796 56 22 belli

1571 1833 108 26 figatelli,
1688 1832 40 22 chi
1734 1839 29 14 no
1776 1831 176 26 manghiaremu
1962 1829 40 26 fra
2013 1835 32 15 un

1573 1867 86 24 quartu
1665 1864 75 23 d’ôra,
1749 1864 22 21 si
1781 1864 41 21 boi
1827 1864 91 25 pagaie
1923 1865 64 22 pane
1992 1867 14 14 e
2012 1859 33 22 bi-

1573 1896 48 21 nu!

1598 1937 26 4 —
1631 1922 25 26 È
1665 1926 74 25 detta,
1749 1926 51 26 fece
1810 1932 17 15 u
1834 1931 79 15 merre.

1598 1970 27 5 —
1632 1958 94 24 Allôra,
1746 1957 88 21 andate
1843 1963 18 14 a
1872 1955 77 26 piglià
1962 1957 64 23 pane
2034 1959 11 14 e

1575 1990 63 24 binu,
1648 1997 14 14 e
1666 1989 115 22 accindite
1786 1995 16 14 u
1804 1988 56 26 fôcu
1869 1990 48 23 par
1930 1987 92 23 qrruste
2038 1991 7 14 2

1573 2021 107 25 figatelli.

1600 2098 27 21 U
1626 2097 128 22 Arizzincu
1761 2096 70 26 junse
1834 2096 83 21 a’casa
1925 2095 26 20 di
1960 2100 15 15 u
1983 2100 66 15 cura-

1577 2132 25 19 tu
1612 2129 91 25 e,dôpu
1715 2127 172 26 avèpicchiatu,
1896 2126 67 22 intrô.

1601 2161 82 21 Eranu
1691 2160 119 21 ondiciôre
1820 2166 14 13 e
1841 2159 41 21 zia
1890 2157 158 23 Minichella,a

1577 2192 86 21 surella
1669 2191 29 21 di
1700 2193 66 24 prete
1774 2190 85 25 Pé,era
1863 2190 85 21 surtita
1956 2189 25 21 in
1989 2195 61 14 cum-

1578 2224 115 21 missione.

1602 2261 27 4 —
1636 2248 141 25 Bongiornu,
1796 2254 14 14 o
1817 2247 52 26 sgiô
1886 2247 61 21 Curà
1955 2245 12 22 !
1980 2245 69 22 Sala-

1579 2281 37 20 ria
1620 2279 99 26 prigavi
1734 2279 26 20 di
1770 2279 81 23 riceve,
1866 2278 25 21 in
1901 2279 83 24 quatre
1993 2283 16 14 e
2017 2279 34 18 tre

1579 2314 65 22 sette,
1654 2318 17 14 a
1679 2317 38 15 me
1722 2317 43 14 cun
1764 2310 80 25 fission
1844 2316 14 14 e
1872 2309 40 21 chi
1926 2309 27 20 sô
1965 2308 87 25 prissa-

1580 2345 33 19 tu.
1621 2342 125 21 Passendu
1757 2345 46 22 par
1816 2340 156 27 Scogliurossu
1979 2338 73 27 aghiu

1581 2374 93 21 vulsutu
1686 2372 161 22 scancilammi
1861 2379 17 14 u
1894 2372 52 20 còre
1959 2378 13 13 e
1984 2370 69 21 l’ani-

1581 2412 64 14 ma...

1606 2448 26 5 —
1639 2435 123 23 Bulinteri,
1771 2435 14 20 ô
1799 2434 92 22 amicu!
1903 2434 52 20 Par
1968 2433 28 25 fà
2010 2433 44 25 più

1586 2469 80 21 brestu,
1676 2467 99 20 intremu
1785 2466 86 25 quinci,
1884 2465 47 21 in’a
1939 2471 37 14 me
1991 2467 63 18 stan-

1586 2505 35 14 za.
1629 2499 73 20 Nimu
1706 2497 24 21 ci
1735 2498 98 20 sintarà.

1608 2524 27 21 If
1635 2523 128 21 Arizzincu
1771 2522 125 22 cuminciô:

1607 2566 27 5 —
1641 2554 88 25 Padre,
1740 2554 114 21 m’accusu
1866 2553 70 21 d’avè
1951 2552 79 21 tombu
2039 2559 16 14 a

1586 2586 120 21 babbu!...

1608 2624 26 3 —
1644 2611 87 22 Tombu
1747 2618 16 13 a
1779 2611 81 20 bostru
1873 2609 129 22 babbu?...
2009 2616 45 15 ma

1586 2643 93 24 berch’è,
1702 2642 146 25 disgraziatu
1857 2642 13 20 ?
1891 2642 73 21 Cumu
1987 2643 68 19 avete

1586 2674 103 23 fattu?...

2086 317 27 5 —
2123 305 34 20 Un
2162 300 90 24 basta,ô
2259 298 48 22 sciô
2315 298 70 21 curà!
2394 299 71 25 aghiu
2473 305 51 23 tom-

2062 340 30 17 bu
2098 335 56 21 dinô
2159 340 16 14 a
2186 336 107 17 mamma,
2301 335 39 16 e..,

2085 377 27 4 —
2116 364 90 22 Masite
2213 368 31 15 un
2252 359 144 22 dimoniu!...
2403 367 32 14 un
2449 363 74 25 diavo-

2062 398 21 21 le
2090 396 90 21 scatina
2182 396 25 18 tu
2211 393 12 20 !
2234 393 63 19 sete..

2085 437 27 5 —
2120 427 34 20 Un
2167 423 90 24 basta,ô
2268 422 49 20 sciô
2323 421 71 21 curà!
2406 422 28 21 Ci
2444 430 26 14 so
2475 429 51 21 pas-

2062 458 47 23 sati
2116 456 55 22 dinô
2178 462 31 14 un
2214 452 96 28 fratellu
2321 459 13 13 e
2342 451 46 21 due
2400 459 42 14 sur
2440 455 65 28 elle..,
2514 469 12 12 e

2062 490 47 21 avà
2116 490 97 23 scappu,
2229 488 83 22 sperzu
2326 486 47 22 par
2386 485 38 19 stu
2436 490 88 25 mondu,

2062 527 62 15 corne
2134 518 95 21 Cainu...

2085 563 28 5 —
2123 549 73 22 Cainu
2209 554 13 14 e
2226 546 70 26 più...
2309 551 40 15 ma
2366 552 31 14 un
2415 546 27 21 bi
2459 551 67 23 possu

2062 589 28 15 as
2089 581 37 22 sol
2124 581 16 21 b
2140 587 20 17 e,
2170 586 29 14 ne
2211 583 83 16 mancu
2305 583 17 14 u
2335 577 81 20 vescu!
2431 578 24 20 E
2460 585 30 16 un
2501 584 24 20 sô

2062 618 84 17 mancu
2149 611 22 21 si
2175 617 16 14 u
2193 611 89 24 papa...
2292 614 41 14 ma
2339 607 132 25 perché,ma
2477 614 48 22 per-

2062 645 43 20 ché
2120 638 141 26 stimicidii?
2275 645 15 14 o
2297 638 132 26 signore!...

2086 686 28 5 —
2118 673 88 22 Bidete,
2223 677 14 14 o
2249 670 48 21 sciô
2305 670 57 20 curà
2369 669 10 16 r
2388 669 64 22 Patu
2459 672 68 25 d’una

2062 704 101 23 mdlatia
2167 702 97 22 rtèrbosa
2272 700 137 21 chimivene
2421 701 107 27 allispes-

2062 743 28 15 su
2095 743 14 14 e
2117 735 56 21 tutti
2179 732 72 27 quelli
2253 731 40 21 chi
2296 731 35 21 mi
2333 731 27 20 sô
2364 731 77 21 vicinu
2449 734 23 19 ci
2475 737 52 22 pas-

2062 771 143 20 sanu,senza
2213 764 41 21 che
2261 763 33 20 mi
2301 769 31 14 ne
2337 765 76 22 possa
2422 763 105 26 francà...

2062 798 77 22 Ah!...
2148 796 71 21 ah!...
2231 795 14 20 ô
2253 794 48 21 sciô
2311 793 81 21 curà...
2410 794 15 19 ô
2441 795 46 22 sciô
2494 805 34 14 cu-

2062 831 36 23 rà,
2111 828 68 27 gridò
2199 825 144 23 VArizzincu
2358 824 169 27 spalanchendu

2062 860 85 26 Vocchj
2157 866 13 13 e
2177 855 159 28 stringhiendu
2349 855 11 21 i
2366 855 73 25 denti,
2457 859 32 20 mi
2494 866 34 15 ve-

2062 892 62 22 ne!.,
2133 890 33 21 mi
2180 888 95 22 vene!...

2088 924 24 21 E
2120 921 93 26 allungô
2220 927 14 14 e
2241 926 68 15 mane
2323 922 63 17 cûme
2400 921 48 22 par
2456 920 71 25 piglia

2063 962 17 14 u
2087 955 82 20 curatu
2174 956 34 22 pa
2219 958 16 14 u
2251 950 68 21 collu.

2088 983 111 23 —Oimé!
2212 982 146 25 lampôprete
2364 980 165 26 Pê,alzendusi

2063 1016 90 22 com’un
2159 1014 103 27 fulmine-,
2268 1012 51 26 pôi,
2327 1012 135 25 scappendu
2470 1019 16 15 a
2494 1021 34 15 ca-

2064 1052 54 18 tara
2120 1047 116 26 pindente,
2250 1051 63 14 corse
2326 1043 25 20 in
2359 1042 86 24 chiesa,
2454 1043 72 25 ch'era

2064 1079 85 24 vicinu,
2168 1081 13 18 ë
2196 1082 52 17 crac
2256 1076 6 21 !
2291 1081 55 15 crac
2350 1074 7 21 !
2383 1074 22 21 si
2420 1075 66 21 sarrô
2506 1084 21 15 m

2063 1112 109 21 dentru...

2089 1141 151 22 L’Arizzincu
2252 1138 54 22 alzô
2323 1144 17 14 a
2354 1139 175 25 manu,strappô

2065 1176 35 19 tre
2112 1172 57 22 belli
2178 1170 100 27 figatelli
2289 1176 14 14 e
2316 1169 58 21 surû
2397 1169 133 24 tranquilla-

2064 1204 145 25 mente,dôpu
2216 1202 34 21 ad
2252 1201 73 22 avelli
2331 1199 70 22 messi
2407 1200 26 20 in
2446 1202 82 21 stacca.

2064 1237 47 21 Poi
2117 1235 109 22 sin’andô
2234 1241 17 14 a
2261 1233 70 21 truvà
2339 1238 17 15 u
2363 1237 73 15 merre
2451 1238 19 13 e.
2478 1231 53 27 Vag-

2063 1268 92 26 giuntu.

2090 1300 15 21 1
2118 1298 99 27 figatelli
2220 1296 60 26 funu
2297 1295 61 22 trovi
2371 1293 158 27 squisitimau

2066 1338 73 15 merre
2144 1329 80 23 mancô
2232 1328 27 22 di
2265 1325 157 28 strangulassi
2426 1325 33 21 da
2471 1325 16 21 à
2501 1328 28 20 ri-

2065 1370 37 18 sa,
2121 1361 132 27 quand’ellu
2273 1360 74 21 intese
2359 1364 17 15 a
2392 1363 70 16 scena
2477 1358 26 21 di
2515 1366 15 14 a

2065 1393 143 26 cunfissione.

2092 1492 69 26 Dôpu
2184 1497 47 15 una
2251 1489 100 22 mez’ora
2361 1488 28 21 di
2403 1487 127 27 trimulella,

2066 1527 66 23 prete
2144 1523 37 21 Pé
2185 1523 23 21 si
2215 1522 70 22 dicise
2298 1528 17 15 a
2324 1522 69 23 sorte,
2403 1519 76 26 pianu
2483 1520 48 25 pia-

2066 1563 40 17 nu,
2121 1556 34 21 da
2162 1561 16 15 a
2187 1554 83 23 chiesa,
2273 1551 140 28 guardendu
2417 1551 25 21 in
2447 1551 85 22 davan-

2068 1585 20 21 ti
2098 1592 13 13 e
2120 1584 124 22 indarretu.
2254 1582 42 22 Zia
2305 1580 135 23 Minichella
2453 1586 40 15 era
2500 1587 32 14 so-

2066 1616 55 26 pr’a
2133 1615 23 22 a’
2162 1617 76 24 porta,
2256 1611 166 28 aspittendulu.

2093 1658 27 4 —
2124 1647 45 22 Aio
2177 1647 11 21 !
2201 1647 13 21 ô
2224 1646 70 22 missé
2300 1645 7 21 !
2317 1651 16 14 a
2347 1643 100 22 cullazio
2457 1643 23 21 si
2493 1643 38 25 rif-

2066 1679 86 26 fredda
2159 1678 12 21 !
2283 1689 18 8 ^

2093 1722 28 5 —
2125 1710 80 26 Bengu
2212 1710 82 25 bengu,
2299 1708 62 21 disse
2369 1709 67 24 prete
2442 1706 44 21 Pé.

2094 1743 43 21 Ma
2152 1749 41 14 era
2205 1744 87 23 sempre
2297 1739 85 27 palidu
2392 1745 13 14 e
2421 1738 41 21 zia
2469 1737 64 22 Mini-

2070 1774 76 21 chellà
2154 1774 20 21 li
2179 1773 60 22 disse
2246 1779 10 17 ;

2095 1817 28 5 —
2129 1805 33 22 Bi
2167 1805 81 21 sentite
2258 1803 69 25 male,
2338 1809 14 14 o
2361 1800 85 23 missé!

2095 1849 29 5 —
2129 1837 42 21 Ma
2182 1836 44 22 no!
2242 1842 40 15 ma
2289 1834 47 22 no!
2353 1832 99 24 Surella,
2462 1831 73 26 bengu

2071 1869 34 21 da
2118 1876 17 14 a
2140 1868 87 22 chiesia
2238 1874 13 14 e
2257 1867 67 26 forze
2333 1866 24 21 ci
2368 1864 73 27 aghiu
2462 1863 74 26 chiap-

2069 1905 35 22 pu
2121 1907 16 15 u
2142 1900 109 26 freddu,..
2260 1905 40 15 ma
2315 1898 34 21 mi
2361 1897 103 26 passarà
2475 1901 61 15 man-

2070 1932 128 26 ghiendu...

2098 1965 21 21 A
2133 1963 89 22 culaziô
2236 1969 39 15 era
2283 1963 72 24 bôna,
2367 1967 40 15 ma
2414 1957 123 28 l’appittitu

2073 2002 41 15 era
2126 1998 67 23 pocu,
2203 2001 14 14 e
2220 1995 41 21 zia
2268 1993 137 22 Minichella
2416 1990 122 27 guardava

2073 2027 34 21 da
2114 2027 69 24 sottu,
2193 2032 106 15 usocaru
2302 2024 104 27 fratellu,
2414 2023 108 21 distrattu
2526 2027 12 14 e

2070 2058 145 26 pinzirosu...

2098 2096 69 25 Dôpu
2175 2095 104 24 cullazio,
2285 2096 68 23 prete
2368 2092 37 22 Pé
2413 2092 24 21 si
2448 2098 31 15 ne
2485 2090 54 22 surû

2077 2128 22 20 in
2105 2127 90 26 piazza
2203 2133 13 15 e
2223 2126 23 22 ci
2260 2126 66 21 truvô
2343 2132 16 14 u
2371 2130 73 16 merre
2460 2130 14 14 e
2485 2122 55 25 l’ag-

2077 2159 81 26 giuntu
2169 2158 39 22 chi
2214 2158 93 22 ridianu
2319 2159 96 23 sempre.

2100 2201 27 4 —
2133 2190 137 26 Bongiornu,
2283 2196 16 14 o
2309 2189 50 20 scio
2366 2188 63 21 Curà
2434 2187 12 21 !
2457 2186 61 21 disse
2526 2191 14 14 u

2077 2229 72 15 merre
2156 2229 13 14 e
2175 2222 81 26 grazie
2269 2223 69 19 tantu
2343 2223 36 23 pa
2387 2220 11 21 i
2403 2218 74 22 vostri
2485 2218 56 25 figa-

2077 2254 51 22 telli
2134 2254 106 21 ch’eranu
2244 2253 57 21 boni
2307 2252 60 25 epiù
2374 2258 30 14 ca
2411 2250 82 22 boni...

2101 2298 28 4 —
2138 2285 44 21 Chi
2184 2284 104 27 figatelli,
2298 2283 41 21 chi
2342 2283 77 21 bulete
2427 2282 27 21 di
2457 2281 14 21 ?
2486 2290 5 4 -

2102 2327 26 4 —
2132 2317 41 21 Ma
2180 2317 28 24 si,
2214 2316 11 21 i
2229 2315 100 27 figatelli
2336 2314 43 21 che
2387 2315 30 20 bo
2426 2314 66 20 avete
2504 2310 39 22 da-

2078 2351 26 18 tu
2108 2355 17 14 a
2131 2348 132 23 I’Arizincu,
2273 2345 154 23 assassinudi
2434 2351 16 14 u
2458 2342 83 23 babbu,

2079 2381 27 21 di
2113 2387 17 14 a
2138 2386 107 16 mamma,
2250 2378 42 21 dii
2295 2385 27 14 so
2325 2376 92 27 fratelli
2420 2383 15 14 e
2442 2373 95 24 surette..

2103 2423 59 9 —...
2170 2411 21 21 O
2198 2410 24 21 lu
2230 2410 131 21 birbante...
2369 2416 15 13 o
2392 2408 25 21 lu
2425 2407 118 22 ladrône...

2079 2442 90 26 suspirô
2184 2449 17 14 u
2216 2444 89 21 curatu,
2315 2440 118 26 pinsendu
2445 2438 47 22 a’so
2508 2435 37 22 tri-

2080 2473 120 22 mulella...
2208 2473 44 21 Poi
2258 2473 22 21 si
2288 2478 74 15 messe
2369 2479 17 13 a
2399 2471 51 21 ride
2461 2467 84 24 com’un

2080 2504 82 22 zitellu
2169 2505 28 20 di
2202 2511 16 14 a
2226 2503 97 22 malizia
2336 2503 27 21 di
2370 2502 135 22 VArizincu.

2106 2546 28 5 —
2141 2531 24 26 È
2168 2538 64 19 statu
2233 2535 43 27 più
2282 2535 52 25 finu
2349 2541 28 15 ca
2388 2535 52 21 mè.-
2451 2533 50 21 Bon
2506 2532 41 24 pro

2082 2568 11 21 i
2097 2568 36 25 fia
2144 2574 13 14 e
2165 2567 17 22 b
2188 2568 11 20 i
2203 2567 56 25 fia...

2104 2600 25 20 E
2134 2599 72 27 dipoi,
2208 2601 64 24 prete
2278 2598 38 21 Pé
2322 2604 32 15 un
2361 2596 126 26 rifiutapiù
2494 2600 17 15 a
2518 2591 30 22 ni-

2079 2637 41 15 mu
2128 2630 10 21 i
2143 2637 27 14 so
2179 2629 106 26 figatelli.

2416 2670 109 21 Antone.

1811 2791 21 47 I
1903 2783 429 53 RECORDJ

2140 2921 10 14 «
2160 2917 71 18 Nessun
2239 2916 83 23 maggior
2329 2915 63 19 dolore
2399 2920 10 13 »

1994 2954 12 11 «
2014 2948 39 19 Che
2062 2948 100 19 ricocdarsi
2169 2948 30 18 del
2206 2949 60 22 tempo
2273 2947 57 19 felice
2339 2953 10 11 B

1997 2984 11 13 «
2018 2979 54 20 Nella
2079 2979 75 19 miseria
2161 2979 5 18 !
2176 2985 10 12 B

2304 3006 104 20 DANTE.

1712 3065 123 35 Ricordj,
1844 3065 102 34 ricordj
1959 3066 6 25 !
1978 3065 75 26 Fiori
2063 3064 132 34 morenti,

1711 3107 127 27 Raccolti
1852 3108 33 26 in
1895 3116 43 18 un
1952 3115 102 19 scornu
2069 3107 31 27 di
2112 3108 30 26 la
2151 3107 58 26 miò
2221 3110 91 33 grotta
2320 3108 6 25 !

1711 3150 129 27 Cantàvi
1850 3150 112 35 vogliu,
1975 3159 57 18 cun
2042 3153 44 24 sta
2100 3158 71 19 voce
2181 3154 80 30 rotta,

1711 3192 21 26 E
1748 3192 31 26 vi
1789 3193 102 34 vogliu
1900 3193 128 35 innaquà
2040 3202 58 18 cun
2109 3193 103 35 lunghi
2227 3194 92 35 pienti
2328 3195 41 25 !...

1711 3267 135 27 Balzamu
1859 3269 30 26 di
1901 3269 30 26 la
1948 3268 69 34 vita,
2029 3269 71 27 dura
2117 3269 70 27 lotta
2198 3271 6 24 !

1711 3310 56 26 Voi
1780 3319 38 18 ne
1830 3311 54 27 site
1899 3320 74 18 ancu
1991 3312 23 26 li
2026 3312 77 27 dolci
2113 3313 132 26 tormenti
2258 3313 6 25 !

1713 3352 110 35 Ricordj
1835 3354 8 25 !
1859 3354 12 25 i
1881 3354 90 27 vostri
1981 3355 81 34 raggi
2076 3354 196 34 trimmulenti,

1713 3394 44 26 Mi
1771 3403 109 26 parenu
1891 3395 90 36 quelli
1993 3397 69 26 d'un
2077 3397 44 26 sol
2130 3397 47 26 chi
2187 3397 83 27 ciotta
2277 3398 7 25 !

1715 3467 56 26 Site
1782 3468 30 26 la
1822 3469 204 35 rammasuglia
2038 3470 88 27 d’una
2139 3470 69 27 testa
2219 3472 6 25 !

1715 3509 22 26 E
1751 3509 33 27 lu
1801 3511 60 26 sale
1871 3511 188 34 luccichente,
2070 3512 46 27 chi
2128 3516 74 23 resta

1717 3550 35 26 In
1766 3551 34 27 lu
1816 3552 92 27 fondu
1920 3553 69 27 d’un
2000 3562 78 19 mare
2090 3558 150 31 svaporatu
2247 3556 40 25 !...

1714 3625 118 35 Appesu
1843 3635 17 18 a
1870 3628 50 26 voi
1935 3630 53 31 stò,
2002 3637 84 18 cume
2097 3638 18 17 a
2126 3637 42 18 un
2180 3630 109 35 scogliu
2302 3630 8 25 !

1716 3667 22 26 E
1748 3667 33 26 lu
1793 3669 60 26 miò
1873 3671 73 31 còre,
1963 3678 70 19 sona
2041 3671 34 26 lu
2086 3672 140 27 murtôriu

1716 3709 40 26 Pè
1766 3718 43 19 un
1826 3714 153 25 mumentu
1991 3713 94 33 felice,
2095 3714 179 31 scapulatu...

2094 3782 38 27 G.
2148 3783 33 26 di
2192 3784 31 26 la
2242 3784 121 27 Grotta.
