2544 3730
16 85 49 37 les
80 85 110 28 courses
200 74 145 47 hippiques
356 90 32 24 en
401 80 84 37 Corse

37 165 142 22 programme
188 161 31 19 du
227 165 100 24 meeting
335 165 128 20 d’automne

176 189 31 23 (13
220 192 103 24 octobre)

37 230 46 21 prix
91 228 106 20 (l'Automne
211 230 60 23 (G.000
279 232 78 24 francs),
371 233 68 18 offerts
453 237 34 18 par-

16 261 17 18 la
41 253 72 22 Société
127 254 33 18 des
174 260 83 15 courses.
267 257 54 18 3.800
325 258 25 18 fr.
359 263 23 12 au
397 257 88 23 premier,

15 280 51 23 l.000
74 279 64 18 francs
154 284 23 14 au
192 281 99 19 deuxième
305 284 20 16 et
341 282 34 18 300
384 283 63 17 francs
462 287 24 13 au

16 305 100 23 troisième.

37 332 79 18 Courses
130 330 23 17 de
167 330 53 19 haies
235 337 48 17 pour
297 333 42 17 tous
351 332 85 17 chevaux
444 332 24 17 de
476 332 11 17 4

16 361 32 16 ans
57 355 19 17 et
84 354 144 23 au-dessus,nés
237 358 19 17 et
264 357 64 18 élevés
337 361 23 13 en
369 356 58 18 Corse
435 357 20 17 et
462 356 25 18 is-

19 386 32 15 sus
59 380 23 17 de
89 379 83 22 juments
185 381 46 18 nées
240 382 20 18 et
267 382 74 18 élevées
355 386 24 13 en
389 381 64 20 Corse,
468 382 19 17 et

15 405 90 21 d’étalons
119 406 102 20 possédant
234 412 24 12 au
272 406 63 18 moins
348 406 47 22 23-/.
407 407 26 17 de
440 411 48 18 sang

15 431 61 20 arabe.
86 429 57 18 Poids
150 435 4 12 :
164 430 11 17 4
183 436 41 15 ans,
233 431 23 17 Ou
265 431 19 18 k.
292 436 5 17 ;
313 431 11 17 0
333 436 34 12 ans
381 432 20 17 et
413 432 75 17 au-des-

15 461 38 15 sus,
63 454 22 18 GO
94 454 19 18 k.
123 454 108 24 Surcharge
245 456 107 18 accumulée
366 456 23 18 de
401 456 9 17 1
420 456 20 17 k.
454 460 34 17 par

15 484 70 16 somme
91 479 23 18 de
120 479 122 19 1.000francs
248 481 78 21 gagnée.
332 480 96 19 Distance:
435 479 53 18 3.200

15 510 25 14 m.
49 504 70 18 Entrée
125 509 5 12 :
140 504 23 17 40
170 505 24 17 fr.

37 529 62 18 Crrand
107 529 49 18 Prix
164 529 91 23 d'Ajaccio
260 530 73 22 {12.000
339 530 39 22 fr.),
382 530 67 18 offerts
455 534 33 18 par

14 556 19 18 la
41 554 74 18 Société
122 555 35 18 des
166 560 84 13 courses.
261 554 63 18 10.000
331 555 26 18 fr.
365 560 23 12 au
398 555 90 22 gagnant.

14 579 53 20 1.300
73 579 54 18 fr.au
136 581 68 17 second
213 581 20 17 et
240 579 34 19 300
281 580 53 18 fr.au
342 579 105 19 troisième.
453 579 35 18 Les

15 604 73 19 entrées
96 605 96 22 partagées
201 606 54 17 entre
263 606 18 17 le
290 606 68 17 second
363 605 20 18 et
390 606 19 17 le
415 604 72 19 troisiè-

16 634 36 15 me.

38 654 70 18 Course
116 655 51 21 plate
175 659 48 17 pour
231 655 86 18 chevaux
325 655 77 20 entiers,
407 655 82 21 hongres

17 681 19 18 et
42 679 84 22 juments
134 679 24 17 de
166 679 18 20 3,
197 679 11 17 4
217 681 20 16 et
245 680 12 17 3
265 685 41 16 ans,
320 681 23 16 de
355 680 52 17 toute
414 679 73 22 espèce,

17 705 32 19 nés
57 704 20 17 et
84 702 64 18 élevés
157 707 24 13 en
195 703 63 22 Corse,
274 705 19 17 et
306 704 52 18 issus
368 705 24 16 de
404 704 85 21 juments

17 731 44 19 nées
69 729 20 16 et
97 727 75 18 élevées
180 732 24 13 en
213 728 64 19 Corse.
283 729 57 18 Poids
347 733 5 12 :
361 728 11 17 3
378 733 41 15 ans,
425 727 24 17 00
457 728 20 17 k.
482 732 6 16 ;

18 757 12 18 4
38 758 38 17 ans,
82 751 23 18 03
113 751 20 18 k.
141 756 6 17 ;
155 751 11 18 G
174 757 42 14 ans,
223 752 22 18 G7
254 754 20 17 k.
280 753 89 17 Distance
376 757 4 12 :
390 751 53 18 1.800
452 751 38 18 mè-

18 784 39 16 tres
66 776 85 21 environ.
160 776 68 19 Entrée
235 783 5 12 :
250 778 22 17 GO
281 778 24 17 fr.

42 804 46 21 Prix
95 801 21 18 de
129 801 80 23 vignella
217 802 61 22 (3.000
287 802 39 22 fr.),
341 802 69 17 offerts
424 806 34 17 par
471 801 18 18 la

21 829 70 23 Société
98 828 32 17 des
139 831 77 14 courses
224 828 102 22 d’Ajaccio.
332 827 53 18 1.800
394 827 63 18 francs
465 831 24 13 au

22 855 83 26 premier,
119 850 34 19 800
162 852 24 17 fr.
195 857 25 12 au
236 853 100 17 deuxième
350 853 20 17 et
383 851 34 18 400
425 852 25 17 fr.
464 856 25 13 au

21 879 97 22 troisième.

43 906 67 18 Course
123 906 26 13 au
163 903 38 17 trot
212 903 66 18 monté
286 907 25 14 ou
319 903 57 18 attelé
390 907 48 18 pour
448 903 41 16 tous

21 932 82 19 chevaux
111 928 24 17 de
143 927 11 18 4
163 932 34 13 ans
206 928 19 17 et
233 928 108 21 au-dessus,
356 928 34 17 nés
398 928 20 17 et
425 927 65 18 élevés

20 962 23 13 en
51 955 63 17 Corse.
123 952 57 18 Poids
187 957 5 13 :
201 952 12 18 4
219 957 41 17 ans,
271 952 22 19 G2
301 953 20 18 k.
326 958 5 17 ;
341 953 11 17 3
361 957 40 17 ans,
407 952 23 18 G4
438 952 20 17 k.
466 957 6 16 ;
478 951 11 18 G

19 985 33 15 ans
60 980 20 17 et
87 978 105 20 au-dessus,
207 978 22 17 G7
238 978 20 17 k.
267 978 58 18 Poids
338 978 49 18 libre
400 982 47 18 pour
460 977 29 17 les

19 1007 84 17 chevaux
116 1003 74 18 attelés.
205 1003 49 18 Tout
269 1004 83 22 gagnant
367 1003 86 18 reculera
466 1003 23 16 de

18 1029 99 23 cinquante
131 1028 69 18 mètres
215 1033 34 17 par
263 1033 71 14 somme
348 1029 23 17 de
384 1027 35 19 300
427 1028 63 17 francs

17 1054 77 24 gagnée.
107 1053 36 18 Les
157 1053 86 18 chevaux
256 1054 69 18 attelés
338 1054 115 17 avanceront
466 1053 24 17 de

17 1080 45 19 cent
69 1079 78 18 mètres.
156 1078 101 19 Distance.-
265 1078 53 19 3.900
326 1079 76 18 mètres.
410 1077 78 19 Entrée:

18 1105 24 19 40
49 1105 26 17 fr.

39 1129 48 19 Prix
95 1128 68 24 Cyrnos
170 1128 61 23 (4.000
239 1129 32 23 fr),
282 1129 68 18 offerts
358 1133 34 18 par
400 1129 18 17 la
427 1127 63 19 Socié-

16 1155 20 19 té
43 1156 34 17 des
85 1158 83 14 courses.
177 1153 54 19 2.300
239 1154 25 18 fr.
271 1155 20 17 et
297 1154 29 18 les
334 1153 75 18 entrées
417 1158 25 12 au
447 1157 43 17 pre-

16 1180 55 21 mier,
80 1178 54 19 1.000
141 1179 25 18 fr.
172 1184 24 13 au
205 1179 99 18 deuxième
313 1180 19 17 et
339 1178 34 18 300
381 1179 25 17 fr.
412 1183 25 13 au
444 1177 46 18 troi-

16 1206 68 18 sième:

39 1230 70 18 Course
116 1230 51 22 plate
175 1234 48 18 peur
231 1230 87 17 chevaux
322 1229 79 20 entiers,
407 1228 83 21 hongres

16 1257 21 17 et
43 1255 84 22 juments
135 1255 23 17 de
166 1254 17 22 3,
190 1254 19 22 4,
215 1255 12 17 3
235 1256 20 17 et
263 1254 11 17 6
282 1254 66 21 ans,de
357 1254 51 17 toute
416 1252 73 22 espèce,

16 1281 58 22 ayant
82 1280 83 18 effectué
173 1285 27 12 un
214 1284 90 18 parcours
318 1278 82 23 complet
412 1278 48 17 dans
472 1277 18 18 le

16 1305 43 19 Pris
67 1306 111 17 d’Automne
185 1310 26 13 ou
219 1306 48 17 dans
274 1305 19 18 le
307 1303 116 19 Grand-Prix
435 1303 24 17 de
471 1302 18 18 la

15 1332 47 17 ville
76 1330 100 23 d’Ajaccio,
191 1332 21 17 et
225 1330 77 23 n’ayant
317 1334 34 18 pas
364 1328 62 23 gagné
442 1328 47 17 dans

16 1356 74 18 l’année
102 1360 35 14 sur
153 1356 137 22 l’hippodrome
305 1355 24 17 de
346 1354 90 22 Vignetta
452 1357 37 13 une

16 1386 73 14 somme
103 1381 112 22 supérieure
228 1381 11 18 à
253 1380 53 18 3.000
314 1380 71 17 francs.
400 1378 58 19 Poids
464 1383 5 12 :
478 1377 11 18 3

16 1412 41 17 ans,
63 1406 24 19 60
94 1406 21 18 k.
122 1411 6 17 ;
134 1406 12 18 4
154 1411 41 17 ans,
203 1406 22 18 63
233 1407 21 17 k.
261 1411 5 16 ;
276 1406 11 17 3
296 1406 20 18 et
324 1405 10 18 6
342 1410 42 17 ans,
390 1404 22 18 G7
420 1404 21 17 k.
448 1403 42 18 Dis-

15 1434 56 17 tance
77 1437 5 12 :
97 1431 54 18 1.800
159 1431 69 19 mètres
237 1431 87 18 environ.
338 1430 79 18 Entrée:
432 1429 23 18 23
463 1428 25 18 fr.

39 1459 104 20 Conditions
147 1459 98 24 générales.
251 1469 22 3 —
278 1459 35 18 Les
319 1458 134 23 engagements
457 1457 33 17 de-

15 1486 58 18 vront
80 1485 41 18 être
129 1485 87 18 adressés
224 1485 59 17 avant
287 1484 19 18 le
314 1483 71 18 samedi
394 1483 11 17 3
413 1482 76 18 octobre

15 1511 12 18 à
35 1511 53 19 midi,
97 1515 24 14 au
130 1510 96 22 président
234 1510 24 17 de
265 1510 20 17 la
292 1509 77 20 société,
378 1508 30 21 17,
414 1507 76 18 rueNo-

15 1537 103 18 tre-Dame.
133 1536 48 17 Tout
194 1536 85 22 gagnant
292 1534 45 18 d’un
348 1533 83 23 premier
438 1532 50 23 prix,

15 1562 46 22 quel
69 1562 56 22 qu’en
133 1561 38 18 soit
178 1561 19 18 le
205 1560 87 18 montant
299 1560 21 17 et
326 1559 74 22 jusqu’à
411 1561 79 14 concur-

15 1592 59 13 rence
81 1587 25 17 de
113 1585 54 19 3.000
175 1586 146 22 francs,portera
328 1584 12 18 3
349 1584 19 17 k.
374 1584 24 17 de
402 1583 88 18 surchar-

15 1617 24 18 ge
47 1611 108 19 accumulée
163 1612 23 17 de
194 1611 11 17 1
214 1611 19 17 k.
243 1615 34 17 par
285 1613 72 14 somme
369 1613 26 13 ou
407 1607 83 19 fraction

15 1639 25 17 de
48 1642 71 14 somme
127 1637 24 18 de
157 1636 54 18 2.000
218 1636 25 17 fr.
252 1636 78 22 gagnée.
338 1634 120 18 N’entreront
465 1637 24 14 en

15 1664 74 21 compte
97 1667 38 18 que
142 1663 29 17 les
179 1665 82 14 sommes
269 1660 83 23 gagnées
364 1664 34 13 sur
410 1659 80 22 l’hippo-

14 1688 66 18 drome
88 1689 25 17 de
120 1688 96 22 Vignetta.
230 1686 29 17 En
272 1686 44 22 plus
330 1686 34 17 des
377 1684 82 21 entrées,
474 1684 15 17 il

14 1718 44 13 sera
66 1717 57 19 perçu
131 1717 27 13 un
166 1711 52 18 droit
224 1711 41 18 fixe
273 1710 159 19 d'entrainement
438 1708 51 19 de40

13 1739 27 17 fr.
46 1743 34 18 par
84 1737 80 24 journée
169 1737 24 18 de
198 1741 75 14 course.
279 1736 25 17 Le
309 1735 76 23 présent
393 1739 96 18 program-

14 1768 32 13 me
53 1765 30 16 est
90 1763 65 23 publié
167 1767 46 13 sous
226 1761 77 18 réserve
317 1761 24 17 de
352 1760 137 23 l’approbation

13 1788 140 19 ministérielle.
162 1797 23 4 —
193 1787 35 18 Les
236 1786 140 19 commissaires
382 1790 6 13 :
397 1785 90 21 Grosetti,

14 1813 81 23 Marsilj,
106 1813 21 18 F.
137 1813 70 18 Ottavi.

38 1839 28 18 On
74 1842 121 18 remarquera
203 1842 37 18 que
248 1842 21 13 ce
277 1841 119 19 programme
405 1840 84 18 compor-

13 1865 21 17 te
42 1865 34 17 des
84 1863 112 18 allocations
205 1863 91 18 s’élevant
304 1867 24 13 au
337 1862 46 18 total
391 1862 24 17 de
422 1860 66 19 24.000

11 1889 74 20 ■francs,
94 1889 61 20 prises
163 1888 126 17 entièrement
296 1892 35 13 sur
337 1888 29 17 les
379 1890 108 14 ressources

13 1913 25 17 de
45 1913 19 17 la
72 1913 77 18 société.
158 1912 71 23 Malgré
236 1913 29 17 les
273 1912 142 18 améliorations
422 1915 67 18 appor-

12 1937 42 18 tées
62 1937 12 18 à
81 1937 137 23 l’hippodrome
226 1938 20 17 et
254 1938 33 21 qui
295 1938 34 17 ont
342 1936 95 18 nécessité
449 1940 39 13 une

11 1962 84 22 dépense
103 1963 24 17 de
134 1961 65 19 40.000
206 1962 66 18 francs
280 1961 87 21 environ,
382 1961 20 17 la
414 1960 74 19 Société

12 1988 35 17 des
54 1991 78 14 courses
140 1987 94 22 d’Ajaccio
242 1991 47 14 aura
296 1986 50 18 ainsi
351 1985 94 18 distribué
450 1990 38 13 aux

12 2013 96 21 éleveurs,
116 2017 26 13 au
149 2016 56 13 cours
214 2012 24 17 de
245 2011 75 18 l’année
327 2010 52 21 1929,
389 2011 18 17 la
415 2014 72 14 somme

14 2038 25 17 de
46 2037 64 18 76.000
118 2038 120 21 francs,dont
245 2035 64 19 40.000
317 2036 88 22 prélevés
413 2040 35 13 sur
455 2039 32 14 ses

12 2067 79 18 propres
99 2064 88 17 recettes.

272 2093 25 18 Le
305 2092 99 22 président
410 2097 5 12 :

222 2124 27 18 D.
259 2122 76 20 Cunéo
345 2122 119 19 d'Ornano.

36 2510 23 3 —
69 2500 63 18 Infine
146 2504 11 13 e
169 2498 66 19 infatti
249 2497 32 18 chi
291 2501 11 13 a
313 2497 42 18 sola
367 2500 44 13 cosa
423 2496 40 17 atta
476 2499 11 13 a

15 2526 61 17 caccià
85 2530 12 13 a
105 2524 76 21 Corsjca
191 2524 24 17 da
221 2528 15 12 u
244 2523 89 22 pantanu,
343 2521 49 18 saiàa
400 2520 30 18 ?...

37 2559 22 4 —
66 2550 16 18 A
94 2550 49 17 man’
156 2549 20 17 di
189 2549 67 17 nostru
270 2547 79 22 Signore
362 2546 46 21 sola,
422 2544 65 18 finchè

16 2575 46 18 dura
69 2575 48 21 cusì,
126 2575 17 18 o’
151 2578 68 14 mancu
225 2572 5 18 !

513 79 105 22 Cullana
630 81 98 24 Storica
740 84 27 21 di
778 85 23 21 A
814 86 91 21 Muvra

567 137 24 36 A
609 138 156 47 Cunquisia
783 142 144 36 Francese

647 196 31 35 di
695 208 18 23 a
731 197 121 35 Corsica

559 243 45 29 (Da
618 250 29 15 un
662 246 121 22 Giurnale
795 247 25 21 di
832 245 103 29 l’epuca)

680 305 131 28 (Seguitu)

515 344 40 22 On
567 346 37 20 est
614 351 42 16 sur
667 346 22 21 le
709 347 71 26 point
799 347 32 21 de
850 346 57 21 voir
926 344 59 21 dans

515 377 63 19 cette
589 375 113 22 dernière
717 377 66 21 Ville
798 383 48 14 une
867 375 120 22 Fontaine

514 407 50 20 très
576 406 172 22 considérable
759 407 61 21 dont
830 407 24 20 le
874 406 58 26 plan
943 404 44 21 fait

515 442 30 15 un
558 436 113 21 honneur
682 436 69 21 infini
760 436 13 21 à
783 435 151 27 l’Ingénieur
943 434 43 27 qui

514 466 30 21 l’a
565 465 84 22 dressé
660 473 6 18 ;
682 467 18 20 il
712 473 13 14 a
736 467 129 20 tellement
883 463 104 28 ménagé

514 496 23 21 la
546 496 71 21 chute
629 496 43 20 des
684 501 63 16 eaux
757 501 64 21 pour
829 495 22 20 la
861 493 124 23 conduite,

516 525 59 27 qu’il
595 532 30 15 ne
646 526 83 21 donne
749 531 46 21 que
811 530 24 22 19
850 528 92 23 pouces
956 522 31 21 de

515 558 74 25 pente
601 562 41 15 sur
652 557 37 20 les
709 561 62 23 9000
791 555 78 21 toises
889 552 98 28 qu’aura

515 588 23 20 le
553 587 76 21 canal.

544 617 30 22 La
586 617 91 28 qualité
688 618 44 21 des
742 622 62 16 eaux
813 616 31 21 de
854 616 64 20 cette
927 613 61 21 Fon-

514 649 67 20 taine
592 650 38 19 est
636 649 138 20 excellente
784 653 5 19 ;
800 652 33 16 011
840 651 32 16 en
880 643 108 23 ébauche

516 679 136 21 seulement
662 680 23 20 la
698 678 116 22 conduite
824 678 64 20 cette
898 673 88 26 année;

516 714 31 15 en
566 709 125 21 attendant
711 709 31 21 de
761 707 109 28 pouvoir
887 706 23 21 la
927 703 61 22 faire

516 738 62 21 dans
598 739 43 21 des
661 744 95 16 canaux
776 738 30 21 de
825 736 56 22 bois
904 740 30 16 ou
958 734 31 21 de

517 770 83 25 plomb
611 775 5 20 ;
633 770 46 21 elle
691 775 55 16 sera
758 769 12 21 à
783 767 101 28 présent
895 765 95 22 surtout

517 799 30 21 de
564 800 22 20 la
602 800 55 26 plus
673 800 94 28 grande
780 796 90 23 -utilité
886 800 63 23 pour
965 794 24 21 la

516 831 157 26 maçonnerie
699 831 42 20 des
767 828 123 22 Casernes
915 824 74 29 qu'on

517 861 52 21 doit
580 861 69 25 bâtir,
663 861 22 21 &
700 861 43 21 des
755 857 184 24 Fortifications
949 853 39 29 qu’

517 896 32 16 on
561 897 26 15 se
599 897 108 21 propose
719 891 31 21 de
760 889 72 22 faire.

545 921 40 22 On
603 922 86 21 attend
702 927 30 15 en
746 920 75 22 Corse
838 918 59 22 d’un
906 917 57 27 jour
975 914 14 22 à

516 951 85 22 l'autre
619 952 34 21 M.
672 953 23 20 le
712 950 110 28 Marquis
834 946 155 24 d’Arcambal

517 981 104 23 Colonel
629 983 31 20 du
668 982 134 28 Régiment
810 980 31 20 de
847 979 140 25 Rouergue,

517 1013 42 27 qui
569 1019 31 15 va
610 1019 19 22 y
638 1013 70 21 lever
716 1017 48 16 une
775 1010 100 28 Légion,
885 1006 104 28 laquelle

516 1049 58 16 aura
585 1044 22 21 la
618 1044 82 21 même
713 1041 133 23 formation
859 1045 48 22 que
915 1038 73 21 celles

516 1073 60 28 qu’il
586 1080 17 22 y
614 1079 14 16 a
639 1073 56 28 déjà
712 1079 42 15 sur
764 1072 60 27 pied
841 1076 31 16 en
888 1069 99 24 France,

516 1104 23 22 &
550 1104 49 22 l'on
615 1103 37 22 dit
672 1109 46 22 que
737 1104 60 21 celle
818 1102 30 21 de
860 1099 104 23 Soubise
975 1103 14 15 a

517 1135 72 21 ordre
600 1135 30 21 de
641 1134 97 22 fournir
750 1134 42 21 des
802 1133 113 26 Dragons
926 1134 64 23 pour

516 1167 23 20 la
547 1166 49 21 tête
603 1165 43 22 des
656 1164 176 27 Compagnies,
839 1162 23 21 &
869 1167 48 21 que
925 1159 62 22 MM.

518 1195 108 22 Cafforio
646 1195 23 21 &
687 1194 150 22 Casabianca
859 1193 56 20 sont
935 1187 54 28 déjà

516 1225 111 22 nommés
644 1224 145 28 Capitaines
805 1223 43 21 des
864 1221 123 26 Dragons.

516 1273 55 18 Suite
576 1273 33 17 des
614 1272 103 18 Nouvelles
723 1271 24 18 de
752 1269 54 20 Paris
812 1270 25 17 du
843 1268 24 19 23
872 1266 116 23 Septembie.

545 1304 33 22 M.
593 1304 117 22 Chardon
721 1302 133 23 Intendant
868 1305 30 16 en
911 1298 78 22 Corse

516 1342 32 15 ne
567 1336 91 27 partira
678 1340 44 22 pas
740 1334 30 21 de
786 1332 119 28 quelques
919 1330 69 27 jours

516 1372 64 22 pour
589 1373 17 22 y
617 1368 137 20 retourner.
767 1363 41 23 On
820 1361 114 23 travaille
940 1365 49 16 aux

517 1398 161 21 instructions
689 1397 63 21 dont
763 1396 17 21 il
793 1394 55 22 doit
859 1393 51 21 être
921 1391 68 22 char-

516 1428 32 28 gé
558 1429 174 21 relativement
748 1432 30 16 au
794 1426 57 26 plan
870 1423 42 27 qui
924 1428 14 14 a
949 1421 39 21 été

516 1459 84 22 dressé
611 1464 64 22 pour
685 1459 62 20 tirer
758 1457 30 21 de
801 1457 65 20 cette
876 1454 112 21 Isletous

515 1491 175 26 Lesavantages
698 1488 174 28 qu’onpeuten
878 1483 108 28 espérer.

517 1520 41 22 On
570 1521 35 21 dit
616 1520 74 28 qu’un
703 1518 79 29 grand
797 1516 105 23 nombre
916 1513 73 23 d’Ar-

515 1551 79 22 tisans
605 1551 31 21 de
646 1552 58 20 tout
713 1548 89 23 métier
818 1553 27 16 se
860 1546 129 26 disposent

516 1581 13 22 à
537 1588 18 22 y
563 1587 83 22 passer
654 1586 63 22 pour
723 1580 37 28 s’y
771 1577 130 26 établir,de
908 1576 80 21 même

516 1618 48 22 que
580 1610 111 30 quantité
708 1611 31 21 de
755 1608 154 23 Marchands.
922 1606 66 26 Quel

516 1649 90 23 moyen
618 1643 55 27 plus
684 1641 99 22 efficace
802 1645 65 21 pour
883 1636 105 23 l’éxécu-

514 1675 54 22 tion
580 1674 30 21 de
622 1679 27 16 ce
662 1673 58 28 plan
732 1672 29 25 si,
775 1675 97 18 comme
889 1669 19 21 il
921 1667 42 28 n’y
974 1673 14 15 a

516 1711 43 22 pas
570 1704 14 22 à
595 1710 31 16 en
638 1704 95 24 douter,
745 1703 23 21 le
784 1699 204 24 Gouvernement

514 1736 24 21 le
550 1735 108 22 favorise
668 1734 5 20 !
687 1733 131 22 On.verra
834 1729 98 23 bientôt
944 1729 43 21 des

516 1766 90 22 Corses
617 1764 131 23 s’attacher
756 1763 13 21 à
777 1764 24 20 la
813 1762 92 21 France
915 1766 6 19 ;
934 1760 18 21 il
960 1765 27 15 se

515 1796 52 22 fera
582 1795 207 22 insensiblement
807 1793 43 21 des
866 1791 121 27 mariages

515 1829 69 20 entre
594 1828 37 20 les
642 1826 67 21 deux
719 1824 105 22 Nations
833 1830 7 19 ;
859 1822 22 22 &
892 1827 43 22 par
946 1826 41 16 ces

514 1858 116 22 alliances
648 1862 35 16 on
700 1857 37 20 les
751 1860 72 16 verra
840 1853 90 28 goûter
939 1857 48 16 une

515 1888 155 22 domination
686 1892 56 21 que,
758 1885 105 21 l’amour
879 1883 30 21 de
923 1883 24 20 la
956 1882 32 21 li-

514 1917 68 23 berté
593 1917 41 28 qui
645 1918 38 20 les
691 1915 110 26 animoit,
812 1913 81 22 auroit
901 1913 33 27 pû
943 1911 44 23 fai-

514 1955 27 15 re
552 1948 124 28 regarder,
684 1951 97 17 comme
788 1952 34 14 un
830 1944 100 22 fardeau
938 1949 48 21 peu

514 1978 165 28 supportable.

565 2024 83 19 Numéro
657 2024 27 17 du
691 2023 61 18 Mardi
760 2022 23 18 17
791 2022 82 18 Octobre
880 2020 53 19 1769.

514 2056 55 19 Suite
574 2056 33 17 des
611 2054 105 19 Nouvelles
721 2054 24 17 de
750 2053 53 18 Paris
809 2053 25 17 du
841 2052 23 18 30
870 2052 116 23 Septembre.

542 2087 35 22 M.
593 2087 22 21 le
629 2086 53 21 Duc
694 2086 30 20 de
737 2083 121 23 Choiseul
874 2089 32 16 ne
926 2083 60 27 perd

513 2123 45 22 pas
569 2123 32 15 un
613 2117 93 21 instant
714 2116 31 20 de
752 2120 48 15 vue
809 2115 36 20 les
853 2116 133 25 avantages

514 2148 73 28 qu’on
595 2149 58 26 peut
665 2146 88 22 retirer
759 2145 31 22 de
798 2146 25 20 la
832 2144 86 27 Corse,
926 2146 61 21 dont

513 2180 23 21 la
550 2179 119 26 conquête
682 2179 39 19 est
734 2175 119 28 regardée
864 2175 14 22 à
890 2176 21 20 si
920 2175 66 27 juste

513 2211 60 21 titre
585 2214 94 17 comme
690 2214 45 16 son
755 2212 117 22 ouvrage.
892 2206 41 22 On
949 2213 35 15 as-

514 2247 56 15 sure
580 2245 46 22 que
635 2245 27 16 ce
672 2238 114 22 Ministre
794 2243 28 16 se
830 2242 108 22 propose
946 2236 41 29 d’y

513 2271 61 22 faire
586 2270 92 22 réussir
687 2271 25 20 la
728 2270 96 21 culture
841 2268 72 21 d’une
930 2273 57 22 pro-

514 2302 99 22 duction
622 2302 43 26 qui
673 2300 134 28 épargnera
816 2305 29 16 au
859 2299 127 28 Royaume

514 2333 54 27 plus
588 2333 29 20 de
636 2337 13 16 2
668 2331 111 22 millions
797 2336 45 21 par
854 2335 38 20 an,
912 2329 73 27 qu’on

514 2364 45 21 fait
577 2368 86 23 passer
682 2362 58 21 chez
754 2361 148 27 l’Etranger:
921 2360 64 22 Rien

516 2401 32 15 ne
559 2394 33 22 lui
604 2393 118 27 échappe,
736 2392 22 22 <&
770 2398 46 16 son
829 2391 43 22 oeil
886 2393 100 26 perçant

514 2427 38 20 est
563 2426 87 20 ouvert
662 2429 44 16 sur
717 2425 64 20 tout.

550 2471 82 19 Numéro
640 2472 26 17 du
674 2470 96 19 Vendredi
779 2469 22 19 20
810 2469 79 19 Octobre
897 2468 52 19 1760.

690 2501 28 18 De
725 2501 73 18 Toulon
807 2501 19 17 le
833 2499 24 19 12
866 2500 86 18 Octobre.

542 2533 45 22 Les
597 2533 133 21 Artilleurs
743 2537 107 16 revenus
862 2532 31 20 de
910 2531 75 21 Corse

514 2565 57 20 sont
583 2563 13 22 à
605 2564 24 21 la
641 2562 73 23 Seine
731 2562 23 21 &
772 2568 18 22 y
808 2562 130 21 attendent
948 2561 37 21 les

1010 87 85 21 ordres
1106 87 32 22 de
1148 88 23 21 la
1184 87 68 21 Cour
1263 91 42 16 sur
1314 86 53 21 leur
1376 86 104 22 destina-

1009 116 54 22 tion
1075 116 141 23 ultérieure.
1228 117 31 20 Le
1272 115 133 27 Régiment
1413 116 67 27 d’Ep-

1010 147 86 27 tingen
1113 147 83 22 Suisse
1217 147 42 26 qui
1276 146 88 26 depuis
1384 152 44 16 son
1446 152 34 15 re-

1009 178 57 20 tour
1076 176 31 21 de
1118 179 64 19 cette
1195 177 47 21 Isle
1255 175 60 22 étoit
1324 174 13 22 à
1345 176 22 21 la
1377 176 103 24 Vallete,

1011 214 30 14 en
1050 209 37 19 est
1096 208 63 26 parti
1168 206 137 23 Dimanche
1315 205 99 23 dernier
1422 211 60 22 pour

1010 237 191 28 Wissembourg
1212 244 5 19 ;
1226 238 19 21 il
1254 236 61 22 étoit
1324 236 89 26 arrivé,
1419 237 64 20 deux

1008 267 69 27 jours
1097 269 159 25 auparavant,
1273 265 29 23 88
1314 265 111 23 Mineurs
1439 272 43 15 ve-

1012 299 58 19 nant
1089 297 30 21 de
1137 297 110 26 Verdun,
1267 296 41 27 qui
1321 295 162 28 s’embarquè-

1012 330 53 19 rent
1083 328 77 21 Lundi
1173 334 63 22 pour
1247 332 85 23 passer
1348 333 30 15 en
1396 327 85 24 Corse,

1013 358 32 21 où
1056 358 30 21 ils
1098 360 62 20 vont
1170 358 128 22 travailler
1306 362 48 16 aux
1363 357 122 22 Fortifica-

1013 389 73 21 tions.
1109 389 44 21 Les
1173 389 92 21 Mulets
1277 387 41 27 qui
1332 389 44 19 ont
1395 387 39 22 été
1454 392 28 15 au

1013 419 96 21 service
1121 419 30 21 de
1162 418 99 23 l’armée
1279 418 61 20 dans
1357 419 62 20 cette
1437 417 46 21 Isle

1013 450 147 20 reviennent
1164 448 209 23 successivement
1379 454 30 15 en
1413 448 70 21 Fran-

1014 485 36 19 ce,
1058 479 22 21 &
1092 479 19 21 il
1122 485 31 15 en
1165 481 38 19 est
1211 478 55 26 déjà
1274 476 82 23 arrivé
1364 478 120 26 plusieurs

1014 508 125 27 Brigades.
1157 508 41 22 On
1210 508 122 26 débarqua
1343 508 23 20 la
1377 507 106 22 semaine

1014 538 113 21 dernière
1138 538 57 28 3600
1206 538 80 25 fusils,
1304 537 122 27 pistolets,
1442 536 42 21 sti-

1014 569 46 21 lets
1076 568 23 22 &
1112 571 84 19 autres
1214 570 80 20 sortes
1312 568 114 21 d’Armes
1442 566 41 27 qui

1015 601 43 20 ont
1068 599 38 22 été
1118 599 79 28 prises
1209 605 49 15 aux
1269 598 99 25 Corses,
1377 598 23 21 &
1408 603 32 16 on
1448 598 36 20 les

1015 635 96 22 envoyé
1123 629 14 22 à
1149 629 133 22 Marseille.

1066 685 82 18 Numéro
1156 684 27 17 du
1191 684 60 17 Mardi
1259 684 23 17 24
1291 684 80 18 Octobre
1379 682 51 18 1769.

1181 717 28 18 De
1217 717 62 18 Gènes
1287 717 19 18 le
1314 716 24 18 14
1346 716 84 18 Octobre.

1042 757 68 21 Nous
1128 761 126 22 aprenons
1266 756 31 21 de
1313 757 24 20 la
1348 755 81 21 Bastia
1440 759 46 21 que

1015 789 23 20 le
1049 788 39 21 feu
1100 788 76 27 ayant
1186 787 54 27 pris
1252 787 60 21 dans
1324 787 23 20 la
1358 785 79 27 partie
1448 790 38 15 su-

1015 817 113 28 périeure
1139 817 31 21 de
1182 818 23 20 la
1217 816 76 26 Ville,
1304 815 131 23 l’incendie
1446 814 41 21 de-

1015 849 55 20 vint
1084 846 171 23 considérable
1271 853 47 22 par
1333 846 24 21 la
1373 846 113 20 violence

1016 879 32 21 du
1058 880 68 23 vent,
1140 878 41 26 qui
1193 883 72 16 causa
1280 883 31 15 en
1329 877 79 21 même
1423 877 63 19 tems

1015 910 126 25 beaucoup
1153 908 30 21 de
1195 909 145 26 dommages
1351 906 14 21 à
1381 907 23 20 la
1418 905 69 22 Cam-

1015 945 89 22 pagne.
1115 938 47 22 Cet
1170 939 115 21 incendie
1293 944 32 15 ne
1334 938 44 27 put
1389 937 50 20 être
1448 942 39 15 en-

1014 970 133 21 tièrement
1166 968 85 26 éteint,
1269 968 74 28 qu'au
1362 967 60 21 bout
1434 966 29 21 de
1472 972 13 21 3

1013 1001 69 27 jours
1091 1007 5 19 ;
1109 1000 23 22 &
1143 1001 23 20 le
1178 1000 167 22 Gouverneur
1351 1003 14 15 a
1374 997 113 22 condam-

1016 1030 31 23 né
1058 1030 13 22 à
1082 1030 124 22 l’amende
1227 1035 63 17 ceux
1305 1029 41 27 qui
1362 1027 126 22 n'allèrent

1015 1067 42 22 pas
1077 1062 96 21 donner
1192 1066 109 19 secours,
1324 1058 99 22 attendu
1440 1062 47 22 que

1015 1098 47 22 peu
1080 1092 52 22 s’en
1153 1092 71 21 fallut
1242 1096 47 23 que
1306 1088 132 23 l’incendie
1456 1093 31 15 ne

1015 1123 88 21 devint
1112 1122 108 28 général.
1233 1121 42 22 On
1287 1126 13 16 a
1311 1119 65 22 enfin
1387 1117 101 23 éxécuté

1016 1153 13 22 à
1040 1155 65 20 mort
1116 1154 61 21 dans
1189 1152 93 25 Oletta,
1296 1151 57 26 cinq
1369 1150 43 20 des
1423 1154 62 16 com-

1015 1184 76 26 plices
1103 1184 32 21 de
1145 1184 23 20 la
1178 1182 113 22 trahison
1300 1181 42 26 qui
1350 1186 18 22 y
1376 1179 66 22 avoit
1450 1177 37 22 été

1014 1213 93 22 tramée
1117 1220 6 19 ;
1145 1213 23 22 &
1186 1212 14 22 8
1211 1214 83 20 autres
1315 1217 42 21 qui
1374 1209 114 22 s’étoient

1015 1243 90 22 évadés
1115 1243 62 22 l’ont
1184 1242 40 22 été
1233 1248 31 15 en
1273 1241 91 28 effigie.
1375 1240 45 22 Les
1428 1239 60 21 mai-

1015 1281 58 16 sons
1085 1275 44 21 des
1141 1273 141 28 coupables,
1299 1273 61 21 dont
1370 1272 36 21 les
1417 1271 70 21 biens

1016 1309 56 19 sont
1082 1304 110 23 déclarés
1204 1303 104 23 dévolus
1315 1309 30 15 au
1355 1302 63 25 Fisc,
1427 1302 61 20 vont

1015 1338 51 20 être
1077 1336 131 25 démolies,
1224 1335 23 21 &
1258 1340 33 16 on
1302 1339 18 23 y
1332 1333 98 22 élèvera
1442 1331 13 22 à
1463 1332 22 21 la

1014 1368 69 27 place
1093 1372 49 17 une
1154 1366 114 22 Colonne
1280 1364 143 21 infamante.
1435 1362 52 22 On-

1014 1404 27 15 ze
1057 1397 119 22 Hommes
1195 1396 82 22 moins
1298 1395 130 27 coupables
1440 1399 46 21 que

1016 1434 61 16 ceux
1088 1428 43 28 qui
1140 1430 44 20 ont
1192 1426 40 22 été
1241 1424 149 24 condamnés
1402 1424 12 21 à
1422 1425 65 20 mort

1014 1459 23 21 &
1049 1459 66 22 deux
1127 1459 112 24 femmes,
1260 1457 83 21 furent
1358 1455 101 28 présens
1473 1453 14 22 à

1014 1489 151 22 l'éxécution
1175 1495 6 19 ;
1200 1489 38 21 les
1257 1488 112 21 hommes
1387 1487 44 21 ont
1448 1484 38 23 été

1014 1521 96 21 ensuite
1122 1518 116 29 marqués
1250 1518 56 22 d’un
1317 1517 38 22 fer
1370 1517 86 21 ardent
1464 1515 22 22 &

1015 1551 124 22 serviront
1149 1552 70 21 toute
1229 1550 54 21 leur
1294 1548 42 22 vie
1344 1553 42 16 sur
1393 1548 36 20 les
1438 1546 49 22 Ga-

1014 1581 63 22 lères
1086 1588 6 19 ;
1103 1581 23 21 &
1132 1581 36 21 les
1177 1580 66 22 deux
1249 1579 102 22 femmes
1360 1579 128 27 passeront

1014 1613 23 20 le
1056 1613 65 20 reste
1139 1612 31 20 de
1189 1612 67 20 leurs
1272 1610 72 28 jours
1364 1609 59 22 dans
1439 1614 47 15 une

1014 1643 96 27 prison.

1065 1695 83 18 Numéro
1156 1695 26 17 du
1189 1694 61 18 Mardi
1258 1694 22 18 24
1289 1693 81 18 Octobre
1380 1692 52 19 1769.

1079 1729 98 22 D’Ajaccio
1185 1733 24 13 en
1218 1727 58 19 Corse
1283 1727 20 18 le
1314 1727 23 18 14
1345 1726 85 19 Octobre.

1042 1765 40 22 On
1094 1766 72 21 vient
1177 1765 136 21 seulement
1324 1763 94 22 d’avoir
1428 1768 58 16 con-

1013 1797 131 21 noissance
1155 1796 31 21 de
1197 1801 29 16 ce
1234 1801 46 21 que
1290 1795 118 27 quelques
1418 1793 68 22 habi-

1012 1829 54 20 tans
1074 1827 31 21 de
1114 1828 64 20 cette
1185 1826 56 25 Isle,
1247 1823 236 27 mal-intentionnés,

1013 1858 22 22 &
1045 1858 68 22 vrais
1124 1857 175 28 pertubateurs
1310 1856 33 21 du
1354 1861 71 21 repos
1442 1861 43 21 pu-

1013 1889 57 25 blic,
1081 1888 75 21 firent
1166 1887 214 21 malicieusement
1392 1885 94 21 insérer

1013 1920 59 20 dans
1093 1919 22 20 la
1138 1917 102 22 Gazette
1261 1917 30 21 de
1315 1916 121 22 Livourne
1455 1921 29 15 au

1012 1949 65 21 mois
1098 1947 93 22 d’Août
1209 1947 100 21 dernier
1323 1953 30 14 au
1372 1946 65 27 sujet
1454 1946 30 21 de

1013 1979 35 21 M.
1055 1980 24 20 le
1092 1978 88 22 Comte
1187 1978 32 21 de
1228 1977 95 21 Perrez.
1335 1976 35 21 Ce
1378 1978 56 19 sont
1441 1976 43 21 des

1011 2010 117 21 horreurs
1140 2008 42 27 qui
1196 2007 109 22 excitent
1312 2006 173 27 l'indignation

1012 2039 23 22 &
1045 2039 41 28 qui
1099 2039 124 27 inspirent
1240 2044 31 15 un
1288 2038 132 21 souverain
1436 2036 49 22 mé-

1012 2070 52 28 pris
1074 2075 65 21 pour
1149 2075 64 15 ceux
1224 2068 41 27 qui
1274 2070 45 20 ont
1327 2067 39 22 été
1373 2068 110 27 capables

1012 2101 31 21 de
1055 2100 60 22 faire
1128 2105 126 16 annoncer
1265 2099 60 21 dans
1335 2098 43 21 des
1385 2098 100 21 nouvel-

1011 2132 37 21 les
1059 2131 130 27 publiques
1201 2130 44 21 des
1257 2129 56 21 faits
1325 2129 20 21 si
1354 2128 129 27 injurieux,

1012 2162 41 27 qui
1064 2161 72 22 n’ont
1146 2167 43 21 pas
1200 2161 81 21 même
1291 2160 24 21 la
1327 2159 112 22 moindre
1446 2165 39 22 ap-

1011 2197 107 23 parence
1130 2192 31 21 de
1172 2190 81 23 vérité
1263 2197 5 19 ;
1281 2190 82 21 tandis
1375 2195 47 22 que
1431 2192 55 20 tout

1011 2224 24 21 le
1051 2223 92 22 monde
1163 2223 69 28 sçait,
1254 2227 47 22 que
1321 2221 88 27 depuis
1419 2222 24 21 le
1458 2227 28 20 24

1011 2254 56 27 Juin
1078 2259 49 22 que
1138 2254 37 21 les
1186 2253 114 27 Troupes
1311 2253 32 21 du
1351 2252 49 22 Roi
1408 2252 78 22 entrè-

1012 2287 55 19 rent
1077 2285 61 21 dans
1155 2285 37 21 les
1212 2284 85 21 divers
1315 2283 130 26 Quartiers
1455 2283 30 22 de

1013 2316 199 22 cantonnement,
1225 2315 40 27 qui
1277 2315 55 21 leur
1340 2314 102 21 avoient
1448 2313 37 22 été

1012 2345 133 28 asssignés,
1158 2345 35 22 M.
1202 2345 32 21 de
1246 2345 87 21 Perrez
1344 2343 60 22 s’est
1413 2344 72 22 retiré

1013 2377 32 21 ici
1053 2384 7 19 ;
1073 2376 62 28 qu'il
1141 2382 18 22 y
1166 2382 14 15 a
1188 2376 114 27 toujours
1313 2374 73 27 resté,
1397 2374 23 22 &
1428 2374 58 28 qu’il

1011 2413 18 23 y
1036 2409 38 20 est
1084 2412 92 16 encore
1188 2407 181 21 actuellement.
1388 2404 40 23 On
1439 2406 47 21 sait

1012 2437 63 23 aussi
1088 2437 61 27 qu’il
1161 2443 13 16 a
1186 2436 96 23 sacrifié
1294 2442 41 16 ses
1353 2435 101 23 intérêts
1463 2436 23 22 &

1013 2474 26 16 sa
1050 2468 41 22 vie
1102 2469 89 24 même,
1200 2467 109 28 pendant
1316 2468 37 20 les
1363 2467 62 21 deux
1433 2467 54 21 der-

1012 2499 80 22 nières
1104 2498 164 28 Campagnes,
1279 2503 31 15 en
1319 2500 100 19 servant
1425 2497 60 22 dans

1011 2530 23 21 la
1042 2528 185 28 Légion-Corse
1235 2535 29 15 en
1274 2527 92 28 qualité
1374 2528 30 21 de
1413 2527 72 22 Com-

1011 2560 124 25 mandant,
1161 2565 57 15 sans
1244 2563 92 17 aucuns
1361 2558 125 27 appointe-r

1506 93 80 15 mens.
1607 86 25 22 S.
1647 85 33 22 M.
1693 84 114 27 toujours
1828 82 121 22 attentive
1969 79 13 22 à

1506 116 175 28 récompenser
1692 121 40 16 ses
1744 115 63 21 bons
1819 113 134 22 serviteurs
1961 110 22 22 &

1507 153 39 15 ses
1566 147 86 21 fidèles
1670 145 78 24 sujets
1768 145 33 20 lui
1826 150 13 14 a
1858 140 126 29 témoigné

1507 177 116 21 combien
1636 176 50 22 Elle
1698 175 63 22 étoit
1771 173 120 22 satisfaite
1904 173 29 21 de
1945 178 39 15 ses

1507 207 120 26 services,
1636 213 30 15 en
1677 206 33 22 lui
1723 205 90 22 faisant
1825 203 118 28 éxpédier
1952 208 32 15 un

1508 237 90 21 Brevet
1609 238 30 21 de
1652 234 259 24 Lieutenant-Colonel
1920 232 65 22 d’in-

1508 265 112 28 fanterie,
1634 268 22 21 &
1668 267 32 22 lui
1714 265 131 22 accordant
1862 270 47 15 une
1926 268 59 22 pen-

1508 298 57 21 sion
1577 297 31 21 de
1619 297 43 22 800
1674 298 89 21 livres.

1562 352 83 18 Numéro
1653 353 25 17 du
1686 351 61 19 Mardi
1755 351 22 18 24
1786 350 81 19 Octobre
1875 349 51 18 17G9.

1666 386 27 17 De
1701 385 84 17 Londres
1794 384 18 18 le
1821 384 12 17 2
1842 383 87 18 Octobre.

1536 418 32 21 Le
1580 417 109 23 Général
1701 418 70 21 Paoli
1784 424 14 15 a
1810 423 31 15 eu
1852 416 134 22 l’honneur

1510 447 76 22 d’être
1598 448 114 27 présenté
1724 455 30 14 au
1767 448 48 21 Roi
1825 452 96 16 comme
1930 445 56 21 sim-

1511 478 40 26 ple
1571 478 154 25 Particulier,
1745 478 22 22 &
1788 478 23 21 S.
1823 477 34 22 M.
1878 476 31 22 l’a
1928 480 58 22 reçu

1509 507 259 28 très-gracieusement
1779 514 5 19 ;
1804 508 51 21 Elle
1866 513 13 15 a
1897 503 88 29 daigné

1510 537 156 22 s’entretenir
1680 539 134 27 long-tems
1829 542 61 16 avec
1908 535 43 25 lui,
1964 534 22 21 &

1510 573 14 15 a
1535 574 58 20 paru
1606 568 50 22 fort
1667 568 122 22 satisfaite
1804 568 31 21 de
1847 574 27 15 sa
1885 570 101 18 conver-

1511 598 90 26 sation,
1608 601 73 26 ayant
1692 599 173 27 parfaitement
1876 596 110 28 répondu

1511 634 49 15 aux
1570 629 111 21 diverses
1693 629 130 28 questions
1842 627 91 28 qu’Elle
1950 625 35 22 lui

1511 664 15 15 a
1536 659 51 21 lait.
1599 659 40 21 On
1651 660 35 21 lui
1697 659 103 28 prépare
1809 665 33 15 un
1853 658 75 21 Flôtel
1935 662 52 16 ma-

1511 688 178 28 gnifiquement
1699 689 113 26 meublé;
1826 689 22 21 &
1859 694 39 15 ses
1915 686 69 25 amis,

1512 719 42 26 qui
1573 725 31 15 en
1623 720 54 21 font
1696 721 37 20 les
1745 720 58 21 frais
1823 722 57 18 sont
1892 718 60 20 dans
1963 717 23 20 la

1511 749 152 27 disposition
1683 750 31 21 de
1733 751 24 20 le
1776 751 89 19 mettre
1883 748 60 21 dans
1954 752 32 15 un

1512 778 51 23 état
1572 779 14 22 à
1598 780 97 22 n’avoir
1706 781 54 20 rien
1769 780 14 21 à
1792 779 102 25 désirer,
1905 777 81 22 tandis

1513 815 48 21 que
1576 811 24 20 la
1617 810 69 22 Cour
1702 811 99 21 tiendra
1818 809 15 22 à
1851 815 45 15 son
1912 807 74 28 égard

1513 846 49 15 une
1581 841 116 21 conduite
1711 840 14 21 à
1742 846 32 15 ne
1794 840 95 21 donner
1909 843 77 16 aucun

1513 870 117 28 ombrage
1641 877 48 15 aux
1701 870 146 22 Puissances
1864 868 121 22 voisines.

1568 926 82 18 Numéro
1658 926 26 17 du
1691 926 62 18 Mardi
1759 925 23 18 24
1790 925 81 19 Octobre
1878 923 52 19 1769.

1524 959 54 19 Suite
1586 960 34 18 des
1628 960 103 17 Nouvelles
1739 960 25 17 de
1770 959 55 18 Paris
1834 960 26 16 du
1869 958 10 17 7
1887 958 88 18 Octobre.

1541 995 22 22 Il
1570 1002 18 22 y
1595 1002 14 15 a
1618 996 66 21 aussi
1694 1001 47 16 une
1752 995 165 22 Ordonnance
1924 999 63 21 pour

1513 1027 23 21 la
1547 1025 117 23 Création
1677 1026 72 21 d’une
1759 1026 116 21 nouvelle
1884 1023 101 28 Légion,

1514 1063 59 15 sous
1583 1058 23 20 le
1618 1063 59 16 nom
1694 1057 32 21 de
1745 1056 91 28 Légion
1849 1055 85 25 Corse,
1954 1054 32 21 du

1516 1093 26 16 10
1554 1088 74 21 Août.

1546 1143 82 18 Numéro
1633 1143 26 17 du
1664 1142 97 19 Vendredi
1768 1141 11 18 3
1787 1141 106 18 Novembre
1900 1139 53 19 1769.

1675 1176 27 17 De
1710 1175 77 17 Monaco
1794 1174 19 18 le
1821 1174 11 17 1
1840 1174 113 18 Novembre.

1540 1212 42 22 Un
1593 1211 91 21 Bateau
1696 1211 32 21 de
1745 1210 74 22 Poste
1837 1209 63 28 parti
1918 1210 24 20 le
1959 1208 27 22 26

1514 1242 111 22 Octobre
1638 1242 31 20 de
1679 1242 23 20 la
1715 1241 82 21 Bastia
1811 1245 64 22 pour
1891 1239 95 22 Toulon

1513 1273 96 22 relacha
1620 1273 33 21 ici
1664 1273 24 20 le
1699 1271 29 22 28
1739 1278 31 15 au
1780 1271 78 22 matin
1869 1277 6 20 ;
1892 1270 23 22 &
1925 1275 62 16 nous

1513 1304 125 28 apprîmes
1648 1309 44 22 par
1703 1304 64 20 cette
1779 1307 65 23 voye
1852 1307 48 16 une
1909 1300 78 28 partie

1514 1336 44 20 des
1574 1340 88 22 grâces
1683 1339 47 22 que
1749 1334 24 21 le
1792 1332 49 22 Roi
1859 1338 14 15 a
1884 1330 103 23 accordé

1513 1371 50 16 aux
1581 1364 137 28 Régimens
1738 1364 42 27 qui
1800 1366 43 19 ont
1862 1362 81 22 servis
1956 1367 30 16 en

1514 1396 86 22 Corse.
1613 1395 69 21 Dans
1689 1395 25 20 le
1722 1393 133 29 Régiment
1863 1392 123 28 Dauphin,

1513 1426 67 22 M.de
1587 1426 124 21 Leautaud
1718 1424 127 22 DonNine
1852 1422 134 23 Lient.Col.

1513 1463 14 15 a
1538 1456 38 22 été
1588 1456 45 22 fait
1644 1455 141 28 Brigadier;
1799 1455 35 21 M.
1847 1454 30 21 de
1889 1453 24 22 S.
1926 1453 63 21 Vin-

1513 1489 57 20 cent
1581 1493 47 15 1er.
1643 1486 59 27 Cap.
1717 1486 44 21 des
1772 1485 152 22 Grenadiers
1935 1490 15 15 a
1957 1489 31 16 eu

1512 1519 24 20 la
1549 1517 163 22 commission
1730 1516 30 21 de
1777 1516 79 21 Lieut.
1871 1514 46 22 Col
1926 1521 6 19 ;
1951 1514 35 21 M.

1513 1549 30 21 de
1555 1549 23 21 la
1589 1547 168 28 Rochepalier
1775 1549 42 19 11e.
1838 1545 59 28 Cap.
1915 1551 14 16 a
1949 1544 38 22 été

1512 1579 46 22 fait
1568 1579 78 21 Lieut.
1659 1579 30 21 de
1701 1578 51 21 Roi
1764 1578 32 20 du
1813 1576 17 22 S
1831 1578 13 19 1.
1857 1576 89 28 Esprit,
1965 1575 22 22 &

1511 1611 38 21 les
1561 1610 66 21 deux
1637 1611 92 23 autres,
1740 1607 62 22 MM.
1812 1608 31 21 de
1852 1607 136 22 Maneville

1512 1641 23 21 &
1546 1640 149 25 Duverdier,
1710 1641 45 19 ont
1765 1644 31 16 eu
1807 1638 43 22 600
1860 1638 80 21 livres
1956 1637 31 21 de

1511 1671 173 29 gratification.
1697 1669 36 22 M.
1746 1669 30 21 de
1788 1669 95 25 Bonne,
1898 1670 26 20 Ier
1930 1668 57 21 Fac-

1510 1702 127 22 tionnaire
1649 1707 13 15 a
1673 1707 31 15 eu
1715 1701 23 21 la
1748 1699 117 28 Majorité
1876 1699 31 21 de
1920 1698 67 22 l’Isle

1512 1734 30 20 de
1554 1731 37 23 Ré
1602 1731 23 22 &
1633 1737 43 21 400
1693 1731 78 21 livres
1783 1731 30 20 de
1824 1729 163 29 gratification

1511 1763 122 25 annuelle,
1648 1761 33 22 M.
1695 1761 135 27 Desgarets
1841 1763 22 25 3e
1875 1760 113 21 Faction-

1511 1794 78 25 naire,
1602 1792 42 28 qui
1662 1791 168 22 commandoit
1846 1797 48 15 une
1913 1790 74 22 Com-

1510 1823 92 29 pagnie
1613 1823 43 21 des
1665 1822 171 24 Volontaires,
1843 1822 24 21 la
1874 1821 114 22 commis-

1510 1855 58 21 sion
1588 1854 32 21 de
1641 1853 78 22 Lieut.
1733 1851 56 23 Col.
1810 1852 24 21 &
1855 1857 43 21 400
1918 1853 16 20 1.
1956 1852 30 21 de

1509 1885 166 28 gratification
1688 1884 123 24 annuelle,
1832 1882 22 22 &
1866 1883 121 27 plusieurs

1510 1918 82 19 autres
1605 1914 117 22 Officiers
1739 1914 42 20 des
1799 1913 186 27 gratifications.

1510 1945 32 22 Le
1555 1944 133 29 Régiment
1699 1944 31 21 de
1742 1943 171 26 Soissonnois,
1923 1944 42 26 qui
1973 1949 14 15 a

1510 1982 31 15 eu
1552 1976 24 21 le
1587 1976 57 26 plus
1656 1975 31 21 de
1700 1976 58 25 part
1768 1979 49 16 aux
1837 1973 150 28 Opérations

1510 2006 61 21 dans
1583 2007 66 20 cette
1660 2005 57 24 Isle,
1726 2004 22 21 &
1758 2004 40 27 qui
1807 2003 63 22 étoit
1877 2004 14 21 à
1898 2005 22 20 la
1928 2004 60 21 bril-

1509 2037 67 21 lante
1588 2035 102 22 défense
1701 2035 31 21 de
1745 2034 107 25 Loretto,
1873 2034 32 22 où
1921 2040 67 16 com-

1510 2067 113 22 mandoit
1635 2066 35 21 M.
1680 2066 23 21 le
1716 2065 81 22 Baron
1803 2065 32 22 de
1842 2065 90 28 Juigné
1941 2071 46 16 son

1511 2098 106 22 Colonel
1643 2102 62 16 avec
1731 2097 37 21 les
1793 2095 150 23 Grenadiers
1965 2096 22 22 &

1511 2128 146 25 Chasseurs,
1672 2133 13 15 a
1696 2133 32 15 eu
1739 2127 66 21 aussi
1818 2133 49 15 une
1878 2129 55 25 part
1944 2127 43 21 des

1510 2160 56 26 plus
1584 2157 155 29 distinguées
1757 2157 60 22 dans
1836 2158 23 20 la
1872 2157 116 22 distribu-

1509 2191 57 21 tion
1576 2190 30 21 de
1618 2194 41 16 ces
1671 2194 100 23 grâces;
1784 2188 63 21 mais
1856 2193 62 17 nous
1929 2188 57 22 n’en

1511 2226 92 16 savons
1614 2226 44 21 pas
1670 2220 23 21 le
1705 2219 83 26 détail,
1811 2225 50 16 non
1874 2220 54 26 plus
1940 2225 47 22 que

1511 2252 31 21 de
1555 2251 74 22 celles
1646 2250 40 27 qui
1703 2250 134 28 regardent
1853 2250 36 21 les
1907 2252 80 20 autres

1511 2282 145 28 Régimens,
1669 2286 64 17 nous
1745 2286 62 17 nous
1827 2281 96 21 serions
1943 2281 44 22 fait

1512 2319 32 16 un
1557 2313 86 27 plaisir
1653 2312 30 21 de
1694 2313 38 20 les
1741 2317 134 16 annoncer.

1538 2343 69 22 Nous
1615 2348 79 17 avons
1704 2343 84 27 appris
1797 2348 31 15 en
1835 2343 79 20 même
1922 2344 64 20 tems

1511 2380 48 22 que
1570 2376 23 20 le
1605 2373 127 22 Schebeck
1744 2374 23 21 le
1778 2373 67 22 Rusé
1863 2378 124 17 comman-

1512 2405 31 22 dé
1558 2411 44 21 par
1619 2404 35 22 M.
1667 2405 23 20 le
1703 2403 80 23 Cliev.
1797 2404 31 21 de
1840 2403 100 26 Damas,
1959 2410 27 15 se

1510 2436 113 22 trouvoit
1634 2434 14 23 à
1660 2435 22 21 la
1695 2435 92 25 Bastia,
1800 2434 33 22 où
1843 2435 19 21 il
1874 2433 60 23 étoit
1944 2440 43 15 ve-

1511 2473 34 15 nu
1567 2466 109 27 prendre
1696 2466 40 21 les
1758 2466 85 21 ordres
1866 2465 29 21 de
1916 2465 70 22 M.le

1513 2497 88 22 Comte
1612 2497 31 21 de
1654 2496 80 26 Vaux,
1756 2495 125 28 lorsqu’on
1900 2495 37 22 fut
1951 2496 35 21 in-

1510 2527 80 22 formé
1616 2527 72 27 qu’un
1716 2527 124 21 Bâtiment
1867 2526 118 22 Tunisien

1511 2558 70 21 avoit
1591 2557 124 28 débarqué
1726 2557 56 27 près
1800 2557 32 22 de
1840 2558 26 22 la
1877 2557 67 22 Tour
1955 2557 30 22 de

2008 80 23 21 la
2051 78 110 22 Mortella
2183 78 60 21 dans
2264 77 22 21 le
2303 74 75 23 Golfe
2393 74 30 21 de
2435 72 48 22 San

2009 109 118 22 Fiorenzo
2149 109 23 21 &
2195 108 69 22 avoit
2286 104 123 30 débarqué
2435 110 48 15 une

2009 139 130 28 quinzaine
2162 139 138 22 d’hommes
2325 135 91 27 armés,
2442 134 41 27 qui

2010 171 159 27 poursuivant
2188 177 12 21 3
2221 170 91 21 Corses
2324 168 22 21 &
2361 175 13 20 3
2389 166 95 22 Génois

2010 200 72 28 qu’ils
2093 201 103 21 avoient
2207 198 88 24 trouvé
2304 204 41 15 sur
2357 199 23 20 le
2390 198 93 25 rivage,

2010 232 103 21 avoient
2123 231 51 27 pris
2186 231 22 21 &
2220 228 113 24 emmené
2345 229 36 20 les
2395 235 13 20 3
2426 227 58 21 Cor-

2011 268 46 18 ses,
2070 262 35 21 les
2116 268 14 21 3
2144 261 95 22 Génois
2251 259 88 22 s'étant
2351 257 88 22 sauvés
2454 263 31 15 en

2010 291 140 29 grévissant
2157 292 36 21 les
2201 291 148 27 Montagnes
2360 295 6 15 :
2377 294 42 16 sur
2426 287 58 28 quoi

2012 322 33 22 M.
2053 323 23 20 le
2086 322 134 22 Chevalier
2226 322 31 21 de
2265 321 92 21 Damas
2363 318 122 23 avoitmis

2010 352 14 22 à
2035 353 23 21 la
2070 354 67 21 voile
2148 353 23 21 la
2183 353 54 21 nuit
2248 352 32 21 du
2292 358 26 22 25
2334 357 31 15 au
2384 350 27 22 26
2423 354 63 23 pour

2012 384 82 21 suivre
2106 384 22 21 le
2142 382 114 22 Corsaire
2271 382 129 22 Tunisien.

2040 413 41 23 On
2092 414 37 21 dit
2141 420 47 21 que
2198 414 24 21 le
2239 413 100 22 fameux
2355 412 61 27 Jean
2430 412 57 22 Car-

2011 445 33 24 lo,
2056 443 91 23 s’étant
2155 443 130 28 embarqué
2294 443 13 22 à
2318 444 121 21 Livourne
2448 444 38 19 est

2011 481 66 15 venu
2088 475 133 21 descendre
2238 475 60 21 dans
2314 474 68 22 l’Isle
2393 474 22 21 &
2427 473 60 27 qu'il

2012 505 59 21 s'est
2081 506 48 20 mis
2140 504 14 22 à
2164 505 24 21 la
2198 505 49 21 tête
2257 505 30 21 de
2296 505 120 26 quelques
2426 504 60 21 Ban-

2012 535 56 26 dits,
2090 541 57 15 sans
2159 535 74 22 doute
2253 541 47 21 peu
2312 533 116 23 intimidé
2441 539 45 22 par

2011 565 130 28 l’exemple
2161 566 30 20 de
2211 565 99 26 Pelone,
2331 565 41 27 qui
2392 571 93 15 revenu

2012 602 95 16 comme
2118 596 44 26 lui,
2175 596 23 21 &
2209 598 74 26 ayant
2294 595 39 22 été
2345 594 81 23 arrêté
2437 594 14 22 à
2462 595 22 21 la

2012 627 88 25 Bastia,
2113 633 14 15 a
2139 625 38 23 été
2189 626 96 28 envo}ré
2304 633 32 14 au
2353 625 134 29 Régiment

2012 656 175 29 Royal-Corse,
2205 663 64 21 pour
2278 663 18 22 y
2308 657 72 21 avoir
2397 657 23 21 la
2436 657 49 21 tête

2013 687 90 26 cassée,
2124 688 63 21 mais
2203 689 53 20 sort
2273 687 58 27 qu'il
2343 687 83 21 n’aura
2442 693 43 21 pas

2012 718 126 21 lui-même
2151 717 39 22 s’il
2201 720 38 19 est
2249 718 60 27 pris,
2329 718 19 21 il
2360 720 60 25 peut
2433 717 54 22 s’at-

2012 748 87 21 tendre
2110 747 14 22 à
2139 754 32 15 un
2185 750 69 19 autre
2266 749 89 26 auquel
2369 748 118 21 l'infamie

2013 780 37 20 est
2060 777 117 22 attachée.
2191 779 40 20 Au
2241 781 65 19 reste
2318 784 33 16 on
2366 784 31 15 ne
2409 779 79 21 craint

2012 809 72 27 point
2094 809 37 21 les
2143 809 133 22 tentatives
2296 809 60 27 qu’il
2373 809 113 27 pourroit

2012 839 69 25 faire,
2100 841 57 20 tous
2174 840 36 21 les
2228 841 84 25 postes
2328 842 58 19 sont
2397 840 90 21 solide-

2013 872 69 20 ment
2099 869 87 23 établis
2197 871 22 21 &
2234 871 56 21 bien
2312 869 98 29 gardés,
2431 870 23 21 &
2464 871 24 20 la

2012 901 206 21 communication
2226 903 38 20 est
2268 902 49 21 fort
2323 900 68 22 aisée
2399 901 30 21 de
2435 900 50 22 l’un

2012 930 14 22 à
2036 931 93 21 l’autre.
2144 931 34 21 M.
2186 932 23 21 le
2222 931 88 22 Comte
2320 932 30 21 de
2361 931 73 22 Vaux
2443 931 45 22 fait

2013 962 130 21 continuer
2154 962 30 20 de
2194 962 127 21 travailler
2331 968 50 15 aux
2392 961 97 23 Fortifi-

2013 992 95 21 cations
2119 992 31 21 de
2161 991 78 23 Corse
2251 998 61 16 avec
2325 994 71 20 toute
2413 992 75 22 l’acti-

2013 1021 52 22 vité
2074 1022 109 27 possible
2191 1029 6 19 ;
2205 1023 18 21 il
2235 1023 54 21 doit
2300 1029 27 16 se
2338 1023 89 22 rendre
2438 1022 14 22 à
2464 1023 23 21 la

2013 1052 80 22 Bastia
2105 1052 13 22 à
2131 1053 113 22 l’arrivée
2257 1054 29 21 de
2299 1053 34 22 M.
2344 1055 24 20 le
2378 1053 108 28 Marquis

2013 1084 30 20 de
2054 1082 123 29 Thianges
2188 1090 6 19 ;
2207 1086 25 19 et
2243 1090 33 16 on
2286 1084 87 22 attend
2382 1084 107 21 incessa-

2013 1115 67 20 ment
2091 1114 35 21 M.
2141 1113 114 23 Chardon
2268 1115 60 22 dont
2340 1120 34 17 on
2386 1121 13 15 a
2414 1120 30 16 eu
2463 1115 23 21 la

2013 1145 114 20 nouvelle
2140 1145 32 20 du
2183 1151 103 22 passage
2299 1144 13 22 à
2323 1145 78 28 Lyon.

2056 1193 82 18 Numéro
2146 1194 26 17 du
2180 1193 59 18 Mardi
2248 1194 11 17 7
2267 1194 108 19 Novembre
2383 1194 52 19 1769.

2089 1226 96 23 D’Ajaccio
2193 1232 24 13 en
2225 1227 58 18 Corse
2290 1228 19 17 le
2316 1227 24 18 20
2349 1228 86 18 Octobre.

2040 1259 43 22 S’il
2093 1260 106 27 pouvoit
2207 1262 80 20 rester
2296 1262 106 27 quelque
2412 1262 76 22 doute

2013 1296 43 16 sur
2066 1296 27 16 ce
2106 1291 41 27 qui
2159 1297 14 15 a
2184 1290 40 23 été
2235 1292 37 21 dit
2282 1292 183 23 dernièrement
2473 1292 15 22 à

2012 1322 133 21 l’occasion
2153 1322 31 21 de
2196 1322 34 22 M.
2237 1323 24 21 le
2268 1322 88 23 Comte
2366 1324 30 21 de
2406 1324 80 27 Perez,

2013 1353 22 20 la
2046 1352 71 27 copie
2129 1353 112 27 ci-jointe
2253 1354 31 21 de
2298 1355 24 20 la
2339 1354 82 22 Lettre
2440 1361 47 21 que

2014 1382 34 22 M.
2061 1384 24 20 le
2097 1383 55 22 Duc
2163 1384 31 20 de
2206 1383 120 23 Choiseul
2346 1385 35 21 lui
2399 1385 90 22 écrivit

2013 1414 24 21 le
2051 1419 25 16 12
2090 1413 143 28 Septembre
2253 1415 99 21 dernier
2373 1418 38 19 est
2430 1416 58 22 bien

2014 1444 101 28 capable
2126 1444 54 22 d’en
2192 1448 124 19 constater
2326 1447 24 20 la
2361 1446 88 22 vérité.

2035 1483 33 28 Je
2086 1484 78 26 viens,
2185 1483 144 28 Monsieur,
2349 1486 31 21 de
2397 1487 91 20 mettre

2012 1520 62 16 sous
2086 1514 36 22 les
2125 1521 71 20 yeux
2207 1515 36 22 du
2254 1516 49 21 Roi
2321 1515 24 22 le
2361 1516 127 22 Mémoire

2014 1551 47 22 que
2078 1545 36 22 M.
2129 1545 23 22 le
2173 1546 89 22 Comte
2282 1547 30 21 de
2338 1547 74 22 Vaux
2436 1548 52 21 m'a

2013 1576 102 21 adressé
2126 1583 32 15 en
2168 1578 72 20 votre
2246 1577 107 28 faveur.
2362 1578 34 21 Le
2405 1579 83 21 désin-

2013 1607 164 22 téressement
2189 1613 59 16 avec
2260 1607 84 29 lequel
2354 1615 65 15 vous
2430 1616 60 22 avez

2013 1637 127 22 embrassé
2152 1638 22 21 le
2184 1639 76 27 parti
2276 1639 30 21 de
2320 1639 36 22 Sa
2366 1639 119 28 Majesté,

2013 1668 90 28 depuis
2126 1668 23 21 le
2171 1672 215 20 commencement
2408 1671 29 21 de
2461 1670 27 22 la

2014 1699 101 21 Guerre
2133 1705 31 15 en
2179 1699 80 22 Corse
2273 1702 38 20 est
2329 1707 51 15 une
2392 1703 95 25 preuve

2012 1729 127 27 confiante
2152 1730 30 21 de
2193 1732 72 20 votre
2275 1731 51 28 fele
2338 1731 24 22 &
2374 1732 31 21 de
2416 1734 71 20 votre

2012 1759 157 23 inclination
2179 1762 69 26 pour
2258 1767 48 16 son
2317 1762 117 28 Service;
2445 1762 43 22 El-

2013 1790 23 21 le
2047 1796 17 15 a
2074 1796 33 16 vu
2119 1797 58 15 avec
2184 1791 101 27 plaisir
2296 1798 49 22 que
2353 1799 66 16 vous
2429 1794 59 21 réu-

2013 1821 95 28 nissiez
2119 1820 16 21 à
2147 1823 62 20 cette
2226 1822 98 28 qua-litè
2343 1824 44 21 des
2405 1824 83 22 talens

2012 1850 151 27 Militaires,
2177 1852 63 22 dont
2250 1859 64 16 vous
2323 1860 60 22 avez
2385 1854 57 28 fait
2451 1861 38 16 un

2014 1888 77 22 usage
2116 1883 194 29 tres-distingué
2337 1885 67 22 dans
2426 1886 62 28 plu-

2012 1914 84 21 sieurs
2107 1913 187 24 Commissions
2302 1916 131 27 délicates,
2442 1918 48 27 qui

2013 1949 64 16 vous
2097 1946 45 19 ont
2161 1943 38 23 été
2219 1945 118 27 confiées.
2358 1946 59 22 Elle
2437 1948 51 21 m'a

2013 1974 95 28 chargé
2119 1974 31 21 de
2160 1981 65 16 vous
2236 1981 107 17 assurer
2357 1978 31 20 de
2407 1977 25 22 la
2448 1985 40 15 sa-

2013 2004 138 27 tisfaction
2163 2005 101 28 qu'Elle
2275 2013 15 15 a
2303 2008 30 21 de
2345 2010 73 20 votre
2430 2015 60 16 con-

2014 2035 71 21 duite
2105 2041 31 16 en
2151 2036 111 28 général
2268 2043 11 21 ;
2297 2037 23 21 &
2330 2038 59 22 Elle
2402 2046 16 14 a
2429 2040 59 21 bien

2013 2065 80 22 voulu
2104 2071 65 17 vous
2183 2073 30 15 en
2231 2068 100 22 donner
2347 2075 37 16 un
2400 2070 88 22 témoi-

2009 2102 85 22 gnage
2104 2097 166 28 particulier,
2283 2105 31 16 en
2325 2106 66 16 VOÎLS
2402 2108 87 15 accor-

2014 2128 64 21 dant
2089 2127 24 22 le
2126 2128 100 27 Brevet,
2244 2131 71 26 pour
2334 2132 70 21 tenir
2421 2138 68 22 rang

2014 2158 29 21 de
2061 2158 278 25 Lieutenant-Colonel
2358 2163 70 22 .dans
2449 2170 40 15 ses

2015 2188 114 28 Troupes
2149 2190 171 28 d’infomterie
2328 2199 11 20 ;
2359 2192 25 22 &
2402 2193 57 22 Elle
2472 2201 17 14 a

2013 2220 88 27 ajouté
2112 2220 15 21 à
2140 2223 64 20 cette
2209 2228 80 22 grâce
2298 2229 51 16 une
2353 2225 136 28 gratifica-

2013 2251 56 21 tion
2088 2251 122 22 annuelle
2230 2253 31 21 de
2277 2253 43 22 Soo
2342 2254 86 27 livres,
2440 2262 49 15 sur

2013 2280 237 25 VExtraordinaire
2263 2285 45 21 des
2322 2285 123 23 Guerres.
2456 2288 33 26 Je

2012 2318 64 16 vous
2087 2319 31 15 en
2130 2314 84 21 donne
2227 2316 64 25 avis,
2304 2315 24 21 &
2338 2317 151 26 suis,.Mon-

2011 2343 80 26 sieur,
2109 2343 78 22 Votre
2198 2345 171 23 tr'es-humble
2387 2347 23 22 &
2426 2349 62 21 très-

2013 2373 131 23 obéissant
2151 2374 140 24 Serviteur.
2302 2377 81 28 Signé
2392 2375 32 25 Le
2434 2379 54 22 Duc

2012 2404 31 21 de
2055 2404 128 23 Choiseul.

2187 2445 13 25 (
2200 2446 129 27 Cuntinua)

17 2679 103 24 Fuglittinu
128 2681 20 17 di
155 2681 21 17 A
178 2677 163 20 Muvra—n.130
345 2687 17 4 —
369 2677 20 18 di
395 2681 12 14 u
412 2675 74 19 13-7-29

43 2743 243 53 PâSOilALB
319 2739 145 49 PA0L1

220 2818 66 20 OSSIA

58 2866 38 36 U
114 2865 80 36 Ëôtla
212 2863 31 36 di
256 2862 177 37 Pontemovù

18 2921 467 30 RACONTOCORSODELSECOLO

208 2964 84 23 XVIII

241 3007 24 18 DI

110 3047 35 24 F.
159 3046 36 24 D-
213 3044 175 26 Gt&err&szi

44 3118 53 28 Egli
110 3124 13 15 e
130 3116 144 23 Altobelloa
281 3120 62 16 voce
355 3117 135 18 sommessa

15 3152 157 21 alternarono
183 3151 77 25 lungo
280 3149 22 21 la
325 3147 42 22 via
383 3145 107 23 discorsi

15 3184 41 26 pei
63 3185 66 26 quali
135 3184 22 21 si
164 3183 126 22 sentirono
297 3180 68 23 tratti
374 3185 14 16 a
395 3180 97 21 stimar-

16 3217 22 20 si
49 3217 238 21 scambievolmente
295 3221 6 19 ;
324 3213 82 22 sicchè
416 3218 77 21 quan-

17 3249 32 22 do
69 3249 89 22 furono
170 3249 27 20 in
208 3247 115 28 procinto
336 3246 25 21 di
371 3244 119 26 lasciarsi,

16 3281 117 23 l’Alando
140 3281 36 28 gli
185 3281 81 21 disse:

46 3327 30 4 —
83 3315 51 22 Voi
146 3315 102 22 sieteun
255 3313 108 29 giovane
370 3312 119 25 dabbene,

18 3348 88 28 signor
116 3348 116 25 Rinaldo,
244 3354 13 15 e
268 3348 24 21 al
301 3349 67 20 tutto
377 3346 82 27 degno
467 3344 24 21 di

18 3382 152 22 combattere
181 3387 45 21 per
234 3387 47 16 una
287 3386 73 17 causa
367 3379 123 28 migliore.

46 3414 124 23 Potrebbe
176 3414 67 22 darsi
252 3420 5 19 ;
264 3420 40 16 ma
311 3420 51 15 non
371 3413 106 27 importa
484 3418 6 20 ;

18 3447 44 21 voi
69 3448 81 28 capite
155 3447 72 25 bene,
237 3447 88 27 signor
332 3446 108 25 Alando,
447 3445 45 22 che

19 3479 25 21 io
55 3486 53 17 non
119 3485 75 23 posso
206 3479 161 27 presentarmi
378 3479 27 21 in
416 3478 75 22 Corte

19 3517 44 20 per
70 3514 137 22 dichiarare
219 3511 75 26 alRe,
307 3512 46 21 che
360 3514 37 19 sta
404 3512 26 21 in
437 3511 54 21 bili-

20 3548 29 16 co
60 3546 25 22 di
97 3547 160 22 commettere
267 3551 49 15 una
325 3546 104 20 solenne
440 3549 53 16 cas-

18 3576 109 27 troneria
135 3587 8 20 1
155 3586 15 16 a
181 3579 42 22 noi
237 3578 103 27 bisogna
362 3577 128 22 obbedire.

541 2688 28 4 —
576 2675 85 23 Sarà...

541 2721 28 5 —
577 2709 77 22 Corne
663 2709 13 21 ?
688 2714 32 16 ne
731 2707 152 22 dubitéreste
891 2707 14 21 ?

541 2755 29 4 —
579 2743 98 22 Adesso
688 2747 53 16 non
752 2741 23 22 fa
793 2745 57 17 caso
863 2740 125 28 ragionar-

515 2783 32 16 ne
555 2783 6 17 ;
583 2776 66 23 forse
660 2777 24 20 la
706 2780 49 17 non
766 2775 26 20 vi
804 2773 71 28 parrà
892 2778 95 22 sempre

515 2809 58 22 così.
587 2809 99 22 Intanto
706 2807 106 29 pregovi
833 2808 25 20 di
868 2808 120 20 accettare

515 2845 87 25 questo
616 2843 107 27 pugnale
737 2841 71 22 côrso
820 2841 25 21 in
854 2840 97 22 ricordo
962 2839 25 21 di

516 2881 66 17 me...

542 2922 28 4 —
576 2909 40 23 Un
624 2909 106 28 pugnale
739 2908 5 21 !
753 2914 31 15 un
792 2907 105 22 milione
903 2912 13 15 e
925 2911 64 16 mez-

515 2949 27 16 zo
555 2943 25 22 di
591 2943 80 28 grazie
680 2950 7 18 ;
701 2942 42 21 noi
761 2941 56 22 altri
831 2945 50 17 non
892 2940 95 21 usiamo

516 2977 24 22 di
553 2977 94 21 cotesta
658 2975 164 28 generazione
832 2973 97 22 d’armi.

544 3021 28 5 —
581 3009 33 22 Eh
625 3009 6 20 i
649 3009 42 21 via
714 3007 102 28 pigliate
824 3013 7 19 ;
855 3007 133 26 adoperato

516 3044 47 21 alla
586 3044 115 25 scoperta
712 3041 17 22 il
753 3041 106 27 pugnale
876 3039 113 22 desidera

518 3077 43 28 più
572 3081 72 17 cuore
657 3075 64 21 délia
730 3074 84 28 spada,
825 3079 13 16 e
845 3073 64 22 circa
916 3079 14 15 a
938 3078 51 16 ma-

517 3110 129 28 neggiarlo
659 3109 47 21 alla
717 3107 109 26 sordina,
840 3112 56 17 caro
903 3106 86 28 signor

518 3143 116 25 Rinaldo,
656 3147 16 17 o
684 3141 45 22 che
753 3140 107 25 credete,
883 3139 45 22 che
939 3145 49 16 non

518 3177 124 28 leggiamo
655 3175 59 22 libri
724 3175 43 21 noi
776 3175 13 20 ?
800 3173 33 22 Di
846 3174 70 27 quale
923 3179 66 16 arme

518 3209 63 22 morì
591 3209 90 21 Enrico
693 3207 36 22 III
738 3209 12 20 ?
760 3207 60 22 Anzi
832 3207 19 21 il
858 3207 131 26 prediletto

519 3243 45 25 Re,
577 3242 45 22 che
633 3241 88 21 adesso
729 3240 27 21 vi
767 3245 86 22 regge,
863 3245 51 16 non
920 3244 70 17 corse

519 3275 111 28 pericolo
652 3274 25 21 di
697 3273 108 22 trovarsi
818 3273 118 20 stilettato
950 3272 40 21 dal

519 3307 139 24 Damiens?
676 3305 42 27 Su,
738 3311 27 16 su
780 3305 111 28 pigliate,
911 3310 33 16 ve
958 3310 32 15 ne

520 3341 172 24 stuzzicherete
711 3339 8 22 i
731 3339 78 22 denti.
834 3338 32 22 Di
888 3337 102 22 un’altra

520 3382 57 17 cosa
585 3376 24 21 io
616 3373 41 23 vo’
668 3373 122 28 pregarvi,
798 3378 28 15 se
833 3372 49 21 mai
890 3371 22 22 ci
921 3376 69 16 aves-

520 3410 64 21 simo
595 3408 31 22 ad
647 3407 143 21 incontrare
809 3405 38 22 sul
867 3410 84 21 campo
964 3404 25 21 di

519 3441 118 28 battaglia
645 3439 197 28 promettiamoci
851 3438 25 21 di
882 3443 108 16 scansar-

520 3476 32 21 ci.

546 3520 29 5 —
583 3507 50 22 Voi
649 3506 35 22 mi
697 3505 111 22 chiedete
827 3511 33 15 un
879 3503 110 22 terribile

520 3541 122 29 sagrifizio
652 3546 6 19 ;
671 3544 95 17 manon
774 3539 106 27 importa
888 3537 31 22 ad
928 3537 60 27 ogni

519 3576 75 22 modo
600 3580 32 16 ve
640 3574 26 21 lo
674 3574 129 27 prometto,
811 3570 91 30 perché
910 3571 79 27 capis-

1014 2677 29 17 co
1056 2671 44 22 che
1111 2677 15 16 a
1136 2671 106 22 trovarsi
1252 2671 64 21 nella
1326 2669 121 23 necessità
1459 2669 24 22 di

1015 2710 144 17 ammazzare
1178 2709 50 17 uno
1248 2704 41 21 dei
1300 2704 101 28 mgliori
1413 2703 70 21 amici

1015 2738 44 22 che
1065 2738 112 22 abbiamd
1184 2737 65 22 deve
1255 2743 83 16 essere
1344 2742 47 16 una
1398 2741 84 17 cosa...

1014 2778 47 15 una
1073 2777 60 16 cosa
1144 2772 30 21 da
1186 2771 104 22 fendere
1299 2771 19 21 il
1330 2775 82 17 cuore.

1041 2816 28 5 —
1075 2804 41 22 Sta
1129 2805 64 21 bene
1203 2811 7 19 ;
1232 2804 26 21 io
1277 2804 28 21 vi
1317 2803 111 28 supplico
1441 2808 43 22 per

1014 2844 59 22 pura
1083 2838 111 21 amicizia
1207 2837 25 22 di
1244 2843 51 16 non
1308 2842 81 17 essere
1400 2836 83 22 ucciso

1015 2872 62 21 dalle
1088 2873 86 20 vostre
1182 2871 76 22 mani.

1042 2917 28 4 —
1078 2904 108 23 Toccate
1206 2910 56 21 qua,
1282 2904 68 22 disse
1369 2902 113 26 Rinaldo,

1015 2938 126 28 porgendo
1156 2938 24 21 la
1203 2937 83 22 destra
1308 2937 32 22 ad
1349 2936 133 25 Altobello,

1016 2972 96 21 intanto
1125 2971 45 22 che
1182 2976 48 16 con
1241 2971 24 21 la
1275 2975 86 18 manca
1374 2969 18 21 si
1405 2969 80 22 liscia-

1015 3006 61 21 vale
1084 3005 96 22 basette
1189 3010 6 16 :
1202 3015 30 5 —
1240 3003 125 29 ènegozio
1373 3002 111 22 conchiu-

1015 3044 38 17 so.

1042 3071 125 23 L'Alando
1179 3069 176 24 licenziandosi
1368 3074 45 17 con
1421 3069 63 21 assai

1016 3105 137 22 cerimonie
1164 3104 40 22 dal
1215 3104 142 21 colonnello
1368 3103 24 20 lo
1410 3101 74 23 lasciô

1016 3140 46 21 alla
1074 3139 116 22 condotta
1203 3137 25 22 di
1240 3136 145 28 Ambrogio,
1401 3135 17 22 il
1428 3141 57 22 qua-

1015 3174 24 21 le
1047 3178 71 22 prese
1130 3178 14 15 a
1155 3171 108 22 studiare
1270 3176 47 17 con
1326 3169 43 28 più
1379 3169 106 28 diligen-

1016 3212 26 15 za
1053 3206 18 21 il
1081 3210 85 23 passo,
1179 3204 149 22 andandosu
1339 3208 12 15 e
1359 3201 52 28 giù,
1422 3208 15 15 e
1447 3207 38 16 so-

1016 3240 75 20 vente
1103 3237 170 22 internandosi
1294 3236 41 22 nei
1347 3235 137 21 macchioni

1017 3272 30 21 da
1057 3272 70 26 parte
1137 3275 72 17 corne
1230 3272 111 20 costuma
1351 3268 20 21 il
1380 3273 60 16 cane
1450 3267 35 22 in-

1016 3306 54 20 teso
1081 3309 14 16 a
1105 3304 85 21 levare
1201 3304 25 21 le
1249 3305 81 20 starne
1339 3307 6 15 :
1364 3301 26 22 in
1401 3300 83 23 effetto

1017 3337 50 28 egli
1080 3343 32 15 ne
1125 3342 79 16 aveva
1223 3337 104 27 cagione
1348 3334 90 27 perché
1455 3334 31 21 ad

1017 3376 43 16 ora
1070 3371 25 20 di
1110 3375 74 22 sopra
1194 3371 25 20 le
1230 3368 72 29 siepi,
1313 3373 16 15 o
1340 3367 24 21 di
1373 3373 79 16 mezzo
1461 3368 24 20 le

1017 3403 89 22 fronde
1126 3403 39 21 dei
1186 3402 105 22 cornioli
1313 3400 24 21 si
1357 3401 128 21 vedevano

1016 3436 119 22 scaturire
1146 3441 78 16 canne
1235 3436 30 21 da
1277 3432 113 28 schioppi
1409 3440 13 14 e
1431 3434 54 21 ber-

1016 3469 56 23 retti
1084 3469 128 27 appuntati
1222 3469 30 21 da
1260 3468 103 22 mettere
1371 3467 17 21 il
1398 3467 87 21 ribrez-

1015 3509 27 16 zo
1054 3502 107 22 addosso
1173 3507 63 16 anco
1248 3502 22 21 ai
1282 3499 43 29 più
1346 3501 83 20 audaci
1441 3505 6 16 :
1458 3505 27 15 se

1015 3543 47 15 non
1074 3536 46 21 che
1131 3535 138 28 Ambrogio
1278 3537 208 24 accorrevapron-

1014 3571 26 20 to
1055 3568 115 29 agitando
1184 3568 66 22 dalla
1262 3567 100 22 lontana
1375 3568 38 20 sul
1424 3572 60 21 capo

1510 2669 19 21 il
1538 2668 79 29 foglio
1629 2669 154 21 sottoscritto
1801 2668 41 22 dal
1861 2669 123 27 generale,

1510 2702 162 28 arragolando
1682 2708 6 15 :
1697 2713 30 5 —
1739 2701 192 22 Salvacondotto
1942 2702 5 20 !
1958 2713 27 6 —

1511 2735 192 22 Parlamentario
1712 2735 6 21 !
1726 2747 30 4 —
1765 2735 76 22 Passo
1849 2735 78 22 libero
1937 2737 49 20 sot-

1509 2770 27 20 lo
1547 2774 64 21 pena
1622 2768 26 21 di
1660 2768 73 22 força.

1538 2804 19 21 E
1568 2805 18 20 il
1596 2803 180 26 Valcroissant,
1787 2804 196 27 checapivanon

1510 2837 102 22 doversi
1635 2837 128 22 scherzare
1788 2837 124 26 coll’orso,
1933 2843 51 16 non

1510 2871 162 26 risparmiava
1690 2871 150 27 scappellafe
1858 2871 31 21 nè
1904 2871 81 21 bacia-

1509 2904 77 25 mani,
1601 2904 128 21 salutando
1738 2904 78 21 anche
1827 2904 95 27 quando
1934 2909 50 17 non

1510 2937 97 22 vedeva
1617 2943 108 16 nessuno
1736 2943 5 15 :
1756 2937 71 22 amici
1836 2938 59 22 miei
1906 2938 5 20 !
1924 2937 60 22 miei

1509 2970 107 28 figliuoli
1625 2971 5 21 !

1538 3003 78 22 Corne
1628 3003 50 22 Dio
1691 3005 67 21 voile
1771 3010 74 17 verso
1857 3010 56 16 sera
1924 3004 61 22 arri-

1510 3042 96 17 varono
1614 3037 46 21 alla
1670 3036 65 23 Foce
1742 3038 24 21 di
1777 3037 73 27 Golo,
1858 3044 15 15 e
1880 3038 104 21 Ambro-

1510 3071 44 27 gio
1566 3069 126 23 fermatosi
1704 3071 26 21 in
1743 3076 60 22 capo
1815 3072 24 20 al
1850 3073 75 25 ponte
1935 3071 49 21 dis-

1511 3109 26 16 se
1547 3109 7 16 :

1538 3148 30 5 —
1575 3136 115 28 Signore,
1703 3137 81 22 finchè
1803 3135 113 24 venéndo
1935 3142 49 17 con

1511 3176 41 16 me
1563 3170 43 22 voi
1623 3172 132 20 correvate
1776 3171 112 27 pericolo
1909 3171 27 20 vi
1951 3170 32 22 ho

1511 3205 192 25 accompagnato
1714 3209 6 19 ;
1744 3203 89 21 adesso
1856 3203 46 21 che
1922 3203 62 22 inol-

1510 3235 124 22 trandomi
1647 3236 95 21 convoi
1756 3236 18 21 il
1785 3235 111 27 pericolo
1901 3236 83 21 sareb-

1511 3269 31 20 be
1552 3268 51 21 mio
1616 3268 198 26 permetteteche
1826 3268 26 21 vi
1864 3268 60 21 lasci
1936 3274 46 16 con

1510 3302 24 21 la
1544 3301 84 22 buona
1640 3307 63 16 sera.

1537 3346 29 5 —
1573 3334 69 22 Gran
1657 3334 93 27 mercè,
1772 3335 87 27 signor
1878 3335 105 22 Ambro-

1511 3369 51 27 gio,
1573 3368 72 21 mille
1666 3368 172 26 complimenti
1854 3369 24 20 al
1896 3369 88 27 signor

1510 3402 115 26 generale
1635 3406 13 16 e
1659 3402 119 20 accettate
1790 3403 87 24 questo
1887 3407 45 21 per
1941 3401 43 22 be-

1510 3439 63 16 re—
1584 3439 15 16 e
1618 3433 54 22 così
1682 3433 120 27 parlando
1813 3434 35 27 gli
1864 3434 81 22 cacciò
1957 3435 26 20 in

1509 3472 75 16 mano
1593 3472 34 15 un
1647 3466 141 22 bellissimo
1805 3466 70 29 Luigi
1889 3467 94 28 doppio

1510 3504 86 16 nuovo
1608 3499 25 21 di
1645 3504 79 16 zecca.
1737 3499 137 28 Ambrogio
1882 3502 101 20 monete

1511 3533 69 21 d'oro
1595 3538 51 16 non
1657 3539 32 15 ne
1699 3538 80 16 aveva
1791 3534 49 20 mai
1850 3534 73 25 viste,
1936 3534 48 21 sic-

1512 3565 45 22 chè
1577 3566 125 26 guardava
1726 3567 85 27 questa
1829 3571 47 17 con
1886 3566 97 22 infinita

2011 2519 101 22 Aiacciu
2120 2532 29 4 —
2160 2520 136 30 Staoeparia
2309 2522 25 22 di
2347 2524 24 21 A
2382 2524 104 27 Muvra,

2012 2564 15 14 u
2038 2557 209 25 Dïretlore-Geren
2250 2563 23 20 te
2276 2568 6 15 :
2291 2561 73 23 Peti-u
2374 2562 113 24 ROCCA.

2012 2670 118 22 curiosità
2141 2677 6 20 ;
2157 2671 18 22 il
2198 2671 175 25 Valcroissant
2394 2681 97 17 ccvava

2012 2709 46 15 con
2069 2704 35 27 gli
2114 2705 71 21 occhi
2197 2706 140 29 Ambrogio
2356 2714 14 15 a
2381 2709 51 22 mo’
2443 2710 45 21 che

2011 2736 23 21 fa
2046 2737 102 27 ilrospo
2159 2739 159 28 all’usignoîo
2329 2747 7 19 ;
2357 2742 131 23 all’ultimo

2011 2771 81 26 questi
2104 2771 122 23 domandò
2235 2779 6 19 ;
2252 2773 31 21 ed
2295 2779 13 16 a
2320 2774 46 22 che
2379 2775 14 21 è
2404 2776 84 22 buono

2011 2805 87 25 questo
2111 2809 58 17 coso
2182 2805 120 28 signore?

2037 2848 28 4 —-
2073 2837 23 21 A
2108 2837 46 22 che
2163 2837 13 22 è
2183 2838 83 23 buono
2273 2840 13 21 ?
2295 2840 29 21 Ti
2337 2842 65 21 senti
2413 2842 72 27 famé,

2011 2870 48 27 egli
2070 2870 19 21 ti
2102 2870 58 23 darà
2171 2871 30 22 da
2211 2873 138 27 mangiare.
2363 2874 49 23 Liai
2425 2879 61 22 sete,

2011 2903 31 21 ed
2053 2903 49 28 egli
2111 2904 19 21 ti
2148 2905 106 28 porgerà
2274 2906 30 22 da
2327 2907 70 22 bere.
2420 2909 67 22 Vuoi

2011 2941 82 17 amore
2101 2938 13 21 ?
2125 2937 35 22 Te
2171 2944 32 16 ne
2215 2940 131 26 comprerà
2367 2947 14 16 a
2392 2945 94 24 sporte.

2011 2968 116 24 Desideri
2140 2971 73 22 amici
2223 2972 12 21 ?
2247 2971 101 24 Mettilo
2373 2975 114 23 dicontro

2010 3003 24 21 al
2042 3004 54 21 sole
2114 3010 14 15 e
2147 3005 33 27 gli
2194 3005 73 22 amici
2278 3007 19 20 ti
2318 3008 169 22 cascheranno

2011 3036 106 23 addosso
2129 3038 24 21 al
2163 3038 51 27 pari
2225 3039 64 22 delle
2312 3041 110 22 allodole
2433 3043 55 20 atti-

2010 3071 52 20 rate
2074 3071 65 21 dallo
2146 3071 161 27 specchietto.
2318 3073 30 22 Ti
2361 3077 83 19 stucca
2454 3082 33 15 un

2010 3104 98 21 nemico
2117 3104 12 21 ?
2141 3104 69 22 basta
2226 3105 47 22 che
2295 3108 27 19 tu
2342 3110 119 20 consenta
2471 3115 15 15 a

2010 3136 105 27 perdere
2132 3139 87 26 questo
2239 3140 94 26 pollice
2357 3141 25 20 di
2394 3146 52 21 oro,
2460 3144 26 19 tu

2010 3169 36 28 gli
2061 3169 63 22 farai
2142 3175 152 24 consegnare
2306 3179 32 15 un
2359 3175 84 25 palmo
2461 3175 25 22 di

2010 3201 66 23 ferro
2087 3204 157 26 uellapancia
2254 3210 15 16 o
2281 3206 67 21 nella
2355 3208 57 25 gela
2422 3214 13 14 a
2443 3210 43 19 tua

2010 3236 84 20 scelta.
2108 3235 113 23 Secondo
2233 3243 13 15 a
2258 3240 24 19 te
2298 3239 95 26 piaccia
2405 3241 50 27 egli
2466 3241 19 21 ti

2010 3268 160 27 spalancherà
2178 3275 14 15 a
2203 3270 48 21 due
2263 3271 108 27 imposte
2382 3273 23 20 le
2415 3276 70 24 porte

2010 3302 40 21 dei
2060 3304 102 25 peccato
2175 3309 14 15 e
2208 3303 64 22 délia
2290 3306 82 26 grazia
2382 3312 6 19 ;
2407 3307 8 21 i
2432 3307 53 22 tuoi

2010 3335 108 26 pensieri
2146 3341 111 22 possono
2277 3337 73 28 fargli
2375 3345 112 17 crescere

2010 3367 49 22 l’ali
2073 3373 71 17 corne
2156 3370 31 20 ad
2197 3375 34 16 un
2243 3370 139 23 cherubino
2394 3378 13 15 e
2423 3374 63 20 tras-

2010 3402 103 26 portarti
2135 3402 26 21 in
2184 3403 125 26 paradiso,
2323 3409 15 17 o
2351 3405 93 27 granfie
2457 3406 30 22 da

2009 3434 100 22 diavolo
2118 3435 45 22 che
2171 3435 19 22 ti
2197 3436 212 24 traboccheranno
2419 3440 65 21 nello

2010 3467 97 22 inferno
2116 3474 7 15 :
2135 3469 77 27 piglia
2224 3469 23 22 la
2258 3473 101 19 moneta
2374 3471 25 22 di
2411 3477 71 16 oro...

2009 3501 44 21 ella
2066 3501 48 27 puô
2126 3504 73 19 tutto.

2177 3563 157 30 ('Cuntinua)
