2664 3948
127 508 42 50 U
195 509 68 49 Rè
291 506 51 50 di
366 503 202 53 Corsica

117 604 69 23 Dipoi
194 604 28 19 ch
231 604 30 19 ell
272 604 13 19 è
294 606 75 17 mortu
384 604 110 19 Ieodoru,

116 634 34 19 De
160 633 102 20 Paulone
271 639 13 14 e
292 631 174 26 Napuliunellu,

155 664 86 20 L'IsuIa
250 670 13 13 a
272 666 59 17 testa
339 662 24 20 di
372 662 75 22 Moru,

116 694 19 19 A
143 694 73 20 Giove
225 693 144 20 dumandava
378 699 30 13 un
417 691 104 21 rierellu.

117 724 34 20 Un
161 725 32 19 rè.
203 724 70 20 Micca
283 730 31 13 un
324 725 112 22 régnante
443 720 150 22 carcud’oru,

117 754 35 20 Un
162 754 116 25 Asbùrgu,
287 760 31 13 un
328 753 115 22 Burbone,
452 758 32 13 un
494 749 126 24 Manuellu,

116 784 45 22 Ma,
170 791 48 13 unu
226 784 93 20 almenu
329 789 66 14 cume
403 781 80 26 quellu

154 814 51 23 Chi,
213 818 35 16 tra
256 814 8 20 i
275 813 78 20 vistuti
362 813 22 19 di
391 812 85 25 pilone,

115 844 123 20 All’ombra
245 843 158 25 Alisgianinca
410 842 23 20 di
443 849 14 13 u
467 841 103 25 pullone,

153 874 24 20 Si
186 874 71 23 cinse,
267 873 148 21 indedec«>ru,

116 904 50 20 Una
175 904 110 25 semplice
293 909 85 14 curona
389 902 137 25 d’ogniloru.

114 944 28 4 —
146 934 21 20 O
176 934 80 23 Giove,
270 933 119 25 suspirava
399 933 75 19 man’e
482 938 53 14 sera

116 965 17 19 A
143 964 134 20 scunsulata
286 969 75 19 persa,
372 969 13 14 o
395 963 60 20 bonu
469 962 84 23 Giove,

116 996 18 19 A
143 994 63 24 tutti,
215 994 70 24 voghi
294 993 66 20 onori
369 1000 12 13 a
391 993 162 24 sgrandinera,

114 1025 19 20 A
142 1031 44 17 me,
196 1024 38 25 più
244 1030 31 14 un
285 1024 52 25 pelu
346 1023 6 20 !
362 1023 33 20 Or
403 1022 78 21 fammi
491 1022 69 25 piove

154 1055 35 20 Un
199 1056 25 19 rè
233 1055 37 19 chi
278 1053 164 21 m’incuroni...

114 1095 27 5 —
146 1085 59 21 Zitta
212 1086 6 20 !
229 1085 45 20 voli
285 1091 74 13 nanzu
369 1084 60 20 fochi
439 1090 13 13 o
461 1083 68 20 toni?

115 1116 99 25 Rispose
222 1115 84 20 Giove.
323 1115 34 20 Un
371 1115 18 19 si
398 1114 166 20 ma'cuntenta
571 1112 6 20 !

116 1146 70 20 Credi
195 1146 59 20 ch’io
262 1146 44 19 stìa
315 1144 132 21 zucchendu
457 1143 63 21 troni

116 1177 17 20 E
141 1176 80 24 faccia,
231 1176 23 21 di
263 1182 93 16 curone,
365 1174 109 21 intreccia
484 1181 13 12 e
505 1173 80 21 Ienta?

152 1207 94 25 T’aghiu
255 1206 55 20 datu
317 1206 9 19 i
335 1205 123 24 Napulioni

115 1237 18 21 E
140 1237 73 25 gloria
225 1243 13 14 a
247 1236 95 21 buzeffe.
350 1236 33 19 Or
389 1235 36 21 chi
434 1235 17 20 ti
460 1235 85 20 ci’ole?
555 1254 5 4 .

114 1279 27 5 —
146 1268 41 22 Eh,
198 1267 110 25 Signore!
319 1266 129 25 Unn’aghiu
454 1269 66 16 tante
528 1264 52 21 vole
587 1264 6 20 !

115 1298 125 25 Napulioni
247 1297 12 20 ?
267 1297 67 20 Ahuh
341 1297 6 20 !
358 1296 56 20 L'un
421 1296 63 19 femu
493 1295 72 20 foie...

154 1328 89 20 Dammi
253 1335 31 12 un
294 1329 33 22 rè,
336 1333 70 14 senza
418 1326 110 20 cannoni.

116 1358 69 21 Basta
194 1358 83 21 ch’ellu
286 1358 59 25 girii
354 1357 46 21 miò
409 1356 109 25 rughioni
530 1361 5 18 ;

155 1389 36 20 Un
201 1390 24 19 rè
234 1388 30 20 mi
275 1394 83 14 manca
366 1394 13 13 e
388 1387 30 20 mi
428 1387 20 20 ci
459 1386 63 20 vole.

114 1430 27 4 —
146 1420 61 20 Zitta
214 1419 7 20 !
232 1419 88 25 rispose
328 1418 78 25 quellu
413 1425 6 16 ;
430 1424 31 14 un
470 1417 60 20 altra
539 1416 61 20 volta
607 1415 6 20 !

154 1450 45 20 Hai
207 1457 14 13 u
231 1450 50 20 sole
290 1449 37 20 chi
336 1449 115 19 rinchiere

116 1481 36 20 Un
160 1484 65 17 toccu
238 1480 61 20 vellu
308 1480 24 19 di
339 1486 13 13 a
361 1485 55 19 gran
424 1478 65 21 Boita

116 1512 18 20 E
142 1512 88 24 l’acqua
239 1511 37 20 chi
284 1511 52 20 lava
345 1510 55 25 ogni
412 1509 102 25 pinsere.

116 1542 36 21 Un
158 1542 17 20 ti
182 1547 79 15 manca
268 1541 106 25 pianure,
380 1539 112 23 macchie,
499 1538 73 21 monti
578 1537 74 23 vardi,

153 1573 35 20 Nè
196 1571 121 26 figliuloni,
328 1571 44 20 Dio
381 1571 16 19 li
406 1570 95 25 guardi!

114 1603 31 20 Sò
153 1603 94 25 quant’e
255 1601 103 23 mosche,
368 1607 41 19 per
418 1601 45 20 'ssa
473 1599 97 21 Francia

154 1633 56 21 Cusi
218 1632 155 25 accugliancia
379 1638 7 18 ;

114 1664 75 21 Centu
199 1663 53 21 mila
261 1663 26 20 in
295 1662 109 21 l’Afriche
411 1668 84 14 nere...

117 1695 18 20 E
143 1695 110 20 ciascunu
262 1697 68 16 torna
337 1692 101 26 prefettu
448 1699 14 13 o
471 1692 121 24 duganere
601 1691 6 20 !

115 1725 43 20 Alô
167 1725 6 20 î
185 1725 34 20 Un
229 1724 30 20 mi
270 1730 78 19 rompe
357 1723 39 24 più
406 1730 13 13 u
428 1722 111 23 cerbellu,

116 1756 20 20 O
145 1756 69 20 sinno
222 1755 19 20 ti
249 1755 79 24 Iampu
336 1754 25 20 in
370 1754 92 20 chiocca
472 1759 32 14 un
514 1751 127 21 materellu.

151 1786 51 20 Ella
210 1793 6 13 :
226 1789 11 12 «
245 1785 78 24 'Ogliu
332 1784 112 20 maritu...

116 1816 111 21 Vuleristi
236 1816 60 20 ch’io
305 1815 72 24 crépi,
387 1821 14 13 o
410 1815 43 20 Dio
463 1813 110 21 crudele?

154 1847 9 21 I
172 1851 24 16 to
205 1846 53 21 doni
266 1853 7 13 :
282 1849 64 17 tantu
352 1845 46 21 fele
404 1845 6 20 !

153 1877 68 21 M’hai
230 1877 76 25 capitu
312 1876 13 20 ?

117 1908 120 21 Tombami
246 1908 51 20 c’un
306 1913 71 19 pezzu
387 1906 23 19 di
419 1912 15 13 u
443 1909 24 16 to
481 1905 49 20 cele
536 1905 7 20 !
550 1909 10 11 »

154 1939 82 23 Giove,
246 1944 13 14 a
268 1938 22 20 la
299 1937 54 22 fine,
362 1936 155 23 incimbalitu,

156 1970 62 23 Apre
226 1975 15 13 u
248 1968 101 25 purtellu

118 2000 18 20 E
144 1999 71 26 piglia
224 2006 14 13 e
245 1999 16 20 li
268 1999 47 20 tira
324 2005 30 13 un
363 1997 146 26 ghiuculellu

154 2030 117 20 Tamant’e
280 2036 32 13 un
325 2029 57 20 ditu.
400 2048 3 3 .

118 2061 34 20 Un
161 2060 132 21 incrocchiu
303 2060 23 19 di
339 2058 177 25 trinnighellu...

153 2101 28 4 —
186 2091 20 20 O
214 2091 25 20 lu
248 2097 64 16 caru,
321 2096 13 13 o
343 2089 92 20 lubellu
442 2089 6 19 !
456 2100 29 5 —

117 2121 96 23 L’IsuIa,
222 2127 67 14 cume
298 2127 31 13 un
342 2120 121 25 spurtellu,

118 2152 66 21 Ridla
193 2158 13 14 a
214 2152 91 24 piegne,
310 2151 23 20 di
342 2154 140 17 cuntentu...

119 2183 100 20 Pensate
226 2182 6 20 !
242 2182 36 20 Un
285 2183 25 19 rè
319 2181 51 20 c’un
378 2181 86 24 paghiu
473 2180 69 23 d’ale,

156 2212 44 21 Chi
208 2212 54 21 bula
271 2218 66 14 cume
345 2218 15 13 u
370 2215 69 16 ventu

157 2243 18 21 E
184 2246 74 22 porta,
268 2242 120 23 triunfale,

118 2274 37 20 Un
164 2273 136 21 cudulacciu
308 2272 131 25 d’arigentu

157 2304 25 23 E,
192 2304 23 19 in
225 2303 70 23 collu,
305 2310 31 13 un
345 2306 133 17 casamentu

157 2335 19 20 A
185 2337 66 17 centu
265 2334 57 20 sale.

119 2365 116 21 Maestosu
244 2363 62 26 pèrô,
316 2370 68 14 senza
393 2363 102 23 fierezza,

120 2396 36 20 Un
166 2396 33 19 Rè
208 2395 37 20 chi
253 2398 87 17 accetta
348 2401 14 13 e
371 2395 70 19 rende
449 2394 55 25 ogni
514 2399 92 14 carezza

159 2426 17 20 E
185 2426 105 25 gradisce
298 2425 79 21 Pumili
387 2425 67 24 rigali

121 2457 34 20 Da
165 2456 67 20 l’omu
241 2456 51 20 efin
299 2456 29 19 da
337 2455 119 20 Panimaü.

158 2496 28 5 —
190 2486 88 25 Alegri!
288 2486 71 22 disse,
368 2492 14 14 o
392 2486 74 23 Corsi,

121 2518 31 20 So
160 2517 96 25 ghiuntu
266 2523 41 18 per
315 2516 41 20 fini
364 2516 16 20 li
390 2516 72 20 vostri
472 2515 64 21 mali.

160 2548 29 20 Di
198 2547 98 21 discorsi

160 2578 34 20 Or
202 2578 26 20 sò
237 2578 96 20 tracorsi

123 2609 10 20 I
141 2608 70 25 tempi
220 2608 154 25 ingannadori
383 2614 14 14 e
405 2608 64 19 vani.

122 2640 19 20 A
150 2639 86 25 l’opéra
245 2642 154 16 cunuscerete
406 2637 136 25 l’artigiani.

123 2669 42 21 Eiu
174 2672 68 21 portu
251 2675 15 13 u
275 2675 126 18 prugressu
409 2669 39 19 ’nu
457 2669 8 19 i
475 2668 47 20 miò
530 2668 51 19 zani
587 2667 6 21 !

127 2700 28 19 Di
164 2706 15 13 u
189 2699 92 20 benistà
289 2700 27 19 sò
324 2706 12 13 a
346 2705 59 14 vena
413 2699 96 23 arteria,

163 2730 95 20 Nemicu
266 2736 68 18 persu
340 2730 23 19 di
369 2736 13 13 a
392 2729 102 20 mîseria.

126 2759 55 21 Aiò!
191 2759 135 25 Sbrigatevi,
336 2766 14 13 o
360 2760 79 24 figlioli
447 2760 6 19 !

127 2790 77 22 N’iolu,
212 2796 13 13 a
235 2796 44 16 me,
289 2790 53 24 pelu
353 2796 13 14 e
374 2790 106 25 furmagli
490 2797 7 16 ;

165 2820 98 23 Venacu,
274 2821 60 23 pomi
344 2826 13 14 e
366 2820 78 25 fagioli
451 2827 7 17 ;

165 2850 95 22 Altiaui,
270 2854 75 16 trecce
354 2851 66 24 d’agli
427 2857 6 17 ;

127 2880 79 21 Corte:
216 2880 68 23 lonzi,
294 2886 73 19 coppe
375 2887 13 13 e
397 2881 115 25 migliacci
518 2888 6 16 ;

127 2912 70 19 Ascu:
207 2916 74 19 pegge
290 2917 12 13 e
311 2911 59 20 mele
378 2917 77 14 arreca
463 2918 57 18 pure
530 2911 6 19 î

127 2941 85 20 Avanti
222 2940 96 25 Orezza,
329 2942 68 23 pippe
405 2948 12 13 e
426 2942 71 19 stacci

128 2971 34 20 Cu
171 2971 70 22 mule,
250 2971 109 20 tintenne
367 2978 13 13 e
388 2975 119 17 serrature
514 2971 6 20 î

164 3001 95 23 Avanti,
266 3001 66 24 jente
338 3001 136 26 d’Alisgiani

167 3031 126 20 Allivadori
302 3032 23 19 di
331 3031 98 25 fasgiani
436 3033 7 19 !

166 3061 52 21 Vini
227 3060 42 21 fini
277 3067 13 14 e
299 3063 151 24 marenghini,

169 3092 21 20 A
198 3097 44 18 me,
252 3091 147 25 Capicursini
408 3094 6 19 !

168 3122 21 19 O
196 3122 58 19 mele
259 3128 65 14 rosse
330 3123 23 19 di
359 3122 118 26 Tavagna,

130 3153 55 20 Oliu
198 3152 23 20 di
231 3152 90 21 Nebbiu
330 3159 13 14 e
351 3153 25 20 di
385 3153 129 25 Valagna...

170 3183 88 24 Populu
266 3183 84 24 jentile

132 3214 34 19 Da
175 3212 85 21 Ouinci
270 3219 13 14 e
291 3214 29 19 da
329 3214 98 20 Culandi
436 3215 22 19 di
468 3215 16 19 li
491 3214 82 24 Monti,

131 3243 72 24 Tutti,
213 3243 80 25 vinite,
302 3244 25 20 in
335 3250 139 20 caravagna,

133 3275 36 19 Un
178 3274 98 25 basginu
285 3281 13 13 a
307 3275 85 20 dammi
401 3276 58 19 siate
469 3276 86 24 pronti.

171 3304 84 23 Vinite,
264 3311 14 13 o
286 3305 56 19 flore
350 3304 109 25 feminile,

133 3334 69 20 Caste
211 3333 109 21 Lucrezie
328 3341 13 14 e
349 3334 72 21 Marie
429 3335 101 24 Jentile;

133 3365 84 19 Pusate
224 3364 7 20 !
238 3364 77 21 Nantu
325 3372 12 13 e
343 3366 46 19 miò
398 3366 133 22 dinocchie,

133 3394 62 20 Osse
203 3400 13 13 e
223 3394 76 24 polpa,
309 3395 111 21 schinche
429 3402 13 14 e
450 3395 116 24 crocchie,

173 3424 41 19 Eiu
224 3424 26 20 sò
258 3431 28 13 eu
288 3426 19 19 si
316 3430 108 21 cumpate

134 3455 19 21 E
164 3455 131 24 giuvanelle
307 3456 93 21 dilicate

173 3486 152 20 Labbri-d’ori
330 3493 6 13 :

137 3516 197 22 Purtinchemere,
343 3517 65 24 occhj
418 3517 23 19 di
450 3517 56 24 fate,

135 3543 115 23 Aiaccine,
259 3543 116 24 nasi-fine,
384 3544 131 20 incrocchia
523 3544 81 20 amori.

174 3570 128 21 Bastiaccie
310 3571 92 24 bionde,
412 3571 127 21 infarinate

174 3599 21 20 A
203 3602 36 16 tre
246 3598 83 20 culori.

329 3626 115 21 Martinu
454 3626 188 26 Appinzapaln.

270 3682 6 4 .
287 3661 11 27 (
301 3661 146 27 Cuntinua)

724 504 217 31 Spuetemuci

812 572 13 14 A
831 573 52 14 l’Orsu
891 574 78 15 à'Orezza.

699 602 26 18 Mi
735 603 51 18 n’hai
794 605 89 19 dedicatu
893 607 58 21 tante,

721 627 50 19 Caru
780 633 114 20 cumpagnu,

701 652 34 17 Chi
742 653 27 17 mi
778 654 17 17 si
802 659 46 17 pare
856 660 11 13 a
875 656 84 19 l’istante

722 677 58 19 Sente
788 683 13 13 u
810 680 83 22 to’lagnu
903 686 6 12 :

702 731 9 11 <t
719 727 30 17 Ma
756 728 33 17 chi
796 733 52 14 razza
861 730 21 18 di
887 731 97 24 Jannettu,

723 751 75 23 Sangue
805 754 46 17 d’un
859 755 51 22 gallu
916 755 6 17 1

701 775 48 23 Soga
757 777 18 17 ci
781 778 43 18 vole
832 784 14 12 u
854 780 75 18 stilettu

723 800 37 18 Per
765 803 109 20 punzicallu
879 804 11 18 ?
897 811 8 10 »

700 849 115 24 Araggione
822 853 86 22 jèlatoia
916 860 6 16 ;

723 874 15 18 E
746 876 52 22 liera,
804 877 12 18 è
824 878 45 18 bera
874 878 28 18 !...

679 898 96 22 lu,ch’un
779 902 57 17 m’hai
843 904 86 18 ma’datu
934 905 50 21 noia,

722 924 50 18 Anzi
781 930 5 13 :
795 927 78 21 gudèra.

701 974 83 20 Nemenu
792 977 59 19 fubbe
859 980 29 21 pe’
895 981 68 18 scordu

714 1018 3 2 .
723 999 54 20 Ch’io
785 1003 50 17 stedi
842 1005 48 17 ziltu
900 1010 5 16 ;

700 1023 109 21 Perl’amici
817 1032 27 13 un
849 1028 30 18 fui
883 1030 36 17 ma’
927 1031 58 17 sordu

722 1049 28 18 Nè
757 1051 97 19 nasi-rittu
861 1053 6 17 I

680 1098 202 24 Ghiè...fubbe...—Ah!
886 1109 44 14 caru
935 1110 52 14 cum-

914 1135 70 18 pagnu,

724 1150 25 17 50
757 1155 56 14 rossu
822 1157 11 13 a
841 1153 47 19 dilla
894 1154 5 18 !
904 1164 23 4 —

701 1173 20 19 Si
729 1174 32 19 n’è
770 1176 63 19 falat’a
839 1183 14 12 u
862 1179 90 23 calcagnu

722 1199 64 19 Tutt’a
792 1202 39 18 miò
839 1204 75 21 sguilla.

701 1248 24 19 Sò
733 1250 53 19 leccu
793 1251 155 23 !Ié,simulecchi
956 1256 5 18 !
979 1266 4 3 -

723 1274 22 18 51
752 1276 82 19 sfrumbi
841 1283 12 12 a
858 1283 61 18 penna

700 1298 21 22 E,
730 1304 56 14 senza
793 1302 71 18 cricchi
871 1309 25 13 ne
903 1306 81 22 crecchi,

722 1324 18 17 A
748 1330 38 13 una
794 1331 61 14 zenna

701 1374 21 18 Si
729 1377 63 20 capuli
799 1382 11 13 a
824 1380 79 18 vecchia
910 1386 54 14 musa

723 1399 28 19 Cu
758 1401 7 17 i
774 1404 117 20 scartafacci.

700 1425 57 18 Pueti
765 1427 24 17 da
797 1433 103 19 caramusa,

723 1451 28 18 Ne
759 1452 51 19 simu
818 1454 20 17 ai
846 1456 70 18 stracci
923 1456 6 18 !

700 1501 30 18 Ah
735 1501 6 18 !
750 1502 17 18 U
774 1507 43 15 core
825 1505 27 18 mi
858 1506 17 17 si
882 1508 102 22 stringhie,

723 1526 40 22 Poi,
773 1529 27 17 mi
809 1530 18 18 si
835 1533 77 20 squarta
921 1532 5 18 !

701 1550 35 19 Chi
744 1553 28 17 c’è
779 1554 67 19 balutu
857 1556 20 18 di
886 1557 78 23 tinghie

723 1576 56 20 Carta
787 1580 48 21 eppô
843 1578 52 21 caria
903 1581 10 18 ?

700 1627 58 24 Leghj
764 1634 12 13 a
781 1630 130 20 Lira—scritti
913 1634 73 18 corsi—

722 1653 48 19 Nata
780 1655 21 17 in
808 1656 100 24 Marseglia
914 1663 5 13 :

699 1678 144 23 Accantu,femu
850 1682 81 19 discorsi

722 1703 24 18 Di
756 1705 40 22 topi
803 1711 12 12 a
822 1707 70 22 veglia.

678 1753 58 23 Leghj
745 1760 11 12 a
764 1756 63 22 Lira,G.
835 1758 150 24 dimmiunpocu

722 1779 77 20 S’ell’un
808 1782 27 18 mi
843 1784 51 17 tocca

700 1804 23 17 Di
728 1807 60 17 mette
795 1811 12 13 a
813 1808 38 18 miô
856 1809 47 17 rima
907 1814 11 13 a
923 1815 14 12 u
941 1809 44 19 focu

722 1830 15 18 E
745 1835 11 13 a
763 1832 55 22 iinga
825 1832 44 19 in...
877 1834 57 18 bocca
942 1834 10 18 ?

700 1880 62 19 Mezza
769 1887 50 17 pena
824 1883 33 18 chi
863 1889 39 13 una
910 1884 37 18 lira

723 1906 60 19 Senza
790 1909 76 17 cantina

678 1931 75 18 M’offre
761 1933 32 17 stu
805 1933 61 23 fogliu
874 1934 44 23 pien
926 1935 48 18 d’ira
980 1940 5 13 :

724 1957 28 17 «A
759 1957 107 20 lucchisina
875 1966 9 10 n
895 1959 6 18 !

700 2006 58 19 Forse
763 2007 21 23 jè
791 2013 34 17 per
832 2010 55 18 tuccà
894 2016 12 12 u
914 2011 71 23 francu

722 2033 23 17 In
755 2036 113 20 pagamentu

701 2057 23 17 Di
728 2062 13 13 u
746 2059 27 17 so’
776 2060 129 20 patriottismu
909 2062 78 18 sciancu

723 2082 16 18 E
747 2088 12 13 u
768 2085 28 17 so’
803 2085 79 18 talentu.

758 2119 20 19 U
786 2120 178 23 Sampetraccitx.

754 2241 157 28 OCORE!

795 2310 21 20 O
824 2317 54 14 core

783 2340 43 21 Chi
835 2348 65 14 more

720 2371 38 20 Pe’
768 2377 31 14 un
806 2372 83 24 ideale,

720 2401 87 21 Perché
813 2403 36 20 chi
856 2403 17 20 ti
881 2404 47 19 doli
934 2404 13 20 ?

719 2431 43 21 Chi
768 2433 75 25 pensi,
852 2434 36 19 chi
898 2434 53 24 boli,

720 2462 43 21 Chi
772 2463 29 20 t’è
810 2465 104 20 naturale
921 2465 13 20 ?

721 2519 26 21 In
756 2523 23 17 te
787 2520 21 20 ci
817 2522 36 19 stà
863 2521 76 21 ’nfusù

720 2551 112 20 St’amore
840 2552 108 24 cunfusu,

721 2581 62 20 Puru
790 2582 124 25 diamente,

721 2611 80 21 Simile
809 2619 13 13 a
831 2620 14 13 u
855 2619 85 15 sonoru

722 2642 62 20 Gran
793 2643 72 20 calice
873 2644 63 20 d’oru

723 2673 29 19 Di
761 2679 15 13 u
785 2673 61 20 bellu
855 2674 98 21 celente.

723 2728 35 20 Tu
767 2729 38 20 dai
814 2730 22 20 la
846 2730 53 24 vîta,

723 2759 34 20 Tu
767 2760 37 20 dai
813 2761 141 25 l’emozione,

724 2790 44 20 Dai
777 2794 34 17 sta
820 2792 136 21 bell’azione

724 2821 83 20 Prestu
816 2823 140 25 scumparita

725 2850 103 22 Chidura
833 2857 160 21 unmomentu,

725 2881 37 20 Ma
771 2888 76 15 marca
857 2884 137 21 un’accentu

726 2912 29 19 Di
762 2916 54 17 nota
824 2913 99 21 infinita.

725 2967 40 21 Sta
776 2971 53 17 nota
835 2968 26 25 jè
868 2969 60 21 forte
937 2976 6 14 :

727 2998 19 20 E
754 2999 50 19 sola
812 2999 22 19 la
843 3003 74 17 morte

728 3027 31 21 La
769 3028 51 21 face
828 3035 130 19 scumpare.

727 3059 26 19 Si
762 3059 57 24 ride,
827 3060 20 20 si
856 3060 79 24 ciarla,

728 3088 24 21 Si
762 3096 54 14 core
824 3090 24 20 in
858 3090 98 25 farfalla,

729 3119 121 22 Manunda
861 3121 19 20 ci
890 3122 59 20 vale.

730 3175 91 21 L’amor
828 3176 129 25 priinitivu,

731 3206 43 19 Più
782 3206 58 20 forte
849 3213 13 14 e
870 3207 38 25 più
918 3208 63 24 bivu,

730 3236 26 20 In
762 3237 136 25 tepienghie
905 3245 14 13 e
927 3242 71 18 canta,

731 3266 42 20 Stu
781 3267 80 24 pientu
870 3268 119 24 stridente,

730 3296 43 20 Stu
782 3300 69 17 cantu
860 3298 93 20 dolente

732 3325 44 20 Chi
784 3329 66 17 tantu
857 3328 121 24 c’incanta,

731 3355 20 20 A
759 3359 24 16 te
790 3356 17 20 ti
816 3355 22 21 fà
848 3363 64 14 more

733 3410 26 20 In
768 3417 29 13 eu
805 3418 59 17 gran
872 3412 81 20 dolore

734 3440 36 20 Ma
779 3447 28 14 eu
814 3442 88 23 puesia.

734 3470 18 20 E
760 3474 34 20 tu,
803 3478 55 13 caru
867 3475 94 22 oggettu

734 3501 43 20 Chi
785 3502 31 19 mi
824 3502 56 20 batt’
887 3502 24 20 in
917 3506 65 21 pettu

734 3531 55 20 Incu
798 3531 121 24 ghielusia,

734 3561 66 20 Statti
810 3565 65 17 mutu
884 3565 73 20 mutu,

734 3590 72 21 Senza
816 3592 68 20 chere
892 3592 72 24 aiutu,

735 3621 17 19 E
760 3622 24 19 di
792 3628 6 13 :
805 3628 12 10 «
825 3622 55 20 Cusi
890 3623 32 20 sia
932 3622 19 20 !»

794 3663 24 21 U
827 3663 147 22 Canalincu.

1011 186 103 22 Cullana
1122 187 100 21 Storica
1233 185 28 22 di
1272 184 24 22 A
1303 183 91 23 Muvra

1064 231 25 36 A
1107 233 157 44 Cunquista
1281 230 142 35 Francese

1145 287 31 35 di
1192 298 19 24 a
1229 285 120 36 Corsica

1060 340 46 23 ^ua
1116 342 32 14 un
1164 340 122 17 Griurnaie
1297 340 25 14 ai
1333 340 9 14 i
1351 340 86 21 npucaj

1177 386 131 29 (Seguitu)

1039 450 94 27 Depuis
1141 450 24 21 le
1176 450 27 21 26
1213 455 47 22 que
1271 449 24 21 le
1304 447 130 28 Régiment
1450 448 30 21 de

1012 480 127 21 Provence
1158 480 81 21 arriva
1259 479 13 21 à
1292 478 109 27 Ajaccio,
1421 484 59 16 nous

1012 516 78 15 avons
1109 517 30 14 eu
1163 511 88 20 durant
1270 508 121 28 plusieurs
1412 509 69 27 jours

1011 540 44 21 des
1061 542 81 25 temps
1153 540 103 24 affreux,
1262 538 78 22 tantôt
1351 544 46 16 une
1410 540 71 26 pluye

1011 572 108 22 horrible
1137 570 178 29 accompagnée
1327 571 30 20 de
1375 570 106 28 quantité

1012 602 29 21 de
1052 607 77 21 coups
1141 602 30 20 de
1188 603 123 23 tonnerre,
1321 601 78 21 tantôt
1418 601 30 20 de
1458 601 23 20 la

1011 632 74 27 grêle,
1104 631 80 22 tantôt
1205 631 31 21 de
1260 631 23 21 la
1303 631 81 26 neige,
1404 630 77 22 tantôt

1011 663 43 20 des
1073 663 73 20 vents
1170 660 143 28 impétueux
1331 661 54 27 plus
1405 660 75 22 froids

1011 698 87 16 encore
1107 698 47 21 que
1165 692 60 21 dans
1236 692 25 20 le
1272 692 63 21 mois
1341 691 30 21 de
1374 691 105 27 janvier.

1011 725 124 21 Peut-être
1153 730 47 21 que
1218 724 107 27 pendant
1344 729 27 16 ce
1385 723 96 21 tems-là

1011 755 68 22 Paoli
1097 754 39 21 n’a
1148 760 41 21 pas
1202 755 76 20 voulu
1289 754 96 27 risquer
1405 753 29 21 de
1454 759 26 15 se

1010 787 116 23 montrer,
1148 790 41 15 car
1209 790 62 15 nous
1280 784 101 21 n’avons
1388 790 33 14 vu
1428 789 52 21 per-

1011 821 83 18 sonne,
1118 820 33 15 ou
1170 815 120 26 peut-être
1310 814 64 21 a-t-il
1391 813 57 28 jugé
1467 812 14 22 à

1011 850 91 22 propos
1107 844 31 21 de
1144 843 108 28 changer
1258 843 84 22 d’avis.
1356 842 125 28 Quoiqu’il

1011 881 30 14 en
1062 874 56 24 soit,
1140 873 34 21 M.
1195 875 24 20 le
1243 873 87 22 Comte
1349 873 30 21 de
1401 873 79 25 Vaux,

1012 904 62 27 parti
1095 904 30 21 de
1145 903 106 26 Toulon,
1264 904 23 21 le
1301 909 14 20 4
1327 904 30 21 de
1370 909 27 15 ce
1408 904 71 24 mois,

1011 934 80 22 arriva
1104 935 23 20 le
1137 940 12 22 5
1161 939 30 15 au
1209 934 52 21 soir
1271 933 14 21 à
1297 933 48 22 San
1356 933 123 26 Fiorenzo,

1011 964 14 22 à
1045 964 61 21 bord
1129 964 30 20 de
1178 964 24 20 la
1220 963 102 27 Frégate
1344 964 9 21 1
1354 963 127 22 'Atalante

1012 993 157 22 commandée
1195 999 44 21 par
1265 993 34 21 M.
1323 994 30 20 de
1379 993 100 26 Broves,

1011 1030 58 16 sous
1091 1023 113 22 l’escorte
1220 1023 30 21 de
1261 1024 104 26 laquelle
1384 1023 98 22 avoient

1011 1054 44 22 fait
1070 1054 69 21 voile
1160 1054 36 21 les
1214 1053 123 22 Bâtimens
1351 1053 31 20 de
1404 1055 77 20 trans-

1011 1086 57 25 port
1077 1090 43 15 sur
1137 1084 108 26 lesquels
1262 1082 114 23 s’étoient
1391 1083 91 22 embar-

1012 1114 59 27 qués
1082 1115 37 21 les
1128 1113 134 29 Régimens
1274 1114 30 21 de
1316 1113 164 28 Champagne,

1011 1145 30 21 de
1063 1144 120 28 Bulkeley
1207 1143 23 22 &
1252 1144 31 21 de
1308 1143 172 22 Roscommon.

1011 1173 144 23 Partie'des
1174 1174 41 21 six
1225 1174 130 21 bataillons
1373 1179 46 21 que
1433 1174 48 22 for-

1012 1207 67 19 ment
1097 1210 42 16 ces
1158 1205 62 21 trois
1239 1203 141 28 Régimens,
1399 1204 54 21 vint
1468 1204 13 22 à

1010 1237 65 20 terre
1086 1235 24 21 le
1121 1235 80 21 même
1210 1235 58 26 jour
1279 1234 22 21 &
1312 1234 79 26 partie
1402 1234 22 21 le
1432 1235 50 21 len-

1011 1265 97 21 demain
1132 1271 46 21 que
1200 1265 25 21 le
1249 1263 88 22 Comte
1362 1264 30 21 de
1412 1264 71 22 Vaux

1011 1296 78 26 quitta
1097 1294 48 22 San
1157 1294 118 22 Fiorenzo
1287 1300 62 21 pour
1359 1300 27 15 se
1398 1295 84 21 rendre

1011 1325 40 26 ici,
1064 1325 33 22 où
1111 1325 19 21 il
1141 1325 81 21 arriva
1234 1330 42 16 sur
1283 1325 36 20 les
1331 1323 13 22 6
1355 1324 88 22 heures
1451 1325 31 21 du

1011 1356 59 21 soir.
1083 1355 22 22 Il
1114 1362 19 22 y
1143 1357 89 20 trouva
1243 1356 69 20 toute
1332 1355 23 20 la
1369 1355 113 27 garnison

1011 1391 58 17 sous
1080 1387 36 20 les
1128 1391 87 20 armes,
1225 1385 106 22 bordant
1341 1385 22 21 la
1372 1385 61 28 haye
1444 1386 39 20 de-

1011 1416 55 27 puis
1074 1417 23 20 la
1107 1418 71 25 porte
1187 1421 43 21 par
1239 1414 32 22 où
1281 1415 17 21 il
1309 1415 86 21 devoit
1404 1417 79 20 entrer

1008 1446 96 28 jusqu’à
1114 1447 23 21 la
1144 1446 98 21 maison
1252 1444 110 22 destinée
1370 1451 61 22 pour
1438 1451 44 16 son

1010 1477 133 27 logement,
1156 1477 24 21 la
1194 1477 81 21 même
1293 1475 155 28 qu’occupoit
1459 1477 24 21 le

1012 1507 110 27 Marquis
1136 1507 31 21 de
1183 1506 138 22 Chauvelin
1329 1512 6 20 ;
1345 1507 20 20 il
1374 1512 18 22 y
1402 1506 36 22 fut
1448 1512 35 16 re-

1011 1544 27 22 çu
1053 1544 45 21 par
1109 1538 38 21 les
1161 1537 101 22 Comtes
1275 1537 30 21 de
1323 1536 123 22 Marboeuf
1460 1537 23 22 &

1011 1569 30 21 de
1052 1568 140 26 Narbonne,
1203 1568 42 27 qui
1259 1567 170 22 l’attendoient
1443 1568 41 21 de-

1010 1599 74 25 hors,'
1095 1598 23 22 &
1132 1599 42 27 qui
1184 1604 19 23 y
1213 1597 140 22 montèrent
1373 1604 59 15 avec
1448 1599 34 21 lui

1012 1629 80 22 suivis
1112 1630 32 20 de
1163 1631 57 20 tous
1239 1629 38 21 les
1297 1627 121 23 Officiers.
1438 1629 45 21 Les

1012 1660 119 21 Colonels
1155 1660 37 21 lui
1217 1658 171 28 présentèrent
1418 1659 65 21 leurs

1012 1690 87 27 Corps,
1109 1689 24 22 <&
1141 1696 47 15 une
1196 1689 77 22 heure
1285 1688 70 28 après
1367 1689 17 21 il
1393 1695 25 15 se
1429 1695 53 16 ren-

1012 1721 36 20 dit
1059 1720 57 22 chez
1128 1721 24 20 le
1171 1719 89 22 Comte
1273 1719 31 21 de
1319 1719 124 22 Marboeuf
1451 1720 32 22 où

1012 1751 18 21 il
1041 1757 86 21 soupa.
1141 1750 34 21 M.
1189 1749 117 22 Chardon
1319 1749 131 23 Intendant
1460 1751 23 21 &

1010 1781 108 27 premier
1131 1780 131 22 Président
1271 1781 32 20 du
1316 1779 101 23 Conseil
1423 1780 60 23 Sou-

1010 1812 94 25 verain,
1126 1812 46 21 alla
1188 1812 24 21 le
1225 1817 12 21 7
1250 1817 30 15 en
1299 1810 60 22 robe
1370 1811 35 21 lui
1424 1811 59 22 faire

1010 1842 76 22 visite
1098 1841 14 22 à
1122 1843 25 20 la
1157 1842 50 21 tête
1226 1842 33 21 du
1279 1841 115 22 Tribunal
1403 1848 6 20 ;
1427 1842 22 21 &
1465 1843 19 21 il

1011 1874 42 20 eut
1074 1873 98 21 ensuite
1189 1873 124 26 plusieurs
1329 1872 155 22 conférences

1011 1908 60 16 avec
1081 1903 37 21 les
1132 1902 101 22 Comtes
1246 1903 30 20 de
1289 1902 126 22 Marboeuf
1420 1903 24 21 <5c
1453 1904 30 21 de

1010 1933 141 22 Narbonne.
1159 1933 35 22 Ce
1204 1933 99 21 dernier
1309 1933 42 27 qui
1360 1933 54 22 doit
1420 1939 64 16 com-

1011 1964 101 21 mander
1121 1964 25 21 la
1160 1963 106 22 division
1277 1963 124 28 d’Ajaccio
1413 1965 72 26 partit

1011 1994 56 22 hier
1084 1993 164 28 accompagné
1260 1994 32 21 du
1310 1993 133 23 Chevalier
1454 1995 30 21 de

1011 2024 112 22 Bufferan
1136 2025 42 26 qui
1197 2024 53 22 fera
1261 2024 88 27 auprès
1360 2025 30 20 de
1402 2025 34 21 lui
1448 2026 36 20 les

1011 2054 128 23 fonctions
1157 2055 31 20 de
1203 2054 82 27 Major
1299 2054 114 25 Général,
1427 2055 59 22 c'est

1013 2091 32 15 un
1064 2084 104 22 Officier
1186 2084 60 22 d’un
1260 2084 88 22 mérite
1363 2085 122 28 distingué

1011 2115 15 21 à
1037 2115 42 27 qui
1090 2116 24 20 le
1126 2115 48 21 Roi
1189 2121 14 15 a
1220 2114 102 23 accordé
1342 2121 34 15 un
1397 2115 88 26 Brevet

1012 2146 31 20 de
1055 2145 112 24 Colonel,
1180 2144 24 21 &
1218 2145 42 27 qui
1279 2147 37 19 est
1327 2147 49 19 très
1395 2151 29 16 en
1438 2145 48 24 état

1013 2176 30 21 de
1055 2175 121 21 seconder
1187 2177 64 19 cette
1262 2175 122 22 bravoure
1394 2182 6 20 ;
1412 2176 22 22 &
1446 2182 40 15 ces

1014 2205 191 22 connoissances
1225 2205 31 21 du
1275 2205 88 22 métier
1380 2212 43 21 par
1441 2207 45 21 les-

1013 2236 94 28 quelles
1120 2235 35 22 M.
1175 2236 31 21 de
1223 2235 132 23 Narbonne
1367 2236 56 22 s’est
1441 2237 45 21 lui-

1013 2267 81 21 même
1114 2267 21 20 si
1154 2268 108 20 souvent
1282 2266 132 29 distingué,
1432 2267 22 22 &
1468 2268 18 21 il

1013 2302 58 16 aura
1091 2302 90 16 encore
1201 2302 64 21 pour
1278 2297 66 21 Aide
1361 2298 30 21 de
1411 2297 75 28 Camp

1014 2333 32 15 un
1052 2326 75 28 jeune
1137 2326 104 22 Officier
1249 2327 30 22 de
1288 2327 96 27 mérite,
1391 2328 23 21 le
1424 2328 64 22 Mar-

1014 2358 55 27 quis
1091 2357 30 21 de
1132 2358 24 20 la
1167 2357 60 21 Fare
1246 2358 60 21 dont
1315 2359 38 20 les
1373 2359 76 21 talens
1460 2365 26 15 se

1014 2389 57 20 sont
1092 2386 54 28 déjà
1165 2387 151 22 manifestés.
1333 2388 154 23 L’infanterie

1015 2419 30 20 de
1055 2418 24 21 la
1092 2417 92 28 Légion
1193 2418 31 21 de
1236 2417 111 27 Sonbise,
1361 2420 42 26 qui
1411 2419 76 22 forme

1015 2454 33 15 un
1068 2453 74 22 corps
1162 2448 31 21 de
1206 2447 42 23 600
1263 2449 137 22 hommmes
1410 2450 23 21 &
1447 2451 40 26 qui

1016 2478 153 27 s’embarqua
1179 2479 24 21 le
1216 2485 11 22 5
1237 2478 15 22 à
1260 2478 96 23 Toulon
1364 2479 14 22 à
1389 2480 61 21 bord
1458 2481 30 21 de

1015 2515 14 20 4
1048 2509 129 27 Polaques,
1198 2510 84 21 arriva
1296 2510 33 21 ici
1343 2511 25 21 le
1386 2517 13 21 7
1417 2513 72 26 ayant

1015 2539 46 22 fait
1070 2540 25 20 le
1106 2540 56 27 plus
1170 2539 113 23 heureux
1290 2541 83 27 trajet;
1382 2541 24 21 &
1416 2547 31 16 on
1458 2541 30 22 l’a

1016 2570 44 22 fait
1078 2575 100 22 camper
1197 2571 62 21 dans
1279 2571 23 21 le
1320 2571 129 28 voisinage
1459 2572 30 21 de

1016 2600 49 22 San
1075 2599 111 27 Nicolao,
1201 2600 58 27 près
1279 2601 31 21 du
1322 2607 69 22 camp
1409 2602 81 27 qu’oc-

1017 2636 61 22 cupe
1088 2629 55 28 déjà
1154 2631 24 20 le
1189 2630 134 28 Régiment
1333 2632 31 21 de
1373 2631 117 29 Champa-

1017 2666 49 22 gne
1075 2666 7 20 ;
1092 2660 23 21 &
1125 2661 37 21 les
1179 2661 67 22 deux
1263 2661 134 29 Régimens
1415 2663 75 21 lrlan-

1017 2691 56 21 dois
1084 2692 44 20 ont
1139 2690 40 22 été
1189 2691 85 27 postés
1283 2692 87 27 auprès
1381 2693 32 21 de
1421 2693 70 22 Mon-

1017 2723 25 19 te
1056 2720 83 22 Prato.
1151 2720 78 23 Notre
1242 2721 107 23 Général
1360 2729 14 14 a
1384 2722 44 22 fait
1438 2729 53 21 par-

1018 2751 32 21 tir
1061 2756 28 16 ce
1100 2752 78 21 matin
1188 2752 34 21 M.
1232 2752 31 21 de
1272 2752 141 28 Boignorel,
1423 2753 68 22 Lieu-

1018 2783 85 19 tenant
1114 2781 105 22 Colonel
1227 2782 153 22 d’Artillerie
1388 2784 60 21 dans
1455 2785 36 20 les

1019 2811 111 22 Mineurs
1149 2818 60 16 avec
1219 2814 81 20 trente
1318 2814 139 26 Artilleurs,
1469 2814 22 21 &

1021 2844 35 21 M.
1062 2844 31 21 de
1102 2844 157 28 Maupassant
1268 2845 174 23 Commissaire
1449 2848 42 20 des

1020 2880 100 22 guerres
1130 2881 63 21 pour
1201 2876 61 22 aller
1269 2877 59 21 dans
1336 2878 24 20 le
1372 2876 120 28 Cap-Cor-

1021 2910 26 16 se
1054 2910 18 23 y
1078 2906 102 21 enlever
1187 2909 84 19 toutes
1279 2908 36 21 les
1324 2913 80 16 armes
1412 2907 81 27 qu’ont

1021 2935 36 21 les
1067 2935 122 27 habitàns,
1203 2942 96 17 comme
1309 2939 36 21 les
1356 2938 78 26 fusils,
1444 2939 50 26 pis-

1512 184 72 24 olets,
1607 181 136 29 poignards
1759 180 44 22 &c.
1823 185 60 15 avec
1901 178 73 22 ordre

1510 214 23 21 le
1544 214 37 21 les
1591 213 116 27 apporter
1718 211 42 25 ici,
1772 210 23 21 &
1807 208 100 22 défense
1919 213 56 17 sous

1510 244 67 21 Deine
1589 244 30 21 de
1630 243 23 21 la
1664 242 42 21 vie
1718 240 55 22 d’en
1785 239 88 29 garder
1884 243 92 17 aucune

1510 275 24 20 le
1543 276 63 20 cette
1614 272 96 28 espèce.
1719 272 21 21 Il
1748 273 37 19 est
1793 269 47 22 allé
1850 273 38 17 cet
1896 268 81 28 après-

1510 304 54 21 nidi
1575 303 14 22 à
1600 303 122 28 Biguglia,
1738 307 31 15 en
1787 300 146 27 compagnie
1947 299 29 20 de

1510 339 50 16 ;ous
1579 334 36 21 les
1635 333 116 22 Officiers
1763 329 132 23 Généraux
1906 329 22 21 «&
1947 328 30 21 de

1510 363 116 22 Dlusieurs
1636 363 78 22 Aides
1726 362 31 21 de
1769 360 86 27 Camp,
1868 365 63 21 pour
1941 358 37 21 vi-

1510 394 56 21 siter
1576 399 28 15 ce
1616 395 79 25 poste.
1710 390 146 28 Cependant
1866 390 36 21 les
1919 389 59 21 Cor-

1510 429 35 16 ses
1557 424 151 26 paroisssent
1719 421 110 27 toujours
1841 420 53 27 plus
1905 418 74 22 obsti-

1510 452 40 22 nés
1561 455 14 19 à
1592 453 98 22 vouloir
1709 450 112 23 soutenir
1840 451 37 20 les
1897 449 82 21 efforts

1510 484 28 21 de
1549 489 46 16 nos
1607 483 110 28 Troupes
1727 488 6 18 ;
1746 482 22 21 <5c
1780 480 69 23 Paoli
1861 481 52 20 leur
1932 477 47 22 Gé-

1510 513 66 22 néral
1589 514 116 21 continue
1717 513 31 20 de
1766 513 71 20 lever
1847 511 84 21 autant
1949 509 31 21 de

1510 544 88 21 monde
1615 543 62 27 qu’il
1687 544 60 26 peut
1756 548 6 20 ;
1783 543 19 20 il
1813 541 45 22 fait
1876 539 104 22 fortifier

1510 573 147 25 Vescovato,
1666 573 151 21 Vensolasca
1826 571 23 22 <3c
1856 571 78 21 Ponte
1941 568 39 22 del

1510 603 64 22 Golo
1583 610 6 19 ;
1603 604 17 21 il
1639 610 13 14 a
1670 603 45 21 fait
1726 608 84 22 passer
1828 607 44 16 nos
1888 600 92 21 soldats

1510 633 152 26 prisonniers
1680 639 61 15 avec
1752 638 14 21 4
1778 631 115 23 Officiers
1904 630 22 21 &
1944 629 34 22 M.

1510 664 70 22 Milin
1590 664 31 21 de
1634 663 179 23 Grandmaison
1823 660 157 24 Commissai-

1510 700 23 15 re
1544 695 44 20 des
1607 694 111 22 Guerres
1729 693 14 22 à
1763 692 109 25 Cruzini,
1893 691 13 21 à
1926 692 55 25 sept

1510 725 76 20 lieues
1597 724 52 22 loin
1662 725 30 20 de
1705 723 75 22 Corté
1791 723 61 21 dans
1863 723 23 20 la
1905 721 76 22 Pieve

1510 754 28 21 de
1550 754 72 26 Vico,
1635 760 48 15 une
1702 754 44 21 des
1758 755 86 26 quatre
1863 750 118 23 d'au-delà

1510 785 34 20 les
1560 784 83 22 Monts
1653 791 6 19 ;
1669 784 23 21 &
1704 790 14 15 a
1728 783 75 22 laissé
1814 784 24 20 le
1855 784 66 20 reste
1937 781 44 21 des

1510 814 113 21 Officiers
1634 813 14 22 à
1660 813 77 22 Corté
1748 814 22 21 <3c
1782 814 60 20 dans
1859 813 36 21 les
1911 811 71 22 envi-

1510 850 65 16 rons.
1580 844 151 22 Néanmoins
1742 845 36 20 les
1787 844 66 21 siens
1863 849 46 21 que
1918 847 62 16 nous

1510 881 75 15 avons
1598 875 86 27 depuis
1695 875 25 20 la
1731 874 94 27 reprise
1837 874 31 21 de
1879 873 102 26 Barbag-

1510 905 39 27 gio
1561 907 56 19 sont
1629 905 32 20 ici
1673 905 76 21 libres
1758 910 41 15 sur
1810 905 66 20 leurs
1887 903 92 28 parole,

1510 935 20 21 5c
1540 935 56 21 hier
1614 935 77 21 matin
1707 934 35 21 M.
1756 934 29 21 de
1804 933 126 22 Marboeuf
1945 933 35 21 les

1510 964 112 28 présenta
1634 964 14 22 à
1659 964 35 22 M.
1708 965 30 20 de
1750 963 82 22 Vaux.
1842 963 57 21 L’un
1909 963 72 21 d’eux

1510 994 97 23 nommé
1619 994 34 21 M.
1666 994 60 27 Jean
1740 993 82 26 Carlo,
1843 993 42 27 qui
1898 995 38 19 est
1948 999 32 15 un

1510 1026 41 21 des
1564 1024 133 23 Généraux
1708 1025 31 21 de
1752 1024 76 25 Paoli,
1839 1024 67 21 avoit
1914 1023 67 21 obte-

1510 1062 31 15 nu
1561 1062 33 14 un
1613 1054 79 29 congé
1713 1055 31 20 de
1765 1054 34 21 M.
1818 1054 32 21 de
1860 1052 123 23 Marboeuf

1510 1091 61 21 pour
1592 1086 60 21 aller
1674 1091 85 21 passer
1777 1085 117 27 quelques
1913 1084 67 27 jours

1510 1116 57 21 chez
1577 1116 34 21 lui
1621 1122 6 20 ;
1640 1116 18 21 il
1670 1122 30 15 en
1712 1115 82 22 revint
1801 1114 146 25 avant-hier,
1959 1113 22 22 «5c

1510 1146 101 27 repartit
1620 1147 56 20 hier
1686 1151 60 16 avec
1762 1151 33 15 un
1811 1147 73 20 autre
1903 1143 77 28 congé

1510 1177 28 20 de
1551 1177 35 20 M.
1599 1176 30 21 de
1641 1176 81 21 Vaux.
1733 1175 103 22 Comme
1847 1181 32 15 on
1891 1181 33 15 ne
1935 1174 47 21 sait

1510 1213 42 20 pas
1563 1207 56 26 quel
1628 1208 38 19 est
1676 1207 24 20 le
1709 1204 74 23 motif
1789 1205 30 21 de
1832 1211 27 15 ce
1868 1210 113 16 nouveau

1510 1242 102 23 voyage,
1619 1236 121 27 plusieurs
1748 1237 169 25 soupçonnent
1922 1234 59 27 qu’il

1510 1268 58 25 peut
1583 1267 52 20 être
1651 1265 89 28 chargé
1753 1266 29 20 de
1799 1264 125 28 l’échange
1938 1264 43 21 des

1510 1297 160 26 prisonniers.

1537 1326 22 22 Il
1569 1331 63 17 nous
1643 1326 83 22 arrive
1736 1327 56 20 tous
1801 1326 38 20 les
1844 1325 77 27 jours,
1929 1326 53 19 tant

1510 1358 30 21 ici
1553 1363 47 22 que
1609 1357 59 21 dans
1677 1357 37 21 les
1722 1358 79 19 autres
1811 1356 72 21 Ports
1894 1356 30 21 de
1931 1354 52 22 l’is—

1510 1389 22 20 Le
1557 1388 31 21 de
1615 1393 134 16 nouveaux
1776 1386 206 28 approvisionne-

1510 1424 76 19 mens,
1599 1418 22 21 <5c
1632 1423 62 16 nous
1712 1423 31 15 en
1763 1423 79 16 avons
1862 1423 30 15 en
1910 1416 72 21 abon-

1510 1449 76 21 dance
1595 1456 7 18 ;
1614 1454 63 15 nous
1689 1453 79 16 avons
1778 1453 59 22 reçu
1849 1447 31 20 de
1891 1446 91 21 France

1510 1485 41 23 750
1562 1479 89 21 mulets
1659 1484 65 21 pour
1731 1479 36 20 les
1778 1478 100 21 besoins
1888 1477 31 20 de
1928 1476 54 21 l'ar-

1510 1509 62 22 mée.
1583 1508 76 22 Notre
1670 1507 106 23 Général
1787 1514 13 14 a
1808 1506 119 22 demandé
1939 1506 42 21 des

1510 1540 83 27 pièces
1604 1540 31 20 de
1646 1538 14 21 8
1668 1538 23 22 &
1702 1539 31 20 de
1747 1544 25 15 12
1780 1538 76 21 livres
1868 1537 30 21 de
1910 1537 70 25 balle,

1510 1570 60 28 qu’il
1580 1571 60 20 veut
1650 1569 63 21 faire
1723 1568 113 22 marcher
1853 1573 61 16 avec
1925 1568 56 20 elle.

1510 1602 173 25 Accompagné
1701 1599 31 21 de
1753 1598 35 22 M.
1810 1599 31 21 de
1860 1598 123 21 Beauvoir

1510 1631 181 22 Commandant
1701 1630 30 21 de
1743 1629 145 22 l’Artillerie
1898 1634 6 20 ;
1917 1629 19 20 il
1946 1629 37 20 vit

1510 1661 138 22 avant-hier
1652 1660 61 22 faire
1719 1659 130 23 l’exercice
1856 1659 32 21 du
1895 1664 86 20 canon,

1510 1692 21 22 &
1542 1692 37 22 fut
1590 1692 178 21 extrêmement
1778 1689 106 22 satisfait
1894 1689 31 21 de
1943 1688 40 22 l’a-

1510 1724 85 21 dresse
1611 1722 23 21 &
1645 1722 32 21 de
1687 1722 25 21 la
1726 1720 123 29 précision
1870 1726 61 15 avec
1950 1720 32 21 la-

1510 1754 80 27 quelle
1599 1758 32 16 on
1640 1757 150 16 manoeuvra.
1807 1750 35 22 M.
1851 1750 30 21 de
1890 1750 91 27 Pujolz,

1510 1784 80 28 Major
1610 1782 107 23 Général
1734 1782 31 21 de
1778 1780 99 23 l’armée
1894 1780 88 28 chargé

1510 1815 30 21 de
1550 1814 166 21 l’instrnction
1724 1814 33 21 du
1765 1812 88 28 procès
1865 1813 42 21 des
1916 1811 68 23 Con-

1510 1844 65 29 jurés
1586 1844 115 24 d'Oletta,
1712 1844 117 21 continue
1840 1848 46 16 son
1899 1842 84 27 opéra-

1510 1876 63 24 tion,
1585 1875 23 20 &
1624 1875 70 20 selon
1714 1875 68 20 toute
1798 1878 136 23 apparence
1953 1873 30 21 ils

1510 1912 31 15 ne
1552 1905 127 22 tarderont
1691 1910 45 21 pas
1748 1903 74 22 d'être
1832 1902 81 29 jugés.

1554 1960 81 18 Numéro
1644 1960 27 18 du
1678 1959 96 18 Vendredi
1782 1959 23 18 21
1813 1959 57 18 Avril
1880 1958 53 18 1769.

1678 1991 27 18 De
1716 1991 77 17 Monaco
1803 1990 20 18 le
1833 1989 23 18 20
1866 1990 63 18 Avril.

1539 2028 44 22 Les
1592 2028 109 21 Bâteaux
1709 2027 31 21 de
1749 2027 74 21 Poste
1835 2027 42 26 qui
1888 2027 97 26 partent

1511 2060 31 20 de
1555 2058 86 26 Corse,
1657 2059 58 20 sont
1728 2059 108 20 souvent
1848 2056 95 26 obligés
1954 2056 30 21 de

1510 2089 112 22 relâcher
1627 2088 42 25 ici,
1679 2093 32 16 ne
1722 2089 110 25 pouvant
1843 2087 59 21 aller
1912 2087 14 20 à
1934 2087 50 20 An-

1510 2120 66 21 tibes
1587 2119 15 21 à
1612 2124 73 15 cause
1696 2118 43 21 des
1753 2119 72 19 vents
1838 2117 145 25 contraires;

1511 2150 19 21 il
1542 2155 31 15 en
1584 2151 39 19 est
1633 2154 67 15 venu
1712 2148 65 21 deux
1796 2149 64 20 cette
1877 2147 108 22 semaine

1511 2179 15 22 à
1544 2179 63 22 bord
1627 2179 31 21 de
1675 2178 52 22 l’un
1747 2178 115 27 desquels
1882 2177 61 22 étoit
1961 2178 24 21 le

1512 2210 88 21 Comte
1611 2209 31 21 de
1662 2207 253 29 Fontette-Sommery
1933 2207 53 22 Vo-

1510 2240 105 22 lontaire
1627 2238 15 22 à
1651 2240 23 20 la
1686 2239 65 21 suite
1761 2239 31 21 de
1801 2238 108 26 l’armée,
1923 2238 62 27 parti

1511 2273 25 20 le
1556 2276 24 22 15
1594 2270 30 21 de
1643 2270 23 21 la
1678 2269 82 21 Bastia
1777 2274 65 21 pour
1860 2269 60 21 aller
1938 2274 49 16 aux

1512 2302 67 21 Eaux
1590 2300 31 21 de
1629 2299 217 28 Bourbon-Lancy,
1853 2298 14 22 à
1876 2305 72 16 cause
1956 2299 30 21 de

1512 2333 24 20 la
1547 2332 110 21 blessure
1670 2329 60 28 qu’il
1748 2332 68 25 reçut
1827 2329 15 22 à
1851 2331 24 20 la
1891 2330 95 27 reprise

1513 2363 30 21 de
1558 2361 147 28 Barbaggio.

1580 2411 81 18 Numéro
1670 2411 26 17 du
1704 2410 61 17 Mardi
1772 2409 24 19 2b
1803 2409 56 18 Avril
1866 2408 53 20 1769.

1669 2444 27 18 De
1704 2441 90 20 Florence
1800 2443 20 18 le
1828 2442 23 19 10
1858 2443 62 17 Avril.

1542 2484 41 22 On
1596 2483 88 22 mande
1701 2483 32 21 de
1746 2482 122 22 Livourne
1886 2481 74 28 qu’on
1970 2488 19 22 y

1514 2521 14 15 a
1539 2521 31 15 eu
1581 2515 43 21 des
1636 2514 94 21 Lettres
1748 2513 30 21 de
1794 2512 78 22 Corse
1890 2514 99 26 portant

1515 2551 49 22 que
1577 2546 24 20 le
1613 2544 105 22 nombre
1729 2544 43 21 des
1790 2542 199 28 Ecclésiastiques

1515 2576 23 21 <&
1552 2576 44 21 des
1610 2574 134 28 Religieux
1762 2580 46 21 que
1829 2573 69 22 Paoli
1918 2579 14 15 a
1945 2573 45 21 fait

1515 2612 81 16 armer
1605 2611 32 15 va
1648 2604 13 22 à
1673 2610 57 21 4000
1741 2610 6 20 ;
1763 2610 40 15 ces
1814 2604 111 21 derniers
1938 2609 51 16 res-

1515 2638 85 20 teront
1612 2636 60 21 dans
1685 2636 68 20 leurs
1767 2634 123 26 Couvens,
1909 2633 24 22 &
1947 2635 43 20 ont

1515 2666 94 28 promis
1628 2664 41 29 d’y
1686 2665 63 21 faire
1771 2670 47 16 une
1841 2664 149 27 vigoureuse

1516 2696 109 22 défense.
1649 2695 42 22 On
1705 2695 81 27 ajoute
1806 2700 47 21 que
1871 2695 119 26 quelques

1517 2727 133 27 Seigneurs
1672 2725 105 27 Anglois
1803 2727 44 19 ont
1869 2723 121 28 débarqué

1517 2758 61 21 dans
1591 2756 73 26 l’Isle,
1688 2755 24 22 <5e
1725 2757 45 20 ont
1789 2754 40 22 été
1844 2755 98 27 joindre
1962 2760 28 16 ce

1520 2787 114 23 Général.

1612 2836 83 19 Numéro
1706 2836 27 18 du
1742 2835 24 19 2b
1776 2835 56 19 Avril
1842 2834 51 19 1769.

1675 2870 26 17 De
1709 2869 61 18 Gènes
1777 2869 21 18 le
1804 2868 24 18 1b
1839 2868 61 18 Avril.

1546 2907 68 22 Nous
1625 2906 104 21 n’avons
1738 2906 72 27 point
1817 2910 59 23 reçu
1886 2904 104 22 d’autres

1519 2937 130 22 nouvelles
1666 2943 46 21 par
1729 2937 25 21 la
1766 2941 67 23 voye
1853 2935 30 22 de
1893 2935 24 22 la
1936 2934 55 23 Mer

1358 3623 78 26 PAN
1439 3623 52 26 CH
1493 3622 21 25 E
1516 3622 78 26 RAC
1596 3622 67 26 CIA

1070 3674 69 17 Disegnu
1148 3674 16 14 di
1172 3673 118 15 G.A.Canasi.

2002 181 48 22 que
2061 176 61 21 celle
2134 175 30 22 de
2176 173 112 24 l’arrivée
2301 173 44 21 des
2364 173 112 26 Troupes

2002 206 142 28 Françoises
2156 212 31 15 en
2197 205 86 25 Corse,
2296 205 23 21 &
2328 210 48 22 que
2385 205 23 21 le
2418 210 59 16 nou-

2002 242 63 16 veau
2077 235 106 22 Général
2191 236 70 21 avoit
2268 233 83 24 donné
2363 235 73 21 ordre
2448 234 30 21 de

2003 265 124 22 désarmer
2134 268 56 20 tous
2198 267 37 20 les
2243 265 122 23 Habitans
2375 265 30 21 de
2416 265 62 27 Cap-

2004 296 86 26 Corse,
2099 296 23 21 &
2134 295 148 23 d’emmener
2293 296 123 26 plusieurs
2425 301 55 21 per-

2003 332 91 16 sonnes
2106 332 31 16 en
2149 328 71 26 otage
2231 325 13 23 à
2253 327 22 21 la
2287 326 92 21 Bastia.

2106 379 82 18 Numéro
2198 380 26 17 du
2235 379 24 18 25
2269 379 54 17 Avril
2335 378 53 18 1769.

2171 410 101 18 D’Antibes
2279 410 20 17 le
2306 409 10 17 7
2325 408 62 19 Avril.

2033 447 45 22 Les
2101 448 55 22 huit
2181 448 124 22 Bâtimens
2332 447 146 23 Marchands

2006 478 157 22 commandés
2170 485 44 21 par
2226 479 34 21 M.
2268 479 121 21 Ardisson
2400 478 79 22 Pilote

2006 507 178 27 Vice-Amiral,
2192 509 41 27 qui
2244 511 43 19 ont
2296 508 141 28 transporté
2448 515 31 14 en

2007 537 77 23 Corse
2094 539 24 21 la
2130 538 92 29 Légion
2235 539 31 21 de
2277 539 115 26 Soubise,
2410 539 71 21 vien-

2006 571 60 19 nent
2084 569 31 21 de
2135 569 115 22 mouiller
2261 576 38 15 -au
2315 569 75 22 Golfe
2409 569 69 26 Juan,

2006 598 55 22 d’où
2079 606 31 15 au
2127 600 107 27 premier
2251 600 50 22 bon
2319 602 69 24 vent,
2406 600 31 22 ils
2454 606 26 15 se

2006 629 118 22 rendront
2134 629 14 22 à
2160 630 104 26 Toulon,
2282 637 66 21 pour
2357 637 19 22 y
2387 630 95 22 embar-

2006 665 62 22 quer
2078 661 30 21 de
2128 661 126 22 nouvelles
2273 661 114 28 Troupes
2401 661 23 21 &
2438 661 42 21 des

2007 690 148 23 Munitions.

2055 745 83 19 Numéro
2146 747 26 17 du
2181 747 93 18 Vendredi
2282 747 24 18 28
2313 747 56 18 Avril
2378 746 52 19 1769.

2194 780 101 18 D’Antibes
2303 781 18 18 le
2329 780 24 18 26
2360 780 63 18 Avril.

2034 817 68 22 Nous
2114 824 79 16 avons
2204 825 31 14 eu
2246 820 44 20 des
2308 819 132 22 nouvelles
2451 818 31 22 de

2008 846 76 22 Corse
2095 847 70 23 datée
2176 849 30 21 de
2217 849 70 22 Calvi
2299 850 24 21 le
2337 856 35 21 13,
2381 855 43 22 par
2434 850 47 21 les-

2007 878 93 26 quelles
2119 884 33 15 on
2173 880 109 26 apprend
2303 885 48 22 que
2362 881 24 20 le
2407 878 75 29 Régi-

2007 909 69 19 ment
2090 908 32 21 de
2140 909 23 20 la
2181 909 201 22 Marche-Prince
2400 910 54 21 doit
2464 915 17 22 y

2007 937 51 21 être
2068 938 122 27 remplacé
2202 945 44 21 par
2258 940 61 21 celui
2330 940 31 21 de
2372 939 110 27 Bourgo-

2006 973 50 21 gne
2075 968 41 26 qui
2138 974 111 22 campera
2270 969 213 22 immédiatement

2007 1000 72 26 après
2099 1002 73 21 avoir
2195 1001 120 28 débarqué
2326 1009 6 19 ;
2346 1002 23 21 <5c
2389 1008 47 21 que
2458 1001 30 22 le'

2008 1029 78 28 Corps
2097 1031 97 22 destiné
2205 1039 64 20 pour
2279 1035 65 19 cette
2356 1034 79 26 partie
2446 1038 37 16 se-

2007 1065 26 16 ra
2044 1062 130 27 augmenté
2186 1064 69 20 selon
2267 1064 24 21 le
2302 1064 98 21 besoin.
2412 1063 69 22 Celui

2007 1090 125 27 d’Ajaccio
2151 1093 53 21 doit
2214 1095 53 20 être
2283 1100 49 15 aux
2344 1094 86 21 ordres
2449 1094 30 21 du

2008 1120 87 23 Comte
2107 1123 30 20 de
2147 1122 137 27 Narbonne,
2295 1125 19 20 il
2323 1130 55 16 sera
2388 1125 30 21 de
2429 1124 53 21 huit

2006 1151 133 23 Bataillons
2146 1160 7 19 ;
2161 1153 22 22 <5c
2192 1154 18 21 il
2220 1160 18 22 y
2250 1161 30 15 en
2292 1160 58 16 aura
2361 1154 122 28 ving-huit

2007 1187 60 16 avec
2078 1183 37 21 les
2127 1184 67 22 deux
2204 1184 108 28 Légions
2327 1185 34 21 du
2381 1184 54 22 côté
2452 1185 30 21 de

2007 1212 23 21 la
2041 1212 81 22 Bastia
2134 1220 32 15 ou
2185 1215 30 20 de
2228 1214 187 27 San-Fiorenzo,
2435 1214 47 22 afin

2007 1242 31 20 de
2049 1242 159 24 déconcerter
2218 1245 24 21 le
2254 1245 80 27 projet
2350 1245 79 21 formé
2440 1251 44 21 par

2008 1275 68 22 Paoli
2084 1277 87 26 depuis
2182 1277 163 23 l’Assemblée
2357 1279 31 20 de
2397 1278 87 22 Casin-

2007 1312 38 15 ca.
2057 1306 21 21 Il
2088 1307 45 22 fait
2150 1308 59 21 faire
2222 1309 44 21 des
2282 1309 200 21 retranchemens

2007 1335 14 22 à
2033 1336 75 22 Lento
2117 1337 24 22 &
2149 1344 31 15 au
2191 1338 65 22 Pont
2267 1339 33 21 du
2312 1338 67 22 Golo
2391 1339 60 21 dans
2459 1340 23 20 le

2007 1367 99 22 dessein
2129 1368 118 23 d’arrêter
2268 1370 38 21 les
2331 1369 151 28 opérations,

2007 1401 64 21 mais
2081 1407 32 16 on
2121 1408 14 15 a
2142 1402 51 22 lieu
2203 1402 127 28 d’espérer
2339 1402 89 28 qu’une
2437 1403 48 21 Ar-

2007 1431 92 21 tillerie
2110 1432 133 27 composée
2254 1433 31 21 de
2295 1433 87 21 Pièces
2393 1433 31 21 de
2430 1433 55 21 huit

2007 1460 24 22 &
2038 1461 31 21 de
2080 1462 85 26 douze,
2175 1463 89 21 rendra
2275 1469 40 15 ses
2327 1462 156 28 précautions

2007 1491 109 23 inutiles.
2129 1493 32 21 Le
2173 1492 132 28 Régiment
2316 1494 32 21 de
2368 1493 116 28 Bulkclaÿ

2008 1525 121 23 Irlandois
2141 1529 130 19 rencontra
2279 1528 26 21 le.
2312 1527 111 27 premier
2428 1527 58 26 jour

2008 1555 60 28 qu’il
2079 1562 26 15 se
2117 1557 47 21 mit
2174 1563 30 15 en
2215 1557 100 22 marche
2326 1563 66 21 pour
2403 1558 59 20 aller
2470 1556 14 22 à

2008 1592 28 16 sa
2046 1587 151 22 destination
2207 1594 34 15 un
2261 1587 179 22 Détachement
2454 1588 30 20 de

2009 1616 89 23 Corses
2110 1619 43 26 qui
2164 1617 117 23 s’étoient
2295 1617 144 29 embusqué,
2461 1617 23 22 «5c

2008 1648 42 26 qui
2061 1648 47 21 tira
2120 1649 117 27 quelques
2249 1654 75 21 coups
2346 1649 31 21 de
2395 1649 71 21 fusils
2477 1654 6 20 ;

2009 1681 18 21 il
2037 1686 18 23 y
2063 1684 43 19 eut
2116 1682 67 21 deux
2193 1688 33 16 ou
2236 1682 63 21 trois
2311 1682 100 22 Soldats
2420 1681 63 26 tués,

2007 1711 62 22 mais
2082 1717 33 16 on
2125 1718 19 22 y
2155 1713 95 26 riposta
2262 1713 30 21 de
2303 1713 62 21 telle
2376 1712 109 22 manière

2009 1741 72 28 qu’ils
2100 1742 70 22 n’ont
2192 1749 43 21 pas
2258 1742 76 22 retiré
2353 1749 35 15 un
2407 1743 78 28 grand

2008 1778 120 26 avantage
2139 1777 31 21 de
2183 1779 63 20 cette
2258 1777 183 25 escarmouche,
2452 1777 34 21 el-

2008 1806 24 21 le
2039 1807 54 21 leur
2100 1813 14 14 a
2124 1806 71 22 coûté
2202 1813 49 15 une
2260 1808 123 21 trentaine
2393 1807 92 22 d'hom-

2008 1842 54 16 mes
2072 1836 54 22 tués
2138 1837 23 21 &
2171 1839 84 20 autant
2272 1838 31 21 de
2320 1838 164 27 prisonniers.

2008 1870 46 21 Les
2073 1869 133 29 Régimens
2226 1871 43 27 qui
2286 1873 59 20 sont
2356 1870 14 22 à
2390 1870 94 22 Toulon

2007 1902 44 20 ont
2062 1906 57 22 reçu
2140 1901 71 22 ordre
2224 1902 30 21 de
2275 1907 27 16 se
2313 1902 68 21 tenir
2393 1902 67 26 prêts
2471 1900 14 22 à

2009 1936 84 22 passer
2102 1937 31 15 en
2144 1931 78 22 Corse
2230 1938 31 15 au
2269 1932 110 27 premier
2389 1932 53 21 avis
2453 1932 32 21 du

2010 1964 85 22 Comte
2103 1965 31 21 de
2144 1965 79 26 Vaux,
2231 1965 23 22 &
2262 1966 37 21 les
2308 1965 117 22 Officiers
2434 1965 53 22 font

2008 1995 126 21 travailler
2143 1995 14 21 à
2167 1996 68 21 leurs
2246 1995 144 28 équipages.
2406 1995 80 29 Royal

2010 2027 38 19 est
2066 2032 32 14 un
2119 2026 32 21 de
2168 2032 63 15 ceux
2253 2026 42 27 qui
2322 2027 107 20 doivent
2451 2027 37 20 les

2010 2056 144 26 remplacer,
2178 2061 31 17 on
2227 2057 84 21 attend
2328 2057 25 21 la
2372 2056 56 22 liste
2444 2057 44 21 des

2010 2087 90 21 autres.

2087 2136 82 18 Numéro
2181 2137 24 17 du
2216 2137 61 18 Mardi
2286 2136 13 18 2
2306 2137 39 18 Mai
2353 2136 53 18 1769.

2160 2167 27 18 De
2197 2166 62 19 Gênes
2269 2168 19 17 le
2299 2167 23 18 22
2333 2168 63 18 Avril.

2039 2205 41 22 On
2091 2206 56 22 voit
2155 2206 32 22 ici
2198 2207 43 21 des
2253 2207 86 27 copies
2350 2207 73 21 d’une
2435 2208 52 22 Let-

2010 2238 39 19 tre
2063 2236 71 28 qu’on
2150 2236 104 27 prétend
2273 2238 73 21 avoir
2359 2237 38 22 été
2413 2237 75 23 écrite

2011 2272 45 22 par
2065 2267 24 21 le
2103 2266 50 22 Roi
2170 2267 30 21 de
2216 2267 98 27 Prusse,
2335 2274 30 15 au
2382 2267 106 23 Général

2012 2297 68 22 Paoli
2091 2297 61 21 dans
2162 2299 106 26 laquelle
2277 2297 25 22 S.
2310 2298 36 22 M.
2355 2299 25 21 le
2391 2299 97 27 qualifie

2011 2328 25 21 le
2047 2326 80 23 Héros
2139 2328 30 21 de
2181 2334 46 15 son
2238 2328 85 22 siècle.
2334 2328 73 22 Cette
2419 2329 70 27 pièce

2012 2359 41 26 qui
2068 2364 14 15 a
2093 2357 40 22 été
2147 2358 131 27 imprimée
2298 2360 61 21 dans
2373 2360 37 21 les
2424 2359 65 22 Nou-

2012 2389 77 21 velles
2102 2389 130 27 publiques
2247 2390 40 26 qui
2300 2390 144 27 paroissent
2458 2396 31 15 en

2013 2419 79 25 Italie,
2107 2425 58 16 sous
2179 2421 23 20 le
2212 2420 59 22 titre
2284 2421 32 20 de
2330 2421 103 28 Notifie
2448 2421 42 21 del

2013 2449 106 27 Mondo,
2140 2451 96 20 est-elle
2256 2451 58 21 bien
2329 2452 161 27 autentique?

2014 2479 67 23 C’est
2094 2486 28 16 ce
2137 2480 72 27 qu’on
2226 2487 31 15 ne
2271 2481 93 22 sauroit
2384 2488 104 16 assurer.

2197 2533 25 28 (à
2238 2535 101 26 suivre)

2187 2626 127 25 Avvisu

2042 2681 143 26 Preghemu
2193 2681 10 22 i
2210 2682 84 21 nostri
2305 2682 46 21 fidi
2363 2682 124 22 abbunati

2015 2714 29 21 di
2051 2714 10 21 i
2072 2714 70 26 quali
2151 2714 207 22 l’abbunamentu
2370 2715 14 21 è
2396 2716 93 21 scadu-

2015 2749 29 20 tu
2050 2748 88 21 avanti
2145 2748 145 25 Jennaghiu
2298 2748 66 21 1929
2375 2748 27 21 di
2408 2748 82 22 adriz-

2014 2780 102 22 zaccine
2123 2787 19 15 u
2148 2782 132 20 muntante
2292 2781 96 27 (antica
2395 2781 94 22 tariffa:

2015 2813 109 22 Francia
2134 2813 33 21 15
2173 2813 42 27 fr.,
2226 2814 104 21 Corsica
2345 2814 33 21 12
2384 2814 61 28 fr.,).

2046 2846 160 22 Contu-curr
2205 2847 129 25 ente,Mar
2336 2847 67 28 segli
2404 2854 17 14 a
2424 2848 68 28 45-82

2072 2946 152 30 Pedone
2247 2946 180 31 Muvrimi

2037 3009 31 18 M.
2077 3008 27 19 A.
2114 3009 24 18 di
2148 3009 23 19 C.
2180 3019 23 4 —
2210 3011 18 16 A
2235 3010 57 22 longa
2300 3010 73 18 ricerca
2387 3010 20 17 di
2421 3010 11 18 3
2445 3011 46 17 auni

2015 3034 21 18 di
2042 3035 130 22 publicazione
2180 3039 27 13 un
2215 3035 80 17 serebbe
2303 3039 70 14 mancu
2385 3035 65 18 niente
2457 3040 34 17 per

2014 3064 15 13 u
2034 3060 64 21 tempu
2103 3059 67 18 cb’ella
2175 3059 100 21 dumanda;
2280 3064 32 13 ma
2316 3064 29 13 un
2349 3060 84 21 pudemu
2437 3064 55 14 assu-

2014 3084 106 18 lutamente
2123 3084 61 17 micca
2189 3084 102 18 sacrificàa
2298 3086 67 16 nostra
2372 3084 121 19 unicaculle-

2015 3108 121 19 zione.Diteci
2144 3109 87 22 qualesse
2239 3109 22 17 sò
2270 3109 33 17 chi
2309 3109 21 17 bi
2339 3109 82 22 piacenu
2428 3114 13 13 u
2449 3110 41 22 più.

2038 3141 27 19 G.
2073 3142 24 17 di
2105 3141 27 18 A.
2140 3141 26 18 G.
2172 3152 23 3 —■
2202 3142 47 18 Date
2257 3142 121 18 un’occhiata
2386 3142 34 22 qui
2428 3147 62 18 sopra.

2038 3174 19 19 U
2064 3174 147 23 Pappagallu.
2221 3184 23 4 —
2251 3175 23 17 In
2281 3180 29 13 un
2317 3179 83 14 numeru
2410 3181 12 12 a
2428 3176 49 18 bene
2483 3180 7 17 ;

2014 3198 67 19 curatè
2088 3204 28 13 un
2123 3204 49 17 pocu
2181 3200 73 22 megliu
2263 3205 11 12 a
2281 3200 95 18 scrittura
2383 3201 25 17 da
2422 3201 31 17 chi
2461 3202 31 17 no’

2015 3224 113 23 capiscamu.
2137 3224 168 23 Ringraziamenti.

2037 3257 85 18 Renzu.
2130 3267 25 4 —
2162 3257 86 23 Ossequi.

2038 3290 61 18 Zêta.
2107 3300 24 4 —
2140 3290 35 19 Chi
2182 3295 24 14 vo
2215 3291 50 18 siate
2272 3291 107 18 benedettu
2386 3291 5 18 !

2038 3323 110 18 Marietti.
2159 3332 21 4 —
2188 3324 29 17 Un
2225 3328 24 13 ne
2258 3324 94 18 dubitate.

2039 3355 26 19 G.
2074 3355 23 19 S.
2106 3365 24 4 —
2137 3356 10 17 I
2154 3356 49 18 vinti
2211 3356 119 18 almanacchi
2338 3357 22 18 sò
2374 3357 47 18 stati
2433 3358 60 18 messi

2015 3385 15 13 u
2037 3380 24 18 22
2068 3381 97 22 ferraghiu
2173 3381 45 17 ïnde
2226 3380 111 19 Fraissinet.

2040 3413 161 23 Capraghiolu.
2209 3423 25 4 —
2241 3414 17 17 A
2265 3415 68 17 vostra
2341 3415 69 22 puesia
2418 3414 11 19 è
2442 3416 52 21 trop-

2016 3443 27 17 pu
2050 3439 65 21 longa.
2123 3438 75 22 Troppu
2206 3439 119 21 ripetizione.

2038 3470 27 18 B.
2072 3470 27 18 D.
2107 3470 143 23 Perdingulina!
2260 3471 147 19 chi-bastunate!
2414 3472 80 19 Perôun

2016 3496 83 21 pudemu
2107 3495 20 18 fà
2134 3496 57 21 passé
2197 3496 117 17 un’articulu
2326 3496 43 18 cusi
2378 3497 92 18 viulente.

2039 3528 112 18 Riolacci.
2156 3537 25 5 —
2189 3528 86 19 Lasciate
2280 3529 7 17 i
2295 3529 114 22 lumbriguli
2418 3530 20 18 in
2442 3531 23 17 lu
2470 3534 24 14 so

2017 3553 60 22 fangu
2083 3552 6 18 1

2017 3627 100 21 Aiacciu
2125 3639 30 4 —
2166 3627 135 28 Stamparia
2313 3627 26 22 di
2352 3629 24 21 A
2387 3629 105 27 Muvra,

2019 3669 16 15 u
2044 3662 244 23 Diretlore-Gerente:
2297 3663 74 22 Petru
2380 3664 114 22 ROCCA.
