2580 3956
94 183 105 25 pourrait
205 182 33 20 lui
246 184 111 23 répondre
366 189 45 18 que
419 182 34 19 les
468 184 99 19 agences

94 212 29 19 de
131 210 110 25 publicité
248 210 49 20 font
310 210 169 25 fréquemment
487 206 29 19 de
529 211 38 18 pa-

94 238 78 20 reilles
187 237 129 20 demandes.
331 238 118 19 Personne
466 239 29 13 ne
511 234 56 21 peut

92 266 35 19 les
147 264 122 24 empêcher
285 265 28 19 de
329 265 35 19 les
385 262 65 21 faire,
472 258 94 25 qu’elles

93 293 113 19 viennent
213 292 153 24 d’Allemagne
374 296 30 13 ou
412 286 152 23 d’Amérique,

94 320 55 20 c’esr
164 326 46 13 une
222 319 109 20 habitude
340 319 59 19 dans
407 316 22 19 le
437 313 89 21 service
536 312 30 18 de

93 347 122 25 publicité.
225 346 161 24 L’impression
395 349 44 18 que
452 341 42 19 fait
505 342 60 16 cette

93 374 138 25 explication
252 377 35 16 est
306 373 75 24 plutôt
400 368 91 26 pénible
508 371 57 19 peur

92 401 156 21 l’accusation,
257 407 37 13 car
302 407 31 13 on
342 397 88 22 semble
437 396 92 23 ignorer
536 392 28 19 de

94 436 27 13 ce
129 429 50 19 côté
188 428 29 19 de
226 428 21 19 la
255 428 66 19 barre
329 427 41 18 des
378 424 81 19 choses
467 426 41 14 sur
520 419 45 19 les-

94 456 87 25 quelles
189 458 51 16 tout
244 454 137 25 journaliste
394 449 73 21 aurait
474 454 32 17 pu
514 452 51 13 ren-

94 484 90 23 seigner
199 482 30 19 M.
239 482 88 19 Mitton.
343 480 31 19 La
388 477 93 20 défense
488 475 23 18 le
523 473 42 19 fait

93 515 134 18 remarquer
235 515 53 13 sans
296 506 128 25 cependant
436 507 51 19 trop
501 507 15 18 y
530 500 35 19 in-

95 538 77 20 sister.

120 565 17 20 Il
146 567 34 17 est
189 563 107 25 question
305 560 92 22 ensuite
405 558 67 20 d’une
485 561 80 14 secon-

93 593 29 19 de
135 592 70 19 lettre
218 590 104 20 adressée
335 589 15 19 à
364 592 45 15 une
422 583 101 21 librairie
535 582 29 19 de

94 618 132 22 Karlsruhe.
241 617 29 20 M.
279 615 77 22 Schaïl
370 611 111 22 demande
497 611 22 18 le
535 610 30 19 si-

92 646 115 26 gnataire.
220 645 44 20 elle
276 645 58 19 n’est
348 648 43 18 pas
404 639 86 25 signée.
504 637 17 20 Il
535 643 29 13 en

93 674 92 21 conclut
201 672 82 25 qu’elle
299 672 83 18 émane
398 668 30 19 clu
435 667 89 23 gérant,
532 664 31 20 M.

93 702 108 20 Mattern;
210 703 23 16 et
240 699 52 24 qu’il
300 704 26 13 se
340 696 49 20 voit
396 695 57 19 dans
466 693 7 19 I
481 692 84 24 impos-

92 729 85 20 sibilité
192 727 28 19 de
236 726 109 24 répondre
359 728 40 15 sur
412 727 45 14 une
471 719 93 25 pareille

92 757 65 24 pièce
170 760 46 19 que
231 754 21 19 la
266 752 98 21 Défense
382 748 103 27 pourrait
503 747 14 18 d
525 746 40 19 ail-

91 785 64 19 leurs
163 787 99 15 récuser.
273 780 29 20 La
311 780 66 19 lettre
386 776 64 25 parle
464 775 14 19 d
486 780 32 14 un
526 779 39 14 en-

92 811 39 20 voi
145 811 29 19 de
189 809 65 24 vingt
266 808 52 23 cinq
335 803 150 26 exemplaires
502 802 28 18 de
543 801 21 19 la

93 836 118 23 «Zukunft
217 843 19 13 ».
244 836 30 19 Le
281 836 81 23 gérant
369 830 112 22 demande
488 828 76 25 lequel

92 867 40 19 des
140 865 60 20 deux
209 866 78 22 agents
295 859 156 23 Vanderhertz
458 863 30 14 ou
497 856 68 20 Robi-

92 899 48 15 tzer
148 892 79 25 paiera
235 891 21 19 la
265 890 108 20 fracture.
389 887 31 19 La
428 886 66 19 lettre
506 890 16 14 n
530 886 35 17 est

92 928 42 19 pas
142 921 47 20 très
199 916 139 23 claire.Mais
347 913 111 22 M.Schall
468 918 25 14 se
501 911 64 20 char-

92 955 54 20 gera
155 948 28 20 de
191 946 133 24 l’expliquer
330 950 6 13 :
347 942 46 20 «Je
401 943 113 19 constate,
522 939 43 19 dit-

92 978 26 22 ii,
124 977 68 25 qu’on
202 980 36 14 me
246 971 112 22 demande
366 970 40 20 des
414 966 151 26 explications

93 1012 40 13 sur
141 1004 41 20 des
191 1002 81 20 choses
281 1005 44 20 que
331 998 25 25 je
368 1003 31 14 ne
407 995 96 21 connais
515 1000 48 19 pas,

92 1033 59 21 mais
157 1031 24 24 je
190 1030 60 20 crois
258 1027 64 20 avoir
330 1024 100 25 compris
438 1024 21 19 le
468 1028 54 14 sens
536 1021 29 20 de

91 1062 24 19 la
123 1060 99 22 lettre,et
230 1062 56 20 pour
291 1059 100 20 prouver
396 1058 44 14 aux
443 1050 65 26 jurés
515 1052 51 17 tou-

92 1093 24 15 te
125 1094 35 13 ma
169 1084 123 22 franchise,
298 1083 25 24 je
334 1078 156 27 l’expliquerai
505 1083 60 14 com-

91 1122 38 16 me
133 1115 25 25 je
166 1112 119 22 l’entends.
291 1115 11 11 »

118 1148 11 12 «
137 1143 30 20 La
175 1142 69 19 lettre
251 1143 34 16 est
293 1138 30 20 du
333 1137 81 25 gérant
419 1134 97 20 Mattern
524 1138 40 19 qui

92 1172 56 21 était
155 1176 32 14 un
202 1171 142 23 personnage
357 1165 124 23 purement
493 1160 73 21 admi-

93 1197 109 23 nistratif,
219 1195 38 26 qui
274 1193 86 21 n’avait
380 1196 75 14 aucun
461 1216 6 6 _
473 1191 93 22 rapport

91 1233 57 15 avec
155 1226 35 20 les
199 1225 129 19 rédacteurs
336 1220 57 19 dont
404 1218 84 24 j’étais.
497 1217 19 19 Il
523 1222 11 13 s
542 1222 24 13 a-

91 1256 36 24 git
142 1260 29 14 en
189 1253 22 20 la
228 1249 111 22 Question,
346 1247 29 20 de
388 1246 60 19 deux
462 1244 103 20 maisons

93 1283 83 21 rivales
191 1280 56 20 dont
254 1278 62 20 l'une
329 1275 64 21 avait
400 1271 110 23 autrefois
522 1276 42 15 scn

92 1312 63 24 siège
162 1311 14 18 à
181 1308 30 21 Sa
212 1313 39 15 ver
252 1312 36 17 ne,
289 1308 23 17 et
318 1307 66 17 notre
389 1302 81 25 gérant
474 1300 92 19 deman-

94 1340 30 19 de
131 1339 40 19 des
179 1333 150 28 explications
337 1337 40 15 sur
385 1331 22 19 ïe
415 1329 116 25 paiement
537 1326 29 20 de

94 1372 43 15 nos
142 1366 122 25 journaux.
275 1361 17 20 II
300 1363 36 17 est
344 1359 50 20 vrai
403 1362 45 19 que
456 1356 62 19 l’une
525 1355 40 19 des

92 1394 101 22 maisons
198 1390 55 22 était
257 1392 66 17 notre
328 1387 141 24 dépositaire
473 1384 92 22 officiel,

93 1423 70 20 chose
170 1426 46 19 que
225 1423 56 15 nous
289 1416 181 20 n’avons,aucun
482 1411 85 19 intérêt

95 1452 14 19 à
118 1449 91 21 cacher.
490 1466 34 10 ,,,
544 1465 7 8 ,

118 1477 29 21 M,
162 1476 96 20 Mattern
272 1471 88 22 affirme
372 1476 32 18 qu
413 1471 15 18 ii
438 1474 13 13 a
459 1468 66 19 brme
537 1468 29 17 de

92 1505 150 23 nombreuses
249 1502 87 20 lettres.
353 1496 84 22 C’était
445 1496 13 20 à
471 1496 21 19 la
506 1494 60 20 suite

92 1535 30 20 de
129 1530 178 24 mouchardages
316 1532 88 15 comme
413 1525 17 19 il
438 1530 29 13 en
476 1525 91 18 survint

92 1560 225 23 malheureusement
324 1559 52 20 trop
390 1553 176 24 fréquemment.

94 1591 33 19 Ce
139 1589 95 21 faisant,
243 1585 29 21 M.
281 1584 99 21 Mattern
398 1588 13 13 a
427 1580 35 25 agi
477 1584 90 15 comme

93 1619 65 20 vient
165 1616 73 25 d’agir
246 1614 138 19 récemment
392 1609 31 21 M.
428 1607 74 22 l’abbé
510 1606 58 20 Hae-

132 1652 29 14 en
169 1643 91 22 brûlant
268 1647 24 14 sa
300 1637 211 27 correspondance,
519 1640 47 18 car,

93 1675 58 20 dans
158 1676 50 17 tout
216 1670 50 21 Etat
275 1668 97 22 civilisé,
382 1666 17 20 il
405 1669 36 16 est
448 1665 30 19 du
487 1664 81 19 devoir

92 1704 30 19 de
129 1707 57 20 gens
200 1698 111 22 honnêtes
319 1696 30 20 de
362 1694 83 25 garder
456 1693 23 19 le
492 1694 76 17 secret

93 1728 133 28 épistclaire
234 1729 22 17 et
263 1725 28 20 de
299 1730 30 14 ne
337 1729 42 18 pas
387 1722 83 20 laisser
478 1719 91 20 tomber

93 1762 66 17 entre
166 1757 34 20 les
209 1754 73 22 mains
291 1753 28 19 de
327 1752 22 19 la
359 1750 76 26 police
441 1749 40 20 des
486 1748 82 20 lettres

594 177 92 24 privées
695 181 45 18 que
747 174 34 19 les
790 172 146 25 expéditeurs
942 169 128 20 n'aimerai-

593 206 40 17 ent
640 208 42 18 pas
691 201 51 20 voir
748 202 69 17 entre
825 199 34 19 les
867 198 76 20 mains
951 196 53 19 d’un
1012 194 56 19 tiers

592 229 152 25 quelconque,
752 227 13 18 à
778 225 98 22 fortiori,
885 225 29 18 de
922 224 21 18 la
951 222 83 24 police.
1039 220 29 19 Je

592 255 104 25 pourrais
710 252 115 20 d’ailleurs
839 257 58 14 vous
910 250 57 19 citer
976 248 40 19 des
1028 252 37 13 cas

591 282 119 20 tellement
716 279 120 23 frappants
844 278 29 19 de
881 278 22 18 la
912 276 110 20 violation
1034 273 31 19 du

591 311 75 18 secret
674 306 74 25 postal
757 311 46 18 que
810 305 33 19 les
850 304 64 24 jurés
923 309 29 13 en
964 300 102 21 seraient

591 335 87 20 ébahis.

614 360 136 21 Président:
766 358 73 23 Quels
861 357 87 20 étaient
963 355 35 19 les
1015 359 50 17 rap-

591 391 63 22 ports
669 387 29 19 de
712 387 21 18 la
749 393 11 10 «
766 383 103 21 Zukunft
875 390 11 11 »
900 388 56 14 avec
969 381 33 19 les
1012 386 11 10 «
1029 379 36 20 El-

590 411 235 25 sass-Lothringische
831 410 161 22 Mittellungen
998 407 13 20 ?
1016 415 10 10 >»

614 441 102 21 Accusé:
730 439 28 20 Je
772 445 37 13 me
823 437 49 20 suis
886 435 87 25 permis
987 434 29 19 de
1029 433 34 20 les

590 470 50 19 lire.

614 494 135 23 Président:
765 493 111 19 Pourtant
890 490 18 20 il
921 496 15 18 y
949 491 62 17 avait
1023 489 40 18 des

591 528 117 16 annonces
716 521 29 19 de
752 520 23 19 la
786 517 142 22 «Zukunft».

615 548 96 23 Schall:
731 546 174 22 Parfaitement,
918 547 23 16 et
962 542 101 25 quoique

590 582 59 16 cette
658 576 70 20 chose
736 581 30 13 ne
775 580 36 13 me
820 572 95 25 regarde
924 577 41 18 pas
974 575 89 15 comme

591 606 125 20 rédacteur,
729 603 25 24 je
766 602 62 20 tiens
842 601 13 19 à
869 599 102 25 préciser
983 599 80 18 autant

591 639 44 19 que
646 632 26 25 je
679 631 85 25 puisse.
779 629 43 20 Les
830 632 117 16 annonces
959 625 59 20 dans
1029 624 34 20 les

591 669 11 11 «
608 655 275 25 EIsass-Lothringischen
889 653 174 23 Mittellungen»

590 689 78 19 furent
680 685 68 20 mises
762 683 58 19 dans
833 685 60 16 cette
905 686 70 14 revue
983 685 41 19 par
1031 678 31 20 M.

590 713 160 22 Yandenhertz
767 710 29 20 de
810 708 175 22 Baden-Baden,
1000 706 64 20 Alsa-

591 743 49 20 cien
648 739 96 25 émigré,
753 736 138 27 dépositaire
899 736 29 19 de
939 734 123 25 journaux.

591 770 18 21 Il
617 777 13 13 a
638 769 61 19 donc
706 766 42 20 fait
756 768 61 17 cette
824 769 113 16 annonce,
943 763 58 19 dans
1013 762 50 19 l’in-

590 797 60 21 térêt
662 795 30 20 de
704 800 41 14 son
761 798 136 16 commerce,
912 796 58 19 pour
978 789 86 20 avertir

590 826 34 19 les
640 822 126 21 nombreux
783 817 240 23 Alsaciens-Lorrains
1034 823 28 14 en

582 853 141 22 .Allemagne
732 848 67 25 qu’ils
807 847 133 25 pourraient
945 845 91 20 obtenir
1042 845 22 20 le

590 878 92 22 iournal
691 883 42 19 par
740 882 42 14 son
791 874 178 21 intermédiaire.

616 907 30 20 Le
659 904 119 27 président
792 903 42 20 fait
841 903 57 20 tirer
911 901 41 21 des
962 901 102 20 dossiers

591 942 45 14 une
643 934 70 20 lettre
721 932 31 20 du
760 932 83 24 gérant
851 931 29 20 de
888 931 21 19 la
924 935 11 12 «
941 929 103 20 Zukunft
1053 937 10 11 »

591 965 13 18 à
615 962 31 21 M.
655 959 169 22 Yandenhertz.
833 959 50 20 Elle
891 958 53 20 date
952 957 31 20 du
991 962 28 20 24
1025 963 40 14 no-

591 990 93 21 vembre
693 988 59 25 1925.
761 987 18 21 Il
788 994 15 18 y
811 990 35 17 est
857 987 129 25 justement
999 991 66 19 ques-

590 1019 49 20 tion
648 1017 29 20 de
686 1022 39 14 ces
733 1021 125 14 annonces.
869 1015 31 19 Le
908 1014 82 24 gérant
1002 1013 29 20 de
1042 1013 22 20 la

592 1044 135 22 «Zukunft»
736 1043 59 20 tient
803 1049 13 13 a
824 1042 87 21 avertir
918 1048 42 14 son
975 1041 90 24 déposi-

591 1074 64 23 taire,
669 1072 58 25 qu’il
741 1077 14 14 a
769 1071 97 20 commis
880 1076 46 14 une
942 1075 80 14 erreur
1035 1075 28 14 en

591 1104 97 18 mettant
696 1105 54 15 sous
758 1099 23 20 le
794 1098 54 21 titre
864 1098 59 21 «Die
937 1097 127 24 Zukunft»,

591 1130 22 19 la
621 1133 133 19 remarque:
769 1132 87 19 organe
868 1132 59 19 pour
941 1125 125 26 l’indépen-

591 1157 81 20 dance.
688 1155 95 23 Sachez,
792 1154 73 21 dit-on
882 1154 58 20 dans
953 1153 23 20 la
989 1154 76 24 lettre,

591 1190 45 20 que
656 1190 59 14 nous
736 1182 143 21 demandons
901 1186 11 11 «
918 1181 148 21 l’autonomie

591 1213 56 19 dans
654 1212 23 20 le
686 1211 67 20 cadre
762 1211 29 19 de
798 1210 23 20 la
830 1210 88 20 France
924 1209 53 21 ».Le
985 1210 82 24 gérant

591 1240 49 25 prie
648 1239 91 23 ensuite
746 1239 22 20 le
781 1238 140 25 dépositaire
929 1238 73 20 d’être
1015 1237 51 25 plus

591 1267 101 26 prudent
700 1267 58 20 dans
766 1272 39 15 ces
814 1272 125 17 annonces,
945 1269 122 20 car,autre-

591 1299 73 20 ment,
670 1295 23 20 la
703 1303 10 11 «
719 1294 102 21 Zukunft
827 1302 11 12 »
853 1294 104 25 pourrait
969 1294 97 20 s’attirer

591 1324 40 20 des
640 1323 133 25 poursuites
782 1326 23 17 et
812 1322 107 26 pourrait
926 1328 26 14 se
965 1321 59 21 faire
1036 1322 31 20 ci-

591 1355 35 17 ter
634 1358 60 18 pour
709 1359 10 11 «
726 1351 70 20 haute
810 1350 104 20 trahison
924 1356 10 11 »
948 1350 85 20 devant
1044 1350 22 20 la

589 1380 93 24 justice.

614 1407 133 20 Président:
752 1406 121 20 Comment
879 1405 187 25 expliquez-vous

591 1435 48 20 cela
647 1434 13 21 ?

617 1461 84 22 Schall
704 1468 9 13 :
720 1461 29 20 Je
757 1461 113 20 remercie
877 1461 47 20 très
933 1460 135 21 chaleureu-

591 1493 90 19 sement
688 1489 54 21 M.le
750 1489 123 20 Président
881 1488 88 20 d’avoir
977 1488 43 20 fait
1025 1489 43 20 lire

592 1522 60 18 cette
665 1518 77 20 lettre.
756 1516 50 21 Elle
820 1522 89 20 prouve
920 1522 47 14 une
981 1516 46 21 fois
1039 1517 29 20 de

592 1547 51 26 plus
651 1552 47 19 que
706 1549 66 16 notre
781 1547 148 18 mouvement
940 1544 85 20 n’avait
1034 1545 35 24 ja-

592 1575 58 21 mais
665 1573 132 21 l’intention
812 1573 28 19 de
854 1578 25 14 se
893 1573 93 24 séparer
1002 1573 29 20 de
1046 1573 22 20 la

593 1604 95 20 France.
698 1600 127 24 Toutefois,
833 1600 107 25 j’admets
951 1606 46 20 que
1011 1601 57 20 Van-

592 1631 111 21 denhertz
711 1629 89 21 voulait
808 1628 107 25 spéculer
923 1634 29 14 en
960 1628 109 25 profitant

593 1660 29 20 du
628 1657 254 23 mécontentementdes
888 1657 119 21 Alsaciens
1012 1658 56 20 dans

593 1689 22 20 le
623 1687 139 25 Reich,pour
771 1686 33 20 les
811 1692 16 19 y
835 1686 94 20 exciter.
936 1685 58 21 Mais
1001 1692 66 17 nous,

594 1722 58 15 nous
661 1722 30 14 ne
699 1720 101 16 sommes
808 1720 41 19 pas
864 1714 164 25 responsables
1040 1714 29 20 de

594 1751 37 15 ces
639 1748 72 20 actes,
721 1747 23 17 et
751 1744 23 19 la
783 1743 67 21 lettre
856 1749 89 19 prouve
951 1746 68 17 notre
1023 1743 46 25 loy-

1095 166 60 18 auté.

1118 191 33 19 M.
1169 191 111 23 Mazoyer
1285 197 8 13 :
1310 186 117 25 Pourquoi
1444 186 121 24 parle-t-on

1094 218 28 19 de
1129 217 87 19 «haute
1224 217 102 20 trahison
1332 220 11 11 »
1350 214 58 19 dans
1416 217 60 16 cette
1483 211 82 21 lettre?

1118 244 62 20 Vous
1197 243 79 21 deviez
1293 242 65 21 avoir
1374 247 41 13 vos
1432 245 81 15 causes
1536 239 28 19 de

1091 270 99 25 prendre
1198 276 39 13 ces
1245 269 155 25 précautions.

1114 298 40 19 Me
1161 297 98 23 Jaeglé:
1263 298 36 19 On
1308 297 34 19 les
1350 301 13 13 a
1372 294 98 19 traduits
1478 294 86 18 devant

1091 325 22 18 la
1119 324 89 24 justice
1217 329 54 15 sans
1280 324 56 20 cela.

1114 351 39 20 Me
1161 350 71 20 Peter
1248 349 123 22 intervient
1385 355 59 18 pour
1457 347 107 25 rappeler

1091 384 45 18 que
1150 383 39 14 ses
1206 377 89 24 clients,
1305 376 85 21 KohJer
1399 379 22 16 et
1436 375 126 21 BaumanD,

1090 405 65 19 n’ont
1162 404 144 21 absolument
1315 403 48 20 rien
1370 403 13 19 à
1388 403 59 19 faire
1453 402 58 19 dans
1519 405 45 16 cet-

1089 435 24 16 te
1118 431 91 20 affaire.

1115 458 85 21 Schall
1204 465 9 13 :
1221 457 34 20 En
1263 463 89 16 somme
1361 457 16 19 il
1386 463 15 18 y
1410 463 12 12 a
1431 456 60 20 deux
1499 459 64 16 auto-

1090 486 100 20 nomies:
1198 485 144 22 l’autonomie
1349 484 112 24 complète
1468 488 22 15 et
1498 484 65 19 abso-

1089 514 39 19 lue
1135 517 24 17 et
1166 513 59 19 celle
1233 514 39 22 qui
1280 520 25 14 se
1313 515 110 16 contente
1431 511 54 20 d'un
1494 511 69 20 cadre

1089 542 53 19 d’un
1151 540 74 26 grand
1235 539 59 22 Etat.
1303 539 64 21 Nous
1379 539 75 20 étions
1467 539 58 19 dans
1537 545 26 14 ce

1089 569 93 20 dernier
1189 573 48 17 cas,
1247 572 22 15 et
1277 569 20 20 si
1303 566 41 26 j’ai
1353 566 99 20 défendu
1461 570 62 16 cette
1529 572 34 14 se-

1089 597 74 20 conde
1171 608 4 3 •
1188 596 139 22 autonomie,
1352 594 85 23 c'était,
1451 601 46 13 non
1521 601 42 18 par

1089 624 111 24 tactique,
1219 623 58 19 mais
1293 628 68 19 parce
1377 622 86 24 qu’une
1476 622 87 24 grande

1089 652 74 25 partie
1171 651 29 19 de
1212 653 65 17 notre
1285 650 95 20 histoire
1389 656 59 13 nous
1461 650 102 20 rattache

1088 680 14 20 à
1109 680 23 19 la
1142 679 97 20 France.
1249 677 62 20 Nous
1320 677 76 20 étions
1405 677 104 24 toujours
1517 677 47 25 loy-

1088 714 45 13 aux
1141 709 23 17 et
1172 712 60 14 nous
1240 709 83 16 tenons
1331 705 146 20 absolument
1484 711 29 13 au
1528 711 35 13 ca-

1089 735 48 20 dre.
1144 733 97 25 Quanta
1248 736 58 16 cette
1315 739 113 17 annonce,
1432 732 25 24 je
1465 739 29 13 ne
1502 738 61 14 com-

1089 762 86 25 prends
1184 767 43 19 pas
1235 760 113 25 pourquoi
1358 766 29 14 on
1397 766 27 14 en
1440 760 60 20 fasse
1513 763 50 17 tant

1089 790 29 20 de
1133 788 133 23 difficultés,
1284 795 29 12 vu
1332 787 81 25 qu’elle
1428 788 80 20 n’était
1522 794 40 18 pas

1089 818 55 20 faite
1152 823 43 18 par
1203 822 67 14 nous.

1114 845 31 21 Le
1153 844 119 25 président
1279 843 81 21 insiste
1369 844 134 25 cependant.

1115 873 30 20 La
1164 872 100 21 Défense
1281 872 127 20 intervient
1424 876 23 16 et
1459 879 30 13 ne
1503 879 60 14 com-

1090 901 73 26 prend
1171 907 42 19 pas
1226 906 44 18 que
1278 900 22 20 le
1308 900 118 25 président
1435 900 82 21 insiste
1524 901 40 20 tel-

1090 931 87 19 lement
1185 934 41 14 sur
1234 935 26 14 ce
1268 928 40 20 fait
1317 932 23 16 et
1348 928 97 20 cherche
1453 929 13 19 à
1475 929 89 21 donner

1091 966 11 11 «
1108 963 46 14 une
1160 957 176 25 interprétation
1342 956 77 20 fausse
1424 965 12 11 »
1442 957 13 19 à
1461 957 21 19 la
1487 957 75 21 lettre.

1091 985 42 21 «Sx
1149 985 78 20 c’était
1243 985 22 20 le
1282 984 127 21 Procureur
1427 984 99 21 Général
1539 986 25 24 je

1091 1013 106 26 pourrais
1206 1019 85 14 encore
1298 1013 150 25 comprendre
1457 1013 60 24 »,dit
1528 1014 36 20 Me

1091 1042 112 21 Berthon.

1114 1070 32 21 M.
1157 1069 92 21 Fachot
1255 1076 9 14 :
1280 1068 26 21 Je
1322 1069 70 25 garde
1408 1070 21 20 le
1444 1070 87 20 silence
1543 1071 22 20 le

1091 1099 53 24 plus
1157 1098 82 20 absolu
1254 1104 58 19 pour
1325 1104 30 14 ne
1364 1104 41 16 pas
1418 1098 103 21 retarder
1532 1099 33 21 les

1091 1127 87 20 débats.

1115 1156 116 24 Défense-:
1239 1154 62 20 Nous
1309 1154 23 20 le
1340 1158 137 21 regrettons.

1115 1183 35 20 M.
1160 1182 92 21 Fachot
1259 1188 25 14 se
1292 1183 51 19 lève
1349 1190 6 12 :
1364 1183 28 20 Je
1407 1189 29 14 ne
1449 1184 117 24 produirai

1092 1220 11 11 «
1109 1218 77 14 aucun
1196 1211 125 20 document
1329 1211 153 21 sensationnel
1489 1217 12 11 »
1511 1212 56 21 dont

1092 1246 29 14 on
1130 1239 65 26 parle
1204 1242 57 17 tant.
1276 1238 29 21 Je
1313 1245 37 14 me
1364 1240 141 20 contenterai
1519 1244 48 17 tout

1092 1267 148 26 simplement
1245 1268 30 19 du
1281 1267 88 20 dossier
1374 1271 22 17 et
1400 1267 28 21 de
1433 1268 134 21 documents

1092 1296 40 26 qui
1141 1299 114 22 pourront
1263 1296 49 20 être
1321 1296 44 19 mis
1373 1296 12 19 à
1395 1296 22 20 la
1431 1296 137 25 disposition

1093 1324 58 21 delà
1165 1323 108 25 défense;
1286 1324 24 24 je
1324 1324 89 20 baserai
1428 1328 141 18 notamment

1093 1358 53 14 mon
1156 1352 134 20 accusation
1300 1358 41 14 sur
1354 1352 22 19 la
1385 1352 130 25 déposition
1528 1354 41 20 des

1092 1380 99 20 témoins
1205 1381 14 18 à
1232 1379 91 25 charge.
1340 1379 30 20 Le
1379 1379 55 25 jury
1450 1386 29 14 en
1488 1382 82 24 appré-

1093 1408 71 19 ciera.

1118 1435 40 20 Me
1173 1435 103 21 Berthon
1283 1443 9 13 :
1307 1436 64 20 Nous
1392 1436 95 20 aurions
1508 1437 61 20 aimé

1094 1470 46 18 que
1147 1463 31 20 M.
1187 1463 24 21 le
1220 1464 128 20 Procureur
1356 1463 62 21 fasse
1426 1464 58 21 dans
1497 1465 73 21 l’inté-

1094 1492 35 20 rêt
1144 1491 30 20 de
1190 1495 61 17 cette
1267 1491 87 23 affaire,
1372 1498 33 14 un
1419 1492 68 21 effort
1498 1493 41 21 dès
1547 1493 21 21 la

1094 1519 115 25 première
1217 1520 87 20 minute
1312 1526 58 19 pour
1378 1520 51 20 dire
1435 1527 6 13 :
1451 1520 77 21 «Voici
1535 1521 34 21 les

1094 1547 107 25 charges,
1216 1548 58 20 voici
1284 1554 26 14 ce
1318 1554 46 19 que
1375 1547 24 27 je
1407 1549 112 24 reproche
1526 1556 44 14 aux

1094 1576 96 20 accusés
1198 1583 20 12 ».
1228 1576 30 20 Le
1270 1576 66 20 débat
1345 1582 30 14 en
1383 1577 75 19 aurait
1469 1578 84 24 gagné.

1118 1603 34 20 M.
1162 1603 103 21 Fachot:
1272 1604 132 20 Attendons
1415 1604 36 21 les
1463 1605 106 25 témoins,

1095 1638 60 14 nous
1168 1632 97 20 n’avons
1278 1638 40 19 pas
1332 1638 84 15 encore
1428 1635 142 19 commencé.

1118 1660 39 20 Me
1164 1660 104 21 Berthon
1274 1668 6 13 :
1289 1661 35 20 Ah
1330 1661 7 19 !
1346 1661 64 20 Nous
1423 1660 99 22 n’avons
1530 1669 41 18 pas

1095 1694 85 14 encore
1186 1690 134 19 commencé
1327 1688 111 22 l’affaire?
1449 1689 123 27 (Hilarité.)

1118 1716 34 20 M.
1160 1716 84 21 Schall
1248 1724 7 13 :
1264 1717 73 24 Après
1341 1717 66 20 avoir
1414 1718 89 20 rectifié
1511 1719 61 24 quel-

1096 1750 56 19 ques
1160 1745 79 24 points
1254 1746 139 24 importants
1407 1746 29 20 de
1443 1746 22 20 la
1481 1747 92 20 traduc-

1593 156 52 20 tion
1654 157 28 18 de
1690 156 149 25 l’interprète,
1848 154 16 19 il
1873 154 105 24 explique
1986 159 29 13 au
2024 151 49 25 pré-

1591 183 79 19 sident
1679 184 115 25 pourquoi
1799 181 123 23 M.Matter,
1931 181 22 19 le
1961 181 89 24 gérant,
2059 185 13 13 a

1596 210 52 24 prié
1663 217 44 13 son
1725 210 141 26 dépositaire
1885 215 13 12 a
1917 208 61 20 Bade
2003 207 69 19 d’être

1591 237 57 23 plus
1655 238 99 23 prudent
1761 244 57 14 avec
1827 242 37 14 ses
1873 242 109 13 anonces.
1993 234 18 20 Il
2027 233 44 21 dit:

1617 267 46 23 Dès
1670 266 22 19 la
1699 266 113 25 première
1820 265 78 20 heure,
1915 269 58 14 nous
1988 262 83 19 avions

1590 304 46 13 une
1641 302 57 19 peur
1703 295 83 20 fondée
1791 296 24 17 et
1819 290 148 25 légitime,car
1973 288 98 22 certains

1589 324 113 20 chauvins
1714 329 27 13 ne
1749 319 142 26 craignaient
1904 323 75 14 aucun
1989 321 80 19 moyen

1590 357 57 18 pour
1655 357 60 13 nous
1722 345 193 24 combattre.L’un
1922 345 67 19 d’eux
1996 342 74 21 aurait

1589 378 53 20 bien
1650 384 31 18 pu
1689 378 117 22 découper
1813 375 22 20 la
1844 373 47 19 dite
1898 377 172 18 annonce,pour

1588 406 22 19 la
1626 410 78 19 porter
1718 411 29 13 au
1762 404 129 19 Procureur
1908 403 24 17 et
1946 398 124 20 demander

1588 433 41 19 des
1638 432 142 24 poursuites.
1795 427 226 22 Malheureusement
2027 431 42 14 nos

1588 460 63 19 idées
1660 460 68 19 n’ont
1735 465 41 19 pas
1785 457 37 20 été
1830 455 141 20 combattues
1980 459 42 20 par
2029 453 40 21 des

1587 487 132 21 idées.maïs
1726 492 41 19 par
1772 488 53 17 tous
1831 484 33 19 les
1869 487 95 20 moyens
1970 480 40 26 qui
2017 484 52 16 sont

1588 515 14 19 à
1610 514 22 20 la
1639 514 136 25 disposition
1785 512 31 20 du
1825 511 206 20 Gouvernement.»

1614 541 31 20 Le
1661 541 119 25 président
1795 540 44 20 fait
1846 539 44 20 lire
1907 543 46 15 une
1968 535 101 22 seconde

1588 569 68 20 lettre
1676 569 29 20 du
1731 568 140 26 dépositaire
1887 564 80 22 badois
1992 563 77 20 disant

1588 597 56 24 qu’il
1653 601 35 16 est
1696 600 95 17 content
1799 596 41 20 des
1846 594 93 21 affaires
1948 596 22 16 et
1978 589 92 22 souhai-

1589 628 22 16 te
1620 631 47 18 que
1676 625 21 20 le
1706 627 147 17 mouvement
1868 621 93 22 marche
1974 619 42 20 «de
2023 618 46 19 vic-

1588 652 60 22 toire
1656 659 30 13 en
1696 652 118 20 victoire».

1612 679 122 20 Président
1738 686 7 13 :
1759 679 83 24 Quelle
1850 680 37 17 est
1894 679 60 17 cette
1959 672 110 22 victoire?

1613 706 94 21 Schall:
1726 706 61 21 C’est
1796 711 84 15 encore
1896 709 47 15 une
1956 702 68 20 lettre
2037 700 30 19 du

1589 735 118 23 président
1714 735 14 19 à
1745 734 125 20 M.Matter
1886 732 39 25 qui
1934 737 30 14 en
1981 734 87 16 somme

1588 769 30 13 ne
1627 768 35 14 me
1672 762 95 25 regarde
1776 768 49 19 pas.
1842 759 126 23 Toutefois,
1984 756 85 26 l’expli-

1588 790 74 20 cation
1678 797 28 13 en
1716 794 35 16 est
1765 790 53 20 bien
1830 788 91 24 simple.
1939 787 62 20 Dans
2017 786 51 20 l’ex-

1588 818 103 25 pression
1701 822 77 16 «votre
1787 817 110 20 victoire»
1907 816 96 19 l’auteur
2011 813 57 20 delà

1588 846 66 20 lettre
1663 846 88 20 voulait
1758 846 49 19 dire
1820 853 10 11 «
1837 845 21 20 la
1865 844 94 20 victoire
1966 843 30 19 de
2002 846 66 16 notre

1589 880 166 19 programme».

1614 902 32 20 Le
1660 902 120 20 Président
1795 901 43 21 fait
1854 901 43 20 lire
1914 899 91 21 ensuite
2021 904 46 15 une

1588 930 67 20 lettre
1664 930 52 20 d’un
1725 931 93 19 nommé
1827 930 77 19 Victor
1913 928 103 20 Alleroan
2029 927 39 19 da-

1588 962 50 17 tant
1645 959 29 19 de
1683 958 136 23 Dorimund,
1834 957 24 21 18
1868 956 125 21 novembre
2007 954 59 25 192V,

1589 987 113 23 adressée,
1713 986 87 21 celle-ci
1810 987 14 19 à
1833 986 56 20 Paul
1898 984 87 21 Schall.
2002 983 67 21 L’au-

1589 1019 51 16 teur
1648 1015 28 20 de
1682 1019 59 16 cette
1749 1015 67 20 lettre
1825 1013 111 21 demande
1942 1013 13 19 à
1959 1011 108 22 M.Schall

1590 1050 46 13 une
1643 1043 53 20 liste
1705 1049 59 19 pour
1779 1048 112 15 ramasser
1900 1042 29 19 de
1942 1042 96 23 l’argent
2044 1045 24 15 et

1590 1072 63 25 parle
1661 1072 29 20 de
1696 1072 110 20 réunions
1823 1070 128 21 encercles
1976 1069 91 21 d’amis,

1591 1100 55 25 qu’il
1653 1104 54 16 veut
1715 1099 58 21 faire
1781 1105 59 18 pour
1848 1099 23 19 la
1880 1097 148 26 propagande
2039 1095 29 21 de

1591 1128 22 20 la
1623 1132 11 12 «
1643 1127 128 21 Zukunft».

1616 1156 135 20 Président:
1772 1155 47 25 Qui
1834 1158 36 18 est
1883 1161 27 14 ce
1934 1159 134 19 correspon-

1592 1184 74 20 dant?

1617 1212 83 21 Schall
1704 1219 9 13 :
1721 1212 183 20 Permettez-moi
1914 1211 29 20 de
1952 1217 58 13 vous
2019 1210 49 20 dire

1594 1240 104 24 d’abord,
1724 1247 46 18 que
1787 1247 26 13 ce
1831 1240 58 20 n’est
1907 1245 41 20 pas
1964 1239 22 20 la
2004 1238 64 20 seule

1594 1269 67 20 lettre
1669 1269 29 20 de
1707 1275 26 14 ce
1741 1275 72 19 genre
1822 1275 45 18 que
1873 1268 33 25 jai
1916 1274 77 18 reçue.
2000 1266 68 21 Ordi-

1594 1298 130 19 nairement
1728 1297 25 25 je
1762 1298 39 24 n'y
1811 1296 124 25 répondais
1950 1302 50 18 pas,
2019 1298 22 17 et
2049 1295 19 20 si

1591 1326 26 25 je
1625 1325 40 20 l’ai
1675 1325 50 24 fait,
1732 1325 40 25 j’ai
1782 1325 51 25 prié
1842 1331 37 14 ces
1888 1331 59 19 gens
1963 1324 29 20 de
2009 1330 60 14 nous

1595 1354 85 20 laisser
1689 1360 30 13 en
1728 1359 69 18 repos
1813 1359 57 14 avec
1887 1353 41 20 des
1946 1352 69 20 offres
2031 1358 39 19 pa-

1594 1381 89 20 reilles.

1619 1409 79 25 Quant
1706 1409 14 19 à
1736 1408 79 20 Victor
1831 1408 114 24 Alleman,
1960 1408 25 24 je
2002 1413 30 14 ne
2047 1407 22 20 le

1596 1436 95 22 connais
1702 1443 41 18 pas
1760 1436 219 26 personnellement.
1997 1435 33 24 Si,
2043 1435 26 24 je

1595 1472 30 14 ne
1634 1471 37 14 me
1679 1468 100 21 trompe.
1790 1465 19 20 Il
1818 1464 97 20 habitait
1931 1470 32 14 un
1981 1464 88 20 certain

1595 1496 103 18 moment
1706 1493 13 19 à
1728 1492 195 26 Stiring-Wendel
1930 1492 140 20 etétaitsou-

1596 1525 112 17 ventsans
1717 1521 113 20 travail.II
1838 1527 25 14 se
1872 1524 54 22 peut
1934 1521 69 25 qu’en
2009 1526 61 14 nous

1594 1549 151 21 faisantcette
1752 1548 65 25 offre,
1824 1549 16 20 il
1849 1549 103 25 espérait
1959 1548 60 20 faire
2024 1554 46 14 une

1596 1578 78 21 bonne
1690 1578 71 25 petite
1777 1577 87 21 affaire.
1883 1577 65 21 Nous
1964 1576 107 21 connais-

1596 1612 55 15 sons
1666 1609 51 17 tant
1732 1606 28 20 de
1777 1612 39 14 cas
1833 1606 132 25 analogues.
1975 1605 33 21 En
2017 1608 52 17 tous

1596 1640 46 18 cas,
1661 1634 25 25 je
1694 1640 30 14 ne
1737 1634 32 20 lui
1784 1634 23 20 ai
1817 1640 41 19 pas
1874 1634 88 25 envoyé
1980 1634 22 20 la
2017 1634 53 20 liste

1597 1662 133 24 demandée,
1744 1666 23 16 et
1773 1662 52 25 si-je
1831 1662 33 20 lui
1873 1662 65 20 avais
1956 1662 113 24 répondu,

1595 1691 24 24 je
1637 1691 31 20 lui
1678 1691 77 20 aurais
1771 1691 43 24 dit;
1832 1691 140 20 carrément:
1992 1689 78 21 «Cher

1598 1719 124 24 Monsieur,
1731 1725 29 14 ne
1768 1725 59 15 vous
1842 1726 30 14 en
1880 1725 99 19 occupez
1987 1722 56 21 pas»

1622 1747 39 21 Me
1669 1747 108 21 Fourrier
1782 1754 9 14 :
1799 1747 65 21 C’est
1871 1747 22 20 le
1902 1747 109 24 complot.

2122 151 45 16 bur
2175 154 33 17 ce,
2214 152 23 16 la
2242 151 83 17 séance
2333 151 36 16 est
2375 155 114 22 renvoyéà
2494 159 26 21 2h
2539 167 10 11 c

2521 174 34 14 ***)i

2098 194 36 21 La
2145 193 91 24 séance
2245 195 31 22 de
2284 195 125 22 vendredi
2419 201 138 36 après-m^

2124 233 29 20 La
2162 235 85 20 séance
2264 239 35 16 est
2316 235 91 24 reprise
2423 238 13 20 à
2445 241 40 21 2h.
2499 247 24 20 25

2098 261 144 24 l’ouverture,
2249 263 21 20 le
2278 263 119 24 président
2405 265 108 28 demande
2541 255 16 20 ^

2094 288 64 24 jurés
2175 290 51 20 s’ils
2235 291 96 19 veulent
2339 290 58 21 faire
2411 293 21 20 la
2451 300 10 10 «
2468 285 90 38 semai11*

2096 316 120 24 anglaise»
2235 322 23 16 et
2278 325 30 13 ne
2331 325 42 17 pas
2389 319 75 26 siéger
2479 313 80 39 same!?

2096 344 138 23 après-midi.
2245 346 30 20 Le
2287 346 55 25 jury
2359 350 36 16 est
2411 349 28 20 de
2454 351 63 25 l’avis
2531 362 12 17 à

2096 371 126 23 président.
2232 373 103 25 Ensuite,
2350 374 37 20 Me
2395 375 79 24 Feillet
2482 381 54 25 dénQ
2544 371 11 14 U

2095 398 57 20 deux
2166 401 121 24 requêtes:
2305 402 72 24 l'une,
2393 403 136 30 demandant
2536 396 20 36 T

2095 427 136 23 permission
2249 435 44 18 que
2307 430 34 20 les
2353 432 95 19 accusés
2464 437 73 24 puisse
2545 426 9 13 *

2095 455 98 20 receroir
2201 457 86 20 durant
2295 457 21 20 la
2323 458 100 24 journée
2437 461 28 20 de
2478 470 77 21 sarned*

2094 482 130 24 après-midi
2233 488 24 16 et
2263 484 122 21 dimanche
2393 486 63 22 leurs
2460 489 82 29 famille
2550 482 6 13 *

2094 509 22 20 la
2124 510 106 24 seconde,
2244 518 44 19 que
2302 516 53 17 tous
2363 513 35 20 les
2406 520 92 20 accusés
2505 507 52 38 pu;S’

2094 540 52 17 sent
2161 539 104 20 recevoir
2280 540 34 20 les
2333 547 116 18 journaux
2473 548 29 20 du
2518 534 41 40 s<?-

2094 571 53 15 sans
2156 567 104 19 contrôle
2267 574 85 14 aucun.
2362 568 28 20 Et
2398 570 36 21 Me
2443 572 78 25 Feillet
2535 583 12 17 d

2094 593 90 21 s’écrier
2190 600 6 13 :
2215 594 89 21 Durant
2312 599 64 16 toute
2392 597 23 20 la
2426 599 96 26 journée

2094 622 91 19 accusés
2202 625 56 17 sont
2272 622 89 25 obligés
2377 625 130 27 d’entendre
2524 618 34 40 de**

2094 648 92 24 injures.
2196 650 42 23 Or,
2248 650 40 20 des
2305 651 60 20 amis
2379 653 109 25 viennent
2503 646 55 37 d'ei?

2094 681 68 19 voyer
2170 678 12 18 à
2192 677 32 21 M.
2234 678 89 20 Ricklin
2332 682 23 16 et
2364 679 73 23 Rossé
2445 684 39 22 des
2488 679 69 32 fleurs'

2095 703 30 20 Ils
2134 710 28 13 ne
2170 704 35 21 les
2213 709 42 17 ont
2260 706 85 25 jamais
2354 714 90 19 reçues.

2120 730 30 21 Le
2165 733 121 23 président
2304 736 89 23 répond
2412 745 45 18 que
2477 742 21 21 la
2505 745 45 25 déci

2094 765 50 14 sion
2152 760 97 25 dépend,
2259 768 47 14 non
2314 763 41 20 des
2363 764 99 27 Assises,
2472 773 54 21 mais
2533 777 12 19 d
2551 763 8 4 '

2094 787 22 19 la
2128 787 113 22 direction
2250 790 56 20 delà
2312 791 89 24 prison.
2547 786 10 11 e

2118 815 125 25 Ensuite,le
2252 819 116 24 président
2376 821 44 20 fait
2424 822 42 22 lire
2473 832 42 16 une
2522 831 26 21 Ief

2093 847 34 17 tre
2136 844 27 20 de
2173 845 57 20 Paul
2244 846 76 21 Schall
2328 848 14 19 à
2357 848 82 23 Pinck.
2453 852 47 22 Elle
2511 846 46 33 daJ

2093 872 28 19 de
2130 872 56 26 1827.
2209 873 34 21 En
2252 876 51 22 tête,
2322 876 44 20 elle
2374 882 65 20 porte
2454 880 22 20 la
2484 888 65 19 remar

2093 906 55 18 que:
2157 901 198 23 «Confidentielle.
2366 905 18 20 A
2393 905 99 24 détruire
2498 917 58 20 après

2093 928 92 22 lecture.
2195 934 12 11 »
2217 931 32 19 La
2257 931 68 20 lettre
2334 936 36 17 est
2381 937 71 18 tenue
2466 943 28 15 en
2505 945 52 15 stvn

2093 956 186 27 télégraphique:

2120 991 9 11 «
2139 985 102 22 Zukunft
2254 988 59 20 5.000
2330 995 29 14 au
2377 990 78 22 début.
2470 993 86 28 Janvier

2094 1013 62 24 1926:
2170 1014 75 21 26.000
2259 1022 29 14 au
2298 1022 104 16 moment
2414 1019 40 20 des
2462 1025 94 24 attaques

2094 1041 29 19 du
2134 1042 114 22 «Journal
2255 1044 102 21 d’Alsace
2366 1050 23 16 et
2397 1047 30 20 de
2436 1048 113 27 Lorraine»

2094 1069 66 21 Vient
2166 1070 22 20 le
2197 1077 148 16 mouvement
2358 1074 31 20 du
2404 1075 145 29 Heimatbund

2094 1097 18 20 Il
2120 1104 15 18 y
2142 1104 12 13 a
2163 1105 31 13 un
2204 1100 161 26 changement,
2375 1109 42 18 par
2433 1105 59 21 suite
2498 1109 27 20 de
2539 1101 19 32 là

2094 1127 156 21 renonciation
2259 1129 27 20 de
2295 1133 59 17 cette
2360 1132 135 23 association
2501 1137 13 19 à
2519 1145 39 16 une

2094 1154 108 26 politique
2217 1157 84 21 active.
2316 1158 31 20 La
2365 1158 103 23 Zukunft
2476 1164 35 20 n’a
2523 1174 35 18 pas

2094 1184 35 19 été
2142 1184 126 21 consultée.
2277 1185 19 21 Il
2312 1193 15 18 y
2336 1190 40 16 eut
2388 1188 42 20 des
2444 1189 114 28 différends

2094 1215 63 17 entre
2164 1212 165 26 Heimatbund,
2340 1215 111 26 Zukunft,
2460 1218 98 26 L’Huma-

2093 1240 56 23 nité,
2161 1241 40 24 qui
2220 1243 66 19 mène
2306 1249 46 14 une
2373 1250 125 21 campagne
2513 1251 45 24 plus

2095 1268 137 25 vigoureuse
2247 1274 23 16 et
2286 1271 40 24 qui
2340 1271 43 21 fait
2399 1273 23 19 la
2434 1279 80 19 guerre
2521 1279 12 19 à
2540 1280 19 21 la

2094 1297 143 25 bourgeoisie
2245 1302 23 17 et
2275 1305 29 14 en
2313 1299 90 26 profite.
2414 1300 110 25 Viennent
2529 1307 29 23 les

2094 1326 124 20 sanctions.
2229 1326 32 20 La
2268 1332 11 11 «
2289 1327 181 22 Volksslimme»
2476 1336 33 16 est
2515 1333 44 23 fon-

2094 1354 49 21 dée.
2158 1355 30 19 Le
2204 1355 159 21 déchirement
2375 1357 31 19 du
2421 1364 138 21 mouvement

2094 1386 35 16 est
2135 1382 133 20 inévitable.
2278 1382 99 22 Suivent
2383 1384 36 20 les
2427 1385 132 28 dépositions

2095 1410 28 20 de
2135 1410 161 25 régionalisme
2304 1418 43 18 par
2354 1412 23 20 le
2382 1413 84 25 député
2474 1415 77 26 Walter

2095 1439 57 19 lutte
2164 1438 88 21 latente
2267 1443 66 17 entre
2342 1444 11 12 «
2360 1440 150 25 Volkstimme
2518 1451 10 12 »
2539 1453 19 16 et

2096 1473 11 11 «
2113 1466 100 21 Zukunft
2219 1475 19 12 ».
2252 1467 61 20 Mars
2322 1472 52 21 1927
2381 1476 6 12 :
2398 1470 100 22 création
2507 1475 25 20 de
2538 1477 18 20 la

2097 1502 9 10 «
2113 1495 118 20 Wahrheit
2239 1503 20 13 ».
2266 1495 86 21 Succès
2360 1497 101 25 énorme,
2468 1501 40 20 elle
2513 1509 43 18 pro-

2095 1523 39 21 fite
2141 1524 39 20 des
2188 1523 76 21 fautes
2272 1524 31 20 du
2311 1524 244 29 Heimatbund.(Fausse

2096 1553 97 25 loyauté,
2209 1559 100 19 manque
2317 1554 193 29 d’organisation).

2270 1613 141 26 (Cuntinua)

2096 1704 98 23 Aiacciu
2203 1716 30 5 —
2245 1704 134 30 Stamparia
2390 1705 25 21 di
2429 1706 23 22 A
2462 1707 89 29 Muvra,

2097 1749 14 14 u
2122 1741 232 23 Diretlore-Gerente
2362 1748 7 16 :
2382 1741 71 24 Pelru
2461 1743 92 26 PiOCCA

94 1875 172 49 Librarls
288 1871 40 47 di
341 1869 33 49 â
395 1865 169 51 MÜVKA

143 1958 121 25 ULTIME
275 1953 238 26 PÜBLICAZIONE

115 2013 96 19 Carlotti
217 2012 39 23 (3):
264 2020 23 4 —
293 2008 144 21 Manualettu
443 2007 24 18 di
471 2005 93 19 Parlata

159 2040 77 19 Corsa.
246 2040 16 18 A
269 2039 59 23 prima
335 2036 121 24 grammatica
467 2032 97 20 dialettale

158 2073 54 14 corsa
219 2067 98 24 publicata.
328 2066 86 18 Ctmtene
424 2068 12 14 e
445 2063 67 23 régulé
522 2062 21 18 di
552 2066 12 13 a

158 2097 73 22 parlata
238 2095 121 21 cismuniana,
366 2093 11 18 i
386 2092 39 19 vol.
433 2091 23 19 80
464 2096 20 18 p.
518 2089 14 19 3

116 2135 134 19 Codaccioni
258 2134 29 23 (G.
292 2134 30 23 P.)
327 2143 24 4 —
356 2132 112 19 Canzone.
477 2130 87 18 Raceolta

158 2164 20 18 di
186 2168 12 14 e
205 2163 33 23 più
245 2162 87 23 populare
344 2161 66 22 puesie
423 2160 20 18 di
449 2159 87 18 l’anfarte
544 2157 20 18 di

158 2192 103 22 Prcprianu
278 2189 78 23 (Satare,
373 2187 91 22 Lamenti,
479 2187 85 17 Canzone

159 2219 91 23 pulitiche
265 2218 61 22 ecc...)
346 2217 43 18 c’un
407 2215 80 19 introitu
507 2214 19 18 di
545 2212 19 19 U

160 2246 174 24 Sampetracciu.
350 2245 10 18 1
369 2244 39 18 vol.
422 2242 39 19 in-8
472 2243 20 17 di
502 2240 22 20 96
532 2245 33 18 pa-

160 2276 51 22 gine.
519 2269 13 18 5

115 2315 115 19 iviinïcale.
240 2323 20 4 —
268 2312 66 19 Musa
342 2312 112 18 d’Aitone.
463 2310 15 18 E
484 2309 34 23 più
526 2308 40 18 bel-

158 2344 20 17 le
184 2342 85 19 Canzone
276 2342 20 17 di
302 2346 14 13 u
322 2342 57 21 pueta
387 2338 109 20 d’Evisa.Di
504 2342 12 13 a
524 2335 42 20 Cul-

160 2371 69 18 lezione
243 2370 19 18 di
275 2368 88 24 VAnfarli
374 2366 54 20 corsi.
442 2367 10 17 1
461 2366 40 18 vol.
515 2364 21 18 di
543 2363 23 18 80

162 2400 76 22 pagine.
521 2392 14 17 ^

114 2438 85 20 L’Grsu
206 2438 129 19 d’Orezza—
340 2433 202 21 Primizie.Raceolta
546 2431 20 18 di

161 2472 11 13 e
179 2467 35 22 più
222 2466 50 18 belle
279 2465 66 22 puesie
352 2464 20 18 di
379 2462 88 19 l’anfarte
475 2462 19 17 di
503 2465 12 14 a
522 2460 44 18 Cas-

158 2495 98 23 xagniccia.
271 2494 21 18 Si
304 2493 15 18 A
329 2491 112 20 Cullezzione
451 2489 22 19 di
478 2486 89 25 VAnfarli

160 2523 54 18 corsi.
227 2523 10 17 1
245 2522 37 18 vol.
291 2522 21 17 di
319 2520 22 19 64
350 2526 19 17 p.
529 2521 14 13 3

118 2562 89 20 Matteu
220 2560 102 20 Cirnensi
339 2559 72 23 (Mattéi
425 2558 57 18 Torre
486 2566 25 4 —
516 2555 50 24 Que

163 2591 55 18 veut
234 2590 23 18 la
274 2588 80 19 Corse!
374 2586 58 19 Tutt’i
447 2585 56 23 punti
518 2584 21 17 di
555 2588 12 13 a

162 2620 14 9 4£
181 2618 97 21 Quistione
285 2616 71 18 corsa”.
364 2615 63 18 Difesa
435 2618 11 14 e
453 2611 113 20 illustrazio-

163 2650 25 14 ne
196 2646 19 18 di
223 2650 15 13 u
245 2644 101 19 Cursisreu.
355 2644 11 17 i
374 2642 39 18 vol.
422 2641 23 18 64
452 2646 20 17 p.
543 2648 23 4 —

95 2689 6 5 -
114 2686 65 18 Paclî
184 2686 25 17 di
211 2683 156 25 Taglio—Eisa
371 2686 14 14 e
388 2679 159 21 Pianti.Sunetti
550 2683 11 13 e

159 2713 67 18 Poesie
231 2712 51 18 varie
288 2712 43 17 c’un
337 2710 80 18 introitu
423 2709 20 17 di
448 2706 118 20 Maistrale

160 2740 91 22 (Guntene
264 2744 14 12 u
290 2739 92 17 Lamenta
393 2737 21 18 di
424 2741 14 13 u
450 2734 95 23 Càstagnu
555 2738 12 14 a

159 2773 14 13 u
181 2767 73 23 Corsa).
259 2767 11 17 1
278 2766 39 18 vol.
324 2765 40 19 in-8
372 2765 20 18 di
399 2764 35 18 112
441 2768 18 18 p.
521 2762 13 18 5
544 2771 23 4 —

116 2811 23 4 —
146 2801 64 19 Piori
216 2805 14 13 e
239 2800 72 22 Epine,
317 2799 68 18 Puesie
393 2797 50 19 varie
450 2798 43 17 e’un
501 2796 66 18 introi-

160 2831 21 16 tu
189 2830 21 17 di
216 2828 69 19 Petru
291 2827 82 18 Rocca.
386 2826 10 17 1
404 2825 39 18 vol.
454 2825 20 17 di
484 2823 24 19 86
515 2823 52 23 pagi-

160 2862 32 14 ne.
522 2864 12 5 *

117 2896 19 20 Ü
143 2895 170 24 Sampetracciu
321 2892 148 25 (GMannettu
474 2891 92 21 Notini.)

160 2924 66 19 Rime
235 2923 72 23 (Puesie
311 2922 60 21 varie,
378 2920 118 21 Strufulette,
506 2919 61 17 Punte

161 2953 20 17 di
188 2952 74 18 Minuta
270 2950 76 21 Grossu,
358 2949 90 21 Canzone,
459 2946 109 19 Induvinel-

160 2980 34 23 le).
211 2979 46 19 C’un
273 2978 80 18 introitu
363 2978 21 17 di
401 2976 70 19 Petru
483 2975 83 18 Rocca.

164 3009 10 16 1
183 3008 39 18 vol.
238 3007 19 17 di
267 3006 33 18 160
312 3006 74 23 pagine.
522 3002 13 17 3

118 3057 22 4 —
148 3047 12 19 I
168 3046 105 20 Successi
280 3046 23 18 di
309 3045 82 19 Natale
396 3044 110 18 Zuccone.
512 3042 57 18 Cum-

162 3075 62 18 media
232 3075 20 17 in
259 3074 12 17 4
278 3074 42 18 atti.
324 3074 28 18 Sa
356 3074 19 17 fà
382 3073 42 17 ride
430 3075 48 15 ancu
486 3075 11 13 e
505 3070 64 22 sporte

162 3108 11 13 e
179 3104 25 17 da
210 3103 24 18 dà
240 3107 37 13 una
284 3102 49 18 hella
340 3101 74 18 lezione
421 3104 12 14 a
440 3099 48 18 certi
495 3098 67 23 parent

160 3130 99 19 intusieati
269 3130 23 17 da
302 3127 143 24 Pimpiegheria.
455 3126 24 18 Di
486 3131 12 13 a
510 3124 59 20 Culle-

161 3159 52 17 zione
220 3158 22 18 di
248 3163 13 12 u
272 3157 64 18 Teatru
345 3156 20 18 di
372 3156 16 18 A.
396 3154 71 19 Muvra.
478 3154 11 18 i
498 3153 40 18 vol.
547 3152 21 20 di

161 3186 35 18 108
205 3186 72 22 pagine.
521 3180 14 18 6

116 3235 23 4 —
152 3225 22 19 A
186 3225 103 18 Pulitica,
308 3222 109 20 Cummedia
433 3222 21 17 in
468 3221 11 17 4
492 3220 43 18 atti.
552 3219 15 17 E

161 3252 106 23 spurchizie
277 3252 19 17 di
307 3256 12 13 a
328 3249 121 20 Puliticaccia
458 3248 110 22 d’impurta-

161 3282 55 17 zione
226 3284 60 14 messe
295 3284 13 13 a
318 3280 53 17 nudu
380 3283 12 13 e
402 3277 109 18 scurticate.
521 3276 24 17 Di
554 3279 13 13 a

163 3308 101 19 Cullezione
269 3306 20 19 di
293 3312 14 12 u
314 3306 66 19 Tealru
386 3305 20 19 di
410 3305 15 18 A
431 3304 72 18 Muvra.
510 3304 9 18 i
525 3303 40 18 vol.

163 3336 19 18 di
191 3336 22 18 96
223 3335 73 23 pagine.
521 3330 14 18 6

119 3383 112 19 Dumandate
239 3389 12 12 u
258 3383 62 18 listinu
328 3382 22 19 di
356 3383 59 17 nostre
420 3380 126 24 publicazione

213 3456 35 25 Per
263 3456 75 30 iscopre
356 3453 94 32 Smgenti,

174 3491 61 30 loque
253 3491 126 31 Sutterrauee,
395 3489 94 27 Minera!!.

163 3546 109 30 Frets
297 3547 205 33 Casanova

166 3588 141 25 Pievazm
323 3590 34 24 di
371 3590 124 25 Zicavu

128 3636 23 17 dà
158 3641 12 12 a
177 3637 145 17 ennuscimeniu
329 3638 20 17 di
358 3639 59 20 quelli
425 3638 30 18 chi
461 3638 18 18 ci
484 3643 52 17 ponn

148 3661 58 17 truvà
213 3666 15 13 u
235 3666 19 13 so
262 3662 101 21 intéressa,
371 3663 69 18 ch’ellu
447 3668 66 17 seopre

149 3686 93 21 surgenti,
247 3690 57 17 acque
312 3687 115 22 sutteranee,
434 3688 80 18 minière

212 3711 144 21 metallurgiche
363 3711 25 17 ed
395 3712 54 17 aitre.

130 3739 119 20 !nîa:libl!e
258 3751 24 4 —
292 3743 122 22 Pnuvate;e
422 3744 113 19 vidarete!

593 1856 12 8 JK
613 1854 13 8 -y-
639 1855 33 8 AV
682 1854 11 11 4»
726 1854 13 9 A
749 1854 12 6 **■
765 1853 20 18 jfc
891 1855 4 5 '
906 1853 15 13 A,
950 1854 15 8 A
997 1853 12 8 A

589 2020 35 54 H
640 2029 133 31 CRÈME
793 2041 40 19 os
850 2024 160 34 BEAUTÉ
1017 2012 47 67 JJ

589 2060 56 69 jjjjk
675 2078 74 20 REND
757 2078 35 20 LA
802 2076 74 22 PEAU

705 2219 105 45 Cyrnos
819 2236 22 10 “
847 2218 102 36 Palace

773 2277 110 48 Hôtel

707 2341 238 22 Mudemissimu
1040 2342 2 28 [

647 2430 106 27 Strumenti
764 2429 88 26 Musical!
864 2428 64 31 d’ogui
939 2428 71 26 Généré

637 2488 60 50 V.
726 2485 297 53 Muraccioie

620 2565 143 22 Prufessore
769 2566 24 21 di
807 2565 95 22 Musica
910 2570 14 16 e
935 2564 103 22 Viulinu

693 2609 59 21 9-19,
766 2605 41 20 Via
815 2604 65 21 Jules
890 2605 73 20 Cazot

757 2636 53 20 Alès
821 2634 81 27 (Gard)

647 2694 79 20 Viulini,
732 2693 114 22 Manduline,
851 2692 104 23 Urganetti,
960 2692 51 18 Fono

700 2726 64 22 Piano,
772 2726 64 23 Banjo,
844 2726 65 18 Jazz...
918 2730 38 14 ecc.

666 2774 85 23 Catalogu
757 2774 72 23 gratisi,
838 2773 60 24 sopr’a
906 2773 88 18 cuìnanda

667 2861 111 26 Contru
795 2869 17 18 a
825 2861 67 26 Vita
906 2860 54 27 Car
961 2861 31 25 a!

669 2909 102 34 GSIÎZE
788 2909 21 34 E
831 2908 164 35 GfiïiZETTE

689 2963 14 11 “
710 2958 96 24 Inusable
823 2958 50 23 Mai!
889 2957 63 27 fteier
957 2957 14 12 5'

775 2997 42 23 Filu
835 3004 51 24 puru

722 3050 111 31 Eleganza,
847 3049 92 24 Solidité

676 3107 68 31 Mma
771 3108 218 37 Fasqüaliîii

636 3156 40 26 El
685 3155 145 26 Arrondi*
845 3155 179 26 Custcmtina

760 3194 139 35 (Algeria)

640 3292 215 59 Stamparia
877 3291 39 47 di

799 3357 32 48 A
852 3356 169 49 MUVRA

647 3442 102 22 Lettere
757 3453 29 5 —
793 3442 105 21 Fattnre
910 3453 26 4 —
947 3442 75 21 Carte

641 3475 116 26 Bigiietti
776 3486 29 4 —
818 3474 200 22 Mémoranda—

640 3508 91 22 Affissi
741 3519 29 4 —
781 3507 73 22 Libri
868 3519 28 5 —
909 3507 117 22 G-iurnali

746 3547 73 16 ecc...
834 3546 74 17 ecc...

613 3611 95 30 Près
709 3613 40 26 tu
766 3610 94 30 fallu

763 3664 22 20 e
803 3664 25 20 a
845 3655 77 29 bon
940 3657 107 33 patlu

610 3715 208 22 Cnnsnltateei
825 3721 16 15 e
856 3716 72 20 cLirm
929 3717 118 20 andate-

717 3745 13 20 i
737 3746 98 20 nostri
841 3746 96 24 prezzi

1246 1885 158 39 MODE

1207 1995 243 73 Santa

1166 2135 33 17 22
1216 2127 59 26 Cor
1274 2135 32 18 su
1318 2127 168 34 Napulione

1258 2179 142 30 Ajacciu

1174 2329 84 25 Grande
1273 2330 85 24 Fabrica
1373 2330 21 23 di
1406 2330 71 24 Mobiii

1121 2401 161 27 MARTINU
1312 2402 217 26 BERNARDINI

1165 2440 40 19 San
1216 2441 56 19 Pelru
1282 2442 20 18 di
1316 2442 69 18 Venacu
1396 2442 89 24 (Corsiea)

1162 2509 84 18 Generi
1254 2510 102 23 semplici
1365 2514 13 14 e
1384 2510 25 19 di
1416 2510 73 19 Lussu

1264 2572 60 23 Legni
1334 2573 55 17 scelti

1189 2604 62 24 •Noce,
1262 2605 99 23 Castagnu,
1373 2606 83 19 Larieeiu

1105 2663 116 23 Aperture
1232 2668 13 15 e
1252 2665 54 19 altri
1313 2665 75 19 lavori
1396 2670 42 19 per
1445 2666 102 18 fabriche

1231 2699 74 23 sopr’a
1313 2699 112 18 cumanda

1157 2759 66 15 Prezzi
1230 2760 66 15 ridutti
1303 2763 35 15 per
1345 2764 42 11 case
1397 2761 101 15 cumercali

1217 2788 79 15 Facilità
1304 2788 21 14 di
1335 2790 105 17 pagamenti

1180 2916 98 22 Andate
1289 2922 14 15 a
1313 2918 98 21 vestevi
1424 2918 65 22 duve

1240 2961 41 25 DI
1299 2961 25 24 F
1325 2962 100 25 ABIC

1208 3011 26 15 12
1249 3006 70 21 Corsu
1331 3007 129 25 Napulione

1156 3045 32 19 Pè
1196 3051 18 13 u
1225 3046 97 23 “chic”,
1334 3052 13 14 e
1358 3047 149 25 Stoîefscelte,

1197 3080 10 18 ï
1218 3080 76 23 prezzi
1304 3082 164 23 raggiunevuli.

1161 3214 86 26 Fabrica
1264 3215 107 26 cPRrticuü
1389 3218 122 24 Orezzinchi

1166 3276 36 30 o
1227 3278 37 29 F-
1286 3278 211 32 PÏAZZOL!

1129 3321 48 19 Valle
1184 3322 94 24 d'Orezza,
1284 3330 35 17 per
1326 3326 106 19 Piedicroce
1440 3326 88 23 (Corsiea)

1171 3380 47 23 Pipe
1225 3383 21 16 di
1252 3382 60 23 lussu,
1322 3383 68 23 Califfi,
1397 3384 90 18 Buechini

1210 3409 58 23 Scopa
1276 3411 20 18 di
1302 3412 61 22 prima
1371 3413 71 21 qualité

1148 3457 99 24 Calamari,
1257 3460 56 19 Porta
1320 3467 66 17 penna,
1396 3462 63 22 Taglia
1466 3463 52 17 earta

1197 3514 110 25 Ar-ticnli
1318 3518 28 22 di
1357 3518 95 22 Tavula

1106 3562 98 19 Cvcchiare
1214 3569 10 12 e
1232 3565 75 20 Fureine
1317 3567 123 23 —Ovaghioli
1443 3577 24 4 —
1470 3568 78 18 Zucche-

1117 3590 50 18 riere
1205 3591 86 26 Chiarchj
1297 3600 13 13 a
1319 3595 216 23 tuvaglioli—Salinere.

1146 3644 142 21 Assurtimentu
1298 3648 21 17 di
1327 3648 72 17 scatule
1406 3648 102 19 sculturate

1105 3681 34 17 per
1147 3677 84 23 fcabaceu,
1241 3681 75 20 polvera
1327 3681 20 17 di
1360 3681 62 22 risn,._
1437 3686 53 14 ecc...
1498 3686 47 14 ecc..

1130 3739 58 15 Lavon
1196 3745 48 14 sopra
1251 3745 78 14 cumanda
1337 3745 19 13 in
1363 3748 51 14 scopa,
1420 3745 52 17 bustu,
1479 3746 44 14 olivu

1970 1882 80 26 avoir
2067 1882 126 34 toujours
2212 1882 51 26 des
2278 1882 134 35 produits
2429 1883 116 28 alimen-

1970 1924 89 27 taires
2081 1926 57 24 très
2156 1924 92 35 frais,
2276 1925 36 25 de
2335 1927 63 24 tout
2421 1927 124 33 premier

1607 1970 95 32 choix,
1718 1973 28 23 et
1760 1971 70 25 bien
1850 1970 132 26 meilleur
1998 1969 118 27 marché
2131 1978 54 27 que
2202 1972 117 33 partout
2336 1970 167 27 ailleurs?...

1990 2033 95 37 Faites
2110 2045 51 26 vos
2185 2034 103 36 achats
2313 2034 19 37 â
2356 2035 29 36 la

1686 2101 151 49 Grande
1864 2101 170 61 Epicerie
2064 2100 149 50 COSTA
2241 2102 63 48 ET
2331 2101 144 49 MGE!

1870 2176 191 26 Boulevard
2077 2177 59 25 Roi
2152 2177 132 26 Jérome

1643 2280 93 25 Vous
1753 2280 177 26 réaliserez
1947 2281 75 26 ainsi
2039 2281 110 35 chaque
2164 2282 74 26 mois
2256 2290 66 18 une
2340 2282 170 26 économie
2538 2211 4 102 |

1819 2329 57 25 très
1894 2328 126 27 sensible
2038 2337 73 27 pour
2129 2332 78 24 votre
2228 2330 110 35 budget
2537 2314 4 77 |

1876 2422 190 26 Livraisons
2083 2424 21 24 à
2123 2423 160 27 domicile’

1778 2518 34 50 A
1834 2519 224 49 11BEÂ1IA
2079 2521 48 48 M
2149 2520 32 50 A
2200 2522 169 50 MBYRÂ

1671 2599 112 37 compta
1795 2601 11 25 ;

1590 2653 143 29 VECCHi
1749 2656 256 28 MANUSCRÏTTI
2022 2672 34 4 —
2073 2658 233 29 INCUNABULÏ
2325 2675 35 5 —
2374 2660 171 28 EDTZIONE

1684 2694 282 28 INTERESSANTE
1977 2710 36 6 —
2028 2696 166 28 VECCHJE
2208 2698 150 28 STAMPE
2371 2708 81 18 ecc...

1704 2752 60 31 Un
1782 2756 181 28 mancate
1981 2754 40 30 di
2037 2758 163 29 scswecl
2218 2759 128 34 prima
2364 2760 39 30 di

1919 2805 125 30 vende
2064 2806 49 30 ad
2136 2807 94 31 altri.

1693 2955 148 26 Àntichità
1858 2955 88 27 Corse

1602 3020 214 49 Fraiicgscu
1857 3022 182 48 PIETRI

1613 3086 24 26 8,
1649 3087 84 22 Corsu
1746 3086 132 23 Grandval
1890 3099 30 4 —
1934 3088 106 22 Aiacciu.

1602 3150 73 32 Cispre,
1698 3150 50 32 Stili,
1759 3151 78 33 Pistole,
1847 3152 109 33 FiancMne,
1964 3153 76 32 Stampe

1638 3189 58 26 Platti
1707 3195 11 19 e
1728 3190 59 25 Tazze
1798 3196 24 20 eu
1832 3191 9 25 i
1851 3191 88 31 proverbj
1952 3193 51 25 corsi

1688 3228 70 26 Zucche
1770 3234 25 20 en
1803 3230 71 30 sngetti
1884 3229 60 27 locali

1625 3393 387 101 Tomasi

1728 3555 205 64 Fôtôgrafu

1599 3663 249 61 Aiacciu-
1857 3669 185 61 Bastia

2168 2977 128 54 Casa
2332 2979 160 55 RICCI

2122 3070 42 34 38,
2194 3072 92 28 Corsu
2303 3071 209 38 Napulione,38

2194 3140 36 6 —
2252 3129 140 26 Aiacciu
2412 3143 35 6 —

2141 3189 163 29 RICORDI
2326 3188 176 31 AIACCINI

2123 3232 102 28 ART1CULI
2241 3235 112 27 RELIGIOSI
2377 3249 37 5 —
2435 3231 82 31 CÜROHE

2201 3370 86 24 L’Arte
2303 3372 129 28 Reügiosu

2140 3410 142 27 Damasu
2299 3409 192 28 Maestracci

2113 3452 81 21 Artista
2203 3454 191 23 scuItore,a!Iievu
2405 3453 22 20 di
2436 3459 13 13 a
2458 3448 57 24 scola

2130 3480 27 20 d’i
2166 3481 15 9 “
2190 3481 75 21 Beaux
2273 3483 52 20 Arts
2332 3482 12 9 ”
2351 3482 24 20 di
2383 3478 117 27 Marseglia

2158 3510 159 24 Occhiatana
2343 3511 129 27 (Corsieaj

2094 3556 64 20 Statue
2163 3559 88 23 reügiose
2257 3561 61 23 d’ogni
2324 3563 68 21 genere
2398 3562 12 14 e
2415 3555 117 20 dimensione.

2104 3583 34 18 Via
2145 3585 55 21 eruci,
2210 3587 83 20 cunsole,
2303 3584 99 20 battisteri,
2414 3577 112 24 monument

2110 3608 102 24 fumerarii,
2224 3611 21 18 in
2253 3612 94 22 ghiesgiu,
2355 3611 73 19 stueeu,
2440 3604 79 22 cimenta

2121 3636 76 21 armatu,
2207 3636 60 18 simili
2273 3638 60 21 petra,
2342 3636 76 18 cartone
2423 3634 84 18 rumanu;

2100 3658 88 20 st’ultima
2192 3661 80 18 materia
2281 3662 12 18 è
2298 3661 128 19 ricumandata
2429 3658 30 23 pè’
2462 3655 67 19 chiese.

2110 3702 114 19 Monument!
2230 3708 12 13 a
2247 3703 8 18 i
2259 3705 56 17 morti
2320 3704 22 17 di
2346 3707 74 19 guerra,
2426 3701 22 18 in
2451 3699 67 18 bronzn

2166 3732 12 13 0
2186 3732 100 18 marmarn,
2295 3729 61 22 sopr’a
2367 3726 95 20 cumanda.

2105 3768 63 15 Prezzi
2176 3769 97 15 muderatì.
2277 3771 78 14 Dzuaaadà
2361 3775 13 10 n
2379 3769 69 16 catalogu
2453 3761 70 22 geaera^-
