2556 3840
175 128 130 31 Tristu
332 128 148 31 Sonniu

38 219 77 29 Baconlü
124 215 63 24 vogliu

43 255 5 6 .
60 244 47 23 tutti,
117 246 35 18 pur
159 246 5 11 1
167 241 44 17 sent
215 242 27 19 lu,

39 268 85 27 Cioceh’i»
135 270 25 13 un
169 265 69 18 sonniu

39 295 57 26 ^gjjju
104 291 61 18 ’ntesu
176 294 11 13 c
193 290 61 17 vistu.

39 345 14 18 ^
60 342 35 16 u»a
105 335 37 18 lola
152 335 81 17 tamuntu

39 365 84 22 jlagnavu
131 359 50 18 tanli
189 358 84 23 parsoni,

41 391 55 20 lîranu
105 385 16 17 ci
124 389 32 13 rca
163 389 25 12 nu
190 384 56 17 vanta

41 418 21 17 ge
69 410 60 20 fucciu
138 409 24 17 bè
169 408 116 18 l’addizioni.

40 441 35 18 tjna
83 437 62 16 donna
154 433 116 22 presidiava;

40 462 75 22 Unn’era
129 459 61 17 brima
198 463 24 12 ne
231 458 76 21 biondu;

41 490 12 19 g
59 493 11 13 a
77 485 39 18 tola
124 488 33 13 era
165 483 74 18 bizzara
246 487 5 13 :

41 511 74 22 Unn'era
123 509 73 22 quadra
203 508 24 18 nè
236 508 63 18 tonda.

42 539 46 19 C’era
96 534 52 18 tultu
157 533 19 17 in
188 533 128 20 abbundanza,

41 564 76 21 Ognunu
125 563 34 13 era
166 557 85 18 cunlenti
258 562 6 16 ;

42 589 35 18 g,ia
87 588 43 13 vera
136 582 121 18 fratiddanza
272 585 4 4 '

43 610 61 23 gsistìa
112 608 20 18 in
140 608 71 22 quidda
218 607 57 22 jenli.

44 638 13 19 g
64 637 52 16 lussu
125 638 33 12 era
167 637 32 17 per
207 633 60 17 tultu.

43 664 48 18 Ancu
99 658 32 17 ’n'i
140 657 144 18 so’vislimenli.

43 690 14 17 A
64 687 17 17 la
88 682 37 19 fini
132 682 21 17 di
161 682 21 17 lu
190 683 54 21 pastu

45 712 17 20 Si
70 708 82 24 prisenta
160 712 38 12 una
205 706 75 18 zitedda

44 734 95 23 Sempl'c‘a
147 736 11 13 c
164 736 54 13 senza
227 732 51 17 fastu

44 763 13 19 g
64 759 57 20 baddu
129 757 86 17 com’una
223 757 76 20 stedda;

44 786 51 21 ïutta
103 782 20 18 di
132 786 47 13 neru
187 781 81 22 vistùla,

44 808 115 23 Itisimbrava
168 807 144 18 un’urfanedda.

46 832 86 24 g’avanzô
142 832 20 17 in
172 832 99 21 lîmiconu,

46 864 26 17 Gu
79 861 16 17 lu
105 857 86 18 so’fronti
201 857 69 20 calata,

47 885 64 21 yjcinu
119 887 11 12 a
138 882 21 18 lu
166 882 103 22 carrigonu

46 912 20 19 j)i
73 911 17 17 ja
97 908 63 18 donna
167 907 129 22 altapiazzala,

45 933 65 22 Mentri
117 933 108 22 ch’ognunu
234 932 50 17 dicia
291 936 5 13 :

29 971 7 10 i
42 960 61 20 Dunda
111 957 46 18 veni
164 958 30 17 sla
204 956 104 18 sfruiitata?
315 962 8 11 »

44 988 15 18 A
67 985 75 22 signora
151 982 103 19 Prisidenti

44 1015 19 18 Si
70 1012 54 18 vullò
133 1011 65 17 tult’in
206 1016 26 12 un
242 1011 66 21 trattu,

44 1040 13 17 E
65 1042 35 14 cun
108 1036 41 18 aria
157 1036 93 18 insuleuli

43 1065 25 18 Da
75 1063 19 17 fà
102 1062 57 17 trima
167 1062 21 17 lu
196 1062 74 22 piccatu
278 1066 5 12 :

43 1088 45 19 «Chi
96 1087 99 18 se’vinula
203 1092 11 13 a
222 1087 19 17 fà
250 1085 43 23 qui?

44 1114 46 22 Soga
98 1112 56 18 t’avia
163 1112 95 18 chiamatu
264 1112 9 17 ?
283 1117 8 11 »

29 1176 13 4 -
48 1164 68 22 Quissa
124 1169 26 13 un
158 1163 31 18 v’è
194 1163 36 18 mai
236 1163 90 17 accaduta

29 1190 137 20 Oichiamammi
173 1194 11 12 a
190 1193 12 13 u
207 1189 66 17 vostru
279 1188 46 20 lalu,
337 1182 6 22 I

43 1215 14 18 E
66 1216 21 17 sò
93 1216 24 16 da
125 1219 36 18 par
169 1218 30 13 me
206 1214 74 16 venuta
338 1208 5 32 j

42 1241 17 17 A
69 1240 49 18 veda
126 1239 17 17 si
152 1240 19 15 lu
181 1238 98 21 me’piattu

44 1266 36 17 Era
87 1261 62 20 missu
157 1268 11 12 a
176 1262 65 21 quista
250 1262 38 16 tola

46 1291 25 18 Bu
72 1288 31 18 v’è
111 1288 52 17 tuttu
171 1292 14 12 u
191 1287 68 17 vostru
265 1285 61 18 Statu.

49 1350 18 6 —
74 1340 29 17 Ma
112 1340 82 17 lamanta
202 1335 124 25 pratinzioni!

46 1367 20 18 Ti
71 1366 96 17 vol’metta
172 1364 37 17 ’n’u
215 1360 113 25 prugressu?

47 1390 102 20 Chiamatti
156 1394 11 13 a
175 1389 19 17 la
206 1387 111 19 cuddazioni

46 1418 20 18 ln
73 1415 67 19 mezz’a
148 1415 20 17 lu
177 1411 151 24 me’cungressu?

46 1443 27 18 Un
81 1440 72 19 vuristi
162 1439 59 18 micca
229 1438 43 18 rida
278 1437 9 18 ?

47 1467 34 19 Hai
88 1465 105 19 sulamenti
201 1464 79 17 riflessu
286 1462 10 18 ?

48 1528 21 5 —
75 1518 29 18 Un
112 1517 28 18 c:è
148 1516 77 18 vulintà
233 1515 19 18 di
262 1515 48 20 rida,

47 1544 34 19 Chi
89 1543 60 22 aghiu
156 1543 21 16 lu
185 1541 39 18 cori
232 1540 81 20 afflittu,

47 1569 14 18 E
69 1568 50 23 dipoi
128 1568 37 17 che
173 1566 84 21 riflettu,

47 1595 40 18 Una
94 1597 44 14 cosa
146 1592 59 23 aghiu
216 1591 64 22 capitu
287 1595 5 12 :

47 1620 23 18 Di
78 1619 35 18 me’
120 1618 77 18 unn’ete
205 1616 92 23 primura,

48 1643 78 23 Ch’aghj
138 1642 48 18 fami
193 1646 10 14 o
211 1641 97 23 appititlu.

48 1670 20 18 Si
76 1670 23 17 da
108 1670 29 17 vo’
149 1673 40 13 nun
197 1668 21 17 sò
226 1666 93 18 chiamata

47 1695 78 22 Quandu
132 1693 54 19 aveti
192 1691 106 24 puddastri,

48 1720 79 22 Quaudu
135 1719 30 18 vo’
173 1718 36 18 seti
218 1717 91 18 attaccata

48 1746 25 18 Mi
81 1745 68 18 mittiti
158 1744 74 22 appar’a
239 1742 33 19 l’ai
274 1742 32 21 tri,

48 1771 15 18 E
70 1776 40 13 nun
117 1770 35 18 feti
160 1769 106 18 diffarenza

48 1797 26 17 Da
82 1795 70 23 figlioli
160 1800 11 12 a
178 1793 90 23 figliaslri
275 1792 5 18 !

48 1858 24 4 —
75 1848 29 17 Ma
112 1846 66 23 parchî
188 1846 12 16 ti
209 1844 53 22 lagni
271 1844 31 17 tan
305 1844 26 16 tu.

48 1874 35 20 Tu,
92 1872 31 18 chi
131 1872 21 17 ni
159 1871 42 17 vivi
207 1870 21 17 in
236 1869 15 17 li
259 1866 58 20 fiori?

49 1899 33 17 Ha’
90 1898 20 17 di
117 1895 81 20 l’aceddi
205 1895 20 16 lu
234 1894 65 19 cantu,

50 1923 29 18 Se’
88 1923 50 16 tutta
146 1919 82 23 profumi
237 1923 11 13 e
256 1917 76 18 odori...

50 1980 22 3 —
77 1969 63 22 Quisti
149 1973 40 13 nun
197 1967 13 18 li
219 1968 51 17 devu
277 1970 11 13 a
295 1965 37 20 voi,

51 1995 33 19 Chi
93 1995 15 17 li
116 1995 50 17 devu
173 1998 12 12 a
192 1993 20 17 lu
221 1991 77 23 Signori
305 1989 5 18 !

52 2050 22 4 —
82 2040 36 17 Hai
125 2044 13 12 u
149 2039 24 18 to’
182 2038 41 18 celu
232 2037 66 17 sirenu

53 2066 26 18 Cu
90 2066 16 17 li
117 2064 61 19 steddi
187 2062 89 19 rilucenti
283 2066 6 16 ;

53 2092 50 18 Sorti
111 2092 23 16 da
141 2091 20 17 lu
170 2089 109 18 to’tarrenu

52 2117 46 18 Puri
109 2121 11 13 e
128 2114 71 19 freschi
206 2111 118 24 surgenli....

33 2173 21 5 —
57 2163 30 18 Ma
92 2162 21 18 sò
119 2160 72 22 sempri
198 2159 62 18 scalza
265 2156 70 22 euuda,

54 2188 40 18 Non
103 2187 25 18 mi
137 2186 41 18 deti
186 2184 38 19 mai
231 2182 65 19 nienti
303 2181 5 18 !

54 2243 23 4 —
84 2233 33 18 Sei
127 2231 71 19 sott’un
206 2229 58 18 clima
273 2228 49 17 bonu

54 2260 53 17 Duva
114 2258 18 18 ci
142 2256 53 19 nasci
202 2256 20 17 di
229 2255 54 17 tuttu
292 2258 5 12 :

55 2284 31 19 C’è
94 2285 19 17 la
121 2283 58 22 vigna
187 2279 117 20 elueitrouu

55 2310 26 18 Ed
88 2309 46 23 ogni
142 2307 62 23 spezia
211 2306 21 18 di
245 2305 92 17 fruttu....

56 2368 22 4 —
86 2358 30 18 Ma
124 2357 31 18 vo’
164 2355 25 18 mi
197 2354 74 22 lagheti
280 2356 58 16 mora,

58 2384 43 17 Nun
109 2383 26 17 mi
142 2381 41 18 deti
190 2380 37 18 mai
239 2379 54 22 ajulu
300 2377 5 18 !

58 2429 68 17 —Nun
131 2427 18 18 si
156 2425 43 19 vedi
203 2425 36 18 che
243 2421 98 24 impiegati

51 2456 24 16 -A
82 2454 21 17 lu
111 2454 72 18 frescu,
191 2449 104 20 d’istatina,

60 2479 26 18 Cu
92 2479 16 17 li
116 2476 65 22 vecchj
195 2473 92 20 riltralati

60 2505 20 17 Di
89 2505 17 16 la
114 2503 74 18 Guerrs
196 2506 10 13 e
214 2501 19 17 la
238 2499 103 18 Marina....

64 2559 20 3 —
92 2549 23 18 Sò
123 2546 84 24 incapaci
214 2545 20 18 di
242 2543 92 25 pïanlassi

64 2574 29 17 Un
100 2575 51 17 solcu
159 2573 21 18 di
187 2570 104 20 eivuddina
298 2569 5 18 !

65 2621 21 4 —
94 2613 32 17 Hai
135 2613 48 18 tanli
190 2609 100 21 culuniali,

63 2638 51 18 Tutti
121 2639 55 17 d’arti
185 2642 10 13 e
201 2637 109 21 d’ingegnu,

64 2662 27 19 Cu
98 2664 74 18 furtuni
180 2661 92 20 culussali

64 2688 20 18 In
93 2689 20 17 lu
121 2689 122 18 me’luutanu
253 2689 59 18 regnu
321 2696 22 5 ...

42 2742 23 4 —
72 2734 21 17 Li
100 2735 60 17 mettu
169 2732 46 19 tutti
222 2736 12 13 a
242 2729 103 20 trent’anni

64 2759 20 17 In
92 2764 38 13 una
137 2759 62 18 cascia
206 2758 20 17 di
234 2757 58 22 legnu
299 2754 6 18 1

68 2813 20 4 —
95 2804 56 18 Sottu
158 2804 22 17 lu
187 2804 25 17 to’
221 2802 65 18 beddu
294 2800 43 20 soli,

55 2828 33 19 Chi
92 2834 13 13 u
109 2830 69 17 mondu
184 2827 72 19 unn’ha
260 2825 86 22 l’uguali,

66 2854 86 18 Cantanu
160 2854 14 17 li
184 2854 23 17 to’
216 2851 70 24 figlioli

66 2879 13 18 E
88 2885 25 13 un
121 2879 105 19 cunoscinu
235 2877 76 18 mali....

66 2933 22 5 —
92 2924 91 23 Compjnu
192 2924 24 17 da
224 2923 19 17 la
251 2921 85 20 malaria,

66 2949 104 23 Manghiati
177 2950 23 16 da
208 2948 14 18 li
229 2946 70 19 zinzali
305 2945 5 17 !

67 3003 22 5 —
93 2995 26 17 Da
127 2996 21 16 lu
157 2995 25 17 to’
191 2997 47 14 senu
246 2992 12 18 è
266 2990 71 19 surtitu

67 3019 15 18 U
90 3020 32 22 più
130 3019 51 22 majò
189 3018 87 22 capitanu

46 3043 50 19 Chiu
101 3045 70 17 mondu
177 3043 70 18 unn’ha
250 3041 99 19 ma’vistu,

67 3070 60 18 Tantu
133 3070 62 17 ch’era
200 3068 150 21 sopr’umanu....

69 3122 21 4 —
98 3112 105 20 Sulamenti
211 3112 20 17 la
239 3111 28 17 so’
276 3110 64 18 omhra

69 3138 23 18 Vi
100 3139 36 17 facì
145 3138 52 22 parlà
205 3137 33 23 più
247 3137 58 21 pianu
312 3135 4 17 !

70 3192 21 4 —
96 3184 57 21 Eppo’
162 3183 31 17 hai
201 3182 7 17 i
217 3181 90 23 diputati,

70 3208 55 22 Eppo’
134 3209 33 17 hai
175 3208 7 17 i
190 3207 89 21 sinatori,

69 3233 78 18 Ghienti
155 3232 65 18 struiti
228 3236 11 13 e
246 3231 73 23 garbati

70 3258 50 17 Eehi
128 3258 16 16 ti
151 3257 57 17 facîni
216 3256 93 17 onori.....

48 3316 23 4 —
78 3307 24 17 Vi
110 3310 99 18 pregu,un
218 3305 28 17 mi
251 3304 20 17 ni
279 3303 74 23 parlati:

72 3331 24 17 Sô
101 3331 19 17 la
128 3331 36 17 me’
171 3330 57 22 piaga
235 3329 69 22 majori
311 3328 4 18 !

52 3385 20 4 —
80 3375 30 18 Ma
114 3376 72 20 quanta
195 3375 26 17 se’
229 3373 125 23 stravaganti!

70 3401 60 18 Anc’u
138 3400 24 17 bè
170 3400 17 17 ti
194 3400 39 17 faci
240 3404 56 18 pena.

72 3425 65 19 Laseia
145 3425 15 17 li
168 3425 26 17 to’
199 3424 42 18 neri
250 3425 61 17 manti

72 3451 14 17 E
94 3450 38 19 ridi
139 3454 50 13 ancu
197 3450 21 17 tu
227 3449 105 22 appena!...

73 3506 22 5 —
103 3498 29 18 Un
140 3497 128 22 lasciaraghiu
274 3497 22 17 lu
303 3496 45 18 dolu

63 3521 37 19 Che
108 3523 75 22 quandu
189 3520 166 24 strappaacatèna!

75 3575 21 5 —
101 3568 29 17 Ma
138 3571 56 15 comu
200 3566 28 18 se’
232 3565 124 22 indighiesta!

75 3590 28 19 Un
110 3593 16 17 ti
133 3593 30 18 sai
170 3592 35 18 che
212 3590 111 18 lamintà!...

55 3640 23 5 —
82 3634 22 18 Vi
111 3638 89 21 prisentu
207 3640 12 13 a
227 3636 36 17 me’
269 3634 89 18 richiesta

77 3658 37 21 Che
122 3663 19 17 vi
151 3667 57 17 pregu
218 3660 87 19 d’accittà
312 3664 5 12 :

78 3683 104 22 Trattetimi
189 3688 22 16 da
220 3685 74 24 figliola

78 3707 14 18 û
101 3710 66 19 delimi
176 3717 11 12 a
195 3710 86 20 Liberté!

362 224 23 3 —
391 215 27 17 Un
424 215 81 17 vurnsli
515 218 131 18 micctt.pensu,

364 239 103 23 lmponumi
476 238 122 19 cnndizioni?

364 264 67 22 Suppia
440 264 32 17 chi
481 264 21 17 sù
508 264 70 22 sempri
587 264 61 21 apurli

365 290 4 15 I
380 289 49 21 porti
437 289 27 17 d’i
473 289 36 17 me’
518 288 105 23 prigioni...

364 342 23 3 —
393 332 94 19 Sarrareti
497 333 5 17 i
512 333 103 21 crixuinali,

365 358 42 17 Nun
415 357 68 22 pudeli
493 358 123 22 lultughioni!

366 411 22 4 —
397 402 106 22 Unn’agbia
513 402 137 23 lant’ubbasgia

367 426 14 18 E
389 427 51 21 parla
447 432 38 13 cun
494 427 32 22 più
536 427 97 22 riguurdu,

366 451 35 18 Chi
409 452 27 17 mi
445 452 42 22 pari
496 452 32 18 chi
538 454 19 16 tu
567 452 28 18 sia

368 476 27 18 Un
403 477 53 17 beliu
466 482 48 17 pocu
525 477 21 17 in
554 475 73 20 ritardù
635 476 4 18 !

348 520 50 18 —Chi
403 521 30 18 voi
439 522 90 17 undicali
535 522 116 22 unghiornu:

348 551 6 10 i
361 546 125 22 Min’avvegu
493 547 66 21 troppu
563 545 88 18 larda!..»

368 599 22 4 —
395 590 72 18 Vaitini
476 590 20 18 in
505 591 55 17 santa
568 595 52 18 pace,

348 615 77 23 ï’aghiu
435 616 108 18 abbaslanz’
552 616 100 20 ascultalu,

348 640 34 17 Chi
390 641 32 22 qui
428 646 35 16 par
471 641 70 17 te’nun
548 640 29 18 c’è
584 640 68 22 piazza;

369 665 28 18 Un
406 666 36 17 me’
452 666 68 22 maguà
527 665 12 18 è
546 665 96 23 gbjlatu...

369 719 23 4 —
397 711 17 16 A
420 710 95 21 l’avanzu,
525 710 91 18 cunuscia

370 734 69 18 Ouistu
448 736 60 16 tristu
518 735 89 18 risullatu
616 734 5 18 !

371 815 15 17 E
395 816 100 17 cum’edda
504 816 117 20 craintruta,

371 840 96 21 Itiparlila
477 840 11 18 è
497 841 124 17 l’urfanedda.

372 865 14 17 E
392 866 96 17 surtendu
496 866 29 21 pe’
534 866 18 17 la
560 867 62 20 porta,

372 889 30 18 L'è
411 891 91 21 scappalu
509 895 37 13 una
554 891 101 17 scudedda.

372 915 16 17 U
399 915 119 21 troslu,tutti
527 916 24 17 ha
560 916 95 20 misciatu,

372 940 25 18 Ed
403 940 32 18 eiu
447 940 27 17 mi
483 941 21 17 sò
512 942 93 20 spartalu.

419 980 21 20 S.
447 980 23 18 di
477 979 45 19 San
531 980 103 23 Jorghiu.

365 1073 21 21 E
403 1072 241 22 VARGUGNOSA!

374 1134 34 18 Chi
417 1136 69 16 annata
495 1135 134 20 bundanziosa,

374 1160 52 17 Mille
432 1164 50 13 nove
490 1161 56 17 centu
555 1160 70 18 trenla!

375 1184 14 18 0
397 1184 108 22 Corsi,nun
513 1185 17 18 ci
539 1186 20 16 ni
567 1185 58 18 femu.

374 1210 51 17 Fami
433 1211 117 17 unn’avemu
557 1211 25 16 da
589 1212 61 16 senta.

375 1234 66 18 Ohimé
447 1234 6 18 !
463 1239 57 13 senza
528 1235 69 20 farina,

375 1259 82 16 Parlanu
464 1259 20 16 di
493 1259 18 16 là
520 1258 83 22 pulenta!

376 1309 50 17 Serai
434 1314 11 12 a
454 1309 19 17 lu
484 1309 47 17 mesi
540 1309 19 17 di
574 1309 85 22 inaghiu,

375 1334 83 18 Lbndici
468 1334 22 18 sò
498 1334 93 18 l’elezioni
597 1339 6 17 ;

375 1360 27 17 Da
409 1360 86 17 cuntrali
503 1360 91 17 furesleri

376 1384 24 18 Sô
408 1385 79 22 ghiunti
495 1385 13 17 li
517 1385 143 22 macchignoni;

377 1409 87 18 Credenu
473 1410 20 18 di
501 1411 78 21 cumprà
586 1411 41 17 voti

377 1434 55 18 Corne
440 1436 70 17 sameri
518 1440 11 13 e
535 1436 92 17 munloni.

378 1485 65 23 Sapeli
452 1486 47 18 tutti
507 1487 21 17 lu
538 1487 48 18 fattu

379 1511 53 18 Ch’in
442 1511 77 18 Corsica
527 1512 44 23 oghj
578 1513 83 21 epalesi.

378 1532 14 22 È
400 1537 89 18 sbarcatu
497 1542 26 12 un
531 1538 113 22 incittaghiu

376 1562 27 17 Da
412 1562 86 23 lerrilorj
506 1563 83 18 francesi
595 1568 5 12 :

378 1586 28 19 Un
415 1587 43 22 sgiò
467 1587 62 18 Paulu
537 1588 88 17 Lederlin

378 1612 79 22 Compra
465 1613 21 17 lu
495 1614 65 17 nostru
569 1614 60 21 paesi.

378 1664 16 17 A
402 1664 70 17 dillavi
481 1664 66 18 franca
555 1665 72 20 franca,

380 1689 18 18 Si
407 1690 32 17 slu
449 1689 42 22 tipu
500 1690 12 17 è
523 1689 51 18 riccu
583 1694 72 17 merzu,

379 1714 26 18 Da
413 1715 86 20 culandi,
508 1714 20 18 in
537 1715 14 17 li
559 1715 27 17 so’
594 1715 60 22 loghi,

379 1739 24 18 La
408 1739 145 22 riputazioniha
560 1744 58 18 perzu
624 1745 5 16 ;

379 1765 136 21 Dunqua,vulè
521 1769 43 14 essa
572 1765 58 22 quici,

358 1790 36 18 Per
398 1790 33 18 noi
439 1790 46 18 allri
494 1790 11 18 è
510 1795 26 12 un
541 1790 31 18 hel
577 1791 87 17 scherzu.

381 1841 66 21 Quista
454 1841 25 22 pò
487 1841 95 22 pruvacci,
591 1842 65 19 credu,

369 1866 4 5 '
380 1866 53 17 Tutti
440 1866 17 17 li
464 1866 30 17 so’
502 1867 37 16 bon
546 1867 74 17 talenti.

381 1891 77 17 Battutu
467 1895 12 12 a
486 1891 20 16 lu
515 1891 28 17 so’
550 1891 59 21 paesi,

380 1916 84 22 Fughjtn
473 1916 24 17 da
506 1920 12 13 u
527 1915 115 22 Cuntinenli,

381 1936 14 22 È
402 1941 91 17 sbarcatu
502 1941 20 17 in
536 1940 118 19 Cursichella
660 1945 5 13 :

381 1965 28 18 Un
418 1966 19 17 ni
447 1965 74 22 pinseti
529 1966 61 17 nienti
597 1965 9 18 ?

382 2016 35 18 Chi
425 2016 18 18 ci
452 2016 24 18 ha
486 2017 89 17 mandalu
584 2017 32 17 slu
625 2016 41 22 lipu

381 2037 14 22 Ê
403 2042 97 17 l’anzianu
509 2042 90 20 senatori,

383 2062 13 22 È
403 2072 14 12 u
424 2067 43 22 sgiô
475 2067 70 18 Adolfu
553 2067 80 22 Landry,

383 2091 47 18 Omu
438 2092 21 17 di
468 2093 54 16 tantu
531 2093 68 17 valori.

383 2118 15 16 A
406 2117 19 18 ci
433 2117 26 17 ha
467 2117 48 18 îatta
522 2118 20 17 la
549 2117 85 18 riclama!

383 2142 15 18 U
407 2142 19 18 ci
434 2142 25 18 ha
472 2143 109 22 acqnistatu
589 2143 67 17 l’onori
662 2142 5 18 !

384 2194 80 22 Quaudu
473 2193 27 18 sti
507 2194 34 17 dui
554 2193 92 22 campioni

384 2220 76 17 Faceuu
467 2219 20 18 la
495 2219 27 18 so’
532 2220 83 19 lurnata,

385 2244 28 19 Un
421 2244 14 18 li
440 2244 19 18 ci
467 2244 93 18 vurrehbi
567 2243 70 19 evviva

385 2270 30 17 Ma
422 2274 39 13 una
470 2269 51 18 bella
529 2269 107 22 ughiulata,

385 2295 27 17 Da
419 2295 88 17 caccialii
515 2294 25 18 bè
547 2295 21 16 lu
577 2294 49 17 laziu

385 2320 23 17 Di
413 2320 90 22 pigliacci
511 2324 35 17 par
553 2319 95 18 brinnata.

386 2372 46 20 Avà,
442 2370 85 23 delegati
536 2370 56 21 corsi,

387 2392 14 22 È
408 2401 12 13 a
427 2396 34 17 voi
468 2396 36 17 che
509 2395 64 22 vogliu
579 2400 58 13 vena:

387 2421 74 18 Pinseti
469 2426 12 13 a
489 2422 18 16 la
516 2422 64 17 vostra
591 2425 81 13 mamma

388 2446 34 18 Chi
430 2452 12 12 a
450 2447 18 18 si
476 2447 63 22 piglia
546 2447 17 17 la
571 2446 56 22 piena
632 2445 5 18 !

388 2472 122 17 AsculteLiîu
519 2471 95 23 sd’gridu,

388 2497 97 18 Calmetili
493 2497 19 17 la
520 2497 28 18 so’
556 2502 48 17 pena
611 2496 6 18 !

390 2548 75 19 Pinseti
474 2553 12 13 a
494 2548 30 18 ciò
534 2548 30 18 chi
573 2548 30 17 vo’
612 2548 42 21 feti,

389 2574 30 18 Un
424 2574 20 17 vi
453 2573 76 19 stimeti
537 2574 23 16 da
573 2573 31 18 boi
612 2577 5 17 ;

390 2599 20 18 Si
418 2599 32 17 vo’
460 2598 36 18 feti
504 2603 10 12 a
523 2597 95 21 Lederlin,

389 2624 26 18 Vi
422 2624 83 17 lumbeti
512 2624 24 16 da
543 2628 35 17 par
585 2622 32 18 voi
623 2627 6 17 ;

391 2649 63 18 Addiu
462 2648 52 23 paesi
523 2649 73 20 nostru,

391 2674 73 18 Saranu
471 2673 79 19 l’ultimi
558 2673 39 23 gioi
603 2672 5 19 !

391 2726 86 18 Andetili
487 2725 45 17 tutti
540 2726 75 19 contru,

392 2751 14 18 O
414 2751 56 23 jenti,
478 2750 45 18 tutti
532 2750 97 18 d’accordu
636 2749 5 17 !

393 2776 56 18 Detiü
458 2775 123 18 staliseivata

393 2801 76 19 Ch’ellu
476 2800 76 18 n’ahbia
557 2800 118 18 l’arricordu.

393 2827 37 18 ’Eti
437 2827 25 17 da
470 2826 59 22 perda
536 2826 20 17 lu
565 2826 72 19 francu,

394 2852 92 18 Vulendu
494 2851 55 18 vince
556 2852 21 16 lu
585 2851 54 17 soldu
646 2849 6 18 !

395 2902 81 19 Eletlori
485 2906 11 14 e
504 2901 118 22 cunsiglieri,

394 2928 30 18 Un
431 2928 19 18 si
458 2932 51 18 vega
516 2928 39 17 ’ssa
563 2930 104 18 vargogna.

395 2953 75 18 Femuli
478 2956 56 18 passa
541 2952 20 17 lu
570 2951 50 18 laziu

396 2979 16 17 A
420 2983 14 13 u
442 2978 85 17 frustere
535 2977 30 18 chi
574 2977 17 17 ci
600 2980 67 18 sogna,

395 3004 27 17 Da
429 3003 73 18 ch’ellu
510 3002 69 18 ritorni
586 3002 20 16 in
614 3001 66 18 Fracia

397 3029 16 17 A
422 3027 97 19 liscivassi
528 3028 19 17 la
554 3031 59 17 rogna
619 3025 5 18 !

397 3077 112 19 Sèil’unn’è
515 3077 60 21 mieça
586 3077 94 21 cuntenti,

397 3104 28 17 Lu
434 3103 109 18 trattaremi
550 3103 25 17 da
583 3102 60 21 mulu,

398 3128 14 18 O
421 3129 23 17 da
452 3128 73 18 aecelln
534 3127 19 18 di
561 3127 66 22 rapina

397 3153 102 18 Tirenduli
506 3157 11 13 a
525 3153 20 17 lu
552 3153 54 17 bulu.

398 3179 56 18 Dimu
463 3178 22 18 in
493 3178 21 17 lu
523 3177 81 18 termine
613 3181 57 14 corsu
676 3181 5 13 :

398 3204 26 17 Vi
431 3203 95 23 pigliemu
535 3207 11 13 a
553 3203 46 18 calei
608 3203 21 17 in

400 3254 35 21 Qui
442 3254 21 17 vi
471 3253 69 20 lasciu,
548 3253 110 20 cariamici,

400 3278 28 17 Cu
435 3278 120 17 toecamanie
562 3277 66 18 saluti.

399 3302 56 17 Possi
464 3302 33 17 eiu
504 3305 44 14 esse
555 3302 95 17 ascultatu

400 3327 27 18 Da
434 3326 61 18 zilelli
502 3331 11 13 e
520 3327 24 17 da
556 3326 82 18 barbuti.

400 3352 26 18 Sô
433 3351 98 18 l’anzianu
540 3351 112 23 Pappagallu

401 3377 15 18 E
423 3382 13 13 u
444 3377 83 22 giovanu

543 3426 4 3 .
568 3409 96 19 Pinzuti.

690 128 25 25 A
731 129 11 25 I
754 129 192 28 DELEGATI

695 189 38 17 S’io
741 195 32 13 era
781 192 88 23 delegalu

696 214 20 17 la
724 215 29 16 sla
762 215 156 23 hell’occasione,

696 238 48 18 Eccu
753 240 18 17 la
780 241 116 22 m’opinione

718 264 85 19 Sollicita
811 272 11 11 e
830 268 31 16 net
866 268 24 16 la.

697 308 23 17 Mi
730 309 34 18 fali
774 315 35 12 una
818 312 62 17 saellu

697 333 13 16 O
719 333 74 19 divenli
802 340 83 17 sumere,

697 357 24 18 Se
730 363 25 12 uu
764 359 48 18 dava
819 365 12 12 a
840 365 12 13 u
861 361 80 18 frestere

722 382 26 18 Un
757 384 37 17 bon
804 385 86 18 ricordu!

698 426 114 20 Intricciava
820 434 28 13 un
856 430 81 17 accordu

698 451 41 18 Cun
747 453 35 17 uni
790 454 55 21 pochi
854 454 20 17 in
883 454 82 22 schiera,

699 476 40 21 Poi,
748 477 17 17 si
768 478 29 17 n’a
807 483 11 12 u
827 479 46 17 deec
885 484 10 12 a
904 483 43 13 sera
954 484 5 12 :

721 501 64 22 Acqua
794 502 20 17 in
823 502 57 18 bocca
887 503 4 17 !

701 544 58 18 Postu
768 545 114 22 ch’ogn’unu
891 548 57 18 locca,

701 569 56 17 Vulia
769 570 53 17 luccà
830 570 21 17 in
859 575 76 17 grossu,

700 594 14 17 E
724 594 60 18 rodeli
792 600 27 13 un
827 595 101 22 bell’ossu,

723 620 15 17 A
746 620 141 23 rincellaghiu.

702 664 27 18 Un
735 669 74 18 gruppu
815 665 25 18 ha
845 665 130 23 l’avautaghiu

701 689 22 17 Di
732 690 18 17 fà
758 690 61 22 pende
827 695 11 12 a
847 690 81 18 bilancia
934 695 6 16 ;

702 716 15 16 A
724 719 77 17 quessa,
807 715 63 22 quallà
878 715 21 17 in
906 714 79 19 Francia

724 739 28 18 Un
761 740 17 17 ci
786 744 90 17 pensava.

701 784 30 17 Ad
740 784 39 17 ellu
787 784 33 17 chi
828 788 80 18 sperava

702 809 25 17 Fà
734 809 72 18 incetla
814 809 21 18 di
843 814 12 12 u
863 809 67 20 Corsu,

702 834 21 17 Li
737 834 51 18 femu
797 835 33 17 slu
842 834 88 18 diseorsu

726 860 44 17 lucu
779 859 27 18 sti
814 859 48 22 patli
870 864 5 12 :

704 903 108 18 «Slimemu
821 904 5 17 i
836 904 60 17 vostri
904 903 68 18 falti...

704 929 41 18 Cun
752 929 34 18 voi
794 933 54 13 serau
858 929 20 17 di
886 933 65 14 core...

703 954 45 18 Ma.,
758 954 16 18 si
783 954 44 18 sà...
835 954 94 18 l’elettore

727 975 14 22 È
749 980 127 21 puverettu...

706 1031 9 10 »
722 1025 15 17 E
745 1030 34 17 per
786 1025 57 18 voi...
852 1026 97 17 scumettu

705 1050 36 18 Chi
750 1054 64 14 mezzu
822 1050 78 17 milione

705 1070 14 22 È
727 1076 71 21 quante
807 1080 27 13 un
842 1075 126 18 honbuccone

728 1100 36 18 Per
771 1105 25 12 un
805 1100 118 23 maghiale...

704 1152 9 10 »
717 1146 47 17 Mira
770 1151 5 12 :
784 1147 59 16 centu
852 1146 94 17 cambiale

706 1171 15 18 E
729 1171 18 18 ci
755 1171 24 17 dà
786 1171 121 21 l’aversariu,

707 1196 36 18 E...
752 1196 77 18 d’èsseli
837 1196 106 21 cunlrariu,

730 1221 83 22 Sapete..
822 1221 11 17 è
841 1222 25 16 du
868 1226 22 12 ru
901 1220 5 18 !

710 1270 8 11 »
725 1264 20 18 Si
754 1264 30 17 bo’
792 1268 27 13 un
827 1264 39 17 site
874 1264 72 20 sicuru,

707 1290 45 17 Fate
761 1289 67 18 chiavà
837 1289 8 17 i
852 1289 84 23 biglietti

707 1315 27 18 Da
743 1315 6 18 i
758 1315 62 18 vostri
828 1315 34 22 più
870 1314 77 22 perfetti

731 1340 163 18 Sott'intendenti.

707 1392 9 10 »
727 1381 69 22 Èccuci
805 1385 33 22 qui
847 1384 86 23 presenti

707 1411 38 18 Per
751 1410 58 18 dabbi
816 1411 19 17 la
843 1410 80 18 vittoria
930 1414 5 17 ;

707 1437 17 17 A
732 1436 33 18 voi
772 1440 59 13 onore
840 1440 11 13 e
859 1435 61 22 gloria

731 1462 16 17 A
755 1462 21 17 lu
785 1460 118 19 senatul...»

708 1506 100 18 Cum’ell’è
815 1506 31 22 già
854 1505 90 20 lanciatu,

708 1531 147 22 SL’incettaghiu
860 1536 11 12 a
878 1531 19 17 la
905 1531 56 17 moda

709 1557 29 18 Uu
746 1557 18 17 si
774 1557 57 17 tirerà
840 1556 20 17 iu
868 1556 47 18 coda

732 1582 31 18 Pe’
772 1586 11 13 a
790 1582 102 22 bagatella.

709 1626 83 23 Pigliatu
800 1627 29 21 pe’
838 1631 11 13 a
856 1626 93 20 cannella,

709 1652 80 22 Apreria
797 1652 21 17 lu
827 1656 56 13 saccu
889 1656 6 17 ;

710 1677 15 18 E
734 1678 65 20 tandu,
809 1681 34 18 per
851 1677 33 17 diu
894 1677 68 20 Baccu,

734 1702 26 18 Mi
768 1703 29 17 stà
805 1701 78 19 sicuru!

711 1748 16 17 U
735 1748 47 17 votu
790 1747 71 22 aspetti
871 1751 57 18 puru,

710 1773 47 17 Incu
765 1773 20 17 lu
793 1773 28 17 so’
828 1773 87 17 amicone

711 1798 35 18 Chi
755 1798 21 17 lu
784 1798 43 18 fece
835 1797 88 23 cuglione

735 1823 27 18 Cu
770 1828 13 12 u
791 1823 28 18 so’
827 1823 79 17 danaru.

690 1884 5 6 t
712 1868 28 21 Si,
748 1868 49 19 eusi,
806 1868 124 21 tutt’apparu,

714 1893 34 17 Voi
756 1893 47 19 fate,
813 1897 12 13 o
833 1892 91 22 delegati,

712 1917 98 18 Sbizzemu
819 1916 88 23 deputati

736 1942 14 18 E
758 1942 85 18 senatori

713 1987 23 17 Di
745 1987 60 17 mette
814 1986 20 17 in
843 1986 84 18 disonori

713 2012 72 17 L’isula
792 2011 121 21 malabbiata,

715 2036 77 22 Sempre
801 2036 135 18 marcantizala

737 2062 27 17 Da
772 2061 33 18 ’ssi
814 2061 75 18 filanci.

715 2103 16 21 È
738 2111 33 13 ora
778 2106 67 18 ch’ella
852 2105 61 19 stanci
921 2105 5 18 !

715 2132 16 17 E
738 2131 39 22 voi,
786 2131 21 18 in
815 2131 39 18 ’ssa
861 2135 78 13 manera

716 2157 74 18 F'erïste
798 2161 56 17 opéra
863 2160 51 17 vera,

739 2182 26 18 Da
773 2181 42 19 veri
822 2181 62 19 Corsi.

866 2209 111 19 Paulellu,

772 2288 157 31 Pulitica

717 2357 79 18 Avereti
805 2357 72 20 intesu,
887 2361 11 13 o
905 2355 63 21 Corsi,

718 2383 18 17 A
743 2382 74 17 nulizia
824 2381 68 18 ch’avà
900 2380 65 19 corri?

718 2407 162 22 Raggiunamenti
889 2411 11 13 e
913 2405 88 20 discorsi,

718 2433 61 17 Tuttu
786 2432 22 17 lu
817 2432 70 17 mondu
901 2431 26 18 ha
933 2431 21 17 in
963 2430 41 18 cori

720 2458 23 18 Di
751 2458 20 17 fà
778 2457 95 21 Lederlin,
880 2462 27 12 un
914 2455 87 22 frusteri,

720 2483 22 17 Di
750 2482 78 18 Corsica
838 2481 89 20 sinatori.

721 2529 42 17 Par’
772 2528 37 18 che
817 2528 29 17 sia
853 2528 97 17 rientratu

720 2553 67 18 Inc’un
794 2557 71 17 grossu
881 2552 123 20 sacchittoni,
1013 2552 3 20 j

721 2578 21 21 E,
751 2578 110 22 quand’ellu
869 2577 12 18 è
889 2578 95 19 sbarcatu,

721 2603 83 18 L’avissl
810 2603 54 18 cintu
875 2607 12 13 a
894 2602 100 20 l’armoni,,

721 2629 110 18 Allettendu
840 2633 23 12 cu
871 2632 12 13 a
896 2627 99 22 pruvenda

723 2654 100 18 Sumerelli
832 2658 12 13 e
851 2653 105 18 sumeroni.

723 2699 21 18 Si
751 2699 56 21 colpa
814 2699 44 17 n’ha
865 2697 141 23 l’incettàghiu,

723 2724 56 22 Dipiù
784 2723 72 18 n’hanu
861 2723 8 17 i
874 2723 62 18 nostri
940 2722 66 18 merri:

724 2749 20 18 Si
752 2749 22 18 sô
782 2748 77 19 vinduli
867 2748 21 17 di
895 2747 79 23 inaghiu

724 2774 57 18 Corne
788 2778 68 13 mansa
863 2773 20 17 di
892 2772 78 21 sumeri,

724 2800 15 17 E
746 2800 19 17 si
773 2799 19 18 la
799 2803 61 17 panza
867 2798 119 17 èincurdata

725 2825 29 17 Un
763 2824 99 23 guardanu
871 2823 28 18 s’è
906 2822 87 18 frusteri.

725 2870 24 18 Sô
754 2869 21 18 di
782 2873 47 18 pocu
838 2868 80 21 calateu,

726 2894 88 19 Cunoscu
821 2897 51 19 pocu
880 2893 14 17 li
903 2893 67 20 morsi,

726 2920 29 18 Ma
763 2919 55 18 avale
824 2923 50 17 vegu
888 2917 88 19 anch’eiu

725 2945 36 18 Chi
769 2950 11 12 a
789 2949 54 13 razza
851 2944 20 16 di
879 2944 15 17 li
902 2943 62 21 Corsi,

727 2970 60 18 Cume
794 2970 126 21 tutt’ognunu
929 2973 11 13 a
948 2967 45 21 diei,

727 2995 36 18 Più
771 2996 24 17 và
803 2995 34 21 più
846 2992 148 20 imbastardisci.

727 3039 64 23 Tempï
800 3039 26 17 d’i
834 3038 62 18 nostri
904 3037 89 21 babboni,

728 3065 36 18 Più
773 3065 37 18 che
816 3063 34 18 noi
858 3064 22 16 in
887 3064 19 16 la
914 3063 86 20 miseria,

729 3090 35 18 Chi
773 3094 34 18 per
814 3089 57 22 piove
879 3088 77 17 milioni

729 3116 30 18 Un
766 3115 125 18 cambiavanu
898 3113 63 18 d’idea
967 3112 6 18 !

729 3142 42 17 Avà
778 3140 18 18 si
802 3140 89 17 vendenu
900 3138 45 18 tutti

732 3166 56 18 Corne
796 3165 15 17 ti
818 3164 31 22 boj
858 3164 83 18 curnuti.

730 3211 54 18 Intan
785 3212 28 19 tu,
821 3209 36 18 avà
865 3209 40 18 deti
913 3209 66 21 tempu

731 3236 101 17 Finiscanu
841 3233 93 19 l’elezioni
940 3238 5 16 ;

731 3260 85 18 Vidareti
825 3260 131 19 tutfattempu
963 3263 5 12 :

732 3283 101 19 Fabbrichi
843 3288 11 12 e
860 3283 46 17 belli
915 3282 85 17 stradoni

732 3309 27 18 Cu
766 3308 54 18 molti
825 3307 60 18 stradi
892 3306 68 18 farrati

731 3334 70 18 Prestu
808 3333 46 17 fatti
860 3332 21 17 in
889 3331 115 18 cnndizioni.

732 3378 67 18 Parchî
809 3377 84 17 ch’aveti
900 3376 34 23 più
942 3375 40 17 fedi

711 3404 53 18 ’N’un
769 3403 79 23 pinzutu
854 3402 36 18 che
894 3402 52 17 ’n’un
950 3399 66 19 corsu?

733 3425 14 22 È
755 3429 30 17 chi
794 3428 18 18 ci
820 3428 114 22 prumetten’
945 3426 34 18 elli

716 3465 6 3 -
733 3454 21 17 In
761 3453 109 18 bacianaria
877 3456 11 14 e
896 3452 87 17 diseorsu

733 3479 22 17 Di
763 3479 19 17 fà
787 3478 58 22 piove
852 3478 19 17 le
879 3476 97 18 ricchezze

733 3503 91 18 In.l’isula
832 3503 20 16 di
861 3502 81 18 bellezze
947 3500 10 18 ?

733 3548 30 18 Ma
770 3546 137 19 cuntintemuci
915 3545 48 17 tutti

733 3573 23 17 Di
764 3573 20 18 lu
792 3573 69 16 nostru
867 3575 49 18 pocu
924 3569 60 18 averi.

733 3598 30 18 Un
771 3598 77 16 vutemu
856 3600 34 18 per
894 3594 79 23 pinzuti,

733 3623 27 18 Nè
768 3627 35 17 per
811 3621 76 18 bianchi
896 3620 65 21 nèper
969 3618 47 20 neri,

711 3649 27 17 Da
742 3647 69 18 ch’ella
818 3647 29 17 sia
855 3649 74 18 sempre
936 3643 80 18 sehietta

721 3675 7 7 '
734 3673 18 18 L’
757 3672 61 18 «Isula
826 3671 22 18 di
854 3672 19 16 la
881 3671 63 17 filetta
950 3675 18 11 ».

787 3706 20 16 TI
817 3703 179 19 Fiumurbacciu.

1357 124 260 51 Mémoires

1128 205 51 46 du
1203 206 44 45 R.
1265 204 44 46 P.
1333 203 46 46 de
1403 201 217 58 Singlande,
1645 200 205 46 Aumônier

1167 271 209 33 (Spedizione
1395 270 31 24 di
1443 268 181 25 Maillebois
1640 265 169 32 17384741)

1414 339 102 34 (Segui
1518 340 43 28 tu)

1037 411 18 20 il
1078 416 15 15 n
1103 416 16 21 y
1143 416 13 14 a
1177 415 80 21 parmi
1281 410 36 19 les
1341 410 89 19 Corses
1451 412 24 15 ni

1011 443 148 21 Procureurs
1171 442 26 21 ni
1210 441 120 22 Avocats.
1349 440 44 21 Les
1412 439 66 21 Reli-

1011 475 82 27 gieux,
1106 480 97 16 comme
1213 474 26 27 je
1249 473 40 22 l'ai
1299 472 45 25 dit,
1356 473 35 20 les
1398 477 81 16 exem-

1011 509 49 19 tent
1072 508 30 20 de
1115 513 27 15 ce
1150 506 71 26 fléau,
1231 507 21 20 &
1258 506 69 24 c’est,
1341 506 68 20 selon
1417 504 59 25 moi,

1011 540 21 20 le
1044 540 53 20 seul
1108 539 98 21 service
1217 539 73 26 qu’ils
1301 539 54 20 leur
1368 538 109 21 rendent.

1011 571 20 22 Il
1043 570 42 29 n’y
1095 577 13 15 a
1120 571 68 21 aussi
1201 571 60 21 dans
1273 572 71 20 toute.
1360 569 64 22 l’Isle
1436 569 43 21 des

1011 603 127 23 Médecins
1150 603 55 29 qu’à
1217 604 85 21 Bastia
1313 604 21 21 &
1346 603 13 21 à
1370 602 108 28 Ajaccio,

1011 637 21 22 &
1043 643 90 16 encore
1145 644 31 14 ne
1188 637 143 21 servent-ils
1340 635 54 28 qu’à
1413 641 67 15 amu-

1011 676 41 15 ser
1062 671 38 20 les
1113 670 97 22 Génois
1221 670 61 21 dans
1293 670 67 21 leurs
1372 669 108 26 indispo-

1011 703 91 22 sitions
1115 703 144 21 familières.

1041 739 45 21 Les
1099 738 93 22 Corses
1204 740 103 20 contons
1320 738 29 21 de
1359 738 37 20 les
1407 737 75 21 hono-

1013 778 40 15 rer
1063 772 32 20 de
1106 772 62 25 loin,
1189 771 82 28 quand
1288 771 31 21 ils
1338 776 27 16 se
1385 772 98 24 portent

1012 805 55 21 bien
1073 811 6 19 ;
1088 804 88 28 jamais
1184 811 31 14 ne
1224 804 35 21 les
1267 804 123 27 appellent
1398 802 84 27 auprès

1013 837 82 25 d’eux,
1120 837 82 27 quand
1225 837 31 21 ils
1281 839 56 19 sont
1366 836 116 21 malades.

1013 870 128 26 Quelques
1154 870 101 26 simples
1263 869 62 21 dont
1332 870 29 20 ils
1371 868 113 21 connois-

1014 904 56 20 sent
1089 903 23 21 la
1133 901 133 28 propriété,
1285 904 57 20 sont
1360 902 37 20 les
1420 902 64 20 seuls

1014 935 113 23 remèdes
1138 935 76 27 qu’ils
1230 935 136 27 emploient
1380 935 103 20 eux-mê-

1014 975 61 19 mes,
1097 974 58 15 sans
1175 974 79 15 aucun
1275 973 100 17 secours
1394 973 92 15 merce-

1015 1002 69 21 naire
1096 1002 31 20 de
1138 1002 24 21 la
1173 1003 56 25 part
1241 1001 45 21 des
1297 1000 135 27 étrangers.
1442 999 42 28 J’ai

1014 1034 130 28 remarqué
1157 1040 48 22 que
1217 1040 58 15 sans
1288 1033 162 27 Chirurgiens
1464 1032 22 22 &

1015 1074 58 15 sans
1086 1067 135 26 Médecins,
1235 1068 29 20 ils
1277 1073 31 15 ne
1327 1067 103 21 laissent
1445 1072 42 21 pas

1016 1102 30 21 de
1058 1100 85 29 guérir
1155 1100 92 28 plutôt,
1260 1100 22 21 &
1293 1101 31 20 de
1342 1099 71 21 vivre
1432 1099 54 26 plus

1015 1136 142 25 longtemps
1172 1133 76 27 qu’on
1269 1139 31 15 ne
1319 1133 45 21 fait
1382 1138 106 15 commu-

1016 1167 102 22 nément
1132 1173 30 15 en
1178 1166 101 21 France.

1046 1204 44 20 Les
1103 1202 94 22 Corses
1205 1208 32 15 en
1246 1201 101 28 général
1354 1203 56 19 sont
1416 1201 15 21 d
1440 1206 49 15 une

1017 1236 70 20 taille
1098 1236 43 25 qui
1154 1235 65 20 tient
1231 1235 24 20 le
1272 1234 85 21 milieu
1378 1237 69 17 entre
1465 1234 23 20 la

1017 1268 74 22 haute
1103 1267 22 21 &
1133 1267 23 21 la
1164 1266 126 22 médiocre
1301 1272 6 19 ;
1325 1266 30 21 ils
1367 1267 56 21 sont
1433 1266 54 21 bien

1018 1301 68 26 faits,
1099 1301 71 25 forts,
1189 1300 150 27 vigoureux,
1352 1299 21 21 &
1386 1301 105 20 sur-tout

1018 1336 183 20 extrêmement
1211 1334 91 21 alertes
1310 1339 6 18 ;
1337 1338 28 16 ce
1377 1333 40 27 qui
1436 1333 54 21 leur

1018 1369 73 20 vient
1109 1367 31 22 de
1157 1367 96 27 l’usage
1277 1366 32 22 où
1328 1366 31 21 ils
1382 1369 56 19 sont
1459 1366 30 20 de

1019 1402 83 21 courir
1113 1401 23 21 &
1147 1401 31 21 de
1189 1400 86 28 gravir
1286 1405 56 16 sans
1363 1405 69 15 cesse
1448 1404 43 16 sur

1019 1436 67 20 leurs
1093 1437 143 24 montagnes
1244 1439 5 15 :
1263 1434 30 20 ils
1302 1433 109 21 seraient
1419 1431 71 22 d’une

1020 1468 170 27 phisionomie
1209 1473 69 15 assez
1299 1465 122 28 agréable,
1438 1465 53 21 s’ils

1020 1501 97 22 étoient
1136 1500 84 22 moins
1235 1501 172 25 mal-propres,
1429 1499 62 21 mais

1020 1536 37 20 les
1067 1534 113 21 cheveux
1191 1533 72 27 qu’ils
1276 1535 99 25 portent
1384 1535 55 19 tous
1449 1537 43 16 ex-

1020 1569 149 20 trêmement
1178 1572 66 22 gras,
1252 1566 23 22 &
1286 1567 54 20 leur
1348 1566 52 21 sale
1411 1565 80 25 barbe,

1020 1602 37 21 les
1069 1600 141 28 défigurent
1220 1599 14 22 à
1246 1606 33 15 un
1292 1599 71 27 point
1375 1599 39 27 qui
1428 1598 64 22 n'est

1021 1640 45 22 pas
1074 1634 157 22 soutenable.
1239 1632 114 28 Quelque
1361 1633 54 21 soin
1423 1631 69 28 qu’ils

1021 1668 115 27 puissent
1146 1668 108 26 prendre
1263 1667 31 21 de
1301 1667 55 21 leur
1362 1671 130 22 personne,

1022 1702 24 21 il.
1052 1703 66 19 reste
1130 1701 138 27 cependant
1280 1700 59 21 dans
1351 1700 65 20 leurs
1426 1699 68 21 traits

1022 1734 23 22 &
1056 1740 43 16 sur
1115 1735 55 20 leur
1188 1734 90 27 visage
1294 1734 107 27 quelque
1420 1732 75 22 chose

1023 1768 31 21 de
1065 1768 47 21 dur
1120 1767 23 21 &
1154 1768 32 20 de
1199 1766 127 22 farouche.

1051 1801 63 21 Leur
1124 1802 106 26 langage
1241 1802 38 19 est
1289 1800 31 21 de
1331 1800 65 21 deux
1407 1801 87 20 sortes,

1011 1833 2 33 j
1025 1834 70 22 Celui
1108 1833 77 28 qu’on
1196 1834 71 26 parle
1287 1833 61 21 dans
1364 1834 37 20 les
1416 1831 80 22 Villes

1024 1870 38 19 est
1073 1874 33 14 un
1119 1867 88 21 Italien
1218 1872 68 15 assez
1297 1868 95 19 correct
1398 1865 22 21 &
1428 1865 69 21 facile

1024 1900 15 23 à
1049 1901 130 24 entendre,
1189 1905 73 22 parce
1275 1905 46 21 que
1332 1900 24 21 la
1366 1899 94 27 plûpart
1466 1898 31 21 de

1025 1940 64 15 ceux
1099 1933 43 27 qui
1155 1934 39 20 les
1205 1933 121 24 habitent,
1340 1934 45 20 ont
1396 1930 103 29 -voyagé

1024 1967 108 27 quelque
1143 1968 82 24 temps
1243 1971 31 15 en
1297 1968 66 18 terre
1380 1964 84 23 ferme,
1476 1964 22 21 &

1025 2002 43 20 ont
1088 1999 46 22 fait
1150 2000 107 26 quelque
1280 1997 84 28 séjour
1383 1998 58 21 dans
1461 1998 38 20 les

1025 2033 108 28 grandes
1157 2031 92 23 Villles
1273 2032 105 25 d’Italie,
1405 2037 94 15 comme

1026 2067 134 24 Livourne,
1172 2066 127 25 Florence,
1323 2064 87 26 Rome,
1427 2064 21 21 &
1461 2065 39 20 les

1025 2102 94 20 autres.

1053 2134 23 21 A
1089 2134 8 21 l
1105 2133 77 27 egard
1194 2133 32 20 du
1239 2138 74 16 menu
1326 2133 89 25 peuple
1425 2133 73 19 ôrdes

1026 2166 187 28 montagnards,
1227 2166 31 21 ils
1270 2171 32 15 ne
1313 2166 95 26 parlent
1427 2165 71 27 qu'un

1027 2201 89 21 Italien
1130 2200 183 21 extrêmement
1327 2203 131 22 corrompu
1478 2197 23 21 &

1026 2234 42 27 qui
1082 2236 38 18 est
1131 2232 64 22 mêlé
1206 2232 75 22 d’une
1293 2231 97 22 infinité
1399 2232 29 21 de
1436 2233 65 19 mots

1027 2267 173 26 Mauresques,
1213 2272 48 21 que
1275 2266 38 20 les
1328 2264 91 22 Corses
1438 2265 64 26 poli-

1027 2300 49 26 cés,
1097 2300 26 21 ni
1142 2300 37 21 les
1199 2298 128 28 étrangers
1348 2304 32 15 ne
1392 2300 110 25 peuvent

1027 2333 174 27 comprendre.

1055 2367 78 22 Leurs
1143 2366 167 21 habillemens
1322 2370 26 16 se
1363 2366 137 20 ressentent

1028 2401 31 21 de
1070 2400 25 21 la
1105 2398 155 29 grossièreté
1273 2399 30 21 de
1316 2399 68 20 leurs
1397 2403 101 16 moeurs.

1029 2433 70 22 Ceux
1111 2433 43 27 qui
1166 2434 58 20 sont
1236 2438 32 15 un
1280 2437 48 21 peu
1340 2431 74 23 aisés,
1426 2431 20 21 &
1459 2431 41 27 qui

1028 2467 91 21 vivent
1130 2466 64 21 dans
1207 2466 37 21 les
1258 2464 90 26 Villes,
1364 2464 140 22 s’habillent

1029 2500 15 22 à
1051 2501 23 21 la
1087 2499 143 28 Françoise:
1244 2499 119 26 quelques
1374 2497 103 22 femmes
1485 2503 18 23 y

1029 2536 59 20 sont
1093 2534 67 20 aussi
1167 2533 87 20 vêtues
1263 2537 96 16 comme
1367 2532 37 20 les
1411 2531 90 25 nôtres;

1029 2567 64 21 mais
1112 2567 36 19 les
1169 2568 84 19 autres
1275 2566 45 20 ont
1333 2565 37 20 les
1391 2564 113 21 cheveux

1030 2599 93 24 tressés
1134 2599 68 21 &'un
1213 2598 93 27 béguin
1319 2598 62 21 fond
1398 2597 31 21 de
1443 2598 60 20 toile

1031 2632 105 23 blanche
1147 2639 6 14 :
1178 2632 63 21 elles
1261 2633 104 25 portent
1389 2636 30 15 un
1442 2630 63 27 petit

1029 2667 67 27 juste
1108 2666 31 21 de
1150 2665 56 22 soie
1217 2670 32 16 ou
1261 2665 31 21 de
1306 2665 60 27 drap
1384 2670 76 22 rouge
1480 2663 23 22 &

1032 2701 66 21 deux
1106 2699 95 28 jupons
1208 2698 81 25 bleus;
1303 2698 61 21 elles
1375 2703 30 16 en
1414 2699 91 19 rétros-

1033 2735 58 20 sent
1102 2738 32 16 un
1147 2738 44 15 sur
1200 2732 55 21 leur
1266 2731 51 21 tête
1331 2731 42 28 qui
1388 2731 53 20 leur
1453 2732 52 19 sert

1033 2768 66 20 alors
1107 2766 31 21 de
1149 2766 81 24 voile,
1243 2764 23 22 &
1277 2763 156 28 lorsqu’elles
1450 2769 56 15 ren-

1033 2802 66 20 trent
1110 2799 63 21 dans
1184 2799 67 20 leurs
1262 2798 122 25 maisons,
1406 2798 58 20 elles
1481 2797 25 21 le

1021 2834 2 30 j
1033 2833 139 22 rabaissent
1182 2832 23 21 &
1218 2832 106 20 laissent
1336 2831 62 21 voir
1407 2836 31 15 un
1453 2835 55 17 cor-

1021 2867 2 25 |
1035 2868 39 20 set
1092 2866 94 21 d’assez
1206 2865 65 21 belle
1290 2863 82 25 étoffe,
1397 2869 59 15 avec
1472 2869 34 15 un

1021 2891 2 30 I
1034 2899 132 23 mouchoir
1175 2898 35 21 fin
1216 2903 43 16 sur
1266 2898 57 21 leur
1334 2898 37 21 col
1379 2903 7 20 ;
1398 2898 53 20 leur
1456 2897 51 21 tête

1036 2936 37 19 est
1096 2932 76 22 ornée
1196 2930 73 22 d’une
1288 2936 91 21 espece
1397 2930 31 21 de
1445 2930 63 26 petit

1034 2968 88 26 toquet
1143 2970 62 16 avec
1228 2970 48 15 une
1295 2964 86 27 pointe
1399 2962 109 28 panchée

1035 3006 59 16 vers
1111 2999 61 21 l’oeil
1192 2997 105 28 gauche,
1318 3003 28 15 ce
1364 2997 41 27 qui
1425 2996 83 22 donne

1035 3040 50 15 aux
1093 3033 89 27 jeunes
1195 3036 135 22 personnes
1350 3036 32 15 un
1395 3030 38 21 air
1443 3035 68 15 assez

1037 3067 136 22 revenant:
1186 3066 23 20 la
1222 3065 104 20 couleur
1337 3064 44 20 des
1390 3063 70 27 jupes
1471 3064 40 19 est

1036 3102 24 20 la
1074 3101 81 20 même
1166 3103 66 22 pour
1245 3097 38 21 les
1297 3096 106 22 femmes
1414 3095 21 21 &
1446 3101 66 21 pour

1037 3135 37 20 les
1083 3133 63 22 filles
1156 3137 7 20 ;
1178 3130 112 22 celles-ci
1309 3129 41 27 qui
1371 3129 141 27 paraissent

1039 3167 124 22 rarement
1173 3163 157 23 seules.dans
1340 3163 39 21 les
1391 3164 61 23 rués,
1465 3163 46 20 ont

1021 3188 6 33 I
1038 3202 46 20 des
1091 3200 43 21 bas
1145 3203 92 21 rouges
1248 3196 23 21 &
1281 3196 43 21 des
1333 3196 106 21 souliers
1450 3195 62 21 dont

1021 3222 7 32 i
1038 3235 24 21 le
1074 3234 89 21 dessus
1174 3233 39 19 est
1224 3229 98 22 d’étoffe
1342 3229 31 21 de
1395 3229 63 20 soie.
1480 3227 32 21 Le

1022 3256 7 39 j
1039 3272 74 16 menu
1130 3264 91 28 peuple
1239 3263 60 21 dans
1320 3263 37 20 les
1373 3261 79 21 Villes
1473 3263 39 19 est

1022 3287 7 32 I
1039 3300 59 20 vêtu
1112 3298 14 20 à
1137 3298 24 20 la
1172 3296 73 28 façon
1265 3296 44 21 des
1326 3294 184 27 montagnards,

1022 3320 7 33 I
1040 3332 22 21 &
1074 3332 19 21 il
1103 3330 41 29 n’y
1156 3336 14 15 a
1180 3329 55 22 rien
1247 3329 31 20 de
1291 3328 55 27 plus
1358 3327 95 21 hideux
1464 3331 48 22 que

1023 3353 7 32 I
1040 3366 54 20 leur
1099 3364 163 22 habillement
1268 3368 6 15 :
1284 3367 31 15 on
1323 3366 32 14 ne
1363 3360 62 27 sçait
1432 3359 82 28 quand

1023 3386 7 32 I
1041 3404 32 16 on
1085 3398 37 20 les
1133 3396 57 21 voit
1201 3395 30 21 de
1242 3394 52 22 loin
1306 3398 61 16 avec
1377 3394 54 20 leur
1438 3392 76 22 barbe

1024 3419 7 32 I
1041 3431 22 21 &
1074 3432 54 19 leur
1138 3431 114 19 manteau
1265 3428 32 20 de
1310 3425 130 27 Capucins,
1453 3425 21 21 si
1485 3430 28 15 ce

1024 3452 7 32 I
1042 3465 58 20 sont
1107 3463 45 21 des
1162 3461 124 21 créatures
1293 3459 130 21 humaines
1429 3464 31 16 ou
1469 3458 45 21 des

1025 3484 6 33 i
1043 3502 60 16 ours
1113 3502 6 15 :
1132 3501 30 15 au
1174 3495 51 20 lieu
1238 3494 30 21 de
1281 3492 119 26 chapeau,
1415 3492 31 21 ils
1455 3496 60 22 por-

1044 3531 53 21 tent
1108 3529 44 20 des
1164 3527 107 21 bonnets
1283 3526 31 20 de
1333 3529 88 22 grosse
1438 3524 74 25 laine,

1044 3564 30 20 de
1085 3563 22 20 la
1120 3561 103 21 couleur
1234 3560 30 20 de
1277 3560 53 20 leur
1350 3559 70 20 veste
1431 3563 6 15 :
1455 3562 59 16 sous

1043 3597 56 20 leur
1109 3595 114 20 manteau
1239 3589 109 26 écourté,
1365 3590 31 21 ils
1410 3593 43 18 ont
1465 3595 49 16 une

1045 3627 118 23 camisole
1171 3625 58 21 d’un
1240 3624 112 22 mauvais
1358 3623 60 27 drap
1425 3623 89 27 jeaune

1027 3651 6 39 j
1044 3668 31 16 ou
1085 3666 78 22 rouge
1175 3664 63 16 avec
1248 3663 49 15 une
1308 3658 71 19 veste
1389 3655 126 27 de.pareil-

1044 3696 22 19 le
1079 3693 83 22 étoffe,
1173 3692 64 21 mais
1248 3691 31 21 de
1299 3689 102 22 couleur
1418 3689 78 21 brune
1507 3693 6 16 :

1505 405 31 21 ils
1548 406 44 20 ont
1603 406 56 20 tous
1668 405 37 20 les
1718 405 107 23 botines,
1843 405 31 19 du
1894 407 82 16 moins

1505 443 63 15 ceux
1580 437 41 26 qui
1635 438 57 20 sont
1708 443 30 14 un
1759 442 47 21 peu
1819 435 12 21 à
1843 436 54 20 leur
1915 435 60 24 aise,

1505 470 21 20 &
1539 469 60 21 c’est
1611 469 95 27 l’usage
1726 470 43 20 des
1791 469 98 21 Prêtres
1901 467 22 21 &
1934 468 44 20 des

1505 502 144 27 Religieux.
1664 502 66 21 Pour
1743 503 36 19 les
1791 500 187 28 montagnards,

1507 534 31 21 ils
1550 536 123 19 couvrent
1684 535 67 19 leurs
1756 534 96 26 jambes
1862 534 31 20 de
1900 538 80 22 peaux

1506 567 30 21 de
1541 566 91 22 chèvre
1639 566 63 22 dont
1708 567 22 20 le
1740 566 51 27 poil
1798 568 38 19 est
1841 572 30 15 en
1878 565 100 22 dehors:

1506 601 53 20 leur
1570 599 135 22 chaussure
1717 599 95 27 répond
1825 605 29 15 au
1866 601 64 19 reste
1949 598 30 21 de

1506 634 54 20 leur
1571 633 164 21 habillement
1745 639 5 19 ;
1766 639 28 15 ce
1810 634 57 20 sont
1880 632 101 21 d’infor-

1507 672 52 15 mes
1583 666 106 21 souliers
1714 666 71 26 plats,
1810 666 61 20 dont
1890 666 23 20 le
1929 665 53 20 cuir

1508 698 64 21 n’est
1580 699 71 27 point
1658 698 138 28 corroyé,&
1805 698 72 27 qu'ils
1885 697 97 28 garnis-

1509 733 54 20 sent
1570 732 30 20 de
1610 732 86 21 clouds
1707 737 61 21 pour
1776 737 26 15 se
1810 731 111 21 soutenir
1927 731 55 26 plus

1509 763 122 22 aisément
1642 770 42 15 sur
1692 765 23 20 le
1727 764 125 27 penchant
1858 764 43 20 des
1913 768 65 17 mon-

1509 800 86 24 tagnes
1607 797 23 21 <&
1641 797 44 21 des
1698 796 212 28 précipices.qu'il
1929 797 55 20 leur

1510 830 52 21 faut
1571 836 56 15 sans
1639 836 71 15 cesse
1719 830 138 26 parcourir.
1877 829 32 22 Ils
1926 833 58 17 sont

1511 863 60 21 dans
1580 863 64 21 Leurs
1654 869 108 19 courses,
1773 862 79 22 armés
1860 863 30 20 de
1902 862 79 25 fusils,

1511 896 31 20 de
1565 895 130 27 pistolets,
1717 896 31 21 de
1767 895 137 28 poignards
1915 894 22 22 &
1954 895 30 21 de

1512 929 80 21 stilets
1602 935 6 15 :
1634 929 30 21 ils
1682 931 45 19 ont
1746 935 50 14 une
1820 928 129 21 cartouche
1971 927 13 21 à

1511 963 54 20 leur
1577 962 121 25 ceinture,
1712 962 83 27 pleine
1811 962 30 21 de
1856 962 95 27 poudie
1963 961 21 21 &

1512 995 31 21 de
1556 995 97 27 plomb:
1668 996 32 20 ils
1712 997 103 25 portent
1831 995 65 21 aussi
1918 994 68 22 ordi-

1513 1029 137 20 nairement
1662 1034 50 15 une
1726 1028 92 28 gourde
1832 1028 104 26 remplie
1955 1028 31 20 de

1514 1061 52 25 vin,
1583 1061 22 21 &
1618 1063 30 19 ùn
1662 1062 65 26 petit
1738 1067 40 15 sac
1793 1061 33 22 où
1836 1062 31 21 ils
1881 1063 105 19 mettent

1514 1094 32 21 du
1559 1095 56 26 pain
1628 1095 30 20 de
1670 1094 140 28 cbâteigne,
1824 1100 32 16 ou
1872 1094 56 21 bien
1942 1094 44 21 des

1514 1127 145 27 châteignes
1671 1128 86 21 rôties.
1775 1127 67 21 Dans
1862 1130 38 19 cet
1918 1127 69 27 équi-

1514 1166 64 22 page
1591 1161 32 20 ils
1634 1163 152 24 parcourent
1803 1163 55 19 tout
1876 1162 23 20 le
1917 1166 69 22 pays.

1516 1194 44 20 Les
1572 1194 105 21 femmes
1689 1194 44 20 des
1745 1194 176 27 montagnards
1931 1196 57 18 sont

1516 1227 89 20 vêtues
1618 1226 29 21 de
1659 1227 22 20 la
1694 1227 81 20 même
1787 1226 75 21 étoffe
1874 1232 46 21 que
1933 1227 55 20 leur

1517 1259 72 21 mari:
1603 1264 41 16 sur
1655 1260 56 20 leur
1722 1259 112 21 cheveux
1846 1259 100 26 tressés,
1958 1265 30 15 au

1516 1292 51 21 lieu
1579 1292 31 21 de
1632 1293 102 25 bonnet,
1754 1293 62 20 elles
1837 1295 101 25 portent
1956 1299 32 15 un

1517 1325 89 28 béguin
1628 1326 30 20 de
1677 1326 64 21 toile
1758 1325 105 28 jeaune:
1881 1332 62 21 pour
1961 1332 27 15 ce

1516 1359 40 26 qui
1566 1362 39 18 est
1614 1359 30 20 de
1655 1359 56 21 leur
1719 1358 142 26 chaussure,
1874 1360 22 20 la
1906 1361 82 20 nature

1517 1399 30 15 en
1559 1399 13 15 a
1585 1393 44 21 fait
1639 1394 37 20 les
1688 1393 74 22 frais:
1779 1395 60 20 elles
1851 1397 62 18 vont
1933 1400 55 15 sans

1518 1427 42 20 bas
1571 1426 23 22 &
1605 1432 57 15 sans
1671 1427 105 21 souliers
1784 1427 13 21 à
1806 1428 65 21 leurs
1879 1427 109 27 pénibles

1516 1461 113 24 travaux,
1641 1460 23 21 &
1673 1460 13 21 à
1694 1459 92 29 l’égard
1795 1461 31 20 de
1835 1462 22 20 la
1866 1460 122 28 propreté,

1518 1494 60 20 elles
1590 1499 31 15 ne
1633 1493 50 21 s’en
1697 1493 104 27 piquent
1814 1500 42 21 pas
1870 1494 57 27 plus
1944 1500 44 21 que

1519 1532 63 15 ceux
1592 1532 62 15 avec
1666 1527 108 26 lesquels
1787 1527 61 21 elles
1860 1529 57 19 sont
1935 1533 53 15 con-

1518 1558 116 19 finmnèpc
1644 1558 12 19 à
1671 1559 72 18 vivrp

1550 1592 31 21 La
1594 1592 87 26 Corse,
1694 1592 94 28 malgré
1801 1599 28 15 ce
1848 1593 71 27 qu’en
1933 1600 12 14 a
1957 1594 36 21 dit

1525 1625 114 22 îutrefois
1648 1625 121 28 Séneque,
1784 1630 37 18 est
1830 1626 13 22 à
1855 1626 99 28 présent
1961 1634 31 15 en

1525 1658 95 29 général
1632 1665 33 15 un
1677 1659 52 21 très
1750 1660 49 21 bon
1822 1666 71 22 pays.
1916 1660 20 21 Il
1956 1663 37 18 est

1525 1693 133 27 :ependant
1670 1693 53 21 vrai
1736 1698 47 22 que
1794 1694 37 20 les
1843 1693 90 22 marais
1952 1694 41 26 qui

1525 1732 23 15 5e
1559 1728 121 19 trouvent
1694 1731 44 16 sur
1750 1727 23 20 la
1788 1726 57 21 côte
1867 1726 128 22 Orientale

1525 1760 28 21 3e
1564 1761 65 19 cette
1641 1758 58 26 Isle,
1714 1765 17 22 y
1745 1759 135 27 répandent
1894 1760 43 21 des
1952 1766 42 16 ex-

1525 1793 121 22 halaisons
1658 1793 42 27 qui
1713 1793 104 22 rendent
1827 1793 55 21 l’air
1888 1794 108 27 grossier

1525 1827 20 21 &
1555 1827 53 20 mal.
1616 1826 52 21 sain
1680 1832 6 15 :
1700 1826 59 21 c’est
1770 1826 186 27 probablement
1968 1833 28 16 ce

1525 1860 40 26 qui
1577 1865 13 15 a
1614 1859 210 21 insensiblement
1843 1859 119 27 dépeuplé
1973 1860 23 22 &

1525 1892 68 22 ruiné
1603 1893 37 21 les
1652 1891 82 22 Villes
1746 1893 30 20 de
1785 1892 120 27 Mariana,
1914 1893 83 22 d’Ale-

1525 1927 35 20 ria
1572 1926 22 21 &
1606 1926 36 21 les
1657 1928 80 19 autres
1751 1926 42 26 qui
1809 1932 26 15 se
1849 1927 147 21 trouvoient

1525 1958 117 22 autrefois
1653 1964 43 15 sur
1707 1961 65 19 cette
1782 1958 75 28 Plage
1866 1965 6 18 ;
1885 1959 112 22 mais'sur

1525 1993 23 20 la
1560 1991 55 22 côte
1629 1990 163 23 Occidentale
1803 1991 23 21 &
1838 1992 61 21 dans
1913 1993 23 20 le
1950 1999 47 15 mi-

1525 2026 48 20 lieu
1586 2025 32 21 de
1628 2024 76 26 l’Isle,
1718 2024 55 22 l’air
1783 2031 17 22 y
1813 2028 37 18 est
1869 2026 66 21 aussi
1950 2032 48 21 pur

1525 2058 23 22 &
1558 2058 67 21 aussi
1638 2058 53 21 sain
1705 2063 45 22 que
1764 2061 111 24 par-tout
1889 2059 108 26 a-ilieurs,

1525 2092 23 20 &
1558 2091 51 22 l’on
1632 2097 17 22 y
1671 2091 40 21 vit
1732 2092 66 21 aussi
1823 2093 142 27 longtemps
1976 2093 22 21 &

1526 2126 61 20 dans
1606 2131 48 15 une
1672 2125 67 21 aussi
1761 2125 82 22 bonne
1864 2125 78 22 santé.
1964 2126 32 21 Le

1526 2158 79 22 chaud
1616 2157 22 22 &
1649 2158 24 21 le
1693 2157 64 22 froid
1782 2164 31 15 ne
1836 2162 58 18 sont
1916 2165 43 21 pas
1983 2159 13 21 à

1527 2192 123 26 beaucoup
1662 2191 56 27 près
1730 2192 36 21 les
1775 2192 94 21 mêmes
1881 2195 117 24 par-tout;

1526 2226 25 21 le
1562 2225 66 21 froid
1639 2230 77 22 régné
1729 2231 41 15 sur
1784 2226 36 20 les
1837 2228 161 25 montagnes;

1528 2259 24 20 le
1574 2258 80 21 chaud
1673 2263 28 16 se
1721 2258 44 21 fait
1787 2259 82 20 sentir
1888 2259 61 21 dans
1964 2260 36 21 les

1527 2292 103 27 plaines,
1654 2291 63 21 mais
1736 2292 22 20 la
1776 2291 136 27 proximité
1931 2292 29 21 de
1978 2294 22 19 la

1527 2331 55 15 mer
1597 2325 62 21 rend
1671 2325 138 27 cependant
1820 2324 48 22 l’un
1882 2325 22 21 &
1915 2325 86 22 l’autre

1527 2358 181 28 supportables.

1556 2392 31 21 La
1599 2394 66 19 terre
1676 2397 18 22 y
1706 2392 94 21 fournit
1813 2398 27 15 ce
1853 2392 41 27 qui
1907 2394 37 19 est
1959 2392 40 21 né-

1528 2425 114 25 cessaire,
1663 2430 51 17 non
1730 2426 138 21 seulement
1879 2425 13 21 à
1904 2425 102 22 l’entre-

1528 2459 61 24 tien,
1603 2458 62 21 mais
1679 2463 93 16 encore
1792 2463 49 16 aux
1861 2458 92 21 délices
1971 2459 31 21 de

1528 2493 24 20 la
1562 2492 56 25 vie;
1634 2491 21 21 si
1669 2492 48 21 elle
1729 2490 63 22 étoit
1806 2491 118 26 cultivée,
1938 2497 65 16 com-

1529 2531 39 16 me
1577 2526 47 21 elle
1636 2525 115 27 pourroit
1771 2524 78 26 l’être,
1868 2525 48 21 elle
1937 2525 65 21 suffi-

1528 2559 51 21 rait
1586 2558 14 21 à
1611 2559 23 20 la
1645 2558 157 21 subsistance
1815 2558 56 21 d’un
1882 2559 56 20 bien
1947 2560 56 25 plus

1529 2591 78 27 grand
1622 2590 104 22 nombre
1743 2589 156 22 d’Habitans.
1925 2590 79 22 Outre

1529 2625 36 20 les
1577 2624 68 21 bleds
1658 2624 30 20 de
1701 2625 82 20 toutes
1795 2623 103 27 espèces
1916 2623 88 28 qu’elle

1530 2658 102 26 produit
1643 2663 31 15 en
1686 2657 151 25 abondance,
1849 2657 47 21 elle
1905 2657 101 27 produit

1531 2690 148 22 d’excellens
1691 2690 91 21 raisins
1793 2689 23 21 &
1828 2691 30 20 de
1869 2690 80 21 belles
1960 2691 45 21 oli-

1531 2730 54 20 ves,
1596 2724 60 22 dont
1668 2728 31 17 on
1713 2723 112 27 pourroit
1834 2723 62 21 faire
1905 2723 30 21 de
1943 2723 62 22 très-

1532 2758 47 22 bon
1591 2757 54 25 vin,
1657 2756 23 21 &
1690 2757 31 20 de
1733 2756 86 21 l'huile
1830 2757 41 26 qui
1883 2763 31 14 ne
1934 2756 72 22 céde-

1531 2791 51 22 rait
1592 2790 53 28 qu’à
1655 2790 62 21 celle
1729 2789 29 21 de
1772 2789 136 26 Provence,
1922 2790 20 21 si
1954 2790 51 21 l’on

1532 2824 98 29 sçavoit
1640 2823 101 21 cueillir
1751 2828 40 16 ces
1807 2822 72 22 fruits
1891 2822 13 22 à
1915 2825 89 26 temps,

1532 2858 23 21 &
1564 2858 37 21 les
1614 2857 123 27 apprêter.
1751 2855 50 22 Elle
1821 2856 102 26 produit
1940 2857 64 20 aussi

1533 2889 110 29 quantité
1655 2890 30 20 de
1707 2889 103 25 citrons,
1832 2889 31 20 de
1882 2889 91 22 limons
1985 2889 21 22 &

1534 2924 152 27 d’orangers,
1719 2923 41 26 qui
1789 2921 130 28 presqu’en
1952 2925 61 19 tour

1533 2960 90 25 temps,
1626 2955 102 28 chargés
1732 2956 29 21 de
1769 2955 72 22 fruits
1853 2954 22 22 &
1886 2955 120 26 defleurs,

1535 2991 156 21 embaument
1703 2988 54 22 l’air
1769 2988 56 22 d‘un
1840 2989 97 26 parfum
1950 2994 58 16 con-

1534 3024 89 25 tinuel,
1636 3023 22 21 &
1670 3024 110 20 tonnent
1810 3023 23 20 le
1865 3023 56 26 plus
1944 3022 65 21 riant

1536 3057 130 28 spectacle.
1691 3055 63 22 Mais
1774 3056 23 20 la
1818 3056 147 26 production
1985 3056 22 20 la

1537 3092 54 26 plus
1598 3089 124 22 ordinaire
1733 3088 22 21 &
1765 3089 24 20 la
1798 3089 55 26 plus
1859 3088 148 26 abondante,

1537 3126 37 19 est
1582 3124 61 21 celle
1653 3123 45 21 des
1708 3121 167 28 châtaigners.
1889 3120 73 22 L’Isle
1972 3123 37 20 est

1536 3157 104 27 remplie
1651 3156 31 21 de
1695 3160 42 17 ces
1747 3155 94 25 arbres,
1854 3154 22 20 &
1887 3155 23 20 le
1920 3154 89 27 peuple

1537 3198 30 15 ne
1579 3191 39 21 vit
1630 3194 105 23 presque
1747 3193 47 22 que
1816 3188 30 21 de
1865 3188 55 20 leur
1939 3187 68 21 fruit.

1539 3225 21 21 A
1571 3223 149 27 l’exception
1730 3222 44 21 des
1782 3222 82 26 loups,
1875 3221 43 21 des
1929 3221 81 26 lapins

1538 3258 21 21 &
1571 3257 44 21 des
1632 3257 64 26 pies,
1717 3260 31 16 on
1759 3260 19 22 y
1788 3256 89 19 trouve
1896 3256 57 19 tous
1973 3254 37 20 les

1538 3292 83 20 autres
1632 3289 117 21 animaux
1760 3288 33 20 du
1809 3287 139 21 continent.
1964 3286 46 21 Les

1540 3324 89 21 merles
1650 3323 108 20 sur-tout
1780 3326 17 22 y
1817 3320 131 24 abondent,
1960 3318 23 22 &
1994 3325 17 22 y

1540 3359 57 20 sont
1615 3356 58 21 d’un
1689 3354 61 28 goût
1769 3359 48 21 que
1836 3353 124 27 plusieurs
1979 3358 31 15 ne

1539 3391 118 21 trouvent
1667 3388 73 27 point
1748 3386 120 22 inférieur
1875 3386 13 21 à
1896 3386 62 21 celui
1967 3385 45 21 des

1540 3424 116 21 ottolans.
1678 3420 20 22 Il
1719 3426 18 23 y
1755 3426 13 15 a
1790 3420 120 26 quelques
1928 3424 58 15 vers
1998 3417 13 22 à

1541 3462 60 22 soye
1612 3456 62 20 dans
1684 3453 76 25 l’isle,
1771 3454 107 19 sur-tout
1886 3451 14 21 à
1909 3452 88 26 Ajacio
2004 3457 6 19 ;

1540 3490 62 21 mais
1613 3494 28 15 ce
1652 3492 138 17 commerce
1797 3488 38 19 est
1843 3485 58 21 bien
1914 3483 98 28 éloigné

1541 3522 75 22 d’être
1627 3519 92 29 poussé
1736 3518 114 29 jusqu’où
1864 3519 16 20 il
1899 3518 114 27 pourroit

1541 3556 61 20 être.
1615 3553 21 22 Il
1645 3559 19 22 y
1675 3559 12 15 a
1701 3559 47 21 peu
1759 3552 32 21 de
1809 3551 105 22 rivières
1932 3551 81 21 consi-

1542 3587 121 24 dérables,
1675 3585 23 21 &
1709 3591 95 15 aucune
1827 3584 64 21 n’est
1912 3584 102 26 naviga-

1540 3622 49 23 ble,
1613 3619 63 22 mais
1700 3620 82 19 toutes
1801 3619 56 19 sont
1876 3617 138 20 extrêment

1541 3653 210 28 poissonneuses:
1765 3651 63 20 elles
1840 3651 57 20 sont
1910 3650 104 20 surtout

1541 3686 119 27 remplies
1673 3685 32 21 de
1718 3684 90 22 truites
1827 3683 36 21 les
1878 3682 56 28 plus
1949 3681 60 21 déli-

1999 115 93 21 cieuses
2115 114 22 21 &
2160 113 37 21 les
2225 110 145 23 meilleures
2397 113 32 21 qu
2440 111 31 15 ou

1999 147 79 28 puisse
2091 151 112 22 manger.
2217 144 81 22 Parmi
2317 143 36 21 les
2365 139 109 24 rivières

1999 181 31 20 de
2043 180 75 23 l’Isle,
2139 179 17 21 il
2174 185 16 21 y
2207 184 29 15 en
2253 184 11 14 a
2280 182 47 15 une
2347 175 41 27 qui
2412 172 62 23 n’est

1999 211 190 29 pourtantqu’un
2199 211 120 23 ruisseau,
2327 208 63 22 mais
2400 205 73 28 qu’on

2000 252 29 14 ne
2041 246 53 21 doit
2106 250 45 22 pas
2163 243 107 24 oublier,
2284 241 13 22 à
2312 247 74 15 cause
2402 240 13 20 d
2426 244 48 15 une

2002 276 125 29 propriété
2158 275 135 29 singulière
2318 280 30 20 qu
2360 274 46 20 ont
2435 277 39 15 ses

2002 317 78 19 eaux;
2095 310 59 22 c’est
2163 310 29 21 de
2206 308 65 28 polir
2283 307 21 21 &
2318 307 30 20 de
2362 303 114 24 blanchir

2002 345 22 21 le
2034 346 35 19 1er
2080 343 74 27 qu’on
2163 349 17 22 y
2195 345 58 22 met,
2267 341 22 21 &
2302 340 31 21 de
2348 340 23 20 le
2386 337 88 22 rendre

2002 384 28 15 au
2044 378 60 21 bout
2119 377 30 21 de
2169 376 106 27 quelque
2296 376 90 24 temps,
2409 370 67 22 aussi

2003 411 59 27 poli,
2075 411 23 20 6c
2109 410 66 21 aussi
2188 409 103 21 brillant
2303 414 48 21 que
2372 407 30 20 de
2421 404 56 22 l’ar-

2004 446 65 26 gent.
2082 443 36 21 Ce
2128 443 112 21 ruisseau
2252 441 120 27 s’appelle
2390 439 88 21 Resto-

2006 477 53 21 nica
2068 483 6 19 ;
2088 476 18 21 il
2118 482 13 14 a
2143 475 48 22 fort
2203 481 48 21 peu
2269 475 30 21 de
2312 479 79 19 cours,
2405 477 71 22 passe

2005 509 91 27 proche
2109 508 85 25 Corte,
2207 508 22 20 &
2242 514 30 14 va
2286 513 26 15 se
2325 507 75 26 jetler
2415 504 62 21 dans

2005 543 22 20 le
2040 541 153 27 Tavignano.

2171 591 11 26 (
2185 590 146 27 Cuntiiiua)

2008 705 106 24 Storia
2126 704 157 30 Populare
2296 704 33 24 d!
2342 703 137 25 Corsica

2161 742 163 25 îüustrata

2169 780 28 21 di
2211 781 30 21 P.
2250 780 28 21 di
2290 780 28 21 C.

2064 828 41 22 Un
2117 828 101 21 volume
2232 828 25 20 di
2273 827 39 21 128
2325 828 99 26 pagine.

2039 874 4 4 ‘
2059 872 69 18 Prezzu
2142 872 19 17 in
2177 872 102 22 Stamparia
2285 877 5 12 :
2310 871 15 18 4
2335 871 97 18 franchi.

2112 968 147 59 Compra
2278 967 104 48 (mil

2061 1066 20 19 O
2092 1072 87 19 povera
2188 1066 154 23 Cursichella,

2061 1093 108 20 Tamanti
2179 1094 47 20 sòli
2236 1094 31 19 to’
2276 1094 54 24 guai
2339 1093 6 20 !

2061 1121 110 20 Anch’eiu
2180 1122 17 19 ti
2206 1121 51 20 dieu
2266 1121 70 25 oghie
2343 1128 6 13 :

2061 1148 76 20 «Bene
2145 1149 132 20 unn’avarei
2288 1149 70 20 mai!»

2063 1176 95 23 Perché,
2167 1176 34 20 fia
2211 1177 15 19 li
2237 1177 30 19 to’
2276 1177 91 24 figlioli,

2062 1204 95 24 Troppu
2166 1204 106 20 traditori
2283 1205 19 19 ci
2313 1205 47 19 hai.

2065 1261 49 20 Una
2125 1262 68 23 volta,
2203 1268 14 14 o
2226 1262 155 24 Cursichella,

2064 1289 100 25 Quandu
2175 1290 95 20 vinduta
2280 1291 107 23 se’stata,

2064 1318 85 19 L’aima
2158 1318 23 19 di
2190 1318 16 19 li
2216 1318 30 20 to’
2256 1318 83 25 figlioli

2062 1346 85 20 Subitu
2156 1346 31 19 s’è
2196 1346 118 24 rivultata,

2065 1374 17 19 E
2091 1378 84 16 contru
2184 1375 24 19 lu
2218 1375 157 25 cumpradoie

2066 1402 30 19 La
2105 1408 83 19 guerra
2197 1402 24 20 fù
2230 1404 111 19 arrabiat-
2351 1418 7 5 .

2065 1461 37 20 Ma
2111 1462 16 19 li
2137 1462 70 25 tempi
2217 1463 25 19 sò
2251 1463 119 20 cambiati.

2066 1489 38 20 Oh
2111 1490 6 19 !
2127 1490 36 19 chi
2172 1490 81 20 dulore
2261 1495 106 15 tamanlu
2376 1490 6 20 !

2066 1518 74 19 Avale
2148 1518 27 19 sò
2184 1518 40 19 elli
2233 1518 72 20 stessi

2067 1544 43 20 Chi
2119 1545 21 20 si
2148 1550 104 15 mettenu
2261 1553 13 12 a
2283 1546 7 20 l
2299 1546 98 20 incanlu

2068 1573 17 19 E
2094 1573 85 20 dicenu
2188 1580 12 13 a
2210 1574 160 25 l’incettaghiu
2378 1581 6 12 :

2068 1605 11 11 «
2086 1601 42 20 Aiò
2135 1602 6 19 !
2151 1606 90 20 pagate,
2251 1602 51 19 ch’è
2310 1606 66 16 tantu
2385 1603 6 18 !
2399 1610 11 11 »

2068 1662 21 20 O
2098 1669 86 17 povera
2193 1662 154 23 Cursichella,

2068 1690 51 20 Nun
2129 1690 19 20 si
2157 1692 30 23 pô
2196 1697 55 18 para
2258 1690 86 20 l’aftare
2351 1691 6 19 !

2069 1718 34 20 Cu
2112 1718 23 20 la
2143 1719 33 19 so’
2183 1718 116 21 sacchetta
2308 1719 71 24 piena

2070 1746 109 20 Lederlin
2187 1746 80 20 franca
2277 1747 23 19 lu
2310 1753 73 15 mare,

2071 1774 17 20 E
2097 1775 54 19 tutti
2160 1775 16 19 li
2185 1774 135 25 capi-banda

2071 1803 25 19 Li
2105 1809 130 18 preparanu
2245 1803 97 19 l’altare.

2070 1858 21 23 Ô
2101 1861 77 23 Corsi,
2186 1865 49 16 sete
2245 1861 86 20 cascati

2072 1890 41 19 Più
2122 1890 78 24 ’nghiò
2214 1890 42 20 che
2265 1891 109 19 muntoni
2384 1897 12 13 e
2406 1891 36 19 boi
2450 1898 6 13 :

2072 1917 91 24 Ouesti,
2174 1924 41 18 per
2224 1918 170 23 vendeli,nimu

2071 1946 121 19 Dumanda
2201 1946 72 19 l’avisi
2281 1946 34 19 soi
2323 1953 6 16 ;

2071 1973 37 20 Ma
2117 1973 36 20 voi
2162 1973 53 20 altri
2220 1983 26 4 —
2251 1974 37 19 chi
2297 1980 115 19 vergogna
2419 1974 6 20 !
2432 1986 26 4 —

2071 2001 28 20 Vi
2108 2002 92 19 vendite
2209 2002 27 19 da
2246 2008 41 18 per
2297 2003 46 19 voi.

2072 2061 21 20 O
2104 2061 72 23 Paoli,
2185 2061 182 24 Sambucucciu,

2073 2090 134 23 Bonaparte
2216 2096 28 13 cu
2253 2089 133 26 Sampieiu,

2073 2117 43 20 Voi
2125 2117 144 20 ch’amavate
2278 2118 72 20 Cirnu

2074 2145 105 20 D’amore
2185 2146 89 24 grande
2283 2152 13 13 e
2304 2146 104 23 sinceru,

2073 2172 97 26 Cuprite
2179 2174 20 19 la
2209 2178 80 15 vostra
2298 2174 75 20 faccia

2074 2200 53 21 Cun
2137 2207 30 14 un
2177 2202 89 24 grande
2276 2202 53 20 velu
2340 2208 60 13 neru
2409 2202 6 19 !

2075 2261 36 20 Ma
2119 2265 67 20 postu
2195 2261 37 20 chi
2242 2262 50 19 cusi
2302 2262 70 20 bassu

2076 2289 32 19 Lu
2118 2289 73 20 Corsu
2201 2290 19 19 si
2230 2290 36 19 n’è
2275 2290 97 22 cadutu,

2075 2317 21 19 O
2106 2317 52 23 Diu,
2167 2317 49 20 fate
2224 2317 129 25 scuppiane

2076 2344 100 21 Oualchi
2184 2345 87 24 grande
2280 2349 137 16 terramut-u.

2075 2372 90 21 Ch’ellu
2175 2373 18 20 si
2202 2373 60 24 porti
2271 2372 22 20 ie
2302 2379 54 14 case

2075 2400 56 20 Incu
2140 2400 93 25 ghiente
2243 2400 71 20 robba
2324 2407 12 13 e
2345 2405 63 16 tuttu
2418 2402 6 19 !

2081 2442 36 22 M.
2129 2442 154 22 Alessandri
2293 2442 29 22 di
2337 2443 134 21 Chidazzu.

2047 2554 153 30 Risposta
2213 2562 18 16 a
2252 2554 228 25 l'induvinella

2112 2590 34 24 di
2155 2598 23 15 u
2186 2589 21 24 4
2219 2590 145 30 maghiu.
2374 2590 40 32 (1)

2053 2653 86 18 Essendu
2148 2659 9 10 «
2164 2653 88 22 delegatu
2261 2659 16 11 ».
2287 2653 23 17 oh
2319 2653 5 18 !
2334 2653 31 18 chi
2375 2658 95 17 surpresa,

2051 2678 98 18 Picchiatu
2157 2678 25 18 ha
2190 2679 19 17 la
2216 2678 68 18 Müvra
2292 2683 11 13 a
2311 2679 19 17 le
2338 2679 40 17 miô
2385 2680 62 21 porte.

2051 2704 107 22 Lett’aghiu
2167 2709 11 13 a
2186 2704 125 21 ’nduvinella,
2321 2708 11 13 e
2340 2704 18 18 si
2367 2706 65 19 palesà

2052 2729 34 18 Chi
2095 2730 69 21 quesla
2172 2734 41 13 nun
2221 2729 25 21 pô
2254 2733 43 14 esse
2306 2729 36 18 che
2351 2730 19 16 la
2379 2729 70 18 botte.

2051 2754 16 18 U
2074 2754 120 21 briacone,di
2203 2754 43 17 beie
2255 2759 26 12 un
2290 2754 16 17 si
2316 2759 53 17 para,

2052 2778 74 19 Benehè
2134 2780 29 17 sta
2170 2779 41 18 vita
2218 2779 28 17 sia
2255 2780 67 21 troppu
2330 2783 51 14 cara.

2321 2818 27 17 D.
2361 2817 120 19 Giannoni.

2344 2851 122 18 Pelraserem.

2048 2899 48 18 (l)Sta
2100 2899 68 18 risposta
2173 2899 64 14 essendu
2241 2899 43 17 jnsla
2288 2902 9 11 e
2302 2898 67 17 gliiùnia
2374 2902 8 10 a
2388 2899 65 17 prima,u
2458 2898 51 15 vinef-

2032 2920 33 13 tore
2069 2919 14 14 ci
2088 2918 93 15 dumanderù
2186 2922 10 10 a
2204 2918 102 18 pnblicazione
2311 2922 10 10 a
2327 2918 22 14 so’
2354 2918 53 16 scella,
2412 2918 36 14 d’un
2454 2919 53 13 valore

2032 2939 76 17 dicinque
2113 2938 65 14 franchi.

2183 3035 23 18 H.
2215 3034 140 19 YVIA-CROCE

2161 3083 216 21 ANTHOLOGIE

2236 3118 63 22 DES

2115 3154 174 22 ECRIVAINS
2305 3154 119 21 CORSES

2186 3203 91 15 EXTRAITS
2285 3201 69 17 VARIÉS

2203 3225 134 18 ACCOMPAGNÉS

2036 3255 22 14 DE
2066 3254 75 15 NOTICES
2148 3253 146 17 BIOGRAPHIQUES
2302 3254 23 13 ET
2334 3253 175 15 BfBI.fOCRAPlMOlJES

2143 3279 22 14 ET
2174 3279 21 14 DK
2205 3278 56 15 NOTES
2269 3278 134 15 EXPLICATIVES

2222 3312 98 17 ILLUSTRÉS

2148 3341 22 13 DK
2179 3339 95 16 NOMBREUX
2285 3337 112 17 FAC-SIMILÉS

2148 3368 54 14 AVEC
2214 3368 42 14 U.VE
2263 3364 98 18 PRÉFACE
2369 3368 28 13 RE

2162 3393 24 14 M.
2195 3393 62 14 PAUL
2266 3392 115 15 GRAZIANI

2114 3418 84 15 Archiviste
2209 3418 119 17 Départemenlal
2336 3418 18 13 de
2363 3418 15 13 la
2386 3418 44 14 Corse

2202 3453 50 15 TOME
2259 3453 81 14 PREMIER

2113 3480 37 16 (XV-
2159 3479 31 14 XVI
2207 3479 44 14 XVII-
2260 3479 23 13 ET
2291 3479 46 14 XVIII
2353 3475 77 19 SIÈCLES)

2061 3517 5 17 1
2076 3516 38 17 vol.
2124 3516 20 17 in
2152 3516 44 17 S°di
2206 3515 34 18 332
2250 3515 77 22 pagine:
2341 3515 28 17 20
2381 3514 97 18 franchi.

2129 3562 66 18 Ajaccin,
2203 3561 85 18 Stamparia
2296 3561 15 14 di
2319 3561 18 14 A
2344 3560 73 15 Muvra.

2039 3647 136 21 Aiaeciu—
2185 3642 134 32 Sîamparia
2332 3645 13 21 <1
2348 3645 8 21 i
2372 3646 20 20 A
2405 3645 102 23 Muvra,

2040 3686 15 15 u
2067 3678 238 23 Diretlore-Gerenle:
2315 3678 70 21 Pelru
2397 3676 110 22 ROCCA.
