2700 3948
90 630 16 30 ï
124 625 170 34 Garofali

146 702 14 18 A
170 701 57 18 Pelru
235 700 21 19 di
265 700 58 19 Niolu

63 746 20 18 In
91 743 49 19 cima
147 742 20 18 di
177 742 19 17 le
204 742 102 21 munlagne

61 770 37 20 Più
106 768 37 18 alte
152 767 19 18 di
178 767 22 17 lu
208 766 62 22 Niolu,

63 797 52 17 Duve
121 793 71 18 volanu
200 792 88 23 l’altagne

63 821 14 19 E
84 819 54 19 canta
145 818 21 17 lu
174 817 118 22 russignolu,

63 846 34 18 Fra
104 844 8 18 i
117 842 74 21 trivuli,
197 847 12 13 a
214 842 57 18 mezzi
277 842 66 23 scogli,

45 870 100 25 Spunlaun
157 868 48 18 fiore
213 868 130 22 carnpagnolu.

63 925 15 18 U
85 922 84 24 garofalu
178 926 93 18 pumposu

63 949 32 19 Chi
103 949 53 22 porla
165 952 26 13 un
197 951 55 14 nome
257 952 52 16 raru,

62 975 27 18 Un
94 973 86 23 profume
188 972 98 22 deliziosu,

62 1000 33 19 Più
103 998 40 18 fine
151 1002 21 14 ca
177 998 21 17 lu
204 998 82 21 nettaru,

42 1024 61 25 Qual’è
110 1023 56 19 ch’un
174 1023 39 17 Plia
220 1022 103 18 rimarcatu
333 1022 10 18 ?

62 1049 62 23 Qual’è
132 1049 57 17 ch’un
198 1048 20 17 lu
228 1048 42 18 lene
278 1053 45 14 caru
333 1048 10 18 ?

61 1105 28 19 Un
97 1104 57 22 pueta
161 1102 20 18 di
190 1102 38 18 ’sse
236 1103 60 21 parte,

60 1129 81 21 Fendusi
155 1133 39 13 una
210 1127 131 23 spassighiala,

61 1156 39 18 Cun
108 1155 83 22 ingegnu
198 1154 99 17 ecunarte

62 1181 46 19 N’ha
116 1180 50 18 coltu
175 1183 39 14 una
221 1179 109 21 mazzulala,

60 1205 63 24 Eppoi,
128 1204 112 23 unghiornu
247 1204 20 18 di
274 1205 67 20 ventu,

59 1232 47 18 N’ha
114 1230 49 18 fattu
169 1230 18 18 la
196 1230 100 18 suminata.

60 1286 20 19 Si
87 1289 91 19 sparsenu
183 1284 21 18 in
210 1284 44 23 ogni
258 1284 49 21 locu,

58 1311 128 19 Trafranconu
191 1310 21 17 lu
218 1309 90 23 pughiale
313 1313 6 17 ;

58 1337 17 18 A
82 1341 13 13 u
104 1335 79 19 soffiuli
191 1335 54 18 basta
252 1336 55 21 pocü,

59 1361 72 19 Unn’ha
138 1361 82 22 hisognu
225 1360 20 18 di
251 1360 43 22 pale
301 1364 6 17 ;

59 1387 24 18 Se
90 1387 18 18 si
116 1387 58 17 tratta
182 1386 21 17 di
211 1386 62 22 spulà,

59 1413 54 18 Basta
120 1411 71 19 ch’ellu
198 1411 63 18 stendi
268 1411 51 18 l’ale.

59 1467 21 18 Ci
86 1471 26 13 ne
119 1466 22 17 fù
148 1466 30 21 pe’
183 1466 19 18 le
210 1465 65 19 zitelle

58 1491 51 19 Dolci
118 1496 15 14 e.
137 1492 77 17 tennere
222 1491 21 17 di
252 1495 51 13 core.

58 1517 57 19 Sianu
124 1516 58 23 goffe,
188 1516 57 18 sianu
250 1516 57 21 belle,

59 1543 55 18 S’elle
121 1543 22 17 sò
151 1542 19 17 di
178 1542 63 21 primu
249 1545 69 17 amore,

59 1568 71 18 Seranu
138 1568 49 17 lutte
193 1568 90 17 euntenle

58 1594 25 18 Le
90 1594 83 18 vassalle
181 1597 11 14 e
200 1593 18 17 le
224 1592 84 23 signore.

59 1648 22 19 Ci
87 1653 26 13 ne
120 1648 21 18 fù
149 1648 29 23 pe’
186 1648 8 17 i
202 1647 101 18 ’namurati

59 1673 107 23 Chibejenu
175 1678 12 13 a
195 1673 114 18 trefuntane

59 1699 15 18 E
81 1704 41 13 nun
129 1699 22 17 sô
159 1698 38 18 mai
205 1697 113 19 suddisfatti

58 1724 46 18 Incu
111 1724 19 18 le
138 1724 22 18 sò
167 1724 85 22 paisane.
261 1741 4 4 .

58 1749 29 19 Un
93 1750 22 18 vi
122 1750 40 18 fate
167 1748 118 23 maraviglia,

58 1775 29 19 Un
94 1775 99 19 sembrinu
198 1779 44 13 cose
247 1775 71 20 strane,

60 1831 22 18 Ci
88 1835 25 14 ne
121 1830 22 18 fù
151 1835 33 18 per
190 1830 18 18 fà
217 1833 57 14 onore

58 1857 17 18 A
82 1857 15 18 li
105 1856 76 23 giovani
189 1855 76 23 spusaLi

59 1882 33 16 Chi
102 1882 73 18 ebbenu
183 1881 21 18 lu
212 1881 65 17 favore

59 1908 23 18 Di
88 1907 66 19 vedesi
161 1905 136 24 inghirlandati

59 1932 90 23 Epurtati
153 1932 21 18 in
179 1931 73 19 trionfu

60 1959 26 17 Da
92 1958 47 18 tutti
146 1958 16 18 li
170 1962 22 14 so
200 1956 82 19 ’nvitali.

59 2012 63 23 Sopr’a
130 2012 66 18 tomba
204 2011 20 18 di
232 2010 87 21 Rusetta,

57 2038 23 17 In
85 2042 61 18 segnu
154 2037 20 17 di
179 2041 47 18 gran
232 2036 77 22 disperu

58 2063 65 18 Ch’era
130 2067 39 13 una
184 2066 57 14 serva
252 2060 88 23 perfetta,

57 2088 30 18 Un
93 2088 65 18 amicu
164 2087 51 18 assai
221 2087 76 18 sinceru

58 2113 135 18 Cihavulsutu
201 2116 48 18 pone
253 2117 28 13 un
285 2111 49 18 fiore

38 2139 138 22 Sumiglientea
188 2143 14 12 u
213 2141 127 18 crespuneru-

57 2192 94 19 Ribumbò
158 2192 54 18 ind’u
220 2190 82 23 pasciale

58 2218 24 18 Di
88 2218 49 18 certi
145 2217 41 22 capi
195 2216 71 24 pastori

58 2243 41 22 Chi,
109 2243 51 23 privi
167 2242 64 23 d’ogni
239 2241 80 20 murale,

60 2268 101 23 Spoglianu
169 2268 8 18 i
185 2268 27 18 so’
221 2266 99 19 servitori.

57 2293 30 19 Ma
94 2295 103 17 senteranu
205 2293 18 18 le
232 2293 54 21 spine

58 2318 52 19 S’elli
119 2320 78 17 toccanu
205 2318 26 18 sti
239 2317 52 18 fiori.

58 2373 75 19 Unvale
141 2378 11 13 a
158 2373 123 18 tenel’ascosa

59 2399 26 18 Nè
92 2400 21 17 di
118 2399 43 18 falli
168 2398 139 22 cumplimentu
313 2402 6 16 ;

59 2424 32 19 Sta
97 2424 43 23 jent
146 2429 11 13 e
161 2424 56 18 tantu
221 2424 75 19 ritrosa,

57 2449 34 18 Piu
100 2450 59 18 d’unu
172 2449 50 18 séria
239 2449 103 17 scuntentu

59 2475 15 17 E
79 2476 69 21 prontu
157 2479 49 14 ancu
213 2479 12 12 a
230 2473 67 19 criticà

59 2500 83 23 L’acqua,
150 2501 21 17 lu
180 2500 41 18 sole
226 2503 12 14 o
245 2500 20 17 lu
274 2499 67 18 ventu.

59 2554 96 22 Inquant’a
159 2554 39 21 noi,
206 2558 24 14 eu
235 2553 74 23 piacere

59 2579 124 23 Ringaziemu
191 2579 21 18 lu
218 2579 57 22 pueta

59 2604 44 19 Incu
112 2605 71 22 parolle
191 2604 74 18 sincere

58 2629 105 19 Perch’ellu
169 2631 18 17 la
196 2630 17 18 si
224 2630 74 17 mereta

59 2655 30 18 Pe’
100 2656 8 17 i
119 2655 87 23 so’rigali
215 2654 71 21 fiuriti,
306 2657 5 6 '

59 2680 123 22 Infrisgittati
190 2681 21 17 di
216 2681 47 17 seta.

392 623 26 19 Ne
425 625 62 18 mandi
494 626 43 22 pur’
543 626 111 24 allrellanti,

391 649 156 20 N’inlricceremu
555 656 77 18 curone,

391 674 64 23 Eppoi,
465 680 38 14 cun
509 676 43 18 soni
563 682 10 13 e
581 678 57 22 canli,

390 700 108 19 Anderemu
507 707 11 13 a
526 702 22 18 lu
555 703 88 18 stradone

391 725 16 17 A
415 725 47 19 facci
471 732 28 12 un
507 728 78 17 cocchiu
594 728 82 19 d’amore

391 751 45 18 Incu
442 756 11 14 e
462 753 65 17 nostre
536 753 95 18 zilellone.

489 785 27 18 G.
525 785 29 19 A.
563 785 89 20 Canasi.

395 893 30 25 A
437 901 45 17 un
499 893 150 27 Giovanu

435 963 129 19 Iiinsiynamenli
568 965 65 14 raccolti

423 983 37 15 inde
467 987 35 11 una
510 984 57 14 zitella.

391 1017 65 18 Burria
465 1018 64 18 scrive
537 1023 81 13 canzone

390 1042 90 22 Quanl’in
488 1043 43 18 celu
540 1043 105 22 lucestelli,

389 1068 82 23 Impiegà
480 1068 20 18 in
510 1068 121 19 st’oecasione

390 1093 8 17 I
406 1093 38 18 miô
452 1094 72 18 versili
533 1094 33 22 più
575 1094 47 18 belli

390 1118 37 18 Per
434 1119 52 22 parla
494 1124 11 12 a
514 1124 45 13 core
567 1119 53 18 nettu

389 1144 23 19 Di
420 1144 117 22 cerL’ingrati
546 1144 66 18 zitelli.
632 1161 4 3 .

390 1205 30 19 Se
428 1204 77 24 pâssatu
514 1211 27 13 un
549 1206 90 18 affarettu

388 1231 180 19 Molt’interessente
576 1235 12 14 e
595 1232 67 16 slranu
668 1235 5 12 :

388 1256 30 19 Un
425 1261 81 14 vezzosu
514 1257 120 22 giuvanettu,

367 1282 38 18 Ben
412 1283 77 17 accorlu
498 1287 31 13 ma
536 1287 28 12 un
572 1282 29 22 po’
614 1285 58 18 vanu,

389 1307 86 18 Ghiunse
483 1307 45 18 inde
533 1307 16 18 li
554 1307 38 17 miò
600 1306 74 22 parenti

388 1333 17 17 A
413 1333 95 17 dumandà
516 1333 19 17 la
544 1332 38 18 miô
590 1336 64 14 manu.

388 1395 30 18 Ma
426 1400 46 18 soga
479 1395 63 18 li'miô
550 1394 81 23 parenti,

366 1420 36 18 Più
409 1421 36 18 cbe
452 1425 31 14 me
491 1421 99 18 vist’banu
597 1419 76 21 chiaru;

388 1446 84 18 Missenu
479 1444 145 24 l’impedimenti

389 1471 73 18 Cb’ellu
470 1471 27 18 mi
506 1470 70 19 tenissi
583 1475 52 16 caru,

388 1496 15 18 E
411 1502 27 12 un
445 1497 16 18 li
468 1497 83 21 dedenu,
560 1496 29 22 pe’
597 1496 76 20 sbezzu,

389 1521 39 19 Che
436 1527 26 12 un
469 1522 30 22 po’
508 1522 20 17 di
536 1521 49 18 caffè
592 1525 73 13 amaru.

388 1584 43 22 Eiu,
440 1585 111 18 essendumi
558 1584 70 20 zitella,

378 1610 72 18 -Poche
458 1615 43 13 cose
510 1610 86 18 riflettia.

388 1635 71 18 Franca
467 1640 11 13 e
485 1636 55 17 nelta
546 1634 66 23 vogliu
619 1633 54 18 dilla:

387 1661 17 17 A
412 1661 94 22 principiu
515 1660 18 18 ci
542 1660 57 21 ténia,

366 1686 30 18 Ma
403 1687 57 21 dopu,
470 1686 20 18 di
496 1686 59 22 jornu
559 1686 21 17 in
584 1685 88 22 ghiornu,

389 1711 25 18 La
422 1712 27 18 so’
459 1712 58 18 stima
528 1715 25 14 ne
560 1710 73 23 perdia.

388 1774 54 18 Ancu
449 1774 21 18 di
477 1773 65 22 ’razia,
551 1777 11 14 o
571 1772 85 23 Signore,

389 1799 35 19 Chi
432 1800 29 17 bo’
472 1799 58 18 m’ete
538 1798 116 22 cunsigliatu

387 1825 24 17 Di
419 1825 63 17 ricusà
490 1825 54 17 tante
552 1828 44 14 cose
604 1840 3 3 .

388 1850 73 18 Cb’ellu
469 1849 121 18 m’averebbe
597 1849 61 16 datu..

389 1875 35 18 Chi
430 1875 80 18 sarebbe
515 1875 57 21 stata,
582 1878 11 13 o
600 1873 44 21 Diu,

388 1901 65 18 Si’ssu
460 1901 51 17 Juda
524 1899 43 19 avia
576 1896 98 21 ’scultatu?

388 1963 120 18 D’accettalla
512 1967 38 13 cun
554 1961 89 23 pazienza

388 1989 22 17 Ti
418 1993 67 18 pregu,
495 1992 47 14 caru
550 1987 78 19 Matteu,

390 2013 41 22 Chi,
439 2018 21 14 se
465 2018 41 13 nun
510 2013 21 17 sô
540 2013 51 17 stata
597 2010 44 22 toia,

388 2038 17 19 U
410 2039 52 17 tortu
468 2043 40 13 nun
513 2038 22 17 fù
541 2037 20 18 lu
567 2036 60 21 meiu,

389 2063 73 19 Cb’ellu
467 2068 41 13 nun
513 2063 17 17 ti
537 2066 56 18 possa
598 2060 68 19 accade

389 2088 39 19 Cbe
433 2089 29 18 ciò
470 2088 50 18 cb’io
525 2088 17 17 ti
546 2091 60 19 pregu
611 2086 39 18 eiu.

388 2148 44 18 Nun
437 2149 55 17 crede
500 2148 66 20 micca,
573 2152 12 13 o
593 2146 63 22 Matté,

388 2173 53 19 Ch’io
449 2173 85 23 tivoglia
542 2174 55 17 tantu
603 2172 56 17 male.

388 2199 37 18 Per
431 2198 83 19 avemmi
523 2198 49 18 fattu
585 2197 43 22 què,

388 2223 170 24 Unn’ingrandasti
563 2223 69 18 casale.

389 2249 30 18 Ma
424 2254 39 13 nun
468 2248 76 19 vulerei
550 2248 19 18 fà
574 2248 56 18 crede

390 2274 36 19 Chi
431 2274 117 18 t’unn’abbia
556 2273 53 23 agitu
617 2271 56 19 male!

389 2331 45 19 Nun
442 2330 86 19 truverei
536 2330 106 22 dispiacere

390 2356 39 19 S’io
438 2357 14 17 ti
458 2356 63 18 faccïu
526 2356 19 17 le
553 2359 87 17 canzone;

389 2378 15 22 È
412 2383 30 17 tut
444 2383 20 17 tu
473 2382 29 18 ciò
511 2381 31 18 chi
552 2380 67 18 mereti

390 2407 31 18 Pe’
428 2412 11 13 a
445 2408 24 17 to’
477 2411 51 18 pocu
535 2407 50 17 bona
592 2405 71 18 azione.

389 2432 102 23 Pigliatine
499 2436 51 18 puru
561 2432 33 17 un’
598 2431 50 17 altra

390 2457 38 19 S’io
434 2462 40 14 nun
480 2458 22 17 sô
506 2462 12 13 a
524 2457 25 18 to’
553 2460 99 19 paragone.

389 2514 103 18 Trovaline
504 2518 50 18 puru
563 2517 37 14 una

369 2540 121 18 Ch’ell’abbia
495 2539 46 18 dota
545 2538 130 21 inbundanza;

390 2565 29 19 Un
426 2565 16 18 ti
449 2569 25 14 ne
481 2564 21 18 fà
510 2564 33 23 più
552 2568 35 18 per
593 2568 31 13 me

368 2590 61 19 Ch’un
437 2590 27 18 mi
472 2590 61 22 perdu
542 2589 19 17 di
570 2592 97 19 speranza.

389 2616 109 18 Anderemu
504 2619 42 13 unu
551 2614 80 18 el’altru

390 2641 66 18 Dunde
465 2640 18 18 ci
488 2641 55 21 porta
551 2640 18 17 la
574 2638 78 19 scianzà.

494 2676 22 19 U
524 2674 128 20 Culuniale.

738 630 17 27 fl
768 639 13 16 u
790 634 72 26 nostru
871 633 105 26 Direttore

723 689 18 18 A
749 691 63 18 salute
817 691 18 23 jè
846 693 88 21 perfetta,

721 715 17 17 A
744 715 39 18 miô
788 721 62 17 penna
855 718 58 18 unn’è
918 719 89 22 sturzata;

723 739 36 18 Era
767 741 19 17 la
794 741 38 19 miô
840 743 103 18 musarella

722 764 67 19 Cb’era
797 768 74 17 cascata
876 768 75 21 malata,

722 789 15 17 E
745 790 71 19 zinzale
824 792 20 17 di
853 792 25 18 sti
889 793 53 22 loghi

721 814 100 20 Avendula
828 817 123 19 frasturnata.

722 866 17 17 A
749 866 22 17 lu
779 866 73 23 Poghiu
868 872 33 13 era
912 868 94 23 scappata,

721 890 29 18 Lu
758 891 29 18 so’
794 896 57 17 paese
858 892 76 22 nativu,

720 915 22 21 E,
752 916 135 22 ringraziendu
896 922 11 13 a
914 917 43 22 Diu,

721 941 62 18 Avale
795 941 20 22 jè
828 942 94 18 riturnata
928 948 6 16 ;

721 965 62 18 L’aria
791 966 62 18 fresca
860 967 20 17 di
886 968 21 17 lu
913 967 62 19 Cardu

721 990 27 18 Mi
756 991 38 17 l’ha
802 991 50 19 bene
857 992 90 18 risanata.

720 1041 133 23 M’bapurtalu
857 1043 19 18 le
881 1043 71 18 nulizie

721 1066 24 17 Di
752 1066 19 18 la
776 1068 66 17 vostra
847 1067 115 19 Merendella

721 1091 36 17 Chi
768 1092 32 18 voi
809 1092 50 18 fesle
866 1093 67 18 l’annu
941 1097 66 14 scorsu

720 1116 23 17 In
749 1116 54 19 favor
810 1118 19 17 di
838 1117 120 19 Cursichella
963 1123 6 17 ;

720 1141 18 17 A
746 1141 18 18 la
774 1141 57 19 Santa
839 1143 21 17 di
868 1143 63 21 Niolu,

720 1166 55 18 Tutti
782 1169 86 21 pregaste
876 1173 35 17 per
917 1168 44 18 ella.

720 1213 16 18 E
744 1214 74 19 benchè
825 1215 50 19 fussi
883 1216 89 21 luntanu,

720 1239 95 19 Anch’eiu
819 1240 58 22 agbiu
886 1241 87 22 pregatu,

720 1264 31 17 Ma
758 1264 39 21 voi,
807 1270 11 12 o
824 1265 147 22 sgiôDiretlore,

721 1288 24 18 Di
752 1293 31 14 me
791 1290 21 17 bi
818 1290 39 18 site
864 1291 92 17 scurdatu
963 1295 6 13 :

720 1313 131 19 L’almanaccu
865 1315 20 18 di
896 1315 110 22 quist’ànnu

721 1338 30 18 Un
759 1339 21 18 lu
786 1340 82 18 m’avete
876 1341 97 17 mandalu.

698 1386 29 18 Ma
739 1387 72 23 l’aghiu
819 1388 50 18 lettu
875 1389 129 22 quantunque,

720 1412 15 17 E
743 1414 93 17 cuntentu
844 1418 26 14 ne
876 1414 22 18 sô
906 1415 52 17 statu
966 1419 6 17 ;

720 1437 123 19 L’amicacciu
852 1439 109 22 Bonzanini,

720 1462 107 23 Vulenteri,
835 1469 14 12 u
858 1465 51 17 m’ba
913 1465 92 21 prestalu.

720 1487 49 19 Ghiè
779 1489 115 18 bravissimu
901 1489 82 23 figliolu,

703 1523 4 4 -
720 1513 79 23 Francu,
806 1514 76 18 sinceru
887 1515 85 17 efidatu.

720 1560 112 20 Salutalemi
840 1562 143 22 aGhiannettu,

719 1586 17 17 U
748 1586 37 18 miô
793 1587 51 18 fieru
853 1587 79 22 paisanu
939 1592 5 17 ;
964 1599 4 3 ■

719 1611 87 19 Ricevite
812 1612 32 18 voi
852 1613 64 18 stessu

720 1636 41 18 Una
770 1638 73 17 tuccata
851 1638 21 17 di
880 1643 57 12 manu
943 1643 6 17 ;

719 1661 18 17 A
745 1662 46 18 tutti
799 1663 59 17 l’altri
867 1663 94 22 campioni

698 1686 89 19 Mand’un
795 1688 107 22 bongïomu
911 1688 93 18 africanu.

857 1718 127 24 Ghjiormu.

793 1785 118 20 Sonniu

714 1831 22 14 Mi
743 1835 19 11 ne
770 1831 19 15 vò
797 1832 25 14 tra
829 1832 49 14 l’arba
884 1832 55 14 finrita

714 1850 78 15 Cantenda
799 1855 32 10 una
838 1852 35 14 aria
880 1852 68 14 d'amore

714 1870 59 15 Isciuta
781 1874 38 11 sana
825 1871 21 14 da
853 1871 17 14 lu
877 1875 40 13 core,

714 1890 12 14 E
733 1890 17 14 la
756 1890 71 18 passione
835 1891 113 15 indurminlita.

714 1924 53 14 Trova
775 1928 20 10 an
801 1925 48 17 gnstn
855 1925 43 14 dolce
902 1925 18 14 in
926 1925 16 14 la
948 1925 34 15 vita

714 1943 48 15 Sott'a
769 1944 17 14 lu
792 1944 32 14 sole
831 1944 27 14 chi
864 1944 47 15 rilcce
916 1948 5 12 ;

714 1963 45 14 h'alla
764 1963 23 14 mi
794 1964 41 14 tocca
841 1964 20 14 nè
866 1964 23 14 mi
895 1968 46 12 nuce:

714 1982 51 15 L’idea
772 1987 43 11 corsa
821 1984 46 14 nnn'è
874 1984 62 18 partita.

714 2017 13 14 U
735 2020 57 15 sanguc
799 2017 43 15 batte
850 2021 10 11 a
866 2018 17 14 la
891 2019 28 13 me’
927 2018 48 15 front!

714 2036 45 15 Corne
765 2037 59 17 l’acqaa
830 2037 44 15 batte
881 2037 17 15 ln
904 2038 44 17 pontï

714 2055 89 17 Qnand’elîa
811 2060 42 11 corre
858 2057 64 14 fariosa.

715 2090 47 15 Cercn
768 2094 36 14 pace
812 2094 19 11 en
838 2091 89 16 snlitndine.

713 2109 31 17 Ma,
748 2110 27 18 più
781 2110 28 14 che
815 2114 21 10 nn
843 2110 61 18 picchia
912 2111 85 15 d’incadine

714 2129 58 14 ltisona
779 2129 44 15 l’aria
829 2130 81 14 laminosa.

853 2152 24 14 A.
883 2153 22 13 de
912 2152 76 15 Peretti.

723 2208 30 19 XJ
761 2207 30 20 IR
792 2205 16 21 è
818 2207 32 19 Ai
858 2207 101 20 Corsic
960 2212 21 15 a

720 2250 18 18 U
752 2251 78 22 seguitu
843 2251 21 17 di
871 2256 14 12 u
899 2251 105 23 magnificu

699 2280 69 18 puema
776 2276 103 23 allegoricu
890 2276 21 18 di
922 2276 82 19 Martinu

698 2301 131 23 Appinzapalu
842 2301 12 18 è
870 2301 86 19 rinviatu
969 2307 12 13 a
990 2307 14 13 u

699 2326 95 23 prossimu
802 2331 91 13 numeru.

1037 182 104 24 Cullana
1150 185 100 22 Storica
1261 185 28 21 di
1300 184 24 22 A
1331 185 91 23 Muvra

1092 236 23 36 A
1133 239 158 45 Cunquista
1308 239 143 37 Francese

1172 294 31 35 di
1219 306 18 24 a
1256 294 120 36 Corsica

1086 342 46 29 (Da
1142 351 31 16 un
1190 347 122 21 Giurnale
1323 346 25 21 di
1360 347 103 28 l’Epuca)

1203 405 131 28 (Seguitu)

1065 448 34 21 M.
1114 450 23 20 le
1150 449 88 23 Comte
1249 452 30 21 de
1292 451 129 28 Marboeuf,
1441 459 63 15 cam-

1035 480 59 24 pant
1113 486 89 16 encore
1222 488 42 15 sur
1281 482 24 21 la
1325 481 131 30 Montagne
1475 483 29 22 de

1036 507 154 30 San-Angelo
1208 511 57 22 d'où
1275 512 19 21 il
1310 510 141 25 découvroit
1467 515 37 21 les

1037 537 90 23 Pièves
1139 541 31 20 de
1182 541 113 26 Casinca,
1308 541 114 29 Rostino,
1434 544 71 21 Casa-

1036 568 56 20 coni
1104 568 23 21 &
1138 570 167 29 Ampugnani,
1318 572 72 27 qu’on
1405 574 99 27 regarde

1036 602 94 19 comme
1140 600 25 21 le
1176 600 101 22 Paradis
1292 601 126 24 Terrestre
1437 604 29 21 de
1482 605 22 20 la

1036 627 86 28 Corse,
1132 629 44 22 des
1188 636 12 22 7
1213 630 134 24 Bataillons
1359 633 57 28 qu’il
1427 640 13 15 a
1448 640 56 15 sous

1035 663 40 16 ses
1087 660 94 27 ordres,
1195 667 30 16 en
1245 662 68 22 avoit
1324 663 69 27 placé
1413 665 63 21 deux
1491 664 13 22 à

1035 687 105 25 Rostino
1152 691 23 21 &
1183 698 33 15 un
1228 691 14 22 à
1254 691 181 29 San-Antonio,
1442 695 22 21 &
1472 696 32 20 at-

1033 719 97 23 tendoit
1143 722 24 20 la
1179 721 105 28 réponse
1296 723 31 21 de
1338 724 32 21 M.
1382 724 24 21 le
1418 724 86 22 Comte

1034 749 32 21 de
1078 749 78 28 Vaux,
1167 757 64 22 pour
1241 758 27 15 se
1279 755 85 25 porter
1374 754 14 21 à
1400 754 104 28 Campo-

1033 779 63 27 loro,
1105 787 72 21 parce
1189 788 47 21 que
1248 783 61 22 dans
1321 786 63 20 cette
1396 785 107 26 position

1033 810 36 21 les
1083 812 136 27 transports
1230 816 109 24 peuvent
1350 821 27 15 se
1391 814 60 22 faire
1461 821 43 21 par

1034 839 56 23 Mer
1101 841 96 28 jusqu’à
1210 843 85 27 Corte,
1307 850 28 16 ce
1355 845 41 27 qui
1416 846 87 27 abrège

1033 876 31 16 au
1076 872 82 21 moins
1170 872 57 22 d’un
1239 874 95 24 tiers.le
1342 875 97 22 chemin
1447 875 55 22 d’ici

1033 902 14 19 à
1060 903 63 20 cette
1134 902 76 22 Ville.

1062 931 41 22 On
1115 932 86 22 évalue
1213 933 14 22 à
1238 935 56 26 plus
1314 935 31 22 de
1365 941 90 17 200000
1474 937 31 21 li-

1032 967 58 16 vres
1109 962 146 24 l’Artillerie
1274 965 23 22 &
1316 966 36 21 les
1370 967 134 21 munitions

1033 993 41 26 qui
1096 999 25 16 se
1142 996 59 20 sont
1216 995 117 23 trouvées
1352 997 61 21 dans
1430 997 74 22 l’Isle-

1032 1023 105 23 Rousse.

1099 1074 81 19 Numéro
1188 1076 27 17 du
1222 1075 95 19 Vendredi
1326 1076 10 18 9
1344 1077 45 17 Juin
1398 1076 52 19 1769.

1209 1109 26 18 De
1243 1109 72 18 Toulon
1322 1110 20 18 le
1349 1110 40 18 1er.
1397 1110 52 18 Juin.

1060 1141 81 27 Après
1152 1141 127 29 l’échange
1291 1143 44 21 des
1349 1142 155 23 Prisonniers

1032 1171 57 22 faits
1104 1178 31 15 en
1150 1172 78 22 Corse
1244 1173 24 21 le
1289 1179 25 15 10
1335 1173 59 26 Mai,
1408 1174 42 21 des
1460 1179 44 21 400

1032 1201 114 29 François
1157 1202 62 27 qu’il
1230 1209 19 22 y
1260 1204 76 23 avoit,
1356 1209 33 16 on
1408 1209 30 16 en
1456 1210 49 16 em-

1032 1232 93 28 barqua
1147 1233 40 21 116
1207 1233 30 21 de
1256 1234 23 20 la
1297 1233 93 28 Légion
1402 1233 100 29 Royale,

1031 1263 43 26 qui
1086 1268 100 22 repassa
1198 1269 31 15 en
1241 1263 93 22 France
1347 1270 31 15 au
1397 1265 63 21 mois
1474 1265 30 21 de

1031 1292 138 22 Décembre
1186 1293 108 26 dernier,
1306 1293 23 22 &
1346 1294 25 21 le
1382 1296 65 20 reste
1458 1296 45 20 alla

1028 1322 100 27 joindre
1147 1324 37 21 les
1196 1323 135 29 Régimens
1350 1325 42 26 qui
1413 1324 91 23 étoient

1030 1353 62 22 dans
1103 1353 74 23 l’Isle.
1192 1354 48 22 Ces
1263 1354 40 22 116
1320 1355 138 22 arrivèrent
1472 1356 31 22 ici

1030 1384 25 21 le
1066 1390 26 15 21
1105 1385 23 21 &
1139 1387 58 20 sont
1208 1385 77 28 partis
1296 1385 89 28 depuis
1399 1392 62 21 pour
1478 1393 26 16 se

1031 1416 88 21 rendre
1130 1415 14 22 à
1155 1417 68 20 leurs
1235 1415 91 28 Corps.
1339 1416 51 22 Des
1408 1416 95 23 Prison-

1031 1446 69 21 niers
1109 1446 92 23 Corses
1209 1447 41 27 qui
1259 1453 28 15 se
1294 1448 144 21 trouvoient
1445 1449 58 21 dans

1031 1478 65 20 cette
1107 1477 80 26 Place,
1201 1483 32 16 on
1246 1484 32 15 en
1290 1478 131 27 embarqua
1437 1479 23 21 le
1477 1479 26 22 26

1031 1513 44 16 sur
1082 1508 61 21 trois
1161 1508 126 22 Batimens
1306 1514 39 22 195
1363 1510 78 25 parmi
1457 1510 47 21 les-

1031 1539 71 26 quels
1113 1545 26 22 75
1152 1539 109 21 malades
1272 1544 33 16 ou
1322 1540 180 22 convalescens.

1031 1568 20 22 Il
1062 1574 19 23 y
1093 1574 30 16 en
1135 1569 71 22 avoit
1217 1575 28 16 20
1254 1569 33 21 du
1294 1569 103 22 nombre
1406 1571 43 21 des
1456 1576 48 16 ma-

1030 1599 68 22 lades
1108 1605 108 22 presque
1228 1599 14 22 à
1258 1599 148 23 l’extrémité
1422 1607 46 21 que
1480 1602 23 21 le

1031 1629 115 23 Médecin
1159 1630 40 22 n’a
1208 1630 89 27 jamais
1309 1636 33 21 pu
1360 1630 117 23 résoudre
1490 1631 14 23 à

1031 1662 79 20 rester
1120 1660 15 22 à
1145 1660 118 28 THôpital
1272 1660 97 28 jusqu’à
1379 1662 55 22 leur
1451 1668 53 22 par-

1031 1691 60 21 faite
1101 1690 118 29 guérison
1229 1697 7 20 ;
1249 1691 31 22 ils
1292 1693 45 20 ont
1346 1693 77 21 voulu
1434 1693 70 22 abso-

1030 1723 95 20 lument
1135 1721 166 28 s’embarquer
1310 1723 66 25 tous,
1394 1723 24 22 &
1436 1724 23 21 le
1476 1723 28 22 28

1031 1758 48 22 que
1097 1753 37 21 les
1153 1753 128 21 Bâtimens
1304 1752 94 22 étoient
1417 1760 86 16 encore

1031 1783 61 21 dans
1103 1784 23 20 la
1136 1783 79 26 Rade,
1225 1783 20 21 il
1253 1789 31 15 en
1296 1786 99 19 mourut
1405 1790 14 22 3
1432 1784 71 28 qu’on

1028 1813 53 27 jeta
1097 1813 13 21 à
1127 1814 22 21 la
1163 1813 63 22 Mer.
1243 1813 96 28 Depuis
1357 1814 24 21 le
1403 1820 25 16 12
1446 1814 59 28 Sep-

1030 1844 96 21 tembre
1139 1842 55 29 1768
1203 1843 114 28 jusqu’au
1330 1850 29 15 22
1380 1844 51 22 Mai
1451 1846 52 28 1769

1031 1874 19 21 il
1061 1880 31 15 en
1103 1873 64 22 étoit
1177 1876 65 20 mort
1252 1880 26 22 59
1288 1881 6 19 ;
1307 1874 59 22 dans
1373 1875 131 23 l’interval-

1030 1905 25 21 le
1065 1910 27 23 25
1105 1906 44 20 ont
1160 1903 106 27 déserté,
1278 1904 23 22 &
1314 1910 26 16 12
1352 1911 26 16 se
1390 1908 57 19 sont
1463 1913 40 15 en-

1030 1935 76 28 gagés
1129 1935 61 21 dans
1212 1935 24 21 le
1259 1934 134 29 Régiment
1414 1936 90 29 Royal-

1032 1966 88 22 Corse.
1139 1966 36 21 M.
1194 1966 31 21 de
1243 1966 121 29 Barbaggi
1383 1973 80 16 neveu
1474 1968 30 22 de

1031 1997 70 22 Paoli
1112 1997 42 27 qui
1167 1998 28 20 sé
1205 1994 135 24 trouve’du
1350 1998 106 21 nombre
1474 1999 29 21 de

1031 2033 42 16 ces
1092 2027 157 22 Prisonniers
1270 2028 69 21 avoit
1358 2028 54 27 prié
1429 2028 33 22 M.
1474 2029 30 21 de

1031 2057 98 29 Coincy
1139 2058 42 26 qui
1193 2058 145 22 commande
1350 2059 61 21 dans
1417 2059 24 21 la
1452 2059 52 22 Vil-

1029 2089 25 21 le
1065 2089 32 21 de
1106 2089 25 20 le
1142 2088 128 27 dispenser
1280 2088 85 22 d’aller
1375 2094 32 16 en
1419 2089 83 26 Corse,

1030 2119 64 21 mais
1105 2124 33 15 on
1149 2118 35 21 lui
1198 2124 13 15 a
1226 2117 111 29 répondu
1355 2118 59 28 qu’il
1423 2119 82 22 falloit

1030 2155 27 15 se
1084 2148 140 22 conformer
1248 2154 50 16 aux
1323 2150 85 21 ordres
1431 2149 72 28 qu’on

1030 2180 71 21 avoit
1120 2179 14 22 à
1153 2181 39 20 cet
1203 2178 84 30 égard.
1308 2179 32 22 Le
1361 2180 97 22 Vicaire
1475 2180 29 22 de

1030 2210 123 28 Biguglia,
1168 2210 42 27 qui
1222 2212 38 20 est
1271 2211 66 20 aussi
1352 2211 32 20 du
1406 2211 98 21 nombre

1029 2242 45 21 des
1095 2240 157 23 Prisonniers
1273 2240 89 22 s’étant
1379 2241 125 28 comporté

1032 2278 32 16 en
1076 2272 53 22 vrai
1141 2271 135 28 Fanatique
1288 2272 61 21 dans
1359 2273 25 20 le
1395 2274 62 20 tems
1466 2272 37 28 qu’

1029 2308 35 17 on
1074 2303 69 22 alloit
1150 2302 174 28 s’embarquer,
1334 2303 83 21 disant
1427 2303 77 27 qu’ar-

1029 2333 56 22 rivé
1104 2333 62 22 dans
1185 2332 76 27 l’Isle,
1283 2334 18 21 il
1317 2339 32 15 ne
1361 2333 144 23 célèbreroit

1029 2370 45 21 pas
1085 2364 23 21 la
1120 2364 84 21 Messe
1216 2363 60 28 qu’il
1288 2363 66 22 n’eût
1365 2364 94 27 trempé
1465 2370 39 16 ses

1029 2395 81 22 mains
1130 2394 60 22 dans
1213 2395 24 21 le
1260 2400 61 22 sang
1344 2395 32 21 de
1399 2396 104 26 quelque

1029 2425 124 28 François,
1179 2424 36 22 M.
1240 2425 30 21 de
1297 2425 114 28 Bompar,
1434 2425 69 28 après

1029 2456 73 21 avoir
1112 2455 46 22 fait
1169 2455 100 22 dresser
1282 2455 93 22 Verbal
1393 2456 32 21 de
1442 2458 61 20 cette

1030 2486 167 26 Déclaration,
1205 2492 14 15 a
1227 2485 113 23 ordonné
1348 2486 60 28 qu’il
1415 2486 37 22 fût
1457 2487 46 21 mis

1029 2517 14 22 à
1055 2517 61 22 fond
1128 2517 30 22 de
1177 2518 62 21 calle
1260 2517 62 21 dans
1339 2517 25 21 le
1383 2517 121 22 Bâtiment

1029 2554 43 16 sur
1094 2548 81 27 lequel
1198 2547 59 22 s’est
1279 2547 132 28 embarqué
1435 2548 33 21 M.
1480 2548 23 21 le

1030 2578 90 22 Comte
1132 2579 31 21 de
1174 2578 85 22 Roure
1272 2577 105 23 Colonel
1387 2579 33 20 du
1432 2578 72 28 Régi-

1031 2611 69 20 ment
1109 2609 117 27 Dauphin
1237 2609 43 27 qui
1292 2614 72 22 passe
1375 2615 32 15 en
1418 2609 83 25 Corse,

1030 2645 62 15 avec
1103 2645 26 22 55
1143 2639 115 22 hommes
1270 2640 31 21 de
1312 2639 99 22 Recrue
1423 2645 32 16 ou
1464 2639 39 21 Se-

1029 2670 126 22 mestriers
1168 2669 36 23 de'
1211 2675 45 17 son
1268 2669 141 29 Régiment.
1431 2669 40 22 On
1489 2675 14 16 a

1530 186 118 23 enchaîné
1659 192 28 16 ce
1699 185 131 28 Fanatique
1836 184 23 22 &
1868 190 32 16 on
1909 184 93 22 l’envo-

1529 223 32 22 ye
1573 216 12 23 à
1599 217 34 22 M.
1642 217 24 21 le
1676 216 88 22 Comte
1775 216 30 21 de
1818 215 72 22 Vaux
1901 220 62 22 pour
1971 220 30 15 en

1531 247 59 22 faire
1599 247 98 28 justice.
1712 247 40 21 On
1765 253 13 15 a
1797 246 44 21 fait
1859 245 144 27 embarquer

1530 283 62 16 avec
1612 278 37 21 les
1670 276 155 23 Prisonniers
1846 275 91 22 Corses
1958 276 43 20 des

1531 306 100 28 Piquets
1643 308 31 21 de
1686 307 157 25 Grenadiers,
1857 306 23 21 &
1890 307 36 21 les
1937 305 65 22 Bâti-

1530 343 70 16 mens
1611 338 91 21 mirent
1712 337 13 22 à
1737 338 23 21 la
1772 337 67 21 voile
1853 336 23 22 le
1897 342 27 21 29
1942 342 59 16 avec

1532 373 31 15 un
1574 367 110 23 très-bon
1694 369 68 21 vent.

1596 414 81 19 Numéro
1685 416 26 17 du
1720 414 94 19 Vendredi
1822 414 12 18 9
1841 414 45 18 Juin
1894 414 59 18 1769.,

1730 449 27 17 De
1764 448 77 18 Monaco
1848 448 20 18 le
1876 448 11 18 8
1894 448 52 18 Juin.

1559 480 41 22 On
1608 484 39 19 est
1654 481 102 23 allarmé
1767 482 60 22 dans
1838 482 24 21 la
1873 481 91 22 rivière
1972 481 30 21 de

1532 510 85 23 Gênes
1629 512 30 21 de
1672 519 27 14 ce
1712 518 47 21 que
1770 513 23 21 la
1805 512 91 22 France
1908 518 30 15 va
1952 512 50 21 être

1530 541 125 22 maîtresse
1667 542 100 22 absolue
1779 544 31 20 de
1820 544 23 20 la
1855 542 148 26 Corse,dans

1530 571 23 21 la
1565 572 91 21 crainte
1668 572 32 22 où
1712 573 50 22 l’on
1775 575 38 20 est
1824 579 47 21 que
1890 573 36 21 les
1947 572 57 22 Bar-

1531 601 131 28 baresques
1671 609 31 15 ne
1708 605 117 20 trouvent
1832 609 32 15 un
1871 603 67 28 asyle
1944 603 59 21 dans

1530 632 37 20 les
1586 631 72 23 Ports
1677 633 30 21 de
1725 635 62 20 cette
1802 633 57 22 Isle.
1881 633 32 21 Le
1933 632 71 22 VIIIe

1531 662 96 22 Article
1647 663 33 21 du
1696 663 83 22 Traité
1797 664 45 22 fait
1853 666 69 19 entre
1939 665 64 20 cette

1532 691 134 24 Couronne
1677 693 22 22 &
1709 695 22 21 la
1745 693 153 29 République
1910 696 38 19 est
1965 700 37 15 ce-

1530 723 109 26 pendant
1648 724 59 21 bien
1726 725 100 26 capable
1843 725 31 21 de
1893 730 111 16 rassurer

1530 752 128 23 là-dessus.
1668 754 20 22 Il
1694 761 18 22 y
1724 757 38 19 est
1773 755 37 22 dit
1820 762 6 14 :
1834 762 13 14 «
1857 755 41 22 On
1910 761 31 15 ne
1950 760 53 21 per-

1530 785 87 20 mettra
1626 785 70 26 point
1703 791 49 16 aux
1760 785 104 22 Navires
1876 785 128 21 Barbares-

1531 819 59 21 ques
1601 813 103 23 l’entrée
1716 816 64 21 dans
1800 822 78 15 aucun
1895 815 67 25 Port,
1977 815 25 21 ni

1530 843 143 28 l’approche
1684 844 13 22 à
1709 851 94 16 aucune
1815 845 69 22 Rade
1895 846 43 21 des
1950 845 54 21 "Pla-

1530 879 42 15 ces
1583 874 30 21 de
1625 874 65 22 l’Isle
1703 875 119 28 occupées
1832 877 86 26 parles
1929 875 74 22 Trou-

1530 909 44 21 pes
1585 904 32 21 du
1629 905 56 26 Roi,
1696 906 22 21 si
1730 912 49 16 non
1791 906 60 21 dans
1862 907 24 20 le
1898 912 40 15 cas
1949 912 53 15 seu-

1530 934 91 22 lement
1629 935 30 21 de
1668 935 121 22 nécessité
1798 942 32 15 ou
1839 936 31 21 de
1878 936 124 27 naufrage,

1530 965 195 23 conformément
1735 966 16 21 à
1761 967 24 21 la
1797 966 35 22 loi
1854 966 31 21 de
1902 966 102 22 l’huma-

1530 995 51 22 nité
1590 1002 22 16 ».

1605 1043 82 19 Numéro
1695 1045 27 17 du
1730 1044 61 18 Mardi
1799 1044 23 18 13
1829 1044 46 18 Juin
1883 1043 53 19 1769.

1728 1078 28 17 De
1764 1077 61 19 Gènes
1833 1078 19 18 le
1863 1077 12 18 3
1882 1078 53 17 Juin.

1559 1110 41 22 On
1611 1110 38 22 n’a
1661 1117 44 21 pas
1717 1111 39 22 été
1767 1112 32 21 ici
1812 1118 47 21 peu
1871 1112 94 27 surpris
1973 1112 30 21 de

1530 1140 57 22 voir
1597 1141 60 22 dans
1675 1142 43 21 des
1736 1141 113 23 Gazettes
1861 1142 140 22 Italiennes.

1529 1171 101 22 Article
1650 1172 30 21 de
1699 1171 129 23 Livourne
1843 1173 35 21 du
1888 1178 30 23 25
1937 1171 64 26 Mai,

1530 1208 48 21 que
1588 1203 24 21 le
1623 1208 29 21 24
1663 1203 19 21 il
1692 1209 19 22 y
1721 1202 64 22 étoit
1796 1202 82 22 arrivé
1887 1209 49 15 une
1944 1203 60 27 Spe-

1530 1234 95 20 ronata
1641 1233 114 21 Maltaise
1766 1236 92 19 venant
1881 1233 31 21 de
1928 1233 76 22 l’Isle-

1530 1263 105 26 Rousse,
1644 1262 13 22 à
1669 1263 62 22 bord
1743 1263 30 21 de
1784 1264 105 26 laquelle
1901 1263 62 22 étoit
1971 1270 32 15 un

1530 1293 107 28 Anglois
1660 1293 41 27 qui
1724 1293 75 27 partit
1820 1294 24 21 le
1865 1294 138 22 lendemain

1530 1329 61 21 pour
1604 1323 125 27 Florence,
1742 1323 24 22 <&
1774 1324 50 27 qui,
1834 1324 93 26 dit-on,
1935 1325 69 20 avoit

1530 1354 103 27 apporté
1643 1355 23 20 la
1683 1354 171 23 confirmation
1872 1354 71 22 d’une
1960 1355 44 21 Ba-

1530 1386 69 21 taille
1609 1384 99 23 donnée
1720 1384 13 23 à
1746 1384 105 23 Rostino
1863 1385 23 22 &
1897 1392 30 15 au
1942 1385 63 22 Pont

1531 1416 32 21 du
1576 1415 72 26 Golo,
1661 1416 61 21 dans
1732 1416 105 27 laquelle
1845 1416 36 21 les
1890 1416 114 28 François

1530 1447 103 21 avoient
1643 1453 31 15 eu
1685 1446 13 22 6
1711 1446 13 22 à
1736 1452 61 22 7000
1809 1447 99 22 Soldats
1927 1449 78 19 morts

1531 1483 34 16 ou
1582 1476 102 27 blessés,
1703 1477 22 22 &
1743 1476 28 28 64
1783 1477 115 22 Officiers
1910 1477 30 22 de
1951 1479 53 20 tout

1530 1508 83 27 grade,
1626 1508 78 27 parmi
1716 1508 108 27 lesquels
1836 1509 24 20 le
1875 1507 88 23 Comte
1973 1508 30 21 de

1531 1538 124 22 Marboeuf
1671 1538 32 21 du
1722 1538 104 22 nombre
1845 1538 43 22 des
1899 1538 103 23 blessés,

1529 1569 71 22 avoit
1617 1568 40 22 été
1677 1569 45 21 fait
1740 1569 150 27 prisonnier.
1911 1568 40 23 On
1962 1575 18 22 y
1990 1575 14 15 a

1530 1599 81 28 ajouté
1622 1605 49 21 que
1677 1600 24 21 le
1709 1599 107 22 Général
1826 1599 69 22 Paoli
1904 1606 27 15 se
1939 1602 65 19 trou-

1529 1630 56 22 voit
1595 1629 14 22 à
1620 1629 85 26 Corte,
1717 1629 23 22 &
1752 1635 47 22 que
1807 1630 37 21 les
1854 1630 63 22 trois
1928 1629 76 22 Chefs

1530 1661 31 21 de
1574 1667 40 15 ses
1625 1660 110 28 Troupes
1749 1659 117 28 Cafforio,
1876 1660 97 22 Saliceti
1982 1660 22 21 &

1531 1691 114 22 Clement
1655 1691 69 22 Paoli
1736 1690 94 23 étoient
1838 1693 13 19 à
1861 1692 24 21 la
1893 1691 111 28 poursui-

1529 1724 25 20 te
1566 1722 44 21 des
1622 1721 125 29 François,
1764 1728 28 15 ce
1803 1722 42 27 qui
1865 1721 140 29 présageoit

1530 1759 48 15 une
1597 1754 68 19 autre
1685 1752 102 22 Bataille
1806 1753 147 26 prochaine.
1968 1752 36 22 Ce

1530 1783 86 25 matin,
1630 1783 93 26 dit-on,
1736 1788 91 17 encore
1838 1783 66 22 dans
1917 1783 24 22 le
1955 1782 49 22 mê-

1530 1820 39 15 me
1579 1813 101 22 Article
1697 1813 30 21 de
1738 1813 138 27 Livourne,
1891 1820 33 16 un
1935 1816 69 19 autre

1530 1844 124 22 Bâtiment
1664 1850 14 15 a
1689 1842 103 29 apporté
1810 1845 25 21 la
1846 1845 115 21 nouvelle
1974 1845 30 21 de

1531 1876 64 20 cette
1606 1874 109 22 seconde
1726 1874 101 22 Bataille
1847 1874 97 23 donnée
1963 1881 41 15 en-

1530 1908 38 20 tre
1590 1905 151 28 Campoloro
1761 1905 23 22 &
1802 1906 36 21 les
1858 1905 129 23 Prunettes
1996 1912 6 19 ;

1531 1937 46 21 elle
1589 1943 14 14 a
1613 1935 40 23 été
1665 1941 92 17 encore
1775 1936 53 28 plus
1840 1936 98 22 funeste
1957 1942 48 16 aux

1530 1967 116 28 François
1664 1966 23 21 &
1707 1966 34 22 M.
1754 1967 24 21 le
1788 1966 90 23 Comte
1888 1967 31 22 de
1930 1967 75 22 Vaux

1530 2004 14 15 a
1560 2004 31 15 eu
1607 1999 82 20 toutes
1709 1998 37 21 les
1763 1998 87 27 peines
1861 1998 33 21 du
1913 1998 90 22 monde

1531 2027 139 28 d’échaper.
1690 2027 35 22 M.
1744 2028 24 21 le
1786 2027 90 23 Comte
1893 2028 31 21 de
1942 2028 62 22 Mar-

1530 2059 70 21 boeuf
1608 2060 38 19 est
1666 2059 65 20 mort
1750 2058 43 21 des
1810 2058 123 22 blessures
1945 2058 59 28 qu’il

1531 2089 69 21 avoit
1609 2094 87 22 reçues
1708 2088 14 21 à
1733 2088 112 27 Rostino,
1855 2089 67 22 &les
1933 2089 71 22 Fran-

1531 2119 52 28 çois
1591 2122 44 18 ont
1643 2118 65 22 enfin
1715 2124 58 23 reçu
1780 2119 62 21 trois
1848 2120 81 21 milles
1936 2119 68 22 hom-

1530 2156 52 16 mes
1595 2150 30 21 de
1637 2149 93 22 renfort
1742 2150 42 27 qui
1799 2152 57 20 sont
1875 2156 79 16 venus
1974 2151 30 20 de

1530 2180 107 22 Toulon.

1558 2211 68 21 Dans
1639 2211 22 21 la
1674 2210 101 23 Gazette
1787 2212 122 25 suivante,
1925 2210 80 23 même

1531 2241 101 22 Article
1644 2241 30 21 de
1684 2241 139 26 Livourne,
1837 2242 35 21 du
1890 2242 27 21 26
1937 2241 66 27 Mai,

1531 2277 33 16 on
1574 2272 32 22 lit
1615 2277 92 17 encore
1718 2274 53 20 mot
1783 2278 62 22 pour
1855 2275 53 20 mot
1918 2278 29 16 ce
1961 2274 42 27 qui

1531 2303 51 21 suit
1592 2308 6 16 :

1559 2332 113 22 «Tandis
1691 2333 76 27 qu’on
1789 2334 104 22 exaltoit
1912 2335 36 21 les
1967 2340 38 16 ac-

1529 2364 68 22 tions
1611 2364 44 21 des
1677 2363 99 26 Corses,
1797 2370 64 16 nous
1881 2370 78 16 avons
1970 2371 34 15 vu

1531 2394 94 22 arriver
1632 2400 34 15 un
1675 2393 139 29 Felouquon
1821 2394 66 22 armé
1896 2401 31 15 en
1936 2401 69 16 cour-

1531 2431 26 15 se
1568 2424 87 28 appelé
1668 2426 22 20 la
1706 2424 161 29 Vengeresse,
1880 2431 125 16 comman-

1530 2455 32 23 dé
1579 2462 45 21 par
1643 2456 25 21 le
1688 2455 132 28 Capitaine
1840 2456 60 27 Jean
1919 2456 85 23 Nobili

1530 2492 63 16 avec
1605 2486 114 22 Pavillon
1734 2486 86 26 Corse,
1834 2489 73 27 ayant
1917 2487 13 22 à
1942 2487 63 22 bord

1532 2517 25 22 16
1575 2517 116 22 Matelots
1703 2516 23 23 &
1735 2525 15 20 3
1765 2523 138 22 passagers,
1922 2518 35 21 M.
1967 2518 35 22 M.

1530 2547 157 22 Sansonnetti
1699 2547 130 28 Capitaine
1841 2549 43 21 des
1894 2548 110 28 Troupes

1531 2577 99 27 Corses,
1640 2578 98 22 Saliceti
1750 2578 49 22 l’un
1808 2579 44 21 des
1863 2579 141 28 Magistrats

1530 2609 33 20 du
1577 2608 105 26 Nebbio,
1695 2609 24 21 &
1729 2608 85 22 Pierre
1827 2610 65 23 Paul.
1903 2609 101 23 Officier

1530 2639 44 21 des
1583 2640 95 20 mêmes
1690 2639 121 27 Troupes.
1832 2639 35 22 Ils
1885 2640 120 22 venoient

1530 2668 31 22 de
1571 2668 183 28 l’Isle-Rousse,
1767 2675 31 16 en
1814 2669 96 23 étoient
1928 2670 76 28 partis

2030 180 85 28 depuis
2127 186 14 20 4
2150 180 77 28 jours,
2245 181 23 21 &
2285 187 28 15 ce
2331 181 78 22 matin
2429 182 31 21 de
2479 182 23 21 la

2030 210 143 28 Gorgonne.
2187 211 32 22 Ils
2231 213 43 21 ont
2284 211 118 28 rapporté
2420 219 48 21 que
2480 213 23 21 le

2030 240 11 22 3
2052 241 35 21 les
2100 241 114 29 François
2223 243 101 21 avoient
2332 243 98 28 attaqué
2441 244 63 21 Pon-

2030 271 114 27 te-Novo,
2166 273 22 21 &
2208 273 51 23 s’en
2283 273 96 23 étoient
2403 274 101 22 d’abord

2030 302 87 21 rendus
2130 302 106 28 Maîtres,
2244 305 63 21 mais
2315 310 47 22 que
2374 311 48 21 peu
2432 304 71 28 après

2030 332 34 21 les
2076 331 90 23 Corses
2177 333 119 23 l’avoient
2306 335 89 27 repris.
2410 335 39 23 Un
2461 336 42 21 Ba-

2030 362 83 22 taillon
2131 363 113 29 François
2260 365 40 28 qui
2312 366 71 22 alloit
2401 366 103 28 s’empa-

2030 398 37 16 rer
2087 393 30 21 de
2138 395 115 27 quelques
2270 396 117 23 hauteurs
2408 396 96 22 au-delà

2030 423 31 21 du
2073 423 90 23 Fleuve
2174 426 96 28 attaqua
2279 427 97 22 ensuite
2386 434 32 15 un
2430 427 73 22 Déta-

2030 453 112 24 chement
2162 456 43 21 des
2225 456 89 24 Corses
2324 465 6 19 ;
2344 458 19 22 il
2384 458 120 28 s’empara

2030 484 29 21 de
2072 490 113 17 nouveau
2196 487 33 21 du
2241 488 72 27 Pont,
2326 489 23 21 &
2361 489 19 22 il
2390 496 19 22 y
2420 491 43 20 eut
2476 495 28 16 20

2031 515 90 22 Corses
2132 516 53 22 tués
2197 517 22 22 Sc
2230 524 28 16 22
2270 519 103 22 blessés.
2387 520 32 22 Le
2432 520 72 28 Capi-

2030 546 65 22 taine
2110 547 91 22 Pelone
2212 548 63 23 étoit
2285 550 65 22 resté
2367 552 80 26 parmi
2467 552 37 22 les

2030 579 84 23 morts,
2127 583 32 16 on
2169 578 73 28 jugea
2255 580 59 28 qu’il
2322 580 64 23 étoit
2395 582 32 21 du
2436 587 68 16 nom-

2030 607 43 21 bre
2082 614 6 19 ;
2101 607 19 22 il
2134 608 37 22 fut
2182 608 132 29 dépouillé,
2331 612 63 21 mais
2413 612 37 21 les
2462 618 42 15 en-

2030 638 79 21 nemis
2120 637 88 24 s’étant
2215 640 89 23 retirés
2312 647 33 16 on
2353 643 24 21 le
2386 642 39 22 vit
2432 642 73 22 venir

2030 669 54 21 tout
2091 669 51 22 nud
2146 669 99 28 joindre
2253 678 26 16 sa
2287 672 107 29 Troupe.
2405 673 40 23 Un
2452 674 52 27 jeu-

2030 705 32 15 ne
2083 699 101 23 homme
2206 702 31 21 de
2257 703 24 21 la
2304 704 75 22 noble
2403 704 101 22 Famille

2030 729 125 24 d’Ornano
2167 731 65 28 périt
2243 733 61 22 dans
2323 736 65 20 cette
2404 735 83 22 affaire
2497 740 6 20 ;

2030 761 22 20 &
2060 762 118 26 quelques
2181 762 67 27 jours
2257 764 70 27 après
2340 765 37 22 les
2389 765 116 29 François

2030 793 73 26 ayant
2113 791 86 24 rétabli
2211 794 23 21 le
2247 794 64 23 Pont
2329 795 177 29 s’emparèrent

2031 822 32 21 du
2073 822 128 29 voisinage
2213 824 30 21 de
2258 825 117 23 Rostino.
2388 827 46 21 Les
2444 827 61 21 Cor-

2030 858 40 15 ses
2079 852 38 28 s’y
2128 852 94 24 étoient
2228 856 146 22 rassemblés
2384 863 64 21 pour
2456 857 50 21 sui-

2030 889 44 15 vre
2092 883 37 21 les
2148 886 121 26 ennemis,
2284 887 108 28 lorsque,
2408 893 46 21 par
2472 893 33 15 un

2030 913 110 21 malheur
2150 914 142 29 innatendu,
2305 918 24 21 le
2340 917 41 22 feu
2396 918 50 27 prit
2457 923 48 16 aux

2030 943 105 27 poudres
2149 945 41 27 qui
2202 945 95 24 étoient
2315 948 61 21 dans
2395 948 24 21 le
2440 947 65 22 Cou-

2030 975 60 20 vent
2101 974 30 20 de
2144 977 39 19 cet
2194 977 100 22 endroit
2303 984 6 20 ;
2327 978 23 21 &
2370 979 24 20 le
2416 978 89 22 Comte

2030 1004 31 21 de
2072 1004 125 23 Marboeuf
2204 1008 42 26 qui
2258 1009 69 21 avoit
2345 1008 121 29 subjugué
2481 1010 24 20 la

2031 1034 102 23 Casinca
2145 1035 67 23 étant
2222 1038 82 21 arrivé
2320 1039 61 22 dans
2401 1046 42 15 ces
2463 1046 43 15 en-

2030 1066 117 27 trefaites,
2168 1068 24 21 le
2213 1068 105 24 Général
2331 1070 69 22 Paoli
2421 1077 27 15 se
2468 1070 39 22 vit

2030 1096 83 29 obligé
2124 1097 183 25 d’abandonner
2323 1107 28 15 ce
2369 1101 76 22 Poste
2462 1107 45 15 vo-

2030 1129 58 26 yant
2098 1127 116 23 l’ennemi
2227 1136 31 15 en
2270 1130 61 27 face,
2352 1131 93 29 l’ayant
2464 1138 42 15 en-

2031 1162 56 17 core
2099 1164 45 21 par
2154 1158 63 27 côté,
2230 1160 23 21 &
2265 1166 26 16 se
2311 1163 118 20 trouvant
2450 1168 57 15 sans

2030 1188 144 22 munitions.
2183 1189 20 22 Il
2212 1196 26 15 se
2247 1192 78 26 replia
2335 1198 61 16 avec
2406 1199 31 15 un
2446 1198 58 23 gros

2031 1219 79 27 Corps
2121 1225 43 16 sur
2176 1220 84 27 Corte,
2274 1222 24 21 Sc
2316 1223 103 21 laissant
2438 1224 67 26 quel-

2030 1255 47 21 que
2088 1250 92 21 monde
2191 1251 59 22 dans
2262 1253 23 20 la
2298 1252 65 22 Ville
2376 1253 22 21 &
2410 1254 59 21 dans
2482 1254 23 21 le

2031 1279 109 22 Château
2158 1286 59 16 sous
2228 1283 37 20 les
2277 1283 85 22 ordres
2382 1284 32 21 de
2426 1284 34 21 M.
2469 1284 34 21 M.

2031 1309 112 28 Guipeca
2153 1311 23 21 &
2189 1311 75 28 Carli,
2275 1313 18 21 il
2303 1313 28 22 fit
2340 1320 34 16 un
2385 1314 122 22 Détache-

2030 1342 69 20 ment
2109 1341 30 21 de
2153 1341 42 23 600
2206 1342 111 23 hommes
2328 1351 65 21 pour
2404 1346 23 21 la
2438 1345 67 22 Bala-

2030 1376 56 22 gna.
2097 1371 104 23 Ceux-ci
2214 1374 100 22 avoient
2323 1374 15 23 à
2349 1378 125 19 traverser
2482 1377 24 21 le

2030 1402 91 22 terrain
2141 1403 91 28 occupé
2253 1411 44 21 par
2317 1406 37 22 les
2377 1406 126 29 François,

2030 1433 99 21 attendu
2141 1439 48 21 que
2199 1435 23 20 la
2233 1435 116 22 Pievede
2358 1436 91 23 Caccia
2461 1436 45 23 s’é-

2030 1463 47 21 toit
2095 1464 102 26 rendue,
2211 1465 30 21 de
2261 1467 80 21 même
2353 1473 48 21 que
2413 1469 24 20 le
2450 1468 55 21 Païs

2031 1493 30 21 de
2072 1492 113 24 Moltifao
2195 1501 6 19 ;
2215 1496 18 20 il
2249 1497 55 21 leur
2312 1497 71 22 fallut
2394 1498 112 22 soutenir

2030 1524 88 22 durant
2128 1531 29 20 24
2167 1525 90 23 heures
2269 1534 33 15 un
2313 1528 41 21 feu
2366 1529 138 27 continuel;

2030 1554 23 21 &
2063 1555 23 21 la
2097 1558 209 22 communication
2316 1562 71 19 entre
2398 1560 24 21 la
2438 1560 69 22 Bala-

2030 1591 47 22 gna
2097 1592 27 15 se
2143 1589 117 21 trouvant
2277 1590 177 28 interrompue,
2475 1592 32 21 ils

2031 1616 101 23 allèrent
2142 1616 14 23 à
2167 1618 183 24 l’Isle-Rousse.
2364 1621 32 21 Le
2415 1621 92 28 Peuple

2030 1653 17 21 y
2058 1646 62 23 étoit
2139 1648 60 22 dans
2218 1650 23 21 le
2262 1650 127 28 désordre,
2409 1652 98 29 n’ayant

2030 1678 54 27 plus
2096 1678 156 28 d’espérance
2264 1681 31 21 de
2306 1688 100 16 secours
2418 1689 6 19 ;
2437 1689 32 16 on
2488 1689 19 22 y

2030 1708 49 21 tint
2091 1708 111 28 Conseil,
2223 1711 23 21 &
2257 1711 18 22 il
2285 1718 19 22 y
2314 1712 38 22 fut
2372 1712 91 23 résolu-
2475 1715 32 20 de

2031 1744 27 16 se
2067 1739 89 22 rendre
2176 1746 48 17 aux
2244 1741 114 30 François
2370 1744 43 27 qui
2434 1750 73 17 occu-

2030 1770 86 27 poient
2132 1770 25 22 S.
2171 1771 120 28 Reparata
2306 1773 22 22 &
2348 1774 156 23 Monticeilo.

2031 1799 126 29 Quelques
2169 1801 118 24 Habitans
2300 1804 30 21 de
2347 1804 160 24 l’Isle-Rous-

2031 1836 26 16 se
2068 1837 31 15 au
2109 1832 104 22 nombre
2233 1834 31 21 de
2285 1841 40 22 150
2341 1835 163 30 s’embarquè-

2030 1863 54 20 rent
2094 1862 64 22 alors
2167 1869 43 16 sur
2220 1870 31 15 un
2264 1864 125 24 Bâtiment
2399 1868 108 28 Anglois

2031 1892 40 27 qui
2083 1893 96 22 mettoit
2189 1893 13 22 à
2214 1894 23 22 la
2250 1896 66 21 voile
2324 1903 64 21 pour
2396 1898 108 27 Oneille,

2030 1922 23 21 &
2064 1923 44 21 dix
2118 1925 81 21 autres
2215 1931 146 23 personnes,
2384 1934 33 16 ou
2437 1930 70 21 envi-

2030 1958 55 23 ron,
2098 1960 27 15 se
2137 1956 91 22 mirent
2238 1962 43 17 sur
2291 1964 32 15 un
2336 1960 63 26 petit
2416 1960 92 22 Bâteau

2032 1983 77 23 Corse
2120 1985 24 22 &
2154 1992 43 16 sur
2207 1993 48 16 une
2266 1987 125 30 Felouque
2406 1990 101 28 Napoli-

2030 2015 74 26 taine,
2116 2016 43 27 qui
2170 2017 136 28 dirigèrent
2315 2020 57 21 leur
2382 2023 72 19 route
2465 2027 43 16 sur

2031 2045 131 22 Livourne.
2176 2047 41 22 On
2228 2054 14 15 a
2254 2050 84 26 appris
2350 2052 98 21 ensuite
2459 2058 48 22 que

2030 2076 36 21 les
2085 2076 117 29 François
2225 2077 94 25 étoient
2336 2081 83 23 entrés
2434 2083 25 21 le
2477 2089 27 15 21

2031 2107 59 21 dans
2114 2107 77 23 Corte
2200 2115 6 19 ;
2228 2110 70 22 selon
2320 2112 37 21 les
2378 2112 129 23 Relations

2031 2137 44 21 des
2086 2137 117 29 François
2215 2140 23 21 le
2250 2140 109 24 Château
2372 2143 60 22 s’est
2452 2150 55 16 ren-

2031 2168 40 26 du,
2084 2168 23 22 &
2118 2171 71 21 selon
2200 2172 63 21 celle
2274 2172 44 22 des
2339 2173 92 23 Corses
2443 2175 19 22 il
2480 2181 27 16 se

2031 2198 98 23 défend.
2143 2200 41 22 On
2203 2204 38 19 est
2262 2203 60 22 dans
2334 2204 23 21 la
2368 2206 82 20 même
2470 2206 38 21 in-

2031 2230 120 22 certitude
2169 2237 31 16 au
2218 2232 65 28 sujet
2294 2234 30 21 de
2337 2235 20 20 la
2380 2235 77 22 Piève
2476 2237 32 21 de

2030 2259 74 23 Niolo
2112 2266 6 20 ;
2130 2262 62 21 mais
2204 2268 32 16 on
2247 2263 106 27 prétend
2361 2271 49 22 que
2421 2267 24 20 le
2458 2267 49 22 Gé-

2030 2290 69 22 néral
2111 2291 76 27 Paoli,
2197 2299 61 16 avec
2266 2300 33 16 un
2308 2301 72 22 corps
2389 2297 31 21 de
2428 2297 79 23 Trou-

2031 2327 52 22 pes,
2096 2324 38 20 est
2145 2323 86 28 campé
2241 2323 14 22 à
2269 2324 107 24 Ghisoni
2385 2333 65 21 pour
2458 2334 50 16 em-

2030 2352 91 28 pêcher
2130 2354 36 21 les
2179 2354 115 29 François
2304 2357 31 21 de
2342 2357 118 27 pénétrer
2467 2366 40 15 au-

2031 2382 53 22 delà
2098 2383 43 22 des
2160 2384 92 23 Monts.
2275 2386 41 22 On
2336 2389 64 21 croit
2415 2395 47 22 que
2483 2391 24 21 le

2032 2413 88 22 Comte
2130 2414 31 21 de
2173 2415 125 23 Marboeuf
2306 2418 76 27 qu’on
2389 2421 72 21 avoit
2471 2421 43 24 dit.

2030 2445 64 20 mort
2105 2450 14 16 a
2130 2444 39 22 été
2181 2445 110 29 échangé
2303 2451 86 20 contre
2409 2457 33 15 un
2459 2451 49 22 Co-

2030 2475 75 21 lonel.
2115 2474 33 22 La
2157 2475 75 23 Piève
2244 2476 111 29 d’Opino
2367 2479 101 30 n’ayant
2475 2488 34 21 pu

2031 2505 98 22 obtenir
2140 2506 30 21 de
2183 2506 170 28 Capitulation
2362 2513 63 20 veut
2433 2517 27 16 se
2468 2512 41 21 dé-

2031 2534 86 23 fendre
2120 2537 97 28 jusqu’à
2222 2539 23 21 la
2249 2538 113 24 dernière
2370 2543 136 22 extrémité.

2267 2575 24 28 (à
2304 2577 95 28 suivre)

2030 2638 98 23 Aiacciu
2137 2651 29 5 —
2178 2639 134 31 Staniparia
2324 2643 25 22 di
2363 2645 23 21 A
2398 2644 105 28 Muvra,

2031 2678 15 14 u
2060 2670 244 27 Direllore-Gerenle:
2313 2675 40 23 Pet
2357 2684 26 15 ru
2395 2677 112 24 ROCCA.

42 2784 100 23 Fuglittinu
150 2787 20 18 di
176 2788 24 17 A
201 2786 104 19 Muvra—
311 2790 20 13 a.
333 2784 77 20 121—di
415 2789 14 13 a
433 2782 73 20 21-4-29

65 2843 241 55 PASÛOALE
339 2841 143 49 PAOLI

241 2915 65 19 OSSIA

84 2954 35 36 La
136 2956 80 36 Rotla
233 2955 30 36 di
278 2954 175 36 Ÿonhnuovo

46 3012 268 29 RACONTOCORSO
320 3012 187 25 DELSECOLO

229 3056 85 23 XVIII

261 3101 25 18 DI

133 3138 33 25 F.
179 3139 38 25 B.
234 3137 175 28 Guerrazzi
423 3161 3 2 .

64 3215 177 29 Imperciocchè
246 3216 153 29 sapesse,che
406 3216 19 21 il
430 3215 82 22 suffra-

43 3248 38 27 ge
100 3252 140 22 universale
251 3252 20 21 si
283 3250 156 28 rassomiglia
448 3248 63 22 assai

44 3286 11 16 a
67 3285 91 22 cavallo
167 3285 154 22 sfrenatocui
332 3282 181 24 fannomestie-

44 3314 19 21 ri
73 3322 32 16 un
117 3318 39 27 po’
163 3319 25 21 di
200 3319 90 27 briglia
297 3324 15 15 e
319 3323 32 16 un
363 3316 39 28 po’
409 3316 26 22 di
445 3321 68 22 spro-

44 3352 36 22 be,
87 3355 13 16 e
109 3356 26 16 se
142 3352 66 22 fosse
214 3352 97 21 vissuto
318 3351 22 21 ai
346 3349 80 28 giorni
434 3349 77 21 nostri

45 3382 43 26 egli
94 3384 24 21 lo
126 3386 104 21 avrebbe
236 3385 148 28 paragonato
391 3382 122 23 volentie-

45 3413 19 21 ri
75 3417 45 21 aile
132 3424 107 16 carrozze
248 3425 13 15 a
277 3423 102 22 vapore,
402 3417 25 21 le
438 3416 73 28 quali,

44 3445 77 26 frnchè
132 3457 117 17 scorrono
261 3451 203 23 incastratenelle
474 3454 39 17 ro-

44 3479 53 29 uble,
110 3490 82 17 vanno
205 3485 123 23 d’incanto
334 3491 29 16 su
370 3490 45 22 per
423 3483 47 22 erti
476 3489 37 15 ar-

45 3513 53 25 gini
109 3523 13 15 e
141 3524 43 21 per
201 3519 84 22 cieche
297 3518 72 25 bòtti,
385 3519 65 20 dove
465 3517 48 27 pri-

47 3550 28 17 ve
84 3549 23 21 di
112 3552 73 26 guide
191 3551 206 26 ruzzolerebbero,
406 3556 15 16 o
430 3550 83 21 dàreb-

48 3577 54 26 bero
114 3584 24 21 di
151 3590 68 17 cozzo
232 3586 89 20 dentro
340 3585 24 20 le
374 3583 119 28 muraglie
506 3588 7 16 :

48 3614 100 30 Ond’egli
158 3619 20 21 si
186 3624 40 16 era
236 3618 57 22 tolta
304 3617 79 27 quella
390 3616 73 22 fatica
474 3616 39 20 neî

48 3648 105 24 concetto
165 3652 25 21 di
203 3651 146 28 persuadere
361 3650 33 27 gli
406 3648 107 25 avversi,

47 3681 133 25 sostenerei
188 3683 137 26 vacillanti,
334 3683 7 20 i
353 3682 94 21 risoluti
457 3686 56 17 con-

533 2783 105 22 fermare
646 2789 5 19 ;
666 2788 38 15 ma
715 2787 50 17 non
778 2781 85 22 n’ebbe
883 2781 104 28 bisogno
997 2786 6 20 ;

534 2816 45 22 elle
591 2817 29 20 da
631 2817 61 20 tutte
702 2817 62 26 parti
778 2814 63 23 senti
854 2814 151 27 rispondersi

534 2856 28 15 su
574 2851 87 26 questo
673 2850 90 26 punto:
774 2848 49 21 fate
831 2848 21 21 il
862 2849 86 21 vostro
963 2847 44 21 do-

534 2889 67 19 vere,
626 2885 14 19 è
650 2883 42 21 noi
712 2882 96 21 facemo
820 2882 18 21 il
850 2883 92 20 nostro.
954 2880 53 28 Egli

534 2917 84 25 allora,
630 2915 164 22 attentandosi
806 2914 44 28 più
856 2915 70 25 oltre,
933 2914 76 21 inter-

534 2950 79 27 rogati
619 2951 98 20 costoro
723 2948 45 22 che
776 2953 56 17 cosa
839 2948 169 21 intendessero

535 2988 44 22 per
590 2988 45 16 suo
646 2982 102 25 dovere,
760 2981 34 27 gli
808 2981 76 21 udiva
891 2980 118 28 replicare

536 3017 46 20 alla
593 3016 79 22 recisa
681 3021 6 15 :
700 3015 44 21 voi
755 3014 143 22 comandate
909 3014 101 29 laguer-

536 3056 33 19 ra,
581 3055 13 16 e
605 3049 44 22 noi
659 3048 100 27 perDio
770 3049 69 20 santo
847 3047 164 21 lacombatte-

536 3089 74 16 remo.
627 3094 29 4 —
667 3082 60 21 Fino
751 3081 180 21 all’ultimo?—
949 3079 61 22 Ffno

536 3116 136 22 all’ultimo.
681 3126 29 4 —
721 3115 82 21 Allora
815 3114 78 22 siamo
904 3119 13 15 a
929 3114 80 21 caval-

534 3151 37 24 lo,
584 3150 65 21 disse
661 3148 35 22 fra
709 3147 27 22 sè
743 3148 18 21 il
768 3147 78 26 Paoli,
860 3153 13 15 e
882 3146 129 22 ritornôin

537 3184 95 27 palazzo
643 3188 44 21 per
697 3182 95 21 mutare
805 3181 72 24 vesti,
891 3180 44 21 chè
950 3179 61 22 Fora

537 3222 45 21 per
592 3217 23 20 la
628 3215 118 22 Consulta
757 3214 137 28 stringeva.

566 3248 104 28 Deposti
681 3248 34 28 gli
726 3248 61 21 abiti
799 3247 26 21 di
837 3251 81 22 panno
930 3251 79 21 corso,

538 3282 63 22 vesti
613 3281 23 22 la
647 3281 122 27 sfoggiata
790 3280 65 21 assia
874 3279 25 21 di
918 3279 93 21 velluto

538 3315 76 22 verde
623 3315 126 27 gallonato
757 3313 26 21 di
790 3318 53 20 oro,
852 3313 97 21 cinsela
958 3317 55 21 spa-

540 3349 37 25 da,
586 3348 64 21 dono
661 3346 23 22 di
691 3346 130 27 Federigo,
830 3351 14 14 e
851 3350 47 16 con
906 3345 26 20 in
937 3348 74 17 mano

540 3382 18 22 il
568 3381 112 27 cappello
692 3379 41 22 del
745 3379 52 27 pari
809 3378 125 28 gallonato
940 3377 72 27 epiu-

539 3417 65 20 mato
616 3412 169 23 s’incammina
803 3417 74 16 verso
895 3411 23 21 la
930 3409 83 22 chiesa

541 3449 24 21 di
576 3447 48 22 San
636 3446 117 22 Marcello
766 3445 65 21 dove
840 3450 42 16 era
893 3448 121 17 convoca-

540 3483 23 20 ta
568 3482 25 21 la
599 3479 117 23 Consulta
726 3484 6 20 ;
744 3480 55 19 tene
802 3483 30 16 va
840 3478 25 20 la
870 3481 73 17 mano
952 3481 29 16 su
989 3476 24 20 la

541 3514 116 27 maniglia
666 3512 62 21 délia
736 3516 43 16 sua
785 3513 79 19 stanza
873 3509 97 28 quando
978 3508 33 27 gli

541 3548 22 22 si
573 3547 98 22 schiuse
682 3548 45 18 còn
738 3544 92 27 impeto
841 3544 24 20 la
886 3543 71 27 porta
973 3541 40 21 da-

541 3580 78 26 vanti,
633 3577 112 24 cosicchè
755 3581 115 22 perpoco
879 3576 81 24 stette,
967 3574 46 21 che

541 3620 51 15 non
598 3613 75 28 gliela
678 3610 211 23 sbatacchiassero.
894 3609 24 21 in
925 3607 76 22 faccia
1005 3612 7 16 :

602 3646 24 21 O
638 3645 75 28 padre
724 3642 152 22 Bernardino
884 3640 130 22 sietevoi?

541 3680 44 22 voi
593 3680 34 21 mi
640 3683 56 23 pare
697 3679 24 20 te
732 3676 82 22 torbo.

1033 2800 7 4 ,
1059 2781 86 22 —Elo
1157 2786 71 21 sono,
1238 2781 68 22 disse
1312 2781 19 22 il
1337 2780 171 28 frateagguan.

1033 2814 74 22 tando
1114 2815 20 21 il
1139 2814 71 22 Paoli
1217 2820 46 22 per
1269 2820 33 16 un
1308 2815 107 25 braccio,
1423 2820 14 16 e
1444 2814 64 22 sbar_

1033 2847 111 28 randogli
1157 2848 68 27 negli
1238 2847 72 23 occhi
1322 2848 47 22 due
1384 2846 123 23 occhiacci

1034 2881 31 21 da
1073 2881 125 27 spiritato.
1212 2880 32 22 Le
1250 2880 87 22 novità
1344 2881 25 22 le
1374 2880 49 22 fate
1431 2881 51 25 voi,
1493 2886 15 16 e

1033 2919 53 16 non
1097 2913 32 22 ho
1138 2919 14 15 a
1165 2915 142 21 contarvele
1316 2914 25 22 io
1350 2920 6 15 :
1373 2913 133 22 chiaritemi

1033 2952 36 16 un
1075 2946 40 27 po’
1121 2946 45 22 che
1172 2946 125 28 significhi
1301 2946 24 22 là
1330 2947 26 22 in
1363 2946 84 22 chiesa
1452 2948 56 25 quel

1034 2979 163 23 baldacchino
1206 2980 24 22 di
1243 2980 115 22 damasco
1370 2984 71 17 rosso
1449 2980 12 21 ?
1472 2985 36 16 sa-

1035 3016 66 19 reste
1107 3019 43 22 per
1155 3015 136 20 avventura
1298 3013 125 22 diventato
1440 3013 18 21 il
1468 3012 40 22 Sa-

1036 3049 126 20 cramento
1172 3047 12 21 ?
1193 3052 27 15 se
1234 3046 53 22 cosi
1298 3046 14 22 è
1322 3046 126 26 ditemelo,
1454 3052 54 21 per-

1036 3077 46 22 ché
1093 3077 34 22 mi
1136 3082 72 22 possa
1219 3077 186 27 inginocchiare
1413 3076 93 23 dinanzi

1035 3116 16 16 a
1060 3110 52 26 voi,
1126 3116 14 15 e
1149 3110 132 22 venerarvi
1300 3116 71 16 corne
1387 3110 119 22 meritate.

1036 3144 107 25 Ancora,
1149 3143 45 22 che
1198 3144 105 26 importa
1307 3144 56 27 quel
1366 3143 142 27 seggiolone

1036 3177 26 22 di
1070 3177 94 21 velluto
1174 3176 237 22 chermesinoconla
1420 3181 88 17 corona

1036 3210 67 22 reale
1112 3210 116 21 ricamata
1239 3210 65 21 nella
1315 3208 114 29 spalliera
1436 3209 12 21 ?

1065 3255 28 5 —
1102 3243 31 22 La
1144 3243 15 21 è
1171 3242 83 22 chiara
1264 3249 6 19 ;
1281 3243 26 20 in
1322 3244 72 19 trono
1411 3241 68 22 siede
1489 3242 18 23 il

1036 3276 121 28 principe,
1169 3281 15 17 0
1197 3276 40 21 chi
1247 3276 25 21 lo
1281 3276 157 26 rappresenta
1447 3282 6 19 ;
1466 3273 40 29 qui

1036 3311 25 20 la
1070 3309 102 22 nazione
1180 3308 14 22 è
1202 3308 123 27 principe,
1338 3307 32 22 ed
1379 3307 27 21 io
1418 3313 31 15 ne
1457 3313 50 16 sos-

1039 3344 74 25 tengo
1118 3342 25 21 le
1151 3341 72 27 parti,
1229 3340 62 28 però
1297 3338 107 29 i-rtiuogo
1410 3340 26 21 di
1442 3341 66 26 quel-

1038 3375 23 21 la
1072 3374 34 22 mi
1117 3376 92 20 assetto
1214 3374 26 22 in
1246 3376 121 20 trono.—
1378 3372 32 21 La
1418 3378 89 17 corona

1037 3408 74 25 reale,
1118 3408 43 21 voi
1170 3409 85 20 avrete
1261 3407 136 24 osservato,
1406 3406 44 21 che
1457 3411 51 17 sor-

1037 3442 84 20 monta
1131 3439 84 23 l’arme
1223 3440 41 22 del
1274 3444 77 23 regno
1360 3438 25 21 di
1396 3438 110 26 Corsica;

1037 3475 142 20 veramente
1185 3475 87 25 questo
1278 3472 72 22 titolo
1364 3477 49 16 non
1420 3478 32 15 va
1466 3472 42 21 be-

1038 3513 32 15 ne
1079 3513 6 20 ;
1094 3507 103 26 bisógna
1205 3507 105 21 mutarlo
1320 3511 6 19 ;
1335 3510 40 15 ma
1383 3510 44 21 per
1436 3510 42 16 ora
1486 3505 21 20 si

1037 3540 126 21 mantiene
1179 3545 14 15 a
1204 3539 49 21 fine
1264 3539 46 21 che
1319 3538 24 21 la
1353 3537 95 28 Europa
1457 3542 50 17 non

1038 3573 72 21 creda
1122 3573 36 20 sia
1165 3572 115 21 rovinato
1289 3572 26 21 in
1324 3569 99 22 Corsica
1431 3570 77 22 ilfini-

1038 3606 99 22 mondo.

1066 3638 79 26 —No,
1153 3637 65 22 ioho
1225 3635 214 25 osservato,chela
1446 3637 61 26 spal-

1038 3672 61 22 liera
1105 3671 40 22 del
1153 3670 148 28 seggiolone
1311 3669 27 21 fu
1348 3667 160 30 fattaaltaper

1538 2784 20 21 [o
1569 2781 108 27 appuntò
1688 2782 35 21 ad-
1730 2782 117 21 adattarsi
1860 2783 39 21 sul
1912 2788 60 22 capo
1984 2782 25 22 di

1538 2815 68 26 ^uale
1616 2814 25 22 ci
1649 2815 22 21 si
1679 2820 80 22 ponga
1769 2821 15 15 a
1795 2815 93 21 sedere.

1561 2858 29 5 —
1601 2848 23 20 A
1633 2850 89 25 questo
1730 2853 52 16 non
1793 2848 82 22 badai.

1562 2891 29 5 —
1598 2879 30 23 Ci
1633 2880 33 22 ho
1676 2881 91 21 badato
1777 2881 34 22 io.

1562 2924 28 5 —
1599 2913 67 22 Orsù
1678 2914 41 21 via
1739 2914 25 21 di
1784 2913 49 23 che
1842 2916 91 21 temete
1945 2915 44 22 voi
1996 2916 13 21 ?

1538 2945 51 23 Che
1600 2947 26 21 io
1634 2947 34 21 mi
1678 2946 76 22 faccia
1759 2947 100 22 tiranno
1866 2948 13 21 ?

1562 2979 221 28 —Pasquale,nelle
1791 2981 218 23 animerettelarea

1538 3012 112 27 passione
1662 3018 51 16 non
1719 3015 70 20 entra
1797 3014 48 21 mai
1856 3020 43 21 per
1907 3016 22 21 la
1938 3018 70 25 porta

1538 3047 101 20 maestra
1647 3052 5 19 ;
1666 3046 47 21 ella
1723 3047 77 27 piglia
1808 3053 46 21 per
1860 3048 25 21 di
1897 3048 89 26 dietro,
1994 3054 14 15 e

1538 3079 18 21 si
1568 3079 80 21 caccia
1654 3084 45 21 per
1709 3079 23 21 la
1740 3080 119 27 gattaiola
1866 3087 11 21 ;
1883 3084 124 25 penetrata

1538 3112 23 21 in
1572 3118 64 19 casa,
1646 3112 27 21 in
1680 3113 124 22 unattimo
1812 3114 102 23 diventa
1922 3116 26 21 in
1955 3116 54 27 gui-

1538 3151 24 16 sa
1572 3145 109 28 gigante,
1693 3145 47 22 che
1752 3152 51 16 non
1813 3148 25 21 la
1857 3149 59 26 puoi
1927 3149 82 22 buttar

1538 3178 57 21 fuori
1610 3178 64 22 dalle
1684 3180 72 26 porte
1772 3179 32 22 nè
1818 3181 64 21 dalle
1900 3180 107 23 fmestre.

1538 3211 123 27 Pasquale,
1675 3212 24 21 io
1719 3211 34 23 ho
1776 3213 93 22 veduto
1880 3214 94 27 perfino
1985 3215 23 21 le

1538 3244 125 27 immagini
1672 3245 62 21 délia
1751 3244 157 24 Immacolâta
1922 3248 87 22 diven-

1538 3278 49 20 tare
1595 3282 60 16 nere
1668 3279 139 26 pertroppo
1818 3279 112 22 incenso.
1937 3292 29 4 —
1973 3281 35 22 Te

1538 3310 84 21 lodano
1632 3310 58 27 ogni
1697 3311 100 26 giorno,
1809 3317 15 15 e
1834 3312 26 21 lo
1871 3313 82 22 meriti
1962 3320 6 19 ;
1982 3319 27 16 se

1538 3343 15 20 ti
1561 3342 207 23 lodasseromeno
1775 3343 127 24 farebbero
1908 3346 99 28 meglio,

1538 3381 11 15 3
1559 3377 28 19 tu
1598 3376 87 21 saresti
1697 3377 72 21 savio
1782 3382 26 16 se
1828 3383 14 16 a
1853 3380 93 21 coteste
1956 3380 52 21 lodi

1538 3408 142 22 sbardellate
1687 3410 101 25 ponessi
1796 3411 74 22 modo
1878 3418 7 20 ;
1898 3418 15 15 e
1921 3418 35 20 se,
1969 3418 40 17 co-

1538 3447 36 15 rne
1581 3441 84 26 credo,
1678 3442 120 22 aborrisci
1804 3447 144 20 veramente
1952 3445 56 23 farti

1538 3474 100 25 tiranno,
1645 3480 51 16 non
1705 3475 95 27 pigiare
1807 3476 123 24 nèmanco
1939 3484 70 16 usan-

1538 3512 22 15 13.
1571 3512 46 16 con
1625 3507 24 21 le
1661 3513 135 21 apparenze
1805 3509 64 22 délia
1876 3510 131 23 tirannide.

1561 3551 30 3 —
1600 3539 42 21 Ma
1652 3540 26 21 io
1689 3546 52 16 non
1753 3541 35 21 mi
1799 3547 63 17 sono
1874 3546 97 20 accorto
1984 3544 24 22 di

1538 3577 69 15 ivere
1618 3571 78 23 offeso
1709 3573 52 22 cosi
1768 3574 25 21 la
1803 3576 155 26 temperanza
1968 3577 40 21 dei

1538 3604 64 27 padri
1610 3605 80 21 nostri
1700 3605 24 21 di
1736 3607 105 22 lasciare
1850 3608 67 23 adito
1937 3615 14 16 a
1958 3615 51 16 sos-

1538 3637 67 26 petti:
1614 3637 27 21 in
1645 3643 55 16 casa
1707 3639 101 22 miaalla
1820 3640 91 23 Stretta
1919 3642 22 21 si
1952 3643 59 21 ado-

1538 3676 87 21 perano
1638 3676 89 17 ancora
1745 3674 86 25 posate
1841 3673 27 22 di
1875 3674 107 27 bossolo,
1995 3681 14 16 e

2036 2783 24 22 le
2070 2784 140 27 impannate
2225 2792 106 23 coprono
2339 2790 23 22 le
2371 2790 109 24 fmestre.

2099 2817 34 26 Si,
2146 2824 40 16 ma
2194 2820 42 27 qui
2244 2821 25 21 le
2280 2822 38 21 usi
2330 2823 25 21 di
2369 2828 103 24 argento
2480 2832 6 20 ;
2494 2833 14 14 e

2036 2851 88 26 questi,
2136 2852 118 23 vedoalle
2262 2854 108 28 fmestre,
2378 2863 62 17 sono
2450 2860 58 21 cris-

2035 2884 51 21 talli
2097 2890 6 19 ;
2116 2885 33 21 nè
2159 2886 19 21 il
2197 2888 103 26 velluto,
2318 2895 45 21 per
2376 2894 92 23 quanto
2484 2893 25 21 io

2035 2917 93 27 sappia,
2142 2918 25 21 fu
2175 2919 112 24 lavorato
2297 2923 48 21 mai
2357 2923 27 22 in
2396 2924 111 24 Corsica.

2063 2961 27 5 —
2101 2950 79 23 Corne
2201 2954 99 26 privato
2321 2957 62 22 vivo
2400 2960 107 21 secondo

2035 2983 8 20 1
2051 2988 143 19 osservanza
2204 2988 89 25 antica,
2314 2995 38 16 ma
2377 2996 70 17 corne
2460 2998 49 16 ma-

2034 3016 104 28 gistrato
2161 3025 115 21 suprême;
2293 3022 32 21 mi
2340 3029 76 21 parve
2429 3025 80 28 degno

2035 3049 61 22 délia
2117 3055 81 19 nostra
2220 3054 99 22 nazione
2346 3059 120 21 mostrare
2476 3060 33 21 al-

2035 3086 89 25 quanto
2133 3085 41 27 più
2184 3087 24 21 di
2221 3087 97 23 decoro.

2062 3128 28 5 —
2105 3117 16 22 E
2134 3119 24 20 vi
2173 3125 74 21 parve
2259 3123 71 20 male.
2346 3123 162 28 Pensatevoi,

2035 3149 44 22 che
2092 3151 70 23 Pirro
2174 3158 14 16 e
2197 3153 6 21 i
2217 3155 54 21 suoi
2280 3155 73 28 legati
2366 3157 143 23 stimassero

2036 3183 40 26 più
2088 3190 15 15 o
2116 3190 73 17 meno
2200 3186 17 21 il
2229 3189 92 25 popolo
2330 3194 103 18 romano
2441 3197 14 15 e
2468 3191 40 22 Fa-

2037 3217 83 26 brizio,
2131 3218 88 27 perché
2225 3220 24 21 lo
2258 3223 135 22 trovarono
2400 3229 13 16 a
2422 3230 86 16 cocere

2036 3256 56 21 râpe
2101 3251 13 20 ?

2063 3294 27 5 —
2097 3284 42 22 Oh
2144 3284 6 21 !
2158 3286 139 27 volgevano
2302 3288 75 22 allora
2384 3290 54 21 altri
2447 3293 61 19 tem-

2036 3316 24 26 pi
2070 3324 6 18 ;
2087 3317 25 20 in
2124 3319 86 21 cotesti
2223 3320 80 26 giorni
2314 3321 24 21 di
2347 3322 68 21 virtù
2423 3325 86 25 repub-

2036 3348 92 23 blicana
2140 3351 22 21 la
2174 3351 99 27 povertà
2292 3355 112 21 tenevasi
2419 3356 23 21 in
2456 3363 54 21 pre-

2035 3382 41 27 gio
2087 3384 124 24 ;adessosi
2222 3388 160 27 reputacolpa
2392 3394 5 19 ;
2409 3392 66 19 certo
2486 3391 22 21 la

2036 3421 48 16 non
2095 3422 20 16 si
2125 3417 72 28 legge
2205 3419 83 21 scritta
2297 3420 23 21 in
2327 3426 78 17 verun
2414 3423 93 26 codice,

2036 3454 37 16 ma
2081 3450 22 20 la
2115 3450 66 21 trovi
2191 3452 103 27 scolpita
2304 3453 23 21 in
2337 3455 170 29 luogotroppo

2036 3481 40 27 più
2086 3482 118 27 dannoso,
2219 3486 41 20 nel
2271 3491 73 17 cuore
2353 3493 98 17 umano.

2063 3515 117 27 Pasquale
2188 3517 15 21 !.
2215 3517 117 28 Pasquale
2343 3520 5 20 !
2358 3520 150 24 Picchiatevi

2036 3547 17 21 il
2062 3550 75 25 petto,
2150 3555 14 15 e
2176 3550 51 21 dite
2238 3557 55 15 mea
2313 3552 79 28 culpa
2400 3560 11 19 ;
2420 3555 88 26 perché

2036 3582 158 22 concedestei
2203 3586 138 26 passaporti
2351 3586 23 21 ai
2386 3586 121 24 Francesi.

2235 3651 11 26 (
2250 3651 147 29 Cuntinua)
