2598 3942
223 151 80 48 Une
329 152 118 47 Visite
476 153 23 45 à
523 153 137 46 Pascal
683 153 107 48 Paoli

52 284 26 27 je
107 277 97 30 parvins
235 277 64 21 enfin
312 276 13 22 à
345 278 23 20 la
391 283 48 15 vue
461 277 29 21 de

27 317 115 23 Sollacaro
174 317 31 16 ou
235 310 59 22 était
323 310 65 22 Paoli
419 313 24 19 et
470 310 24 28 je

25 355 38 18 me
85 345 74 23 sentis
178 351 29 16 en
240 344 147 29 approchant
410 345 84 27 rempli

25 384 30 21 de
65 380 94 23 trouble
166 381 24 20 et
200 380 29 21 de
238 378 112 23 timidité.
365 378 53 23 Mes
430 377 65 23 idées

25 421 41 17 sur
79 416 38 20 cet
124 413 99 23 homme
246 413 93 23 célèbre
351 413 96 22 avaient
459 411 37 23 été

26 451 46 22 fort
83 448 107 24 éxalté.es
208 455 44 22 par
268 449 35 21 les
316 447 180 22 conversations

28 490 49 22 que.
93 483 84 28 j’avais
189 488 56 16 eues
258 488 41 16 sur
308 488 44 15 son
364 481 63 27 sujet
439 485 57 16 avec

27 518 42 21 des
81 517 143 23 habitatants
231 517 29 21 de
272 515 61 22 l’isle
345 515 30 21 de
381 515 54 21 tout
440 518 58 21 rang

27 552 63 23 et.de
103 553 53 20 tout
175 550 48 22 état
245 550 41 26 qui
305 550 54 19 tous
380 546 115 22 s’étaient,

27 583 113 24 accordés
152 582 14 21 à
182 583 23 20 le
221 580 151 28 représenter
400 584 96 16 comme

26 622 33 15 un
79 616 56 20 être'
151 621 32 14 au
202 614 83 20 dessus
297 613 31 20 de
349 611 146 22 l’humanité.

25 648 29 27 Je
73 647 100 21 desirais
204 651 59 17 avec
283 645 86 21 ardeur
395 646 103 26 pouvoir

25 682 69 27 juger
102 684 44 22 par
168 679 139 22 moi-même
328 678 55 22 d’un
398 678 100 23 caractè-

29 720 26 17 re
73 712 64 22 aussi
166 713 83 27 grand,
284 714 62 21 aussi
368 713 128 29 distingué,

28 750 58 24 mais
105 748 27 28 je
148 749 119 27 craignais,
289 756 47 21 que
355 751 23 20 le
390 750 73 22 motif
468 751 30 21 de

28 790 38 17 ma
94 782 73 21 visite
175 784 25 19 et
216 783 22 21 la
263 782 166 29 présemption
453 790 45 21 que

26 816 82 31 j’avais
131 814 81 23 d’aller
229 816 168 28 l’importuner
418 823 36 17 ne.
460 824 38 14 me

27 852 27 22 fit
65 848 101 30 paraître
189 849 56 21 bien
265 850 62 27 petit
337 850 14 21 à
364 856 39 15 ses
424 856 72 22 yeux.

28 884 61 28 J’eus
102 882 167 28 presqu’envie
281 883 30 21 de
334 883 63 22 m’en
409 887 89 19 retour-

29 924 44 16 ner
89 922 54 16 sans
169 916 23 21 le
212 917 62 21 voir.
298 916 35 22 Ce
354 918 96 23 combat
469 918 29 21 de

30 950 141 24 sentiments
209 949 113 22 differens
358 950 97 29 m’agita
475 954 24 19 et

29 984 118 26 m’occupa
161 982 97 29 [l’esprit
283 985 107 27 pendant
409 992 46 21 que
472 986 25 27 je

29 1017 113 24 traversai
166 1018 23 21 le
208 1017 88 29 village
322 1021 24 20 et
358 1020 99 27 jusques
469 1026 30 16 au

29 1053 109 22 moment
157 1058 46 21 que
217 1052 106 28 j’arrivai
342 1053 13 22 à
367 1054 23 21 la
407 1054 91 22 maison

30 1085 57 29 qu’il
107 1083 108 24 habitait.

548 275 29 27 Je
597 277 79 21 laissai
689 284 58 15 mon
767 279 151 28 domestique
935 287 60 15 avec

521 316 53 15 mes
589 309 92 27 guides,
695 313 25 19 et
734 315 97 23 passant
842 314 35 21 les
901 315 92 26 gardes,

519 344 26 27 je
556 343 108 21 trouvais
683 345 115 26 quelques
819 352 49 15 -uns
880 347 42 21 des
934 353 61 21 gens

522 377 33 21 du
581 374 103 23 Général
702 377 41 26 qui
768 384 39 15 me
833 379 164 22 conduisirent

523 411 60 21 dans
606 414 46 16 une
679 409 171 27 antichambre,
870 413 31 19 où
914 412 24 26 je
958 413 39 20 vis

523 444 119 28 plusieurs
668 443 116 21 cavaliers
801 449 82 16 corses
897 445 39 26 qui
946 444 52 22 l’at-

522 477 133 22 tendaient.

552 510 35 21 Mr
596 509 170 28 Boccaciampe
778 511 34 21 lui
836 511 64 21 avait
909 517 89 16 annon-

524 543 28 21 cé
564 549 56 16 mon
637 543 99 26 arrivée,
750 546 26 19 et
786 544 47 22 l’on
848 544 151 23 m’introdui-

523 577 33 21 sit
576 577 61 21 dans
659 582 25 16 sa
696 577 121 22 chambre.
829 578 29 26 Je
869 579 23 20 le
904 579 94 21 trouvai

524 616 61 21 seul.

552 648 49 23 Son
618 650 35 21 air
663 656 39 16 me
714 650 91 28 frappa.
822 650 21 22 Il
867 652 37 20 est
922 650 78 29 grand

524 683 100 23 robuste
643 686 24 20 et
686 684 109 23 bienfait.
817 684 30 23 Sa
869 684 129 29 physiono-

524 718 50 21 mie
595 718 75 22 douce
688 721 24 20 et
731 721 99 20 ouverte
845 725 108 16 annonce
969 719 31 21 de

523 752 23 20 la
559 751 133 23 sensibilité
702 754 25 20 et
738 753 30 21 de
784 754 23 20 la
823 754 118 27 grandeur
952 753 47 21 d’â-

525 791 48 15 me.

554 818 30 21 Sa
609 818 126 23 démarche
744 822 38 20 est
800 821 72 25 mâle,
886 822 53 20 tous
958 826 39 15 ses

525 857 159 17 mouvemens
713 856 54 19 sont
789 854 94 22 nobles.
908 854 20 21 Il
939 853 59 23 était

526 886 65 21 alors
608 886 57 22 dans
675 893 25 15 sa
708 887 165 27 quarantième
886 887 76 22 année
975 889 25 20 et

525 920 91 26 portait
640 926 29 15 un
692 920 69 22 habit
778 922 61 21 verd
850 923 25 20 et
894 928 34 16 or.
950 922 48 22 Son

526 959 74 21 usage
629 954 113 22 autrefois
769 954 58 22 était
854 956 31 21 de
918 958 83 25 porter

524 986 86 23 l’habit
625 988 119 22 ordinaire
766 989 42 21 des
825 994 89 21 corses;
937 990 62 21 mais

524 1020 15 22 à
564 1021 109 22 l’arrivée
699 1022 47 22 des.
773 1022 118 29 Français,
910 1024 17 21 il
947 1026 53 19 crut

525 1054 74 28 qu’un
623 1062 44 21 peu
679 1055 137 29 d’élégance
828 1059 25 19 et
861 1057 30 22 de
906 1058 93 27 magni-

509 1086 5 10 '
525 1088 93 23 licence
635 1089 134 23 extérieure
786 1091 108 27 pourrait
911 1092 89 21 contri-

336 1876 157 31 Pasquale
515 1877 52 26 de*
593 1878 84 27 Paoli

361 1921 114 28 (Pittura
487 1923 28 21 di
527 1923 130 29 Drolling)

25 2024 81 22 buer.à
117 2025 94 22 donner
221 2032 30 15 au
261 2029 193 24 gouvernement
463 2033 30 16 un

24 2058 38 22 air
67 2059 58 27 .plus
137 2060 155 26 respectable.

53 2092 20 21 Il
84 2098 49 17 me.
139 2092 116 22 demanda
276 2100 27 15 ce
315 2093 58 28 qu’il
394 2100 19 22 y
431 2094 64 22 avait

23 2132 60 20 pour
101 2132 58 16 mon
178 2127 93 21 service
280 2134 6 19 ;
304 2128 25 27 je
348 2128 34 21 lui
398 2127 97 29 présen-

23 2160 32 20 tai
79 2160 22 21 la
124 2161 70 21 lettre
211 2161 32 21 du
264 2160 79 23 Conte
369 2162 123 26 Rivarola,

24 2195 25 19 et
63 2194 80 27 quand
158 2194 18 22 il
182 2194 57 23 l’eut
256 2196 47 25 lue,
313 2196 26 28 je
350 2196 33 22 lui
400 2196 29 22 fis
440 2197 55 21 voir

25 2228 59 21 celle
103 2228 31 21 de
146 2228 126 22 Rousseau

52 2261 20 22 Il
84 2261 35 22 fut
130 2263 59 27 poli,
209 2264 60 21 mais
288 2266 49 20 très
348 2263 105 23 réservé.

48 2295 44 28 J’ai
109 2295 66 28 parlé
201 2297 58 21 dans
291 2304 39 15 ma
351 2299 40 21 vie
410 2298 83 22 à'bien

26 2329 39 22 des
77 2329 105 27 Princes,
195 2332 60 21 mais
261 2332 86 26 jamais
355 2338 48 16 non
409 2333 84 27 jamais

26 2369 72 16 aucun
133 2370 31 15 ne
188 2364 45 23 m’a
255 2365 45 22 fait
320 2365 122 29 éprouver
466 2373 27 15 ce

26 2402 42 22 que
89 2398 24 27 je
141 2399 76 21 sentis
244 2406 31 15 en
294 2400 23 21 la
339 2400 116 28 présence
464 2401 29 22 de

26 2430 71 23 Paoli.

48 2465 43 27 J’ai
99 2465 54 29 déjà
163 2467 35 21 dit
210 2466 56 29 qu’il
281 2470 39 20 est
335 2469 84 27 grand,
434 2469 59 29 phy-

26 2498 146 29 sionomiste,
197 2503 24 19 et
245 2508 44 21 par
306 2508 47 16 une
373 2504 63 21 suite
461 2504 32 21 du

27 2532 84 29 danger
131 2535 123 22 continuel
279 2537 32 20 où
334 2537 17 21 il
361 2539 37 19 est
419 2537 73 22 d’être

25 2567 57 22 trahi
106 2574 32 16 ou
155 2567 119 23 assassiné
292 2569 18 21 il
319 2569 57 22 s’est
388 2570 44 21 fait
445 2577 47 15 une

23 2599 111 24 habitude
155 2601 139 23 d’observer
313 2608 60 16 avec
389 2610 49 15 une
458 2606 34 20 at-

22 2635 93 22 tention
122 2636 107 21 extrême
241 2637 55 20 tous
312 2637 36 21 les
363 2642 128 18 nouveaux

21 2672 95 27 visages
134 2672 41 26 qui
194 2672 173 28 l’approchent.

49 2707 108 23 Pendant
168 2709 53 27 plus
232 2709 30 21 de
275 2709 43 22 dix
329 2710 105 22 minutes
445 2717 46 23 que

23 2747 58 16 nous
104 2748 61 16 nous
181 2748 167 22 promenâmes
369 2746 121 22 ensemble

23 2784 29 16 en
66 2780 59 28 long
137 2780 25 21 et
173 2785 30 16 en
214 2780 66 28 large
295 2781 59 21 dans
372 2787 26 16 sa
412 2782 79 22 charii-

22 2811 46 28 bre,
96 2813 13 22 à
135 2814 71 28 peine
233 2814 78 22 dîmes
321 2821 59 16 nous
408 2818 82 25 quatre

23 2850 66 24 mots,
103 2849 60 21 mais
177 2848 15 22 il
206 2847 161 23 m’examinait
379 2849 55 22 d’un
448 2852 41 21 oeil

23 2879 42 24 fixe
76 2885 24 20 et
112 2885 97 26 perçant
230 2888 94 17 comme
331 2883 36 22 s’il
379 2887 41 18 eut
432 2890 56 16 vou-

23 2913 20 22 lu
55 2915 116 28 pénétrer,
186 2917 99 28 jusques
298 2924 29 15 au
343 2924 29 15 au
386 2918 57 22 fond
459 2919 29 21 de

24 2952 49 19 mon
86 2951 62 22 âme.

47 2982 95 26 J’avoue
163 2991 46 22 que
229 2988 62 20 cette
312 2988 115 19 entrevue
447 2992 38 15 me

26 3020 59 20 parut
105 3020 105 26 pendant
230 3020 116 27 quelques
367 3024 119 18 moments

26 3050 39 22 hès
87 3053 104 27 pénible,
220 3057 24 18 et
262 3059 46 23 que
328 3054 24 28 je
373 3053 37 22 fus
432 3054 53 22 bien

27 3086 85 28 soulagé
136 3088 86 27 quand,
233 3088 100 28 perdant
345 3093 46 22 peu
403 3087 13 22 à
441 3094 44 22 peu

28 3119 34 20 s0n
76 3121 34 22 air
124 3122 30 21 de
174 3121 103 26 réserve,
289 3122 24 28 je
329 3122 20 21 le
369 3121 37 22 vis
419 3127 66 17 com-

30 3152 82 25 mencer
123 3156 14 22 à
147 3157 78 27 parler
230 3156 141 28 davantage.

48 3183 24 26 Je
85 3188 107 24 hazàrdai
211 3191 63 21 alors
290 3190 29 22 de
331 3190 33 22 lui
377 3190 108 22 adresser

26 3220 22 16 Ce
65 3224 154 27 compliment
229 3231 63 22 pour
304 3226 36 21 les
356 3229 89 17 corses.
456 3224 28 27 Je

26 3253 90 30 v°yage,
141 3257 132 28 Monsieur,
290 3259 33 22 lui
336 3258 79 28 dis-je.
427 3258 57 27 J’ar-

26 3287 56 34 riVe,
92 3290 28 22 de
143 3292 86 23 Rome.
244 3292 79 28 Après
329 3298 18 23 y
358 3293 71 21 avoir
451 3293 33 22 vû

31 3322 22 17 es
70 3324 79 23 ruines
157 3327 36 22 du
210 3328 88 27 peuple
322 3327 23 21 le
363 3327 54 27 plus
428 3332 55 16 cou-

24 3353 81 25 rageux
127 3360 29 21 de
178 3362 24 21 la
219 3363 71 24 terre,
307 3360 27 28 je
355 3360 71 21 viens
450 3360 31 22 ici

25 3386 142 32 contempler.
180 3396 23 21 le
221 3396 208 21 commencement
452 3394 29 22 de

37 3419 110 41 eîéyation
164 3428 69 23 d’une
250 3431 67 21 autre
334 3429 88 27 peuple
440 3429 40 27 qui

24 3453 28 17 ne
61 3454 51 25 cède
119 3462 69 25 point
199 3470 48 15 aux
255 3463 97 22 anciens
364 3462 116 22 Romains

23 3486 27 48 ^
59 3490 83 25 valeur.
151 3495 20 21 Il
179 3500 66 25 reçut
256 3503 57 16 mon
326 3496 154 28 compliment

98 3527 34 21 air
159 3532 121 25 gracieux,
300 3538 31 14 en
350 3530 130 22 observant

24 3578 18 23 k
63 3554 7 21 1
81 3562 95 23 y-avait
194 3571 47 21 peu
263 3565 156 28 d’apparence
434 3570 44 22 que

24 3589 28 46 jeS
65 3594 76 22 COrses
159 3598 109 26 puissent
276 3599 93 28 jamais,
383 3604 96 16 comme

25 3622 26 45 çS
68 3621 119 36 ^-°mains,
208 3633 102 22 devenir
337 3639 31 16 un
391 3632 87 28 peuple

25 3656 146 46 ^°aquérant,
185 3668 24 19 et
227 3673 46 21 que
288 3668 53 21 leur
364 3666 112 22 situation

25 3711 21 24 de
63 3694 15 35 e,
88 3695 114 25 m°derne
233 3701 106 28 système
358 3700 119 27 Politique

26 3742 17 25 .M
57 3722 15 34 .*
79 3731 91 25 -Uï°pe
178 3734 137 22 rendraient
327 3733 148 29 impossible.

44 3756 30 18 3ls
96 3764 52 18 r*en
179 3766 140 29 n’empêche
341 3767 134 28 ajouta-t-il,

522 2028 48 21 que
585 2024 22 20 la
620 2023 74 22 Corse
709 2031 31 15 ne
754 2026 82 26 puisse
851 2027 100 22 devenir
962 2035 30 15 un

521 2055 51 22 état
587 2056 109 23 heureux
714 2060 25 20 et
754 2058 129 24 florissant.

523 2084 18 20 Il
568 2090 96 22 marqua
689 2086 123 29 beaucoup
828 2088 164 24 d’admiration

521 2123 63 22 pour
607 2118 129 27 Rousseau,
751 2126 46 22 que
823 2121 33 22 Mr
869 2122 123 24 Buttafocc

521 2152 65 21 avait
599 2153 75 22 invité
686 2153 12 22 à
712 2160 82 22 passer
807 2161 29 16 en
850 2156 73 23 Corse
934 2163 58 22 pour

521 2185 67 22 aider
606 2187 21 21 la
641 2188 80 22 nation
736 2188 12 22 â
763 2189 88 23 former
860 2197 38 15 ses
911 2192 52 21 lois.

550 2219 124 29 Quelques
707 2229 43 15 uns
771 2223 42 22 des
848 2225 81 22 nobles
950 2231 42 16 en-

520 2253 93 23 trèrent
635 2256 58 21 dans
719 2262 25 16 sa
768 2258 121 26 chambre,
905 2262 23 19 et
947 2266 45 21 peu

520 2287 71 28 après
611 2294 30 16 on
657 2291 88 21 avertit
765 2297 46 22 que
819 2293 24 21 le
855 2293 69 22 diner
935 2294 57 22 était

520 2322 76 25 servi,

549 2350 32 21 Le
595 2350 102 24 Général
711 2359 39 15 me
776 2353 26 23 fit
825 2354 126 23 l’honneur
962 2356 30 22 de

520 2389 39 16 me
584 2385 79 27 placer
682 2385 13 23 à
714 2393 39 16 ses
785 2388 75 22 côtés.
886 2388 29 23 Sa
929 2391 63 21 table

520 2417 59 23 était
600 2419 29 22 de
644 2425 23 23 15
680 2425 30 17 ou
741 2421 25 22 iô
788 2426 121 23 couverts,
922 2427 70 26 ayant

520 2452 109 27 toujours
650 2455 119 26 plusieurs
788 2456 43 22 des
851 2458 141 28 principaux

519 2486 30 21 de
572 2486 64 23 l'Isle
648 2487 12 22 à
686 2494 99 23 manger
805 2497 60 16 avec
888 2492 40 21 lui.
942 2492 50 22 Son

519 2521 117 22 cuisinier
654 2521 57 23 était
730 2530 32 15 un
783 2524 81 23 italien
876 2527 39 26 qui
928 2527 64 22 avait

518 2554 116 23 demeuré
662 2557 136 28 longtemps
828 2565 29 16 en
895 2559 95 28 France,

518 2588 62 21 mais
605 2589 16 21 il
652 2590 82 22 aimait
764 2591 13 22 à
813 2592 93 23 n’avoir
945 2600 47 22 que

518 2627 46 21 peu
596 2622 30 21 de
645 2624 59 26 plats
723 2624 99 29 simples
833 2629 25 19 et
867 2628 89 22 solides
967 2631 25 19 et

518 2660 30 16 ne
569 2655 82 23 buvait
658 2657 85 28 jamais
751 2659 29 21 de
793 2660 55 22 vins
860 2660 129 30 étrangers,

517 2688 94 23 évitant
623 2696 58 16 avec
700 2693 52 20 soin
783 2695 66 21 toute
862 2696 86 27 espèce
960 2697 30 21 de

516 2723 67 22 luxe.

544 2751 28 27 Je
590 2758 30 16 ne
641 2754 42 26 pûs
706 2760 39 16 me
763 2755 113 24 défendre
889 2758 29 22 de
934 2765 55 16 sen-

516 2785 33 22 tir
567 2792 47 15 une
625 2790 64 19 sorte
696 2788 30 21 de
740 2790 62 27 gêne
814 2797 29 15 au
867 2792 83 22 milieu
959 2793 30 21 de

517 2825 27 16 ce
560 2821 78 21 cercle
657 2822 29 20 de
697 2821 81 23 héros.

546 2848 31 22 Le
590 2848 102 23 Général
705 2852 66 26 parle
784 2852 123 29 beaucoup
916 2854 71 22 d’his-

515 2883 63 20 toire
590 2886 24 18 et
623 2884 29 21 de
665 2884 138 27 littérature,
815 2889 23 19 et
850 2887 23 25 je
890 2887 97 29 m’aper-

515 2921 42 21 çus
578 2916 91 23 bientôt
685 2918 56 27 qu’il
762 2920 63 21 avait
840 2920 42 22 fait
900 2921 86 23 d’exel-

514 2949 78 23 lentes
617 2950 89 23 études.
717 2951 49 23 Son
787 2954 75 26 esprit
872 2957 37 20 est
927 2956 59 21 orné

513 2983 73 22 d’une
598 2985 89 28 grande
696 2986 92 22 variété
800 2987 30 22 de
844 2988 73 22 belles
929 2995 57 16 con-

514 3018 145 27 naissances,
671 3022 23 19 et
707 3021 21 20 la
741 3022 169 22 conversation
926 3022 13 22 à
951 3025 34 20 ta-

513 3052 38 21 ble
561 3051 59 23 était
630 3054 61 21 aussi
708 3057 123 19 amusante
846 3055 139 27 qu’instruc-

512 3086 59 22 tive.
580 3087 80 22 Avant
665 3088 75 25 dîner,
751 3088 17 21 il
775 3089 64 21 avait
846 3089 66 27 parlé
924 3089 59 22 fran-

512 3121 49 27 çais
570 3120 13 22 à
589 3121 62 21 table
665 3122 16 21 il
691 3127 27 16 se
734 3122 75 22 servit
821 3123 30 21 de
864 3123 21 21 la
899 3124 85 28 langue

511 3155 118 21 italienne
636 3155 57 22 dans
699 3156 104 27 laquelle
811 3157 18 21 il
837 3156 148 29 s’exprimait

510 3188 185 29 éloquemment.
708 3189 67 23 Nous
788 3196 60 17 nous
860 3191 124 22 retirâmes

510 3223 61 21 dans
594 3230 32 15 un
646 3226 65 19 autre
734 3227 165 25 appartement
922 3231 63 21 pour

510 3258 106 27 prendre
624 3259 23 20 le
657 3258 58 22 café.
724 3258 98 22 Bientôt
827 3259 26 28 je
862 3266 31 15 ne
901 3260 81 27 pensai

510 3292 54 27 plus
585 3291 14 21 à
622 3293 48 21 moi
689 3293 87 25 même,
790 3295 25 19 et
828 3299 40 16 ma
879 3293 104 22 timidité

510 3331 25 16 se
566 3325 89 28 dissipa
666 3325 12 22 à
702 3332 94 16 mesure
821 3332 46 21 que
883 3333 25 21 je
926 3327 54 21 fixai

510 3361 67 20 toute
587 3365 56 16 mon
655 3360 117 21 attention
788 3366 42 15 sur
844 3363 38 18 cet
892 3361 89 21 illustre

510 3393 58 22 chef
572 3393 69 22 d’une
662 3394 80 21 nation
753 3393 98 22 entière.

761 3428 107 22 Boswel.
880 3428 72 29 (1768)

685 3489 107 23 Scuse

534 3544 23 21 A
572 3543 120 22 bundanza
717 3543 22 22 di
760 3542 107 24 l'articuîi
882 3544 20 22 ci
917 3544 61 23 forza

504 3581 24 21 di
543 3579 78 23 rinvià
637 3586 12 15 a
669 3586 15 15 u
705 3581 120 27 prossimu
849 3587 101 16 numaru
963 3588 15 15 u

503 3614 98 29 seguitu
618 3614 22 21 di
649 3620 14 15 u
673 3617 83 19 nostru
763 3615 48 22 cusi
826 3616 151 27 passinevule

504 3651 140 28 fuglittinu:
663 3650 56 23 Una
732 3651 118 28 Scupata.

533 3687 39 22 Un
589 3687 101 28 pudemu
706 3693 103 16 nemenu
825 3690 68 20 truvà
901 3689 75 27 piazza

503 3725 31 28 pè
544 3730 15 15 e
571 3723 87 22 nutizie
666 3730 14 14 e
688 3723 198 23 l’infurmazione.

505 3761 69 22 Mille
582 3766 76 16 scuse.

1111 159 152 48 Pascal
1287 161 122 50 Paoli

1021 284 36 18 Les
1063 285 43 18 flots
1112 288 33 16 ont
1150 288 23 17 de
1179 293 85 13 nouveau
1271 289 49 17 vomi
1326 290 32 17 des
1364 293 128 21 mercenaires,

1022 312 86 19 Traînant
1113 319 71 14 comme
1193 321 26 12 un
1224 316 186 22 boulet,peste,honte
1416 321 20 16 et
1441 321 54 17 misè-

1465 353 29 13 res

1023 366 23 19 Et
1056 368 18 17 la
1083 370 48 16 mort
1143 370 24 17 du
1180 375 45 18 pays
1238 371 32 22 qui
1282 370 55 19 faillit
1343 377 23 13 au
1376 374 70 22 devoir,

1023 394 23 17 Et
1053 395 45 18 livre
1103 396 12 17 à
1120 401 31 13 ses
1162 398 71 18 voisins
1238 398 28 18 les
1272 399 61 20 portes
1341 400 24 18 du
1374 403 84 20 pouvoir.

1024 422 59 18 Venez
1088 423 22 18 de
1118 424 134 22 l’Occident,du
1260 425 97 23 Levaut,et
1365 429 26 17 du
1399 429 50 22 Pôle,

1024 448 39 19 Une
1071 450 84 19 dernière
1163 452 36 18 fois
1207 453 99 22 accomplir
1313 455 50 18 votre
1369 457 45 21 rôle,

1025 477 120 23 Vous,qu’ont
1151 480 67 18 noircis
1225 480 85 19 l’haleine
1315 482 20 17 et
1340 482 19 18 le
1368 484 51 18 sable
1422 485 75 18 brûlant

1024 504 35 18 Des
1066 506 59 18 arides
1134 507 93 21 plateaux,
1234 509 25 16 du
1268 508 73 19 sombre
1350 512 94 18 continent

1025 590 80 24 Puisque
1111 593 41 17 seul
1158 598 34 17 par
1196 594 18 17 le
1223 598 46 18 sang
1274 590 31 22 oiï'
1309 595 48 21 peüt
1361 597 49 18 fêter
1420 599 33 17 des
1463 600 34 17 cri-

1450 631 44 17 mes,

1025 650 25 18 Le
1056 654 46 19 sang
1110 651 74 18 coulera
1190 652 47 18 donc
1242 653 20 18 et
1269 653 60 19 l’aube
1335 659 34 13 sur
1379 656 28 17 les
1417 656 57 19 cimes

1025 678 63 23 Rouge
1094 684 22 13 se
1120 679 70 23 lèvera,
1200 682 61 21 quand
1267 686 34 14 sur
1306 682 88 19 l’horizon
1400 684 51 22 clair,

1025 707 25 18 Le
1058 708 72 22 maquis
1138 708 67 23 jettera
1210 714 26 13 un
1245 710 45 23 long
1298 711 19 17 et
1325 712 52 17 vaste
1383 712 61 18 éclair.

1025 758 70 19 Justice
1100 760 20 17 et
1127 760 79 18 liberté?
1212 761 59 18 droits
1286 762 25 17 du
1321 760 86 21 faible'en
1417 764 80 19 tutelle?

1025 787 47 18 Mots
1080 788 52 18 vides
1141 789 20 17 et
1168 789 105 22 trompeurs
1280 789 5 19 !
1298 790 92 19 fourberie
1396 791 88 20 éternelle
1491 793 4 18 !

1026 814 39 22 Que
1073 816 150 19 n’affranchit-on
1228 822 33 18 pas
1270 823 46 13 ceux
1322 819 58 22 qu’un
1394 820 50 18 désir
1457 826 40 17 per-

1454 854 43 13 vers

1027 870 70 20 Courba
1104 872 120 19 violemment
1230 874 68 19 devant
1306 876 30 17 cet
1344 875 84 22 Univers,

1026 899 74 19 Témoin
1107 901 91 19 désaltéré
1206 903 47 17 mais
1262 904 32 21 qui
1303 904 84 22 toujours
1396 904 58 23 éxige,

1021 927 50 21 -Qu’à
1076 928 89 24 l’antique
1173 930 71 18 bûcher
1254 932 42 17 d’aü
1298 932 37 18 1res
1352 936 52 18 corps
1423 937 24 13 on
1456 933 41 18 fus-

1451 961 44 23 tige.

1026 983 133 24 Souvent,sans
1164 987 69 23 grands
1241 988 110 21 desseins,le
1355 988 53 22 pâtre
1413 989 20 17 et
1443 989 19 18 le
1467 990 31 22 pê-

1440 1018 58 18 cheur

1026 1040 100 20 Savourent
1134 1042 102 19 lentement
1250 1045 46 18 dans
1310 1050 21 13 sa
1343 1046 46 17 rude
1398 1045 98 23 fraîcheur,

1025 1069 26 18 La
1059 1074 66 14 manne
1133 1071 45 17 d’un
1184 1072 66 18 rocher
1255 1077 36 18 que
1296 1073 19 18 le
1323 1073 53 18 soleil
1382 1074 91 23 parfume,

1025 1097 93 19 L’activité
1126 1103 43 14 sans
1175 1099 49 18 frein
1230 1101 19 17 et
1256 1101 19 18 la
1283 1101 47 18 libre
1339 1102 92 18 coutume.

1026 1125 25 18 Ils
1056 1130 23 14 ne
1085 1127 46 16 vont
1136 1131 33 17 pas
1175 1131 113 18 semer,sous
1293 1129 117 19 d’énervants
1417 1130 78 23 climats,

1027 1154 34 17 Des
1069 1154 91 22 tares,des
1165 1155 68 18 ennuis
1238 1161 23 12 ou
1268 1158 23 17 de
1298 1157 63 19 tristes
1366 1158 76 19 soldats.

1026 1181 45 18 Mais
1076 1183 45 17 forts
1127 1183 124 23 d’honnêteté,
1259 1185 12 18 Ò
1278 1186 81 18 lutteurs
1365 1187 107 22 pacifiques.

1026 1209 155 20 Dormiriez-vous
1193 1211 134 25 heureux,sous
1335 1215 33 17 des
1377 1216 48 17 mots
1437 1215 60 18 héroï-

1436 1249 46 17 ques
1488 1244 9 18 ?

1026 1266 58 19 D’être
1090 1267 51 23 objet
1147 1268 22 18 de
1176 1268 48 22 piété
1230 1269 114 20 seriez-vous
1350 1272 90 18 satisfaits
1445 1271 10 18 ?

1025 1294 140 21 Or,l’humanité
1174 1296 26 17 rit
1205 1297 20 17 et
1230 1297 90 19 lesTKeux
1327 1301 42 16 sont
1375 1301 67 17 muets.

1018 1407 3 2 •
1033 1407 6 7 4
1060 1409 4 3 -
1148 1411 3 3 .
1179 1409 12 3 ...
1202 1408 4 3 •
1231 1409 5 3 -
1240 1410 2 2 ■
1246 1408 6 4 -
1261 1407 5 2 ’

1026 1416 27 18 Un
1063 1416 72 19 homme
1144 1422 23 13 au
1177 1418 51 22 large
1244 1418 51 20 front
1303 1419 88 24 s’éloigne
1402 1421 33 17 des
1442 1421 55 19 récifs

1026 1443 33 23 Qui
1070 1445 61 18 virent
1138 1446 100 19 s’écrouler
1247 1451 31 14 ses
1284 1447 54 18 vieux
1350 1449 71 22 espoirs
1433 1450 62 18 natifs.

1026 1473 13 17 11
1048 1478 10 12 a
1068 1474 39 17 tout
1113 1475 71 21 engagé
1188 1475 46 17 dans
1243 1475 17 17 la
1266 1475 47 18 lutte
1323 1476 76 23 inégale,

1025 1501 81 18 Voulant
1113 1507 23 13 au
1147 1503 60 18 moins
1217 1503 78 21 fixer,en
1304 1506 48 17 cette
1365 1505 58 19 heure
1433 1505 61 22 fatale,

1026 1529 13 17 L
1044 1530 40 17 acté
1089 1530 43 17 viril
1148 1532 19 17 et
1176 1531 35 18 fier
1216 1532 44 17 d'un
1267 1533 66 21 peuple
1346 1534 22 17 de
1378 1534 70 22 géants,

1026 1557 73 18 Portant
1104 1558 17 17 le
1127 1559 30 17 fer
1165 1562 83 20 vengeur
1254 1565 33 13 sur
1300 1561 23 17 de
1333 1561 33 18 vils
1376 1562 118 23 trafiquants.

1025 1585 35 18 Des
1064 1590 122 19 compagnons
1195 1593 43 13 sans
1248 1588 24 19 foi
1281 1593 23 14 ou
1315 1590 66 23 rongés
1387 1595 33 17 par
1428 1591 68 18 l’envie

1024 1613 36 18 Oui
1067 1614 52 19 lâché
1128 1615 68 22 pied,et
1206 1617 103 20 seul,noble
1314 1622 52 13 coeur
1375 1619 55 22 qu’on
1445 1619 50 19 renie

1024 1641 25 18 Le
1054 1642 42 18 chef
1105 1643 149 23 parie,évoquant
1264 1645 24 18 du
1296 1650 34 17 peu
1340 1646 45 22 qu’il
1391 1652 11 13 a
1408 1647 64 22 sauvé,

1025 1669 23 18 Le
1054 1671 88 18 souvenir
1150 1672 33 18 des
1189 1672 52 23 jours
1250 1674 46 17 dont
1304 1674 13 16 il
1327 1676 27 16 est
1363 1675 87 18 abreuvé.

1024 1721 34 18 «Je
1067 1726 22 14 ne
1098 1722 94 23 chargerai
1201 1728 33 18 pas
1242 1725 25 16 du
1277 1724 33 18 fait
1324 1725 139 22 épouvantable,

1024 1749 43 18 L’un
1071 1755 23 12 ou
1102 1750 65 19 l’autre
1171 1752 92 21 canton,le
1269 1753 77 18 rendant
1353 1754 40 18 seul
1399 1755 94 22 coupable.

1024 1778 24 17 Ils
1055 1778 61 18 furent
1122 1780 42 17 tous
1174 1779 119 23 vaillants,du
1303 1781 36 22 Cap
1348 1787 23 12 au
1382 1782 57 22 Niolo,

1023 1805 94 24 Pourtant,
1125 1807 72 18 chacun
1203 1808 23 18 de
1231 1810 80 20 nous,du
1320 1810 36 17 mal
1363 1812 52 20 porte
1421 1815 33 14 son
1460 1811 32 18 lot.

1023 1833 93 23 Certes,en
1125 1835 131 23 implorant,du
1272 1838 65 18 maître
1351 1839 32 22 qui
1400 1843 94 18 gouverne

1023 1862 88 23 L’éponge
1119 1864 24 17 de
1157 1864 105 21 l'oubli,sur
1270 1867 52 17 notre
1340 1866 24 18 île
1384 1867 44 18 hors
1444 1868 49 18 d’ha-

1446 1896 48 18 leine

1022 1918 22 18 Je
1052 1919 89 22 pourrais,
1152 1920 130 23 rénégat,jeter
1293 1922 80 22 quelque
1384 1923 71 21 faveur,

1023 1946 64 18 Poison
1096 1949 43 16 ceut
1148 1948 35 18 fois
1192 1949 42 21 plus
1242 1950 34 17 sûr
1284 1954 44 18 :que
1343 1951 48 18 celui
1402 1952 25 16 du
1443 1952 50 17 vain-

1023 2000 33 6 ...
1244 1998 4 2 -
1259 1975 31 30 îi
1350 1999 4 4 .
1427 1984 65 18 queur>

1019 2005 22 14 >1
1049 2007 19 17 je
1077 2007 46 14 vous
1133 2003 102 22 trahissais,
1240 2004 77 22 prêtres,
1334 2005 36 19 rois
1385 2008 19 17 et
1419 2012 73 13 monar-

1447 2040 46 17 ques

1023 2057 118 19 Viendraient
1145 2063 29 14 me
1181 2060 100 22 prodiguer
1284 2062 23 17 de
1316 2062 121 18 souveraines
1445 2068 47 13 mar-

1439 2096 52 17 ques,

1020 2114 22 18 Je
1047 2115 56 18 serais
1112 2114 91 20 honoré...
1213 2118 20 16 et
1242 2117 59 21 ruiné,
1302 2117 18 23 je
1330 2118 64 19 frémis

1020 2141 27 19 Dé
1055 2144 117 22 penser,qu’à
1183 2145 49 17 cette
1241 2142 58 22 heure
1302 2151 26 13 un
1343 2146 67 23 cupide
1419 2149 72 17 ennemi

1021 2170 69 19 Souille
1095 2176 35 14 nos
1141 2173 59 17 morts
1205 2174 89 21 sacrés,et
1305 2174 23 18 de
1331 2172 12 20 T
1345 2174 73 20 a-Corse
1424 2176 66 19 inerte.

1020 2198 35 19 Ses
1060 2200 65 18 siècles
1133 2200 24 18 de
1165 2201 82 18 combats
1257 2203 20 17 ët
1291 2203 122 19 d’incessante
1426 2205 64 22 alerte,

1020 2227 23 18 Et
1050 2228 19 22 je
1074 2228 177 24 vais,indompté,où.
1256 2227 30 21 nie
1291 2232 90 20 poussent
1385 2232 29 18 les
1428 2234 62 22 vents,

1019 2252 53 22 Ètdu
1081 2256 79 22 froid,de
1167 2257 20 18 la
1195 2257 45 19 faim
1245 2258 28 19 les
1281 2259 83 22 pénibles
1381 2261 109 18 tourments.

1019 2310 194 23 D’aucuns,glorifiant
1218 2312 110 19 l’infortuné
1332 2314 69 18 cruelle

1020 2338 35 22 Qui
1063 2339 59 18 fondit
1130 2344 34 13 sur
1168 2340 29 18 les
1206 2340 87 18 miens-et
1298 2341 101 19 chasse-ma
1412 2344 78 21 nacelle,

1018 2367 91 18 Assurent
1116 2368 68 22 qu’aux
1192 2369 66 22 parias,
1260 2369 17 17 si
1279 2369 60 19 même
1347 2375 34 17 par
1388 2371 50 18 l’exil

1019 2395 25 18 Le
1052 2395 81 23 doigt.de
1142 2396 43 18 dieu
1195 2397 74 18 réserve
1275 2402 27 13 un
1307 2398 104 19 lendemain
1417 2400 51 22 viril,

1018 2424 77 18 Illusion
1101 2429 44 13 sans
1151 2424 28 18 fin
1183 2424 20 18 !..
1209 2425 79 19 Ecoulez
1295 2426 31 19 les
1333 2427 122 24 blasphèmes,

1019 2452 25 18 La
1058 2452 55 19 haine
1126 2453 34 18 des
1168 2454 128 22 proscrits,des
1312 2455 58 18 vieux
1378 2456 28 18 les
1416 2457 75 18 anathè-

1443 2488 46 20 mes,

1019 2509 23 18 Et
1049 2510 19 17 la
1073 2510 83 18 clameur
1161 2510 90 19 croissant
1259 2511 33 18 des
1300 2512 77 23 peuples
1386 2514 102 23 pressurés,

1018 2538 66 18 Foulés
1098 2543 24 13 au
1130 2538 130 23 pied,détruits
1268 2543 35 19 par
1309 2540 29 18 les
1351 2541 39 18 rois
1398 2542 90 22 rassurés,

1018 2566 22 18 Je
1047 2570 46 14 vous
1098 2566 78 19 exhorte
1183 2571 60 14 encor,
1246 2571 48 14 ceux
1302 2568 45 18 d’un
1352 2569 36 18 ciel
1393 2569 95 24 fatidique.

1018 2594 117 23 D’expliquer
1142 2599 34 18 par
1185 2600 27 13 un
1220 2596 128 23 mot,quelque
1363 2598 54 22 signe
1425 2599 65 22 mysti-

1446 2632 41 17 que,

1017 2650 26 18 La
1048 2651 61 17 raison
1117 2651 58 19 d’être
1178 2652 59 22 grand
1241 2657 48 18 pour
1294 2654 22 18 de
1326 2654 66 18 nobles
1396 2655 48 17 amis

1017 2678 23 18 Et
1048 2679 49 18 voué
1104 2683 25 14 au
1137 2679 56 19 billot
1200 2685 34 17 par
1242 2682 42 17 tous
1292 2683 133 17 mes-ennemis
1431 2682 28 18 !...

1016 2706 52 19 Vous
1076 2712 25 13 ne
1106 2708 101 22 répondrez
1214 2713 40 18 pas,
1256 2710 25 21 et,
1288 2710 11 17 à
1312 2711 74 23 travers
1398 2711 30 18 les
1435 2711 51 23 âges,

1015 2735 23 18 Je
1043 2736 62 18 revois
1113 2736 72 23 défiler,
1193 2737 60 18 vision
1262 2738 131 23 d’esclavages,

1015 2763 26 19 Le
1047 2764 73 23 cortège
1128 2765 56 18 infini
1192 2766 33 18 des
1233 2766 77 23 peuples
1319 2767 99 18 enchaînés

1015 2792 53 18 Prêts
1078 2797 47 17 pour
1140 2793 41 18 tous
1196 2794 28 18 les
1232 2794 64 19 enfers
1308 2799 72 14 comme
1396 2795 24 18 de
1434 2796 52 17 vrais

1403 2823 83 18 damnés.

1014 2848 22 18 Je
1044 2853 24 13 ne
1075 2849 38 18 sais
1121 2849 17 18 si
1147 2854 27 13 un
1183 2850 69 22 jour,le
1260 2851 67 18 monde
1335 2855 23 13 en
1372 2854 30 15 ses
1408 2851 76 22 colères,

1015 2876 24 18 Se
1047 2877 91 18 nettoiera
1146 2878 33 17 des
1184 2878 95 22 loups,des
1285 2878 117 23 renards,des
1412 2879 74 22 vipères

1013 2904 106 23 Dégageant
1126 2905 27 17 du
1160 2905 67 18 travail
1236 2906 24 18 de
1264 2906 20 18 là
1291 2906 95 22 sélection,

1013 2932 100 18 Les'fronts
1121 2932 59 18 mâles
1186 2933 49 22 épris
1241 2934 160 23 d’émancipàtion;

1012 2960 23 18 Je
1043 2965 24 13 ne
1072 2961 37 17 sais
1115 2961 63 21 quand
1182 2961 77 18 viendra
1261 2962 20 18 le
1286 2962 76 22 progrès
1367 2966 44 14 sans
1418 2962 65 23 férule;

1012 2988 46 18 Mais
1065 2993 34 17 par
1105 2988 19 18 le
1132 2992 47 18 sang
1187 2989 92 18 bouillant
1286 2989 33 23 qui
1326 2990 45 17 dans
1380 2994 43 13 mon
1435 2995 50 13 caeur

1407 3018 76 23 circule,

1012 3044 22 17 Je
1041 3044 41 22 jure
1088 3048 37 18 que
1132 3044 67 21 jamais
1208 3045 41 17 rien
1257 3045 47 18 n’ira
1312 3045 99 23 engloutir,

1012 3071 52 18 Cette
1072 3076 61 13 masse
1138 3076 25 13 en
1171 3073 63 21 granit
1242 3073 32 22 qui
1284 3074 64 22 guette
1355 3073 85 18 l’avenir.

1011 3122 16 17 11
1034 3126 24 14 ne
1066 3122 128 22 m’appartient
1201 3123 43 21 plus
1252 3123 19 19 le
1279 3124 73 18 demain
1359 3124 111 19 insondable

1011 3149 36 22 Qui
1053 3150 99 18 verdissait
1158 3155 41 13 mes
1206 3155 35 14 ans
1250 3152 20 17 et
1278 3151 53 18 l’être
1336 3152 101 18 charitable

1011 3177 35 22 Qui
1055 3178 89 18 m’offrira
1154 3178 19 18 le
1182 3178 34 18 toit
1225 3179 20 17 et
1249 3184 28 13 un
1287 3183 85 14 morceau
1385 3180 75 22 de-pain
1467 3197 3 3 .

1010 3206 27 18 Ne
1044 3211 68 18 pourra
1116 3210 38 18 que
1161 3207 76 17 nourrir
1244 3212 44 13 mon
1294 3207 70 18 éternel
1373 3207 85 24 chagrin.

1010 3234 20 18 Si
1039 3239 42 13 mon
1089 3234 45 18 rêve
1143 3235 29 17 est
1180 3234 104 23 douleur,1si
1292 3240 44 12 mon
1344 3239 53 18 corps
1405 3240 22 14 se
1435 3241 46 13 con-

1421 3269 58 17 sume,

1009 3291 22 17 Je
1039 3295 42 14 sens
1089 3291 89 21 pourtant
1186 3290 65 19 brûler
1258 3291 46 18 dans
1311 3291 34 18 des
1353 3291 45 18 flots
1404 3292 77 19 d’amer-

1279 3328 19 15 ,c
1421 3321 58 21 tume,

1008 3347 26 17 La
1042 3346 86 18 Vindetta
1137 3346 79 18 sublime
1225 3347 19 18 et
1252 3351 22 14 ce
1279 3347 66 18 vivant
1352 3347 72 19 brasier

1007 3374 30 18 Me
1042 3374 66 18 défend
1115 3374 24 18 de
1147 3375 71 17 mourir
1228 3376 20 16 et
1255 3375 124 21 d’apostasier.

1008 3402 73 19 Comme
1092 3407 25 13 on
1122 3403 41 18 voit
1170 3403 34 18 des
1212 3403 74 18 enfants
1297 3403 60 22 grisés
1364 3408 35 18 par
1410 3404 20 18 la
1443 3405 37 18 for-

1426 3434 51 23 tune,

1006 3459 52 19 Jeter
1065 3464 37 13 aux
1110 3461 66 21 quatre
1183 3461 55 17 vents
1246 3459 36 18 l’or
1286 3459 33 22 qui
1327 3460 28 18 les
1365 3461 112 24 importune,

1006 3488 93 18 Ainsi.des
1107 3488 74 18 nations
1189 3488 51 18 ivres
1247 3488 26 17 du
1280 3487 43 18 bien
1332 3488 87 24 d’autrui,

1006 3515 24 18 Et
1034 3516 23 18 de
1062 3516 54 22 houe,
1126 3517 20 17 et
1152 3517 23 17 de
1181 3515 159 24 sang,crouleront
1352 3521 43 14 sans
1408 3518 73 22 appui--

1006 3543 142 24 Seuls,radeaux
1156 3544 98 23 dédaignés
1260 3544 46 18 dans
1311 3544 20 18 la
1338 3545 52 18 noire
1396 3546 81 23 tempête

1005 3572 35 19 Les
1048 3573 69 18 déchus
1125 3573 24 18 de
1153 3573 48 22 jadis
1208 3572 104 18 relèveront
1319 3572 20 18 la
1344 3573 44 19 tête.

1006 3600 39 22 Que
1052 3601 19 22 je
1077 3601 57 18 laisse
1140 3606 25 12 au
1172 3601 61 18 destin
1236 3600 19 18 la
1260 3600 55 18 noble
1322 3601 77 18 mission

1004 3629 95 18 D’assurer
1107 3629 11 17 à
1124 3629 72 17 chacun
1201 3629 43 22 paix
1253 3628 19 17 et
1280 3628 110 23 réparation,

1004 3656 96 19 Comment
1105 3657 74 18 utiliser
1185 3657 29 18 les
1225 3657 81 17 instants
1311 3657 108 21 profitables

1004 3684 65 22 Quand
1074 3685 18 17 le
1098 3685 43 18 hras
1147 3686 19 17 et
1171 3685 72 22 l’esprit
1249 3688 24 14 ne
1275 3688 21 13 se
1301 3684 41 18 font
1347 3683 128 20 redoutables?

1003 3712 45 18 Plus
1050 3713 46 22 tard,
1097 3712 19 23 je
1119 3717 31 14 me
1154 3713 60 18 verrai
1220 3713 98 17 recouvert
1324 3713 80 17 d’autres
1408 3712 65 18 fleurs.

1002 3740 46 18 Mais
1061 3741 51 18 aussi
1122 3741 21 21 je
1152 3740 58 18 verrai
1224 3740 44 17 bien
1283 3739 26 18 du
1321 3744 53 18 sang,
1387 3740 43 17 bien
1441 3740 33 16 des

1402 3767 71 21 pleurs,

1519 158 27 17 Du
1555 158 43 18 fond
1608 160 23 17 de
1640 164 42 13 mon
1689 160 85 18 tombeau
1788 160 109 22 j’entendrai
1910 160 80 18 d’autres

1911 188 79 22 plaintes

1519 213 45 17 Tant
1571 218 36 17 que
1613 215 120 21 persisteront
1744 216 28 17 les
1786 216 84 22 pénibles
1879 216 112 18 contraintes

1519 240 25 18 De
1550 242 88 21 scrupule
1647 243 19 16 et
1674 243 218 22 d’envie.imperceptible
1901 243 58 18 écueil

1520 268 33 21 Qui
1565 269 23 17 de
1605 269 65 18 lourds
1678 270 100 18 bâtiments
1792 272 30 17 est
1829 272 79 17 souvent
1920 271 19 18 le
1952 276 39 13 cer-

1933 299 47 18 cueil
1985 304 5 16 ;

1519 323 22 17 Et
1546 324 16 17 si
1568 324 19 17 la
1594 324 57 18 Force
1658 326 29 17 est
1701 326 52 17 Droit
1762 330 47 18 pour
1822 331 48 13 ceux
1879 327 32 22 qui
1928 328 31 16 ont
1974 327 17 17 la

1936 354 54 22 force,

1520 378 96 19 Terrassée
1623 384 23 13 ou
1654 381 68 17 debout
1731 382 49 17 reste
1795 382 66 21 forte,ô
1876 387 30 12 ma
1923 382 55 18 Corse
1985 382 5 17 !

1897 437 28 21 F.
1936 436 24 22 C.

1680 459 6 9 /

1782 486 44 20 Mai
1841 487 50 20 i9i8

2045 155 100 22 Lettara
2170 154 88 22 scritta
2280 159 16 15 a
2314 151 154 23 FrancescM

2175 191 101 22 Casinca,
2286 195 13 20 4
2308 190 86 20 ottobre
2403 188 60 25 1768,

2043 217 18 19 Il
2085 220 74 17 vostro
2185 216 47 20 zelo
2262 215 28 20 ed
2313 217 131 18 onoratezza
2465 212 29 20 lia

2018 242 88 20 riscossi
2115 241 30 25 gli
2154 240 101 26 applausi
2264 240 23 20 di
2296 243 56 17 tutta
2374 240 20 19 la
2414 238 81 21 Nazio-

2017 273 37 16 ne,
2064 267 57 19 dalla
2134 266 66 25 quale
2209 269 71 17 sarete
2292 264 188 21 contraddistinto
2486 269 7 14 :

2018 292 27 20 ed
2055 292 21 20 io
2086 292 21 20 vi
2116 291 48 20 farò
2174 297 119 14 conoscere
2299 293 83 21 quanto
2396 289 22 20 vi
2435 295 58 14 sono

2018 317 192 24 particolarmerite
2224 319 84 16 tenuto.
2319 315 29 19 Se
2365 319 97 15 tornano
2481 320 13 13 a

2018 342 47 20 fore
2086 341 148 25 proposizioni
2253 340 96 24 indegne
2370 339 21 20 al
2415 342 78 17 nostro

2018 366 164 26 coraggio,'fate
2194 365 48 20 dire
2252 371 40 18 per
2301 364 65 20 unica
2379 363 99 25 rispos'ta
2486 370 7 13 :

2021 393 56 19 Viva
2085 392 24 20 la
2118 391 92 21 liberté.

2044 417 61 21 State
2113 423 55 19 pure
2178 416 89 24 allegro,
2278 414 42 21 che
2329 414 20 20 le
2354 420 51 14 cose
2415 413 79 21 hanno

2018 442 131 21 cominciato
2155 448 14 14 a
2178 441 108 26 prendere
2300 440 73 20 buona
2391 439 74 25 piega;
2482 445 13 13 e

2018 468 19 20 si
2044 467 132 26 spererebbe
2184 466 34 21 fra
2227 472 45 14 non
2285 465 68 20 molto
2371 464 41 21 che
2433 465 8 19 i
2456 470 40 14 ne-

2018 493 53 20 mici
2080 492 84 21 fossero
2173 491 91 21 ristretti
2284 490 37 21 nei
2342 490 47 20 loro
2398 489 96 25 presidj.

2289 516 30 21 P.
2332 514 38 22 de’
2381 514 82 22 Paoli.

1841 1476 156 32 Pasquale
2016 1477 52 25 de’
2086 1477 87 25 Paoli

1791 1521 113 28 (Pittura
1916 1522 28 21 di
1953 1521 112 29 Vinglese
2075 1521 140 29 Lawrence)

1520 1593 101 23 Lettara
1632 1595 88 21 scritta
1730 1602 16 14 a
1757 1602 19 15 u
1786 1597 74 20 conte
1874 1596 117 22 Rivarola

1820 1668 84 25 Agostu
1916 1668 48 24 I768

1544 1708 24 20 In
1578 1708 76 20 Bastia
1663 1713 114 21 aspettano
1786 1717 13 13 a
1809 1710 106 21 momenti
1928 1714 62 21 quat-

1519 1740 76 20 tordici
1606 1740 23 19 in
1639 1740 68 22 sedici
1716 1741 137 25 battaglionî;
1863 1748 14 14 e
1886 1748 101 18 prepara-

1519 1777 29 13 no
1556 1770 23 20 di
1587 1770 37 26 già
1632 1772 32 24 gli
1676 1772 89 25 alloggi.
1776 1772 100 20 Vantano
1892 1772 23 20 di
1929 1773 60 24 aprir

1519 1802 20 19 la
1547 1809 123 19 campagna
1683 1803 22 20 di
1712 1804 114 20 buon’ora.
1836 1804 19 20 A
1863 1807 79 22 queste
1951 1810 38 14 no-

1518 1833 50 20 tiziè
1576 1834 95 20 chiamai
1680 1834 22 20 le
1710 1835 59 24 pievi
1778 1835 23 19 di
1816 1838 79 22 questa
1911 1835 79 25 giuris-

1518 1864 94 23 dizione,
1624 1871 13 14 e
1647 1865 23 20 di
1687 1866 74 24 quella
1779 1866 102 20 d’Aleria.
1901 1866 88 20 Furono

1518 1902 64 18 prese
1593 1896 80 20 alcune
1686 1896 190 24 determinazioni,
1887 1897 22 20 di
1918 1897 35 21 cui
1966 1897 22 20 vi

1518 1927 108 20 acchiudo
1634 1934 32 13 un
1675 1927 105 21 ristretto.

1543 1958 47 20 Con
1604 1962 58 16 tutto
1679 1958 42 22 che
1735 1959 92 20 vantino
1844 1959 144 20 l’immediato

1517 1988 73 23 arrivo
1598 1989 24 20 di
1631 1993 78 21 questo
1727 1989 103 24 rinforzo,
1838 1990 44 20 mai
1897 1996 91 14 cessano

1517 2020 22 19 di
1548 2020 145 20 sollecitarmi-
1699 2027 40 19 per
1751 2025 88 16 entrare
1853 2021 23 20 in
1892 2028 31 13 un
1937 2024 52 17 trat-

1517 2054 44 16 tato
1575 2051 22 19 di
1610 2052 204 20 accomodamehto.
1825 2052 81 20 Danno
1919 2052 28 20 ad
1955 2052 33 20 in-

1516 2081 91 21 tendére
1617 2082 42 20 che
1667 2082 14 20 il
1691 2089 24 13 re
1725 2083 179 25 prometterebbe
1912 2083 23 20 di
1944 2083 43 20 mai

1517 2112 37 25 più
1563 2113 95 20 rendere
1666 2113 15 20 il
1688 2113 78 26 Regno
1775 2114 20 19 ai
1805 2114 119 23 Genovesi,
1940 2121 12 13 e
1965 2114 21 20 di

1516 2144 84 20 tenerlo
1617 2150 66 14 senza
1702 2144 21 20 la
1740 2145 92 20 minima
1851 2145 136 26 dipendenza

1516 2174 28 20 da
1551 2175 44 20 essi
1604 2175 43 20 che
1661 2182 39 18 per
1711 2176 61 20 venti
1784 2183 13 13 o
1809 2177 118 20 trent’anni
1942 2184 45 13 non

1517 2206 127 25 esigerebbe
1650 2206 64 21 alcun
1731 2207 72 24 dazio;
1818 2208 42 20 che
1873 2211 57 17 tutto
1953 2214 35 14 ac-

1516 2237 143 22 corderebbe,
1664 2241 104 18 contento
1781 2238 36 21 dei
1832 2239 106 25 vantaggi
1949 2245 39 19 po-

1516 2268 52 20 litici
1577 2268 43 21 che
1628 2269 19 20 si
1653 2269 129 25 ripromette
1789 2270 23 20 di
1829 2270 87 20 ritirare
1930 2270 56 20 dalla

1516 2299 122 21 situazione
1652 2300 35 20 del
1696 2304 77 17 nostro
1786 2307 73 19 paese.
1865 2301 50 21 Con
1924 2308 64 18 ques-

1516 2334 21 16 te
1544 2331 106 25 lusinghe
1659 2338 44 14 non
1712 2332 189 25 gùadagneranno
1915 2333 17 20 il
1946 2333 41 20 Re-

1515 2368 51 18 gno.
1576 2362 156 21 L’avversionè
1738 2364 56 19 èora
1800 2367 80 22 troppo
1889 2363 63 23 forte,
1958 2364 28 20 ed

1515 2399 13 13 a
1537 2399 69 19 segno
1616 2393 41 20 che
1671 2394 88 20 sembra
1778 2394 118 21 diminuita
1914 2394 72 26 quella

1515 2424 41 20 che
1564 2431 108 14 avevamo
1678 2429 78 16 contro
1761 2425 8 20 i
1777 2425 120 21 Genovesi.

1785 2462 29 22 P.
1828 2462 38 22 de’
1878 2462 79 22 Paoli.

1513 2632 101 22 Lettara
1624 2633 88 22 scritta
1722 2640 17 15 a
1749 2641 18 15 n
1779 2636 73 20 conte
1866 2634 119 22 Rivarola

1761 2706 13 20 6
1784 2705 116 21 Dicembre
1911 2705 48 25 1768

1537 2746 42 20 Mai
1604 2753 92 14 cessano
1724 2748 122 20 insidiarmi
1882 2749 20 19 la
1931 2749 50 19 vita.

1512 2777 44 20 Ora
1565 2777 42 21 che
1626 2778 86 21 vedono
1726 2783 101 20 sccperte
1842 2783 62 21 parte
1927 2779 55 21 delle

1512 2808 45 21 loro
1567 2809 113 25 congiure,
1694 2810 115 20 detestano
1822 2810 38 20 tali
1871 2811 109 20 massime.

1513 2839 15 20 II
1534 2840 143 25 galantuomo
1683 2840 41 21 che
1734 2841 149 25 miprevenne
1896 2841 35 20 del
1941 2846 41 16 tra-

1510 2870 98 21 dimento
1618 2870 42 21 che
1670 2871 15 20 il
1702 2872 86 24 piccolo
1805 2872 98 20 Massese
1920 2873 61 20 volea

1510 2901 63 21 farmi
1588 2902 24 20 in
1628 2902 117 24 Lucciana,
1764 2903 31 20 mi
1812 2903 28 20 ha
1859 2907 122 21 prevenuto

1510 2938 38 14 ora
1556 2932 42 20 che
1613 2932 123 21 Chauvelin
1752 2934 13 19 è
1782 2934 126 20 ammalato:
1915 2935 66 20 credo

1510 2964 40 19 che
1555 2963 33 20 sia
1595 2970 41 18 per
1647 2970 53 14 aver
1713 2964 81 21 veduto
1803 2964 70 21 fallito
1889 2966 16 19 il
1917 2966 63 25 colpo

1509 2994 70 20 anche
1587 2998 80 21 questa
1676 2995 68 20 volta.
1759 2995 48 26 Egli
1822 3002 54 14 avea
1886 2996 93 21 differita

1509 3029 176 21 espressamente
1708 3026 21 20 la
1754 3032 41 14 sua
1816 3031 105 22 partanza
1941 3035 39 18 per

1509 3056 98 20 Francia.
1618 3056 71 21 Crede
1705 3057 86 21 riuseir.
1799 3058 68 21 molto
1885 3059 59 24 dopo
1957 3059 22 20 la

1508 3087 43 20 mia
1559 3091 80 22 morte;
1644 3089 109 25 -s’ingana.
1763 3089 10 20 I
1783 3089 64 21 Corsi
1860 3090 118 20 sarebbero

1508 3119 37 25 più
1553 3118 52 22 forti
1615 3120 76 23 allora,
1707 3120 86 21 benchè
1807 3128 39 18 per
1867 3128 57 19 poco
1936 3122 43 20 fos-

1507 3156 49 14 sero
1570 3151 90 25 apparsi
1684 3151 98 24 confusi;
1798 3159 64 13 corne
1878 3148 107 25 avvenne^

1507 3181 41 20 alla
1556 3185 73 17 morte
1637 3182 36 20 del
1682 3182 46 20 mio
1737 3186 149 21 antecessore,
1897 3184 41 20 che
1946 3184 32 20 di-

1507 3218 97 14 vennero
1617 3213 39 25 più
1667 3213 64 20 arditi
1746 3220 13 14 e
1767 3214 183 26 intraprendenti.

1531 3244 30 20 Le
1570 3243 83 21 notîzie
1663 3244 21 20 le
1697 3249 89 20 saprete
1800 3246 58 20 dalla
1876 3246 100 20 Monaca.

1507 3274 64 21 Parto
1582 3275 60 25 dopo
1657 3275 82 21 dima-ni
1753 3283 41 18 per
1808 3276 127 21 Nebbio.Se
1946 3277 30 20 mi

1506 3306 69 20 riesce
1583 3313 32 13 un
1628 3306 64 25 colpo
1702 3306 160 22 chemedito.ci
1872 3308 105 20 sentirete

1505 3337 93 24 piacere.
1618 3337 46 20 Ora
1677 3344 73 18 vengo
1768 3339 107 19 avvertito
1894 3338 42 20 che
1952 3339 24 20 in

1505 3367 83 21 Nébbio
1595 3368 175 20 macchinavano
1777 3373 78 16 contro
1869 3369 23 20 la
1900 3369 45 20 vita
1953 3369 22 20 di

1504 3399 44 20 mio
1554 3398 95 21 fratello.
1658 3399 47 21 Che
1713 3399 79 26 perfidi
1797 3400 6 20 !

1774 3437 30 21 P.
1817 3436 38 22 de’
1866 3436 80 23 Paoli.

1501 3595 49 21 San
1556 3595 80 22 Petru
1645 3595 27 21 di
1681 3596 111 20 Venaeu.

1527 3654 18 26 È
1555 3662 78 19 morta
1640 3665 14 15 a
1660 3665 101 16 mamma
1770 3659 24 21 di
1805 3665 15 15 u
1834 3661 85 19 nostru
1929 3659 42 21 fra-

1499 3690 57 24 tèilu
1568 3693 23 21 di
1603 3693 55 21 fede
1664 3692 140 22 Ghiuvânni
1815 3691 113 22 Olivieri.

1527 3725 70 22 Semu
1607 3726 55 21 tutti
1675 3726 25 20 di
1715 3725 56 21 côre
1785 3731 44 15 cun
1839 3726 49 20 ellu
1902 3731 14 14 e
1925 3731 45 15 cun

1499 3764 14 14 a
1521 3764 27 15 so
1559 3759 139 21 addulurata
1709 3758 114 27 famiglia.

2017 1603 170 37 Gentenariu
2204 1603 30 37 di
2251 1603 140 46 Pasquale
2405 1603 86 37 Paoli

2097 1655 35 22 Pè
2140 1656 136 25 apalmadi
2288 1662 17 15 u
2314 1655 90 22 P.C.A.

2080 1706 62 24 Terza
2153 1707 45 26 lista
2208 1707 20 23 di
2239 1707 157 26 soiiuscrizione
2405 1715 6 16 :

2041 1760 248 21 Grossetto-Tuzzarella
2430 1765 25 16 10

2042 1788 112 21 Benedetti
2165 1789 29 20 M.
2444 1794 9 15 1

2042 1816 83 20 Davide
2133 1817 130 21 Colombani
2442 1818 49 20 2.50

2041 1845 97 20 Avucatu
2152 1846 90 23 Andrei,
2261 1846 67 25 Alger
2443 1846 13 20 5

2040 1873 56 20 Jean
2116 1873 67 24 Maki,
2201 1874 109 20 Direttore
2324 1874 21 20 di
2356 1881 13 13 a

2091 1901 108 21 Nouvelle
2217 1902 66 21 Corse
2431 1907 25 15 10

2041 1929 130 21 Terrazzoni
2188 1931 24 19 P.
2225 1931 26 20 A.
2443 1935 12 16 2

2042 1958 64 20 Petru
2125 1958 95 20 Bonardi
2430 1964 25 15 20

2041 1985 126 21 Maestracci
2186 1986 24 21 S.
2442 1993 9 15 î

2042 2013 17 20 U
2074 2013 73 21 Corbu
2162 2015 164 25 Sampetracciu
2441 2016 13 20 5

2040 2041 18 20 T
2060 2048 22 13 ra
2085 2048 37 14 ver
2123 2043 18 20 si
2441 2049 9 15 1

2041 2070 122 21 Francescu
2183 2070 121 22 Carbuccia
2441 2073 14 20 5

2041 2098 81 20 Bartoli
2140 2099 27 20 G.
2233 2096 11 11 v
2443 2101 47 21 i.5o

2428 2159 62 25 64.00

2127 2184 78 21 Prime
2216 2186 64 20 liste-.
2416 2188 74 25 193.00

2129 2241 80 21 Tutale
2218 2250 7 12 :
2411 2244 77 27 257.00

2036 2275 15 18 U
2063 2275 23 18 P-
2092 2275 17 18 C.
2115 2277 22 17 A.
2147 2277 25 18 ha
2180 2278 58 19 dicisu
2246 2279 30 18 chi
2289 2285 10 12 a
2306 2280 59 22 palma
2377 2281 41 18 sarà
2423 2283 65 20 sposta

2013 2302 57 16 nautu
2086 2306 10 13 a
2113 2303 61 17 tomba
2191 2304 19 17 di
2228 2309 11 13 u
2247 2304 64 19 Babbu
2325 2305 19 18 di
2353 2307 14 16 A
2383 2306 72 22 Palria,
2475 2312 13 12 u

2011 2325 55 22 jornu
2084 2327 18 17 di
2117 2327 157 24 l’inaugurazione
2282 2330 19 18 di
2317 2335 11 14 a
2335 2330 55 19 Croce
2407 2332 20 18 di
2441 2333 48 17 Pon-

2012 2352 75 18 tenôvu.

2031 2436 56 37 Per
2111 2450 20 24 u
2163 2439 98 37 Teatru
2283 2441 32 36 di
2331 2441 21 36 A
2370 2442 97 37 Muvra

2012 2485 67 19 Teatru
2085 2490 53 15 corsu
2145 2488 106 19 ambulante
2259 2489 25 18 du
2291 2489 18 18 U
2317 2489 170 23 Sampetracciu

2064 2529 78 26 Quarta
2156 2530 45 27 lista
2218 2531 20 23 di
2252 2533 157 26 sottuscrizione
2423 2543 7 16 :

2011 2580 86 21 Alessio
2107 2581 114 22 Marchetti
2419 2590 25 16 10

2012 2608 66 21 Petru
2090 2610 94 20 Bonardi
2419 2614 26 20 5o

2003 2648 5 6 •
2011 2637 141 26 Vinciguerra
2420 2647 25 15 10

2012 2665 84 21 Davide
2103 2666 131 22 Colombani
2431 2671 54 23 2,50

2010 2693 98 21 Simeoni
2431 2700 14 20 5

2010 2721 250 24 Grossetto-Tuzzarella
2417 2732 28 16 10

2010 2750 97 21 Bonisoli
2419 2760 25 16 10

2010 2777 18 21 U
2038 2778 73 21 Corbu
2122 2779 163 25 Sampetracciu
2418 2784 25 20 15

2008 2806 100 21 Colonna
2368 2810 15 14 r
2430 2817 13 15 2

2008 2835 74 20 Aitelli
2092 2836 26 20 G.
2130 2837 24 19 B.
2416 2839 26 21 5o

2009 2863 91 20 Pianelli
2111 2864 61 21 Luici
2428 2869 14 20 5

2008 2888 118 24 Battiotelii
2136 2893 88 21 Antone
2427 2896 14 21 3

2009 2920 60 20 Luici
2081 2920 22 21 L.
2417 2929 25 15 10

2006 2947 94 21 Mariotti
2112 2948 107 26 Pasquale
2416 2957 26 16 20

2006 2975 116 22 Santarelli
2133 2977 25 20 P.
2168 2978 25 20 A.
2415 2981 27 21 3o

2007 3004 77 21 Romei
2093 3005 23 20 S.
2415 3014 26 16 2c

2404 3066 75 20 232.50

2133 3090 73 20 Prime
2216 3091 49 21 liste
2404 3094 76 24 072.5o

2131 3146 91 21 Tutale:
2403 3150 78 21 825.00

2044 3262 46 25 La
2107 3263 102 26 Corse
2228 3265 208 32 Touristique

2029 3327 29 20 Le
2077 3334 92 15 numéro
2188 3334 12 19 4
2218 3330 28 19 de
2254 3334 57 16 cette
2329 3331 147 21 intéressante

2002 3361 23 16 et
2037 3358 19 20 si
2070 3359 53 19 utile
2137 3366 69 14 revue
2222 3360 61 21 vient
2299 3361 30 20 de
2344 3362 104 24 paraître.

2028 3389 34 20 En
2084 3390 57 20 voici
2158 3391 22 19 le
2198 3392 121 20 sommaire
2329 3399 7 13 :
2353 3392 107 21 Editorial
2467 3400 7 17 ;

2000 3420 113 26 François
2123 3422 101 20 Santoni
2236 3428 6 13 :
2258 3422 99 22 L’amitié
2384 3423 72 21 Corse
2465 3431 8 17 ;

2000 3452 66 20 Paul
2075 3453 98 25 Arrighi
2182 3458 6 13 :
2205 3453 48 21 Une
2278 3455 51 19 nuit
2341 3461 30 14 au
2387 3455 35 20 lac
2445 3455 30 20 de

2001 3483 59 20 Nino
2074 3490 7 17 ;
2098 3484 31 19 D.
2145 3484 185 25 Pugliesi-Conti
2338 3492 6 13 :
2369 3485 106 21 L’avenir

2000 3514 109 25 d’Ajacci©
2115 3522 7 17 ;
2131 3515 30 20 P.
2170 3515 27 20 T.
2207 3516 77 20 Salini
2292 3523 6 13 :
2309 3516 30 20 La
2367 3517 106 24 question

1999 3545 41 20 des
2068 3549 123 22 transports
2217 3547 122 20 maritimes
2347 3554 7 17 ;
2371 3547 23 20 J.
2408 3547 32 20 de
2446 3547 27 20 la

1999 3577 98 20 Parafa'-
2115 3577 90 26 Voyage
2226 3584 28 14 en
2272 3578 83 23 Corse;
2370 3578 104 19 Docteur

1997 3611 117 20 Barbaud
2134 3611 98 20 Histoire
2250 3611 132 25 bourgeoise
2402 3610 71 20 d’une

1997 3641 85 21 famille
2095 3642 98 23 illustre;
2207 3641 195 24 FrançoisPietrk
2412 3641 60 20 Cho-

1997 3679 37 13 ses
2040 3676 22 16 et
2070 3676 81 16 autres-.

2024 3703 30 19 La
2065 3709 68 13 revue
2153 3705 35 16 est
2196 3702 158 24 superbement
2368 3702 103 19 illustrée

1996 3733 29 19 de
2028 3732 67 24 jolies
2103 3732 172 25 photographies
2281 3732 40 20 des
2328 3732 89 20 maîtres
2426 3731 45 20 To-

1996 3762 56 20 masi
2066 3766 23 16 et
2097 3762 120 20 Cardinali.
2231 3766 5 4 ‘
