2608 3956
123 237 99 20 Avemu
231 235 113 27 sappiutu
354 238 43 16 cun
407 237 60 21 gran
476 229 91 27 dispia-

96 272 26 15 re
134 273 13 14 a
159 266 69 21 trista
240 265 87 21 nulizia
349 263 24 21 di
385 269 13 14 a
414 262 79 21 morte
514 259 23 21 di

179 301 36 21 M.
228 301 30 21 D.
272 300 25 21 S.
310 297 89 23 Mattéi
410 297 79 20 Torre

94 339 24 21 di
131 345 13 15 a
157 338 137 27 Volpajola,
313 336 109 22 stuclente
439 334 26 21 in
482 332 82 24 drittu,

95 375 13 14 e
118 369 23 20 di
155 375 13 14 a
180 368 69 21 Scola
258 368 24 20 di
289 373 13 15 e
312 366 86 21 Sccnze
408 362 129 23 Pulitiche.

124 398 114 22 Giovane
256 398 24 20 di
305 393 160 31 grandissimu
485 390 80 22 affettu

95 428 32 27 pè
144 429 7 20 i
165 427 35 22 so’
215 427 57 24 cari,
293 425 78 22 amicu
390 423 107 23 dilicatu,
515 426 50 15 cur-

95 459 60 20 sista
175 458 104 23 sinceru,
297 461 57 15 omu
366 454 23 20 di
401 451 131 28 splendidu
553 456 12 14 e

96 488 60 21 utile
170 487 102 23 abbene,
285 482 163 24 l’inesorabile
462 487 13 15 e
493 479 73 22 cruda

95 518 61 21 falce
169 524 13 14 u
196 516 81 27 coglie
289 521 12 14 a
314 514 46 21 fior
370 513 23 21 di
406 512 59 24 vita,
474 511 92 21 lascen-

95 548 31 20 du
138 553 33 15 un
181 545 154 26 scumpientu
345 542 110 28 generale
465 540 35 21 fra
509 540 55 19 tutti

95 577 74 27 quelli
183 576 41 21 chi
245 574 80 22 Tlianu
347 571 142 22 cunusciutu
502 574 13 15 e
526 568 40 20 ab-

94 607 117 21 bicinatu.

124 635 129 28 pjegnìmu
274 639 29 15 eu
316 639 14 14 u
343 631 80 22 corciu
442 628 89 24 babbu,
549 633 16 14 u

95 668 84 20 noslru
193 664 94 22 fratellu
299 668 13 14 e
327 660 175 22 cullaburatore
514 657 24 20 di
551 662 13 14 a

94 695 117 28 prim’ora
224 694 92 20 Matteu
328 687 236 26 Cirnensi,chi,core

94 727 126 26 piagatu,a
231 721 55 22 l’età
298 722 65 19 duve
373 723 103 22 sperava
488 723 13 14 e
514 722 50 15 me-

97 756 76 21 ritava
191 754 24 20 di
229 752 62 21 vede
303 750 84 22 fiurise
400 755 14 14 u
424 748 82 21 sforzu
523 751 41 22 pa-

96 788 72 19 ternu
179 790 14 14 e
213 782 137 23 affettuosu,
366 779 91 21 rimane
467 777 96 21 incusu-

96 815 82 22 labile.

122 842 129 29 Piegnimu
264 847 29 15 eu
305 847 14 14 a
337 839 86 22 surella
436 837 40 22 chi
486 837 77 21 ferma

94 875 48 21 sola
155 879 43 22 per
210 871 93 23 sullevà
314 871 107 20 tamanlu
432 868 95 21 dulore.

185 955 56 35 Per
258 953 86 35 Santa
360 950 114 36 Kmzri

178 1000 30 25 di
233 996 247 33 Montemaggiore

200 1053 44 20 Car
245 1059 15 13 u
269 1052 57 24 Sgiô
338 1051 70 20 Petru
415 1050 85 22 Rocca,

118 1091 19 20 A
148 1089 46 21 iniò
205 1092 46 22 peu
251 1095 16 13 n
268 1094 16 14 a
292 1094 49 14 unn
345 1087 17 19 ’è
370 1086 58 20 mica
436 1087 53 22 trop
487 1087 35 22 pu
527 1083 38 25 fa-

92 1117 175 26 migliarizzata
284 1122 29 13 eu
334 1121 16 13 u
366 1113 99 21 dialettu
490 1118 72 15 corsu,

81 1148 5 4 ‘
92 1152 46 15 ma,
148 1152 29 13 eu
178 1151 35 14 me
221 1144 23 20 si
249 1143 52 20 dice
309 1143 24 19 in
339 1140 146 25 Montemajò,
492 1143 72 21 paese

93 1174 28 20 di
125 1172 110 26 jucadori
241 1178 8 13 :
265 1171 20 20 A
296 1170 39 20 chi
347 1170 22 19 si
375 1169 72 21 risicò,
456 1173 15 15 o
476 1171 68 21 perse
551 1173 13 13 o

91 1200 154 26 guadagnò...
254 1199 23 20 E
283 1204 32 14 un
321 1201 70 21 possu
401 1196 28 25 {à
437 1201 70 15 menu
523 1194 42 20 che

91 1229 27 19 di
124 1227 98 21 scrivevi
229 1227 24 19 in
264 1226 71 20 Corsu
340 1228 41 20 per
389 1224 43 20 avè
440 1222 123 25 Vdlloghiu

93 1256 28 20 di
128 1262 16 13 u
152 1258 79 17 vosiru
237 1253 101 26 jurnale.

120 1283 30 20 Bi
163 1282 80 25 vogliu
258 1282 72 20 cuntà
345 1287 30 13 un
376 1287 15 13 a
406 1279 60 25 fola.
485 1279 33 19 Cu
534 1277 32 20 sti

92 1311 73 24 îempi
172 1311 27 19 di
208 1316 56 14 neve
273 1310 13 19 è
293 1309 28 19 di
328 1308 75 22 codru,
412 1308 13 19 è
433 1306 91 21 cos’ellu
533 1306 32 19 c’è

92 1339 28 19 di
127 1338 87 24 megliu
220 1341 44 21 per
271 1336 104 20 riscaldà
384 1335 105 20 Vanima.

118 1366 81 20 ...Una
215 1364 48 20 volt
263 1371 24 15 a,
303 1364 25 20 in
345 1362 218 25 Montemajò,cera

92 1400 49 14 una
155 1393 95 20 vecchia
261 1392 78 25 jesgia
354 1391 37 20 chi
404 1390 22 20 si
438 1390 126 20 chiamava

93 1422 77 20 Santu
178 1420 97 23 Raineri
282 1426 13 13 e
304 1419 178 24 unn’aspettava
498 1423 28 14 ca
533 1423 30 13 un

92 1449 69 24 colpu
178 1449 28 19 di
227 1449 152 19 tramuntana
390 1449 44 22 per
447 1444 116 26 falassine

92 1477 55 19 inde
155 1483 16 13 u
176 1476 105 24 jargalu.

121 1503 65 20 Tutte
195 1510 13 13 e
215 1510 26 13 so
247 1506 67 22 petre
321 1504 94 19 zuccate
429 1500 136 21 trimulava-

91 1538 34 14 nu
133 1537 66 14 cume
207 1531 10 20 i
224 1531 66 20 denii
297 1531 27 19 di
330 1530 40 20 ziu
379 1527 171 22 Duminichellu
555 1533 10 17 ;

92 1560 10 19 i
109 1559 70 20 ciocci
186 1566 14 13 e
208 1558 154 20 Vaccellaccie
369 1558 22 19 ci
398 1557 88 19 avianu
495 1555 69 20 elettu

91 1587 129 22 dumiciliu,
233 1593 19 15 e,
265 1592 65 14 cume
343 1592 14 13 u
366 1587 53 22 topu
428 1584 55 20 inde
492 1589 16 14 u
515 1589 50 14 cas-

91 1615 44 24 giu
150 1614 128 22 d’Ulanda,
293 1616 131 17 truvavanu
440 1611 49 20 “Le
502 1611 63 19 vivre

91 1644 24 18 et
126 1643 22 19 le
156 1642 113 20 couvert”.

116 1670 42 20 Ma
165 1677 31 13 un
203 1670 40 19 bel
247 1667 189 27 giornu,quandu
444 1673 70 15 menu
518 1666 24 20 ci
543 1667 21 19 si

88 1698 178 24 pinsava.tuttu
273 1697 22 20 si
302 1696 158 20 dìscitò...San
468 1693 98 24 Raineri

90 1726 63 19 surtï
159 1725 26 20 di
190 1732 15 13 u
210 1732 27 13 so
244 1723 251 23 nicchiud’accellaccie
501 1722 63 20 sbat-

92 1753 105 20 tuledinu
207 1753 55 20 l’ale
270 1759 14 13 e
289 1752 83 24 fecenu
384 1751 24 20 'si
413 1757 62 18 gran
487 1751 77 19 batta-

91 1781 51 24 glia
152 1781 39 20 chi
198 1781 43 19 dui
247 1779 97 21 cantelli
351 1779 63 20 ch’un
423 1778 93 20 tinianu
523 1777 42 19 che

90 1809 33 24 pè
131 1815 15 13 u
153 1809 85 24 frescu,
250 1808 23 19 si
279 1806 134 25 lampedinu
418 1812 16 13 a
444 1805 120 24 ghiagara

91 1836 116 21 tecchia,a
215 1841 82 15 mezzu
304 1835 74 25 pianu
386 1834 26 19 di
418 1840 16 12 a
440 1833 85 24 jesgia.

115 1864 59 19 Inde
181 1865 39 18 stu
229 1865 86 17 mentre
322 1861 146 21 s’imbaftede
475 1867 16 12 a
501 1859 62 21 cullà

91 1898 32 13 un
129 1893 81 18 nostru
213 1891 114 24 piuvanu.
336 1889 68 20 Sente
408 1891 37 17 stu
450 1887 112 25 frajassu.

93 1919 44 20 Chi
142 1918 59 20 c’è.?
218 1918 67 20 ch’un
294 1917 73 20 c’è?...
385 1916 65 19 Tutta
459 1922 17 13 a
487 1915 76 25 jesgia

93 1949 74 17 tréma
175 1952 66 14 cume
248 1952 31 13 un
285 1944 173 21 susinu...Sorte
466 1946 98 21 spaven-

95 1976 52 18 tatu
154 1981 9 13 :
174 1982 11 10 «
195 1973 73 25 Ajutu
273 1973 11 19 !
295 1979 15 13 o
322 1972 102 25 paisani,
439 1971 40 20 chi
487 1971 76 20 Santu

94 2001 99 22 Raineri
206 2002 13 18 è
228 2001 112 19 discitatu
346 2007 9 15 ;
366 2006 16 19 g
391 2005 25 14 so
421 1999 79 25 jesgia
508 1998 40 20 chi
555 1997 10 20 i

95 2028 174 22 nostrianiichi,
277 2030 50 17 ottu
335 2028 59 19 cenf
394 2027 59 19 anni
458 2026 36 24 fà,
499 2026 65 19 avia-

94 2063 33 13 nu
128 2056 63 25 fatta
200 2056 54 20 inde
259 2062 16 13 u
279 2055 97 25 jargalu
380 2061 13 13 e
400 2054 82 20 ch’ellu
488 2053 75 20 s’avia

96 2084 90 20 cullatu
195 2086 75 18 nantu
284 2089 16 14 u
309 2085 75 18 monte
392 2092 24 3 —
421 2082 49 20 cusi
485 2081 53 20 dice
546 2087 15 13 a

95 2112 115 24 leggenda
218 2121 26 4 —
252 2111 47 19 avà
309 2117 15 13 a
332 2111 23 19 si
361 2110 49 19 vole
418 2109 90 24 trafalà
513 2109 23 20 !»

123 2139 52 20 Cusi
184 2139 68 20 disse.
261 2138 63 20 Tutti
330 2144 46 14 con
380 2144 60 13 enu..
449 2136 63 20 Tutti
516 2137 48 24 gri-

94 2167 66 19 danu
165 2174 9 12 :
189 2166 151 20 Pian...ta..!

118 2195 27 19 In
153 2194 75 25 poche
234 2194 83 24 parole
326 2204 28 5 —
360 2192 180 25 accurtaraghiu
548 2198 15 14 u

89 2222 112 22 discorsu,
210 2221 39 20 chi
253 2228 16 13 a
272 2221 52 25 fola
328 2222 14 19 è
348 2221 52 24 finit
399 2227 16 13 a
419 2230 27 4 —
454 2227 41 13 au
503 2223 60 21 capu

89 2250 27 19 di
122 2250 90 22 i’annu,
222 2256 16 13 a
246 2249 145 20 l’adunanza
397 2248 111 25 ginarale
515 2248 27 20 di
546 2254 16 13 a

89 2277 88 20 sucietà
187 2277 171 21 “L’Amicale”,
365 2277 31 23 pè
403 2283 16 12 a
426 2276 137 24 prutezione

88 2305 28 19 di
135 2305 10 19 i
159 2304 144 21 munumenti
318 2304 79 20 storici
408 2310 13 13 e
438 2303 123 23 artistichi,

86 2335 67 22 prete
165 2332 101 24 Alfonsi,
273 2332 137 24 présidente,
420 2333 23 18 ci
449 2332 34 19 ha
497 2331 65 20 dettu

89 2361 45 19 avè
145 2360 101 20 ricivutu
259 2359 83 21 22.565
347 2359 93 25 franchi
444 2363 46 20 per
505 2360 58 19 assi-

88 2388 57 20 curà
154 2394 16 13 u
178 2390 59 17 tettu
245 2387 27 20 di
284 2387 77 21 Santu
368 2387 97 22 Raineri
469 2394 10 15 ;
486 2394 13 12 e
512 2389 50 22 spe-

88 2422 64 13 remu
158 2415 39 20 chi
201 2415 81 20 Vaniiu
289 2415 121 21 ch’enlre.u
416 2417 81 18 nostru
504 2415 58 20 San-

89 2445 25 17 tu
123 2443 22 19 ci
152 2443 118 20 mandarà
276 2446 44 20 per
327 2443 41 19 bia
382 2443 26 19 di
414 2442 10 19 i
431 2443 78 21 morti,
523 2442 23 19 si
553 2442 9 19 i

87 2470 50 20 vivi
150 2477 31 13 un
191 2471 112 22 bastanu,
313 2471 10 18 i
329 2470 63 20 solcli
401 2473 44 21 per
452 2469 108 21 assicurà

88 2504 62 14 ancu
159 2499 10 18 i
175 2498 69 20 mûri.

151 2525 175 23 Amicalmente,
456 2525 27 19 J.
491 2524 41 20 AI.

111 2566 26 18 La
144 2566 74 18 Société
228 2566 130 18 “L’Amicale”
372 2570 46 18 pour
428 2565 19 17 la
455 2566 106 21 protection

88 2589 35 17 des
134 2590 121 16 monuments
263 2589 111 21 artistiques
383 2589 19 16 et
410 2588 120 21 Historiques
538 2588 23 16 de

87 2611 19 18 la
113 2611 74 22 Région
201 2612 23 17 de
233 2611 110 21 Galenzana,
360 2610 57 21 reçoit
426 2611 23 17 de
462 2611 43 17 tous
513 2614 48 13 ceux

88 2633 32 22 qui
129 2634 131 18 s’intéressent
268 2639 24 12 au
302 2633 86 18 domaine
399 2633 101 21 artistique
505 2633 24 17 de
535 2632 25 17 La

86 2655 65 22 Corse,
160 2656 109 20 adhésions,
279 2657 53 20 dons,
342 2655 129 18 subventions.

113 2682 27 19 ’S.
147 2683 20 18 S.
178 2683 74 18 Alfonsi
261 2683 103 22 Alphonse,
376 2683 10 16 à
394 2682 165 22 Montemaggiore.

651 208 150 46 Parkas
822 206 159 47 Alsacien
990 205 16 45 1

617 305 32 20 Le
654 304 96 24 système
755 304 43 19 des
803 304 133 24 partis—ou
940 301 41 19 des
987 300 73 21 clans,

589 336 62 20 pour
659 331 77 19 mieux
743 331 51 20 dire
801 342 27 4 —
835 337 29 13 ne
873 334 101 19 manque
982 327 27 20 ni
1015 327 47 19 d’o-

592 358 122 25 riginalité
728 358 26 19 ni
770 360 71 18 môme
863 357 71 19 d’une
959 354 102 20 certaine

591 386 102 25 poésie...
704 385 95 20 morale.

617 414 35 19 La
664 413 67 19 Corse
737 413 43 23 qui
787 419 14 12 a
812 412 21 20 le
842 413 46 18 tort
896 410 73 20 d’être
977 415 46 13 une
1030 409 32 19 île

592 443 24 17 et
623 439 43 25 qui
672 439 50 19 doit
729 440 15 18 à
752 445 43 14 son
809 437 124 21 insularité
942 436 120 24 française

592 473 37 14 ses
636 466 117 20 malheurs
755 465 121 25 profonds,
883 465 59 19 n’est
950 466 46 21 pas
1006 463 56 24 près

592 494 29 20 de
629 494 49 19 s’en
687 493 135 24 dépouiller.

616 521 24 20 Jl
651 521 58 19 n’est
725 522 105 22 outrage,
849 519 20 19 il
883 519 58 19 n’est
956 520 59 22 coup
1031 517 30 19 de

589 548 59 24 pied
654 553 45 19 que
707 547 45 20 l’on
761 553 30 13 ne
798 546 36 20 lui
837 546 121 24 prodigue.

615 575 64 20 Nous
695 575 98 19 n’avons
806 574 72 24 qu’un
896 573 69 22 droit,
988 572 72 24 qu’un

591 602 95 20 devoir:
702 601 123 22 encaisser,
842 601 89 19 sourire
956 602 23 17 et
1002 605 59 14 nous

591 629 69 19 taire.

618 656 35 19 Un
662 655 88 20 homme
755 655 79 22 honni,
841 655 62 19 vomi
905 657 48 21 par
956 654 24 19 la
988 653 73 20 Fran-

591 689 26 13 ce
625 685 23 17 et
655 682 58 20 dont
720 682 34 19 les
761 682 99 24 exploits
866 684 41 17 ont
919 681 89 20 écoeuré
1013 679 47 20 l’U-

590 709 85 22 nivers,
686 715 59 14 nous
752 715 16 13 a
778 710 38 18 été
822 709 106 24 expédié.
942 708 23 20 Il
980 710 36 17 est
1022 707 39 20 de-

590 738 80 18 meuré
676 743 29 13 en
713 736 59 20 l’Ile-
780 736 112 24 dépotoir,
901 739 24 16 et
930 739 61 21 pour
995 737 67 18 notre

590 763 114 23 malheur,
712 763 110 25 pendant
834 766 84 22 quatre
927 769 44 14 ans
977 770 7 16 ;
1002 768 59 14 nous

590 791 75 20 étions
668 794 103 22 pourvus
782 790 32 20 du
831 791 92 19 dernier
938 790 80 24 Préfet
1030 789 31 20 de

590 819 97 22 France,
695 818 71 25 paria
775 818 30 20 de
813 818 93 20 sinistre
914 817 114 21 mémoire.

615 847 50 20 Par
672 849 83 19 contre,
765 846 97 24 Ajaccio
870 848 36 18 est
916 849 104 22 pourvue
1028 844 33 21 du

587 876 137 23 percepteur
731 874 22 20 le
761 874 78 20 mieux
846 875 88 19 noté....

615 902 64 21 Nous
687 909 30 13 ne
724 908 88 14 savons
818 902 23 20 si
848 902 21 19 le
876 902 87 24 régime
976 901 30 20 de
1018 900 44 20 tels

590 929 102 21 hommes
700 929 50 21 doit
756 936 27 13 se
788 930 126 24 perpétuer
918 936 10 16 ;
935 936 25 13 ce
968 929 44 24 qui
1026 931 36 17 est

590 957 94 23 certain,
694 958 53 19 c’est
754 964 46 18 que
806 964 57 14 nous
868 964 29 13 en
903 963 74 14 avons
984 955 78 22 assez!

614 985 24 20 Il
643 991 60 14 nous
709 992 53 13 sera
768 986 114 24 peut-être
887 985 84 22 donné,
980 984 84 26 quand

590 1019 58 14 nous
657 1019 86 14 aurons
749 1013 35 20 les
792 1013 109 20 éléments
912 1012 148 21 nécéssaires,

590 1041 121 24 d’exposer
718 1047 16 13 a
742 1041 25 20 la
774 1041 68 24 plèbe
848 1047 69 16 corse,
925 1041 16 19 à
949 1047 25 13 ce
977 1039 86 25 peuple

590 1068 44 25 qui
639 1075 27 13 se
679 1069 74 24 pique
764 1068 203 24 d’indépendance
982 1070 24 17 et
1021 1067 43 25 qui

590 1098 36 18 est
633 1095 22 21 le
661 1096 56 24 plus
725 1096 91 19 esclave
824 1098 23 17 et
857 1096 22 20 le
894 1096 57 24 plus
964 1095 100 24 méprisé

590 1124 43 24 qui
639 1124 47 19 soit
693 1130 54 13 sous
755 1123 22 20 le
784 1123 73 23 soleil,
875 1124 95 20 l’oeuvre
986 1123 77 20 désin-

590 1152 98 19 téressée
696 1151 29 20 de
730 1151 54 20 Mar
784 1151 50 22 lier,
844 1158 28 13 en
881 1152 76 19 Corse.
967 1151 34 20 Sa
1010 1151 53 20 mis-

590 1179 52 20 sion
651 1179 148 25 comprenait,
810 1185 57 14 nous
879 1180 128 20 l’avouons,
1021 1179 42 20 des

589 1206 135 25 politiciens
737 1213 77 14 corses
839 1207 59 20 dont
921 1207 142 24 l’envergure

590 1235 56 20 s’est
663 1235 87 19 révélée
769 1235 150 24 formidable,
937 1237 23 18 et
980 1235 83 24 depuis

590 1263 137 24 longtemps,
737 1269 28 14 en
775 1263 90 20 France
872 1265 25 18 et
904 1269 32 14 au
953 1263 54 20 delà
1022 1263 41 19 des

588 1291 123 24 frontières
719 1291 29 20 de
756 1297 26 14 ce
787 1294 70 22 pays,
866 1291 63 20 dans
934 1297 31 14 un
974 1291 88 20 certain

589 1325 73 18 genre
670 1319 129 24 d’affaires.

618 1347 61 20 C’est
684 1350 48 21 par
739 1347 34 19 les
781 1347 77 20 mains
864 1347 31 19 de
908 1353 37 13 ces
961 1346 103 20 hommes

590 1375 76 24 qu’est
673 1374 83 21 etreint
760 1375 23 19 le
788 1375 83 21 destin,
881 1375 23 19 le
912 1375 66 19 triste
986 1374 76 20 destin

591 1402 33 20 du
632 1402 70 20 vieux
706 1402 87 25 peuple
801 1403 30 20 de
841 1403 74 20 Corse.

619 1430 82 26 Qu’est
708 1431 60 19 donc
781 1431 89 19 devenu
884 1437 27 13 ce
925 1430 69 19 vieux
1007 1432 57 22 peu-

587 1458 42 24 ple
633 1459 13 19 ?
656 1458 100 20 Croit-on
764 1458 116 20 vraiment
893 1459 17 18 à
922 1464 28 13 sa
963 1457 100 25 dégéné-

589 1492 112 16 rescence,
710 1492 30 14 ou
747 1488 93 18 veut-on
848 1487 112 23 éprouver
967 1485 96 25 jusqu’à

590 1513 57 25 quel
650 1514 69 24 point
726 1520 29 14 ou
761 1516 59 22 peut
826 1514 131 19 l’abreuver
964 1512 99 20 d’humi-

590 1541 98 20 liations
696 1544 23 17 et
726 1542 31 19 de
765 1541 87 25 mépris
856 1541 12 19 ?

615 1569 64 21 Nous
689 1570 73 19 étions
774 1569 129 20 considérés
915 1575 85 13 comme
1008 1570 55 21 sup-

588 1597 54 24 pôts
647 1597 30 20 de
682 1597 63 20 droit
747 1600 63 21 pour
815 1603 92 14 assurer
911 1596 26 20 la
941 1596 76 24 garde
1021 1595 42 20 des

587 1625 120 24 principes
723 1625 29 19 de
775 1624 140 20 civilisation
938 1623 125 20 introduits

587 1655 49 22 par
643 1652 26 20 la
673 1652 84 25 gueule
761 1653 43 19 des
811 1658 88 14 canons
902 1658 49 13 aux
954 1651 106 20 colonies.

593 1680 36 20 On
637 1687 31 13 ne
675 1686 59 14 nous
741 1682 56 18 veut
813 1681 70 18 même
897 1679 55 25 plus
968 1678 79 20 la-bas
1051 1678 12 19 !

594 1708 73 24 Voyez
673 1708 35 20 les
724 1707 108 21 histoires
847 1707 30 20 de
896 1706 90 21 Tunisie
993 1708 25 18 et
1028 1706 34 20 du

590 1736 87 19 Maroc.

615 1763 59 20 Casa
682 1763 64 23 fatta,
759 1766 101 17 maestru
868 1762 51 20 fora
926 1763 7 19 !

617 1791 75 26 Qu’on
701 1797 57 14 nous
766 1791 72 20 laisse
845 1791 60 19 donc
921 1789 56 21 chez
993 1796 66 16 nous,

589 1819 47 19 bon
644 1819 77 20 Dieu!

618 1846 74 26 Qu’on
702 1853 29 13 ne
743 1852 59 14 nous
819 1846 80 20 envoie
913 1849 48 21 pas
977 1847 30 19 de
1023 1852 38 14 ces

588 1874 183 24 fonctionnaires
778 1874 59 20 dont
851 1874 22 20 le
889 1874 49 20 rôle
954 1874 110 20 essentiel

589 1905 37 17 est
632 1902 31 19 de
670 1908 59 14 nous
737 1908 109 19 engaqer,
856 1902 30 19 de
898 1909 59 13 nous
973 1902 89 25 obliger

589 1930 16 19 à
614 1930 88 24 quitter
708 1932 65 18 notre
781 1929 80 21 rocher
873 1930 43 25 qui
931 1930 41 20 n’a
988 1931 72 24 qu’un

589 1959 53 22 tort,
653 1957 60 20 celui
718 1957 73 20 d’être
798 1958 17 19 à
823 1958 25 19 la
854 1958 48 24 fois
907 1957 60 21 latin
973 1960 24 17 et
1001 1960 60 18 stra-

589 1986 93 24 tégique
686 1992 9 12 :
703 1985 53 20 c’est
762 1986 18 19 à
788 1992 38 13 ces
833 1986 61 20 deux
899 1986 111 20 attributs
1015 1992 46 19 que

589 2019 59 14 nous
656 2013 87 20 devons
751 2019 44 15 nos
803 2013 125 21 malheurs.

614 2041 95 24 Daigne
724 2041 26 20 la
775 2041 151 23 Providence,
952 2042 59 20 dont
1026 2042 35 20 les

589 2069 91 20 dessins
709 2071 54 18 sont
787 2069 185 25 impénétrables,
997 2070 64 24 faire

589 2100 94 16 tourner
691 2103 31 13 un
733 2096 56 25 jour
796 2097 30 20 de
839 2097 66 20 telles
917 2098 117 20 brimades
1043 2099 17 19 à

589 2127 66 17 notre
663 2127 127 22 avantage.

771 2161 113 22 Larenzu
894 2161 136 22 Malandri.

608 2608 24 4 —
638 2598 36 18 Chi
686 2598 41 18 voli
740 2598 50 18 cli’io
804 2598 17 18 li
829 2598 72 22 compri
908 2603 24 13 cu
940 2598 8 18 i
955 2598 57 21 soldi.
1019 2599 18 17 di
1047 2603 11 14 e

586 2627 50 21 pelle
643 2626 107 22 capritline.
759 2631 12 13 o
779 2626 69 18 Anton’
856 2626 70 18 Francè
932 2625 9 19 ?

607 2664 24 3 —
634 2654 41 18 Una
683 2658 78 14 curazza
769 2655 68 17 contru
844 2658 11 13 e
866 2654 123 22 pistulitlale,
1004 2654 17 18 si
1035 2655 23 17 tu

585 2686 25 13 ne
618 2682 59 20 trovi,
686 2686 12 13 o
706 2682 57 18 Maria
772 2681 71 18 Dumè!

1218 196 213 39 Lrighietidu

1088 240 34 21 (Da
1131 244 11 12 u
1148 237 47 25 petit
1203 237 43 18 Mar
1245 237 69 21 sellais,
1321 236 20 18 di
1349 241 14 12 u
1370 235 24 18 18
1402 232 96 23 ferraghiu
1507 232 52 22 1874)

1111 286 9 10 «
1129 279 27 18 Un
1164 278 31 17 des
1209 277 80 23 épisodes
1298 277 25 18 les
1333 276 45 24 plus
1386 273 115 19 lamentables
1509 275 18 16 et
1535 273 26 17 les

1085 301 44 23 plus
1142 299 112 19 douloureux
1268 299 23 18 de
1301 299 22 19 la.
1328 301 92 16 commune
1432 295 23 19 de
1463 294 56 19 Paris
1532 295 28 17 est

1087 322 128 18 certainement
1220 322 46 17 cette
1274 320 71 24 affaire
1358 317 103 19 Vincenzini
1468 316 33 24 qui
1509 322 22 13 vu
1539 321 22 13 se

1084 345 56 22 juger
1154 344 17 17 le
1183 342 29 19 23
1218 342 70 23 février
1301 343 65 17 devant
1381 340 17 18 le
1411 339 33 18 18e
1456 339 68 17 conseil
1538 338 23 18 de

1087 371 70 17 guerre.
1172 365 34 17 Les
1219 364 55 18 récits
1290 364 33 23 qui
1331 364 31 17 ont
1376 362 26 18 été
1414 362 47 22 faits
1470 359 92 24 jusqu’ici

1087 388 22 17 de
1122 389 26 16 cet
1157 386 79 18 horrible
1244 386 63 18 drame
1315 391 23 12 ne
1345 383 95 24 pouvaient
1448 383 69 23 qu’être
1532 382 28 17 in-

1087 409 86 23 complets
1180 413 32 13 car
1218 407 14 18 il
1238 413 12 12 a
1257 408 50 22 fallu
1315 406 50 24 faire
1373 405 22 18 de
1400 405 89 23 patientes
1495 406 17 16 et
1527 409 34 12 mi-

1086 431 91 20 nutieuses
1185 430 110 21 recherches,
1303 429 52 19 avoir
1363 428 26 18 les
1397 427 64 18 détails
1470 427 61 17 exacts
1539 425 22 18 de

1087 454 45 17 celle
1137 452 93 23 sanglante
1238 452 73 23 odyssée
1322 453 17 16 et
1347 449 93 19 découvrir
1449 450 48 16 toute
1506 448 19 17 la
1533 447 28 17 vé-

1087 475 42 18 rité.
1137 475 27 17 La
1173 473 55 19 vérité
1233 473 19 18 la
1260 474 48 18 voici
1314 478 5 12 :

1109 507 67 18 C’était
1183 507 19 17 le
1214 505 23 18 20
1245 506 73 19 février
1326 505 52 21 1871,
1393 509 27 12 un
1428 503 107 18 dimanche.
1544 502 15 17 Il

1087 532 64 18 faisait
1165 536 25 13 un
1200 532 60 21 temps
1268 531 83 22 superbe
1365 529 11 18 à
1384 528 60 18 Paris.
1455 528 35 18 Les
1498 528 62 22 places

1087 557 19 17 et
1119 557 28 17 les
1155 560 45 13 rues
1208 555 77 18 avaient
1298 560 28 13 un
1334 554 29 18 air
1371 554 23 17 de
1402 553 45 18 fête.
1461 552 40 18 Une
1510 552 51 18 foule

1086 581 92 18 immense
1192 580 118 18 encombrait
1323 580 18 17 la
1354 579 52 22 place
1419 579 24 17 de
1451 578 19 17 la
1483 577 78 18 Bastille

1087 606 24 17 où
1123 606 27 17 les
1159 606 67 21 gardes
1241 605 105 17 nationaux
1355 608 21 13 se
1387 602 100 19 rendaient
1499 601 62 18 armés

1087 635 24 13 en
1125 630 107 22 pèlerinage
1246 633 49 18 pour
1305 629 69 17 -saluer
1381 632 38 14 une
1432 628 57 21 loque
1502 631 60 17 rouge

1086 654 63 18 hissée
1154 659 34 13 sur
1196 655 19 16 la
1222 654 81 17 colonne
1311 653 24 17 de
1342 652 71 22 juillet.

1108 677 48 16 Tout
1169 676 11 17 à
1192 681 54 16 coup,
1255 676 46 17 d’un
1315 676 34 16 des
1363 674 103 18 nombreux
1480 677 81 18 groupes

1087 700 93 22 partirent
1187 705 31 13 ces
1226 699 137 19 exclamations
1368 704 5 12 :

1108 732 23 3 —
1137 722 49 18 C’est
1194 727 25 12 un
1229 722 103 18 mouchard
1339 720 5 18 !
1354 721 17 17 A
1379 721 33 18 bas
1420 721 19 17 le
1446 719 102 19 mouchard
1555 718 5 18 1

1086 747 17 17 A
1110 747 49 17 l’eau
1167 747 19 17 le
1195 747 75 17 roussin
1277 746 5 18 !

1108 769 30 17 Au
1143 768 62 19 même
1213 769 106 20 instant,on
1324 768 31 18 vil
1360 767 106 19 déboucher
1472 767 23 17 de
1503 767 19 17 la
1527 770 35 13 rue

1087 793 142 18 Saint-Antoine
1244 798 26 13 un
1285 793 77 18 homme
1376 797 24 13 en
1415 791 110 23 bourgeois,
1538 791 24 17 de

1086 818 57 18 haute
1151 818 59 22 taille,
1218 818 11 17 à
1238 818 64 23 figure
1308 817 108 23 énergique,
1425 821 37 18 que
1476 816 87 22 poursui-

1086 843 66 18 vaient
1159 847 47 14 avec
1218 843 136 18 acharnement
1366 842 90 22 quelques
1469 841 92 23 citoyens.

1087 868 92 18 C’était.le
1187 869 78 21 sergent
1273 869 24 16 de
1302 868 48 18 ville
1358 867 113 18 Vincenzini
1479 871 38 18 que
1524 866 39 18 l’on

1086 893 65 18 venait
1158 894 24 17 de
1190 893 128 18 reconnaître.
1326 893 26 17 La
1360 892 51 18 foule
1416 892 19 18 le
1442 891 122 23 poursuivait

1087 919 24 17 de
1119 923 31 13 ses
1155 918 65 18 huées.

1108 941 26 17 Le
1139 941 131 21 malheureux,
1277 940 29 18 dit
1311 939 170 22 Paris-Journal,se
1486 939 77 22 frayant

1087 971 27 12 un
1126 970 80 18 passage
1210 966 14 17 à
1239 969 60 19 coups
1307 966 24 17 de
1345 965 60 18 coude
1413 965 20 18 et
1440 964 12 18 à
1466 969 59 17 coups
1538 963 25 18 de

1087 991 58 22 poing
1149 992 35 21 put
1190 991 91 22 parvenir
1286 990 76 22 jusqu’à
1367 995 28 13 un
1399 990 72 18 bureau
1480 990 23 17 de
1508 989 56 17 tabac

1088 1017 23 16 de
1125 1016 17 17 la
1153 1020 35 13 rue
1202 1015 153 21 Saint-Antoine,
1364 1016 47 17 tenu
1424 1019 34 18 par
1466 1015 20 17 la
1499 1017 64 15 veuve

1088 1040 92 19 Cauchois
1188 1040 25 18 où
1221 1041 15 17 il
1244 1045 21 13 se
1276 1040 82 22 réfugia.

1109 1064 16 17 Il
1134 1064 32 22 n’y
1174 1065 51 16 resta
1232 1067 35 18 pas
1275 1063 114 22 longtemps.
1394 1062 82 18 Arraché
1484 1065 80 18 presque

1088 1089 81 18 aussitôt
1182 1089 24 17 de
1214 1093 35 13 son
1255 1088 42 18 lieu
1305 1088 24 17 de
1337 1087 73 23 refuge,
1419 1087 15 17 il
1442 1087 31 17 fut
1486 1086 79 18 conduit

1088 1118 46 14 sous
1141 1118 38 13 une
1187 1113 49 19 nuée
1244 1113 24 18 de
1277 1117 59 18 coups
1344 1113 24 17 de
1376 1112 58 22 poing
1442 1116 24 14 au
1474 1112 55 22 poste
1539 1111 25 17 de

1088 1139 18 17 la
1114 1138 86 18 Bastille.

1110 1161 96 22 Quelques
1216 1164 105 19 personnes
1334 1159 107 23 espéraient
1449 1159 57 22 qu’on
1518 1158 46 17 l’en-

1088 1186 97 18 fermerait
1193 1186 19 18 là
1217 1190 6 17 ;
1238 1185 50 18 mais
1296 1186 44 17 tout
1353 1189 12 13 a
1372 1189 54 18 coup,
1438 1189 27 12 un
1473 1183 28 18 cri
1512 1182 52 18 suivi

1088 1212 24 17 de
1119 1211 53 18 mille
1178 1211 38 18 cris
1224 1210 116 18 semblables
1348 1214 22 14 se
1378 1209 24 18 fit
1410 1209 97 17 entendre:

1110 1243 23 4 —
1137 1234 102 18 Pendez-le
1243 1232 5 18 !
1257 1233 99 22 pendez-le
1361 1232 5 17 !
1374 1232 17 18 A
1396 1232 50 17 mort
1453 1231 19 17 le
1478 1229 76 19 roussin
1557 1228 5 18 !

1110 1259 28 18 On
1146 1260 94 21 s’empara
1247 1259 25 17 de
1280 1262 89 14 nouveau
1378 1258 24 17 de
1409 1256 113 19 l’infortuné
1525 1259 40 14 ser-

1088 1286 46 21 gent
1139 1285 24 18 de
1171 1285 47 17 ville
1229 1285 20 16 et
1257 1284 52 20 on.le
1317 1282 96 19 conduisit
1420 1281 104 19 boulevard
1531 1280 32 18 Ri-

1090 1309 133 21 chayd-Lenoir
1239 1309 24 17 où
1277 1313 25 12 on
1316 1312 68 17 essaya
1392 1308 23 17 de
1428 1307 19 18 le
1454 1306 72 23 pendre
1538 1310 26 13 au

1088 1335 67 17 balcon
1163 1335 26 16 du
1197 1334 53 17 sieur
1257 1333 66 17 Pierre
1330 1332 87 18 Ouvrier.

1110 1356 40 19 Soit
1158 1357 56 21 qu’on
1222 1355 90 22 manquât
1317 1355 34 17 des
1359 1354 65 18 cordes
1438 1352 125 21 nécéssaires,

1089 1382 38 18 soit
1135 1382 56 22 qu’on
1198 1385 25 13 ne
1236 1381 36 21 put
1280 1380 108 18 s’entendre
1396 1383 34 13 sur
1441 1378 19 18 le
1472 1378 55 17 mode
1539 1377 25 17 de

1088 1407 86 22 supplice
1178 1406 11 17 à
1197 1405 28 18 lui
1233 1405 86 22 infliger;
1334 1403 110 23 l’opération
1457 1407 26 13 ne
1491 1402 73 18 réussit

1089 1436 40 18 pas.

1109 1454 51 18 C’est
1167 1453 51 17 alors
1226 1456 38 18 que
1272 1452 29 18 les
1309 1451 39 18 cris
1371 1451 27 17 «A
1405 1449 60 19 l’eau!
1475 1450 11 17 à
1494 1449 68 18 l’eau!»

1089 1478 90 19 sortirent
1186 1477 47 17 delà
1241 1477 60 17 foule.

1098 1513 3 3 .
1110 1501 28 17 On
1143 1499 97 19 conduisit
1248 1499 19 18 la
1275 1498 80 19 victime
1363 1497 42 23 près
1411 1498 44 17 d’un
1463 1498 44 17 trou
1515 1497 49 17 d’air

1088 1526 26 17 du
1129 1525 53 18 canal
1191 1524 132 21 Sain-Martin,
1339 1523 52 18 situé
1398 1527 39 13 non
1449 1522 40 18 loin
1503 1523 25 16 de
1535 1522 26 21 là,

1088 1550 48 18 mais
1147 1553 72 14 comme
1227 1553 25 13 on
1260 1553 25 13 ne
1293 1547 97 23 possédait
1398 1551 34 18 pas
1440 1547 19 17 la
1467 1547 37 18 clef
1512 1547 24 17 de
1543 1547 20 17 la

1088 1576 65 21 trappe
1162 1579 23 13 en
1191 1574 69 17 bronze
1269 1573 33 22 qui
1311 1573 19 18 le
1337 1572 82 21 fermait,
1428 1577 25 12 on
1461 1572 32 18 fut
1499 1571 64 23 obligé

1088 1601 23 16 de
1118 1603 93 14 renoncer
1218 1598 11 17 à
1237 1598 27 22 l’y
1272 1598 111 22 précipiter.

1110 1621 28 18 On
1146 1626 56 13 mena
1209 1620 116 18 Vincenzini
1335 1625 12 12 a
1354 1621 19 16 la
1384 1624 45 18 gare
1437 1620 23 17 de
1468 1619 94 18 l’Arsenal

1088 1651 48 18 pour
1142 1646 19 18 le
1166 1650 58 18 noyer
1230 1646 49 17 dans
1284 1646 19 17 la
1307 1649 63 18 nappe
1378 1644 53 18 d’eau
1438 1644 33 22 qui
1477 1645 28 21 s’y
1512 1645 52 17 trou-

1087 1672 81 21 verais
1176 1675 25 14 on
1206 1675 24 14 ne
1238 1672 35 21 put
1281 1671 63 17 forcer
1351 1671 20 17 la
1375 1670 57 22 grille
1440 1670 33 21 qui
1482 1674 12 18 y
1500 1670 63 17 donne

1087 1697 59 18 accès.

1108 1720 26 17 Le
1146 1719 124 17 malheureux
1283 1718 80 22 sergent
1376 1718 24 17 de
1412 1717 48 18 ville
1469 1717 31 18 fut
1511 1717 51 18 alors

1087 1743 86 19 entraîné
1180 1744 27 17 du
1214 1743 42 18 côté
1264 1743 35 18 des
1308 1742 88 23 greniers
1407 1743 133 17 d’abondance.

1108 1770 32 21 Là,
1149 1768 59 19 affolé
1218 1773 35 17 par
1260 1768 20 18 la
1288 1772 54 18 peur,
1357 1768 83 18 abreuvé
1448 1768 113 22 d’outrages,

1086 1794 75 19 accablé
1168 1794 24 18 de
1200 1798 66 17 coups,
1275 1798 26 13 ne
1308 1794 87 21 pouvant
1407 1793 101 22 supporter
1519 1793 43 22 plus

1086 1820 107 22 longtemps
1204 1823 21 14 ce
1232 1819 48 21 long
1294 1819 90 21 martyre,
1393 1818 15 18 il
1423 1822 22 14 se
1451 1818 42 22 jeta
1500 1818 11 17 à
1527 1822 36 18 ge-

1086 1849 58 16 noux,
1154 1844 16 18 il
1175 1843 76 23 supplia
1262 1844 19 17 la
1287 1843 53 18 foule
1345 1848 5 12 :

1107 1867 87 21 —Qu’on
1201 1871 30 13 me
1236 1867 63 17 donne
1305 1871 28 12 un
1340 1865 222 23 pistolet,s’ecria-t-il,et

1085 1893 20 21 je
1110 1897 31 13 me
1146 1891 151 22 tuerai,puisque
1300 1895 50 14 vous
1354 1891 66 17 voulez
1425 1895 37 17 que
1466 1890 20 22 je
1490 1889 72 19 meure!

1107 1918 17 17 A
1131 1921 22 14 ce
1161 1917 90 21 moment,
1260 1920 39 14 une
1307 1916 43 17 fille
1362 1915 89 22 soumise,
1460 1916 63 17 morte
1530 1915 33 18 de-

1086 1942 45 23 puis
1143 1942 12 18 à
1163 1941 139 20 Saint-Lazare,
1317 1941 20 17 la
1345 1941 43 17 fille
1397 1941 87 21 Lacanal,
1497 1941 65 17 monta

1086 1972 34 14 sur
1130 1972 27 13 un
1165 1967 54 21 banc,
1229 1966 92 18 souffleta
1328 1965 111 19 Vincenzini
1445 1967 19 16 et
1472 1966 28 17 lui
1509 1966 29 17 dit
1544 1970 6 13 :

1107 2002 21 4 —
1138 1992 18 22 je
1165 1993 19 17 le
1192 1992 104 18 condamne
1303 1992 12 16 à
1323 1991 42 18 être
1373 1990 60 23 noyé!

1107 2024 24 4 —
1138 2016 16 17 A
1159 2015 50 17 l’eau
1213 2013 5 19 !
1227 2014 13 18 à
1247 2012 51 20 l’eaii
1304 2013 7 18 f
1319 2014 12 17 à
1339 2014 19 17 la
1364 2013 58 18 Seine
1429 2013 5 18 !
1444 2013 57 18 hurla
1509 2013 52 18 alors

1085 2041 20 17 la
1112 2040 79 21 fouIe;et
1196 2040 33 17 Ion
1236 2043 21 14 se
1262 2039 75 22 dirigea
1341 2043 45 13 vers
1391 2039 19 17 le
1415 2038 44 23 quai
1464 2038 60 18 Henri
1528 2038 32 18 IV■

1108 2064 112 19 Vincenzini
1229 2064 31 18 fut
1272 2064 68 17 amené
1348 2068 34 14 sur
1390 2064 32 18 des
1430 2063 83 18 bateaux
1525 2063 36 17 liés

1085 2091 41 18 l’un
1134 2091 10 16 à
1158 2090 69 17 l’autre
1235 2090 20 16 et
1269 2089 85 18 formant
1366 2093 39 14 une
1412 2089 52 17 sorte
1474 2089 24 17 de
1505 2089 55 21 pont.

1086 2115 28 18 On
1120 2115 29 18 lui
1156 2114 28 18 lia
1191 2115 29 17 les
1229 2114 56 22 pieds
1293 2115 20 16 et
1321 2114 29 18 les
1358 2114 61 17 mains
1427 2118 47 14 avec
1482 2114 19 17 la
1511 2113 51 18 chaî-

1085 2145 24 14 ne
1117 2141 46 16 d’un
1171 2144 46 13 seau
1225 2140 81 17 servant
1313 2139 13 17 à
1333 2139 67 22 puiser
1407 2139 26 17 du
1442 2139 52 18 sable
1502 2140 21 16 et
1535 2143 27 13 on

1085 2166 19 18 le
1114 2164 93 23 précipita
1214 2165 48 17 dans
1270 2164 58 18 l’eau.

1106 2187 112 18 Vincenzini
1229 2186 48 18 était
1286 2187 65 18 Corse.
1366 2186 16 18 Il
1390 2186 47 18 était
1444 2186 50 18 doué
1502 2187 59 17 d’une

1086 2217 42 14 rare
1136 2212 78 22 énergie
1221 2213 21 17 et
1252 2212 64 17 savait
1324 2211 158 18 admirablement
1493 2215 67 19 nager.

1085 2238 48 18 Bien
1139 2238 89 22 qu’ayant
1236 2237 29 18 les
1274 2237 63 18 mains
1346 2238 20 17 et
1370 2237 30 18 les
1405 2236 53 23 pieds
1466 2237 43 21 liés,
1520 2237 13 17 il
1538 2241 23 14 se

1085 2263 90 18 maintint
1180 2267 35 14 sur
1219 2262 51 18 l’eau
1278 2263 20 17 et
1305 2267 23 13 se
1335 2262 58 18 laissa
1401 2262 97 18 entraîner
1502 2266 34 18 par
1540 2262 21 18 le

1085 2289 86 17 courant.
1179 2287 52 19 C’est
1238 2287 52 18 alors
1298 2288 59 21 qu’on
1364 2287 29 18 lui
1399 2287 40 22 jeta
1446 2288 34 17 des
1488 2288 73 21 pierres

1085 2318 49 18 pour
1140 2313 19 18 le
1165 2313 49 17 faire
1222 2312 98 18 enfoncer.
1329 2312 26 18 Le
1363 2313 80 17 courant
1450 2313 84 21 emporta
1540 2313 21 18 le

1085 2338 125 18 malheureux
1216 2337 103 22 jusqu’aux
1327 2338 93 18 barreaux
1428 2338 24 17 de
1459 2338 102 18 l’estacade

1085 2364 32 22 qui
1126 2360 60 21 ferme
1193 2363 19 17 le
1219 2363 45 17 bras
1273 2363 24 18 de
1304 2363 21 18 la
1332 2362 57 19 Seine
1399 2363 11 17 à
1418 2363 19 17 la
1444 2363 83 18 hauteur
1533 2363 27 17 du

1084 2389 46 22 pont
1135 2389 24 16 de
1167 2387 130 19 Constantine'.
1302 2388 37 18 Des
1347 2388 73 22 gamins
1427 2388 134 18 descendirent

1085 2418 33 14 sur
1126 2413 28 18 les
1162 2414 78 21 poutres
1254 2413 26 17 du
1294 2413 80 22 barrage
1387 2417 48 18 pour
1446 2413 82 18 achever
1540 2413 20 17 la

1083 2438 81 18 victime
1168 2438 11 17 à
1184 2442 49 18 coup
1239 2438 24 17 de
1268 2438 74 22 pierres
1349 2439 20 17 et
1374 2438 12 18 à
1391 2442 58 18 coups
1453 2438 24 17 de
1482 2438 76 22 perche.

1084 2463 112 18 Vincenzini
1201 2467 21 13 se
1230 2462 92 20 maintint
1330 2463 111 18 néanmoins
1450 2463 110 22 énergique-

1084 2489 53 17 ment
1143 2488 121 22 cramponné,
1273 2488 101 18 attendant
1381 2488 81 22 quelque
1470 2493 78 13 secours
1553 2493 5 17 ;

1084 2518 22 13 ce
1113 2513 31 17 fut
1152 2517 25 14 en
1181 2513 52 17 vain.
1240 2513 36 18 Les
1285 2513 74 22 pierres
1367 2513 109 22 pleuvaient
1485 2514 23 17 de
1516 2514 44 18 tous

1083 2538 94 18 côtés.Les
1182 2537 54 18 nerfs
1243 2538 25 17 du
1275 2538 127 18 malheureux
1406 2542 21 14 se
1431 2538 128 18 détendaient.

1083 2563 16 18 11
1106 2563 71 17 sentait
1184 2562 48 23 qu’il
1240 2567 26 13 ne
1273 2563 81 22 pouvait
1360 2563 44 22 plus
1411 2563 87 22 résister,
1511 2564 48 21 qu’il

1083 2587 62 18 fallait
1152 2587 59 22 périr.
1224 2587 17 18 Il
1249 2592 71 17 poussa
1332 2593 27 12 un
1367 2588 77 18 dernier
1452 2588 29 18 cri
1493 2589 24 17 de
1527 2589 32 18 de-

1083 2612 73 22 sespoir
1164 2613 20 17 et
1188 2612 104 21 s’enfonça.
1298 2613 26 20 La
1329 2613 53 18 foule
1387 2613 97 18 accueillit
1491 2618 21 13 sa
1520 2614 39 18 dis-

1082 2637 83 23 parition
1178 2641 34 18 par
1219 2638 25 17 de
1251 2637 106 23 bruyantes
1371 2638 142 18 exclamations-.

1104 2660 27 18 Le
1146 2660 82 18 cadavre
1236 2660 24 17 de
1271 2660 114 18 Vincenzini
1392 2665 25 14 ne
1424 2661 32 17 fut
1467 2661 91 18 retrouvé

1083 2686 36 18 que
1124 2682 48 22 -près
1178 2683 24 17 de
1209 2682 48 18 trois
1265 2683 51 17 mois
1324 2683 55 22 après
1385 2688 7 12 i
1400 2684 20 17 le
1427 2682 12 19 6
1449 2683 44 22 juin
1499 2683 29 18 !...
1535 2690 9 10 »

1755 190 252 56 ïmpicci
2045 201 36 33 e
2120 181 268 58 ’mbrogli

1585 329 30 20 XJ
1622 328 141 25 Flagellu

1612 365 26 19 In
1648 363 142 21 un’articulu
1797 361 113 21 intitulatu
1918 368 6 13 :
1935 365 11 12 «
1956 359 104 22 Francia-

1587 392 59 20 Siria
1655 399 19 15 »,
1692 391 116 25 publicalu
1826 390 29 19 cia
1865 396 14 13 u
1888 389 106 25 giurnale
2011 388 47 19 «La

1588 419 143 24 République
1741 422 11 12 »
1778 417 23 20 di
1822 416 196 25 Custantinopuli,
2043 421 14 13 u

1587 447 103 24 diputatu
1712 445 81 20 Yunus
1813 444 58 20 Nadi
1888 444 75 20 scrive
1975 443 36 20 chi
2029 449 29 13 «a

1587 473 104 23 Francia,
1701 479 65 14 cume
1775 472 142 20 mandataria
1933 472 28 24 pè
1978 477 12 13 a
2000 470 59 20 Siria

1586 501 135 20 èdiventata
1727 507 31 13 un
1764 499 89 25 flagellu
1861 500 27 23 pè
1894 506 12 13 a
1912 498 58 21 Siria
1976 501 82 17 stessa.

1612 529 58 20 Data
1687 535 12 13 a
1717 535 26 13 so
1762 527 118 20 mentalità
1897 526 124 22 coloniale,
2046 531 12 13 a

1587 556 95 21 Francia
1691 556 49 20 face
1749 555 146 25 unapulitica
1902 553 157 26 imperialista,

1586 584 109 21 cuntinua
1702 590 12 13 a
1721 583 92 20 installa
1820 581 92 22 Armeni
1921 582 21 19 a’
1950 580 110 21 fruntiera

1586 616 64 16 turca
1659 612 28 20 ed
1696 611 158 25 incuraggisce
1862 617 15 13 u
1886 609 149 21 banditisniu.

1612 640 101 24 Didipiù,
1723 645 13 13 a
1746 638 94 21 Francia
1849 638 50 20 face
1912 637 22 20 fà
1944 643 13 13 a
1967 643 27 13 so
2008 642 53 19 pru-

1588 666 105 25 paganda
1710 666 29 19 da
1753 665 101 25 giurnali
1874 664 99 21 scritti
1988 663 33 21 in
2036 663 25 20 li

1586 694 68 24 varj
1663 692 118 21 dialetti
1793 692 32 20 di
1833 692 89 20 Siria.
1928 696 17 16 »

1613 721 147 25 Lumbrigoni
1776 727 31 14 un
1818 720 20 20 ci
1853 727 29 13 ne
1893 720 24 25 jè
1926 720 71 20 micca
2010 718 50 21 solu

1587 749 24 20 in
1621 749 95 20 Corsica
1726 749 6 20 !

1587 801 194 25 Freparendu
1790 806 20 15 a
1817 801 80 20 Face

1613 838 75 21 Finita
1697 845 12 13 a
1718 838 88 25 grande
1814 842 93 20 stragge
1915 837 32 19 s’è
1964 839 96 22 pensatu

1589 866 23 20 in
1635 867 138 19 cumunione
1791 871 99 19 europea
1905 865 22 19 di
1945 863 117 21 stabilisée

1589 901 41 18 per
1638 900 91 18 sempre
1737 900 13 13 a
1761 893 101 21 benefica
1871 898 64 19 pace.
1950 892 110 20 Locarno,

1589 928 14 14 u
1612 925 64 22 pattu
1692 922 80 24 Kellog
1789 927 29 14 ne
1834 919 226 25 testimunieghianu.

1588 950 19 20 A
1617 950 94 19 Francia
1716 959 28 4 —
1749 949 48 20 cusi
1806 949 51 20 dice
1862 958 27 5 —
1893 954 28 14 ne
1927 946 134 26 jèuspiritu

1588 981 85 19 stessu,
1680 984 14 13 u
1703 983 54 14 core
1763 980 59 17 tuttu
1829 976 67 23 mele,
1903 982 27 13 cu
1940 974 121 22 Poincaré,

1590 1012 14 13 u
1613 1005 39 24 più
1662 1005 97 25 pacificu
1768 1004 23 20 di
1800 1002 167 22 l'omicciattuli
1974 1009 7 17 ;
1999 1008 13 13 e
2020 1007 42 19 per

1589 1034 73 23 pruvà
1671 1033 7 19 i
1695 1032 126 20 so’sinceri
1838 1030 144 23 sentimenti,
1999 1035 12 14 a
2029 1029 34 19 so’

1589 1061 122 20 benedetta
1721 1060 75 24 voglia
1805 1059 53 20 d’un
1866 1058 97 25 vulèpiù
1972 1063 90 19 guerre,

1589 1091 119 20 cunsente,
1717 1088 24 19 in
1751 1087 106 24 stitempi
1866 1085 107 21 critichia
1984 1092 13 13 u
2007 1090 56 19 pun-

1589 1119 24 17 tu
1621 1116 22 19 di
1653 1115 58 20 vista
1717 1115 97 22 finanza,
1822 1121 14 12 u
1843 1113 113 21 sacrifiziu
1962 1113 24 19 di
1994 1112 68 20 dode-

1590 1143 20 20 ci
1619 1143 108 22 miliardi,
1737 1143 60 19 bene
1805 1148 13 14 a
1828 1142 23 19 di
1860 1148 31 14 un
1905 1144 84 22 quartu
2006 1140 23 20 di
2047 1146 14 13 u

1590 1170 101 21 bilanciu
1700 1170 90 23 statale,
1808 1176 12 13 a
1838 1168 153 26 scumpartesi
2003 1167 35 21 fra
2054 1167 8 20 i

1589 1198 81 20 crediti
1679 1198 22 20 di
1710 1204 13 13 a
1729 1204 94 18 guerra,
1834 1204 12 13 a
1855 1197 94 20 marina
1958 1203 13 13 e
1982 1196 81 20 l’aero-

1590 1227 98 20 nautica
1696 1225 109 21 militare.

1615 1254 86 20 D’altra
1710 1257 73 21 parte,
1790 1260 14 13 u
1814 1253 55 25 Sgiò
1875 1252 110 21 Painlevé
1991 1252 71 20 rileva

1589 1289 13 13 a
1609 1282 113 20 nécessita
1729 1281 143 25 d’organizzà
1879 1287 12 13 a
1901 1287 60 13 nova
1969 1279 94 21 fruntie-

1589 1317 34 16 ra,
1632 1309 134 21 affirmendu
1781 1309 36 20 chi
1827 1315 27 14 cu
1870 1315 12 14 a
1891 1308 63 20 forza
1968 1307 93 26 pulitica

1589 1344 13 13 e
1609 1337 105 23 militare,
1724 1344 13 13 a
1747 1337 102 22 Francia,
1867 1336 196 20 cunformemente

1589 1371 13 14 a
1610 1371 16 13 u
1634 1365 82 24 spiritu
1726 1365 23 19 di
1768 1365 110 23 Locarno,
1897 1364 82 25 veghia
1996 1363 20 20 a’
2029 1363 33 20 so’

1589 1392 74 20 difesa
1672 1392 128 23 naziunale,
1809 1399 13 13 e
1831 1399 13 13 u
1854 1392 33 20 so’
1895 1392 100 20 esercitu
2004 1392 13 19 è
2025 1397 13 14 a
2046 1397 14 14 u

1589 1420 99 20 serviziu
1697 1420 23 20 di
1728 1426 13 14 a
1751 1426 64 18 pace.

1613 1448 44 20 Chi
1667 1448 20 20 ci
1695 1448 52 20 vole
1755 1448 24 19 di
1797 1447 57 26 più?
1872 1448 66 20 Duve
1953 1448 67 19 truvà
2037 1447 23 20 di

1589 1476 86 25 megliu
1684 1483 12 13 a
1705 1476 97 20 vuluntà
1809 1475 73 21 ferma
1890 1476 56 19 d’un
1956 1475 53 20 vulè
2022 1475 39 24 più

1588 1504 58 20 vede
1655 1504 108 25 sparghie
1771 1504 105 24 sangue?

1612 1531 97 21 Bulemu
1718 1531 106 21 ch’ell’un
1833 1531 21 20 ci
1860 1532 33 19 sla
1903 1531 39 25 più
1952 1531 67 20 morti
2034 1531 22 19 di

1588 1559 230 25 piombu?SempIice
1825 1566 13 13 e
1847 1559 59 20 bella
1912 1566 6 13 :
1928 1558 132 25 oblighemu

1588 1588 29 19 ad
1626 1589 101 24 ogn’unu
1741 1588 24 19 di
1774 1589 67 23 purtà
1859 1588 23 20 in
1892 1591 76 16 stacca
1978 1590 62 17 notte
2048 1593 13 13 e

1587 1615 101 25 ghiornu
1709 1615 112 21 rivolvari
1838 1621 13 14 e
1868 1614 100 21 cartucci
1993 1620 69 14 senza

1588 1647 71 16 contu
1667 1651 6 17 ;
1683 1643 85 21 l’affare
1776 1650 32 13 un
1817 1644 29 23 pò
1855 1643 80 20 mancà
1944 1649 6 17 ;
1968 1642 29 20 ad
2006 1642 55 25 ogni

1587 1671 145 21 discussione
1741 1678 14 13 o
1768 1671 92 25 disputa
1871 1677 32 14 un
1912 1670 21 20 ci
1949 1676 52 14 sera
2018 1669 43 20 che

1588 1699 78 26 basgi!

1586 1749 101 20 Dante
1696 1753 16 16 e
1721 1753 21 16 a
1749 1748 123 21 Corsica

1611 1786 21 20 A
1640 1785 93 21 Corsica
1742 1785 73 25 figura
1825 1785 183 25 esplicitamente
2015 1791 45 13 una

1587 1814 51 19 sola
1646 1813 62 20 volta
1716 1814 23 19 in
1748 1813 21 20 la
1789 1819 11 11 «
1807 1813 82 20 Divina
1898 1813 134 20 Commedia
2038 1821 21 11 ».

1587 1842 19 19 A
1616 1842 61 19 metà
1686 1841 22 20 di
1717 1848 14 13 u
1742 1845 68 16 cantu
1819 1841 71 20 XVIII
1900 1841 22 19 di
1932 1847 15 13 u
1960 1848 10 11 «
1978 1841 83 24 Purga-

1587 1869 60 20 torio
1654 1874 21 18 »,
1684 1869 19 20 si
1712 1869 108 24 leghienu
1829 1869 45 20 due
1882 1869 86 19 terzine
1978 1869 60 19 duve
2045 1875 15 13 u

1587 1900 68 22 pueta
1661 1897 76 20 allude
1746 1903 13 13 a
1768 1897 77 24 quella
1855 1897 96 24 regione
1959 1896 23 20 di
1992 1903 13 13 u
2013 1896 48 20 cele

1587 1925 37 20 chi
1630 1932 15 13 u
1653 1924 50 21 sole
1720 1931 109 18 percorre
1846 1931 67 13 versu
1926 1931 14 13 u
1958 1924 103 20 solstiziu

1587 1953 128 23 invernale,
1724 1953 72 19 tandu
1805 1952 37 20 chi
1851 1952 28 20 da
1888 1953 71 19 Roma
1972 1952 21 20 si
2001 1952 60 20 vede

1586 1981 118 20 tramuntà
1713 1984 33 16 tra
1756 1987 13 13 a
1778 1980 118 25 Sardegna
1909 1987 13 13 e
1930 1987 13 12 a
1958 1980 102 20 Corsica.

1588 2008 28 20 Di
1625 2013 13 15 e
1646 2008 45 20 due
1698 2008 88 20 terzine
1792 2008 28 20 ha
1826 2008 56 20 datu
1888 2014 31 14 un
1927 2009 133 19 cummentü

1587 2036 74 20 Paulu
1671 2036 89 20 Silvani
1774 2043 29 13 ne
1811 2036 14 20 1’
1835 2043 9 10 «
1852 2036 110 20 Archivio
1975 2036 85 20 storico

1587 2064 23 19 di
1619 2063 94 21 Corsica
1722 2072 20 12 ».

1611 2092 60 20 Altri
1680 2092 65 25 punti
1755 2092 23 20 di
1787 2099 13 12 e
1808 2092 115 20 relazione
1931 2095 35 17 tra
1985 2091 75 21 Dante

1587 2126 13 13 e
1607 2126 14 13 a
1627 2119 95 21 Corsica
1730 2126 28 14 so
1766 2119 82 20 tocche
1857 2120 28 20 da
1900 2119 29 20 O.
1939 2119 25 21 F.
1973 2119 88 21 Tenca-

1583 2147 44 25 joli
1636 2147 24 20 in
1669 2147 22 20 le
1700 2155 12 11 «
1722 2147 86 25 Pagine
1816 2147 59 20 délia
1893 2147 76 20 Dante
1978 2155 21 12 ».
2015 2147 45 20 Per

1586 2175 46 20 ellu
1643 2176 13 19 è
1664 2179 62 16 certu
1736 2176 37 19 chi
1783 2182 14 13 u
1805 2179 69 21 pueta
1881 2175 68 20 duvia
1956 2175 105 20 avèinte-

1586 2210 26 13 su
1622 2203 64 25 parla
1695 2203 23 20 di
1724 2210 13 13 a
1747 2203 95 20 Corsica
1847 2203 55 20 inde
1910 2203 7 20 i
1924 2203 134 25 Malaspina,

1586 2231 131 25 quand’ellu
1726 2231 25 20 fu
1761 2238 14 13 u
1785 2237 26 14 so
1820 2231 104 23 ospitein
1932 2231 24 20 lu
1965 2231 94 20 castellu

1587 2259 22 20 di
1618 2259 112 20 Mulazzo.
1748 2259 87 23 Infatti,
1846 2259 7 19 i
1863 2259 136 24 Malaspina,
2008 2259 28 19 da
2044 2266 15 13 u

1586 2292 58 20 1171,
1655 2287 141 24 pussedìanu
1805 2287 36 19 ’ne
1849 2286 75 20 l’isula
1942 2287 117 20 numerosi

1585 2314 71 21 feudi.
1666 2314 93 25 Cinque
1765 2314 128 25 Malaspina
1906 2314 59 20 funu
1979 2320 80 19 guver-

1586 2343 76 20 natori
1671 2343 22 19 di
1703 2349 12 13 a
1724 2343 95 20 Corsica
1830 2350 6 12 :
1846 2342 141 25 Guglielmu,
2000 2342 58 25 Ugu.

1586 2371 107 23 Rinaldu,
1703 2370 96 20 Isnardu
1813 2377 13 13 e
1834 2370 94 20 Albertu
1947 2370 66 20 Rufo.
2030 2371 29 19 Di

1585 2399 49 24 più,
1644 2399 76 19 Dante
1727 2405 32 13 un
1775 2399 69 24 pudia
1862 2398 81 25 ignora
1960 2404 67 14 cume
2043 2405 15 13 u

1586 2426 75 21 babbu
1670 2426 23 20 di
1702 2433 14 13 u
1726 2430 70 16 conte
1810 2426 98 25 Ugolinu
1917 2426 72 20 avissi
1997 2433 61 13 cum-

1585 2454 90 20 batturu
1685 2458 81 16 contru
1773 2454 7 19 i
1791 2454 141 20 Cinarchesi.

1610 2482 33 19 Ed
1652 2488 39 14 era
1700 2482 71 20 storia
1779 2482 22 19 di
1811 2488 46 14 uso
1866 2485 100 22 tempu.a
1972 2482 86 25 grande

1584 2510 58 20 lotta
1658 2510 143 20 cumbattuta
1817 2513 36 17 tra
1862 2516 12 14 e
1889 2510 133 24 republiche
2034 2510 23 20 di

1585 2537 97 21 Genuva
1688 2544 16 13 e
1711 2537 22 20 di
1745 2537 63 21 Pisa.

1584 2588 177 25 Spureliizie

1608 2625 10 20 I
1624 2625 101 25 giurnali
1735 2624 194 26 publicheghianu
1938 2629 35 16 sta
1984 2631 72 14 nova:

1590 2668 7 6 ..
1605 2664 8 10 a
1619 2658 26 18 Le
1653 2658 87 17 Ministre
1749 2658 24 17 de
1789 2657 108 18 l’Intérieur
1912 2658 61 21 prend
1989 2658 68 22 depuis

1583 2683 94 22 quelques
1685 2683 62 21 temps
1755 2683 35 17 des
1798 2686 85 14 mesures
1891 2682 113 23 énergiques
2012 2687 44 14 con-

2086 323 29 17 tre
2122 321 29 18 les
2159 319 125 24 publications
2292 318 134 19 licencieuses.

2107 348 15 16 A
2131 346 18 17 la
2158 345 50 18 suite
2216 345 23 17 de
2247 343 78 19 l’article
2333 343 80 23 indigné
2420 344 46 18 d’un
2474 345 81 23 critique

2085 370 94 19 littéraire
2188 369 87 21 influent,
2284 368 14 18 il
2307 373 12 18 y
2328 373 11 13 a
2346 369 91 23 quelques
2453 371 68 22 temps,
2536 372 18 18 le

2085 395 88 18 ministre
2180 394 77 18 invitait
2262 399 25 12 un
2293 393 76 18 éditeur
2373 394 11 17 à
2392 394 69 18 retirer
2464 396 24 17 de
2495 396 18 17 la
2520 396 36 18 cir-

2085 420 83 18 culation
2178 425 25 12 un
2213 424 62 13 roman
2284 418 48 19 écrit
2340 423 35 17 par
2382 423 37 13 une
2427 419 69 18 femme
2504 421 21 17 et
2532 422 24 18 où

2085 450 22 13 se
2121 444 108 18 Irouvaient
2242 443 81 19 décrites
2337 443 29 18 les
2380 448 73 14 moeurs
2466 445 89 23 étranges

2085 469 34 23 qui
2133 470 34 17 ont
2183 474 54 13 cours
2254 469 59 22 parmi
2330 468 94 19 certaines
2434 470 119 22 détraquées.

2085 494 95 18 L’éditeur
2187 494 99 18 s’exécuta.

2108 519 35 18 Ces
2149 518 54 23 jours
2211 518 91 22 derniers,
2309 519 19 17 le
2334 518 88 19 ministre
2429 519 66 19 faisait
2503 525 55 14 enco-

2086 549 21 13 re
2115 544 58 18 saisir
2181 544 47 18 chez
2236 544 86 18 l’éditeur
2331 545 20 17 et
2358 544 30 18 les
2401 544 89 19 libraires
2505 546 53 18 l’édi-

2086 569 41 18 tion
2135 569 73 18 entière
2214 569 43 17 d’un
2263 570 54 17 autre
2321 574 65 13 roman
2392 571 165 22 pornographique

2085 594 106 23 également
2200 594 47 18 écrit
2255 599 33 17 par
2296 599 38 13 une
2342 594 69 18 femme
2425 600 38 17 que
2477 596 34 17 des
2520 596 37 18 cri-

2086 619 63 22 tiques
2155 619 77 18 avaient
2239 619 83 22 signalés
2330 620 11 17 à
2350 624 35 13 son
2393 620 101 18 attention.
2502 626 9 11 »

2113 653 34 20 Un
2165 653 20 20 ci
2202 654 136 24 ralegremu,
2351 660 14 13 o
2380 654 88 24 figlioli,
2487 658 69 21 postu

2087 681 36 20 chi
2132 684 36 17 ste
2177 681 84 20 misure
2270 687 30 14 un
2315 687 27 14 so
2359 681 72 20 micca
2450 688 67 18 prese
2534 683 23 21 in

2088 708 103 23 Francia,
2201 709 64 19 main
2274 709 145 24 Inghilterra.

2111 736 65 23 Anzi,
2185 739 21 17 st
2213 736 57 20 altre
2278 736 66 25 righe
2352 743 104 18 provanu
2465 737 37 21 chi
2511 745 46 15 non

2087 764 50 20 solu
2146 764 157 23 Montmartre,
2311 764 8 20 i
2325 764 136 21 Boulevard
2464 772 13 13 e
2482 766 75 21 Mont-

2084 794 84 22 parno,
2175 798 26 13 cu
2212 798 80 18 penna,
2300 792 121 24 piumbinu
2429 799 15 13 o
2453 793 104 24 pinnellu

2087 825 99 14 cercanu
2195 825 12 13 a
2216 820 106 19 cuntentà
2332 826 14 13 u
2353 820 93 25 publicu
2455 820 23 20 di
2488 827 13 14 a
2513 822 45 20 Vil-

2087 847 22 20 le
2115 847 106 20 Lumière
2229 853 35 14 ma
2272 847 74 21 ch’elli
2361 851 96 17 tentanu
2467 849 91 21 un’ero-

2088 875 44 19 tica
2142 875 156 25 espurtazione
2305 882 6 13 :

2111 915 8 11 <r
2125 910 17 17 A
2150 910 81 22 quelque
2240 911 60 21 temps
2308 911 24 18 de
2340 911 25 22 là,
2381 915 39 14 une
2434 911 74 19 édition
2522 912 35 19 im-

2087 935 73 22 primée
2168 935 11 17 à
2188 935 53 18 Paris
2249 936 20 17 et
2275 936 106 18 introduite
2389 937 172 19 clandestinement

2087 965 24 12 en
2119 960 112 22 Angleterre
2238 961 45 17 était
2291 961 59 18 saisie
2358 961 45 18 chez
2411 962 27 18 les
2447 962 87 19 libraires
2539 965 20 17 et

2087 985 98 22 l’ouvrage
2193 986 101 18 condamné
2302 991 34 17 par
2343 987 30 17 les
2381 987 130 22 magistrats.»

2114 1019 58 20 Però
2189 1020 23 20 in
2227 1020 102 24 Corsica,
2343 1020 216 25 dipartimentu.

2087 1046 144 25 fraxieese,
2239 1055 13 12 u
2263 1048 78 20 vilenu
2354 1049 161 25 pornograficu
2525 1057 35 14 ar-

2089 1075 48 20 riva
2146 1075 22 20 di
2178 1076 126 20 cuntinuvu
2313 1083 29 13 cu
2351 1077 53 24 ogni
2422 1078 95 20 battellu
2535 1079 22 20 di

2088 1102 132 22 Fraissinet.
2231 1103 16 21 E
2255 1104 85 20 vitrine
2349 1111 12 13 e
2370 1105 7 19 i
2386 1106 132 25 parastaghj
2536 1107 23 20 di

2088 1130 8 20 i
2110 1130 67 21 Iibrai
2195 1132 26 19 sò
2234 1132 91 25 zeppuli
2340 1132 23 19 di
2381 1132 52 21 libri
2456 1134 75 20 scritti
2545 1141 13 13 a

2088 1158 64 21 fecce
2160 1166 13 13 e
2181 1160 22 19 di
2212 1160 99 25 giurnali
2320 1160 110 21 illustrati
2445 1161 23 20 di
2483 1162 78 21 donne

2088 1187 69 20 nude.

2114 1215 17 20 U
2146 1215 51 20 solu
2215 1216 160 21 cuntravilenu
2392 1223 13 14 a
2422 1217 139 21 st’intusica-

2088 1246 78 17 mentu
2174 1250 6 13 :
2190 1243 218 21 L’A-Utonomia
2415 1245 5 19 !

2120 1323 27 29 È
2158 1328 123 26 esciutu:

2181 1373 92 25 Musa
2282 1373 182 26 Canalinca

2307 1418 25 21 di

2196 1453 77 23 Petru
2283 1454 168 23 Giovacchini

2233 1487 32 29 (U
2277 1487 141 29 Canalincu)

2189 1526 9 17 1
2207 1526 37 18 vol.
2256 1526 19 18 di
2282 1526 23 18 G4
2316 1532 20 17 p.
2349 1526 12 19 5
2374 1527 82 18 franchi.

2230 1565 84 18 Stamparla
2322 1566 17 14 di
2345 1566 13 14 A
2367 1566 55 14 iluvra

2144 1644 149 31 Pedone
2316 1644 178 33 Muvrinu

2109 1707 22 18 G.
2139 1708 138 23 ACQUAV1VA,
2290 1710 175 19 VILLEFRANGHE
2471 1721 24 4 —
2508 1711 47 19 Sarà

2088 1733 41 18 cusi
2136 1738 5 16 ;
2151 1734 52 18 tante
2211 1738 61 14 scuse.

2110 1766 75 19 SORBU
2190 1776 21 4 —
2216 1767 46 19 Bien
2267 1769 63 23 envoyé
2337 1769 8 17 !
2352 1769 43 18 dice
2403 1774 14 13 u
2422 1770 134 22 pïnzutu.Sarà

2087 1792 24 22 pè
2118 1797 13 13 u
2140 1793 94 22 prossimu
2239 1799 85 13 numeru.
2335 1795 66 18 Grazie
2407 1795 59 19 mille.

2109 1826 24 17 M.
2143 1826 118 19 DOMARCHI
2267 1837 21 4 —
2294 1827 57 19 Semu
2359 1828 66 19 inlesi.

2110 1859 61 18 PIERI
2176 1869 23 4 —
2203 1860 71 19 Perché
2279 1866 24 13 no
2309 1861 9 18 ?

2109 1893 111 19 BABBUZIU
2227 1903 20 4 —
2254 1894 34 18 Fra
2296 1899 55 18 pocu,
2358 1900 12 14 e
2378 1900 65 18 prove.

2110 1928 110 19 CUMPARE
2234 1930 99 19 JUVAXNI
2344 1941 24 4 —
2375 1933 83 18 Averete
2474 1933 83 23 risposta

2086 1954 31 18 fra
2125 1955 29 17 Ire
2162 1959 11 13 0
2182 1956 77 21 quattru
2266 1956 57 22 jorni.

2108 1985 112 19 MUSICALE
2224 1996 23 4 —
2252 1987 67 18 Grazie
2327 1988 24 22 pè
2358 1988 8 17 i
2375 1989 32 17 dui
2416 1989 99 19 abbunati.
2525 1990 33 18 Vi-

2086 2011 87 18 dererete
2179 2011 19 17 A
2203 2011 73 19 Barella
2285 2013 20 17 di
2312 2013 42 18 luni
2360 2018 11 13 e
2381 2014 14 17 A
2405 2013 65 19 Muvra
2484 2015 19 17 di
2511 2020 15 13 u
2534 2015 22 18 10

2086 2036 70 18 Marzu.

2103 2104 359 56 L’Almanaccu
2490 2108 51 52 di

2087 2178 42 50 A
2151 2177 173 54 Muvra
2345 2205 61 23 per
2423 2181 128 52 1929

2113 2267 51 22 200
2177 2269 146 27 pagine,150
2336 2270 174 24 illustrazione.

2114 2300 88 23 Puesie
2213 2308 14 15 e
2242 2303 95 22 articuli
2354 2304 26 21 di
2392 2305 8 21 i
2423 2306 128 28 principali

2085 2335 67 26 pueti
2161 2341 14 14 e
2184 2336 104 22 scrittori
2298 2337 127 23 dialettali.

2113 2369 10 22 I
2138 2376 68 21 mesi,
2221 2378 12 15 e
2245 2373 117 27 stagione,
2377 2381 12 14 a
2400 2376 153 28 cronologia,

2085 2403 8 21 i
2106 2404 71 26 santi,
2191 2405 152 27 agricultura,
2368 2409 101 25 raconti,
2494 2409 57 26 foie,

2085 2437 153 29 stalbatoghj,
2248 2445 111 21 canzone,
2368 2442 124 28 pruverbj,
2501 2443 54 22 det-
2564 2461 3 2 -

2084 2470 28 26 ti,
2124 2471 149 22 induvinelle
2284 2479 50 21 ecc,
2348 2480 49 16 ecc.

2112 2506 112 23 Cuntene
2235 2515 45 15 una
2289 2509 85 23 Storia
2387 2511 127 26 Populare
2526 2512 28 22 di

2085 2540 112 28 Corsica,
2218 2542 28 21 da
2258 2543 7 20 i
2276 2544 76 27 tempi
2377 2545 139 26 preistorici
2539 2553 13 15 a

2085 2573 127 28 Sampieru
2222 2575 83 27 Corsu,
2319 2577 26 21 di
2356 2578 30 21 P.
2396 2578 29 21 di
2432 2579 37 27 C.,
2481 2586 33 15 cu
2527 2586 28 16 22

2084 2607 163 23 illustrazione
2258 2615 13 15 e
2281 2612 74 20 carte.

2113 2646 86 23 Prezzu
2206 2647 17 22 8
2231 2648 30 22 fr.
2273 2649 46 22 Per
2332 2650 74 23 Posta
2416 2657 7 16 :
2439 2652 16 21 9
2466 2652 32 22 fr.

2113 2679 92 23 Contru
2217 2682 118 22 rimborsu
2342 2690 6 15 :
2362 2685 33 21 10
2408 2685 30 21 fr.

87 2787 107 22 Fuglittinu
197 2787 19 18 di
220 2788 22 17 A
245 2786 81 19 Muvra
329 2796 21 4 —
356 2786 75 18 a.114—
438 2786 21 17 di
466 2791 11 12 u
481 2785 62 18 3-3-20

111 2845 245 51 PASaUÂLE
389 2843 143 49 PA0L1

291 2912 67 18 OSSIA

130 2947 38 35 La
185 2947 80 36 Kûtta
283 2947 32 36 di
328 2947 175 35 Pôntenuovo

87 2997 467 28 RAcoNTôcoRsoDELSEcoLo

278 3035 85 23 XVIII

312 3080 23 18 DI

181 3114 34 24 F.
230 3115 35 24 B.
283 3115 173 24 Guerrazaei

261 3193 125 29 (Seguito)

113 3260 29 4 —
151 3249 23 21 A
185 3248 71 22 farmi
268 3249 23 21 la
307 3250 108 20 serenata
427 3255 46 21 per
483 3249 75 22 l’alle-

86 3287 83 21 grezza
177 3283 75 19 avuta
257 3282 13 20 ?

114 3326 28 3 —-
151 3315 32 20 Le
196 3314 74 22 corde
292 3320 65 17 sono
376 3320 69 16 corne
467 3315 41 22 chi
533 3315 24 21 le

86 3352 77 16 suona
170 3354 6 18 ;
184 3347 125 27 piangono
318 3349 14 19 é
340 3348 87 21 ridono
439 3354 14 14 e
463 3349 23 20 la
494 3353 63 16 voce

86 3381 70 19 canta
170 3379 51 22 cosi
228 3380 18 20 il
254 3379 107 23 Tedeum
377 3386 67 15 corne
452 3381 19 21 il
481 3380 77 21 Misè-

86 3417 28 15 re
116 3418 16 14 r
132 3415 20 17 è.

114 3455 28 5 —
154 3444 42 22 Ma
207 3445 42 21 voi
261 3451 51 16 non
321 3451 39 16 me
376 3446 24 21 lo
413 3448 85 24 potete
515 3452 43 15 ne-

86 3482 58 21 gare
158 3484 5 19 ;
174 3478 24 21 ci
219 3477 72 22 avete
312 3480 74 20 avuto
410 3481 73 24 gusto
511 3480 47 20 alla

86 3512 80 19 morte
177 3511 28 20 di
218 3510 101 22 Giovà?

113 3553 29 4 —
147 3542 28 21 Io
183 3544 13 19 ?
218 3543 114 22 Dio'me
363 3550 31 15 ne
414 3544 72 22 liberi
498 3551 6 17 ;
531 3545 26 20 io

87 3575 28 20 vi
128 3581 84 15 amo...

115 3618 28 4 —
153 3607 25 21 Si
189 3614 7 18 ;
207 3613 39 16 ma
257 3609 48 21 alla
317 3611 78 19 morte
405 3610 25 20 di
444 3609 82 22 Giovà
535 3610 22 20 ci

86 3641 72 19 avete
168 3642 75 19 avuto
252 3643 82 24 gusto.

115 3682 26 5 —
152 3672 33 21 Vi
204 3673 80 26 ripeto
305 3674 25 21 di
349 3675 107 24 no;solo
477 3675 79 21 costui

587 2785 154 28 îi’impediva
751 2787 24 20 la
783 2792 115 21 speranza
911 2787 44 21 che
966 2787 43 22 voi
1022 2794 33 14 un

587 2819 84 27 giorno
680 2821 116 25 pensaste
803 2826 14 15 a
824 2825 48 16 me.

609 2863 28 5 —
643 2853 142 27 Arzigogoli
795 2853 6 20 !
813 2852 54 22 Una
880 2854 66 21 volta
964 2853 46 22 che
1031 2854 28 21 la-

587 2890 39 16 ma
636 2887 81 19 morte
725 2885 31 22 ha
767 2886 83 21 levato
860 2885 195 29 l’impedimento

587 2918 14 21 il
612 2919 87 21 vostro
713 2924 72 16 cuore
794 2924 31 15 ne
834 2919 148 22 deve-avere
993 2921 63 20 esul-

587 2953 55 19 tato.

610 2996 29 4 —
651 2984 132 27 Lellamia,
797 2985 49 22 deh
853 2986 6 20 !
877 2991 52 17 non
941 2986 114 21 andiamo

587 3019 63 20 tanto
666 3024 13 14 a
697 3018 161 27 squattrinare
875 3020 39 21 col
932 3025 74 16 cuore
1015 3025 6 19 ;
1030 3020 26 21 io

587 3057 46 16 non
640 3051 34 22 ho
686 3054 104 24 pensato
800 3052 30 21 ad
841 3053 61 21 altro
916 3053 44 21 che
969 3059 14 15 a
1001 3053 54 22 voi.

610 3095 29 5 —
647 3084 105 27 Dunque
764 3085 44 21 voi
821 3085 33 20 mi
871 3088 80 19 amate
969 3087 86 25 molto,

587 3117 91 21 Matteo
684 3117 13 20 ?

611 3162 29 3 —
648 3149 57 22 Non
717 3156 32 15 ve
760 3151 26 22 lo
795 3150 33 22 ho
841 3151 24 22 io
874 3152 68 21 detto
950 3152 13 21 ?

610 3194 30 5 —
646 3182 76 22 Detto
730 3182 21 22 si
763 3185 24 20 le
795 3184 66 21 mille
870 3185 78 26 volte,
954 3190 39 16 ma
1000 3190 58 21 pro-

587 3218 55 19 vato
655 3217 57 21 mai.

609 3260 30 5 —
648 3249 116 22 Provate.

611 3283 133 21 Avvertite
752 3284 50 21 aile
813 3284 93 26 parole,
920 3284 46 21 che
977 3284 26 21 vi
1020 3290 39 15 es-

587 3321 60 16 cono
668 3316 26 21 di
707 3316 75 21 bocca
789 3322 6 20 ;
807 3316 92 22 Matteo
910 3323 6 15 :
936 3317 122 27 potrebbe

587 3349 103 20 venirmi
708 3350 83 26 voglia
809 3349 25 21 di
853 3350 114 22 mettervi
985 3351 24 20 al
1024 3350 35 22 ci-

587 3383 91 20 mento.

610 3426 29 5 —
649 3414 115 22 Provate.

610 3459 29 4 —
652 3446 33 22 Vi
699 3453 87 21 provo.
800 3447 50 23 Voi
859 3454 51 16 non
929 3448 35 21 mi
985 3450 73 19 avete

587 3479 145 22 domandato
747 3480 91 28 perché
847 3487 13 15 a
871 3483 85 25 questa
968 3487 43 15 ora
1031 3481 27 21 io

587 3513 31 21 mi
629 3513 107 21 trovassi
753 3514 50 21 sola
807 3521 5 3 -
821 3519 43 21 per
878 3515 26 20 le
921 3514 79 21 strade
1010 3520 6 19 ;
1026 3520 32 15 ve

587 3546 21 21 lo
621 3545 53 22 dirò
686 3546 26 20 io
722 3551 6 20 ;
738 3547 65 20 vado
816 3553 13 14 a
839 3547 84 21 levare
940 3546 23 21 di
983 3552 29 15 su
1033 3548 25 20 le

587 3578 82 21 forche
678 3577 197 23 Giovanbrando
889 3586 6 18 ;
908 3585 28 15 se
946 3579 35 22 mi
992 3585 67 16 ama-

587 3613 21 18 te
617 3612 118 25 davvero,
748 3612 86 21 venite
845 3618 80 20 meco,
939 3613 30 20 ed
980 3613 78 21 aiuta-

587 3644 85 21 temi...

614 3676 94 21 Matteo
720 3677 22 21 si
751 3677 66 21 senti
826 3683 114 16 mancare
948 3679 66 20 sotto
1032 3679 25 20 le

1081 2788 97 27 gambe,
1188 2794 15 15 e
1214 2788 70 28 gli.fu
1292 2790 112 22 mestieri
1416 2791 138 28 appoggiar

1081 2821 21 21 si
1114 2821 23 21 al
1145 2827 79 16 muro.

1108 2865 29 5 —
1146 2854 24 22 O
1182 2854 66 23 Lella
1258 2856 61 26 mia,
1333 2857 57 27 quai
1409 2857 100 23 diavolo
1530 2858 28 21 vi

1080 2889 77 19 tenta.
1171 2888 18 21 E
1202 2894 48 16 non
1267 2891 85 25 sapete
1372 2889 18 22 il
1409 2890 82 22 bando
1515 2891 45 21 che

1081 2920 120 22 minaccia
1214 2921 40 22 del
1266 2927 65 22 capo.
1342 2922 122 28 chiunque
1483 2924 20 21 si
1527 2926 34 19 at-

1082 2954 62 20 tenti
1156 2953 24 22 di
1192 2956 99 19 toccare
1302 2955 25 21 lo
1340 2955 132 28 impiccato
1486 2957 11 21 ?

1108 2997 30 4 —
1143 2986 34 22 Lo
1195 2993 28 16 so
1236 2993 7 15 :
1262 2993 46 21 per
1328 2990 86 25 questo
1436 2988 108 23 v’invito
1552 2999 6 19 ;

1082 3025 26 16 se
1120 3020 40 21 cio
1171 3026 50 16 non
1233 3020 77 26 fosse,
1320 3021 65 22 bella
1396 3021 64 22 forza
1480 3023 81 21 sareb-

1083 3053 31 21 be
1126 3053 83 21 levare
1228 3059 33 16 un
1278 3055 83 20 morto
1372 3061 6 19 ;
1387 3056 76 20 àllora
1480 3056 80 21 baste?

1083 3085 76 22 rebbe
1171 3086 159 22 ilbecchino.

1108 3129 30 5 —
1149 3118 41 22 Ma
1211 3120 18 21 il
1240 3121 138 26 segretario
1394 3121 39 21 del
1444 3122 115 26 generale

1084 3151 62 21 deve
1158 3157 84 17 essere
1253 3158 46 21 per
1309 3153 26 21 lo
1346 3156 111 25 appunto
1475 3155 83 28 quegli

1084 3184 46 21 che
1137 3190 32 15 ne
1176 3185 166 28 trasgredisce
1353 3186 9 21 i
1371 3187 113 21 comandi
1491 3188 12 20 ?

1109 3228 30 5 —
1147 3217 19 21 E
1177 3223 27 16 se
1222 3217 119 28 preferite
1356 3219 9 21 i
1384 3220 113 21 comandi
1520 3221 40 21 del

1083 3251 114 27 generale
1205 3251 22 21 ai
1234 3251 122 23 desiderii
1364 3252 70 26 miei,
1450 3255 111 25 sposate-

1084 3283 26 21 vi
1119 3284 18 20 il
1142 3284 127 27 generale.

1109 3327 30 5 —
1146 3316 105 27 Sentite,
1262 3316 75 28 Lella,
1346 3320 104 25 pensate
1468 3319 45 22 che
1533 3319 26 22 io

1084 3354 61 17 sono
1153 3349 95 28 fìgliulo
1257 3350 42 21 del
1311 3356 62 22 gran
1382 3353 153 25 cancelliere,
1544 3358 15 16 e

1084 3383 90 26 quanto
1185 3388 31 15 ne
1232 3378 150 27 accaârebbe
1399 3385 115 22 scahdalo
1531 3391 29 15 se

1084 3415 20 21 si
1113 3415 101 21 venisse
1230 3421 15 16 a
1260 3417 112 26 scoprire
1390 3417 45 21 che
1446 3418 24 21 le
1491 3418 67 28 leggi

1084 3447 88 22 furono
1182 3450 66 19 rotte
1255 3449 42 21 dal
1304 3455 94 22 sangue
1405 3451 25 21 di
1437 3451 64 21 colui
1514 3451 45 22 che

1083 3482 23 20 la
1115 3481 99 21 nazione
1225 3482 81 22 elesse
1313 3488 15 15 a
1340 3483 60 21 farle
1422 3484 136 27 custodire.

1110 3526 30 4 —
1151 3515 102 27 Matteo,
1265 3517 45 21 voi
1323 3517 35 21 mi
1369 3520 84 24 parete
1471 3519 88 21 ottimo

1084 3549 144 26 segretario,
1237 3550 138 21 eccellente
1383 3550 122 28 fîglinolo,
1520 3557 39 16 ma

1084 3580 109 27 pessimo
1198 3584 98 20 amante
1305 3594 23 4 —
1339 3589 14 14 e
1363 3583 94 22 scivolò
1465 3584 96 21 vialas-

1084 3614 113 21 ciandoil
1208 3615 108 26 giovane
1327 3617 66 20 tutto
1405 3616 113 22 confuso.

1111 3646 87 22 Eccola
1212 3648 85 26 giunta
1310 3654 14 15 a
1336 3648 42 27 piè
1395 3649 63 21 delle
1476 3649 67 22 força
1552 3655 7 16 :

1084 3681 67 19 sosta
1169 3680 121 28 alquanto,
1304 3686 14 15 e
1331 3683 141 26 contempla
1488 3683 17 21 il
1519 3683 41 21 de-

1587 2792 84 22 relitto
1681 2791 44 22 che
1740 2791 23 21 al
1771 2793 76 19 vento
1865 2792 116 21 notturno
2003 2791 58 22 don-

1587 2825 87 21 dolava
1689 2831 5 19 ;
1710 2825 23 21 la
1748 2830 71 15 serva
1835 2823 77 22 anche
1926 2830 55 16 essa
1992 2830 69 21 guar-

1587 2858 82 21 dando
1677 2858 25 21 in
1711 2864 29 15 su
1749 2863 51 16 non
1812 2863 90 21 sapeva
1909 2858 26 21 in
1948 2858 113 28 qualgui-

1587 2896 26 16 sa
1624 2891 24 21 la
1660 2890 116 22 fanciulla
1789 2890 106 21 avrebbe
1908 2890 72 22 salito
1993 2891 25 20 in
2027 2892 35 20 al-

1587 2925 25 20 to
1621 2930 7 19 ;
1638 2929 45 22 per
1697 2924 32 21 lei
1757 2925 69 20 tanto
1841 2929 49 16 non
1915 2924 23 21 ci
1956 2926 104 20 trovava

1586 2958 75 21 modo
1670 2963 6 15 :
1685 2956 125 22 senonchè
1817 2956 65 22 Lella
1888 2957 24 21 la
1923 2956 62 23 cavô
1992 2963 68 22 pres-

1586 2992 26 20 to
1624 2991 25 20 di
1662 2990 91 22 dubbio
1764 2996 6 20 ;
1780 2991 25 20 di
1819 2990 70 22 botto
1906 2991 46 21 ella
1967 2996 45 17 con
2036 2992 24 21 le

1586 3028 72 17 cosce
1676 3028 13 16 e
1701 3028 47 17 con
1767 3024 24 20 le
1807 3023 95 22 braccia
1921 3024 139 28 aggavigna

1585 3055 124 23 l’antenna
1722 3063 6 19 ;
1741 3057 42 27 poi
1798 3057 79 21 datosi
1886 3063 32 15 un
1930 3059 74 20 tratto
2013 3063 46 16 con

1585 3089 23 21 la
1619 3095 106 22 persona
1744 3090 21 21 si
1786 3091 135 26 arrampica
1940 3097 33 15 un
1996 3097 63 15 som-

1586 3128 96 20 messo,
1691 3123 114 21 distende
1821 3123 30 21 da
1863 3129 59 22 capo
1940 3124 25 21 in
1987 3130 27 15 su
2035 3125 24 21 le

1586 3155 104 26 braccia,
1703 3156 20 21 si
1737 3156 116 26 assicura,
1873 3162 13 15 e
1904 3162 47 16 con
1974 3163 84 16 nuovo

1585 3188 94 22 slancio
1691 3188 115 22 s’innalza
1817 3195 33 15 un
1860 3190 61 21 altro
1942 3195 117 17 sommes-

1586 3227 27 16 so
1622 3228 7 19 ;
1639 3221 178 29 cosiprosegue
1829 3222 63 22 assai
1910 3225 150 26 prestamen-

1584 3256 25 20 te
1620 3255 107 21 circatre
1739 3255 113 26 braccia.;
1862 3261 38 16 ma
1909 3256 149 28 alLimprov-

1585 3288 57 22 viso
1653 3288 137 21 sdrucciola
1801 3294 44 21 per
1866 3291 89 24 quanto
1972 3289 14 22 è
2007 3291 53 20 lun-

1585 3326 33 22 go
1625 3321 18 21 il
1654 3322 56 26 palo
1727 3321 119 22 battendo
1867 3324 63 20 terra
1955 3322 51 23 cosi
2024 3330 34 15 as-

1585 3360 54 21 pro,
1652 3354 45 21 che
1718 3360 31 15 ne
1767 3355 90 21 rimase
1871 3356 124 22 intronata
2005 3363 6 15 :
2027 3357 33 21 ri-

1585 3393 72 21 presa
1666 3388 56 20 lena
1732 3388 145 21 ricomincia
1896 3389 23 21 la
1931 3389 78 25 salita,
2028 3389 31 22 nè

1585 3426 47 21 per
1641 3422 84 25 questa
1735 3421 69 21 volta
1814 3422 23 20 la
1849 3422 104 22 seconda
1967 3423 92 27 meglio

1585 3453 24 21 la
1636 3453 97 22 fortuna
1741 3459 6 20 ;
1766 3453 181 28 imperciocchè
1964 3458 95 19 mentre

1586 3487 87 20 stende
1684 3487 23 21 la
1718 3492 73 16 mano
1800 3488 47 20 alla
1858 3489 119 25 traversa,
1987 3495 13 14 e
2019 3489 40 28 già

1587 3518 145 29 l’agguanta,
1748 3521 70 20 torna
1831 3526 13 15 a
1861 3526 112 17 scorrere
1984 3521 43 28 giù
2044 3529 15 15 a

1586 3552 143 27 precipizio.
1736 3551 26 22 Si
1768 3553 97 21 sentiva
1875 3554 23 21 le
1905 3555 97 21 braccia
2009 3557 50 20 rot-

1585 3585 60 25 te,le
1650 3590 73 17 cosce
1734 3591 15 15 e
1760 3586 18 21 il
1790 3588 68 25 petto
1868 3587 159 26 indolenzito,
2034 3589 24 21 le

1586 3617 148 22 bruciavano
1752 3619 24 21 le
1795 3625 72 16 mane
1876 3627 6 14 :
1894 3622 96 20 mentre
2011 3622 47 21 alla

1586 3656 71 16 serva
1666 3657 90 21 pareva
1766 3653 103 26 perduta
1878 3654 24 21 la
1910 3660 83 20 prova,
2000 3660 59 16 sov-

1585 3689 65 16 vene
1671 3684 64 21 Lella
1759 3683 40 23 un”
1813 3692 85 16 nuovo
1917 3687 122 28 consiglio
2049 3694 7 21 ;

2088 2791 72 22 china
2172 2798 45 22 per
2227 2795 64 22 terra
2300 2796 20 21 si
2334 2796 81 29 bagna
2422 2798 25 21 le
2456 2799 67 21 mani
2543 2805 14 15 e

2086 2825 25 21 le
2116 2825 95 23 braccia
2227 2833 44 16 con
2282 2829 22 21 la
2315 2831 101 27 rugiada
2429 2832 87 22 caduta
2529 2837 28 17 su

2086 2858 84 28 l’erba,
2179 2866 13 15 e
2203 2861 93 23 braccia
2307 2869 13 15 e
2342 2865 68 21 mani
2422 2865 135 23 s’imbratta
2572 2869 4 5 '

2086 2892 42 27 poi
2141 2893 23 21 di
2177 2899 71 17 arena
2258 2902 6 15 :
2272 2896 49 22 cosi
2336 2898 104 22 allestita
2457 2900 97 26 ritenta,

2086 2931 14 15 e
2111 2926 22 21 la
2151 2928 122 22 ruvidezza
2284 2930 131 24 dell’arena
2436 2933 25 21 le
2484 2934 55 21 vale
2548 2938 7 20 ;

2086 2959 145 24 abbrancata
2241 2963 24 21 la
2273 2965 111 22 traversa
2397 2966 23 21 ci
2431 2967 23 21 si
2466 2973 92 22 appog-

2085 2993 47 27 gia.
2139 2999 47 17 con
2200 2996 24 21 le
2235 2998 92 21 costole
2339 3000 115 22 restando
2465 3006 45 16 con
2533 3000 23 21 le

2085 3028 88 27 gambe
2183 3031 127 25 penzoloni
2317 3039 7 19 ;
2338 3038 94 22 penoso
2444 3034 23 21 le
2479 3032 77 23 riusci

2085 3063 110 20 moversi
2206 3063 25 20 di
2241 3065 118 27 traverso,
2373 3072 40 16 ma
2430 3067 126 22 aiutando-

2085 3094 22 21 si
2118 3100 47 16 con
2175 3096 24 21 le
2211 3096 93 23 braccia
2315 3104 14 16 e
2342 3100 39 21 col
2391 3102 69 25 petto
2470 3100 85 23 arrivô

2086 3127 26 21 in
2132 3128 75 22 breve
2227 3131 36 21 sul
2279 3136 61 23 capo
2362 3133 174 29 alLimpiccato
2548 3139 7 16 :

2085 3166 70 17 senza
2163 3163 101 26 perdere
2274 3166 83 27 tempo
2370 3167 75 22 allora
2457 3167 60 23 cavô
2530 3167 24 22 di

2086 3196 66 20 tasca
2162 3195 19 21 il
2198 3197 139 28 trinciante,
2359 3206 15 15 e
2388 3200 26 21 di
2427 3207 34 15 un
2485 3201 69 28 colp.o

2085 3228 79 22 recise
2176 3228 18 22 il
2204 3230 75 22 laccio
2291 3232 170 23 orribilmente
2477 3236 56 20 teso
2547 3239 7 16 :

2086 3261 19 21 il
2115 3266 76 23 corpo
2201 3264 100 22 tracolla
2313 3270 45 17 con
2371 3267 99 22 infelice
2489 3267 68 22 rovi-

2086 3300 31 16 na
2126 3301 6 20 ;
2143 3295 80 23 dietro
2239 3303 14 15 a
2264 3298 33 21 lui
2314 3299 44 27 giù
2378 3300 24 21 di
2416 3300 102 27 piombo
2533 3301 22 21 la

2086 3328 122 27 fanciulla,
2219 3329 43 23 che
2273 3332 87 22 sciolto
2373 3333 16 22 il
2399 3334 78 22 laccio
2490 3340 26 16 se
2529 3335 24 21 lo

2086 3362 72 27 cinge
2169 3362 98 24 intorno
2279 3366 45 21 alla
2336 3367 58 23 vita,

2114 3406 27 5 —
2153 3395 33 21 Su
2197 3399 89 24 presto,
2308 3399 142 23 intantochè
2468 3402 22 21 si
2512 3407 43 16 av-

2085 3429 75 27 volge
2171 3429 23 21 la
2209 3429 57 23 fune
2284 3433 46 21 alla
2342 3439 105 21 persona
2466 3435 90 21 favella

2086 3463 46 20 alla
2143 3468 70 16 serva
2226 3469 6 20 ;
2242 3465 77 22 soche
2331 3473 14 15 a
2353 3468 49 22 tela
2414 3468 80 22 ordita
2504 3468 49 22 Dio

2085 3496 88 21 manda
2184 3496 50 27 filo,
2242 3499 27 20 tu
2278 3499 104 28 piglialo
2393 3501 30 22 da
2432 3507 61 22 capo
2505 3503 49 20 sot-

2085 3530 26 20 to
2122 3529 24 21 le
2157 3531 96 24 ascelle,
2268 3531 43 23 che
2329 3535 36 21 sei
2388 3535 43 28 più
2454 3535 63 22 forte
2540 3540 14 15 e

2084 3567 74 17 meno
2167 3563 116 23 affaticata
2292 3566 24 21 di
2325 3573 41 16 me
2378 3568 24 22 io
2414 3569 25 21 lo
2448 3574 105 22 agguan-

2084 3595 53 22 terô
2147 3602 43 21 per
2200 3598 24 21 le
2233 3599 85 26 gambe
2327 3602 69 22 evia.

2304 3662 11 28 (
2317 3663 147 29 Cuntinua)
