2585 3978
395 174 78 26 LES

158 222 189 51 Cortinchi
370 221 46 47 de
438 217 271 49 Pietr’ellerata

289 313 157 29 PREMIÈRE
459 314 120 24 PARTIE

173 367 63 29 Ugo,
251 367 37 22 fils
300 364 52 23 aîné
363 365 29 20 de
412 361 147 28 Guglielmo,
578 357 84 22 devint
674 356 64 20 donc

132 402 13 21 à
155 403 22 20 la
188 402 65 21 mort
265 400 30 21 de
304 405 44 15 son
358 397 62 28 père,
434 394 115 28 seigneur
559 392 30 20 de
608 390 66 21 Pietr
682 388 57 21 elle-

131 437 55 19 rata.
199 434 39 21 De
250 433 56 27 Ugo
318 430 80 27 naquit
410 427 139 28 Guglielmo
561 424 11 22 I
586 423 31 21 de
631 422 67 21 Pietr
704 421 35 20 el-

131 469 71 20 lerata
214 467 42 26 qui
269 467 40 20 eut
324 463 59 22 trois
401 461 38 22 fils
454 466 6 15 :
485 457 114 25 Orlando,
625 455 56 27 Ugo
704 453 33 25 II,

133 500 137 28 Guglielmo
283 498 31 22 II-
332 494 104 24 Orlando
449 493 43 27 qui
512 491 57 21 était
587 487 78 25 l’ainé,
690 487 49 26 prit

132 539 59 22 pour
201 533 35 21 lui
248 533 24 20 la
289 528 130 29 seigneurie
431 527 30 20 de
483 523 168 23 Pietr’ellerata
662 521 25 20 et
702 519 37 20 fut

131 567 52 27 plus
193 565 62 25 tard,
281 563 93 26 Evêque
385 559 114 25 d’Aléria,
521 555 31 30 (i)
576 559 94 18 comme
693 557 46 16 son

133 598 85 22 arrière
242 596 78 29 grand
335 595 73 21 oncle.
422 591 109 22 Curieux
541 591 77 26 types,
640 593 31 15 au
697 585 42 21 de-

132 632 115 24 meurant,
264 635 47 22 que
323 634 38 15 ces
380 625 87 29 prélats
492 628 80 17 corses
592 621 32 22 du
639 624 101 23 moyen-

133 666 51 27 âge,
197 664 52 22 élus
260 669 44 22 par
318 663 23 20 le
358 660 93 28 peuple,
463 657 110 28 toujours
592 660 44 22 par
657 653 82 22 monts

133 701 23 20 et
173 704 43 22 par
233 703 66 15 vaux
318 694 139 29 participant
475 691 15 21 à
507 691 79 21 toutes
602 689 36 20 les
657 687 80 23 luttes,

134 738 25 15 se
177 731 91 21 mêlant
293 728 14 21 à
325 730 54 19 tous
395 727 35 20 les
456 721 151 24 combats.Ils
626 718 115 23 n’étaient

133 766 25 20 ni
175 768 112 23 pauvres,
307 761 26 21 ni
353 759 98 24 chastes,
470 756 27 21 ni
517 754 90 22 soumis
627 752 79 21 même
726 756 13 14 a

133 797 84 25 Rome,
249 801 40 16 car
313 794 29 21 ils
365 798 30 16 ne
417 789 146 28 craignirent
587 791 43 22 pas
650 785 30 20 de
713 789 26 15 se

133 830 104 22 révolter
260 829 81 21 contre
362 827 22 20 la
403 821 106 30 Papauté
528 822 96 25 lorsque
645 817 94 22 celle-ci

133 863 119 28 prétendit
265 860 115 23 rattacher
400 859 35 20 les
453 853 104 24 évêchés
580 852 125 22 insulaires
725 855 14 14 a

133 894 163 24 l’archevêché
307 893 29 22 de
347 892 61 25 Pise,
418 897 32 15 en
464 887 63 30 1098,
540 893 32 16 ou
582 887 35 20 les
629 885 111 27 partager

134 932 64 20 entre
210 929 57 22 Pise
280 930 24 19 et
315 927 86 24 Gênes,
414 930 31 15 en
459 928 64 21 1133.
542 919 59 22 Très
610 919 85 27 jaloux
709 916 31 21 de

133 965 51 20 leur
205 961 185 28 indépendance,
414 955 100 28 d’esprit
535 953 130 24 batailleur,
686 950 54 21 leur

134 995 157 30 psychologie
302 995 56 27 peut
369 998 25 16 se
410 990 110 22 résumer
537 993 30 15 en
590 991 27 16 ce
637 983 103 29 portrait

135 1029 113 27 d’évêque
263 1026 104 23 d’Aléria
381 1030 45 22 que
448 1027 65 17 nous
534 1020 78 21 vîmes
630 1019 23 20 la
673 1021 66 17 main

134 1063 88 27 gauche
247 1062 99 21 ouverte
368 1064 40 16 sur
421 1058 36 21 lés
479 1052 133 29 Évangiles,
627 1052 24 20 la
673 1049 66 22 main

134 1097 76 21 droite
221 1094 91 23 fermée
323 1099 40 16 sur
372 1093 22 20 la
405 1088 106 30 poignée
533 1086 55 22 d’un
602 1085 88 28 glaive.
720 1082 20 21 Il

134 1132 36 19 est
195 1129 54 22 vrai
274 1127 78 28 qu’un,
372 1126 68 20 autre,
458 1122 101 26 évêque,
583 1119 33 21 du
643 1116 96 23 Nebbio

135 1162 98 26 celui-là,
255 1167 33 16 ne
310 1158 108 23 célébrait
433 1155 88 29 jamais
544 1159 25 15 sa
584 1157 80 16 messe
684 1154 55 17 sans

135 1196 73 26 avoir,
242 1201 32 15 au
303 1191 122 29 préalable,
462 1186 91 29 déposé
593 1185 72 40 deux^
691 1182 49 27 pis-

133 1230 69 21 tolets
228 1226 100 29 chargés
349 1230 47 16 aux
421 1223 75 24 deux,
512 1220 67 22 coins
599 1219 31 20 de
650 1218 9 20 1
666 1215 72 22 autel.

135 1262 100 22 Comme
250 1266 55 20 eux,
319 1257 103 24 Orlando
437 1255 116 22 Cortinco
561 1251 81 23 refléta
649 1251 24 20 la
686 1254 54 16 vio-

134 1297 65 20 lence
211 1297 25 19 et
252 1295 23 21 la
294 1290 107 25 brutalité
418 1290 33 21 du
461 1288 85 23 milieu
562 1285 33 22 où
615 1285 18 20 il
651 1283 87 21 vivait.

136 1329 88 21 Contre
239 1329 38 20 les
292 1325 103 28 marquis
414 1324 31 21 de
464 1322 48 22 San
529 1318 157 24 Colombano,
701 1317 39 26 ty-

134 1367 121 17 ranneaux
265 1360 99 22 voulant
374 1358 107 27 imposer
496 1356 24 21 le
531 1361 14 14 «
556 1353 64 22 droit
640 1351 33 21 du
688 1349 53 22 Sei-

135 1401 74 22 gneur
218 1401 23 20 »,
255 1395 19 20 il
285 1399 26 16 se
319 1393 44 21 mit
370 1391 119 28 plusieurs
504 1388 47 21 fois
567 1393 30 14 en
609 1388 131 23 campagne

135 1432 23 18 et
177 1430 51 20 leur
251 1428 27 21 fit
300 1432 46 15 une
367 1429 84 24 guerre
481 1418 208 25 d'extermination
709 1422 31 15 au

135 1468 67 15 cours
225 1461 32 21 de
276 1459 97 28 laquelle
383 1457 84 22 Caccia
495 1457 25 19 et
534 1451 112 24 Giussani
661 1450 79 21 furent

136 1494 84 23 minés.
235 1493 121 23 Giuvanni
377 1491 59 22 délia
458 1489 91 22 Grossa
566 1487 95 21 raconte
683 1489 32 22 qu
724 1483 16 20 il

135 1529 93 22 existait
240 1527 14 22 à
277 1527 82 22 Caccia
380 1530 45 16 une
447 1523 77 28 église
541 1519 84 23 dédiée
640 1518 14 21 à
668 1517 71 22 Santa

112 1578 6 4 .
136 1562 68 21 Esdra
228 1564 25 19 et
279 1561 31 22 où
329 1561 34 20 les
387 1557 128 24 habitants,
534 1553 115 23 confiants
669 1557 30 15 en
718 1551 21 20 la

136 1595 97 22 sainteté
244 1595 32 22 du
284 1594 47 22 lieu
340 1592 92 22 avaient
442 1588 73 24 caché
525 1594 26 16 ce
563 1587 69 28 qu'ils
643 1585 97 21 avaient

135 1630 29 21 de
176 1630 52 27 plus
240 1628 120 28 précieux.
370 1625 30 22 Se
411 1624 116 27 moquant
532 1622 30 21 de
570 1622 51 20 leur
627 1617 113 29 supersti-

135 1663 49 22 tion
193 1664 81 24 naïve,
286 1661 108 26 l’Evêque
400 1657 106 23 d’Aléria
514 1655 55 28 pilla
576 1655 22 21 le
607 1651 133 24 sanctuaire

135 1695 93 22 vénéré.
245 1695 61 22 Mais
318 1694 69 25 Dieu,
411 1697 62 22 pour
493 1691 23 21 le
529 1688 76 29 punir,
626 1686 114 28 ajouté-le

135 1730 71 21 vieux
215 1729 167 26 chroniqueur,
388 1726 32 21 lui
430 1729 97 24 envoya
535 1720 206 24 immédiatement

135 1764 21 21 la
171 1763 101 22 maladie
281 1762 30 21 de
322 1762 21 20 la
355 1760 76 27 pierre
443 1761 32 23 et,
492 1758 94 21 devenu
604 1754 102 24 infirme,
718 1753 22 20 la

136 1796 134 29 seigneurie
293 1795 42 22 des
355 1792 124 23 Cortinchi
503 1795 75 23 passa,
597 1789 71 24 alors,
693 1791 47 16 aux

136 1830 74 22 mains
221 1830 32 21 de
265 1835 39 16 ses
315 1828 61 21 deux
387 1826 72 22 frères
467 1825 57 28 Ugo
531 1823 21 23 II
564 1825 24 19 et
600 1821 139 28 Guglielmo

139 1864 30 21 II.
182 1863 56 29 Ugo
252 1863 23 22 II
288 1862 63 22 avait
370 1859 87 29 épousé
473 1864 48 16 une
532 1862 65 17 soeur
607 1856 31 21 de
650 1853 90 23 Giudia

136 1897 28 22 de
176 1897 101 22 Cinarca
290 1896 57 21 dont
359 1895 15 21 il
383 1896 40 20 eut
432 1895 54 25 sept
500 1891 45 22 fils.
562 1889 138 28 Guglielmo
717 1886 22 21 II

136 1931 75 22 s’était
223 1929 76 24 marié
311 1934 57 16 avec
379 1933 45 16 une
437 1926 49 22 fille
504 1925 31 22 de
551 1921 189 24 Giovanninello

136 1965 28 21 de
184 1964 67 22 Pietr
257 1963 121 22 all’arretta
398 1961 40 27 qui
459 1960 35 21 lui
515 1959 78 21 donna
604 1959 61 19 trois
682 1954 57 21 fils:

137 1993 401 29 Vincentello,Aldobrandinucciu,
549 1990 138 28 Guglielmo
695 1987 44 22 III.

137 2032 21 20 A
170 2032 21 20 la
207 2032 65 21 mort
292 2030 32 21 dé
334 2028 53 28 Ugo
408 2027 22 22 II
444 2029 25 19 et
487 2026 30 21 de
527 2024 136 28 Guglielmo
677 2021 22 22 II
719 2021 22 20 la

137 2065 108 21 discorde
258 2070 26 15 se
296 2062 43 23 mit
353 2063 64 20 entre
429 2061 66 21 leurs
509 2058 100 24 enfants.
627 2056 43 21 Les
687 2056 54 25 sept

138 2098 71 21 frères
229 2096 135 23 chassèrent
384 2095 28 21 de
440 2092 167 23 Pietr’ellerata
624 2090 36 21 les
680 2087 61 22 trois

137 2131 79 22 frères.
231 2131 19 22 Il
269 2128 120 24 s’ensuivit
403 2133 47 16 une
461 2131 86 24 guerre
558 2124 70 27 après
639 2121 102 28 laquelle

138 2170 30 16 un
182 2165 87 21 accord
287 2163 34 22 fut
333 2163 89 21 conclu.
434 2161 66 21 Pietr
508 2159 93 22 ellerata
614 2159 62 20 resta
693 2160 48 16 aux

136 2198 58 22 trois
204 2197 75 22 frères
291 2200 23 18 et
329 2197 33 20 les
373 2197 51 25 sept
436 2194 76 22 frères
523 2192 98 22 allèrent
637 2189 104 23 s’établir

137 2232 12 21 à
162 2232 94 28 Gaggio
269 2231 32 22 où
313 2231 28 20 ils
353 2235 25 16 se
392 2229 68 21 firent
472 2227 63 21 bâtir
546 2231 31 16 un
588 2224 99 22 château
698 2222 42 29 (2).

138 2265 47 22 Des
196 2265 62 22 trois
270 2264 79 25 frères,
363 2261 151 22 Vincentello
527 2259 39 28 qui
578 2258 64 22 avait
651 2255 90 29 épousé

137 2304 45 17 une
204 2305 67 15 soeur
291 2297 29 22 de
338 2296 135 28 Guglielmo
494 2294 60 21 délia
575 2292 79 21 Rocca
669 2292 71 23 resta,

137 2333 56 25 seul,
208 2331 15 22 à
234 2328 174 27 Pietr’eilerata.
424 2325 238 25 Aldobrandinucciu
674 2329 69 17 mou-

136 2367 44 25 rat,
191 2365 82 28 jeune,
285 2362 95 24 laissant
391 2363 63 21 deux
460 2362 41 22 fils
514 2367 6 14 :
534 2359 107 22 Orlando
657 2360 25 20 et
690 2357 53 22 Gu-

137 2398 184 29 glielminucciu.
335 2396 135 29 Guglielmo
490 2394 36 22 III
538 2393 57 22 était
607 2391 46 22 allé
674 2397 12 16 s
693 2391 51 21 ins-

136 2433 67 21 taller
210 2431 14 22 à
233 2431 82 22 Verde
323 2430 38 29 (3).

180 2505 41 18 1*—
235 2503 94 19 L'Evêché
341 2503 77 18 d’Aleria
425 2508 12 13 a
445 2503 61 18 existé
520 2502 65 22 depuis
598 2502 19 17 la
628 2501 27 17 fin
672 2500 26 17 du
711 2498 33 18 VIe

138 2532 53 19 siècle
198 2532 76 22 jusqu'à
282 2532 18 18 la
307 2531 114 18 Révolution.
428 2531 26 18 La
461 2531 48 18 ville
517 2530 79 18 détruite
604 2534 35 17 par
645 2529 29 17 les
683 2526 62 19 Sarra-

137 2561 45 21 zius,
196 2565 45 13 vers
256 2559 41 23 826,
310 2557 63 20 n’était
385 2563 32 18 pas
430 2558 143 23 complètement
585 2555 119 20 abandonnée
721 2559 24 13 au

137 2588 45 18 XIII'
189 2588 63 22 siècle,
260 2588 21 17 et
285 2588 18 17 la
309 2587 69 18 famille
385 2587 94 18 Cortinchi
490 2592 13 17 y
514 2586 76 18 résidait
597 2589 73 14 encore.

179 2615 18 18 2-
203 2625 24 3 —
237 2616 31 17 Au
274 2615 23 17 N.
303 2615 22 17 N.
330 2614 20 18 0.
356 2615 23 17 de
383 2614 212 22 Piedlcorte-di-Gaggio,
604 2618 35 13 sur
645 2613 20 17 la
674 2611 72 18 «Culla-

137 2643 112 22 di-Gaggio.»
255 2652 25 4 —
286 2642 35 18 Les
329 2643 62 17 ruines
398 2643 26 17 du
429 2642 80 19 château
515 2647 13 18 y
536 2642 42 18 sont
589 2645 66 14 encore
659 2639 85 19 visibles.

179 2670 72 18 3-—Il
258 2671 29 23 s’y
298 2670 105 18 construisit
409 2675 28 13 un
449 2670 80 19 château
541 2675 12 12 a
567 2669 22 18 11
602 2669 108 18 kilomètres
723 2668 23 18 de

137 2699 78 17 Tallone.
223 2699 17 17 11
249 2703 25 13 en
282 2699 50 17 reste
339 2702 37 13 une
385 2699 43 17 tour
435 2703 25 13 en
468 2699 56 17 ruine
531 2698 79 21 habitée,
619 2703 25 12 en
651 2697 53 22 1370,
713 2701 34 18 par

137 2726 102 18 Alexandre
246 2726 59 21 Saüli,
315 2726 50 18 alors
369 2726 74 22 Evêque
448 2726 87 18 d’Aleria.
541 2725 95 18 L’endroit
640 2726 24 18 où
670 2730 21 13 se
696 2725 52 17 trou-

137 2755 61 17 vaient
204 2754 35 18 les*
241 2755 71 21 jardins
320 2758 41 14 en-a
365 2754 80 21 gardé-le
452 2759 46 13 nom
506 2754 18 18 d’
529 2753 57 18 «Orto
593 2754 31 17 del
630 2754 90 17 Vescovo.
725 2759 9 10 »

797 168 95 21 Guerre
909 167 69 20 entre
996 163 167 26 Vincentello,
1179 162 114 22 Orlandu
1311 162 25 20 et
1355 158 52 22 Gu-

839 198 185 27 glielminucciu
1039 197 31 21 de
1084 195 181 23 Pietr’ellerata
1280 194 86 22 contre

876 230 188 23 Rollanducello
1074 229 35 22 de
1120 228 216 22 Pietr’all’arretta

839 285 96 26 Quand,
948 284 68 27 après
1025 285 23 19 la
1059 284 64 20 mort
1135 282 29 20 de
1177 279 188 24 Giovaninnello
1378 277 30 20 de

797 318 203 24 Pîetr’all’arretta,
1035 321 45 16 son
1113 320 79 15 neveu
1225 310 182 26 Rollanducello

796 351 117 27 s’empara
925 350 29 21 de
966 355 39 16 ses
1016 349 78 25 biens,
1109 347 108 22 Orlandu
1228 349 25 19 et
1266 342 143 31 Guglielmi-

796 384 87 21 nucciu
903 383 122 28 passèrent
1048 382 59 21 dans
1129 381 23 21 le
1171 379 95 22 Nebbio
1288 383 62 24 pour
1375 376 33 21 lui

797 417 99 21 enlever
907 417 23 21 le
940 415 144 29 patrimoine
1097 415 30 21 de
1135 415 52 20 leur
1197 413 73 21 aïeul.
1284 410 76 23 Aidés
1367 415 42 22 par

796 452 53 20 leur
860 451 70 21 oncle
942 449 152 22 Vincentello
1107 448 31 21 de
1147 445 178 25 Pietr’ellerata,
1338 444 28 21 ils
1375 442 33 21 lui

797 483 147 22 déclarèrent
954 484 23 21 la
987 489 94 22 guerre.
1096 480 152 23 Vincentello
1268 481 27 19 et
1313 477 96 22 Rollan-

797 517 94 21 ducello
903 516 88 22 étaient
1003 514 146 26 considérés,
1162 513 13 21 à
1185 512 121 27 l’époque,
1317 515 92 16 comme

798 549 65 22 étant
879 550 37 21 les
927 550 64 22 deux
1001 549 144 28 principaux
1160 546 126 28 seigneurs
1301 544 30 21 de
1349 542 58 22 111e.

797 582 59 22 Très
868 583 142 28 vigoureux,
1029 583 30 21 ils
1073 589 27 15 se
1121 579 180 28 distinguaient,
1320 576 48 22 l’un
1385 577 25 20 et

797 616 90 27 l’autre,
913 623 43 21 par
974 623 33 15 un
1027 622 104 22 courage
1149 613 51 29 égal
1220 615 25 19 et
1264 617 50 17 une
1332 611 78 21 même

798 650 97 21 adresse
910 650 196 22 extraordinaire.
1120 649 24 21 A
1159 649 22 20 la
1194 647 62 22 suite
1276 645 57 22 d’un
1349 643 61 22 acci-

798 683 57 22 dent
867 684 31 21 de
910 684 90 25 cheval,
1014 683 153 21 Vincentello
1179 681 99 22 mourut
1289 680 25 20 et
1321 679 22 20 la
1351 678 59 21 lutte

798 722 26 15 se
836 717 113 20 continua
961 718 67 19 entre
1037 715 180 22 Rollanducello
1229 714 26 20 et
1264 710 110 23 Orlandu
1386 710 24 19 et

799 748 219 28 Guglielminucciu
1029 748 117 27 auxquels
1157 746 57 23 était
1220 751 68 16 venu
1300 742 110 27 s’adjoin-

798 781 42 22 dre
851 788 34 15 un
896 782 83 21 bâtard
990 782 31 21 de
1032 781 64 28 Ugo,
1110 781 38 22 fils
1163 781 30 21 de
1211 775 196 26 Giovanninello,

797 814 85 28 appelé
895 815 146 28 Guglielmo.
1055 814 81 27 Après
1146 820 47 15 une
1203 814 61 21 lutte
1281 811 89 26 longue
1386 810 24 19 et

798 849 96 25 cruelle,
908 848 180 21 Rollanducello
1098 847 54 22 finit
1159 853 43 22 par
1206 845 99 22 tomber
1314 843 57 21 dans
1377 847 32 16 un

797 881 73 28 piège
879 887 46 21 que
936 882 33 21 lui
981 882 66 21 avait
1054 881 76 22 tendu
1141 881 114 21 Babilano
1264 877 32 22 da
1309 876 65 21 Mare
1386 876 24 20 et

798 914 36 22 fut
844 915 75 21 remis
929 921 48 15 aux
987 915 79 21 mains
1078 915 44 21 des
1132 912 125 23 Cortinchi
1265 911 33 21 de
1304 909 106 23 Pietr’el-

797 948 74 21 lerata
885 949 42 27 qui
943 949 24 21 le
985 948 89 22 mirent
1092 946 208 23 immédiatement
1318 943 13 22 à
1347 944 63 21 mort

798 986 62 22 pour
871 988 92 22 venger
971 983 24 20 la
1006 981 90 22 famille
1108 981 30 22 de
1151 977 189 26 Giovanninello
1349 981 61 17 mas-

798 1015 82 22 sacrée
891 1022 43 21 par
946 1016 33 21 lui
991 1015 14 22 à
1016 1021 46 16 son
1075 1017 83 20 retour
1168 1014 31 22 de
1214 1013 65 21 Pise.
1297 1010 49 22 Son
1363 1009 45 26 fils,

798 1047 66 28 Neri,
878 1050 62 20 resta
949 1055 41 15 sur
1000 1055 48 15 une
1059 1048 81 28 galère
1152 1048 29 21 de
1191 1047 91 22 Gênes.
1296 1042 112 26 Racheté,

798 1082 53 27 plus
863 1082 54 21 tard
926 1088 44 22 par
980 1082 100 21 Ranieri
1092 1082 31 21 de
1133 1081 79 25 Gozzi,
1229 1084 47 17 son
1288 1077 62 22 frère
1360 1083 50 15 ma-

797 1116 85 25 ternel,
895 1117 147 27 moyennant
1056 1115 62 22 trois
1134 1116 65 20 cents
1216 1113 67 25 écus,
1296 1110 58 23 Neri
1370 1109 40 22 dé-

799 1148 61 22 clara
872 1149 23 21 la
906 1154 85 23 guerre
1002 1155 49 15 aux
1068 1147 126 23 Cortinchi
1207 1146 64 23 mais
1286 1145 37 21 fut
1336 1145 72 21 battu.

799 1181 99 22 Maîtres
908 1182 32 21 du
950 1181 102 27 Nebbio,
1067 1181 108 22 Orlando
1187 1179 116 23 s’installa
1314 1177 14 22 à
1337 1177 73 22 Patri-

797 1215 93 26 monio,
899 1215 105 28 pendant
1015 1221 47 21 que
1073 1213 222 29 Guglielminucciu
1306 1217 26 17 se
1344 1211 67 22 forti-

797 1248 51 22 fiait
856 1248 15 22 à
882 1249 117 26 Porretto,
1010 1255 31 15 au
1053 1248 84 22 dessus
1149 1248 30 21 de
1190 1246 135 23 Pietr’alba.

889 1305 139 26 Guglielmo
1043 1305 37 21 III
1095 1304 32 22 de
1141 1304 70 22 Pietr
1217 1303 107 22 ellerata

841 1368 23 20 A
877 1368 22 21 la
912 1372 61 17 mort
985 1367 30 22 de
1025 1367 152 22 Vincentello
1189 1366 29 21 de
1232 1365 176 24 Pietr’ellerata,

800 1400 137 28 Guglielmo
948 1400 43 26 III,
1005 1406 45 16 son
1063 1400 70 25 frère,
1144 1400 85 25 revint,
1240 1399 31 21 de
1293 1404 44 16 son
1356 1397 54 22 châ-

799 1436 52 19 teau
863 1434 31 21 de
904 1434 79 21 Verde
996 1434 32 21 où
1041 1434 16 21 il
1073 1433 77 22 s’était
1162 1432 78 26 retiré,
1255 1431 14 23 à
1283 1431 127 22 Pietr’elle-

798 1469 50 20 rata
855 1473 64 22 pour
922 1473 18 23 y
946 1468 108 21 attendre
1063 1473 48 21 que
1119 1472 45 16 son
1172 1472 80 16 neveu
1261 1465 147 28 Guglielmo,

799 1501 138 22 surnommé
949 1502 53 27 plus
1013 1501 53 22 tard
1082 1500 230 27 Schiumaguadella,
1330 1498 34 22 fut
1379 1504 30 15 en

798 1535 45 28 âge
855 1535 31 22 de
900 1541 136 22 gouverner
1047 1540 25 16 sa
1090 1533 142 29 seigneurie.
1253 1533 41 22 Du
1309 1532 58 28 parti
1380 1531 29 21 de

799 1568 189 22 Giovanninello
1001 1581 28 3 —
1043 1566 93 29 opposé
1152 1567 12 22 à
1182 1567 61 21 celui
1264 1567 31 21 de
1309 1565 100 23 Giudice

799 1602 29 22 de
841 1602 113 23 Cirnarca
963 1614 27 4 —
999 1602 139 28 Guglielmo
1147 1600 34 23 III
1194 1600 58 22 était
1264 1601 24 21 le
1301 1600 110 27 seigneur

798 1637 23 20 le
837 1637 54 26 plus
911 1637 114 26 puissant.
1043 1635 81 25 Aussi,
1144 1634 77 27 quand
1239 1640 49 15 une
1304 1634 62 27 ligue
1384 1638 26 16 se

799 1669 76 22 forma
888 1672 81 20 contre
981 1671 23 21 le
1016 1669 138 22 redoutable
1168 1668 114 27 seigneur
1298 1667 32 22 du
1342 1665 68 23 Delà-

799 1703 138 23 des-Monts
950 1704 96 21 devenu
1058 1703 75 22 vieux
1145 1704 23 20 et
1179 1702 111 27 aveugle,
1305 1700 105 28 Gugliel-

799 1742 40 17 mo
853 1737 35 22 III
902 1743 29 16 en
944 1737 47 28 prit
1003 1738 22 20 la
1037 1737 56 25 tête,
1107 1741 67 22 passa
1192 1736 35 20 les
1248 1737 82 19 monts
1351 1738 59 17 avec

799 1771 65 22 deux
874 1771 67 21 mille
959 1771 111 22 hommes
1086 1772 26 20 et
1126 1770 46 21 mit
1188 1770 23 21 le
1235 1769 70 28 siège
1324 1768 88 21 devant

799 1804 110 22 Cinarca.
933 1804 79 28 Après
1035 1803 318 28 plusieurs'engagements,
1377 1807 34 15 un

798 1844 81 16 neveu
886 1838 31 22 de
925 1838 103 22 Giudice
1039 1838 42 27 qui
1090 1837 161 23 commandait
1263 1842 41 15 ses
1314 1837 97 26 troupes

798 1878 61 16 avec
869 1871 102 23 autorité
980 1873 24 20 et
1012 1878 33 15 un
1051 1871 163 28 remarquable
1222 1875 113 23 courage,
1346 1869 64 28 Lupo

799 1905 133 27 d’Ornano,
945 1905 89 22 réussit
1043 1905 15 22 à
1074 1906 24 21 le
1113 1906 85 21 mettre
1216 1910 32 15 en
1261 1903 107 26 déroute,
1387 1903 24 21 le

798 1940 139 27 poursuivit
948 1941 24 20 et
982 1940 24 21 le
1013 1940 91 26 bloqua
1115 1944 42 16 sur
1162 1939 23 20 le
1193 1939 108 20 sommet
1313 1937 29 21 de
1353 1936 59 22 Sali-

799 1975 63 20 ceto.
873 1973 31 22 Se
913 1975 94 20 sentant
1011 1973 84 27 perdu,
1104 1972 138 28 Guglielmo
1252 1970 38 23 III
1299 1972 41 20 eut
1349 1971 62 20 alors

799 2012 99 17 recours
909 2013 48 15 aux
967 2012 138 22 promesses
1116 2007 25 20 et
1152 2005 36 21 dit
1197 2004 14 22 à
1223 2004 69 28 Lupo
1313 2003 99 22 d’Orna-

798 2045 33 16 no
843 2040 60 27 qu’il
913 2040 34 21 lui
960 2039 127 22 donnerait
1098 2040 23 20 la
1137 2038 64 22 main
1212 2038 32 21 de
1261 2043 28 16 sa
1307 2037 48 21 fille
1375 2036 37 21 s’il

799 2073 23 21 le
832 2073 93 22 laissait
935 2075 94 20 rentrer
1039 2073 60 21 dans
1108 2078 40 16 ses
1159 2073 83 20 terres.
1257 2070 67 28 Lupo
1329 2077 19 22 y
1355 2075 57 16 con-

799 2107 82 22 sentit.
891 2106 72 23 Trahi
971 2113 49 15 une
1031 2106 106 22 seconde
1148 2104 46 23 fois
1202 2111 45 21 par
1258 2110 48 16 son
1316 2104 38 22 fils
1362 2103 50 22 Sal-

799 2146 66 21 nese,
881 2142 24 20 le
925 2141 76 21 vieux
1021 2140 104 22 Giudice
1143 2139 30 21 de
1190 2138 105 23 Cinarca
1311 2137 99 28 prenait,

800 2175 116 27 quelques
926 2176 79 26 temps
1016 2174 77 28 après,
1110 2174 23 21 le
1145 2173 96 22 chemin
1253 2172 31 21 de
1296 2171 72 22 l’exil.

842 2208 138 29 Guglielmo
998 2207 37 22 III
1053 2207 66 22 avait
1133 2205 88 29 épousé
1238 2212 51 16 une
1301 2211 65 16 soeur
1382 2205 31 21 de

798 2241 222 29 Guglielminuccio
1044 2242 30 21 de
1093 2241 132 26 Gi.unepro,
1247 2238 87 29 appelé
1359 2239 54 27 plus

799 2276 53 21 tard
876 2275 138 29 Guglielmo
1034 2275 32 21 de
1083 2274 108 25 Cinarca,
1221 2274 43 27 qui
1291 2273 122 22 lui-même

799 2310 66 21 avait
876 2307 89 30 épousé
973 2315 48 15 une
1032 2314 67 16 soeur
1110 2308 30 21 de
1150 2307 139 28 Guglielmo
1300 2306 44 23 III.
1352 2306 61 22 Mais

800 2342 14 22 à
825 2344 23 20 la
857 2343 63 23 suite
931 2342 71 22 d’une
1013 2342 106 28 querelle
1127 2341 32 22 de
1169 2341 127 27 partisans,
1307 2340 107 28 Gugliel-

801 2383 41 16 mo
854 2377 37 22 III
904 2376 54 22 aidé
968 2377 31 20 de
1016 2381 46 17 son
1075 2381 81 16 neveu
1173 2374 109 23 Orlando
1300 2373 114 23 Cortinco

802 2411 30 21 de
843 2410 158 26 Patrimonio,
1014 2409 94 22 déclara
1118 2409 24 21 la
1153 2414 85 23 guerre
1256 2415 32 14 au
1300 2407 116 29 Seigneur

802 2444 30 21 de
844 2444 102 22 Cinarca
957 2444 41 27 qui
1009 2444 49 27 prit
1068 2444 23 21 la
1103 2442 67 22 fuite.
1184 2441 112 27 Celui-ci,
1309 2443 69 20 usant
1384 2441 31 22 de

802 2478 151 28 stratagème,
968 2477 70 22 attira
1050 2477 58 22 chez
1123 2476 34 21 lui
1175 2475 55 28 Ugo
1251 2475 116 22 Cortinco
1385 2475 30 21 da

803 2511 97 29 Gaggio
917 2511 41 27 qui
974 2510 101 22 habitait
1094 2509 98 26 Noceta,
1212 2510 24 21 le
1255 2510 48 21 mit
1321 2508 14 22 à
1352 2511 64 19 mort

802 2546 63 27 puis,
878 2547 97 26 passant
987 2545 37 21 les
1035 2545 89 24 monts,
1143 2543 18 21 il
1175 2543 27 21 fit
1219 2549 50 15 aux
1291 2542 124 23 Cortinchi

802 2585 48 15 une
862 2584 88 23 guerre
959 2577 117 22 acharnée
1087 2577 60 22 dans
1157 2577 102 26 laquelle
1272 2577 19 21 il
1302 2576 53 22 finit
1373 2582 44 21 par

802 2613 88 27 perdre
901 2613 23 21 la
934 2612 41 21 vie
986 2612 43 21 des
1047 2616 102 23 propres
1162 2610 78 21 mains
1256 2610 32 21 de
1310 2610 106 27 Gugliel-

803 2652 41 17 mo
857 2646 46 22 III.
919 2646 23 21 A
960 2646 61 21 cette
1039 2644 101 28 époque,
1160 2644 35 21 les
1208 2644 127 27 seigneurs
1351 2643 66 22 d’ou-

803 2681 119 21 tremonts
937 2679 110 21 faisaient
1060 2684 71 22 peser
1151 2683 40 15 sur
1208 2678 38 20 les
1263 2677 154 27 populations

804 2720 48 15 une
871 2714 58 21 telle
948 2713 110 28 tyrannie
1077 2717 55 22 que,
1152 2716 60 22 pour
1229 2710 132 22 demander
1385 2711 33 21 du

805 2753 99 16 secours
916 2748 82 20 contre
1009 2752 40 15 ces
1061 2746 121 26 despotes,
1196 2744 112 22 Orlando
1324 2743 94 23 Cortin-

1467 160 29 16 co
1506 154 31 21 de
1549 150 148 24 Patrimonio
1712 150 24 19 et
1753 146 138 28 Guglielmo
1910 144 61 21 délia
1989 141 87 23 Rocca,

1467 188 38 22 fils
1517 184 162 29 d’Ariguccio,
1693 181 99 22 allèrent
1803 178 13 22 à
1826 178 89 22 Gênes.
1930 176 64 21 Pour
2005 172 74 27 répri-

1467 227 53 16 mer
1531 221 31 20 de
1579 218 86 29 pareils
1681 216 66 24 abus,
1763 214 22 21 la
1803 211 151 27 République
1974 210 102 24 envoya,

1467 260 61 16 avec
1540 259 54 20 eux,
1606 248 156 30 l’implacable
1782 243 129 25 Gottifredi
1933 241 29 22 da
1980 239 97 27 Zoaglio

1468 288 41 27 qui
1521 286 88 29 portait
1619 286 23 21 le
1653 284 58 22 titre
1723 282 29 21 de
1763 277 125 25 maréchal.
1902 276 24 21 A
1937 279 71 23 peine
2020 277 58 16 arri-

1468 320 31 22 vé
1511 321 60 21 dans
1585 319 57 25 l’Ile,
1660 314 94 25 celui-ci
1772 314 114 26 inaugura
1898 314 52 16 ’son
1964 307 114 21 adminis-

1467 354 90 21 tration
1575 359 29 16 en
1621 350 123 29 envoyant
1759 354 14 15 «
1784 347 45 21 aile
1841 343 83 23 forche
1935 349 13 13 »
1970 340 74 21 Orlan
2061 343 15 15 o

1469 387 115 22 Cortinco
1596 386 29 21 da
1636 381 157 25 Patrimonio,
1814 377 127 24 l’accusant
1956 374 30 21 de
2002 373 76 21 rébel-

1468 421 59 26 lion,
1542 427 30 15 en
1581 417 81 24 réalité
1673 417 100 22 voulant
1784 420 25 16 se
1819 411 89 23 défaire
1916 408 55 23 d’un
1980 407 97 22 homme

1469 455 41 27 qui
1526 454 34 22 lui
1572 452 99 23 donnait
1682 451 31 21 de
1724 448 136 26 l’ombrage.
1876 444 64 25 Puis,
1953 447 43 22 par
2005 439 72 22 haine

1469 488 30 21 de
1510 488 24 21 la
1546 487 118 23 noblesse,
1679 485 24 20 et
1717 482 100 28 arguant
1827 479 30 22 de
1870 484 25 15 sa
1907 476 97 29 parente
2017 477 60 17 avec

1470 521 116 25 Orlando,
1610 519 17 21 il
1650 522 96 23 envoya
1769 513 137 28 Guglielmo
1927 509 36 22 III
1986 510 92 19 mourir

1469 560 60 16 avec
1540 559 44 16 son
1594 552 72 28 jeune
1677 551 39 21 fils
1727 549 58 21 dans
1796 548 23 20 la
1831 551 58 16 cour
1900 544 31 22 de
1942 544 22 20 la
1974 541 103 26 Malapa-

1469 594 30 21 ga
1510 588 31 21 de
1554 586 79 22 Gênes
1645 584 34 22 où
1697 581 102 24 Giudice
1813 580 31 21 de
1856 578 100 23 Cinarca
1966 576 36 21 les
2013 573 64 22 avait

1469 619 115 29 précédés
1595 620 24 21 et
1634 617 67 22 avait
1712 615 75 23 rendu
1800 614 24 21 le
1840 611 96 23 dernier
1953 607 82 29 soupir
2046 612 31 15 en

1471 660 62 21 I3I3-

1582 711 140 26 Guglielmo
1736 704 232 27 Schiumaguadella

1469 754 25 21 et
1507 752 38 22 les
1559 750 151 23 Défenseurs
1725 748 30 21 de
1771 747 25 21 la
1810 742 266 25 Terra-di-Commune

1512 813 55 22 L’an
1583 817 60 24 1354,
1656 812 24 21 le
1696 810 39 22 fils
1754 809 29 21 de
1803 805 152 24 Vincentello
1976 803 30 22 de
2023 801 54 22 Pie-

1468 847 134 25 tr’ellerata,
1616 845 138 28 Guglielmo
1766 838 226 30 Schiumaguadella,
2010 835 68 22 éner-

1469 882 73 27 gique
1554 879 56 23 chef
1619 879 30 22 de
1668 876 161 30 populations,
1848 880 26 15 se
1892 872 92 23 révolta
1995 871 82 21 contre

1470 921 45 16 son
1527 915 70 21 oncle
1610 912 117 23 maternel
1738 911 22 21 le
1779 908 142 30 tyrannique
1940 904 137 29 Guglielmo

1469 949 63 21 délia
1544 947 87 26 Rocca,
1640 945 107 23 entraîna
1758 944 59 22 dans
1828 949 26 15 sa
1864 940 117 23 rébellion
1991 939 53 21 tout
2054 937 24 22 le

1470 980 212 29 Deçà-des-Monts
1697 981 25 20 et
1740 984 31 16 ne
1784 977 34 22 lui
1841 976 71 21 laissa
1934 979 43 22 pas
1995 977 41 17 sur
2054 971 24 21 le

1469 1015 121 22 territoire
1602 1014 108 21 cortinco
1721 1018 33 15 un
1766 1011 55 22 coin
1833 1010 30 21 de
1871 1011 71 20 terre.
1956 1005 122 23 Véritable

1469 1049 82 22 tribun
1563 1049 32 21 du
1605 1047 96 28 peuple,
1714 1044 95 23 attentif
1817 1043 14 22 à
1842 1042 114 22 défendre
1971 1046 25 16 sa
2008 1044 70 17 cause

1470 1089 96 16 comme
1579 1081 14 22 à
1611 1082 22 21 la
1648 1080 87 25 servir,
1756 1079 18 21 il
1794 1077 28 22 fit
1840 1078 92 20 rentrer
1950 1075 58 21 dans
2026 1073 53 21 leur

1470 1116 136 28 seigneurie
1622 1115 35 21 les
1671 1112 136 29 populaires
1824 1109 123 23 Renuccio
1960 1109 24 20 et
2000 1107 79 27 Capo-

1469 1150 75 22 niello
1564 1147 133 26 Cortinchi,
1718 1146 37 22 fils
1772 1143 141 24 d’Orlando.
1923 1141 112 23 Cortinco
2048 1140 31 21 de

1470 1182 148 23 Patrimonio
1628 1181 49 22 mis
1688 1180 15 21 à
1716 1179 65 22 Mort
1799 1184 41 16 sur
1859 1176 87 23 l’ordre
1957 1175 30 22 de
1999 1174 80 23 Gotti-

1470 1216 61 23 fredi
1543 1217 31 21 da
1584 1215 106 28 Zoaglio.
1704 1212 129 26 Renuccio,
1847 1212 59 21 dont
1913 1211 24 21 la
1949 1207 93 30 probité
2055 1209 24 21 et

1469 1251 36 21 les
1512 1251 88 21 talents
1610 1248 90 23 étaient
1710 1245 122 30 appréciés
1840 1246 79 21 même
1931 1244 42 21 des
1984 1242 93 29 génois,

1469 1284 37 22 fut
1522 1282 97 23 nommé
1638 1288 48 22 par.
1700 1287 48 16 eux
1757 1280 91 22 vicaire
1865 1279 33 22 du
1908 1282 171 23 sous-gouver-

1470 1324 61 16 neur
1542 1318 30 21 de
1588 1318 79 21 toutes
1678 1316 37 21 les
1733 1314 151 29 possessions
1895 1312 70 29 qu’ils
1984 1311 96 22 avaient

1470 1359 31 15 en
1513 1351 85 23 Corse.
1614 1350 89 27 Quand
1714 1349 121 22 Renuccio
1847 1348 104 25 mourut,
1968 1345 110 23 Leonello

1471 1385 133 26 Lomellini,
1616 1389 161 24 gouverneur,
1787 1382 100 28 jugeant
1903 1380 134 28 incapables
2048 1379 31 21 de

1469 1420 34 21 lui
1527 1418 113 23 succéder
1660 1423 40 16 ses
1720 1417 63 21 deux
1801 1415 38 22 fils
1859 1415 60 21 Polo
1932 1416 24 19 et
1970 1413 110 22 Ristoru-

1470 1454 62 21 cello
1545 1452 39 29 (1),
1602 1457 99 16 nomma
1716 1449 14 23 à
1742 1455 25 16 sa
1778 1450 67 27 place
1862 1454 45 16 son
1926 1447 62 22 frère
2000 1446 80 28 Capo-

1470 1487 82 21 niello.
1563 1486 53 22 Non
1624 1485 80 22 moins
1713 1483 128 28 énergique
1851 1485 24 19 et
1887 1482 135 22 redoutable
2031 1486 47 16 aux

1470 1521 132 28 seigneurs,
1616 1525 48 17 non
1677 1518 80 23 moins
1772 1517 91 28 intègre
1875 1519 24 19 et
1913 1514 94 24 dévoué
2025 1514 13 22 à
2057 1515 21 21 la

1470 1560 71 16 cause
1553 1553 124 28 populaire
1687 1558 47 22 que
1743 1551 129 26 Renuccio,
1886 1550 94 22 celui-ci
1993 1549 85 28 prêcha

1470 1589 21 20 la
1515 1587 93 23 révolte
1630 1589 84 20 contre
1734 1587 34 21 les
1789 1585 147 26 Cinarchesi,
1957 1584 40 27 (2),
2021 1586 24 19 et
2056 1584 23 20 le

1471 1621 87 22 Comte
1575 1621 61 28 Ugo,
1650 1621 126 22 soulevant
1787 1622 82 19 contre
1885 1624 47 16 eux
1946 1619 22 20 le
1984 1618 94 27 peuple,

1470 1656 35 21 les
1517 1655 69 22 battit
1598 1657 23 19 et
1632 1655 36 20 les
1681 1654 93 28 obligea
1786 1653 13 22 à
1812 1658 108 22 repasser
1940 1653 35 21 les
1990 1651 88 23 Monts.

1905 1721 24 22 J.
1942 1721 27 22 C.
1982 1720 25 22 C.

1557 1785 24 28 {à
1592 1784 103 29 suivre).

1490 1816 11 13 -f
1518 1811 16 17 •;
1575 1813 5 13 i
1600 1816 3 4 '
1609 1819 4 3 -
1700 1815 7 9 i
1761 1812 22 13 v>\
1817 1815 16 9 v*
1887 1811 10 12 .*•
1997 1811 39 13 O'.*.
2055 1820 4 3 -
2074 1821 2 3 .

1738 1854 4 5 *
1758 1853 3 3 •
1851 1852 3 3 •
1883 1851 4 4 '
1893 1859 2 2 .
1902 1851 5 4 *
1952 1853 3 3 *

1592 1874 30 13 x'.>»
1635 1874 17 14 .6
1654 1877 12 13 ;;
1693 1874 21 14 <O
1734 1876 11 12 :*
1750 1878 11 9 .>
1801 1875 13 12 î:
1825 1882 4 4 -
1887 1875 22 13 LV
1931 1875 9 12 U
1953 1873 4 3 ~
2073 1879 4 9 ;

1788 1916 3 3 .
1815 1907 9 16 :<
1831 1912 3 7 :

1930 1946 4 4 .
1941 1934 137 24 "U\

1872 1978 3 2 .
1900 1978 9 3 ..
1915 1973 8 7 v
1933 1972 5 7 1
1941 1978 5 7 s
1958 1975 4 4 ■
1995 1975 20 5 ...
2024 1976 5 3 -
2032 1972 6 8 J
2042 1972 4 5 *
2055 1975 5 6 >
2074 1974 3 5 »

1576 1987 78 28 ;%uj.
1664 1988 19 18 -d
1694 1985 89 27 sAsUv*.
1793 1994 20 13 ,-=•
1830 2004 3 2 .
1908 1987 49 20 ->Vè
1973 1987 20 20 Z-
2029 1987 7 19 i
2074 1988 5 5 *

1727 1986 8 14 [texte
1736 1986 12 14 manquant]

1517 2187 18 18 1-
1544 2197 22 4 —
1575 2187 121 19 Ristorucello
1705 2187 49 18 avait
1761 2187 67 22 épousé
1840 2192 36 13 une
1885 2191 52 14 soeur
1948 2188 24 17 de
1983 2187 99 19 Francesco

1472 2216 49 18 délia
1528 2216 66 22 Rocca,
1607 2216 76 22 appelée
1697 2215 88 18 Madonna
1792 2216 92 17 Violanta.
1899 2214 38 19 Son
1953 2215 79 24 énergie,
2047 2220 36 14 son

1472 2248 85 19 courage,
1570 2248 34 14 son
1609 2244 94 18 héroïsme
1719 2244 40 18 font
1772 2244 54 18 d’elle
1833 2244 25 18 lé-
1863 2244 72 18 modèle
1946 2244 24 18 de
1982 2244 19 17 la
2014 2244 69 18 femme

1473 2276 53 15 corse
1532 2276 71 14 comme
1610 2272 18 18 le
1636 2272 71 22 seront,
1715 2272 43 22 plus
1765 2273 46 21 tard,
1822 2273 83 18 madame
1913 2272 80 19 Cervoni
2000 2273 11 17 à
2025 2272 58 19 Sove-

1473 2300 34 23 ria,
1513 2300 88 19 Faustina
1611 2300 64 23 Matra,
1689 2300 19 18 la
1721 2300 67 18 femme
1800 2301 24 18 de
1841 2300 54 19 Giov.
1906 2301 63 18 Pietro
1981 2300 75 24 Gaîfori,
2071 2301 12 18 à

1473 2328 61 18 Corte.
1542 2323 26 23 Ét
1575 2332 30 15 ces
1617 2328 79 20 femmes
1704 2329 52 17 n’ont
1763 2329 40 18 rien
1811 2329 12 18 à
1830 2329 65 19 envier
1902 2334 39 13 aux
1950 2329 43 22 plus
2001 2329 82 19 célèbres

1473 2356 87 18 héroïnes
1568 2357 23 17 de
1598 2357 97 18 l’histoire.
1705 2356 64 22 Quand
1776 2357 100 19 Francesco
1885 2357 30 18 fut
1922 2357 38 22 tué,
1970 2358 11 17 à
1991 2358 91 22 Biguglia,

1474 2385 45 17 d’un
1537 2389 47 18 coup
1603 2385 72 22 d’épieu
1696 2385 11 18 à
1720 2385 20 18 la
1755 2385 48 19 suite
1820 2386 24 17 de
1863 2390 30 14 ses
1909 2386 59 18 luttes
1985 2391 45 13 avec
2049 2390 35 14 son

1474 2413 75 17 ennemi
1556 2413 115 18 Vincentello
1686 2413 77 22 d’istria,
1783 2413 90 19 Madonna
1883 2414 86 18 Violanta
1979 2415 106 22 poursuivit

1474 2445 21 14 ce
1503 2441 75 18 dernier
1585 2442 54 17 d’une
1646 2441 57 18 haine
1709 2442 51 18 toute
1766 2442 61 18 virile.
1836 2442 41 18 Elle
1886 2444 99 22 parcourut
1996 2443 19 18 la
2028 2442 57 19 Corse

1474 2468 95 23 évoquant
1576 2470 73 21 partout
1656 2470 20 17 la
1683 2470 88 18 mémoire
1776 2471 23 18 de
1807 2475 35 14 son
1850 2471 49 18 frère
1906 2472 21 17 et
1933 2472 23 17 de
1970 2476 34 14 son
2011 2471 44 23 père
2065 2471 20 18 le

1474 2496 65 19 Comte
1546 2497 72 23 Arrigo.
1628 2503 9 11 <c
1646 2498 55 23 Mais,
1709 2498 29 18 dit
1747 2498 19 18 la
1773 2498 111 24 Chronique,
1897 2499 18 18 le
1924 2500 40 17 sort
1972 2504 24 14 ne
2007 2500 79 18 seconda

1474 2529 34 18 pas
1516 2529 32 14 ses
1562 2526 89 18 desseins.
1661 2526 71 23 Malgré
1737 2527 17 17 le
1765 2527 58 22 grand
1833 2528 76 18 nombre
1920 2528 24 18 de
1951 2528 91 22 partisans
2051 2529 35 22 qui

1474 2553 95 19 suivirent
1573 2555 48 17 cette
1624 2554 70 19 femme
1702 2555 135 23 malheureuse,
1844 2556 71 23 malgré
1920 2556 20 18 la
1943 2556 71 19 virilité
2022 2557 23 18 de
2051 2561 35 14 son

1474 2586 80 18 courage
1559 2583 20 17 et
1586 2582 105 19 l’élévation
1700 2583 23 18 de
1732 2587 33 14 son
1777 2584 58 22 esprit
1844 2585 37 17 elle
1891 2585 31 17 fut
1935 2585 64 18 battue
2005 2586 12 17 à
2024 2585 62 22 Quen-

1474 2614 22 13 za
1505 2614 35 18 par
1548 2610 114 19 Vincentello
1670 2612 21 17 et
1698 2616 25 14 ne
1731 2612 61 18 rentra
1799 2613 12 16 à
1819 2612 92 19 Bonifacio
1919 2613 77 22 qu’avec
2003 2614 60 22 peine.
2075 2620 9 11 »

1520 2637 19 19 2-
1545 2648 24 4 —
1576 2639 34 18 Les
1615 2638 108 20 Cinarchesi
1733 2644 23 14 ou
1766 2641 97 22 seigneurs
1876 2641 133 19 d’outremonts
2015 2642 71 19 fomen-

1474 2666 63 18 tèrent
1544 2667 21 18 et
1584 2668 128 22 entretinrent,
1726 2672 23 14 en
1758 2669 42 18 tous
1813 2670 67 22 temps,
1894 2670 99 19 l’anarchie
2003 2671 46 18 dans
2060 2671 20 18 le

1475 2694 158 19 Delà-des-Monts.
1641 2696 60 18 Leurs
1706 2697 98 17 tentatives
1809 2697 102 18 d’invasion
1918 2702 34 14 sur
1965 2699 19 17 la
1992 2699 90 18 Terra-di-

1476 2722 102 18 Commune
1584 2723 91 18 restèrent
1683 2724 64 18 vaines
1754 2724 53 22 grâce
1815 2730 24 13 au
1848 2730 79 18 courage
1935 2727 19 17 et
1967 2727 11 17 à
1990 2727 18 17 la
2019 2727 67 18 valeur

1476 2750 33 18 des
1517 2750 54 19 chefs
1577 2751 23 18 de
1608 2751 18 18 la
1633 2752 108 21 population
1749 2753 125 19 cismontaine.
1969 2758 9 8 «

2140 131 134 44 SÉANCE
2288 132 49 38 DU
2358 128 115 50 SÉNAT
2488 145 46 40 DU

2233 181 18 25 6
2263 178 94 27 Avril
2368 180 72 30 1925

2131 234 98 30 (extrait
2240 232 30 22 de
2281 230 114 23 l’Officiel
2405 234 34 23 du
2451 238 15 22 7
2478 247 67 28 avril)

2129 270 105 23 M.Emile
2247 268 115 21 Sari.—...
2372 268 129 32 Connaisses
2509 290 13 10 v

2104 299 113 22 beaucoup
2231 294 27 20 de
2273 293 164 25 dépaitements
2447 304 35 20 qui
2500 293 59 23 'A0us

2104 324 56 19 dans
2169 327 42 15 une
2219 318 105 22 situation
2333 317 112 27 identique
2453 325 12 20 à
2473 320 87 28 celiP

2104 349 21 20 la
2135 346 82 22 Corse?
2495 339 26 16 Ue
2533 340 25 22 de

2128 378 34 21 M.
2167 377 71 21 Victor
2242 373 125 22 Bérard.—
2373 373 18 20 Il
2397 381 14 18 y
2416 382 13 14 a
2435 377 88 30 d'autres
2527 392 23 13 a-

2104 404 132 26 partements
2245 405 103 20 pauvres.
2527 398 30 17 Qfc-

2128 429 279 25 M.EmileSari.—Aucun
2413 437 64 19 autre
2488 441 40 22 dêb

2104 460 84 20 tement
2198 463 29 15 ne
2240 455 92 21 saurait
2343 456 47 19 être
2404 462 103 23 comparé
2512 470 14 18 à
2538 464 19 24 V

2106 485 67 21 Corse
2177 489 40 14 sur
2222 482 22 20 le
2248 480 87 21 terrain
2341 481 151 27 économique.
2512 477 13 13 a
2544 483 12 13 Q

2128 515 28 20 Je
2164 513 41 21 fais
2213 511 64 27 appel
2287 517 29 14 au
2329 512 106 20 souvenir
2442 514 28 21 de
2478 524 37 18 nos
2521 532 10 13 c
2543 530 5 15 1

2104 541 76 24 lègues
2188 538 38 26 qui
2235 540 39 18 ont
2282 536 53 21 bien
2344 536 68 21 voulu
2419 538 73 25 visiter
2499 552 48 18 ced'

2104 567 128 24 partement,
2241 563 17 20 il
2266 569 15 19 y
2289 569 14 13 a
2312 568 32 14 un
2352 568 30 14 an
2390 565 22 17 et
2420 563 66 25 demi.
2537 560 16 13 e‘

2129 590 50 25 Que
2192 589 48 21 leur
2252 587 55 22 a-t-il
2325 587 37 20 été
2379 586 74 23 donné
2468 592 27 22 de
2505 603 34 17 con

2104 619 55 18 tater
2164 615 12 21 ?
2542 610 7 13 s

2125 2709 236 32 Aiaeciu-Stamparia
2379 2712 23 21 di
2426 2712 22 22 A
2475 2709 84 23 Muvra

2111 2743 22 22 U
2142 2743 212 32 direttore-gerente
2365 2754 6 14 :
2398 2746 70 22 Petru
2481 2738 89 28 ROCCA

319 2997 115 121 Si
499 3033 149 85 y0
711 2997 99 119 ci
871 2995 385 123 vulete
1315 2995 323 123 aiutà

737 3199 577 97 Abbunatevi
1359 3229 59 67 a
1457 3201 79 95 A
1585 3203 441 107 MUVRA.

773 3363 495 119 Cumprate
1317 3365 27 95 i
1381 3369 295 95 nostri
1727 3371 221 103 libri.

407 3517 221 69 Fateci
699 3519 273 85 stampà
1041 3519 209 71 cîochi
1325 3541 85 51 vo
1479 3523 139 73 fate
1689 3533 271 89 stampà
2009 3541 65 71 in
2121 3549 191 71 altrô.

2507 653 48 20 Porte

2130 645 44 17 Dès
2190 645 8 16 l
2206 645 90 16 arrivée,
2316 645 28 13 11s
2362 645 38 12 om
2409 645 29 14 vu
2455 645 37 18 des
2508 653 46 20 portl

2106 672 122 21 inachevés.
2246 670 30 20 Le
2285 672 52 21 port
2353 667 29 20 de
2397 668 80 28 Bastia,
2485 674 20 21 le
2517 681 41 23 piUs

2106 703 116 23 important
2229 700 28 20 de
2264 702 62 17 toute
2339 698 52 24 l'île,
2407 700 77 24 n'offre
2490 712 58 20 encor

2106 732 66 25 qu’un
2183 730 47 21 abri
2239 729 128 21 insuffisant
2375 735 56 19 pour
2444 732 32 21 les
2484 740 72 25 navires

2106 762 36 27 qui
2159 762 22 20 le
2197 761 142 25 fréquentent
2356 763 23 17 et
2394 763 83 25 attend,
2492 767 63 28 depujs

2106 794 117 25 cinquante
2230 798 47 16 ans,
2287 791 79 26 qu’on"
2371 793 94 24 procède
2472 802 41 17 aux
2524 805 26 20 tra

2106 831 56 14 vaux
2170 824 29 21 de
2215 829 40 14 son
2263 823 177 24 aménagemènt.
2455 825 29 22 Ils
2492 835 35 16 ont
2531 836 25 21 yu

2106 862 43 14 une
2157 855 59 26 ligne
2232 854 28 20 de
2267 852 90 21 chemin
2366 853 28 20 de
2404 853 34 21 fer
2445 855 106 31 inachevée

2106 887 41 20 elle
2155 885 66 22 aussi.
2231 885 63 20 Cette
2302 884 63 25 ligne
2381 888 34 17 est
2431 885 21 21 la
2467 891 56 22 seule
2536 882 22 35 dé

2106 921 70 17 toutes
2196 916 65 21 celles
2279 914 123 26 comprises
2418 916 56 23 dans
2489 920 20 22 le
2519 931 40 18 pro.

2106 954 96 20 gramme
2210 945 154 22 Fraissinetde
2372 946 49 26 1879
2427 948 38 25 qui
2474 951 47 23 n’ait
2527 962 34 19 pas
2571 971 10 7 „

2106 986 50 18 reçu
2165 985 40 14 son
2214 977 116 22 exécution
2340 977 115 26 complète.

2130 1005 138 21 Savez-vous,
2286 1002 129 25 messieurs,
2425 1010 50 20 que,
2485 1013 36 16 sur
2534 1012 29 22 les

2106 1036 34 21 181
2150 1036 71 25 lignes
2227 1034 110 25 projetées
2345 1039 137 20 comportant
2490 1045 29 14 un
2526 1045 38 18 tra-

2106 1068 25 19 cé
2142 1065 133 22 d’ensemble
2292 1065 30 20 de
2339 1065 72 20 16.000
2436 1066 125 32 kilomètres,

2106 1098 46 22 seul
2158 1098 22 20 le
2188 1097 53 26 petit
2252 1097 61 20 tracé
2329 1095 134 24 intéressant
2470 1099 21 20 la
2501 1101 62 25 Corse

2106 1133 33 17 est
2154 1135 80 14 encore
2257 1127 157 22 actuellement
2430 1135 29 14 en
2476 1131 48 21 voie
2542 1135 22 22 de

2106 1160 154 24 construction,
2273 1165 46 19 que
2327 1159 72 25 dis-je,
2409 1163 34 17 est
2456 1167 78 17 encore
2541 1172 22 16 en

2106 1191 122 21 discussion
2233 1190 12 21 ?
2253 1190 27 21 Et
2287 1190 22 21 le
2318 1190 92 21 résultat
2417 1191 28 20 de
2456 1195 57 18 cette
2520 1197 44 22 poli-

2106 1223 61 25 tique
2183 1221 154 26 économique,
2346 1221 53 21 c’est
2415 1222 69 25 qu’un
2500 1231 64 18 arron-

2106 1254 126 24 dissement,
2247 1253 21 20 le
2282 1252 50 21 seul
2340 1252 29 21 de
2377 1256 61 17 toute
2450 1253 22 20 la
2483 1254 81 30 France,

2106 1285 57 21 celui
2167 1285 28 21 de
2200 1284 99 25 Sartène,
2308 1287 36 18 est
2352 1284 115 25 dépourvu
2475 1285 28 21 de
2513 1290 52 21 toute

2106 1311 50 21 voie
2164 1310 78 22 ferrée.

2131 1341 38 21 400
2185 1342 94 20 groupes
2296 1335 105 21 scolaires
2415 1339 53 17 sont
2482 1337 14 20 à
2509 1344 53 17 cons-

2106 1363 75 20 truire.

2132 1388 42 20 Les
2182 1389 59 19 côtes
2245 1387 120 20 orientales
2377 1386 28 21 de
2412 1386 51 23 l’île,
2473 1387 91 26 infestées

2106 1425 40 19 par
2162 1419 22 20 le
2199 1418 130 25 paludisme,
2347 1419 129 24 présentent
2491 1424 72 20 200.000

2106 1450 99 21 hectares
2212 1449 28 21 de
2244 1449 96 21 terrains
2346 1449 101 23 incultes,
2457 1454 23 17 et
2492 1451 31 21 les
2530 1456 34 19 tra-

2106 1488 58 14 vaux
2180 1481 210 23 d'assainissement,
2403 1481 83 25 prévus
2497 1489 37 19 par
2546 1485 17 21 la

2106 1513 30 20 loi
2145 1513 30 20 du
2184 1512 24 21 i5
2222 1512 117 21 décembre
2357 1512 57 25 191I,
2432 1517 51 17 sont
2498 1517 65 21 menés

2106 1551 54 14 avec
2168 1550 44 14 une
2219 1544 86 20 lenteur
2313 1543 164 26 désespérante.

2132 1575 35 22 Un
2176 1575 62 26 point
2245 1576 45 20 très
2298 1581 70 19 grave
2376 1575 72 20 réside
2462 1576 54 21 dans
2522 1577 40 22 l'in-

2106 1606 117 21 suffisance
2231 1606 29 21 du
2269 1607 80 20 réseau
2359 1606 151 22 vicinal.l.5oo
2516 1608 46 22 kilo-

2106 1639 81 20 mètres
2195 1638 28 20 de
2230 1638 78 20 lacune
2317 1640 84 18 restent
2415 1638 15 20 à
2442 1640 118 24 construire,

2106 1673 23 17 et
2136 1669 121 21 l’entretien
2262 1669 40 21 des
2311 1669 101 20 chemins
2420 1669 102 22 existants
2533 1676 29 17 est

2106 1701 112 20 tellement
2230 1701 97 20 onéreux
2336 1704 23 19 et
2374 1699 90 22 difficile
2470 1707 41 19 que
2519 1705 43 18 tou-

2106 1735 33 18 tes
2149 1738 41 14 nos
2204 1735 73 17 routes
2285 1735 53 17 sont
2345 1731 167 26 impraticables.

2131 1757 100 21 Certains
2239 1758 28 20 de
2283 1764 43 14 nos
2336 1757 131 21 chefs-lieux
2479 1757 27 20 de
2521 1764 42 14 can-

2106 1793 78 20 ton,—
2194 1792 22 17 et
2232 1789 21 20 la
2269 1789 91 25 plupart
2385 1789 28 20 de
2438 1795 43 14 nos
2496 1789 68 25 petites

2106 1827 128 14 communes
2240 1823 27 14 :—
2279 1827 30 14 ne
2334 1820 120 26 possèdent
2479 1820 86 21 d'autres

2106 1851 62 21 voies
2180 1852 82 20 d’accès
2274 1858 46 19 que
2335 1852 41 20 des
2392 1851 102 22 chemins
2505 1851 61 21 mule-

2106 1883 59 23 tiers,
2175 1886 23 17 et
2205 1883 22 20 la
2239 1883 71 20 farine
2319 1883 40 26 qui
2368 1890 14 19 y
2390 1886 34 18 est
2436 1883 129 25 transportée

2106 1915 14 20 à
2132 1914 41 21 dos
2190 1914 27 21 de
2233 1915 69 20 mulet
2315 1914 87 21 revient
2409 1915 14 20 à
2440 1921 32 14 un
2480 1914 48 25 prix
2535 1913 31 25 tel,

2106 1952 45 19 que
2167 1946 22 20 le
2207 1946 51 25 pain
2276 1946 66 20 coûte
2356 1951 11 14 1
2377 1945 54 21 fr.8o
2447 1945 24 21 le
2486 1945 79 25 kilogr.,

2106 1977 60 20 alors
2179 1977 55 25 qu’il
2249 1980 35 17 est
2301 1977 53 20 taxé
2370 1977 51 20 1.60
2429 1977 14 20 à
2459 1976 70 21 Paris.
2537 1976 30 20 On

2106 2008 61 20 avait
2180 2008 51 20 bien
2244 2008 86 25 promis
2347 2008 29 20 de
2384 2007 122 26 compléter
2515 2008 21 19 le
2543 2008 26 20 ré-

2106 2044 54 14 seau
2169 2038 39 21 des
2221 2042 75 17 routes
2309 2038 125 21 nationales
2442 2045 58 19 pour
2515 2045 54 18 parer

2106 2069 63 20 dans-
2174 2075 45 14 une
2231 2069 100 20 certaine
2346 2075 96 19 mesure,
2460 2070 15 20 à
2481 2069 88 21 l’insuffi-

2106 2106 68 15 sance
2179 2100 39 21 des
2226 2100 101 21 chemins
2334 2100 109 21 vicinaux.
2460 2101 108 25 Qu’attend

2107 2131 59 21 donc
2175 2132 22 20 le
2208 2131 180 22 Gouvernement
2404 2139 58 19 pour
2474 2132 94 21 accorder

2107 2169 42 14 son
2158 2163 142 26 approbation
2308 2170 30 13 au
2347 2163 73 26 projet
2426 2164 30 20 dé
2467 2167 102 18 construc-

2107 2195 48 20 tion
2164 2195 28 20 de
2199 2195 22 20 la
2228 2198 62 17 route
2298 2195 196 24 Corte-Cervione,
2503 2202 26 14 au
2539 2202 30 14 su-

2106 2225 34 26 jet
2147 2226 29 20 de
2183 2226 95 25 laquelle
2285 2225 107 22 l’entente
2402 2230 36 17 est
2448 2227 120 21 intervenue

2108 2261 63 17 entre
2179 2257 22 21 le
2208 2257 101 21 ministre
2317 2258 41 20 des
2366 2261 92 18 travaux
2467 2258 81 26 publics
2551 2261 17 17 et

2108 2289 23 20 le
2139 2290 82 20 conseil
2227 2290 93 25 général
2325 2290 15 21 ?

2135 2314 199 22 Connaissez-vous
2353 2315 115 27 beaucoup
2489 2315 28 21 de
2536 2321 32 14 cas

2108 2346 120 25 analogues
2236 2353 27 14 en
2277 2347 86 21 France
2366 2347 13 20 ?
2392 2347 66 21 Voilà
2464 2354 31 14 un
2503 2347 66 25 dépar-

2109 2381 84 18 tement
2206 2378 45 25 qui,
2266 2379 64 25 placé
2348 2385 53 14 sous
2415 2386 33 13 un
2455 2379 41 20 ciel
2511 2378 25 21 de
2542 2377 27 21 lu-

2109 2409 70 20 mière
2190 2409 165 27 incomparable
2366 2414 23 17 et
2398 2410 62 21 dans,
2472 2417 29 14 un
2514 2408 55 21 cadre

2111 2441 147 25 merveilleux,
2268 2448 30 14 ne
2308 2445 56 22 peut
2373 2445 80 18 mettre
2469 2448 27 14 en
2504 2439 65 22 valeur

2110 2478 37 15 ses
2156 2472 107 22 richesses
2271 2473 128 25 naturelles,
2408 2480 38 14 ses
2458 2473 53 20 sites
2516 2471 53 26 pitto-

2111 2509 98 20 resques,
2227 2511 35 14 ses
2279 2511 93 14 sources
2391 2504 123 23 minérales,
2533 2507 34 15 son

2111 2535 81 24 climat,
2202 2540 22 17 et
2229 2537 37 25 qui
2279 2543 30 15 ne
2323 2540 54 22 peut
2389 2539 100 23 compter
2501 2541 34 14 sur
2541 2533 25 20 lès
2574 2549 7 5 ,

2111 2573 126 16 ressources
2256 2575 53 19 que,
2327 2568 168 23 normalement,
2512 2566 13 20 il
2536 2564 30 21 de-

2111 2593 58 21 vrait
2177 2594 111 25 posséder.

2139 2631 21 20 U
2165 2631 50 25 sgiô
2223 2631 55 22 Sari
2289 2632 74 25 parla
2381 2639 64 14 cume
2462 2636 43 16 una
2519 2633 35 15 ver
2553 2631 14 15 a

2110 2656 103 22 Muvra!
