2532 3881
55 122 163 47 Çronaca
241 108 178 59 Âjaccina

49 260 12 5 -
111 246 118 26 ^.gostu
236 257 26 4 —
272 245 17 20 E
297 244 58 20 feste
363 243 22 20 di
391 242 81 21 l’anni-

49 285 56 25 sariu
113 280 22 20 di
143 284 13 14 a
164 276 87 20 nascita
267 276 22 19 di
307 274 128 24 Napulionc
451 273 19 19 si

20 299 30 34 ffr
61 315 49 21 ,0jte
118 315 26 15 cu
154 306 135 25 particulare
297 310 102 15 sucessu.

60 342 85 26 niâtina,
154 336 136 21 sfilamentu,
300 334 64 20 acula
373 334 23 19 in
405 337 66 19 testa,

34 387 5 4 ,
69 370 110 27 Qurnitatu
192 365 102 21 centrale
309 364 164 24 bonapartista

25 388 31 21 ^'U
67 414 11 13 a
89 397 108 27 Qiuventù
214 395 162 24 bonapartista
393 395 36 20 chi
447 395 26 19 sô

24 426 9 13 6
44 437 38 25 ^gti
90 440 12 14 a
110 430 86 23 depone
205 432 134 14 unacurona
345 425 97 20 a'statua
450 424 23 20 di

23 468 139 35 iweratore-
261 489 5 4 •
323 490 15 14 „
370 490 6 5 •

44 507 14 19 4
67 496 88 26 dec'ore,
164 496 75 14 messa
246 496 14 13 a
268 492 85 22 capella
370 495 104 18 împeria-

64 522 140 31 beoedizione
212 521 23 19 di
244 527 12 13 a
267 520 97 20 bandera
371 520 22 19 di
400 526 12 13 a
424 519 52 20 (7/«-

24 543 230 45 Xttniiibonapartiste.

64 584 69 28 ondici
141 581 175 25 ore,apperitivu
324 581 94 20 d’onore
434 587 13 14 a
460 587 15 13 u

51 625 24 21 (îè
82 614 129 28 Napu^‘one’
221 611 94 20 discorsi
323 612 24 19 di
356 618 14 13 u
380 612 96 20 Duttore

29 632 12 31 ^
40 636 16 27 3.
78 643 130 29 pellegrino,
227 646 95 16 avueatu
340 642 134 25 Campiglia,

26 684 106 21 rh'ncuma
141 672 147 25 Stefanopoli,
305 673 77 20 Marcu
395 673 80 24 Salini,

26 710 107 33 puuienicu
149 703 92 26 Spinosi
250 709 13 13 e
271 708 95 16 avueatu
382 704 95 20 Palmie-

27 758 73 42 rlDopU
114 765 213 24 mezziornu,regate
335 765 142 24 organizzate

28 814 20 18 aa
56 806 18 22 U
80 799 69 25 Golfü-

49 829 127 29 ^sera.focu
186 826 15 20 d
209 825 105 21 artifiziu.

46 857 149 32 Cumplimenti
204 863 13 14 a
227 856 188 25 l'organizzatori.

79 942 104 24 statua
192 939 31 20 di
230 938 176 24 üNTapnlione.
422 948 25 4 —
460 939 19 20 A

28 976 99 30 mao-nifica
139 974 74 18 statua
231 970 22 20 di
271 969 83 21 Seurre
362 969 45 24 chi,
416 969 62 25 dipoi

43 1008 53 25 anni>
103 1010 35 15 era
147 1004 114 22 straquata
268 1001 23 20 in
301 1007 30 14 un
341 1004 67 17 cantu
416 1001 13 19 è
436 998 44 22 stà-

28 1037 124 29 tainnalzata
160 1033 22 20 in
197 1032 24 20 lu
231 1031 112 25 peristiliu
352 1031 21 20 di
384 1038 14 12 u
407 1031 73 20 Muni-

28 1073 48 25 cipiu
84 1063 91 25 duv’ella
184 1062 50 21 face
242 1063 85 25 grande
335 1061 82 26 figura.

47 1094 178 30 Ringraziamenti
242 1099 12 14 a
263 1100 15 12 u
287 1092 115 21 Cumitatu
411 1093 70 19 bona-

28 1132 76 31 partista
113 1132 38 20 per
159 1128 35 17 sta
203 1128 137 16 cumuvente
357 1123 122 21 iniziativa.

47 1212 124 23 I/acqua.
177 1205 127 26 —Sempre
312 1211 76 15 scarsa
394 1205 87 25 piùche

28 1255 10 13 u
45 1245 54 20 vinu.
117 1240 16 20 A
142 1237 106 22 Gravona
265 1244 30 12 un
304 1236 43 21 tira
357 1237 80 23 micca,
449 1236 33 20 di-

28 1282 46 17 cenu
89 1271 38 21 uni
135 1268 65 27 pochi
208 1275 6 17 ;
225 1268 7 20 i
241 1268 86 24 paisani
335 1268 146 25 innacquanu

26 1311 6 19 i
38 1304 71 24 chiosi,
118 1303 117 19 accertanu
244 1299 71 20 d’altri
322 1306 7 16 ;
338 1305 14 13 a
360 1298 92 21 turbina
462 1298 19 20 si

27 1340 33 20 tira
75 1336 7 20 i
98 1338 32 16 tre
138 1330 72 26 quarti
220 1330 22 20 di
252 1337 14 13 u
275 1334 113 19 currente,
396 1330 87 25 paJesa-

27 1376 24 15 0u
57 1368 8 20 i
72 1363 87 24 tennici.

46 1399 17 21 U
70 1398 53 20 fattu
130 1394 19 20 si
158 1393 34 20 stà
204 1392 37 21 chi
250 1398 62 15 semu
330 1399 13 13 a
360 1392 121 20 l’asciuttu.

46 1430 38 20 Per
96 1426 27 21 sti
131 1424 69 25 tempi
209 1424 24 19 di
242 1424 66 20 caldu
324 1430 12 13 a
354 1428 26 20 42
396 1423 65 25 gradi
469 1429 13 14 a

27 1459 80 24 l’ombra
120 1458 13 18 è
144 1461 46 14 una
200 1461 51 14 vera
261 1455 120 24 disgrazia,
390 1461 31 13 un
430 1454 53 24 piri-

28 1492 41 21 culu
76 1496 37 13 e...
121 1493 43 14 una
173 1492 124 19 vargogna.

45 1570 25 20 XJ
78 1571 88 21 gaz.—
178 1566 10 20 I
206 1566 125 20 candilabri
349 1567 25 19 sò
392 1565 88 23 fiacchi,

28 1603 18 20 in
52 1601 18 20 la
77 1602 59 17 notte
144 1604 66 14 scura
219 1597 117 26 strignenu
353 1603 13 14 e
374 1597 108 25 palpebre

29 1637 61 20 epare
97 1628 71 21 ch’elli
177 1629 20 20 si
206 1629 92 25 voglinu
308 1628 154 21 addurmintà.

47 1661 81 21 Gattivu
145 1660 106 24 carbone,
269 1659 121 21 ecunumie
403 1665 15 14 o
426 1659 56 20 altre

28 1693 86 25 ragione,
131 1691 93 24 Ajacciu
240 1694 87 21 aspetta
353 1696 91 19 sempre
467 1696 14 13 u

29 1722 54 23 chiar’
90 1722 21 20 di
121 1722 61 20 luna.

44 1803 357 26 Statinauti—Ghiunghienu
410 1810 13 13 e
432 1810 50 18 par-

27 1841 53 19 tenu;
88 1836 28 20 da
125 1835 76 20 Africa
210 1841 30 14 ne
247 1835 14 20 è
269 1835 86 20 scalatu
363 1836 39 19 500
410 1835 24 19 di
443 1836 38 23 più

27 1875 18 13 ca
51 1873 65 15 annu.

44 1899 15 20 A
72 1899 123 23 s’attepanu
213 1903 40 19 par
269 1897 29 20 sti
315 1897 62 24 paesi
390 1897 92 20 duv’elii

26 1934 93 19 sterpanu
128 1928 123 25 fasgiulini,
268 1929 61 24 pomi
343 1929 74 23 d'oru,
432 1935 51 14 zuc-

26 1962 58 19 chette
92 1966 13 14 e
113 1960 136 23 melenzane,
263 1966 13 13 e
289 1960 194 25 duv'ell’attagna-

23 1997 25 14 nu
55 1998 12 13 e
73 1993 105 22 surgente
187 1990 82 25 d’aqua
277 1991 120 20 diuretica.

45 2022 78 19 Povara
128 2021 163 24 jente,ridotta,
297 2021 60 20 ricca
365 2028 15 13 o
388 2027 93 19 povara,

24 2059 11 13 a
41 2051 122 26 spaperdesi
172 2058 67 14 cume
247 2052 7 19 i
261 2052 64 24 judei
334 2058 41 18 per
380 2058 25 14 se
413 2052 70 20 Fran-

25 2083 27 20 cie
59 2089 50 14 nere
117 2090 13 13 e
136 2083 69 25 gialle
214 2083 6 20 !

44 2168 26 19 XJ
79 2167 104 20 drama
192 2167 32 21 di
237 2171 15 16 e
261 2167 191 25 Sauguinare
458 2179 24 3 —

27 2198 33 20 Oui
67 2199 54 20 mesi
128 2198 30 23 fà,
175 2199 25 20 in
212 2199 90 25 seguitu
316 2205 13 13 a
338 2199 146 25 un'interpel-

27 2229 73 20 lazione
113 2229 21 20 di
152 2237 13 13 u
174 2229 105 25 dipulatu
293 2231 128 20 cumunista
430 2237 55 14 cun-

26 2259 95 21 tinentale
140 2261 81 25 Marty,
247 2261 114 25 parlendu.
373 2262 72 20 a’locu
471 2269 12 14 e

26 2290 62 24 piazza
95 2291 22 20 di
130 2292 6 19 i
150 2292 71 20 nostri
231 2293 47 19 cusì
286 2293 56 20 detti
351 2299 133 19 rappresen-

26 2321 44 20 tanti
80 2323 142 24 ammutuliti,
231 2330 13 13 a
252 2329 90 14 camara
351 2323 29 20 d’i
390 2324 94 24 deputa-

25 2351 20 23 ti,
65 2359 38 18 par
118 2353 36 26 340
171 2361 58 13 voce
245 2358 81 17 contru
353 2360 45 19 141,
409 2355 18 20 ri
431 2355 52 20 nvia

26 2388 10 12 a
45 2382 53 26 dopii
107 2384 108 21 inchiesta
233 2385 201 26 l’interpellazione
449 2392 35 14 so-

27 2413 36 23 pda
71 2414 7 19 i
87 2416 148 25 respunsabili
243 2416 22 20 di
275 2424 14 12 u
298 2416 79 21 drama
386 2417 22 20 di
427 2424 14 13 u
459 2417 25 20 16

27 2444 67 24 aprile.

46 2474 124 24 L’inchiesta
181 2485 56 18 pare
244 2482 82 22 troppu
336 2479 66 25 longa
421 2485 12 14 a
441 2479 44 20 i’A-

24 2503 78 24 jaccini.

46 2536 87 24 Quandu
142 2546 120 18 saparemu
271 2541 108 24 qualcosa
387 2541 11 19 ?

47 2566 45 25 Mai,
100 2571 162 22 probalmente.

296 2627 156 26 Pipistrellu.

495 108 179 50 miZIE
705 115 50 47 DI
784 117 177 50 CORSICA

517 208 95 23 Ajacciu
653 213 59 20 Morte
719 216 20 17 di
746 221 14 12 u
774 218 41 21 sgiô
912 219 23 17 de
945 219 20 17 la

496 234 64 21 Rocca,
567 234 23 18 90
597 237 51 17 anni.

546 259 58 19 Morte
618 262 19 17 di
651 265 83 18 madama
747 267 75 17 veduva
834 268 94 21 Appietto,
943 268 22 17 66

497 284 51 18 anni.

550 310 57 18 Morte
622 313 19 17 di
655 315 83 17 madama
749 316 96 18 Marianna
858 317 73 21 Morati,
943 317 24 17 60

498 334 51 17 anni.

520 360 153 20 —Malrimoniuu
681 369 14 13 u
706 364 22 19 13
736 366 68 21 agostu
816 366 20 18 di
841 367 127 18 madamicella

499 384 92 18 Marianna
595 386 75 19 Breccia
677 393 23 13 cu
710 395 11 12 u
728 390 40 23 sgiò
777 390 102 19 Francescu
888 391 65 18 Ottini.

549 410 119 20 Malrimoniu
675 414 20 17 di
701 415 127 18 madamicella
835 416 57 18 Maria
897 416 72 18 Ghiari-

500 434 36 17 soli
543 439 23 13 en
574 440 13 13 u
595 437 42 22 sgiò
645 437 71 20 Gentili
723 440 71 18 Natale.

522 472 62 20 Ascu
589 485 21 3 —
620 476 59 19 Morte
687 478 19 17 di
713 483 14 13 u
742 479 42 22 sgiò
794 479 105 18 Ghiacumu
910 479 59 18 Santu

501 498 87 19 Guidoni.

523 538 77 18 Bastia
605 549 22 3 —
631 540 119 19 Matrimoniu
755 542 20 17 di
783 542 128 18 madamicella
920 542 51 17 Elisa

501 563 23 17 de
533 563 75 19 Coccola
614 569 24 13 cu
645 570 15 13 u
667 566 42 22 sgiò
716 566 68 23 Luiggi
790 566 90 18 Cesarini.

523 597 23 5 —
551 589 58 18 Morte
621 590 20 17 di
650 595 13 13 u
676 591 41 22 sgiô
724 591 63 18 Anton
799 591 71 18 Matteu
882 591 65 18 Mattéi
959 596 12 13 a

501 613 57 19 Pozzo
567 614 79 19 Brando.

523 649 24 3 —
551 639 15 18 U
571 640 41 23 sgiò
618 640 105 24 Ghiaseppu
729 642 81 18 Strenna
818 642 27 18 s'è
850 643 45 17 datu
903 642 69 17 vulun-

502 665 110 19 tariamente
620 671 10 12 a
639 668 60 17 morte
706 667 21 18 in
735 668 18 17 le
760 668 51 17 scale
819 667 19 18 di
844 672 13 13 u
865 668 75 22 palazzu
951 667 21 17 di

502 690 82 21 Justizia,

525 724 21 3 —
553 715 58 18 Morte
617 716 19 17 di
642 718 84 17 madama
731 718 75 17 veduva
814 718 94 18 Casanova
913 717 60 18 Géné-

503 743 27 14 ré.

526 765 84 18 —Morte
614 766 19 17 di
639 772 14 12 u
657 767 41 22 sgiô
704 767 86 18 Ghiuvan
794 768 79 17 Battista
878 767 95 18 Clemente

526 799 22 4 —
553 790 119 19 Matrimoniu
680 792 20 18 di
705 793 126 18 madamicella
839 793 58 17 Maria
904 792 70 18 Teresa

504 815 81 23 Avogari
590 816 23 18 de
617 816 75 19 Gentile
695 821 23 14 cu
722 823 14 12 u
741 818 41 23 sgiô
785 817 78 18 Santelli
868 818 24 17 de
895 817 77 18 Ristori.

527 854 126 19 Calenzana
658 865 22 4 —
688 856 119 19 Matrimoniu
821 857 19 17 di
848 856 127 18 madamicella

504 879 113 19 Fredenucci
625 885 22 13 cu
656 886 14 13 u
675 881 40 22 sgiô
723 881 57 18 Petru
785 881 79 18 Alfonsu
871 881 80 18 Jouffre.

535 914 19 3 —
565 906 59 17 Morte
637 906 20 17 di
674 907 82 17 madama
770 907 76 17 veduva
858 906 118 18 Annunziata

505 929 100 22 Luechetti,
617 931 62 18 d’anni
688 931 28 18 44.

526 964 23 3 —
556 955 119 18 Matrimoniu
683 956 20 17 di
709 956 127 18 madamicella
843 956 58 17 Maria
909 956 68 17 Dume-

505 980 43 18 niea
555 980 108 19 Golombani
670 986 24 13 cu
702 986 13 13 u
723 981 41 23 sgiô
772 982 60 17 Rocca
839 982 80 17 Antone.

527 1013 57 19 Ersa
588 1024 22 3 —
614 1015 60 18 Morte
681 1015 21 17 di
709 1020 13 12 u
729 1014 42 23 sgiô
777 1015 79 18 Niculau
864 1014 96 18 Bonifaciu
965 1019 12 13 a

505 1039 69 18 l’etàdi
580 1039 22 18 26
610 1040 53 18 anni.

527 1074 24 4 —
554 1065 59 18 Morte
621 1065 19 18 di
645 1066 85 17 madama
737 1066 54 17 Anna
799 1065 90 23 Poggioli.
898 1064 22 18 64
924 1064 52 18 anni.

528 1097 68 19 Evisa
601 1108 23 3 —
634 1099 119 18 Matrimoniu
761 1099 21 18 di
789 1098 128 19 madamicella
925 1097 53 19 Cata-

506 1124 40 18 lina
552 1124 74 18 Alfonsi
633 1129 24 13 cu
666 1130 12 12 u
688 1124 41 23 sgiô
737 1123 56 19 Cardi
801 1124 84 19 Stefanu.

529 1157 91 18 Galeria
625 1167 22 4 —
657 1158 119 18 Matrimoniu
784 1158 19 18 di
812 1158 127 17 madamicella
944 1157 34 18 Fe-

507 1182 56 18 licina
570 1183 74 22 Spinosi
652 1187 23 13 cu
685 1188 14 12 u
706 1183 40 22 sgiô
754 1182 109 19 Ghiuvanni
874 1182 81 22 Spinosi.

530 1217 160 23 Ghiuncagliiu
696 1226 23 4 —
731 1217 119 17 Matrimoniu
858 1216 20 18 di
891 1215 88 18 madami-

508 1244 46 17 cella
566 1243 87 18 Juvanna
661 1242 97 19 Giudicelli
769 1246 23 13 cu
800 1246 15 13 u
828 1241 40 23 sgiô
875 1241 104 18 Francescu

508 1268 92 23 Angelini.
619 1280 4 3 -

530 1301 208 24 Grussetu-Prugna
743 1311 22 3 —
770 1301 59 18 Morte
834 1301 21 18 di
859 1305 13 13 u
878 1300 41 23 sgiô
924 1299 56 18 Gian-

508 1327 68 19 nesini.

495 1360 2 18 ;
531 1353 146 18 —Matrimoniu
685 1353 21 18 di
712 1352 128 19 madamicella
847 1351 72 19 Amelia
924 1350 57 18 Gian-

508 1379 60 18 nesini
577 1383 23 14 cu
607 1384 15 13 u
630 1379 42 22 sgiô
680 1378 107 23 Ghiaseppu
794 1378 83 18 Berlelli.

531 1411 129 26 Guargualè
664 1422 23 4 —
695 1413 58 17 Morte
760 1412 22 17 di
789 1417 14 12 u
812 1411 41 23 sgiô
861 1411 77 18 Ghiuliu
945 1410 35 18 Lo-

508 1438 51 18 vichi
569 1443 12 13 a
588 1438 44 18 l’età
640 1438 21 18 di
669 1437 23 19 38
700 1438 49 18 anni.

530 1471 62 18 Isula
598 1471 73 18 Rossa
677 1481 23 3 —
707 1471 60 18 Morte
774 1471 20 18 di
802 1476 13 12 u
824 1471 40 22 sgiô
872 1470 106 21 Ghiaseppu

508 1497 76 18 Tortora
592 1497 64 18 d’anni
662 1496 29 19 78.

529 1530 55 19 Luri
588 1540 23 4 —
619 1531 60 18 Morte
686 1531 41 18 diu
733 1530 41 23 sgiô
781 1529 101 19 Inucenziu
892 1528 85 23 Gregori.

494 1562 3 10 :
530 1558 135 25 Marignana
670 1568 22 4 —
696 1558 120 18 Matrimoniu
824 1557 20 18 di
851 1557 128 18 madamicella

508 1585 98 18 Benedetta
612 1584 85 19 Ceccaldi
701 1588 23 14 cu
731 1589 13 12 u
751 1583 41 23 sgiô
797 1583 104 18 Francescu
905 1583 74 17 Antone

508 1610 91 23 Racaglia.

530 1643 106 19 Multifau
649 1653 24 3 —
685 1643 118 18 Matrimoniu
818 1643 18 17 di
851 1641 127 19 madamicella

508 1669 101 18 Francesca
615 1668 88 19 Cesarina
706 1668 72 19 Tomasi
784 1673 24 13 cu
814 1673 13 12 u
835 1667 41 23 sgiô
881 1667 59 18 Paulu
945 1667 34 17 Fe-

507 1695 37 18 lice
551 1694 95 18 Grimaldi.

531 1728 140 19 Occhîatana
675 1737 24 4 —
703 1728 59 18 Morte
770 1727 19 18 di
797 1732 15 13 u
818 1727 41 23 sgiô
866 1726 55 23 Luigi
928 1726 51 18 Man-

508 1754 44 21 cini,
557 1753 22 19 39
587 1753 54 18 anni.

530 1787 75 18 Oletta
610 1797 24 3 —
638 1787 104 18 Abbracciu
747 1787 20 18 di
772 1786 128 19 madamicella
904 1786 76 18 Paulet-

509 1814 19 17 ta
535 1812 68 23 Pagani
609 1817 24 14 cu
638 1817 14 13 u
658 1813 41 21 sgiô
703 1812 86 18 Eduardu
792 1812 89 21 Moresco,
887 1816 12 13 a
903 1811 76 23 Saigon-

530 1845 43 19 Ota
580 1856 23 3 —
611 1846 120 18 Matrimoniu
744 1846 21 18 di
772 1846 128 18 madamicella
915 1845 65 19 Subri-

508 1872 21 18 ni
536 1876 23 14 cu
567 1877 14 12 u
589 1871 41 23 sgiô
638 1871 57 18 Carlu
700 1871 82 19 Rossini.

531 1905 62 19 Ortu.
600 1915 21 4 —
633 1905 121 19 Matrimoniu
762 1907 21 17 di
791 1906 127 18 madamicella
923 1906 57 17 Fran-

508 1935 53 14 cesea
571 1931 101 18 Castellani
687 1936 24 13 cu
723 1936 14 13 u
747 1932 42 23 sgiô
806 1931 87 19 Ghiuvan
900 1931 80 18 Battista

508 1956 105 19 Gastinelli.

530 1996 69 18 Portu
605 1995 103 19 Vecchiu
718 2006 23 3 —
747 1997 60 18 Morte
817 1998 19 17 di
853 1999 127 18 madamicella

508 2020 79 21 Ferrari,
595 2020 24 18 19
624 2021 52 17 anni.

530 2053 148 19 Pastricciola
683 2054 143 20 —Matrimoniu
830 2057 20 18 di
855 2058 126 18 madamicella

509 2078 56 19 Santa
571 2080 98 17 Andarelli
676 2084 24 14 cu
708 2085 11 13 u
729 2081 41 22 sgiô
776 2081 57 19 Petru
841 2082 59 19 Santu
904 2083 76 19 Pinelli.

588 2122 22 4 —
615 2113 68 22 Morte,
689 2115 21 16 in
718 2115 76 23 seguitu
799 2116 133 23 d’operazione,
941 2118 21 17 di
966 2122 14 13 u

509 2138 79 23 giovanu
596 2138 133 24 Bisgambiglia
737 2139 113 25 Ghiaseppu,
856 2141 11 18 6
875 2143 51 18 anni.

530 2171 89 24 Poghin
630 2172 24 18 di
664 2172 73 19 Nazza
742 2183 23 4 —
772 2175 60 19 Morte
840 2176 20 18 di
868 2182 14 12 u
890 2177 41 22 sgiô
939 2177 42 18 Bat-

510 2197 44 18 tista
561 2198 111 18 Bernardini
679 2204 11 13 a
695 2199 44 18 l’età
745 2200 20 18 di
772 2199 23 19 32
800 2201 52 18 anni.

531 2230 213 21 Riventosa—Morte
748 2234 20 17 di
774 2235 127 19 madamicella
905 2235 77 20 Matteo-

510 2256 18 18 3a
533 2255 95 20 Casanova
635 2258 66 18 d’anni
705 2258 29 19 80.

531 2290 112 23 Rogiianu
649 2301 23 4 —
676 2292 61 19 Morte
744 2293 19 18 di
769 2299 14 12 u
791 2295 41 22 sgiô
837 2295 75 20 Simone
918 2297 64 18 Barto-

510 2315 62 22 lomei,
581 2315 22 18 80
615 2317 52 18 anni.

531 2350 24 3 —
559 2340 59 19 Morte
623 2342 19 17 di
651 2344 85 17 madama
742 2345 77 18 veduva
825 2346 72 23 Magna,
903 2347 24 18 85
930 2349 52 17 anni.

533 2374 65 19 Sartè
602 2385 24 4 —
631 2376 60 19 Morte
698 2377 19 18 di
722 2379 84 18 madama
812 2380 59 19 Memè
876 2381 92 22 Sampieri
972 2388 12 13 a

510 2400 44 18 l’età
561 2401 21 17 di
586 2400 23 18 22
614 2402 53 17 anni.

533 2427 148 21 Sant’Andria
689 2431 23 18 di
722 2431 87 20 Cutone
814 2443 23 4 —
846 2435 58 19 Morte
912 2436 20 18 di
944 2441 39 13 ma-

510 2454 53 18 dama
570 2454 72 19 Ferrali
649 2456 74 23 Agnula
728 2457 59 19 Maria
794 2459 64 19 d’anni
862 2459 30 19 80.

532 2492 65 19 Siscu
602 2503 23 4 —
630 2494 59 19 Morte
697 2496 19 18 di
724 2501 14 14 u
746 2497 41 23 sgiô
795 2498 57 19 Petru
860 2500 86 20 Barcelli.

531 2525 138 23 Speluncatu
673 2538 23 4 —
701 2530 59 18 Morte
765 2531 20 18 di
790 2533 85 18 madama
879 2534 103 21 Francesca

508 2552 69 18 Ascoli.

530 2585 61 19 Veru
596 2586 136 21 Suaricchiu
737 2600 23 4 —
763 2591 120 21 Matrimoniu
892 2595 19 18 di
919 2596 62 18 mada-

508 2611 73 18 micella
593 2611 53 19 Mimi
655 2613 66 20 Orsoni
729 2620 24 14 cu
764 2621 15 13 u
790 2618 42 22 sgiô
839 2618 96 21 Gabriellu
943 2620 40 19 Oli-

507 2641 31 14 ve.

1101 119 235 32 GIURNALI

995 200 229 25 Amministrazione
1237 210 14 15 e
1257 202 143 26 Magistrati

1011 238 34 17 J’ai
1053 243 25 13 eu
1085 239 98 18 l'occasion
1191 241 24 17 de
1225 240 93 17 dénoncer
1325 242 45 18 dans
1378 247 37 13 une
1425 243 36 17 let-

995 264 25 16 tre
1027 264 12 16 à
1046 264 24 17 M.
1079 264 19 18 le
1106 265 98 18 Président
1210 262 25 20 du
1244 264 79 22 Conseil,
1329 266 28 18 les
1361 267 98 18 violations

995 288 19 18 le
1021 289 19 17 la
1044 289 32 21 loi,
1085 290 19 17 la
1112 290 121 17 scandaleuse
1237 290 78 22 gabegie
1320 292 33 21 qui
1360 297 20 13 se
1388 293 74 21 produi-

995 314 39 16 sent
1041 318 24 13 en
1073 314 110 22 Corse,avec
1190 320 38 12 une
1236 315 109 21 impudence
1354 318 43 17 telle
1405 318 57 21 qu’el-

995 338 26 17 les
1028 339 94 18 semblent
1127 340 104 17 constituer
1237 344 36 13 une
1282 340 89 20 véritable
1377 343 86 17 méthode

995 363 21 17 de
1023 366 155 18 gouvernement.

1014 388 36 17 Des
1057 388 117 22 inspecteurs
1179 389 99 23 généreux,
1288 390 46 19 dans
1339 392 33 18 des
1379 393 84 21 rapports

995 412 124 22 documentés,
1128 415 33 17 ont
1166 419 83 13 reconnu
1257 414 18 18 le
1280 414 44 19 bien
1332 416 54 18 fondé
1395 418 22 17 de
1423 422 40 12 mes

995 437 116 18 accusations.

1014 462 22 17 Je
1043 467 25 13 ne
1080 463 107 18 reviendrai
1200 465 49 17 donc
1261 468 39 18 pas,
1314 470 48 17 pour
1372 467 90 19 l’instant,

995 491 33 13 sur
1038 488 28 17 les
1080 488 48 18 abus
1135 489 119 18 intolérables
1265 489 33 21 qui
1312 494 20 15 se
1346 492 118 18 manifestent

995 512 45 17 dans
1053 512 124 22 l’application
1190 515 34 16 des
1237 514 35 18 lois
1287 516 83 21 sociales,
1386 518 47 16 dans
1443 517 22 17 la

996 536 109 22 répartition
1113 538 33 17 des
1154 538 69 18 crédits
1234 539 24 18 de
1262 539 119 23 l’assistance,
1391 541 47 18 dans
1446 541 18 18 la

996 561 120 18 distribution
1124 562 32 18 des
1164 563 69 18 crédits
1241 564 33 18 des
1282 565 79 21 pupilles
1369 567 22 16 de
1399 567 18 17 la
1430 566 36 17 Na-

997 585 44 22 tion,
1051 587 35 17 etc.
1100 587 14 17 Il
1128 588 89 18 demeure
1224 590 82 17 entendu
1320 595 36 17 que
1363 592 60 17 toutes
1437 592 28 17 les

996 611 130 22 subventions,
1139 613 63 18 toutes
1216 614 28 17 les
1256 614 113 23 allocations,
1381 618 43 16 tous
1438 617 27 17 les

997 635 67 19 crédits
1072 636 100 19 détournés
1180 639 24 17 de
1214 639 42 18 leur
1263 640 51 22 objet
1321 641 115 18 constituent
1442 646 23 13 en

997 662 79 21 quelque
1084 664 57 20 sorte,
1149 668 38 13 une
1200 669 61 13 masse
1268 665 103 22 électorale,
1383 666 84 18 destinée

996 686 12 17 à
1015 686 92 19 favoriser
1119 688 19 18 le
1145 688 93 23 triomphe
1249 691 25 17 du
1282 691 49 21 parti
1343 693 78 16 soutenu
1434 696 33 17 par

997 712 81 18 certains
1086 713 138 22 représentants
1232 715 26 17 du
1265 716 82 17 Pouvoir
1355 717 75 17 central.

1019 735 50 20 C’est
1073 742 34 17 par
1111 738 82 19 millions
1201 744 37 17 que
1243 744 21 14 se
1271 741 90 18 chiffrent
1368 741 25 18 les
1398 742 69 17 détour-

997 763 79 16 nements
1083 764 85 18 annuels.

1019 788 22 17 Je
1049 789 83 21 rappelle
1145 789 120 22 simplement
1272 797 37 17 que
1321 797 47 14 nous
1375 798 59 13 avons
1442 799 26 12 vu

999 817 26 13 un
1032 813 63 21 préfet
1102 814 23 17 de
1136 814 18 17 la
1163 814 57 18 Corse
1233 818 102 21 remplacer
1342 818 45 17 dans
1395 823 26 13 un
1435 819 35 18 but

999 837 86 18 électoral
1100 839 42 18 tous
1155 839 29 18 les
1192 841 93 18 membres
1296 843 33 17 des
1342 843 128 18 commissions

1000 863 119 18 d’assistance
1127 865 20 16 et
1154 865 25 17 du
1187 869 47 18 coup
1244 867 17 17 le
1268 867 68 18 chiffre
1346 868 31 17 des
1386 868 84 18 infirmes

1000 892 11 12 a
1019 888 54 22 passé
1081 888 24 18 de
1112 888 54 18 5.000
1173 889 12 18 à
1193 890 71 19 14.000.

1022 913 46 18 Mais
1076 913 14 17 il
1099 918 25 13 ne
1132 914 54 22 s’agit
1193 919 34 18 pas
1235 916 24 18 de
1269 917 107 22 reprendre,
1387 918 84 22 aujourd’

1001 937 39 19 hui,
1049 938 34 17 des
1098 938 43 19 faits
1154 939 34 22 qui
1202 940 86 19 relèvent
1298 942 43 22 plus
1352 943 121 18 directement

1001 962 25 17 du
1033 962 87 19 Ministre
1127 964 23 17 de
1161 965 112 19 l’Intérieur.
1282 966 51 19 C’est
1344 967 13 17 à
1363 967 24 17 M.
1397 967 76 18 Sarraut

1001 991 37 17 que
1044 987 19 22 je
1069 992 32 13 me
1108 993 78 17 propose
1194 990 24 18 de
1226 991 40 17 dire
1272 992 105 17 moi-même
1384 992 38 18 très
1431 997 43 18 pro-

1002 1012 124 22 chainement,
1139 1014 30 17 s’il
1178 1016 69 16 entend
1258 1016 68 19 laisser
1333 1021 21 13 se
1367 1017 105 22 perpétuer,

1002 1041 23 14 en
1028 1037 91 22 Corse,un
1125 1039 71 22 régime
1201 1040 100 23 odieux,en
1307 1041 115 18 maintenant
1426 1043 48 16 dans

1002 1066 21 13 ce
1027 1066 46 18 pays
1078 1063 35 18 des
1117 1063 144 21 fonctionnaires
1266 1067 47 17 dont
1317 1067 28 17 les
1350 1065 66 24 nègres
1421 1067 53 17 n’ont

1002 1091 32 18 pas
1037 1087 66 22 voulu,
1110 1090 20 16 et
1134 1089 39 21 qui,
1180 1094 72 15 comme
1255 1091 75 18 l’avoue
1333 1091 26 18 M.
1364 1089 109 24 Màunoury,

1002 1113 43 17 sont
1048 1112 19 18 la
1071 1112 59 19 honte
1135 1114 258 24 del’administration.Ceque
1399 1118 19 21 je
1423 1121 52 14 veux

1002 1138 101 18 demander
1110 1143 25 14 au
1147 1140 86 18 Ministre
1240 1142 24 17 de
1277 1142 18 17 la
1302 1141 76 21 Justice,
1387 1143 46 17 c’est
1444 1142 31 17 s’il

1003 1164 67 17 entend
1076 1164 77 18 couvrir
1158 1165 33 18 des
1199 1165 46 18 faits
1253 1167 33 21 qui
1292 1166 82 18 tombent
1381 1171 44 14 sous
1430 1167 46 21 l’ap-

1003 1188 89 21 plication
1098 1189 33 18 des
1139 1189 35 18 lois
1182 1190 75 22 pénales
1264 1195 5 18 ;
1277 1195 24 14 en
1308 1191 97 18 attendant
1412 1196 36 17 que
1455 1191 20 22 je

1003 1213 28 17 lui
1043 1213 92 19 demande
1142 1215 31 17 s’il
1180 1216 46 17 veut
1233 1215 101 18 maintenir
1341 1220 24 14 en
1372 1216 56 18 Corse
1441 1216 34 17 des

1004 1238 106 22 Magistrats
1117 1240 85 18 nommés
1207 1245 37 18 par
1252 1245 68 13 erreur.

1284 1273 27 18 H.
1320 1273 132 24 Pierangeli.

1128 1300 81 22 (L’Eveil
1216 1301 22 18 de
1246 1302 18 17 la
1273 1300 146 24 Corse,!2-8-27)

1006 1350 138 23 Ghiustizia

1025 1390 16 17 Il
1047 1391 59 17 serait
1109 1391 93 18 vraiment
1210 1392 60 21 temps
1276 1394 42 18 que,
1328 1391 45 18 dans
1381 1396 22 13 ce
1410 1391 65 22 dépar-

1005 1416 70 17 tement
1082 1415 34 22 qui
1124 1420 54 14 versa
1189 1415 51 23 jadis
1248 1416 42 17 tant
1296 1416 24 17 de
1328 1420 46 18 sang
1386 1421 47 17 pour
1440 1420 35 14 son

1004 1440 144 23 indépendance,
1157 1441 67 23 régnât
1231 1440 51 19 enfin
1290 1445 38 14 une
1335 1441 31 18 ère
1376 1442 24 17 de
1406 1441 69 22 justice

1004 1467 19 16 et
1031 1466 81 22 d’équité
1120 1466 172 18 administratives..
1301 1465 26 19 Ce
1337 1467 46 18 n’est
1392 1466 83 18 malheu-

1004 1493 107 16 reusement
1118 1496 33 18 pas
1159 1493 19 17 le
1185 1492 60 21 cas,et
1252 1492 76 17 surtout
1335 1492 65 22 depuis
1407 1491 66 23 queM.

1003 1516 75 19 Marlier
1086 1521 49 14 .:ous
1144 1519 29 16 est
1180 1517 64 18 arrivé
1251 1517 24 18 de
1282 1517 19 18 la
1309 1516 66 19 Sûreté
1381 1517 93 23 générale.

1389 1550 26 19 H.
1426 1549 24 20 O.

1163 1579 79 23 (L'Eveil
1249 1579 22 18 de
1279 1579 19 18 la
1306 1578 134 24 Corse,8-8-27)

1006 1630 21 20 U
1037 1629 114 23 Prefettu

1024 1669 50 18 Pour
1082 1674 31 13 me
1125 1670 85 18 résumer
1214 1670 19 22 je
1245 1671 73 18 déclare
1325 1671 11 17 à
1343 1671 19 17 la
1372 1671 41 18 face
1420 1672 24 17 de
1454 1671 20 18 la

1004 1694 56 19 Corse
1068 1695 72 18 entière
1147 1700 37 17 que
1192 1695 18 18 si
1221 1696 19 18 le
1247 1696 64 19 Préfet
1317 1696 74 19 Marlier
1397 1697 31 18 n’a
1441 1701 32 17 pas

1005 1721 38 21 pris
1050 1722 42 21 part
1100 1721 11 17 à
1118 1721 117 18 l’assassinat
1243 1722 24 17 du
1276 1722 121 18 malheureux
1404 1722 71 22 Philip-

1004 1750 23 18 pe
1033 1745 79 23 Daudet,
1121 1746 14 17 il
1143 1751 17 16 a,
1170 1751 34 18 par
1217 1748 70 21 contre,
1295 1748 64 18 saboté
1366 1752 31 17 ou,
1405 1748 66 22 plutôt,

1004 1771 95 18 assassiné
1106 1770 83 20 T’oeuvre
1197 1772 33 18 des
1238 1772 116 19 Habitations
1361 1773 11 18 à
1381 1774 36 17 bon
1425 1778 49 13 mar-

1004 1796 34 18 ché
1046 1801 24 13 en
1076 1795 63 20 Corse.

1025 1821 148 19 Heureusement
1177 1827 37 18 que
1218 1822 29 19 les
1252 1823 70 22 préfets
1326 1825 81 21 passent,
1412 1825 21 17 et
1437 1829 37 17 que

1004 1851 54 17 nous,
1064 1851 49 14 nous
1118 1848 80 18 restons.
1204 1848 51 18 Nous
1262 1849 88 22 espérons
1354 1849 74 23 réparer
1433 1851 42 17 tout

1004 1872 18 18 le
1029 1873 37 17 mal
1075 1877 37 18 que
1119 1874 30 17 cet
1156 1873 75 18 homme
1238 1873 74 20 néfaste
1319 1879 17 17 a,
1344 1879 45 14 avec
1396 1875 18 18 la
1425 1880 50 13 com-

1004 1897 64 22 plicité
1072 1898 25 18 de
1104 1898 50 18 deux
1162 1903 24 13 ou
1197 1899 47 18 trois
1251 1899 105 22 politiciens
1363 1901 22 18 de
1393 1901 33 18 bas
1437 1901 38 18 éta-

1004 1927 29 18 ge,
1042 1923 51 18 faits
1101 1924 78 18 l’oeuvre
1185 1924 12 17 à
1201 1924 80 22 laquelle
1285 1925 32 22 j’ai
1322 1926 84 18 consacré
1412 1926 63 23 vingt-

1005 1948 42 23 cinq
1054 1949 71 18 années
1133 1949 23 18 de
1165 1950 68 17 travail
1242 1951 19 17 et
1268 1950 25 18 de
1300 1951 128 18 dévouement.

1221 1982 100 19 Antoine
1328 1984 122 19 Benedetti.

1110 2009 161 16 Secrétaire-Trésorier
1279 2010 21 14 du
1306 2011 56 14 Comité
1368 2012 18 14 de
1395 2013 80 17 patronage

1105 2028 27 14 des
1138 2028 93 15 Habitations
1236 2029 11 14 à
1252 2030 30 14 bon
1287 2030 60 15 marché
1351 2031 21 14 du
1376 2031 99 18 département

1103 2047 19 15 de
1128 2048 17 14 la
1150 2048 50 15 Corse.

1165 2079 10 6 •-
1215 2078 20 17 <;
1249 2072 85 22 (LEveil,
1343 2073 87 23 14-8-27)

1006 2124 29 21 P.
1045 2124 29 22 T.
1084 2124 29 22 ï.

1026 2163 70 23 Depuis
1103 2164 91 22 quelques
1201 2165 60 22 jours,
1269 2166 17 17 il
1293 2171 13 18 y
1316 2171 12 13 a
1334 2168 80 18 certaine
1421 2168 57 19 chose

1005 2189 33 22 qui
1044 2192 26 15 ue
1083 2194 25 13 va
1115 2194 34 18 pas
1157 2190 46 18 dans
1208 2190 28 19 les
1250 2191 138 20 transmissions
1399 2193 80 23 télégra-

1006 2214 79 23 phiques
1094 2215 23 18 de
1125 2215 19 18 la
1152 2214 70 20 Corse..

1027 2239 51 19 Nous
1085 2244 80 19 croyons
1170 2241 64 18 savoir
1242 2246 37 18 que
1283 2243 28 18 les
1317 2243 81 19 services
1404 2245 76 18 militai-

1007 2269 30 14 res
1042 2266 23 18 de
1068 2265 73 18 Toulon
1146 2266 87 19 utilisent
1237 2268 19 17 le
1260 2268 52 18 cable
1315 2269 80 21 pendant
1400 2270 18 17 la
1421 2271 58 17 nuit..

1028 2291 51 18 Nous
1085 2295 82 18 prenons
1172 2296 21 13 ce
1201 2292 152 23 renseignement
1357 2299 47 18 pour
1408 2299 21 14 ce
1435 2296 45 22 qu’il

1007 2317 52 21 vaut,
1065 2317 48 17 mais
1116 2321 49 14 nous
1171 2321 81 15 sommes
1257 2318 50 19 ainsi
1311 2320 74 18 amenés
1390 2321 11 17 à
1406 2321 75 18 deman-

1008 2342 33 17 der
1049 2341 17 18 si
1071 2342 20 18 le
1099 2342 52 18 cable
1159 2342 24 18 de
1190 2343 20 18 la
1217 2342 57 19 Corse
1282 2345 30 17 est
1319 2344 35 19 fait
1358 2349 47 18 pour
1411 2346 20 18 la
1438 2346 44 19 Cor-

1009 2371 20 14 se
1041 2371 25 14 ou
1074 2371 48 18 pour
1129 2367 28 18 les
1172 2368 83 19 services
1263 2369 100 19 militaires
1371 2371 23 18 de
1406 2371 73 20 Toulon

1029 2392 51 18 Nous
1086 2397 24 13 ne
1115 2393 100 18 subissons
1219 2398 37 18 que
1260 2395 42 22 trop
1306 2395 29 18 les
1345 2395 140 24 inconvénients

1008 2417 97 22 multiples
1112 2418 24 18 de
1144 2422 21 14 ce
1173 2418 53 18 câble
1233 2419 65 22 vieux,
1307 2420 34 18 usé
1350 2422 19 17 et
1376 2422 78 23 rapiécé,
1465 2428 20 15 et

1008 2443 17 18 si
1032 2443 44 18 _l’on
1084 2447 25 14 ne
1118 2445 46 16 veut
1177 2448 34 18 pas
1218 2447 48 15 nous
1274 2445 19 18 le
1306 2446 107 23 remplacer,
1427 2449 56 21 qu’on

1007 2472 47 14 nous
1062 2469 58 18 laisse
1129 2473 24 13 au
1161 2469 62 18 moins
1230 2470 20 17 la
1256 2469 106 21 jouissance
1369 2472 26 18 du
1402 2477 37 18 peu
1445 2478 37 18 que

1007 2498 47 13 nous
1068 2498 66 14 avons.
1149 2494 26 18 La
1182 2494 89 19 situation
1286 2497 85 22 actuelle,
1386 2497 17 18 si
1410 2498 37 18 elle
1459 2503 23 14 se

1006 2519 96 23 prolonge,
1111 2520 30 17 est
1149 2521 41 21 trop
1199 2521 107 17 menaçante
1314 2526 47 17 pour
1365 2522 67 19 l’hiver
1439 2529 42 17 pro-

1006 2544 54 18 chain
1068 2545 21 18 et
1096 2545 63 22 risque
1167 2546 23 17 de
1205 2545 52 18 créer
1263 2545 26 18 ici
1297 2551 37 13 une
1347 2547 82 23 légitime
1437 2554 43 14 ner-

1006 2570 82 18 vosité...

1337 2620 28 18 A.
1373 2620 79 20 Tanot.

1187 2646 34 22 (JM
1228 2646 58 19 Jeune
1294 2646 147 26 Corse,!3-8-27)

1485 115 88 26 Servizj
1581 114 133 22 marittimi

1503 155 28 18 En
1539 155 81 20 résumé,
1630 155 11 16 à
1656 159 35 17 peu
1700 155 23 17 de
1737 154 56 17 chose
1801 152 49 23 près,
1865 152 18 18 le
1897 151 53 18 cahie

1485 185 18 14 es
1512 180 78 22 charges
1598 181 20 16 et
1631 180 19 17 la
1658 179 117 19 Convention
1783 180 23 17 de
1821 178 45 18 1927
1875 178 43 17 sont
1932 177 18 17 la

1485 206 52 22 copie
1545 206 24 17 du
1578 205 61 23 projet
1650 206 24 17 de
1682 205 52 18 1922.
1749 205 27 18 On
1785 209 68 18 pourra
1860 204 53 22 jouer
1926 209 23 13 su

1485 233 28 17 les
1523 231 78 18 chiffres
1614 232 20 16 et
1647 231 29 17 les
1689 230 136 18 combinaisons
1840 230 117 20 financières,

1486 256 47 18 mais
1541 261 24 13 on
1573 261 25 12 ne
1605 260 69 17 pourra
1681 256 42 17 nier
1731 260 36 17 que
1775 256 18 17 la
1801 256 42 21 part
1851 256 23 17 de
1882 256 77 17 l’arma-

1488 283 42 16 teur
1533 282 31 17 est
1566 282 96 21 beaucoup
1667 281 42 22 plus
1715 281 49 17 belle
1767 285 24 13 en
1796 280 45 18 1927
1847 281 54 22 qu’en
1906 280 52 17 1922.

1509 307 23 18 Et
1539 312 71 13 comme
1615 311 49 13 nous
1669 307 123 21 appartenons
1795 307 11 17 à
1811 307 48 17 cette
1864 307 67 22 apartie
1936 307 24 17 de

1488 332 81 22 'opinion
1585 332 89 22 publique
1690 331 97 18 intimidée
1800 332 20 17 et
1834 331 70 22 sujette
1917 332 12 17 à
1943 332 18 17 la

1488 357 110 21 lassitude»,
1605 357 34 22 qui
1646 357 146 18 recommandait
1799 361 24 13 en
1834 356 71 18 19221e
1917 358 44 16 vote

1488 383 24 17 de
1518 383 19 17 la
1544 382 118 20 convention,
1672 386 48 13 nous
1725 382 80 17 voulons
1813 386 87 18 prouver,
1905 383 20 16 et
1932 386 30 13 ce-

1488 408 19 17 la
1514 412 24 12 ne
1546 411 47 13 nous
1602 408 30 17 est
1639 411 35 17 pas
1682 407 85 20 difficile,
1777 407 54 21 qu’ou
1840 412 11 12 a
1859 412 23 12 eu
1892 408 39 17 tort
1938 407 24 17 de

1489 432 69 21 rejeter
1570 432 19 17 le
1602 431 62 22 projet
1671 432 23 17 de
1706 431 46 18 1922
1760 433 19 16 et
1792 432 24 17 de
1829 432 67 22 perdre
1903 432 11 17 5
1928 436 34 13 ans

1489 461 44 13 sans
1541 458 102 21 avantages
1651 456 75 18 sérieux
1734 457 161 21 correspondants.

1511 480 21 19 Si
1538 481 19 18 la
1565 481 116 18 Convention
1686 481 51 18 avait
1744 481 31 18 été
1779 482 55 17 votée
1841 482 12 17 à
1858 483 48 16 cette
1912 482 50 19 date,

1489 510 48 13 nous
1544 506 76 17 aurions
1628 507 11 16 à
1646 506 72 18 l’heure
1722 506 106 21 actuelle,et
1836 506 65 21 depuis
1914 506 50 17 deux

1489 535 35 13 ans
1529 530 48 22 déjà,
1585 531 42 21 sept
1634 530 76 19 navires
1715 535 24 13 en
1744 531 73 18 service
1824 536 24 12 au
1853 531 39 18 lieu
1898 531 23 17 de
1927 531 36 18 six.

1499 555 28 18 En
1535 555 78 21 1922,on
1621 560 12 12 a
1640 556 59 21 rejeté
1703 556 18 17 le
1726 556 62 22 projet
1795 556 132 23 poûr«exiger»
1936 556 28 17 les

1490 580 81 18 vitesses
1579 581 23 17 de
1614 580 23 17 18
1645 581 73 20 noeuds,
1731 581 19 17 la
1757 581 58 18 durée
1825 581 24 17 de
1856 581 18 17 la
1882 581 84 17 Conven-

1491 605 40 18 tion
1539 606 12 16 à
1558 605 12 17 5
1580 609 40 17 ans,
1630 605 24 17 de
1662 606 18 17 la
1688 606 120 21 suppression
1816 606 33 17 des
1858 606 71 17 clauses
1935 605 31 23 gé-

1490 630 73 18 nérales
1571 630 33 17 des
1617 630 165 19 connaissements.
1796 630 92 22 Qu’a-t-on
1896 631 70 17 obtenu

1491 655 24 17 de
1523 656 41 16 tout
1575 655 40 17 cela
1620 654 10 18 ?
1644 655 48 18 Rien
1705 660 24 13 ou
1743 660 87 18 presque.
1837 656 35 17 Les
1886 656 80 18 vitesses

1493 681 72 16 restent
1572 680 12 17 à
1592 680 21 17 11
1623 681 19 17 et
1650 680 23 18 15
1681 681 73 20 noeuds,
1764 681 19 17 la
1790 681 59 17 durée
1859 682 23 17 de
1889 682 19 17 la
1920 680 47 18 Con-

1491 705 78 17 vention
1577 706 52 16 reste
1637 705 51 18 fixée
1695 705 12 18 à
1713 705 23 17 20
1743 710 42 16 ans,
1793 706 29 17 les
1830 706 73 17 clauses
1911 705 56 23 géné-

1492 730 49 17 rales
1546 730 33 17 des
1584 730 159 18 connaissements
1748 735 24 13 ne
1777 732 43 17 sont
1825 735 34 18 pas
1862 730 104 19 modifiées.

1492 754 29 17 On
1528 759 12 12 a
1551 755 47 17 donc
1605 755 74 17 retardé
1686 755 19 18 le
1712 756 44 17 vote
1768 756 24 17 de
1799 756 12 17 5
1825 760 35 13 ans
1867 760 46 17 pour
1927 759 40 18 per-

1494 780 68 17 mettre
1571 784 37 13 aux
1615 779 122 19 instituteurs
1745 781 20 17 et
1777 785 38 14 aux
1822 781 80 22 postiers
1910 780 58 18 d’être

1493 804 94 18 assimilés
1594 809 37 13 aux
1639 804 91 18 réformés
1738 805 24 18 de
1776 810 67 17 guerre
1851 810 47 18 pour
1904 806 29 17 les
1941 806 28 17 ta-

1494 829 36 17 rifs
1536 829 24 17 de
1568 830 106 21 transports
1679 829 28 18 !...

1791 863 21 18 J.
1823 862 122 19 Casanova.

1743 890 33 22 (La
1782 890 57 22 Corse,
1850 890 74 23 1-8-27)

1683 970 101 41 fiQZZE

1521 1047 15 18 U
1544 1049 66 16 nostru
1618 1052 105 19 eumpagnu
1738 1048 106 24 Ghiaseppu
1852 1050 60 22 Costa,
1921 1056 24 13 cu
1958 1056 11 13 a

1499 1077 22 13 so
1528 1073 96 22 simpatica
1636 1077 105 18 prumessa,
1750 1075 126 18 madamicella
1886 1076 83 18 Matleoli

1499 1098 21 16 di
1526 1097 52 23 Lugu
1588 1098 19 17 di
1615 1098 82 21 Venacu,
1703 1099 49 21 dopu
1760 1104 38 13 una
1804 1104 61 14 messa
1872 1101 20 17 in
1898 1101 71 18 musica

1500 1123 56 16 cantu
1562 1122 21 17 in
1595 1122 18 17 la
1620 1123 81 17 chiesola
1709 1123 20 17 di
1736 1128 14 12 u
1762 1124 54 23 Lugu
1830 1125 49 18 hanu
1894 1126 75 18 reunitu

1499 1147 77 17 ïntornu
1584 1147 23 18 ad
1614 1147 33 18 elli
1659 1146 34 19 150
1700 1148 56 18 amici
1764 1153 11 13 e
1782 1150 74 21 parenti
1863 1151 22 21 pè
1893 1156 13 12 u
1915 1155 21 14 so
1945 1152 25 17 ri-

1500 1173 56 20 pastu
1562 1172 20 17 di
1589 1172 59 17 Nozze
1655 1172 21 17 in
1684 1173 89 21 pien’aria
1780 1174 95 18 a’funtana
1883 1175 32 18 Bel
1923 1176 47 22 Sug-

1500 1197 74 22 giornu.

1522 1221 55 18 Fesie
1589 1222 41 17 cusi
1643 1222 36 17 ben
1693 1222 78 19 riuscite
1778 1223 21 18 in
1812 1225 58 20 tuttu,
1884 1226 86 18 n’aceade

1499 1246 67 22 poche.

1521 1271 30 18 Un
1565 1271 64 18 mancô
1641 1273 124 21 magnuscula
1772 1277 25 14 ne
1804 1274 48 21 vini,
1866 1279 24 13 ne
1898 1276 72 18 musica

1500 1300 25 13 ne
1531 1295 52 21 balli,
1592 1300 24 13 ne
1625 1297 83 17 scaccani
1715 1301 25 14 ne
1747 1298 85 18 discorsi.
1841 1298 58 19 Cume
1903 1300 21 17 in
1934 1302 36 17 tut-

1500 1321 17 17 ti
1522 1326 8 16 ;
1539 1321 113 17 matrimoniï
1658 1321 110 22 Yenachesi,
1777 1323 81 22 apuesia
1866 1324 56 19 Corsa
1929 1325 22 18 fù
1959 1330 11 13 a

1500 1346 70 18 l’onore
1578 1350 11 13 e
1596 1350 27 13 un
1631 1345 60 19 fiaecô
1699 1347 35 18 che
1742 1351 11 13 a
1759 1351 42 14 sera
1808 1353 12 13 a
1828 1348 11 17 6
1847 1353 38 18 ore,
1897 1351 73 21 quande

1500 1375 13 13 n
1527 1370 138 23 Sampetracciu
1675 1376 27 13 un
1709 1376 25 13 ne
1742 1372 59 22 pobbe
1808 1373 40 22 più.
1864 1374 16 18 U
1887 1375 81 22 viulinu,

1500 1396 94 22 passendu
1606 1397 24 16 da
1638 1400 12 14 e
1663 1396 49 17 mani
1726 1397 105 22 agilissime
1838 1399 20 17 di
1866 1404 13 13 n
1892 1400 79 22 giovane

1500 1421 96 18 Clemente
1604 1420 46 19 Sovi
1657 1425 11 14 a
1676 1421 127 20 l’ineullatura
1810 1423 20 18 di
1835 1425 62 17 statua
1905 1426 20 17 di
1933 1431 38 13 ma-

1500 1446 97 18 damicella
1601 1446 107 18 Muraccioli
1713 1446 101 24 d’Ajacciu,
1823 1449 51 18 lentò
1881 1450 20 17 in
1906 1451 64 22 quellu

1499 1471 236 23 frundulumecastagninu
1745 1474 59 17 enote
1811 1473 33 22 più
1849 1474 121 20 inc-antevuli.

1499 1496 18 18 U
1523 1495 108 23 prufessore
1638 1496 20 17 di
1672 1497 71 18 musica
1751 1497 78 24 Pergola
1840 1499 47 19 ebbe
1894 1505 25 13 cu
1930 1506 12 13 a
1950 1506 21 13 so

1500 1525 47 14 voce
1554 1521 20 18 di
1582 1522 65 17 tenore
1653 1522 84 22 leggiere
1745 1527 38 14 una
1790 1523 90 20 frenetica
1893 1526 78 19 seiacca-

1500 1547 79 17 manata.
1588 1546 114 18 Altrettantu
1710 1547 48 22 epiù
1766 1548 92 23 ricevinu,
1865 1555 12 12 u
1885 1550 85 19 discorsu

1499 1571 126 23 impruvisatu
1633 1571 20 18 di
1661 1577 13 12 u
1682 1572 40 23 sgiô
1730 1572 55 23 Luigi
1793 1573 61 23 Soavi,
1864 1580 26 13 un
1903 1576 69 19 discor-

1498 1601 24 14 su
1530 1597 21 17 di
1559 1602 11 12 u
1579 1596 93 19 Stïtutore
1680 1597 82 23 Santoni,
1771 1599 166 22 l’impruvisazioni
1952 1603 18 17 di

1498 1628 15 12 u
1520 1622 41 23 sgiô
1569 1622 88 19 Simeone
1668 1622 78 23 Pergola
1753 1628 11 13 e
1772 1624 8 17 i
1787 1625 51 17 canli
1846 1625 20 18 di
1877 1625 94 21 Clemente

1498 1647 60 22 Viola,
1567 1647 83 23 Pergola,
1658 1648 74 19 Antone
1738 1648 55 19 Costa
1799 1650 75 19 fratellu
1884 1652 19 17 di
1911 1657 13 13 u
1930 1657 42 18 spo-

1499 1677 29 17 su,
1537 1678 15 12 u
1560 1674 76 17 tenente
1644 1673 85 19 Mariani.

1520 1698 17 18 A
1545 1703 10 13 s
1556 1698 13 18 fi
1578 1699 61 17 nostri
1647 1699 52 22 sposi
1708 1699 63 22 amici,
1780 1701 55 22 longa
1847 1702 39 18 vita
1894 1707 11 13 e
1912 1703 60 18 félici-

1499 1724 33 17 tai.

1529 1804 69 21 ...En
1611 1804 85 27 Corse,
1711 1805 25 21 le
1751 1809 159 26 percepteur,
1924 1809 45 27 qui

1499 1840 39 19 est
1555 1840 108 20 souvent
1680 1839 35 22 du
1722 1846 74 22 pays,
1813 1842 156 26 quelquefois

1498 1874 91 23 parent
1596 1872 35 22 du
1635 1872 62 27 juge
1705 1873 31 22 de
1741 1875 62 24 pais:
1809 1881 34 16 ou
1850 1876 34 22 du
1889 1877 78 22 maire

1499 1907 25 20 et
1540 1905 79 22 même
1632 1906 45 22 des
1689 1907 75 28 deux,
1774 1911 38 19 est
1827 1916 36 15 un
1870 1910 98 23 instru-

1498 1941 69 20 ment
1576 1939 31 21 de
1617 1941 162 24 persécution
1787 1943 121 25 précieux
1918 1953 51 15 aux

1498 1972 83 23 mains
1590 1973 16 21 d
1613 1979 36 16 un
1658 1980 65 17 ctan.
1731 1975 103 30 Saisies,
1842 1980 127 23 contrain-

1498 2007 27 20 te
1531 2012 48 19 par
1590 2012 84 21 corps,
1676 2009 236 31 emprisonnement,
1913 2016 56 21 tout

1499 2038 118 23 l’arsenal
1634 2040 32 23 de
1678 2041 26 22 la
1719 2042 37 23 loi
1764 2046 39 20 est
1816 2045 95 28 braqué
1921 2055 48 20 par

1500 2072 39 22 lui
1550 2079 44 16 sur
1603 2074 171 26 l’aclversaire.

1790 2111 55 20 Paul
1853 2114 95 21 Bourde.

2005 107 113 22 Militant
2132 106 30 21 de
2170 105 116 26 toujours
2292 112 65 19 pour
2364 105 24 22 la
2399 112 58 15 cau-

1984 147 12 16 s
2002 148 14 15 e
2026 141 130 24 bretonne,
2176 138 125 22 l’attitude
2317 138 33 22 de
2358 139 73 21 Paris
2442 144 16 15 a

1982 174 114 25 toujours
2112 172 38 22 été
2160 177 66 20 pour
2236 171 53 21 moi
2300 178 32 15 un
2341 172 66 26 sujet
2425 171 32 22 de

1985 207 113 23 douleur.
2115 206 66 21 Tous
2191 204 38 22 les
2245 205 90 25 appels
2350 211 47 20 que
2412 201 46 30 j’ai

1984 241 58 22 faits
2047 247 33 15 au
2084 238 95 23 conseil
2183 237 102 27 général
2295 238 71 21 n’ont
2368 237 92 27 jamais

1986 274 38 22 été
2031 272 110 24 honorés
2150 272 31 21 de
2186 272 26 20 la
2218 271 117 22 moindre
2340 271 116 26 réponse.

1986 308 69 21 Nous
2067 311 107 18 sommes
2181 304 142 22 contraints
2330 304 32 22 de
2370 310 88 15 recon-

1986 341 81 22 naître
2079 346 48 20 que
2135 343 65 17 nous
2207 343 32 15 ne
2247 343 118 19 pouvons
2377 343 83 19 comp-

1986 376 39 20 ter
2033 380 48 20 que
2089 379 43 15 sur
2141 369 172 24 nous-mêmes
2316 372 26 19 et
2351 376 43 15 sur
2399 370 60 25 l’ap-

1987 408 44 25 pui
2043 407 31 21 de
2085 409 57 18 tous
2153 405 36 21 les
2200 403 65 22 bons
2277 403 116 26 citoyens
2408 404 51 25 qui,

1989 441 63 21 dans
2062 440 37 21 les
2108 444 63 21 pays
2180 437 61 22 dont
2249 437 24 20 le
2280 436 130 26 problème
2420 439 39 19 est

1989 473 137 22 semblable
2137 478 33 15 au
2185 472 82 25 notre,
2278 470 103 21 veulent
2396 470 64 21 faire

1988 507 99 21 revivre
2093 506 37 21 les
2138 504 134 26 provinces
2281 503 65 22 dans
2352 502 108 23 l’intérêt

1989 539 59 22 bien
2060 538 109 26 compris
2178 537 31 22 de
2217 539 66 20 tous.

2283 570 31 21 P.
2322 570 110 21 Mocaer.

2012 604 145 23 Conseiller
2163 603 107 26 général
2280 603 34 21 du
2325 603 134 22 Finistère.

2050 755 143 35 Produit
2202 755 210 42 hygiénique

2128 800 86 22 d’une
2221 798 112 28 qualité

2146 828 169 27 supérieure

2052 859 134 27 l’alcool
2202 858 45 27 de
2264 857 144 27 menthe

2045 902 370 119 RICÛLËS

2081 1020 57 33 est
2151 1017 229 43 économique

2166 1180 126 25 Avvisu

1980 1242 5 30 |
2022 1244 110 20 Durente
2142 1243 121 22 l’istatina
2269 1243 196 28 (lugliu-sittem-

1980 1277 6 22 \
1995 1275 45 22 bre
2049 1276 9 27 )
2075 1277 19 20 A
2129 1275 94 22 Müvra
2253 1276 156 22 unn’isciarà
2435 1282 30 16 ca

1980 1309 6 26 l
1996 1309 61 25 ogni
2069 1309 113 26 quindici
2187 1309 80 27 jorni.

1981 1353 5 15 ;
2023 1342 207 23 L’abbunamenti
2247 1349 95 16 saranu
2359 1343 104 27 prulun-

1980 1364 5 11 i

1981 1378 5 12 :
1996 1376 53 25 gati
2059 1375 59 22 d’un
2124 1382 76 16 mese.

2022 1853 82 24 Quelli
2115 1853 42 21 chi
2172 1853 120 22 ricevenu
2305 1853 25 21 A
2347 1853 50 22 MU
2397 1854 68 22 VBA

1993 1902 14 14 e
2024 1895 74 21 ch’un
2116 1895 23 22 si
2154 1895 94 22 volenu
2258 1895 82 22 micca
2357 1895 108 26 abbunà,

1993 1940 129 21 unn’hann
2133 1945 49 16 caa
2188 1940 120 21 ricusalla
2315 1946 17 15 a
2340 1946 18 15 u
2366 1940 93 25 pidone

2460 1966 7 7 e

1997 2046 98 22 Àiacciu
2104 2059 28 3 —
2145 2046 131 29 Stamparia
2284 2046 24 22 di
2331 2048 23 21 A
2362 2047 92 22 Muvm

1996 2079 21 23 U
2032 2079 230 24 Direttore-Gerenle
2272 2087 6 15 :
2288 2080 71 22 Petru
2368 2080 99 23 ROCCA

1857 2198 23 24 F
1881 2202 253 25 unziimarismu

1689 2661 29 5 —
1733 2649 30 23 Se
1775 2654 27 19 tu
1814 2652 38 22 chi
1867 2653 55 22 Fhai
1936 2657 81 21 tomba
2032 2660 4 7 ’

26 2730 93 25 Fnglittinu
125 2737 18 18 di
147 2739 20 17 A
170 2739 104 19 Muvra—
279 2745 19 13 n.
315 2740 45 18 72—
368 2740 38 18 diu
416 2739 62 20 1-9-27

43 2785 235 57 PASÔÜALE
311 2791 145 51 PA0L1

213 2861 66 19 OSSIA

60 2890 34 37 La
111 2893 77 39 Botta
205 2898 32 35 di
249 2897 178 36 Pontenuovo

28 2935 451 36 RACONTOCORSODELSECOLO

201 2981 84 23 XVIII

235 3016 23 18 DI

108 3040 30 25 F.
152 3044 36 24 B.
206 3045 176 26 Guerraaeizi

179 3140 123 29 (Seguito)

83 3210 145 28 Decemviro
244 3216 86 28 spiegé
342 3217 22 21 la
382 3218 73 24 carta,
469 3222 13 15 e

27 3240 105 29 accostato
144 3255 30 15 un
187 3250 65 21 lume
267 3250 63 21 lesse
345 3250 30 21 ad
384 3251 47 20 alta
439 3255 45 16 vo-

27 3273 32 19 Ce'
88 3288 5 4 '
104 3280 51 22 üb..
169 3288 52 16 co..
235 3283 121 22 Romani.,
370 3283 60 27 pino
440 3284 41 20 la.,

39 3311 84 22 -quei..
130 3317 143 26 pan..nacci;
277 3328 29 4 —
310 3317 40 27 qui
356 3317 17 21 il
380 3317 103 21 Decem-

27 3337 45 23 Vlr°
82 3343 216 32 interrompendosi
311 3349 125 27 interrogé
453 3350 29 20 da

26 3371 51 25 CaP°
117 3385 14 15 e
138 3384 87 23 questo
237 3383 45 21 che
293 3383 105 27 importa
405 3383 13 20 ?

81 3410 16 20 E
108 3412 81 24 chiaro
207 3421 70 17 corne
289 3417 18 21 il
324 3418 51 20 sole
383 3423 7 19 ;
402 3415 79 22 costui

37 3440 11 15 a
58 3443 97 25 caricato
164 3448 25 21 lo
198 3449 120 28 schioppo
327 3455 46 16 con
385 3450 22 21 la
419 3451 63 19 carta

23 3470 9 14 s
41 3474 93 25 r&cciata
145 3480 39 22 dal
191 3482 64 22 libro
268 3483 23 21 di
310 3483 64 21 conti
387 3483 24 20 di
429 3487 53 16 casa

22 3502 37 46 ^Ua
66 3520 5 10 >
83 3514 48 18 non
139 3513 120 24 ricordate
273 3515 42 21 voi
328 3515 44 22 che
385 3521 45 15 suo
441 3521 41 20 pa-

22 3539 36 43 gre
67 3543 77 22 Vende
155 3547 130 28 legname?
300 3547 21 23 Il
332 3548 100 21 diavolo
444 3547 38 21 in-

44 3573 43 21 §na
95 3580 13 15 a
116 3576 48 24 fare
174 3581 25 21 le
210 3583 108 25 pentole,
327 3587 39 16 ma
379 3587 49 16 non
444 3581 37 21 in-

21 3604 67 22 1-egna
97 3613 14 15 a
123 3609 131 28 fabbricare
266 3615 8 22 i
283 3615 67 22 testi.

77 3637 17 22 E
106 3647 64 24 vero,
184 3646 15 21 è
210 3654 69 21 vero,
288 3648 70 29 grida
365 3649 24 20 la
400 3647 83 23 molti-

504 2746 84 21 tudine
595 2751 46 17 con
650 2749 246 28 crescentefurore,la
903 2751 75 23 Prov-

506 2778 108 27 videnza,
623 2781 24 21 lo
655 2781 30 21 ha
694 2783 130 27 convinto;
832 2790 28 15 su
872 2785 40 22 via
922 2791 57 16 con-

507 2812 128 23 dannalelo
645 2820 6 15 :
665 2820 29 15 va
714 2815 130 28 impiccato
857 2819 88 26 subito,
965 2825 14 15 e

508 2845 41 27 qui
558 2847 23 20 al
589 2850 113 24 cospetto
713 2849 39 21 del
761 2853 91 19 morto.

536 2879 18 21 E
570 2885 69 16 corne
660 2882 147 26 perincanto
815 2883 87 24 furono
914 2886 65 21 viste

509 2913 80 22 alzarsi
600 2914 29 21 da
638 2916 64 20 terra
709 2916 24 21 le
744 2915 92 27 forche,
847 2924 32 15 un
889 2919 55 27 paio
954 2919 24 21 di

509 2947 70 25 scale,
592 2953 13 15 e
620 2947 97 24 intorno
732 2950 30 21 ad
773 2955 54 16 esse
837 2951 143 22 sbracciarsi

508 2983 73 26 gente
592 2981 32 21 ad
633 2983 133 22 ammanire
775 2984 23 21 la
810 2983 64 28 fune,
891 2991 13 15 e
915 2985 66 22 insa-

510 3016 107 26 ponarla.
629 3015 31 22 Le
669 3017 63 26 quali
744 3019 164 25 provvidenze
919 3025 14 15 a
940 3019 40 21 cui

510 3049 100 21 serbava
622 3050 20 20 la
656 3052 82 19 mente
748 3053 83 25 pacata
842 3053 138 21 lasciavano

510 3084 131 22 sospettare
654 3083 45 21 che
709 3085 61 20 tutta
782 3086 79 25 quella
868 3086 113 21 faccenda

510 3115 65 22 fosse
584 3116 182 27 apparecchiata
776 3118 23 21 di
812 3119 72 28 lunga
898 3124 81 20 mano,

511 3155 12 14 e
531 3148 166 28 qualcheduno
706 3150 93 21 facesse
807 3151 72 23 fuoco
887 3151 95 22 nell’or-

510 3183 39 21 cio
564 3182 90 27 perché
666 3182 118 29 l’indugio
795 3190 51 16 non
865 3185 117 28 pigliasse

509 3216 170 22 vizio.Intanto
693 3216 87 23 Grazio
791 3223 46 16 ave
839 3224 30 16 va
884 3224 71 22 perso
964 3220 19 20 il

510 3250 63 20 lume
580 3249 64 27 degli
652 3249 78 26 occhi,
737 3256 12 15 e
757 3250 126 23 diventato
891 3252 91 21 deltut-

510 3285 25 18 to
548 3283 86 20 insano
647 3288 43 21 per
698 3283 91 25 rabbia,
799 3289 44 16 con
858 3285 24 20 le
893 3286 90 20 minac-

509 3315 39 22 cie
558 3320 13 16 e
581 3315 7 21 i
600 3315 145 27 giuramenti
757 3317 107 21 rendeva
875 3318 106 26 pessima

509 3349 22 21 la
541 3354 42 15 sua
594 3354 72 15 causa
674 3347 43 28 già
724 3349 112 22 cattiva.I
848 3350 91 27 giudici
950 3351 32 21 ti-

509 3381 120 22 tubavano
641 3386 48 16 non
702 3382 62 21 mica
777 3382 89 27 perché
874 3384 24 20 le
905 3389 77 21 prove

510 3414 161 26 difettassero,
681 3415 46 21 che
740 3416 50 21 anzi
806 3417 136 21 credevano
953 3423 29 15 ce

509 3454 31 15 ne
554 3447 65 22 fosse
630 3448 122 26 d’avanzo,
767 3455 40 15 ma
815 3449 90 27 perché
913 3455 70 21 pare-

509 3487 30 15 va
549 3481 53 21 loro
612 3482 88 20 cedere
707 3481 131 28 all’impeto
852 3483 128 27 popolare:

509 3514 56 22 l’uni
568 3519 27 16 ca
603 3519 59 16 cosa
669 3515 43 21 che
719 3515 18 20 li
749 3517 138 20 tratteneva
896 3516 39 21 dal
941 3516 41 20 da-

508 3553 26 16 re
551 3548 22 20 la
585 3548 112 21 sentenza
712 3553 39 16 era
763 3548 19 21 il
796 3549 90 21 timoré
897 3548 45 21 che
964 3549 17 20 il

509 3580 112 28 generale
643 3580 155 22 rinfacciasse
823 3582 53 20 loro
899 3582 82 20 averla

510 3613 131 22 conceduta
649 3614 48 21 allô
704 3613 146 22 schiamazzo
855 3614 127 27 popolare,'

497 3670 6 5 _
510 3646 57 28 perô
577 3646 21 21 si
607 3651 46 16 con
657 3651 87 17 osceva
751 3646 137 22 chiaro'che
896 3646 86 21 avreb-

1004 2752 58 22 bero
1082 2752 133 22 terminato
1226 2754 38 21 col
1280 2754 111 23 mandare
1403 2761 29 16 su
1450 2757 23 20 le

1004 2785 84 22 forche
1100 2785 18 22 il
1126 2785 113 27 Romani,
1253 2787 20 21 si
1286 2787 88 28 perché
1385 2789 24 21 lo
1416 2795 59 15 ave-

1004 2824 64 16 vano
1081 2824 71 22 preso
1164 2819 24 21 in
1211 2819 43 26 ira,
1267 2821 31 21 ed
1310 2826 59 16 anco
1386 2822 88 27 perché

1005 2852 147 21 dubitavano
1161 2857 50 17 non
1220 2853 26 22 lo
1255 2853 141 28 impiccasse
1403 2855 18 22 il
1433 2861 41 21 po-

1005 2886 57 26 polo
1074 2885 123 22 senz’altra
1206 2885 78 24 forma
1295 2887 26 21 di
1332 2887 114 27 giudizio.

1033 2918 28 22 In
1071 2921 84 25 questa
1166 2924 112 22 suprema
1285 2920 90 22 ansietà
1386 2922 89 22 lamol-

1005 2951 104 22 titudine
1120 2951 65 28 dopo
1196 2952 24 21 le
1231 2954 77 27 spalle
1320 2954 38 21 dei
1374 2954 102 23 Decem-

1006 2985 54 25 viri,
1068 2984 147 23 obbedendo
1225 2987 143 27 adimpulso
1379 2988 44 21 che
1434 2995 42 15 ve-

1006 3018 57 21 niva
1073 3018 31 21 da
1113 3019 108 25 lontano,
1231 3020 148 22 incominciò
1387 3027 14 15 a
1411 3022 64 21 dira-

1007 3051 61 22 darsi
1082 3052 153 27 spartendosi
1243 3059 14 15 a
1272 3059 84 16 manca
1364 3060 13 15 e
1389 3060 13 15 a
1415 3055 61 22 sini-

1007 3087 43 23 tra,
1060 3085 65 21 nelia
1133 3085 69 27 guisa
1211 3085 44 22 che
1263 3087 24 21 le
1296 3093 74 21 acque
1377 3089 99 27 tagliate

1007 3117 108 29 fuggono
1126 3119 177 27 gorgogliando
1315 3121 73 27 lungo
1400 3121 7 21 i
1417 3121 60 22 fian-

1008 3151 38 22 chi
1053 3152 40 21 del
1100 3150 121 28 piroscafo
1227 3152 44 21 che
1280 3153 20 22 si
1308 3159 86 16 avanza
1402 3161 5 19 ;
1414 3161 63 16 sem-

1008 3190 42 22 pre
1060 3190 14 15 e
1086 3183 43 28 più
1141 3190 95 21 sempre
1254 3187 158 27 slargandosi,
1433 3194 45 21 per

1007 3218 87 21 ultimo
1105 3217 75 22 lasciô
1192 3217 20 22 il
1220 3223 85 23 campo
1316 3220 29 21 ad
1356 3226 31 15 un
1394 3226 82 17 nuovo

1008 3251 173 27 personaggio.
1195 3251 19 21 il
1229 3253 69 25 quale
1312 3258 91 22 appena
1412 3260 65 16 com-

1008 3289 71 22 parso
1102 3289 80 16 venne
1205 3285 101 22 salutato
1330 3286 36 21 dal
1385 3289 91 25 popolo

1009 3322 45 16 con
1070 3318 25 20 le
1106 3317 56 22 voci
1173 3323 6 14 :
1192 3328 28 4 —
1234 3318 59 21 viva
1310 3319 18 21 il
1348 3322 110 25 generale
1468 3321 6 20 !

1008 3350 57 21 viva
1077 3350 18 21 il
1107 3349 67 22 Paoli
1185 3350 5 20 !

1034 3382 21 22 Il
1066 3383 86 28 signor
1160 3383 119 21 Giacomo
1287 3385 123 22 tutt’occhi
1417 3386 59 22 fìssò

1008 3415 98 26 l’uomo,
1113 3422 13 15 e
1133 3417 24 21 lo
1164 3417 59 20 vide
1230 3417 58 24 alto,
1298 3419 144 27 complesso,
1450 3421 24 20 di

1007 3448 76 23 faccia
1094 3450 65 27 larga
1171 3456 13 15 e
1197 3454 92 20 accesa,
1298 3454 69 19 senza
1376 3453 56 26 pelo
1444 3455 31 20 al-

1008 3488 68 20 cuno,
1090 3483 25 20 di
1132 3482 159 27 sopracciglia
1301 3488 84 21 grosse
1402 3492 13 15 e
1436 3492 41 22 ag-

1007 3516 126 26 grondate,
1145 3516 25 21 lo
1179 3515 105 27 sguardo
1293 3514 79 25 feroce
1381 3525 6 19 ;
1397 3521 81 25 porta-

1007 3553 31 16 va
1047 3554 33 15 un
1093 3548 127 22 berettone
1231 3553 61 16 nero
1303 3547 50 24 fino
1364 3552 62 26 sugli
1441 3558 39 16 oc_

1009 3580 48 26 chi,
1066 3586 15 16 e
1093 3581 24 21 di
1126 3584 66 19 sotto
1207 3587 13 15 a
1232 3581 82 23 quello
1326 3584 153 23 scaturivano

1009 3614 89 21 alcune.
1113 3614 100 22 ciocche
1223 3614 26 20 di
1266 3615 86 25 capelli
1370 3617 24 20 di
1411 3618 69 22 color

1009 3646 66 21 fulvo
1086 3653 6 19 ;
1103 3647 18 21 il
1129 3653 45 15 suo
1185 3646 93 22 vestire
1287 3652 46 17 era.
1340 3649 24 20 la
1371 3655 108 21 gamarra

1501 2758 24 21 di
1534 2765 81 20 panno
1628 2760 70 23 côrso
1707 2763 62 21 cinta
1779 2765 45 20 alla
1836 2766 52 21 vita
1896 2771 46 17 con
1952 2768 22 21 la

1500 2797 48 15 car
1547 2791 60 23 cher
1607 2799 17 15 a
1635 2794 48 22 don
1686 2795 30 21 de
1728 2797 142 25 pendevano
1881 2800 93 22 sciabo-

1500 2825 31 25 la,
1554 2826 89 27 pistole
1662 2833 14 16 e
1694 2831 105 26 pugnale
1807 2837 6 20 ;
1826 2833 64 20 nelle
1908 2835 65 20 mani

1501 2859 125 27 stringeva
1643 2861 18 21 il
1672 2862 137 24 moschetto
1818 2871 6 20 ;
1846 2867 99 22 notabili
1966 2868 7 21 i

1501 2893 84 20 calzari
1602 2896 120 26 composti
1736 2897 24 21 di
1773 2898 86 22 strisce
1871 2899 24 21 di
1911 2902 64 25 pelle

1501 2925 24 21 di
1537 2926 95 27 cignale
1643 2929 86 21 concie
1741 2935 46 17 con
1798 2932 23 21 la
1836 2933 101 26 polvere
1950 2935 24 21 di

1501 2959 79 21 mirto.
1591 2959 51 28 Egli
1652 2961 22 21 si
1682 2961 53 22 fece
1745 2963 94 23 innanzi
1849 2971 44 16 con
1903 2973 71 21 passo

1501 2992 90 26 sicuro,
1602 2997 95 19 mentre
1715 3002 32 15 un
1759 3002 59 17 cane
1832 2999 142 28 gigantesco

1501 3025 34 27 gli
1545 3027 88 21 teneva
1644 3028 19 21 il
1671 3034 70 17 muso
1754 3031 67 26 quasi
1841 3034 134 27 appoggia-

1501 3060 27 20 to
1548 3060 45 20 aile
1611 3061 89 26 gambe
1710 3068 5 19 ;
1738 3068 68 17 senza
1824 3065 149 28 rispondere,

1502 3097 70 16 senza
1591 3094 104 22 salutare
1710 3096 21 21 si
1743 3097 55 21 locò
1811 3097 25 22 in
1856 3104 78 17 mezzo
1952 3101 23 22 ai

1503 3124 141 24 Decemviri
1654 3133 7 20 ;
1673 3128 23 21 le
1716 3130 71 21 turbe
1801 3130 21 22 si
1836 3133 140 23 .clamorose

1502 3164 63 20 poco
1576 3160 52 21 anzi
1635 3161 86 22 adesso
1728 3164 127 26 tacevano,
1866 3165 108 23 sicchèsi

1503 3192 73 21 udiva
1585 3193 17 21 il
1610 3192 70 24 fiotto
1690 3195 61 22 délia
1761 3195 131 25 Restonica
1901 3204 76 18 quan-

1502 3226 90 26 tunque
1600 3232 80 17 scarsa
1689 3227 24 22 di
1721 3234 75 22 acque
1805 3237 7 19 ;
1823 3231 48 28 egli
1878 3237 46 16 con
1933 3238 43 17 vo-

1497 3263 33 17 .ce
1543 3258 81 23 chiara
1635 3260 68 26 parlé
1713 3267 6 16 :

1528 3291 111 28 —Degni
1647 3293 25 20 di
1679 3294 85 22 liberté
1772 3300 140 19 veramente
1919 3300 57 21 voi?

1503 3322 139 23 Meritevoli
1654 3327 100 26 proprio
1766 3328 39 21 del
1817 3330 84 25 plauso
1914 3332 62 21 délia

1504 3356 93 27 Europa
1608 3364 8 14 1
1636 3357 80 28 Côrsi,
1734 3360 45 21 che
1792 3361 149 29 impongono
1952 3365 24 21 le

1502 3392 113 19 sentenze
1627 3391 21 21 ai
1666 3392 90 27 giudici
1770 3399 68 17 corne
1851 3395 24 21 in
1890 3397 85 28 Algeri

1502 3423 23 21 le
1534 3423 125 22 bastonate
1671 3426 47 26 agli
1729 3426 92 23 schiavi
1830 3429 13 20 ?

1530 3455 98 28 Serena,
1639 3458 44 21 che
1693 3458 49 22 fìno
1752 3466 12 15 a
1774 3462 56 25 quel
1838 3464 75 24 punto
1925 3469 51 15 non

1504 3494 76 16 aveva
1591 3492 96 20 trovato
1700 3494 129 21 occasione
1840 3495 25 20 di
1874 3494 36 22 far
1922 3501 55 16 sen-

1503 3522 48 21 tire
1561 3523 22 20 la
1601 3528 42 15 sua
1655 3529 69 20 voce,
1739 3525 19 20 si
1771 3526 62 27 gitté
1851 3527 24 21 in
1892 3529 84 26 ginoc-

1506 3554 56 22 chio
1573 3561 14 14 a
1599 3560 60 22 capo
1669 3556 38 21 del
1716 3558 117 22 cadavere
1846 3560 24 21 di
1879 3566 44 16 suo
1935 3567 43 21 pa-

1506 3587 51 25 dre,
1567 3593 13 15 e
1588 3593 46 16 con
1639 3588 25 21 le
1675 3589 94 22 braccià
1780 3591 80 22 levate
1868 3599 70 21 prese
1947 3595 30 20 ad

1505 3620 130 22 esclamare
1642 3627 6 15 :

1534 3653 157 28 —Vendetta,
1699 3656 85 27 signor
1787 3659 113 25 generale
1905 3658 7 21 !
1916 3664 60 16 ven-

2001 2774 66 23 detta
2072 2776 5 21 !

2028 2811 20 21 Il
2061 2812 67 23 Paoli
2140 2815 23 20 le
2175 2816 72 22 vibré
2261 2817 150 24 un’occhiata
2425 2822 49 19 ter-

2000 2844 71 23 ribile
2084 2852 14 16 e
2109 2848 94 27 rispose
2213 2857 5 13 :

2066 2879 50 27 Qui
2123 2887 48 17 non
2185 2883 78 23 siamo
2270 2891 44 21 per
2326 2885 51 23 fare
2385 2887 23 21 la
2416 2893 57 16 ven-

2000 2912 65 22 detta
2076 2915 26 20 di
2113 2921 33 16 un
2159 2922 81 22 uomo,
2255 2919 69 22 bensi
2334 2921 139 28 lagiustizia

2000 2946 39 21 del
2051 2953 72 21 paese
2132 2956 6 19 ;
2154 2950 120 24 rimovete
2283 2954 24 20 di
2321 2954 47 27 quà
2380 2957 93 19 coteslo

2000 2983 94 23 morto;
2107 2985 82 24 potete
2200 2986 103 27 deporlo
2312 2989 64 20 nella
2383 2989 90 27 capella

2000 3012 22 21 là
2034 3013 150 30 dirimpetto.

2068 3047 112 26 Nessuno
2190 3053 26 21 lo
2233 3054 81 21 tocchi
2325 3061 6 20 ;
2352 3061 119 20 nessuno;

2001 3085 49 16 non
2062 3081 62 22 deve
2136 3086 69 20 starsi
2219 3090 112 24 separato
2342 3089 30 21 da
2382 3095 47 16 me.

2028 3125 10 4 -
2050 3126 4 3 -
2067 3114 17 22 E
2094 3117 37 20 voi
2141 3119 87 21 andate
2237 3126 45 16 con
2297 3127 81 21 esso,e
2389 3128 85 22 prega-

2001 3148 25 18 te
2036 3153 43 21 per
2087 3149 9 21 1
2104 3151 130 23 anima'sua
2244 3160 7 19 ;
2261 3157 87 24 questo
2361 3156 20 21 si
2388 3155 84 22 addice

2000 3182 91 25 meglio
2097 3188 14 15 a
2118 3183 111 25 fanciulla
2236 3188 30 21 ed
2272 3194 14 15 a
2294 3189 108 28 figliupla
2409 3193 62 17 :vos-

2003 3218 35 16 £ro
2050 3216 73 25 padre
2131 3218 86 23 adesso
2226 3222 20 20 si
2261 3222 159 22 raccomanda
2430 3220 42 28 piu

2002 3247 22 20 al
2035 3249 109 24 perdono
2153 3251 23 22 di
2190 3252 57 28 Dio,
2262 3255 44 22 che
2318 3256 47 21 alla
2373 3254 100 22 vendet-

2000 3280 25 19 ta
2036 3280 65 29 degii
2114 3286 101 21 uomini.
2224 3299 29 4 —

2029 3312 96 25 Intanto
2135 3321 94 23 quattro
2240 3323 93 21 uomini
2343 3324 98 24 presero
2450 3319 20 20 la

2002 3345 88 23 barella
2110 3349 63 23 dove
2192 3353 102 27 giaceva
2317 3356 19 21 il
2356 3354 115 21 cadavere

2001 3378 185 32 delLAlbertini,
2200 3392 14 15 e
2233 3387 90 23 Serena
2342 3386 79 23 affisse
2438 3385 33 28 gli

2002 3412 68 21 occhi
2083 3420 13 15 a
2107 3417 62 21 terra
2178 3418 65 23 forse
2256 3423 40 20 nel
2308 3422 111 21 concetto
2431 3419 40 20 del

2001 3446 117 23 marinaio
2126 3449 44 22 che
2176 3455 64 24 getta
2248 3455 22 20 le
2278 3455 98 24 âneore,
2384 3451 88 29 perché

2001 3477 22 20 la
2037 3484 63 17 nave
2116 3487 48 17 non
2183 3491 77 23 venga
2278 3489 122 26 strappata
2411 3486 60 21 dalla

2002 3511 109 29 spiaggia
2118 3515 28 20 du
2156 3519 101 24 qualche
2264 3521 81 21 raffica
2351 3521 25 20 di
2382 3520 75 20 vento
2463 3523 7 14 :

2187 3630 157 32 (Cuntinua)
