2619 3912
77 155 65 28 ^uttu,
170 161 78 19 Canta
267 164 15 14 a
298 162 103 15 ccinzonci
417 155 28 20 di
457 161 16 14 u
484 154 65 25 papà

76 190 95 24 (jlralalà
192 190 36 20 ch'
228 190 14 19 è
258 190 72 19 mortu
346 187 24 20 lu
383 186 77 25 papà,
476 185 22 20 ci
517 184 32 20 ha

76 221 81 25 lagatu
167 222 103 23 patrone
282 219 27 19 di
321 223 62 15 casa.
392 216 10 25 )
410 217 14 19 è
438 218 67 17 tantu
509 215 40 24 fie-

77 258 28 14 ra
120 251 95 25 quande
238 250 20 20 li
269 249 52 20 dieu
336 247 81 21 ch’ella
437 247 29 19 sà
478 245 71 25 parla

79 289 38 13 cor
116 288 27 14 su
151 282 12 20 !

106 313 25 19 Vi
142 315 76 22 pregu
244 311 27 20 di
286 309 70 23 crede,
378 314 57 14 caru
456 309 93 21 cumpa-

78 344 67 19 triotu
167 349 16 13 a
191 342 11 20 i
207 341 126 21 sintimenti
361 336 135 27 simpatichi
518 336 26 19 di

78 374 37 20 un'
129 373 122 25 Ajaccina.

418 398 26 21 A
457 397 34 21 .C.

80 520 49 47 Le
144 517 215 49 Paludisme
370 528 48 32 en
433 513 116 47 Corse

105 619 114 20 Personne
225 616 99 25 n'ignore
329 612 105 25 l'énergie
441 610 107 26 déployée

80 656 40 19 par
127 649 21 20 le
155 648 177 25 gouvernement
339 643 75 21 italien
423 648 58 19 pour
490 647 59 13 com-

81 680 69 20 battre
165 679 23 19 le
204 676 124 26 paludisme
340 674 54 19 dont
410 672 35 20 les
461 670 87 20 méfaits

79 709 142 21 s’exercaient
237 713 39 14 sur
292 706 20 19 la
333 702 75 22 moitié
424 701 30 20 de
474 700 22 19 la
511 700 29 24 pé

79 739 88 21 ninsule
175 746 7 17 ;
192 742 24 16 et
224 737 84 20 chacun
316 735 47 23 sait,
368 732 69 23 aussi,
448 731 28 20 de
485 729 63 26 quels

79 770 101 20 résultats
189 772 41 17 ont
244 768 34 19 été
287 765 122 22 couronnés
418 768 38 14 ces
464 761 83 20 efforts.

105 801 9 17 T
118 800 70 18 .'Italie
202 802 36 17 est
254 795 134 27 aujourd’hui
404 794 13 19 à
436 798 44 19 peu
498 791 50 24 près

80 832 14 19 à
110 830 62 21 l’abri
190 829 30 20 de
237 835 26 13 ce
278 827 60 20 triste
354 825 57 20 fléau
419 826 29 17 -et
460 822 39 20 des
508 822 40 19 mi-

81 862 51 19 liers
149 860 132 22 d’hectares,
305 857 47 20 hier
367 860 83 15 encore
467 853 82 21 insalu-

82 892 57 23 bres,
157 894 53 17 sont
224 891 14 18 à
252 889 87 25 présent
356 886 67 20 livrés
444 885 13 20 à
474 885 22 19 la
504 884 45 20 cul-

79 926 49 16 ture
143 925 23 16 et
179 919 141 22 contribuent
333 919 13 18 à
354 915 97 22 enrichir
464 915 22 20 le
494 921 54 19 pays

82 953 54 20 dans
144 952 40 19 des
193 949 140 27 proportions
350 945 172 26 remarquables.

105 983 32 20 Ce
150 982 147 25 gigantesque
311 978 67 23 effort,
391 977 101 19 d’autant
499 975 50 25 plus

81 1013 112 21 méritoire
199 1011 54 25 qu’il
258 1013 34 17 est
303 1009 39 20 fait
352 1014 39 19 par
409 1013 46 14 une
473 1005 75 21 nation

81 1044 54 20 dont
148 1043 33 20 les
198 1041 110 25 capacités
323 1038 133 22 financières
468 1036 82 25 parais-

80 1077 49 18 sent
135 1079 62 14 assez
215 1071 132 22 restreintes,
359 1076 12 13 a
385 1069 36 19 été
438 1067 112 24 éloquem-

80 1108 61 17 ment
158 1103 127 21 commenté
306 1107 39 18 par
358 1100 21 20 la
396 1104 78 19 presse
488 1103 62 14 mon-

81 1135 57 20 diale
145 1138 29 20 et,
182 1135 143 20 récemment,
339 1130 78 21 attesté
425 1134 57 15 avec
490 1127 60 20 force

81 1172 40 18 par
136 1165 40 20 des
190 1162 115 22 sommités
325 1160 119 22 médicales
464 1162 23 17 et
510 1158 40 20 des

80 1195 136 26 hygiénistes
237 1200 29 14 en
289 1198 74 15 renom
371 1190 47 26 qui,
439 1195 54 15 sous
517 1189 33 20 les

81 1226 100 25 auspices
199 1225 29 20 de
253 1224 22 19 la
287 1222 83 21 Société
384 1221 41 20 des
450 1220 99 21 Nations,

81 1260 53 18 vont
147 1254 161 26 entreprendre
331 1253 28 20 de
374 1255 77 17 vastes
474 1249 77 21 études

83 1294 38 14 sur
133 1287 21 20 le
169 1285 135 21 Paludisme.

107 1317 91 21 Chacun
222 1316 43 20 sait
286 1315 52 23 cela,
356 1314 150 22 disons-nous,
530 1314 22 17 et

82 1355 31 14 un
128 1348 67 20 doute
209 1348 14 19 à
241 1353 26 13 ce
284 1345 57 25 sujet
364 1350 58 14 nous
440 1342 113 26 paraîtrait

83 1385 55 19 pour
154 1378 22 20 le
190 1377 75 21 moins
288 1375 121 21 téméraire.

106 1409 71 20 Même
196 1414 29 14 en
239 1407 127 20 raisonnant
382 1412 41 17 par
440 1403 112 22 l’absurde

80 1447 30 14 on
126 1445 29 14 ne
171 1442 55 23 peut
240 1439 48 20 nier
303 1437 125 20 l’évidence.

106 1471 81 20 Erreur
195 1471 6 19 !
219 1471 55 20 c’est
297 1474 55 15 nous
364 1467 43 25 .qui
424 1472 73 15 avons
509 1468 44 17 tort

83 1506 23 17 et
113 1509 26 14 ce
146 1505 52 17 sont
206 1502 34 19 les
254 1501 106 20 docteurs.

109 1533 68 20 Notre
194 1538 63 15 soeur
270 1530 67 21 latine
350 1533 34 17 est
408 1529 102 25 toujours
523 1534 29 13 en

82 1564 61 26 proie
157 1564 15 19 à
188 1564 24 19 la
228 1561 88 22 terrible
336 1560 90 21 malaria
457 1558 96 26 laquelle

81 1601 80 18 ravage
178 1594 35 20 les
231 1593 56 20 trois
299 1594 78 23 quarts
393 1591 31 20 de
441 1590 25 21 la
471 1590 81 25 pénin-

81 1625 71 23 sule..,
162 1629 24 16 et
201 1624 111 21 d’ailleurs
330 1623 16 20 il
359 1622 62 21 allait
446 1628 57 19 pour
510 1621 42 20 elle

85 1656 64 20 d’une
166 1655 105 26 question
287 1654 28 20 de
341 1654 34 20 vie
391 1656 24 18 et
433 1652 29 21 de
487 1654 66 22 mort,

82 1687 72 20 tandis
169 1693 46 18 que
231 1692 59 19 pour,
302 1685 21 20 la
336 1684 69 21 Corse
412 1693 28 4 —
448 1689 38 14 car
499 1682 55 21 c’est

80 1724 26 14 ce
128 1717 38 25 qui
197 1723 59 14 nous
280 1716 136 20 intéresse—
424 1714 23 20 le
461 1720 38 14 cas
519 1716 35 17 est

84 1748 114 25 beaucoup
208 1747 76 21 moins
292 1753 66 19 grave
363 1749 22 17 et
393 1747 91 23 partant
491 1744 63 25 point

82 1779 55 20 n’est
160 1778 80 21 besoin
258 1778 28 20 de
303 1778 45 19 s’en
357 1775 117 22 émouvoir
490 1778 63 17 outre

84 1816 111 14 mesure...

109 1840 40 20 Les
166 1845 95 19 moyens
273 1838 110 25 employés
395 1838 92 25 jusqu’à
504 1837 49 25 pré-

84 1874 49 17 sent
151 1870 105 21 suffisent
266 1869 57 20 donc
327 1869 137 25 amplement
478 1869 13 20 à
500 1867 53 21 maî-

85 1901 64 20 triser
171 1901 22 20 le
211 1900 45 21 mal
268 1900 39 25 qui
323 1907 28 13 ne
371 1899 85 21 saurait
472 1898 81 21 revêtir

83 1938 56 19 pour
156 1934 67 17 notre
237 1937 61 19 pays,
309 1940 25 5 —
342 1937 56 14 nous
417 1930 92 25 parlons
524 1929 29 20 de

82 1963 22 19 la
132 1962 77 24 Corse,
242 1961 99 26 toujours
348 1971 26 4 —
390 1961 91 20 l’acuité
498 1960 54 25 qu’il

73 1993 104 31 ^possède
197 1999 30 14 en
243 1992 68 20 Italie.
319 1991 10 26 (
336 1992 32 20 sic
375 1991 10 26 )

108 2024 32 20 En
157 2023 120 20 asséchant
293 2023 105 25 quelques
415 2022 91 24 marais,
524 2028 28 14 en

82 2061 56 14 nous
154 2054 134 21 conseillant
303 2053 27 20 de
337 2053 117 26 pétroliser
472 2053 23 20 la
506 2059 48 14 sur-

80 2085 48 20 face
143 2085 29 20 de
188 2091 43 14 nos
245 2085 93 20 citernes
353 2088 22 16 et
383 2091 29 14 en
433 2090 59 14 nous
500 2090 53 14 ven-

85 2116 53 19 dant
160 2115 41 21 des
222 2115 130 25 comprimés
368 2115 29 20 de
414 2115 102 25 quinine,
530 2114 23 20 la

83 2147 82 19 France
190 2153 15 14 a
224 2146 42 21 fait
291 2146 96 21 vis-à-vis
400 2147 30 19 de
445 2152 58 15 nous
527 2151 26 14 ce

85 2178 78 24 qu’elle
180 2177 148 24 devait-faire,
345 2178 135 20 c’est-à-dire
505 2179 49 18 tout

81 2215 42 13 son
139 2208 86 21 devoir.
233 2208 10 25 (
248 2208 76 25 resic).

107 2239 34 20 Au
162 2239 102 25 surplus,
286 2239 55 21 dans
354 2239 46 20 l’Ile
415 2239 30 21 de
462 2239 89 22 Beauté,

79 2269 22 20 la
114 2269 65 26 plage
183 2270 153 25 pestilentielle
343 2276 29 14 ne
388 2276 26 14 se
417 2268 137 22 trouve-t-el-

78 2307 23 20 le
118 2307 39 20 pas
169 2302 14 19 à
201 2301 118 25 proximité
345 2301 28 20 de
388 2301 23 20 la
439 2300 113 21 vivifiante

80 2336 119 22 montagne
204 2331 11 26 (
220 2332 81 20 reresic
308 2331 15 22 ).

107 2363 27 21 Et
148 2363 45 24 oui,
213 2363 39 25 qui
261 2369 29 14 ou
306 2362 52 25 quoi
366 2369 58 14 nous
438 2361 113 26 empêche,

81 2395 65 25 après
151 2394 22 20 la
179 2394 83 25 piqûre
269 2393 30 20 du
304 2393 124 20 malfaisant
443 2393 109 24 anophèle

81 2425 74 20 d’aller
175 2424 180 26 tranquillement
370 2431 59 14 nous
452 2423 99 21 installer

81 2462 52 14 sous
152 2455 33 20 les
203 2455 145 25 châtaigniers
373 2455 28 20 de
416 2455 136 25 Bôcognàno

81 2493 29 14 ou
124 2487 32 19 les
173 2486 58 20 larix
240 2486 28 20 de
282 2486 122 20 Vizzavona
411 2486 13 20 ?
433 2486 47 25 qui,
491 2485 60 26 quoi,

78 2517 25 25 je
114 2523 55 14 vous
186 2517 23 20 le
226 2516 142 21 demande??

109 2547 32 20 De
154 2547 57 20 l’eau
224 2547 90 24 fraîche,
327 2547 125 27 d’opulents
466 2547 87 20 ombra-

80 2585 46 18 ges,
143 2578 29 20 dè
185 2577 148 21 confortables
343 2578 72 20 hôtels
431 2581 56 17 et....
497 2577 54 20 delà

81 2608 102 26 quinine(
192 2609 155 20 ..turellement
353 2609 6 19 !
368 2608 9 25 )
387 2609 94 20 n’est-ce
490 2608 62 25 point

79 2639 76 20 assez?

106 2670 58 20 Vous
173 2670 78 20 brûlez
259 2675 51 15 sans
323 2669 72 25 doute,
405 2670 47 20 ami
460 2670 90 22 lecteur,

80 2700 28 20 de
121 2700 116 21 connaître
245 2700 89 20 l’auteur
342 2701 27 20 de
381 2707 37 14 ces
437 2701 115 20 élucubra-

82 2731 59 20 tions
148 2731 13 20 ?

107 2761 33 20 Eh
149 2761 6 20 !
162 2768 55 14 mon
235 2762 64 22 Dieu,
316 2762 21 20 le
349 2762 134 25 journaliste
491 2764 38 25 qui
537 2770 13 13 a

80 2792 55 19 écrit
143 2792 47 20 cela
199 2802 28 4 —
232 2798 38 14 car
278 2793 51 20 c’est
337 2799 30 14 un
373 2793 146 25 journaliste!
525 2806 27 4 —

80 2822 61 20 dans
147 2822 22 20 le
178 2823 57 24 plus
243 2823 123 24 important
374 2825 121 24 quotidien
501 2831 51 14 con-

80 2853 102 20 tinental
183 2853 32 20 de
226 2853 25 20 la
266 2854 71 22 Corse,
351 2855 56 20 n’est
418 2855 25 20 ni
449 2855 102 20 meilleur

80 2883 23 20 ni
117 2883 51 24 plus
185 2884 102 20 mauvais
302 2891 43 18 que
356 2885 32 20 les
409 2889 84 17 autres.

106 2913 99 25 Faisons,
224 2921 57 18 pour
293 2921 40 14 son
342 2922 86 17 excuse,
449 2923 45 19 que
503 2917 49 25 prê-

80 2944 66 20 chant
163 2945 125 25 d’exemple
307 2949 61 17 notre
385 2947 134 21 écrivassier
527 2954 25 13 se

80 2974 42 20 soit
141 2977 49 17 tout
203 2975 140 24 simplement
361 2978 115 23 quininisé
502 2978 49 24 plus

80 3011 44 18 que
138 3005 28 20 de
189 3006 77 19 raison
284 3009 22 16 et
323 3012 55 15 nous
395 3009 156 20 n’enlèverons

82 3035 82 24 qu’une
187 3035 165 22 infinitésimale
377 3039 74 24 partie
467 3039 29 20 de
509 3045 42 14 son

79 3065 142 21 inénarrable
243 3066 75 21 sottise
333 3068 13 19 à
367 3069 94 20 l’article
487 3069 65 20 incri-

81 3095 66 20 miné.

105 3126 19 19 A
137 3126 74 21 moins
218 3134 50 18 que,
278 3134 83 15 comme
375 3130 54 23 moi,
449 3130 45 20 ami
509 3131 43 19 lec-

79 3159 56 19 teur,
152 3163 58 14 vous
226 3158 122 20 n’incliniez
357 3160 13 19 à
378 3167 84 17 penser
470 3167 44 18 que
519 3167 33 14 re-

80 3186 145 21 connaissant
236 3187 34 20 les
279 3191 53 17 torts
339 3189 122 22 immenses
472 3191 80 24 qu’elle

80 3223 14 13 a
100 3223 27 13 en
136 3217 79 24 regard
225 3218 29 19 de
267 3217 21 20 la
305 3218 74 24 Corse,
388 3220 23 20 la
428 3222 123 24 généreuse

80 3247 76 20 nation
166 3248 40 24 qui
213 3254 57 14 nous
277 3255 13 12 a
297 3250 90 24 conquis
393 3257 42 18 par
441 3251 33 20 les
480 3258 72 13 armes

80 3280 23 16 et
119 3283 57 14 nous
193 3278 130 21 administre
338 3286 39 18 par
400 3281 151 24 l’occultisme,

81 3313 29 13 ne
126 3308 115 23 continue,
264 3315 40 16 par
323 3310 182 20 l’intermédiaire
525 3311 29 19 de

82 3336 86 24 plumes
183 3337 143 20 visiblement
341 3339 143 22 intéressées,
495 3341 13 18 à
517 3346 37 13 en-

80 3371 52 14 core
153 3366 92 19 vouloir
261 3373 56 13 nous
333 3367 54 20 faire
404 3369 98 23 prendre
514 3369 40 18 des

80 3395 83 20 vessies
178 3402 59 17 pour
259 3396 40 19 des
315 3396 118 21 lanternes.

106 3425 31 20 Ce
149 3425 76 22 serait,
245 3424 95 24 crois-je,
357 3426 28 19 de
399 3432 25 13 sa
433 3429 58 21 part,
505 3425 50 24 plus

80 3455 89 25 logique
175 3458 22 16 et
202 3455 52 24 plus
260 3453 111 21 conforme
375 3455 14 18 à
395 3455 22 18 la
421 3454 133 19 tradition...

283 3483 28 21 O.
318 3482 31 21 A.
360 3482 168 25 Sangxünetti.

110 3593 13 13 «
136 3586 31 21 Ce
182 3591 49 20 que
241 3584 26 27 je
286 3582 98 29 pensais
408 3581 65 22 faire
493 3586 64 20 pour

82 3631 57 14 mon
151 3631 66 20 pays
245 3623 68 23 natal
337 3621 60 22 était
424 3619 133 23 considéré

83 3670 45 18 par
143 3670 61 15 mon
217 3665 134 20 entourage
362 3664 97 16 comme
474 3657 85 21 unvoi

85 3704 46 23 fait
144 3703 16 22 à
169 3703 26 22 la
217 3702 121 23 France...
345 3703 14 13 2.

121 3745 130 29 Napoléon
263 3746 15 21 à
293 3735 199 24 Sainte-Hélène.

653 157 131 35 Illusions
804 156 29 34 et
852 153 122 36 Réalités

604 231 35 22 La
663 231 72 22 Corse
755 233 36 18 est
817 229 69 22 dotée
906 228 53 21 d’un
988 226 60 22 train

575 271 96 22 express
705 264 39 28 qui
761 263 63 26 relie,
850 264 65 19 entre
933 260 65 26 elles,
1014 259 35 21 les

575 298 63 21 deux
656 297 53 28 plus
729 295 100 30 grandes
854 294 68 22 villes
942 293 29 22 de
982 295 67 19 notre

576 331 166 28 département,
782 328 97 29 Ajaccio
911 330 23 18 et
959 325 89 22 Bastia.

576 364 64 21 C’est
658 363 23 21 là
703 363 155 28 l’importante
881 360 109 25 réforme,
1007 358 42 21 l’u-

575 397 71 28 nique
655 395 160 22 amélioration
831 401 45 21 que
888 399 58 15 nous
959 392 89 22 devons

576 432 14 20 à
606 432 68 19 notre
700 428 141 29 Compagnie
859 427 29 21 de
912 425 95 22 Chemin
1021 424 28 21 de

577 463 43 21 fer.
647 462 56 21 Cela
726 469 13 14 a
751 462 111 27 pourtant
881 459 53 22 suffi
958 465 60 21 pour
1027 457 22 22 la

575 496 60 21 faire
656 501 112 19 mousser,
788 500 59 21 pour
860 494 78 26 capter
960 490 89 22 l'admi-

576 528 77 22 ration
678 527 41 21 des
756 532 82 23 gogos.
873 525 86 21 Pensez
988 523 62 21 donc

576 569 30 14 un
629 567 102 22 express,
752 559 114 22 circulant
885 565 41 15 sur
936 560 67 19 notre
1014 558 35 20 ré-

575 601 57 16 seau
647 595 6 20 !
667 594 58 21 mais
746 593 56 21 c’est
815 599 45 15 une
876 590 112 24 véritable
1000 590 48 22 for-

576 631 55 19 tune
643 628 6 21 !
659 627 30 22 Et
701 626 99 22 certains
812 626 29 21 de
853 632 43 15 nos
909 623 139 30 compatrio-

576 664 34 18 tes
634 667 46 21 que
705 660 23 21 la
751 658 106 22 moindre
892 659 131 20 nouveauté
1034 663 14 14 a

574 694 23 21 le
621 693 47 21 don
702 691 142 22 d’émouvoir
864 693 89 26 partent
976 689 29 22 de
1026 689 22 22 là

574 733 61 22 pour
652 728 85 19 tresser
764 724 41 22 des
833 730 128 15 couronnes
988 724 14 20 à
1014 721 32 23 M.

575 759 122 25 Fontaine,
711 765 58 22 pour
780 757 22 22 le
814 757 93 22 couvrir
924 756 28 21 de
968 755 78 26 fleurs,

574 793 68 21 louer
664 798 28 15 sa
703 798 95 21 sagesse
821 793 24 19 et
852 797 28 15 sa
891 789 154 30 prévoyance.

603 825 36 22 De
645 827 77 27 grâce,
732 831 100 22 prenons
840 830 31 16 un
889 830 45 22 peu
945 822 23 22 la
980 822 68 29 peine

574 859 30 21 de
634 858 127 26 raisonner,
784 857 141 22 d’examiner
939 856 23 21 la
974 855 29 22 eh
1006 861 42 16 ose

575 899 58 15 avec
653 898 60 22 sang
737 891 61 22 froid
818 897 56 15 sans
888 896 58 16 nous
964 889 84 22 laisser

576 925 113 28 aveugler
730 931 42 22 par
815 923 163 23 l’admiration.
1013 921 35 22 La

575 959 145 28 Compagnie
728 958 39 29 qui
779 957 101 29 exploite
887 959 66 20 notre
965 958 83 19 réseau

575 992 37 21 n’a
624 998 43 23 pas
680 991 133 27 l’habitude,
828 994 51 19 tout
896 991 24 21 le
928 990 86 22 monde
1026 989 22 21 le

575 1026 54 25 sait,
644 1025 29 22 de
685 1032 26 15 se
723 1025 70 22 livrer
801 1027 14 19 à
824 1026 42 20 des
879 1024 56 22 frais
953 1022 95 23 inutiles

575 1066 61 22 pour
647 1059 22 21 le
681 1058 50 22 seul
745 1058 82 29 plaisir
835 1058 30 21 de
879 1056 116 23 recueillir
1007 1055 41 22 des

576 1093 81 28 éloges
669 1094 24 20 et
704 1091 40 22 des
750 1091 233 29 applaudissements.
997 1089 52 22 Elle

576 1128 36 19 est
619 1132 92 15 comme
719 1124 118 23 d’ailleurs
848 1126 75 20 toutes
930 1123 34 22 les
974 1122 76 23 socié-

576 1161 36 20 tés
632 1158 144 26 financières,
791 1164 55 15 sans
864 1164 63 15 coeur
940 1159 24 20 et
993 1162 56 16 sans

575 1199 70 22 yeux.
653 1192 60 22 Rien
719 1198 30 15 ne
755 1191 101 27 l’émeut,
864 1197 38 16 ses
908 1197 96 22 propres
1013 1190 36 21 in-

577 1228 79 24 térêts,
670 1227 115 27 exceptés.
790 1225 34 22 Le
828 1224 52 23 seul
888 1224 62 22 désir
959 1223 90 29 déplai-

576 1266 27 15 re
622 1266 48 15 aux
677 1265 137 23 voyageurs,
826 1258 29 22 de
873 1258 51 22 leur
937 1263 112 23 procurer

578 1299 30 16 un
618 1299 46 22 peu
672 1292 53 29 plus
736 1292 29 22 de
782 1291 152 27 confortable,
950 1291 30 22 de
992 1293 59 20 met-

578 1329 45 20 tre>.
631 1329 15 19 à
659 1327 52 21 leur
728 1326 138 29 disposition
878 1332 31 15 un
926 1331 84 22 moyen
1022 1324 29 21 de

577 1360 144 21 locomotion
751 1359 53 28 plus
833 1358 82 29 rapide
936 1358 23 21 la
979 1357 72 22 laisse

578 1392 130 23 tout-à-fait
736 1392 154 22 indifférente.
915 1391 32 22 Ce
967 1391 41 29 qui
1028 1391 23 21 la

578 1428 140 27 préoccupe,
734 1432 26 16 ce
778 1426 41 28 qui
831 1425 23 23 la
875 1425 44 22 fait
943 1424 109 23 marcher

582 1461 59 21 c’est
663 1466 44 16 son
729 1460 85 22 intérêt
833 1462 24 19 et
877 1459 49 22 rien
950 1465 46 22 que
1008 1464 43 16 son

578 1494 95 22 intérêt.
687 1493 61 23 C’est
759 1493 53 22 bien
834 1499 27 16 ee
872 1492 51 23 seul
931 1495 23 20 et
966 1492 86 29 unique

578 1528 68 22 souci
666 1527 39 29 qui
725 1527 30 22 l’a
773 1529 101 27 poussée
889 1528 14 20 à
915 1526 95 23 rétablir
1030 1525 22 23 le

581 1561 48 22 fam
638 1568 46 15 eux
695 1561 60 23 train
763 1567 96 23 express
871 1560 92 23 d’avant
969 1566 84 23 guerre

607 1595 52 22 Une
703 1595 142 29 Compagnie
876 1593 177 23 d’automobiles

579 1629 66 22 avait
675 1629 71 22 établi
773 1636 30 14 un
828 1629 90 21 service
950 1627 103 30 régulier

579 1666 68 19 entre
662 1663 96 28 Ajaccio
774 1665 22 20 et
809 1662 88 22 Bastia.
924 1661 34 22 Le
983 1667 70 22 voya-

580 1703 31 23 ge
625 1696 59 22 était
705 1696 120 29 beaucoup
832 1696 54 29 plus
903 1697 67 20 court
983 1694 70 29 qu’en

579 1730 94 22 chemin
698 1729 29 22 de
749 1729 37 22 fer
805 1732 24 19 et
840 1729 17 22 il
869 1735 26 16 se
916 1728 85 26 faisait,
1024 1735 29 14 en

580 1766 75 24 outre,
666 1770 58 15 avec
734 1763 53 29 plus
799 1763 30 22 de
841 1761 151 24 confortable.
1006 1761 46 22 Les

580 1796 106 23 recettes"
701 1797 31 22 du
753 1799 84 20 réseau
869 1795 155 27 commençait
1039 1797 13 20 à

579 1831 101 22 baisser.
718 1830 62 23 Tout
791 1830 23 22 le
841 1829 85 23 monde
954 1829 99 22 utilisait

579 1864 163 24 l’automobile
763 1871 61 22 pour
838 1863 57 23 faire
912 1863 53 29 plus
972 1863 49 22 vite
1029 1865 24 19 et

579 1905 61 22 pour
651 1898 73 22 éviter
743 1897 72 22 d’être
833 1897 115 22 trimballé
959 1903 44 22 par
1017 1896 35 23 les

580 1932 161 23 cahotements
766 1931 30 22 de
821 1934 67 19 notre
912 1930 91 23 chemin
1023 1930 29 22 de

581 1966 43 22 fer.
644 1965 64 22 C’est
718 1971 60 22 pour
789 1965 81 22 attirer
881 1967 14 19 à
910 1964 33 22 lui
954 1964 24 21 le
982 1970 70 22 voya-

579 2006 60 23 geur
650 2005 46 23 que
708 1998 31 22 M-
750 1998 114 22 Fontaine
878 2005 14 14 a
903 1997 84 22 rétabli
998 1997 54 22 l’ex-

578 2045 69 23 press

607 2072 68 22 Cette
697 2079 91 15 mesure
816 2071 64 30 prise
910 2077 56 16 avec
985 2072 67 20 mûre

579 2106 114 22 réflexion
719 2106 77 22 aurait
810 2112 32 22 pu
854 2107 49 20 être
917 2104 28 22 de
963 2103 24 22 la
998 2103 53 30 plus

578 2140 91 29 grande
689 2139 82 22 utilité.
792 2139 52 22 Elle
862 2139 60 21 n’est
942 2145 30 15 en
984 2137 67 22 réali-

581 2176 24 20 té
613 2174 87 29 qu’une
721 2180 84 15 source
816 2173 30 22 de
852 2171 142 23 révoltantes
1006 2173 45 20 tra-

579 2207 116 23 casseries
709 2213 59 22 pour
779 2206 34 22 les
819 2212 138 23 voyageurs.
970 2204 37 22 On
1016 2204 35 21 di-

579 2241 44 22 rai!
643 2243 75 20 même
735 2241 67 29 qu’en
817 2240 24 21 la
868 2241 97 27 prenant
980 2238 23 22 le
1018 2237 34 22 di-

578 2277 93 20 recteur
694 2281 14 14 a
719 2274 72 22 voulu
810 2280 28 15 se
855 2279 96 22 moquer
962 2272 30 21 de
1007 2278 44 16 son

579 2308 94 23 monde.
694 2308 66 22 Ainsi
775 2314 27 15 ce
816 2307 61 22 train
895 2313 29 15 en
934 2312 28 16 sa
978 2305 71 29 quali-

579 2345 24 20 té
623 2342 119 28 d’express
765 2341 67 22 brûle
851 2340 114 23 certaines
981 2344 70 24 gares

579 2383 60 22 pour
656 2382 30 15 ne
702 2375 107 22 s’arrêter
825 2380 47 23 que
892 2374 46 21 fort
957 2380 46 22 peu
1022 2372 29 22 de

579 2413 77 25 temps
665 2415 49 15 aux
725 2408 148 29 principales.
887 2407 49 22 Une
954 2412 95 23 person-

577 2450 31 15 ne
627 2443 41 28 qui
689 2445 37 18 est
744 2444 95 26 pressée
849 2443 57 27 peut
916 2440 54 22 bien
983 2445 68 23 pren-

578 2477 43 22 dre
642 2482 31 15 un
693 2475 66 22 billet
772 2482 61 22 pour
844 2481 45 16 une
914 2480 56 23 gare
990 2473 60 22 d’ar-

578 2512 35 20 rêt
631 2510 55 21 bien
706 2515 45 22 que
771 2508 92 23 celle-ci
884 2514 30 15 ne
933 2507 47 22 soit
1008 2513 42 22 pas

578 2543 61 23 celle
661 2543 40 29 qui
722 2542 90 22 dessert
823 2549 26 15 sa
868 2541 101 22 localité.
985 2540 20 22 Il
1017 2539 33 22 lui

579 2577 51 22 faut
672 2583 60 22 pour
770 2578 91 19 rentrer
876 2576 14 21 à
909 2581 42 16 son
979 2575 70 28 logis,

577 2610 161 29 s’embarquer
759 2616 41 15 sur
819 2616 30 15 un
864 2611 66 20 autre
935 2608 69 23 train.
1018 2608 33 22 Or

578 2644 51 22 cela
653 2643 34 22 lui
698 2645 37 20 est
743 2643 143 28 impossible.
907 2642 31 22 M-
951 2642 99 22 Fontai-

577 2684 30 15 ne
627 2679 25 19 et
667 2682 39 16 ses
732 2676 162 22 subordonnés
907 2682 28 15 ne
956 2676 22 21 le
995 2682 55 22 per-

577 2712 99 21 mettent
692 2716 50 23 pas.

608 2744 39 22 Un
663 2749 119 23 voyageur
801 2743 40 29 qui
850 2743 57 27 doit,
920 2749 42 22 par
973 2749 78 16 exem-

576 2778 47 29 ple,
649 2777 110 22 s’arrêter
781 2778 14 20 à
811 2776 131 27 Barcbetta,
967 2776 82 29 prend,

576 2818 62 22 pour
666 2811 73 21 éviter
756 2809 23 22 le
805 2810 61 22 train
890 2809 32 22 du
932 2810 57 27 soir,
1018 2817 32 14 un

576 2844 68 22 billet
655 2844 30 21 de
701 2843 79 22 Bastia
787 2845 14 20 à
815 2843 143 22 Pontenovu.
977 2843 20 22 II
1007 2844 43 22 uti-

576 2878 45 21 lise
642 2877 54 22 bien
713 2877 100 22 entendu
838 2877 110 28 l’express
966 2877 41 28 qui
1024 2883 26 16 se

577 2911 78 22 croise
668 2917 13 15 a
704 2909 135 23 Pontenovu
865 2917 57 15 avec
943 2910 23 22 le
988 2911 62 22 train

578 2944 128 28 d’Ajaccio.
728 2943 19 22 Il
768 2944 37 22 n’a
828 2944 61 22 donc
912 2944 52 29 qu’a
983 2951 67 22 pren-

577 2977 42 22 dre
636 2984 31 15 un
685 2976 66 22 billet
773 2977 29 22 de
823 2977 135 22 Pontenovu
969 2979 14 20 à
996 2977 55 23 Bar-

577 3011 79 21 chetla
687 3012 24 19 et
722 3009 16 22 il
758 3016 53 16 sera
844 3010 29 22 de
890 3010 60 22 suite
973 3013 79 20 rentré

577 3043 57 22 chez
658 3043 42 21 lui.
734 3042 57 23 Gela
812 3046 37 19 est
871 3043 109 22 toutefois
999 3047 52 26 trop

577 3076 96 29 simple.
696 3075 33 22 Le
749 3076 117 23 directeur
888 3076 30 22 de
935 3080 68 19 notre
1017 3080 35 20 ré-

577 3116 58 15 seau
655 3109 37 22 n’a
701 3116 48 21 pas,
760 3110 111 28 parait-il,
884 3109 127 24 l’habitude
1023 3111 29 22 de

578 3142 123 29 simplifier
734 3142 34 22 les
791 3143 92 28 choses,
903 3144 60 21 voilà
983 3151 69 22 pour-

578 3176 57 28 quoi
665 3178 67 19 notre
757 3183 120 22 voyageur
907 3179 35 19 est
974 3177 79 30 obligé

579 3208 130 23 d’attendre
728 3209 23 21 le
766 3209 92 23 dernier
884 3210 58 21 train
963 3210 31 22 du
1004 3211 50 22 soir

578 3242 41 29 qui
630 3242 77 21 arrive
729 3244 13 19 à
751 3242 125 23 Barcbetta
883 3245 13 19 à
905 3243 52 29 cinq
968 3244 85 22 heures

579 3276 30 21 de
619 3275 60 22 nuit.

607 3308 139 22 Vainement
771 3310 151 22 essaiera-t-il
939 3311 116 22 d’obtenir

581 3346 32 14 un
626 3340 68 21 billet
718 3341 29 21 du
757 3342 56 21 chef
823 3342 29 21 de
863 3348 57 21 gare
930 3342 30 21 de
971 3343 83 22 Ponte-

582 3377 64 16 novu
652 3379 32 15 ou
696 3373 31 21 du
739 3373 55 21 chef
809 3374 30 21 de
856 3374 69 20 train.
937 3374 46 22 Ces
995 3382 60 14 mes-

580 3404 81 21 sieurs
695 3411 26 14 se
739 3405 105 21 refusent
860 3407 13 18 à
890 3405 51 21 leur
964 3406 92 22 donner

582 3435 157 22 satisfaction.
760 3437 163 27 L’Inspecteur
940 3441 38 17 est
991 3439 65 21 d’ail-

582 3465 64 22 leurs
666 3466 24 21 là
708 3467 40 26 qui
760 3468 97 21 tranche
874 3467 22 22 la
910 3470 106 25 question
1028 3477 29 14 en

582 3500 124 22 menaçant
727 3498 28 20 de
779 3499 59 21 faire
858 3506 31 14 un
904 3504 96 24 rapport
1008 3504 14 19 à
1034 3502 23 21 la

583 3530 123 22 direction.
726 3529 62 23 C’e=t
811 3531 29 22 de
852 3534 61 19 cette
929 3536 63 18 sorte
1013 3540 45 21 que

585 3562 111 29 l’express
713 3566 55 24 peut
791 3566 49 20 être
857 3565 58 21 utile
926 3572 46 14 aux
987 3572 72 21 voya-

583 3602 79 21 geurs,
690 3594 99 24 Baccaîà
820 3604 43 21 per
885 3597 98 22 Covsiea
992 3599 6 19 !
1008 3598 51 21 rien

584 3628 30 22 de
628 3627 54 29 plus
704 3629 62 20 vrai.
779 3629 26 21 Si
816 3636 61 15 nous
888 3629 80 22 avions
985 3633 75 19 toute-

583 3660 46 22 fois
642 3660 29 21 de
692 3660 57 21 bons
761 3664 172 26 représentants
956 3669 40 15 ces
1005 3670 54 15 ano-

586 3693 82 21 malies
688 3699 30 14 ne
740 3699 25 15 se
788 3694 158 27 produiraient
956 3702 51 21 pas.

820 3728 89 21 Pierre
919 3727 112 27 Ignotiis.

1361 148 155 72 [texte
1542 148 232 72 manquant]

1079 1543 88 21 L’amor
1173 1543 13 20 è
1195 1549 32 14 un
1241 1540 114 23 acillucciu
1364 1546 14 14 a
1387 1538 82 22 mezz’u
1475 1540 63 23 pettu
1545 1543 6 14 :

1103 1581 63 19 Ancu
1175 1580 22 19 la
1204 1582 64 17 notte
1277 1578 43 21 ellu
1332 1583 94 14 rumena
1434 1574 57 24 l’ale,

1180 1615 64 21 Sfida
1252 1615 48 21 sole
1306 1621 12 14 e
1324 1612 125 27 timpurale,

1129 1653 83 21 Dorme
1218 1652 53 21 fòra
1279 1659 13 13 e
1298 1650 77 26 veghia
1385 1649 24 21 in
1416 1649 63 21 lettu.

1098 1735 87 23 L’amor
1193 1738 14 19 è
1217 1736 68 25 quasi
1294 1741 64 15 cume
1367 1741 46 14 una
1422 1734 87 20 lumera
1519 1740 7 17 ;

1142 1766 146 23 Ulumeface
1303 1766 92 21 intondu
1404 1766 49 20 a’na
1470 1763 81 24 zitella,

1188 1799 26 20 In
1225 1799 23 20 la
1257 1798 46 20 vita
1308 1803 52 20 pare
1368 1803 13 14 a
1391 1796 64 21 Stella

1154 1830 50 24 Chi,
1214 1836 31 14 eu
1253 1829 69 24 nülla,
1330 1828 50 21 luce
1393 1834 13 14 e
1415 1833 72 20 spera.

1754 1509 135 23 Riturnella

1727 1555 63 21 Batte
1799 1555 25 20 in
1838 1555 59 23 côre,

1719 1586 89 21 Picchia
1816 1585 25 21 in
1849 1588 63 20 testa,

1723 1617 68 21 Tuttu
1799 1617 25 20 in
1832 1616 57 21 festa

1745 1649 58 20 Face
1811 1647 66 22 andà.

1599 1734 96 23 L’amor,
1705 1739 14 14 a
1730 1732 88 21 tutt’età
1830 1729 106 23 cïarbellu
1942 1729 91 25 spianta
2040 1735 6 17 ;

1628 1766 21 19 A
1657 1765 25 20 lu
1690 1763 91 22 vecchiu
1789 1762 17 21 li
1812 1765 75 23 presta
1892 1760 98 23 zitillina,

1667 1794 107 23 Scimisce
1779 1794 61 25 galîu
1849 1800 13 14 e
1869 1792 90 26 gallina,

1668 1827 64 21 Ancu
1739 1826 23 21 lu
1770 1825 58 21 frate
1836 1824 45 23 ellu
1889 1827 69 17 tanta.

1393 1906 102 20 L’amore
1506 1906 61 25 dôpu
1575 1912 54 19 pare
1636 1904 96 22 scimitai

1397 1937 72 20 Cume
1477 1943 13 14 a
1498 1937 24 20 lu
1532 1937 85 20 riturnà
1624 1936 24 20 di
1656 1935 90 21 malatia

1436 1967 18 20 E
1463 1967 18 21 si
1490 1967 51 21 dice
1548 1967 25 21 in
1580 1966 103 21 fantasia:

1417 1998 70 25 Piglia
1496 1998 83 25 moglia
1584 2004 13 15 e
1605 1997 102 21 dumerai
1716 1997 7 20 !

1097 2151 213 32 Prupaganda
1324 2160 33 18 m
1375 2153 159 25 America

1105 2224 23 20 A
1140 2224 129 27 prupositu
1274 2223 24 22 di
1305 2230 14 14 «
1325 2223 116 22 Brevettu
1449 2223 103 21 elemen-

1077 2257 61 21 tariu
1147 2263 13 14 2>
1168 2263 33 15 un
1212 2257 155 21 Americanu
1379 2257 25 21 di
1423 2255 131 29 Capicôrsu

1077 2291 21 20 si
1106 2291 70 26 lagna
1184 2290 51 22 in’u
1242 2297 15 14 «
1265 2289 206 26 Bastia-Tournai
1476 2297 14 13 »
1499 2288 53 23 ch’u

1077 2329 110 23 guvernu
1195 2324 110 24 frances.e
1316 2331 31 14 un
1358 2324 41 22 dia
1405 2323 44 28 più
1464 2323 90 28 grande

1076 2358 89 21 facilita
1173 2364 14 14 a
1197 2358 8 21 i
1215 2358 99 27 giovani
1322 2357 70 22 Còrsi
1409 2356 146 29 perch’ell’ot

1075 2394 105 25 tenganu
1188 2397 48 16 una
1245 2394 63 19 carte
1319 2397 87 22 pecura
1418 2397 31 15 ne
1458 2397 14 15 a
1485 2391 71 27 quale

1077 2431 15 15 u
1105 2424 172 23 Vice-Rettoré
1286 2424 96 22 afferma
1402 2424 79 22 ch’elli
1496 2430 60 16 sanu

1076 2457 87 28 leghje,
1176 2459 82 21 scrive
1270 2465 14 14 e
1295 2458 105 22 cuntà....

1105 2497 114 23 Pare—è
1229 2504 95 21 sempre
1327 2498 25 21 T
1353 2498 148 21 Americanu
1516 2497 39 22 chi

1077 2532 67 26 parla
1150 2543 28 4 —
1187 2531 46 22 cbe
1254 2532 58 21 stux<
1316 2531 112 22 brevettu
1435 2531 122 22 >>francese

1076 2565 71 22 abbia
1157 2565 84 28 grand’
1251 2566 146 27 impurtanza
1408 2565 27 22 in
1444 2565 112 22 America

1077 2598 152 29 (lü)ascopu
1241 2599 26 21 di
1281 2599 83 28 gallica
1384 2599 173 28 prupaganda...

1106 2632 68 22 C'est
1182 2637 38 17 un
1223 2634 20 26 p
1245 2638 32 16 eu
1279 2632 60 29 fort
1350 2632 30 22 de
1391 2632 64 28 café,
1457 2632 101 23 avereb-

1076 2666 31 21 be
1128 2666 66 21 dettu
1221 2666 112 22 madama
1366 2665 144 29 Sévigné?..
1524 2666 34 22 Ed

1076 2698 90 26 infatti,
1186 2699 15 21 è
1210 2699 103 28 propriu
1329 2705 46 16 una
1390 2700 152 27 stupidagine
1550 2700 6 20 !

1077 2731 87 23 L’altre
1200 2732 97 22 nazioni
1323 2733 21 21 si
1364 2735 147 21 cuntentanu
1533 2733 24 22 di

1079 2765 90 22 mandà
1176 2772 15 15 a
1202 2766 204 27 l’esteruxluttori,
1427 2767 131 28 prufessori

1076 2805 14 16 e
1101 2799 135 28 giurnalisti
1253 2799 39 23 chi
1303 2800 103 23 rialzanu
1415 2807 16 16 u
1442 2801 117 28 prestigiu

1077 2832 56 22 d’un
1163 2834 91 27 populu
1270 2834 59 21 assai
1352 2835 94 28 megliu
1459 2834 44 23 cbe
1525 2840 34 16 un

1076 2870 12 15 s
1093 2866 96 28 implice
1199 2874 14 14 «
1218 2867 143 22 brevettatu.
1367 2875 15 14 »

1105 2900 73 28 Epôi,
1189 2907 34 16 un
1236 2901 98 22 bedimu
1343 2902 64 22 mica
1418 2902 39 22 chi
1468 2908 86 22 prupa-

1075 2934 80 27 ganda
1164 2934 68 28 pôiïu
1243 2935 26 21 fa
1277 2935 25 21 in
1310 2935 112 22 America
1434 2936 7 22 i
1453 2936 98 29 giovani

1078 2966 70 24 Côrsi
1160 2968 39 21 chi
1209 2974 63 16 sanu
1282 2968 85 28 leghje,
1377 2970 80 22 scrive
1465 2976 14 17 e
1488 2971 71 22 cuntà

1077 3001 27 21 in
1113 3001 109 22 francese
1231 3002 6 20 !

1106 3041 106 22 Almenu
1232 3035 86 28 ch’elii’
1323 3048 32 16 un
1375 3043 87 23 dicanu
1485 3050 71 16 mane

1077 3079 14 16 e
1114 3079 64 17 sera:
1185 3074 101 23 «Trois
1296 3076 23 21 et
1338 3076 67 23 deux
1423 3078 59 27 font
1503 3079 56 21 six!

1077 3107 127 23 Poincaré
1214 3110 40 20 est
1262 3114 39 16 un
1311 3111 85 26 grand
1413 3111 99 22 homme
1516 3112 37 22 h.,

1077 3141 41 21 six
1126 3142 25 21 et
1173 3143 102 26 quatre,
1286 3142 69 22 huit!
1361 3143 37 23 La
1409 3145 97 22 France
1518 3147 38 20 est

1079 3173 27 22 la
1113 3175 127 26 première
1253 3176 88 22 nation
1351 3178 36 21 du
1408 3178 148 22 monde!...»

1107 3208 20 20 A
1148 3208 83 23 litania
1249 3208 34 28 pò
1294 3209 57 23 durà
1367 3211 111 28 pareccbi
1499 3211 57 21 anni

1079 3240 9 28 (
1093 3246 33 15 un
1151 3241 153 27 paternòstru
1329 3245 58 27 ogni
1414 3245 70 27 jornu
1513 3248 45 22 per

1081 3273 165 30 Doumergue,
1253 3282 33 15 un
1293 3282 50 15 'ave
1350 3278 78 21 maria
1435 3275 123 29 per.Ceci-

1078 3307 34 21 lia
1123 3307 133 23 Sorel-eun
1275 3310 76 27 gloria
1360 3310 70 27 -patri
1438 3315 44 22 per
1495 3308 63 22 Ver-

1080 3339 154 29 cingétorix)
1251 3347 15 15 e
1274 3342 24 21 di
1307 3344 35 20 sta
1349 3348 98 15 manera
1455 3347 15 15 a
1487 3341 71 21 Corsi

1081 3377 28 14 ca
1116 3372 89 22 anderà
1213 3379 15 15 a
1240 3374 155 22 salvamentu.

1109 3408 177 25 L’americanu
1296 3413 25 21 in
1334 3412 122 27 quistione
1468 3412 21 21 ci
1502 3412 57 21 assi-

1082 3446 56 15 cura
1159 3441 45 21 che
1227 3443 45 26 più
1283 3445 24 21 di
1326 3446 74 20 centu
1421 3445 140 26 cinquanta

1082 3471 65 21 mila
1161 3473 78 22 Còrsi
1255 3475 90 23 bivenu
1354 3477 27 20 in
1393 3476 140 22 America...
1542 3477 19 20 E

1083 3509 70 15 cume
1163 3505 23 20 ci
1195 3506 34 21 nè
1239 3507 104 23 l’istessu
1350 3514 104 16 numaru
1464 3509 26 20 in
1502 3509 58 27 ogni

1083 3541 79 21 paese,
1166 3537 68 27 fòra
1259 3541 65 21 ch'in
1351 3541 89 25 Italia,
1466 3547 97 16 saremu

1084 3573 94 22 sempre
1186 3573 89 23 povari
1283 3573 170 22 emischini....
1464 3573 96 27 Povari,

1085 3600 29 25 si,
1121 3606 39 16 ma
1171 3602 105 24 francesi
1284 3606 23 20 !..

1114 3632 131 28 Prighemu
1256 3636 164 23 Vamericanu
1428 3639 24 21 di
1461 3638 24 22 fa
1491 3639 70 22 ritor.

1085 3671 33 15 nu
1123 3671 14 15 a
1149 3665 96 24 Ciudad
1252 3669 97 22 Bolivar
1364 3671 93 22 induve
1467 3671 94 29 l’aspet-

1086 3700 25 19 ta
1121 3704 14 15 a
1146 3700 83 21 sulana
1241 3701 107 28 d’agostu
1356 3703 25 21 !..

1416 3738 24 22 U
1451 3739 83 22 Pr-ete.

1609 2158 84 49 Bon
1715 2158 39 48 di
1785 2174 23 32 e
1829 2158 78 48 bon
1918 2156 110 50 Ânnu

1579 2269 190 21 Fassatecapud
1776 2271 117 15 annueun
1897 2270 32 15 mi
1933 2271 16 14 n
1957 2270 94 17 accorsi,

1603 2296 90 21 Perche
1700 2296 113 22 cum'altri
1823 2295 65 27 jorni
1900 2295 126 26 travaglai,

1604 2328 21 20 A
1635 2328 52 20 vita
1699 2329 14 19 è
1720 2327 67 25 dura,
1793 2335 14 14 e
1814 2333 67 16 cume
1892 2329 26 18 tu
1926 2327 25 20 la
1965 2327 39 20 sai

1605 2359 11 20 i
1622 2359 48 21 miò
1681 2359 97 25 piugoni
1793 2359 99 21 cherenu
1906 2357 108 22 succôrsi.

1606 2390 98 21 Stasera
1716 2390 99 25 vegghiu
1827 2389 53 22 solu
1886 2396 16 14 a
1909 2389 27 21 lu
1945 2389 83 26 fucone

1604 2421 85 21 Perch’
1688 2421 86 25 agghiu
1781 2422 103 21 ricevutu
1894 2420 159 24 Vàlmanaccu,

1606 2452 95 25 legghîu
1705 2459 13 13 e
1725 2452 114 25 rilegghiu
1845 2459 14 14 e
1863 2452 50 21 mai
1917 2459 30 13 ne
1951 2452 27 20 sò
1979 2451 76 25 fiaccu

1582 2483 35 21 d’i
1621 2484 48 20 miò
1675 2482 89 25 fratelli
1768 2484 25 20 in
1800 2483 94 21 rimeed
1903 2483 25 20 in
1939 2482 117 21 canzone!

1609 2511 35 24 Ùn
1650 2517 73 22 possu
1730 2514 84 21 scriv’â
1820 2514 78 25 tutti,o
1905 2520 58 15 caru
1965 2513 91 24 Rocca!

1608 2545 46 21 Per
1662 2545 61 21 dalli
1730 2545 24 21 lu
1758 2546 47 20 bon
1814 2546 26 20 di
1849 2552 13 14 e
1866 2546 25 20 lu
1898 2545 47 21 bon
1953 2551 72 15 annu.

1608 2576 35 21 Mi
1651 2583 31 14 ne
1690 2576 103 26 dispiace
1801 2577 66 21 assai
1873 2583 15 14 e
1895 2577 65 20 tròvu
1973 2576 83 25 affanu

1606 2607 58 21 d'un
1665 2608 65 25 pudè
1737 2614 57 15 vene
1796 2611 45 22 per
1845 2608 121 25 parlattia
1975 2608 78 21 bocca.

1607 2639 24 20 E
1642 2639 49 20 cusi
1698 2639 81 21 scrivu.
1792 2638 27 22 Ti
1824 2639 82 21 scriv'a
1911 2639 25 20 lê
1942 2639 51 21 sôlu

1606 2669 87 25 perché
1700 2670 22 20 ci
1728 2670 48 21 teni
1782 2676 17 14 a
1808 2671 55 20 tutti
1866 2670 26 21 in
1898 2671 25 20 lu
1932 2673 23 19 to
1962 2678 53 15 core

1609 2700 20 21 ti
1635 2700 85 25 basgiu
1726 2701 60 24 forte
1794 2708 14 13 e
1816 2702 23 20 ci
1842 2704 71 18 mettu
1921 2702 97 22 Vamore

1584 2730 124 27 ch'agghiu
1714 2734 42 23 per
1763 2732 75 25 quelli
1846 2733 27 20 di
1876 2733 24 20 lu
1905 2735 150 21 nostrustôlu.

1609 2762 84 21 Salute
1701 2770 13 13 e
1718 2766 60 22 pace
1785 2770 17 14 a
1808 2764 47 24 voi,
1865 2764 51 21 cari
1926 2764 104 26 fratelli!

1609 2793 122 26 Speranza
1735 2801 13 14 e
1750 2795 63 20 bona
1815 2795 54 25 fede
1873 2796 25 20 in
1900 2796 34 21 du
1937 2795 119 27 VAbbene,

1609 2825 96 21 riuscita
1712 2832 14 13 e
1732 2825 97 25 furtuna
1837 2833 16 14 a
1861 2827 40 21 voi
1912 2827 79 25 zitelli,

1609 2863 15 14 a
1637 2856 81 26 vecchj
1727 2857 49 20 vita
1782 2857 71 26 longa
1860 2865 14 14 e
1881 2864 74 16 senza
1959 2862 71 22 pene.

1609 2887 70 22 Altru
1689 2894 48 14 nun
1745 2889 53 20 dieu
1803 2889 51 24 più.
1867 2889 92 25 Chiprò
1964 2890 65 25 faria

1609 2918 121 26 d’allungà
1734 2919 24 20 lu
1763 2920 132 21 discorsuin
1898 2920 160 22 st’occasione?

1615 2955 41 21 Ciò
1663 2955 50 22 ch’è
1720 2956 69 25 longu
1797 2957 51 20 vole
1853 2958 170 24 preparazione

1610 2994 14 13 e
1631 2993 17 14 u
1658 2989 151 23 upreparatu»
1815 2994 66 14 serve
1887 2994 16 14 a
1910 2992 31 21 «g
1938 2988 82 21 alleria
2027 2996 12 12 »
2047 2988 11 21 !

1610 3018 119 21 Salutami
1732 3019 57 24 però
1797 3025 16 13 a
1822 3021 24 18 to
1854 3019 77 24 degna
1942 3022 76 21 sposa;

1592 3067 4 4 .
1612 3049 72 21 Tocca
1688 3052 44 22 per
1738 3050 36 19 mè
1782 3049 25 20 la
1815 3055 73 15 manu
1893 3055 15 14 a
1917 3049 115 24 Serafinu.

1579 3111 79 21 Passa
1664 3110 25 20 in
1697 3109 103 24 cucina,o
1805 3109 93 21 chiama
1907 3109 26 20 in
1938 3109 25 20 lu
1970 3109 90 24 giardi-

2026 3146 33 14 nu

1580 3171 41 20 edi
1626 3169 150 22 ch'iômandu
1781 3175 32 14 un
1818 3168 85 25 basgiu
1905 3175 17 13 a
1926 3169 134 23 Maria-Ro-

2031 3205 29 14 sa

1791 3228 25 21 U
1837 3227 194 25 Sampetraeciu.

1631 3347 190 30 Nouveau
1836 3346 185 33 Confrère

1613 3425 69 22 Nous
1694 3431 74 16 avons
1777 3427 27 22 lu
1812 3434 59 15 avec
1879 3428 85 27 plaisir
1974 3429 24 21 le
2006 3435 52 22 pre-

1586 3459 64 21 mier
1662 3460 25 19 n°
1710 3458 30 21 de
1751 3459 15 21 Y
1770 3459 177 28 Observateur,
1957 3462 24 21 le
1999 3468 61 17 nou-

1585 3491 41 22 vel
1649 3491 189 24 hebdomadaire
1864 3494 100 23 bastiais
1986 3497 41 27 qui
2047 3504 14 15 a

1585 3530 60 21 paru
1657 3525 24 20 le
1695 3526 26 19 Ier
1729 3524 99 26 Janvier
1836 3532 41 16 sur
1888 3529 76 26 grand
1974 3529 88 25 format

1586 3562 61 16 avec
1658 3562 48 16 une
1720 3557 62 22 série
1794 3559 117 23 d’articles
1923 3562 54 27 plus
1999 3564 61 24 inté-

1586 3591 108 20 ressants
1706 3591 35 20 les
1752 3597 45 16 uns
1807 3598 47 22 que
1861 3594 36 21 les
1908 3597 87 22 autres.

1615 3622 52 22 Nos
1679 3622 158 26 félicitations
1845 3627 36 22 les
1903 3629 54 28 plus
1969 3633 91 23 cordia-

1586 3656 37 21 les
1642 3655 15 22 à
1676 3662 46 16 son
1743 3657 135 27 Rédacteur
1899 3662 127 32 Politique,
2035 3669 24 22 le

1588 3689 119 23 combatif
1724 3690 109 27 Fernand
1856 3695 125 27 Lombardi
2004 3703 26 21 et
2045 3702 14 23 à

1588 3728 45 17 son
1643 3723 120 30 distingué
1770 3727 236 35 Directeur-Gérant,
2009 3737 50 22 An-

1588 3756 69 23 toine
1669 3757 90 31 Piaggi.

2169 129 159 30 Ritrattu
2334 126 123 33 Corsu

2107 219 73 22 Pueta
2189 217 14 23 é
2213 216 136 25 litteratori,

2106 253 86 28 Degnu
2207 251 24 22 di
2249 248 223 31 grand’attenzioni,

2106 285 53 22 Faci
2178 284 87 29 palpita
2284 283 17 22 li
2322 283 49 21 cori

2106 318 122 23 Cantendu
2241 317 18 21 li
2269 322 29 16 so
2315 317 107 21 canzoni.

2105 385 115 22 Patriottu
2236 384 153 21 innamuratu

2106 419 31 22 Di
2149 418 75 22 l’isula
2231 417 25 22 di
2276 417 103 25 billezza,

2105 452 18 22 E
2134 452 134 27 dapertuttu
2280 450 118 21 aclamatu

2106 485 53 22 Cun
2170 489 95 17 manera
2274 489 14 15 e
2295 489 44 15 cun
2347 484 107 23 dulcezza

2106 519 107 22 Cantanu
2231 518 17 21 li
2260 517 114 22 marinari

2105 551 157 28 Bell’Ajacciu
2275 557 14 14 e
2298 550 8 22 i
2320 549 150 29 Sanguinari.

2097 624 4 3 '
2107 619 141 28 Quand’ellu
2255 619 63 28 parti
2330 617 90 28 l’istati,

2105 655 24 20 A
2139 654 22 21 la
2169 655 137 25 muntagna,
2320 658 13 15 a
2342 653 26 21 lu
2376 651 85 29 frescu,

2106 686 65 22 Sonu
2187 686 59 22 corti
2258 686 18 21 li
2286 686 67 21 sirati

2106 720 18 22 E
2131 719 52 23 l’ori
2194 725 103 22 passanu
2306 721 82 26 prestu

2106 753 123 23 Cantendu
2236 754 23 20 la
2265 752 99 23 sirinata

2106 789 23 21 A
2139 787 75 22 l’isula
2222 786 140 29 parfumata.

2105 855 114 22 Bastelica
2230 855 25 22 lu
2267 855 98 22 cunosci

2106 889 17 22 E
2131 888 99 23 Vivariu
2242 889 72 22 l’ama
2322 889 70 26 assai;

2106 923 91 28 Ajenti
2213 923 38 22 chi
2264 923 25 22 di
2296 922 63 23 l’ami
2361 924 22 21 ci

2104 957 55 22 Nun
2164 957 20 22 si
2196 957 143 22 sminticanu
2350 957 57 22 mai.

2106 990 59 23 Culà
2177 991 19 22 si
2208 991 52 23 vivi
2270 991 26 22 in
2305 997 127 22 cuccagna:

2105 1024 97 29 Sempre
2210 1024 65 27 bevi,
2289 1026 68 21 canta
2369 1031 14 15 e
2389 1031 93 22 magna.

2107 1100 70 22 Porta
2182 1100 25 22 lu
2215 1100 111 28 cappellu
2337 1100 87 22 biancu

2106 1134 19 22 E
2132 1135 22 21 la
2160 1135 67 22 vesta
2238 1134 24 22 di
2276 1134 100 27 Pelonu;

2106 1168 32 22 La
2153 1167 101 23 Facciaè
2263 1167 58 23 d’un
2331 1168 58 23 ômu
2400 1168 89 28 francü,

2106 1203 31 22 La
2145 1205 87 20 statura
2241 1202 58 23 d’un
2311 1202 119 28 Sansonu,

2107 1237 34 22 Lu
2149 1237 101 28 sguardu
2258 1236 59 23 d’un
2327 1237 121 28 generale;

2107 1270 194 29 Questul’òmuè
2312 1271 131 23 Maistralè.

2345 1301 24 27 Ù
2380 1305 135 24 Muratoré.

2079 1435 22 38 0
2125 1435 109 48 Scarpu
2257 1438 79 37 vinci
2352 1449 20 25 u
2390 1436 153 42 Sciarrettu

2103 1516 149 23 Truvendumi
2273 1516 24 21 in
2315 1516 43 22 cità
2378 1523 41 19 per
2446 1524 93 20 compre,

2076 1548 113 23 scuntredi
2209 1555 31 15 un
2248 1548 106 21 Aiaccinu
2370 1555 67 14 cume
2452 1550 36 20 mè
2504 1549 34 22 chi

2076 1581 20 20 si
2110 1580 85 21 chiama
2213 1580 133 24 Sciarrettu,
2367 1579 25 22 ih
2412 1581 129 26 cumpagnia

2076 1613 52 20 d’un
2142 1611 159 25 altr’Aiaccinu,
2321 1611 87 22 Nunziü
2427 1612 111 25 Bastelica,

2077 1643 55 21 dittu
2150 1643 73 25 Rullè,
2238 1643 127 26 imprisarîu
2374 1650 140 15 mazzacanu.

2102 1675 63 26 Dôpu
2180 1681 13 14 a
2207 1674 78 22 strinta
2297 1674 23 21 di
2334 1681 67 14 manu
2410 1674 73 25 d’usu,
2489 1674 52 23 l’im-

2076 1706 53 21 bitai
2146 1707 60 20 tutfe
2225 1706 38 21 dui
2279 1713 13 14 a
2317 1705 49 22 beié
2387 1713 31 14 un
2434 1705 106 23 bicchiere

2076 1738 22 21 in
2118 1744 30 14 un
2166 1737 54 21 caffè
2234 1737 84 22 vicinu.
2328 1737 78 21 Strada
2426 1737 92 21 facendu
2524 1745 16 14 u

2075 1769 49 27 sgiô
2134 1769 123 21 Sciarrettu
2269 1769 31 22 mi
2315 1768 59 21 disse
2380 1768 36 21 chi
2426 1775 28 19 pa
2464 1773 33 17 sta
2505 1769 36 21 cit-

2075 1803 22 20 tà
2113 1801 72 21 curria
2193 1808 13 13 a
2225 1807 56 15 voce
2295 1800 70 22 ch’eiu
2388 1807 40 15 eru
2437 1800 103 22 divintatu

2076 1836 87 18 tontu...

2101 1863 112 27 Rispondii
2220 1870 13 15 a
2245 1867 37 17 stu
2289 1864 69 21 bravu
2366 1863 74 21 amicu
2452 1862 35 22 chi
2496 1866 45 18 ton-

2074 1895 17 21 ti
2109 1902 63 14 corne
2178 1896 35 20 mè
2223 1894 19 22 ci
2258 1902 16 14 n
2283 1902 13 14 e
2305 1895 57 21 assai
2369 1901 13 15 e
2398 1894 40 27 più
2448 1894 24 21 in
2480 1894 60 21 Aiac-

2075 1927 82 24 ciu,ma
2166 1926 35 21 chi
2210 1926 80 21 l’astuti
2299 1933 63 14 corne
2370 1926 45 22 ellu
2421 1925 117 26 sôpiuttos-

2075 1963 23 16 tu
2113 1958 52 21 rari.
2175 1957 71 21 Tutt’u
2263 1957 83 21 mondu
2362 1958 40 25 qui
2411 1958 25 20 sà
2453 1956 35 22 chi
2503 1963 37 19 per

2077 1990 41 20 avè
2124 1995 43 15 una
2176 1989 77 26 ligusta
2260 1989 21 21 ci
2290 1988 45 22 vòli
2341 1995 13 14 a
2360 1988 64 27 prigà
2430 1988 110 21 Sant’Aus-

2075 2021 49 21 tinu
2132 2027 14 14 o
2155 2020 50 21 falla
2211 2026 56 15 vene
2273 2020 29 21 da
2311 2020 117 25 Marseglia
2438 2026 6 18 ;
2454 2020 14 21 è
2473 2019 69 26 grazia

2075 2058 13 15 a
2100 2059 14 14 u
2132 2052 48 25 sgiô
2188 2051 127 22 Sciarrettu
2330 2051 36 21 chi
2380 2050 109 22 e’mbarca
2498 2054 39 17 tut-

2076 2087 22 17 te
2110 2090 27 19 pa
2151 2089 27 14 su
2194 2082 136 22 cuntinente.

2103 2114 18 21 U
2141 2121 77 19 scarpu
2235 2114 67 21 un’ha
2323 2114 63 21 vintu
2395 2121 14 14 u
2420 2113 119 24 sciarrettu,

2077 2145 35 21 chi
2127 2152 28 14 ne
2168 2145 60 25 ditte,
2237 2152 15 14 o
2270 2145 50 26 sgiô
2334 2145 123 21 direttore?

2286 2176 45 26 ***

2104 2208 31 21 Pa
2151 2215 13 14 a
2183 2212 69 17 stessa
2275 2207 116 22 occasione
2406 2214 69 19 pregu
2488 2207 7 21 i
2503 2207 39 21 dis-

2078 2239 49 21 tint!
2132 2239 88 21 Cavresi
2245 2239 37 21 chi
2297 2239 20 21 si
2329 2240 26 21 sô
2369 2239 87 26 purgati
2465 2238 22 22 di
2504 2238 39 21 cir-

2079 2272 24 19 cà
2121 2271 48 20 altri
2183 2271 57 26 lôghi
2256 2278 27 13 ca
2301 2278 15 14 u
2333 2271 78 21 chiosu
2435 2271 22 21 di
2467 2277 35 15 me
2509 2269 32 22 ziu

2080 2308 26 19 pa
2123 2302 56 21 andà
2193 2309 12 14 a
2219 2302 21 21 fà
2257 2302 24 21 di
2300 2309 97 19 corpu...

2104 2333 93 22 Almenu
2220 2333 72 22 ch’elli
2309 2341 30 14 un
2357 2334 91 26 voglinu
2466 2333 40 21 che
2530 2331 12 21 H

2081 2364 132 27 fabricheghj
2239 2372 45 14 una
2302 2365 78 21 îatrina
2390 2365 23 21 in
2431 2365 65 26 legnu
2506 2370 7 14 :
2519 2369 23 20 pa

2080 2395 87 22 st’affari
2184 2396 98 21 un’hanu
2292 2397 42 20 che
2346 2404 14 13 a
2365 2401 70 17 mette
2450 2403 14 14 a
2481 2400 61 16 manu

2080 2434 13 13 a
2108 2434 14 13 u
2137 2427 94 22 bursellu
2253 2435 14 14 e
2285 2428 112 21 fallassine
2415 2428 24 21 in
2452 2426 92 22 Aiacciu'

2082 2465 29 14 nu
2133 2465 36 14 me
2185 2466 146 19 magazenu...

2292 2490 18 15 *
2323 2489 16 16 *

2308 2509 16 16 *

2107 2529 25 21 Li
2142 2530 143 26 pudaràghiu,
2293 2530 62 25 dinô,
2363 2537 15 14 a
2386 2530 94 21 l’istessu
2492 2531 49 18 tem-

2074 2567 45 19 -pu,
2134 2562 65 20 zuccà
2207 2568 43 14 una
2256 2565 65 22 porta
2329 2568 28 19 pa
2366 2561 118 26 rimpiazzà
2494 2557 50 28 quil-

2082 2592 20 20 ia
2128 2592 21 21 di
2163 2599 13 14 a
2189 2599 24 14 so
2230 2593 60 20 scôla
2308 2593 140 21 communale
2464 2591 46 22 ch’è
2524 2589 20 20 in

2082 2624 83 24 pezzi..,
2183 2624 48 21 esti
2249 2624 61 26 pezzi
2320 2624 23 21 in
2357 2628 63 17 tantu
2434 2623 7 21 i
2450 2620 94 29 pudaria-

2083 2661 29 14 nu
2134 2655 21 20 fà
2178 2656 72 20 caccià
2268 2661 41 20 par
2326 2655 101 21 ch’ell'un
2445 2654 18 21 si
2481 2656 64 20 strop-

2083 2684 54 26 pînu
2145 2686 8 19 i
2162 2685 57 22 corci
2236 2685 107 23 sculari...

2395 2713 128 30 Scarponi.

2084 2833 24 37 Â
2126 2833 161 39 MERTSHO
2302 2827 247 45 âPPÎNMPALU

2107 2921 105 24 Dunque,
2221 2921 14 20 ò
2250 2919 78 25 Merti,
2334 2920 41 25 fra
2382 2920 88 26 poçuti
2476 2919 30 21 he
2510 2921 40 19 vcn

2107 2952 22 20 A
2135 2951 137 26 sparghiela
2278 2953 24 19 to
2308 2949 241 24 tendainCastellàre.

2108 2978 21 24 À
2138 2982 95 21 Vombra
2241 2982 28 21 di
2278 2980 74 27 lipini
2361 2989 14 14 e
2381 2982 53 21 dili
2444 2981 38 26 fai

2108 3015 121 25 Preferisci
2232 3015 19 21 li
2260 3015 42 21 siti
2307 3022 18 14 a
2332 3016 80 21 rembu
2417 3023 18 18 g
2440 3021 72 16 mare..
2537 3032 4 3 ,

2108 3046 63 20 Mira
2175 3046 38 20 chi
2220 3048 38 19 sta
2269 3048 121 23 partanza
2398 3047 15 19 è
2423 3047 26 20 la
2461 3044 94 27 cagione.

2109 3075 191 26 Difammiperde
2304 3078 78 22 tempu
2389 3076 49 24 afà
2446 3079 108 18 canzone.

2112 3131 160 20 Casincadila
2287 3132 65 17 costa
2368 3129 119 23 orientale,

2111 3161 36 20 Un
2160 3160 110 25 giardinu
2284 3159 49 20 cusi
2340 3159 17 19 b
2356 3158 47 22 ellu
2408 3165 15 14 e
2423 3162 116 23 pumposu
2545 3158 9 21 !

2111 3190 57 20 Sidi
2187 3188 156 21 bonissim'ôra
2357 3189 100 26 spargkf
2463 3190 55 24 l’ale

2111 3219 115 21 Puderisti
2244 3219 101 25 lampati
2348 3227 16 14 a
2373 3221 25 21 lu
2405 3222 112 26 Pietrosu,

2110 3249 95 21 Paisolu
2213 3252 44 23 per
2272 3250 23 20 iè
2301 3257 73 16 senza
2380 3254 103 25 pariglia

2111 3280 27 20 ln
2155 3279 58 22 duve
2221 3283 25 18 tu
2258 3282 97 22 nascisti
2365 3286 44 23 per
2415 3285 30 26 fà
2450 3285 99 27 inviglia.

2111 3346 108 22 Rustincu
2231 3347 27 22 di
2264 3348 81 23 Loreto
2353 3358 32 15 un
2399 3353 13 20 è
2420 3352 105 23 luntanu,

2111 3376 24 21 E
2142 3380 72 22 pensu
2230 3379 81 22 ch'ellu
2322 3382 36 21 sia
2374 3390 32 15 un
2420 3379 130 30 cunfratelR

2114 3407 99 27 Quandu
2222 3410 19 21 li
2245 3412 128 26 primifiori
2379 3418 150 23 spunteranu,

2090 3438 43 21 Chi
2138 3439 27 21 di
2167 3444 102 20 sumente
2278 3446 82 20 straha
2364 3449 62 22 pare
2436 3443 113 25 ancRellu>

2110 3470 115 24 Armerete
2235 3480 104 17 canzone
2354 3483 30 15 eu
2388 3476 119 27 paghiélle

2110 3501 47 22 Per
2162 3504 99 26 rallegrà
2271 3505 133 25 lucòrdile
2416 3507 84 24 zitelle.

2110 3549 34 22 Di
2149 3552 80 25 vedeti,
2240 3554 13 21 ò
2261 3554 78 26 Merti,
2343 3556 63 22 séria
2414 3556 115 22 cuntentu,

2112 3582 144 26 Un'affacata
2261 3588 82 23 prestu
2354 3588 35 21 mi
2392 3587 116 27 feraghiu,

2109 3613 43 22 Ma
2153 3617 44 22 per
2205 3617 47 20 avà
2266 3617 22 20 ti
2290 3617 42 25 fur
2329 3624 33 19 gu
2372 3625 49 15 nun
2429 3617 101 23 misentu

2112 3645 90 25 Capace
2210 3647 28 21 di
2243 3647 55 27 legà
2311 3649 25 21 lu
2341 3649 146 26 fuculaghiu-

2109 3676 75 26 Dôpu.
2189 3679 97 25 quandu
2288 3680 21 20 li
2311 3680 64 25 jorni
2378 3678 171 29 allungheraitü>

2111 3707 28 21 Ti
2140 3711 114 22 prumettu
2258 3710 29 21 di
2290 3717 65 18 vene,
2360 3719 16 14 u
2381 3712 47 22 miò
2430 3701 119 36 fasgianul

2260 3740 144 25 Ghiuvannî
2417 3737 109 28 Olivier!-

2115 3773 122 23 Décembre
2254 3780 63 21 1924.
