2598 3965
59 145 52 48 La
134 141 124 47 Revue
283 138 190 49 KYRNOS

60 253 28 22 La
98 252 74 20 revue
188 250 67 17 corse
274 244 29 21 de
321 244 71 22 haute
410 247 90 21 culture

32 280 127 31 KYRNOS
179 280 36 20 est
226 278 168 21 actuellement
408 278 14 22 à
440 279 59 22 l’im-

32 317 113 33 pression.
167 312 30 21 Le
209 310 68 28 léger
288 311 80 21 retard
387 312 53 21 subi
458 319 43 21 par

32 360 25 17 sa
71 346 143 34 publication
235 349 52 16 sera
308 344 129 27 compensé
456 352 43 21 par

31 383 100 27 l’intérêt
141 377 103 31 profond
261 382 46 22 que
325 376 136 28 présentera
476 380 22 21 le

32 417 101 32 premier
150 410 98 25 numéro
259 410 30 21 de
304 416 27 15 ce
345 411 60 21 beau
420 411 79 28 pério-

32 454 76 26 dique.
121 448 66 22 Nous
198 448 111 24 pouvons
321 443 77 22 d’ores
408 449 24 17 et
446 445 53 28 déjà

31 487 140 21 annoncera
186 484 44 17 nos
250 477 102 22 lecteurs
370 477 59 28 qu’il
444 484 54 16 con-

30 518 93 24 tiendra
130 522 33 15 un
171 512 80 23 article
262 511 31 21 de
304 516 30 16 20
346 517 73 22 pages
429 518 40 16 sur
476 514 22 20 la

31 552 128 24 formation
168 549 23 21 et
198 547 22 21 le
229 543 202 28 développement
441 546 30 21 de
476 547 22 21 la

31 581 137 27 nationalité
180 584 66 18 corse
266 583 43 21 par
323 577 35 22 M.
378 578 117 28 Graziani,

30 624 45 16 une
84 616 71 22 étude
163 614 29 21 de
208 612 34 22 M.
252 610 26 23 L.
293 610 74 23 Villat
381 618 41 16 sur
433 612 65 22 Vins-

29 650 110 23 truction
149 645 123 29 publique
289 650 31 16 en
337 644 79 23 Corse
428 648 69 20 entre

29 683 55 27 1768
94 683 26 20 et
130 680 61 28 1789,
205 685 32 15 un
245 677 61 24 récit
312 678 147 29 dramatique
468 680 29 22 de

29 716 33 23 M.
73 709 21 33 j.
107 714 27 22 B.
148 712 121 28 Marcaggi
281 718 41 16 sur
332 713 24 21 la
369 712 88 23 Tuerie
469 714 29 21 de

31 748 131 28 Chidafâo,
177 752 32 16 un
226 746 86 22 travail
334 747 120 27 suggestif
468 748 29 21 de

29 783 32 23 M.
73 779 77 25 l’abbé
162 780 99 22 Carlotti
277 786 42 15 sur
328 780 36 22 les
376 781 120 28 analogies

28 818 64 20 entre
108 815 35 21 les
164 814 111 21 dialectes
287 819 67 17 corse
372 816 24 20 et
407 816 87 25 toscan,

26 856 46 16 une
79 849 69 21 -belle
159 848 69 21 lettre
248 846 98 28 inédite,
360 850 24 20 et
404 854 30 16 en
450 848 46 22 fac-

26 884 84 26 similé,
132 884 30 22 de
179 884 106 22 Maurice
297 884 84 22 Barrés
393 891 41 15 sur
451 885 45 22 Na-

25 916 94 33 poléoii,
146 924 45 15 une
214 919 167 22 conversation
405 918 90 23 inédite

25 954 30 22 de
75 950 123 29 Napoléon
214 951 133 28 Bonaparte
379 959 59 15 avec
460 954 35 21 les

24 986 72 23 frères
105 986 102 25 Bonelli,
220 984 14 23 à
244 985 97 23 l’armée
353 986 99 27 d’Italie,
465 987 30 22 de

23 1020 73 22 belles
120 1024 72 23 pages
215 1019 31 21 de
277 1020 130 27 Lucciardi,
448 1023 46 23 etc.:

23 1054 117 27 Ajoutons
158 1052 13 22 à
181 1053 50 21 cela
243 1054 42 21 des
296 1054 83 22 lettres
391 1054 103 23 inédites

23 1088 29 21 de
75 1086 75 27 Paoli,
157 1095 4 3 -
172 1087 42 21 des
237 1087 113 23 bulletins
381 1089 113 28 critiques

22 1120 217 29 particulièrement
250 1122 164 23 documentés.

51 1157 64 19 Nous
134 1160 31 15 ne
176 1160 111 23 pouvons
302 1162 32 22 qu
341 1157 125 27 applaudir
478 1164 12 15 a

28 1190 53 20 ;ette
97 1188 146 29 magnifique
258 1191 141 27 entreprise,
412 1192 25 20 et
451 1197 39 16 en-

28 1227 109 23 ;ourager
148 1222 34 22 M.
197 1222 58 23 Paul
268 1224 110 22 Graziani
391 1225 41 27 qui
442 1231 13 15 a
464 1231 26 16 su

28 1262 93 22 grouper
129 1258 85 21 autour
228 1257 30 21 de
267 1258 34 21 lui
314 1258 29 21 de
355 1257 135 29 précieuses

28 1290 183 22 :ollaborations.
221 1290 39 23 Un
273 1292 66 21 souci
352 1294 54 20 tout
414 1292 76 22 scien-

29 1323 71 28 ifique
113 1323 121 28 présidera
245 1324 13 22 à
275 1325 22 21 la
319 1324 124 23 rédaction
461 1326 29 21 de

28 1359 52 20 ette
97 1363 76 16 revue
190 1364 7 16 :
212 1363 63 17 nous
288 1364 104 23 croyons
411 1360 79 21 savoir

28 1397 37 21 pie
78 1392 24 21 le
114 1394 84 19 savant
208 1394 25 20 et
247 1393 91 21 illustre
355 1393 135 27 professeur

28 1424 116 22 Üemente
168 1425 85 27 Merlo,
281 1426 30 22 de
333 1425 157 23 l’Université

28 1459 19 20 Le
55 1458 63 27 Pise,
129 1465 13 15 a
151 1459 56 22 bien
214 1461 73 21 voulu
295 1460 58 22 faire
362 1460 128 22 bénéficier

28 1492 19 21 Le
59 1498 26 15 sa
98 1492 73 22 haute
182 1493 163 28 compétence,
358 1496 75 25 quant
443 1493 14 23 à
467 1496 23 20 la

28 1526 65 20 >artie
101 1526 165 28 linguistique,
279 1528 23 21 le
317 1529 91 20 nouvel
420 1534 70 22 orga-

28 1564 20 16 1e
59 1558 30 22 de
95 1558 170 29 l’intelligence
277 1566 76 16 corse.

45 1592 35 22 Ce
103 1594 104 25 premier
228 1593 111 22 fascicule
357 1593 131 29 (avril-juiu

31 1626 50 29 925)
92 1626 102 28 paraîtra
205 1626 31 22 fin
250 1627 69 21 avril.

104 1712 182 32 Can^ona
309 1714 92 31 fatta

24 1762 30 38 îa
59 1775 19 24 u
85 1765 86 43 puela
175 1763 147 47 Peppu,pè
327 1765 10 35 i
342 1763 145 38 Nitilinchi

164 1820 38 30 di
224 1821 120 38 Parigi

41 1892 18 20 A
66 1892 73 20 salutu
146 1890 131 27 cu'rispettu

40 1923 19 20 A
64 1923 62 25 jente
134 1922 36 21 chi
179 1924 38 24 qui
225 1923 20 20 si
258 1924 64 20 trôva

39 1961 13 13 e
59 1954 22 20 di
91 1955 65 19 cantà
165 1954 29 20 mi
204 1958 110 21 permettu

43 1991 43 14 una
104 1989 129 16 canzonetta
242 1986 59 19 nòva
311 1992 6 13 :

38 2019 18 19 A
65 2025 65 14 musa
138 2026 14 13 e
159 2019 24 20 lu
191 2019 46 20 miò
246 2019 110 20 intellettu

39 2053 68 17 mette
114 2049 16 20 li
142 2049 75 25 voglîu
226 2050 13 20 à
248 2050 22 20 la
280 2050 78 25 prôva.

38 2094 62 21 Simu
113 2095 40 25 qui
165 2095 85 25 parenti
259 2102 14 13 e
279 2095 65 20 amici

38 2126 55 20 uniti
105 2126 139 24 d’affezione,

40 2156 63 21 Corsi
112 2157 98 25 spapersi
219 2157 24 20 in
253 2157 88 26 Pariggi

37 2194 50 14 emu
95 2187 56 21 fattu
160 2188 106 21 l'unione.

35 2213 17 25 È
60 2225 40 19 per
108 2218 61 21 fabbi
177 2219 47 21 ride
232 2226 32 14 un
274 2226 57 19 pocu
341 2235 7 9 ,

36 2249 40 21 che
84 2250 23 20 bi
116 2254 67 17 cantu
191 2254 34 17 ste
242 2258 107 13 canzone.

37 2297 32 21 Da
85 2298 91 21 Corsica
184 2299 26 20 sò
227 2302 90 22 partutu

35 2335 13 13 e
55 2328 46 21 laça
102 2332 26 17 tu
140 2330 65 24 aghia
215 2330 75 24 Niôlu,

35 2366 12 13 a
54 2360 92 26 Pariggi.
151 2361 26 20 sò
186 2361 78 21 binutu

35 2390 68 21 Cume
111 2398 31 14 un
151 2392 7 9 ’
166 2392 34 20 ala
216 2396 61 17 stesu
285 2399 13 13 a
308 2392 53 21 volu

35 2428 12 14 e
55 2423 38 24 qui
102 2422 68 26 aghiu
179 2423 125 21 cunisciutu

34 2452 62 22 ch’un
106 2460 65 15 corsu
180 2461 31 14 un
220 2455 13 19 è
241 2455 45 20 mai
294 2455 58 20 sôlu.

80 2490 3 8 :
129 2489 24 14 -U;

34 2512 109 22 Guardate
161 2513 21 21 le
190 2514 101 21 maritate

32 2544 60 21 unité
101 2551 14 14 a
123 2545 22 20 le
154 2545 122 25 damiceile,

30 2574 108 22 l’invernu
156 2582 65 15 cume
228 2577 85 20 l’estate

31 2606 28 20 mi
68 2613 86 19 parenu
166 2610 61 18 tante
239 2607 64 21 stelle
311 2614 8 17 ;

29 2636 58 22 hanu
96 2638 25 19 lu
126 2637 50 21 visu
184 2638 23 20 di
215 2637 45 21 fate

29 2676 12 14 e
48 2670 21 20 le
81 2671 57 20 mani
147 2677 56 15 ancu
221 2672 39 25 più
269 2672 64 21 belle.

552 141 32 20 La
594 142 88 22 Corsica
698 145 29 22 ha
737 154 56 18 pocu
802 151 83 21 mondu

554 180 38 14 ma
601 175 33 20 c'è
647 175 74 25 giente
729 178 66 22 d’alta
803 181 65 21 stima

552 205 43 20 che
611 206 18 19 si
638 212 55 15 sanu
703 211 52 18 tene
768 210 23 20 in
801 211 69 21 fondu

552 242 13 13 e
575 236 19 20 si
601 243 54 14 sanu
665 241 51 18 tene
722 239 25 21 in
756 241 65 24 cima,

551 268 130 22 guardandu
690 269 23 21 lu
722 272 105 20 suvenire

555 299 23 20 di
588 299 127 24 Napoleone
724 301 83 21 Prima.

550 358 20 19 A
579 361 57 17 tuttu
654 359 22 19 lu
690 360 85 19 mondu
784 360 63 24 piace

550 388 129 24 qu’ell'isola
694 390 125 23 parfumata

551 418 23 19 in
582 418 59 20 duve
649 419 18 20 si
676 420 58 24 gode
742 419 23 20 in
775 426 54 18 pace

551 455 47 13 una
608 449 43 20 vita
658 455 57 18 pocu
721 450 87 25 ingrata

551 486 13 13 a
570 479 96 20 l’ombra
675 480 23 19 di
707 480 21 20 la
738 480 84 21 furesta

550 510 38 19 dai
597 510 101 20 muvroni
705 511 89 20 abitata.

550 568 57 20 Viva
616 569 21 19 le
645 572 75 18 nostre
738 576 131 20 campagne,

550 598 53 21 viva
612 599 21 20 le
641 603 75 17 nostre
725 601 94 20 marine,

553 631 52 20 viva
614 630 21 20 le
643 634 77 17 nostre
728 634 124 22 muntagne

550 665 59 17 tutte
616 661 90 21 abbinte
715 662 68 20 d’aria
792 661 52 23 fine,

549 693 17 20 li
576 693 70 21 monti
655 700 43 13 cun
708 693 22 20 le
743 692 82 22 foreste

550 731 13 14 e
569 731 28 14 eu
607 724 82 26 l’acque
703 724 120 21 cristalline
830 725 6 20 !

550 783 93 26 Spulate
650 791 13 14 a
671 784 83 21 listessi
762 784 60 21 venti

549 815 98 25 deputati
658 822 12 14 e
679 816 96 21 senatori

549 846 42 20 che
601 846 20 21 la
631 847 89 20 Corsica
730 847 84 20 diventi

548 878 88 20 cum’un
645 878 102 25 giardinu
754 878 22 20 di
783 877 48 22 fiori

551 910 28 20 ha
587 909 88 21 soffertu
685 909 57 21 assai
751 909 103 21 tormenti

550 947 67 15 senza
626 941 43 20 mai
678 947 51 14 esse
737 947 15 14 a
766 940 86 21 Fonori.

547 1004 75 20 Zenza
637 1003 45 21 falli
695 1010 14 14 e
716 1010 69 14 zenza
795 1004 99 24 ingannu

546 1035 22 20 la
578 1035 31 20 mi
618 1035 73 25 voglîu
698 1035 23 20 fà
729 1034 71 25 finita,

546 1072 14 14 a
569 1065 51 21 tutti
629 1066 50 20 dieu
693 1066 45 20 bon
748 1072 61 14 annu

546 1103 13 14 e
570 1097 22 20 bi
602 1103 68 19 pregu
678 1097 69 25 longa
755 1097 53 23 vita,

544 1128 80 21 l'annu
632 1128 120 25 prossimu,
758 1131 33 17 sta
799 1127 56 22 festa

544 1165 60 18 sara,
613 1166 72 19 speru,
696 1159 39 25 più
744 1159 81 21 fiurità.

644 1207 24 22 U
678 1207 152 22 Cacciadore
842 1206 28 22 di
880 1206 83 22 Niôlu.

648 1322 207 26 Conférence

586 1369 35 36 de
635 1369 36 36 M.
687 1369 99 36 Pierre
800 1368 122 37 Boasrdi

546 1454 118 23 Mercredi
674 1455 57 25 soir,
738 1456 70 21 notre
815 1455 118 21 excellent
942 1455 48 21 ami

516 1488 85 22 Pierre
613 1488 101 22 Bonardi
733 1495 14 14 a
759 1488 87 27 donné,
863 1494 47 16 aux
922 1487 68 23 Veil-

515 1521 52 22 lées
575 1521 134 26 littéraires,
719 1528 49 15 une
776 1522 145 28 magnifique
932 1527 58 17 con-

515 1554 98 23 férence
624 1561 40 16 sur
680 1556 24 20 la
715 1554 125 30 Stratégie
856 1555 133 22 littéraire.

515 1588 145 22 L’auditoire
676 1588 29 22 de
718 1588 74 22 choix
803 1590 40 26 qui
856 1588 58 23 était
924 1595 66 16 venu

514 1621 140 27 l’entendre,
673 1622 139 27 l’applaudit
826 1622 164 22 chaleureuse-

514 1657 76 19 ment.
604 1656 23 21 A
640 1655 90 22 l’heure
754 1656 32 22 où
802 1662 62 16 nous
883 1658 106 20 mettons

514 1694 58 16 sous
585 1694 82 22 presse
678 1690 17 20 il
708 1691 37 20 est
751 1691 55 27 trop
813 1691 54 21 tard
875 1696 61 22 pour
947 1691 41 22 fai-

510 1727 30 16 re
552 1729 33 14 un
598 1724 179 26 compte-rendu
789 1730 32 15 un
833 1730 47 21 peu
893 1724 95 22 détaillé

513 1756 31 21 de
552 1758 64 20 cette
625 1756 61 22 belle
698 1756 86 22 soirée.
793 1757 67 22 Nous
866 1760 18 26 ÿ
895 1758 93 22 revien-

513 1790 76 21 drons
601 1790 57 21 dans
669 1792 70 20 notre
751 1791 114 27 prochain
878 1791 108 23 numéro.

513 1916 59 49 Un
598 1917 94 48 Omu
728 1919 39 48 di
807 1920 179 50 Slomacu

536 2034 114 22 Truvemu
669 2036 23 20 in
710 2036 25 21 lu
744 2042 12 10 «
766 2037 94 21 Journal
878 2038 84 22 Officiel
972 2048 12 11 »

509 2066 24 20 di
551 2073 15 13 u
584 2071 26 16 22
614 2067 109 26 jnnaghiu
745 2069 50 24 1925
809 2076 15 13 u
847 2069 101 21 discorsu
960 2071 24 20 di

509 2104 16 13 u
543 2097 101 25 diputatu
666 2099 112 21 alsazianu
803 2100 106 25 Elsasser,
940 2102 44 20 dis-

509 2134 67 15 corsu
600 2133 89 21 passatu
707 2134 61 17 sottu
789 2132 94 21 silenziu
902 2132 27 21 da
939 2140 44 14 una

508 2163 89 22 stampa
616 2160 87 21 schiava
713 2168 37 14 ma
768 2162 125 26 riproduttu
910 2170 27 15 eu
946 2171 38 13 cu-

508 2191 72 20 menti
597 2191 109 22 affettuosi
724 2193 24 20 in
766 2193 15 21 li
788 2193 84 26 jurnali
881 2196 101 20 stranieri

508 2222 196 25 particularmente
716 2231 15 13 u
750 2224 70 26 Daily
839 2226 118 21 Chronicle
967 2234 15 13 u

509 2253 104 25 Chicago
633 2254 96 21 Tribune
742 2262 14 14 e
764 2256 28 20 da
801 2263 15 13 u
828 2257 116 21 Politiken
949 2265 8 13 :

529 2291 31 18 M.
568 2291 105 18 Elsasser
683 2300 23 4 —
716 2290 46 19 C'est
778 2292 81 24 toujours
872 2297 48 19 pour
936 2294 44 22 moi,

506 2319 102 22 messieurs,
627 2324 25 13 un
661 2319 46 24 sujet
720 2319 129 20 d’étonnement
857 2326 34 18 que
905 2321 76 19 d’enten-

506 2346 33 19 dre
546 2347 74 19 s’élever
630 2352 32 13 sur
669 2352 29 14 ces
715 2347 53 19 bancs
775 2354 26 13 un
823 2354 92 14 murmure
923 2350 59 18 d’hor-

505 2380 45 13 reur
573 2375 68 24 chaque
662 2376 38 23 fois
719 2381 35 18 que
768 2376 25 18 les
805 2376 119 20 insinuations
938 2378 44 19 d'un

505 2405 76 17 orateur
593 2404 84 18 semblent
687 2405 66 23 porter
767 2410 25 12 un
806 2410 77 19 soupçon
899 2406 22 18 de
928 2406 54 20 doute

504 2437 34 13 sur
552 2432 19 18 la
580 2432 112 24 profondeur
714 2432 23 19 de
755 2432 19 19 la
778 2434 100 18 conscience
890 2435 91 23 française

505 2460 23 18 de
536 2460 84 19 l’Alsace.

527 2488 23 19 Je
560 2494 45 13 vous
617 2488 16 19 le
651 2489 92 23 demande,
752 2490 100 23 messieurs,
869 2492 53 18 est-ce
930 2492 50 23 faire

504 2516 67 19 insulte
598 2518 13 17 à
620 2523 25 13 un
658 2523 46 19 pays
726 2523 35 18 que
782 2518 22 19 de
821 2519 29 18 lui
862 2520 62 23 prêter
945 2525 36 14 une

503 2547 54 17 autre
567 2545 142 24 personnalité...

526 2590 31 18 M.
570 2590 25 18 le
612 2590 116 20 Président
749 2592 30 18 du
793 2592 100 20 Conseil.
904 2603 22 4 —
932 2594 47 23 Sup-

499 2622 56 19 poser
563 2623 36 18 que
614 2618 73 19 l'Alsace
703 2624 23 13 ne
734 2620 36 18 soit
787 2625 36 19 pas
845 2621 92 23 française
957 2622 22 18 de

502 2650 50 13 coeur
569 2647 19 17 et
603 2646 61 22 d’âme,
679 2648 43 17 c’est
730 2647 20 19 la
766 2649 57 18 croire
848 2649 72 23 capable
931 2649 22 19 de
959 2654 20 14 se

502 2673 62 19 renier
585 2674 101 23 elle-même,
700 2676 43 18 c’est
758 2675 27 19 lui
794 2677 50 23 faire
861 2677 70 19 insulte.

1047 155 29 18 iVI.
1085 156 109 20 Elssaser.
1201 167 23 4 —
1233 158 17 18 Il
1260 160 46 16 reste
1323 160 12 17 à
1350 162 60 17 savoir
1423 162 18 18 si
1451 168 47 18 pour

1026 186 19 13 se
1061 182 39 19 dire
1120 186 52 16 autre
1196 185 51 18 chose
1264 191 34 18 que
1314 187 81 22 français
1418 190 78 22 d’abord,

1027 208 73 20 l’Alsace
1113 216 20 13 se
1147 212 87 19 renierait
1247 212 96 20 elle-même
1352 216 103 24 (Tumulte).

1048 252 29 19 M.
1086 254 23 17 le
1119 254 115 20 Président
1248 257 31 17 du
1290 256 93 21 Conseil.
1425 260 23 19 Ce
1464 267 33 17 que

1027 285 41 13 vous
1080 287 54 12 venez
1155 283 23 17 de
1191 283 40 18 dire
1244 285 26 16 est
1288 289 35 13 une
1344 286 52 19 honte
1416 293 48 17 pour
1480 288 17 18 la

1027 307 67 19 France
1107 311 19 16 et
1135 315 49 18 pour
1200 310 93 18 l'Alsace!

1048 346 24 19 M.
1084 347 28 18 de
1126 348 22 18 la
1157 348 116 24 Tulipays.
1279 358 16 4 -
1299 349 51 20 Nous
1371 353 73 18 n’avons
1463 360 34 17 pas

1027 373 60 18 chassé
1097 376 40 17 tous
1151 375 26 18 les
1194 376 62 18 boches
1268 376 22 17 de
1307 377 68 20 France
1384 381 6 10 '

1048 414 29 18 M.
1092 415 138 20 Elsasser.—
1243 417 23 18 Je
1278 417 40 23 fois
1326 424 103 20 remarquer
1434 423 12 17 à
1453 424 44 17 cette

1027 442 92 19 assemblée
1133 449 35 17 que
1179 445 18 17 si
1215 450 32 12 son
1266 444 49 18 désir
1334 446 54 20 d’être
1411 449 86 23 informée

1027 467 30 19 des
1069 469 60 20 choses
1145 472 22 18 de
1187 472 46 18 l’Est
1246 472 112 24 est.sincère,
1376 476 34 18 elle
1424 482 19 13 se
1460 477 37 18 doit

1028 495 21 18 de
1063 496 63 19 laisser
1139 499 64 23 parler
1226 504 25 13 un
1268 499 69 23 citoyen
1356 504 84 18 mandaté
1461 510 36 18 par

1028 523 26 18 les
1068 524 90 20 habitants
1180 526 42 19 d'un
1227 526 120 24 département
1365 531 82 22 français
1449 538 48 17 pour

1028 551 34 18 l'en
1073 552 91 20 instruire.

1048 590 29 19 M.
1094 592 28 18 de
1130 592 24 18 la
1161 592 115 24 Tulipays.
1283 603 24 3 —
1319 594 44 20 Vous
1380 602 42 13 avez
1444 599 53 22 parlé

1027 623 64 14 comme
1111 625 27 12 un
1153 620 96 19 allemand.

1048 660 29 18 M.
1089 660 108 20 Elsasser.
1204 672 21 3 —
1232 663 23 17 Je
1265 663 70 19 m'élève
1343 670 43 13 avec
1397 667 51 22 force
1456 672 40 13 con-

1026 690 27 16 tre
1069 688 16 19 le
1107 689 78 24 procédé
1200 690 22 18 de
1230 691 35 18 'M.
1289 692 22 18 de
1326 692 18 19 la
1365 693 90 25 Tulipays.
1474 695 21 19 Ce

1026 717 43 18 n’est
1084 722 35 18 pas
1140 723 23 13 en
1186 719 75 19 traitant
1277 720 108 19 d’allemand
1407 728 26 12 un
1449 723 46 18 alsa-

1026 745 37 18 cien
1083 746 121 24 authentique,
1223 748 98 22 Monsieur,
1335 754 35 18 que
1384 755 43 13 vous
1443 750 17 19 le
1467 752 28 23 fe-

1026 778 29 13 rez
1067 774 46 18 taire
1136 774 45 19 Vous
1195 775 31 24 n’y
1233 776 147 24 réussirez-qu’en
1396 779 99 18 reconnais-

1026 803 38 17 sant
1087 807 28 13 ses
1132 802 71 19 libertés
1219 804 107 19 essentielles
1333 810 25 13 au
1372 806 67 23 peuple
1450 807 45 23 qu’il

1026 830 95 23 représente
1135 830 30 19 ici.

1044 872 30 18 M.
1083 872 23 19 le
1129 873 114 19 Président
1258 875 31 19 du
1298 875 153 19 Conseil.—Je
1472 882 19 13 ni

1023 901 91 18 reconnais
1130 906 33 14 sur
1176 902 16 18 le
1209 903 90 19 territoire
1315 903 21 18 de
1345 903 19 19 la
1384 904 107 24 République

1023 929 54 23 qu’un
1096 930 122 24 seul'peuple,
1237 932 42 18 c’est
1290 932 17 18 le
1312 931 67 24 peuple
1383 932 87 23 français.

1046 974 29 18 M.
1084 974 110 20 Elsasser.
1199 986 23 3 —
1230 976 22 19 Je
1262 976 69 24 félicite
1338 976 27 19 M.
1372 976 17 19 le
1400 976 91 19 Président

1022 1001 25 19 du
1065 1001 69 20 Conseil
1147 1003 23 18 de
1183 1009 22 13 ne
1219 1004 55 23 point
1287 1004 49 19 avoir
1345 1005 90 23 prononcé
1450 1006 41 18 cette

1020 1030 61 22 parole
1098 1030 17 18 le
1131 1031 24 17 11
1168 1032 93 18 novembre
1275 1032 58 19 1918.

1043 1074 30 19 M.
1081 1075 23 18 le
1112 1075 116 19 Président
1235 1077 30 18 du
1277 1077 129 19 Conseil,—
1416 1077 75 19 Veuillez

1021 1102 94 24 compléter
1131 1105 49 17 votre
1191 1105 75 22 pensée.,
1268 1105 22 23 je
1306 1110 43 14 vous
1357 1105 49 23 prie.

1042 1147 25 18 M
1071 1147 115 19 Elsasser..
1191 1158 23 4 —
1222 1149 103 19 Volontiers*
1328 1149 26 19 Si
1357 1155 43 14 vous
1409 1150 26 19 les
1442 1150 49 19 aviez

1020 1176 110 22 prononcées,
1142 1175 74 20 l’Alsace
1222 1176 22 24 'y
1258 1179 31 17 eût
1297 1178 51 18 .senti
1366 1183 35 14 une
1414 1178 77 19 hostilité

1020 1204 18 17 et
1056 1208 34 14 une
1106 1204 116 23 provocation
1238 1207 26 19 et.
1269 1210 33 15 son
1320 1206 76 19 altitude
1421 1208 31 17 eût
1465 1207 26 18 été

1020 1231 90 24 différente
1121 1232 23 18 de
1162 1237 20 13 ce
1201 1233 68 23 qu’elle-
1278 1239 13 13 a
1294 1235 38 18 -été
1355 1234 136 23 (Protestations

1020 1264 31 14 sur
1063 1259 18 19 la
1091 1259 86 24 majorité
1195 1260 31 19 des
1241 1261 68 24 bancs).

1041 1304 29 18 M.
1084 1304 109 19 Elsasser.
1201 1314 23 4 —
1229 1306 39 18 J’ai
1283 1306 120 24 l’impression
1419 1308 71 23 pénible

1018 1337 34 18 que
1072 1334 45 17 cette
1133 1332 94 19 assemblée
1244 1334 73 23 se-fait
1328 1334 22 18 de
1374 1334 74 19 l’Alsace
1455 1340 35 14 une

1019 1360 57 24 image
1091 1360 90 25 déformée
1192 1366 37 18 par
1248 1361 23 19 la=
1281 1361 73 24 légende
1371 1364 18 17 et
1404 1363 34 23 qui
1459 1368 31 19 ga-

1017 1389 71 23 gnerait
1100 1390 12 17 à
1129 1388 37 19 èlre
1186 1389 91 19 retouchée
1287 1395 25 13 au
1327 1392 68 17 contact
1402 1391 32 19 des
1450 1392 39 18 réa-

1018 1416 40 19 lités
1073 1417 130 24 impitoyables.
1222 1418 61 19 Croire
1306 1423 34 19 que
1364 1419 75 19 l’Alsace
1457 1420 31 18 n’a

1017 1444 22 19 de
1052 1446 114 23 patriotisme
1183 1447 42 23 qu’à
1249 1446 84 19 l’adresse
1345 1448 23 18 de
1384 1448 19 18 la
1421 1448 69 19 France

1017 1473 46 19 voilà
1084 1474 34 24 qui
1131 1476 28 17 est
1171 1474 28 19 lui
1223 1475 49 23 faire
1292 1475 71 23 insulte,
1381 1477 96 18 messieurs
1482 1477 9 18 !

1018 1502 94 23 (Tumulte,
1128 1503 37 18 cris
1175 1503 101 24 prolongés)

1196 1525 3 3 ’
1245 1522 19 12 r.\
1272 1528 5 4 -
1282 1524 5 3 '
1294 1527 4 3 -

1038 1547 30 19 M.
1079 1548 24 18 le
1110 1548 120 22 Président.
1237 1558 23 4 —
1266 1548 24 19 Je
1304 1554 24 13 ne
1344 1550 73 19 saurais
1426 1550 63 19 tolérer

1016 1580 33 19 que
1069 1576 85 19 l’orateur
1162 1577 91 18 continuât
1266 1582 33 13 sur
1306 1582 20 14 ce
1343 1580 37 17 ton.
1392 1578 25 19 Si
1422 1578 17 19 le
1444 1584 44 18 peu-

1015 1603 31 24 ple
1060 1604 80 19 d'Alsace
1157 1605 113 22 l’entendait,-
1287 1605 16 18 il
1316 1606 95 24 rougirait.

1038 1649 25 18 M
1068 1649 108 20 Elsasser.
1183 1660 23 4 —
1213 1651 25 18 Le
1242 1650 67 24 peuple
1317 1651 84 22 d'Alsace,
1410 1654 77 21 permet-

1017 1678 70 18 tez-moi
1099 1678 27 18 M.
1140 1678 17 19 le
1167 1679 95 19 Président
1275 1678 68 20 d’avoir
1359 1684 33 14 sur
1401 1685 29 14 ses
1441 1681 47 18 réac-

1015 1705 46 19 tions
1074 1706 132 19 sentimentales
1216 1707 32 18 des
1263 1707 81 24 opinions
1358 1708 44 23 plus
1418 1709 70 18 ancien-

1015 1738 30 14 nes
1058 1736 17 16 et
1089 1734 44 23 plus
1146 1734 120 19 documentées
1275 1740 35 19 que
1324 1736 25 18 les
1363 1737 64 18 vôtres.
1440 1736 49 19 Mais

1015 1761 17 23 je
1050 1762 84 19 voudrais
1147 1764 83 22 qu'avant
1246 1763 23 19 de
1285 1763 105 23 m'insulter,
1414 1770 23 13 on
1460 1770 28 13 me

1015 1789 52 20 laisse
1087 1791 126 23 m'expliquer.

1035 1832 30 18 M.
1076 1832 199 20 Abraham-Kahn.
1281 1841 24 6 -^—
1313 1834 51 19 Nous
1377 1840 23 13 ne
1409 1840 79 19 pouvons

1015 1865 30 18 pas
1059 1860 63 19 laisser
1145 1861 76 18 insulter
1238 1862 18 18 la
1273 1862 118 24 République.
1402 1863 85 24 (Applau-

1015 1888 115 24 dissements).

1034 1933 29 18 M.
1075 1933 108 19 Elsasser.
1192 1944 23 4 —
1225 1935 23 18 Je
1255 1935 71 24 déplore
1339 1936 55 18 d'être
1399 1936 59 24 obligé
1465 1936 22 19 de

1012 1960 39 19 dire
1064 1966 34 18 que
1109 1961 27 18 les
1140 1961 73 24 députés
1217 1964 135 22 protestataires
1361 1964 22 18 de
1392 1969 44 13 mon
1441 1970 46 18 pays

1011 1989 62 23 furent
1085 1994 25 13 au
1115 1989 96 24 Reichstag
1223 1990 80 19 victimes
1316 1989 53 21 d’une
1379 1992 107 19 obstruction

1011 2017 33 23 qui
1056 2022 22 14 ne
1091 2017 41 18 cède
1146 2023 23 13 en
1184 2017 40 19 rien
1239 2019 13 18 à
1260 2018 50 20 Mlle
1328 2020 33 22 qui
1375 2020 52 18 m'est
1439 2021 47 22 faite

1011 2044 31 22 ici,
1058 2050 37 18 par
1108 2050 33 13 son
1158 2045 152 24 aveuglement'et
1318 2051 6 7 '
1334 2052 20 13 sa
1371 2047 84 19 violence.
1463 2048 22 18 Je

1011 2072 84 19 demande
1107 2074 13 17 à
1129 2078 20 13 ce
1165 2078 34 19 que
1205 2079 31 13 ma
1241 2074 75 18 vois-ne
1331 2075 36 18 soit
1372 2081 42 18 -pas
1427 2076 57 24 étouf-

1009 2101 31 24 fée
1042 2106 36 18 par
1086 2101 18 18 la
1113 2102 141 23 représentation
1258 2103 91 18 nationale
1354 2103 23 19 de
1383 2103 18 19 la
1407 2104 76 19 France.

1032 2147 30 18 M.
1070 2147 23 18 le
1107 2147 121 19 Président.
1239 2144 103 24 —.Parléz.
1361 2149 44 19 Vous
1417 2155 43 13 avez
1465 2150 19 19 la

1007 2175 70 24 parole.
1279 2193 4 3 .
1309 2187 4 3 -

1031 2229 30 19 M.
1072 2230 109 18 Elsasser.
1190 2240 23 4 —
1226 2231 23 18 Je
1263 2236 44 14 vous
1320 2233 91 21 remercie,
1429 2233 27 18 M.
1466 2232 17 19 le

1008 2258 98 19 Président.
1124 2258 102 23 Messieurs,
1235 2259 23 24 je
1276 2265 23 13 ne
1315 2260 38 19 suis
1370 2263 55 21 qu’un
1437 2267 45 18 pay-

1007 2291 39 16 san,
1060 2287 21 23 je
1100 2291 23 14 ne
1135 2287 38 18 sais
1187 2287 64 23 parler
1268 2293 38 18 que-
1326 2288 21 19 de
1369 2294 19 13 ce
1405 2294 35 19 que
1460 2290 22 23 je

1007 2314 73 19 connais
1092 2316 18 17 et
1121 2315 23 23 je
1159 2315 92 24 m’appuie
1270 2321 37 17 non.
1313 2321 33 14 sur
1358 2316 32 19 des
1402 2317 76 24 dogmes,

1007 2343 47 18 mais
1071 2348 33 13 sur
1117 2343 31 18 des
1163 2343 52 24 faits.

1031 2371 87 22 L'Alsace,
1136 2371 102 23 Messieurs,
1256 2373 31 17 n'a
1297 2373 70 23 jamais
1380 2375 27 18 été
1428 2375 52 23 fran-

1007 2400 47 21 çaise
1072 2399 22 19 de
1114 2399 70 24 langue,
1196 2400 23 18 ni
1231 2400 22 18 de
1273 2406 71 17 moeurs,
1365 2402 22 18 ni
1402 2402 23 19 de
1444 2404 36 17 tra-

1007 2427 66 19 ditions
1087 2428 23 18 de
1129 2428 113 19 civilisation.
1253 2428 65 24 (Rires,
1329 2429 54 20 éclats
1390 2430 23 19 de
1423 2431 56 23 voix).

1030 2466 44 9 —...
1096 2456 140 25 Quarante-cinq
1246 2462 34 13 ans
1296 2457 124 25 d’occupation
1436 2459 43 19 alle-

1005 2484 70 22 mande,
1094 2486 18 18 et
1129 2485 79 19 combien
1224 2485 62 22 active,
1307 2488 31 16 ont
1359 2488 64 18 exercé
1447 2493 32 13 sur

1006 2512 35 19 elle
1054 2512 31 19 des
1099 2513 96 23 influences
1220 2518 25 15 au
1260 2514 59 18 ntoins
1330 2515 58 23 égalés
1398 2516 13 18 à
1427 2516 52 19 celles

1006 2542 42 23 qu'y
1060 2542 71 18 avaient
1150 2542 39 23 fait
1210 2538 91 28 pènétrei-
1313 2542 49 19 deux
1384 2543 62 19 siècles
1456 2544 22 18 de

1005 2570 53 23 règne
1068 2570 89 23 français.
1174 2570 53 19 Prise
1243 2571 50 17 entre
1310 2570 50 20 deux
1373 2572 60 23 efforts
1446 2573 33 23 qui

1005 2602 19 13 se
1045 2597 153 20 contrebalancent
1212 2598 45 19 dans
1265 2598 46 22 fleur
1323 2599 80 23 résultat,
1415 2600 62 19 l’Alsa-

1005 2630 25 17 ce,
1046 2625 101 22 Messieurs,
1164 2628 28 16 est
1205 2627 62 21 restée,
1269 2626 104 20 elle-même.
1387 2628 42 20 Elle
1432 2629 46 18 n'est

1003 2652 23 19 rii
1038 2654 47 18 votre
1099 2659 49 18 puys
1168 2654 22 18 ni
1204 2654 92 20 celuides
1313 2655 67 23 boches,
1398 2656 35 18 elle
1450 2658 28 17 est

1005 2681 80 19 l'Alsace.
1119 2689 3 3 •
1199 2683 4 3 '
1219 2681 3 3 '
1241 2677 7 9 ''
1262 2677 27 26 'V
1302 2682 8 4 '
1401 2684 4 23 ;

1544 164 30 19 M.
1583 165 141 20 lePrésitent
1733 167 29 18 du
1772 167 97 20 Conseil.
1878 179 24 3 —
1912 170 44 18 Vous
1961 171 36 17 êtes

1523 191 16 18 te
1555 192 40 19 seul
1611 193 69 19 homme
1708 195 46 18 dans
1774 201 32 13 nos
1822 196 130 24 départements
1964 203 32 13 re-

1522 221 76 20 couvrés,
1618 222 12 16 à
1639 221 62 23 parler
1717 222 23 19 de
1760 223 18 18 la
1791 226 53 16 sorte.

1543 263 30 18 M.
1583 264 108 20 Elsasser.
1701 275 15 5 —
1722 266 51 19 Dites
1786 268 61 22 plutôt
1860 274 35 18 que
1901 270 21 22 je
1932 269 38 18 suis
1979 269 16 18 le

1519 291 86 22 premier.

1543 332 30 18 M..
1583 333 29 18 de
1626 334 25 18 la
1665 334 107 24 Tulipays
1783 346 36 9 —...
1830 337 17 18 le
1852 338 80 22 premier
1942 340 12 16 à
1970 338 25 19 les

1522 359 59 18 trahir
1587 361 9 17 !

1543 398 30 18 M.
1582 398 108 20 Elsasser.
1699 410 15 5 —
1725 401 45 19 Dire
1786 408 34 18 que
1836 403 18 18 la
1866 404 98 19 conscience
1972 405 22 18 de

1521 424 75 20 l'Alsace
1604 428 27 17 est
1639 428 137 20 exclusivement
1781 431 98 22 française,
1896 433 41 17 c'est
1950 433 45 18 donc

1520 449 46 19 aller
1582 452 12 16 à
1615 451 93 21 l'encontre
1714 454 23 18 de
1746 460 20 13 ce
1779 456 33 22 qui
1822 459 32 18 est,
1878 458 42 17 c’est
1926 458 67 18 ensuite

1518 478 61 21 prêter
1587 484 35 13 une
1627 480 40 19 âme
1678 481 21 18 de
1708 483 88 18 comédien
1805 484 12 17 à
1828 489 25 13 un
1865 484 66 24 peuple
1946 485 48 24 loyal

1520 506 18 16 et
1548 505 102 20 honorable.

1541 544 25 18 M
1576 544 200 23 Abraham-Kahn.
1784 559 15 5 —
1804 551 28 18 La
1838 551 70 19 France
1916 551 76 19 n'est-el-

1521 573 16 18 le
1547 574 46 18 donc
1604 578 36 19 pas
1651 577 48 17 votre
1712 577 62 22 patrie
1781 578 12 17 ?

1542 612 140 20 M.Elsasser.
1688 624 15 4 --
1716 616 25 17 Le
1749 621 47 19 pays
1809 617 23 18 de
1847 623 39 13 mes
1896 619 52 23 pères
1965 621 28 16 est

1520 639 80 19 lAlsace.
1622 641 26 18 Ils
1661 642 123 23 s'appellaient
1794 644 138 24 Zimmermann,
1938 646 54 19 Sche-

1519 672 51 16 iceer,
1583 668 52 22 Heiz,
1653 669 142 26 Wimpffkopfer.
1817 672 17 18 Y
1845 678 22 13 en
1881 673 50 18 a-t-il
1940 674 51 18 beau-

1519 700 44 19 coup
1580 701 23 13 en
1622 696 69 20 France
1698 698 12 18 ?

1541 737 47 19 Une
1600 739 61 19 voix.
1667 749 15 4 —
1693 740 46 19 Cest
1754 747 35 13 une
1800 747 78 19 gageure
1884 743 5 19 !

1540 779 30 18 M.
1578 780 108 20 Elsasser.
1692 792 15 4 —
1715 783 23 18 Je
1752 784 83 19 voudrais
1856 790 34 18 que
1908 788 44 16 cette
1962 792 28 13 as-

1518 807 74 19 semblée
1609 814 46 13 cesse
1674 810 22 18 de
1708 816 20 13 se
1741 816 118 19 cramponner
1872 814 119 23 aveuglément

1518 836 12 17 à
1545 835 31 19 des
1587 836 72 24 dogmes
1673 840 18 16 et
1707 840 13 16 à
1737 839 31 18 des
1787 840 118 24 mysticismes
1918 847 33 18 que
1964 842 26 18 les

1518 863 71 19 réalités
1605 864 93 24 défoncent
1718 868 18 16 et
1754 867 112 23 pulvérisent
1881 874 66 13 comme
1964 875 31 14 un.

1518 890 54 19 bélier
1590 892 39 23 fait
1636 892 52 20 d’une
1696 896 59 21 porte.
1769 895 18 18 Il
1799 896 44 23 faut
1859 897 83 18 craindre
1955 902 34 19 que

1518 918 25 18 les
1554 919 73 19 réalités
1643 926 26 12 un
1680 922 46 23 jour
1739 928 24 13 ne
1767 925 90 21 prennent
1879 924 40 19 leur
1929 930 60 13 revan-

1517 946 37 18 che.
1574 947 24 19 Ce
1609 953 34 18 que
1650 949 17 24 f
1667 954 23 13 en
1711 950 29 18 dis
1751 953 26 16 est
1793 951 45 19 dans
1854 952 77 19 l’intérêt
1944 952 45 19 delà

1517 974 68 19 France
1608 981 34 18 que
1655 977 22 23 je
1687 980 78 20 respecte
1778 981 18 16 et
1809 980 67 20 j’aime.

1538 1013 30 19 M.
1575 1014 171 26 Dobson-Lévy.
1753 1027 20 4 —
1782 1018 28 18 On
1820 1024 23 13 ne
1852 1019 16 18 le
1880 1020 56 18 dirait
1943 1021 47 23 pas!

1537 1041 30 19 M..
1579 1042 110 20 Elsasser.
1695 1054 15 5 —
1724 1045 23 19 Je
1763 1046 33 18 l'ai
1808 1048 69 22 prouvé
1884 1053 22 13 en
1925 1053 63 19 appre-

1515 1072 44 16 nant
1572 1075 22 13 sa
1604 1071 70 24 langue.
1686 1073 23 18 Je
1730 1074 88 22 voudrais,
1843 1076 100 22 messieurs,
1953 1082 35 18 que

1516 1097 35 19 l’on
1558 1101 89 21 permette
1663 1105 25 14 au
1711 1101 59 19 moins
1788 1103 13 17 à
1817 1102 76 20 l’Alsace
1910 1104 77 24 d’expri-

1515 1130 38 14 mer
1565 1131 22 14 sa
1602 1129 65 21 pensée
1681 1134 43 13 sans
1736 1130 36 18 être
1787 1130 73 24 obligée,
1870 1137 49 18 pour
1931 1138 57 17 parer

1516 1153 18 19 la
1550 1160 73 14 menace
1636 1156 188 21 d’excommunication
1849 1160 96 22 nationale,
1965 1160 22 19 de

1516 1181 18 19 la
1552 1182 83 24 déguiser
1662 1185 143 23 hypocritement.

1536 1215 30 19 M.
1577 1217 24 17 le
1613 1218 115 19 Président
1741 1219 31 19 du
1781 1219 97 20 Conseil.
1884 1231 16 4 -
1916 1222 70 18 L’Alsa-

1514 1249 19 13 ce
1547 1246 27 16 est
1583 1245 99 23 française.
1700 1247 42 19 Elle
1764 1249 26 17 est
1809 1249 94 18 au-dessus
1916 1250 22 18 de
1956 1255 30 13 vos

1514 1272 101 19 calomnies.
1625 1273 96 23 (Tonnerre
1740 1275 194 25 d'applaudissements,
1958 1278 29 18 Vir

1513 1301 48 17 vates
1580 1301 109 24 prolongés).

1535 1333 30 18 M.
1577 1334 109 19 Elsasser.
1692 1345 16 4 —
1714 1336 23 18 Ce
1742 1337 72 23 pénible
1819 1338 58 21 débat,
1884 1339 100 22 messieurs,

1514 1366 45 13 aura
1573 1367 24 13 eu
1605 1367 25 13 au
1640 1363 59 18 moins
1715 1364 75 24 quelque
1804 1365 52 19 chose
1881 1366 68 18 d’utile.
1963 1367 23 18 Je

1513 1389 38 18 suià
1574 1390 113 19 maintenant
1700 1392 92 24 renseigné
1805 1398 33 13 sur
1853 1399 26 13 un
1892 1394 53 23 point
1951 1401 7 12 :
1966 1400 20 13 ce

1515 1417 152 24 Gouvernement,.
1675 1421 45 17 cette
1735 1420 90 23 Chambre,
1842 1427 19 13 ce
1864 1427 47 19 pays
1917 1428 23 13 ne
1944 1428 41 13 veu-

1514 1445 36 19 lent
1561 1451 36 18 pas
1609 1447 60 18 savoir
1684 1447 18 20 la
1721 1448 56 19 véiflté
1792 1454 32 14 sur
1842 1450 81 19 l’Alsace.
1940 1451 46 19 C'est

1513 1474 45 18 donc
1571 1475 54 23 qu’ils
1637 1481 23 13 en
1669 1478 32 16 ont
1718 1482 54 18 peur.
1784 1477 46 20 C’est
1839 1478 46 19 donc
1893 1479 53 23 qu’ils
1955 1482 31 16 ont

1510 1508 47 18 peur
1569 1503 23 19 de
1608 1505 45 17 celte
1669 1505 56 18 vérité
1735 1505 54 24 qu’ils
1807 1507 61 18 rêvent
1887 1507 22 19 de
1925 1513 60 14 recou-

1512 1536 40 13 vrer
1569 1531 87 24 d’aspects
1681 1534 100 23 trompeurs
1800 1534 43 19 chez
1859 1540 46 14 nous
1920 1541 66 14 comme

1513 1558 23 19 ils
1546 1560 43 23 font
1594 1559 75 20 ailleurs
1675 1561 8 17 !

1534 1593 30 23 M,
1585 1593 133 20 Trémintin.
1724 1605 23 4 —
1755 1595 22 20 Si
1794 1598 45 18 c’est
1853 1603 39 13 une
1906 1598 80 19 allusion

1512 1621 12 18 à
1546 1622 19 17 la
1581 1622 97 24 Bretagne,
1696 1624 21 22 je
1733 1626 82 20 proteste
1839 1626 24 18 de
1878 1627 42 18 tout
1942 1631 44 15 mon

1513 1653 50 15 coeur
1575 1651 25 17 de
1613 1651 92 22 français!

1534 1683 31 19 M.
1578 1683 118 20 Balanant.
1711 1695 24 4 —
1746 1686 48 19 Vive
1809 1688 20 17 la
1851 1688 115 23 République
1979 1689 5 18 !

1512 1711 51 23 (Très
1584 1713 44 18 bien
1640 1717 33 14 sur
1687 1715 43 17 tous
1745 1715 29 18 les
1789 1716 72 23 bancs),

1533 1745 30 18 M.
1574 1746 109 19 Elsasser.
1688 1757 24 4 —
1721 1748 36 18 J’ai
1762 1748 41 23 fini,
1818 1749 107 22 Messieurs.
1935 1751 51 18 Lais-

1512 1774 80 18 sez-moi
1606 1779 55 18 poser
1673 1780 38 14 une
1732 1777 52 18 seule
1801 1779 96 22 question,
1915 1778 19 18 la
1946 1779 40 18 voi-

1512 1801 17 18 ci
1537 1807 6 13 :
1555 1808 9 10 «
1573 1802 26 19 Le
1610 1803 51 18 culte
1670 1804 23 18 de
1704 1804 19 18 la
1734 1805 60 22 patrie
1811 1806 20 18 et
1842 1806 25 18 de
1877 1806 54 18 l’Etat
1936 1806 49 18 fran-

1512 1829 37 22 çais
1562 1831 30 17 est
1608 1831 91 22 peut-être
1718 1837 38 13 une
1772 1833 80 23 religion
1870 1838 34 14 sur
1919 1834 18 18 le
1947 1836 38 17 ter-

1511 1858 64 18 ritoire
1591 1859 25 17 de
1625 1859 19 18 la
1658 1859 121 24 République.
1794 1861 52 19 Vous
1864 1866 24 14 en
1902 1862 39 19 êtes
1956 1863 28 18 les

1511 1886 77 22 prêtres.
1603 1886 46 22 Soit.
1672 1888 53 22 Mais,
1743 1887 78 25 puisque
1838 1894 49 14 vous
1897 1891 88 18 n’admet-

1511 1914 28 17 tez
1549 1919 34 17 pas
1601 1915 69 22 qu’une
1689 1916 59 22 église
1768 1918 73 21 impose
1850 1923 22 13 sa
1888 1918 27 19 foi
1926 1920 12 17 à
1947 1924 36 13 vos

1511 1942 123 24 concitoyens,
1657 1944 91 22 pourquoi
1766 1946 137 23 vous-mêmes,
1920 1948 20 17 et
1959 1952 24 13 au

1510 1974 42 13 nom
1566 1970 25 18 de
1604 1971 44 22 quel
1670 1972 53 21 Dieu,
1743 1973 122 19 voulez-vous
1879 1979 48 14 nous
1947 1977 36 16 im-

1510 2002 53 18 poser
1576 1998 20 18 la
1608 1998 82 20 vôtre?»
1697 2000 33 22 (La
1742 1999 92 21 Chambre
1855 2002 104 24 s’écroule).

1605 2107 59 49 P.
1702 2108 67 51 C.
1808 2110 78 49 A»

1555 2247 24 27 Z)
1593 2248 123 27 Partitu
1734 2249 92 27 Corsu
1841 2251 139 35 d’A^ione

1505 2286 37 26 ha
1554 2286 93 27 dicisu
1660 2288 29 26 di
1702 2288 119 36 depone,
1831 2299 21 17 u
1863 2298 12 27 5
1890 2292 88 34 aprile

1506 2326 45 25 chi
1564 2334 82 25 vene,
1661 2336 60 17 una
1737 2329 97 34 palma
1850 2333 90 23 nantu
1961 2340 16 17 a

1504 2366 96 25 tomba
1613 2366 27 26 di
1664 2376 21 17 u
1708 2368 99 26 Bàbbu
1818 2369 34 25 di
1872 2369 26 26 A
1918 2370 58 27 Pa-

1506 2405 68 26 tria»

1554 2450 27 26 A
1603 2451 107 27 Muvra
1732 2454 16 24 è
1772 2453 152 27 incaricata
1946 2454 30 26 di

1502 2489 90 27 ricute
1600 2490 11 26 i
1623 2490 80 27 fondi
1715 2493 164 25 necessarii.

1514 2541 4 4 '
1535 2535 93 26 Avisu
1638 2544 16 17 a
1667 2536 115 26 Uamici.

1533 2579 28 26 A
1575 2581 214 26 sottuscrizione
1798 2584 62 24 sarà
1874 2583 99 26 chiusa

1502 2627 22 19 u.
1535 2626 12 27 5
1562 2619 98 35 aprile.

1690 2676 31 26 U
1729 2677 163 27 sicritariu.
1906 2702 3 3 .

2023 173 146 60 Filippo
2192 174 224 47 Buonarofti

2132 261 22 32 e
2177 246 188 50 Pascruale
2388 247 109 48 Paoli

2047 367 32 21 La
2098 368 50 22 vita
2172 368 23 21 di
2219 368 95 28 Filippo
2343 370 150 28 Buonarotti,

2020 400 155 23 discendente
2187 402 40 21 del
2249 403 90 27 grande
2360 403 135 24 Michelan-

2019 434 63 27 gelo,
2095 435 48 28 può
2156 436 57 22 dirsi
2230 443 32 16 un
2274 443 111 17 romanzo
2396 445 6 19 ;
2424 439 25 21 ci
2466 439 29 22 li-

2019 467 125 23 miteremo
2154 471 103 25 peraltro
2272 477 14 15 a
2301 471 124 23 rievocare
2439 474 55 21 solo

2019 500 77 27 quella
2111 504 67 25 parte
2189 503 45 22 che
2265 504 20 22 si
2315 505 109 22 riferïsce
2448 507 46 21 alla

2019 533 96 23 Corsica
2128 536 31 21 ed
2176 537 44 21 alla
2233 539 156 27 opposizione
2405 540 88 28 ch’egli

2018 567 51 22 fece
2078 574 13 16 a
2099 568 45 23 Pas
2146 571 68 26 quale
2226 571 76 23 Paoli.

2045 606 62 22 Nato
2118 608 76 22 aPisa
2205 611 40 21 nel
2258 610 62 28 1761,
2333 618 14 15 e
2354 612 104 28 fregiato
2468 613 24 22 di

2018 644 48 16 uno
2078 640 38 22 dei
2126 641 42 27 più
2179 642 38 22 bei
2236 644 67 21 nomi
2316 645 83 27 patrizi
2417 645 46 22 che
2470 647 23 21 la

2017 673 73 21 storia
2098 673 96 28 ricordi,
2208 676 125 23 abbracciò
2347 679 145 27 giovanissi-

2016 711 41 17 mo
2073 707 23 21 le
2118 709 77 21 teorie
2211 709 132 24 filosofiche
2360 712 24 22 di
2402 712 88 27 Locke,

2017 739 24 21 di
2051 740 93 23 Elvezio
2163 744 25 20 et
2199 743 24 21 di
2232 743 133 29 Rousseau,
2381 752 47 16 con
2437 753 54 21 gra-*

2016 779 32 15 ve
2059 775 111 22 scandalo
2182 776 40 22 del
2232 778 74 26 padre
2317 779 24 21 di
2350 780 42 25 lui,
2401 780 19 22 il
2427 786 65 16 mar-

2017 806 71 22 chese
2107 808 131 28 Leonardo,
2260 812 150 26 gentiluomo
2428 814 64 22 délia

2017 838 74 24 Corte
2100 841 159 24 Granducale.

2044 881 135 21 Laureatosi
2198 882 26 21 in
2250 883 79 28 legge,
2350 890 80 16 venne
2451 886 39 22 dal

2015 913 109 26 genitore
2138 914 59 22 fatto
2209 916 119 22 ascrivere
2339 918 35 22 fra
2388 919 9 21 i
2418 925 72 16 cava-

2014 945 54 22 lieri
2080 946 23 22 di
2113 946 73 23 Santo
2195 948 104 27 Stefano,
2311 956 13 16 e
2342 952 41 26 poi
2396 958 93 16 accasa-

2014 980 26 20 to
2052 985 44 16 con
2109 980 90 23 Donna
2217 982 127 24 Elisabetta
2354 985 39 21 de’
2404 986 84 22 Conti.

2015 1011 91 27 Questa
2120 1014 98 28 dignità,
2232 1016 88 22 ambita
2331 1018 30 22 da
2371 1020 80 26 molti,
2459 1020 31 22 ed

2014 1046 18 21 il
2046 1047 162 27 matrimonio,
2228 1055 49 16 non
2293 1052 155 23 cambiarono
2466 1054 23 21 la

2014 1085 41 16 sua
2069 1080 82 23 indole
2164 1082 84 22 ribelle
2269 1084 31 21 ed
2317 1088 170 20 avventurosa.

2014 1112 181 30 Dispregiatore
2213 1116 62 22 delle
2291 1119 124 23 tradizioni
2429 1121 59 21 aris-

2014 1148 135 27 tocratiche,
2170 1150 151 23 indifferente
2338 1153 27 21 in
2381 1154 61 22 fatto
2463 1154 24 22 di

2014 1181 120 27 religione,
2157 1188 15 16 e
2191 1185 96 21 nemico
2304 1186 38 22 del
2364 1188 123 27 principio

2014 1215 159 27 monarchico,
2197 1222 50 17 non
2265 1218 68 23 tardé
2351 1220 31 21 ad
2405 1227 82 15 essere

2014 1253 46 16 uno
2067 1248 38 22 dei
2118 1250 50 27 capi
2177 1250 43 28 più
2228 1252 25 21 in
2263 1252 63 22 vista
2334 1253 62 22 delle
2404 1254 83 28 Logge

2014 1282 155 27 massoniche,
2191 1284 45 22 che
2258 1286 183 24 domandavano
2456 1289 31 21 ri-

2014 1313 74 23 forme
2096 1316 183 23 democratiche.

2042 1354 30 20 Le
2082 1356 172 26 perquisizioni
2272 1357 144 25 domiciliari
2427 1361 60 22 fioc-

2012 1392 87 17 carono
2112 1388 8 28 (
2128 1388 78 30 1786);
2223 1391 38 22 cio
2277 1398 49 17 non
2353 1394 24 21 di
2401 1400 83 22 meno,

2012 1421 112 23 continué
2139 1424 62 21 nella
2216 1427 154 27 propaganda
2392 1428 44 28 più
2448 1435 37 19 ac-

2012 1460 62 21 cesa,
2098 1456 156 24 diffondendo
2277 1466 46 16 con
2339 1463 111 25 opuscoli
2471 1469 14 15 e

2012 1488 58 28 fogli
2087 1491 99 26 volanti,
2196 1492 25 22 le
2235 1493 55 22 idee
2313 1494 60 22 délia
2396 1496 89 22 rivolu-

2010 1522 70 22 zione
2093 1523 117 24 francese.
2223 1526 130 29 Costretto,
2361 1535 45 21 per
2412 1535 73 22 ques-

2011 1557 25 20 ta
2048 1562 42 16 sua
2104 1558 94 23 attività
2209 1562 142 22 sovversiva
2363 1569 13 15 a
2384 1564 102 22 lasciare

2010 1590 24 21 la
2042 1589 116 29 Toscana,
2165 1593 20 21 si
2194 1593 89 29 rifugié
2292 1595 26 21 in
2330 1595 101 23 Corsica
2437 1604 48 16 con

2010 1623 24 21 la
2047 1625 99 25 moglie.

2041 1662 91 28 L’isola,
2155 1665 77 23 divisa
2251 1667 26 22 in
2304 1669 65 22 mille
2391 1671 92 27 partiti,

2011 1702 40 16 era
2065 1698 25 21 in
2102 1699 56 27 quel
2166 1701 82 27 tempo
2262 1702 26 21 in
2300 1703 72 27 pieno
2396 1704 90 22 subbu-

2011 1731 58 26 glio,
2077 1737 32 16 un
2120 1738 85 22 campo
2214 1737 83 25 aperto
2310 1737 22 21 al
2341 1738 77 21 verbo
2439 1738 46 22 che

2010 1765 90 21 veniva
2111 1766 29 21 da
2153 1767 88 28 Parigi.
2251 1768 43 22 Era
2303 1770 97 28 dunque
2416 1771 69 23 l’am-

2011 1803 81 23 biente
2103 1805 86 29 ch’egli
2210 1807 141 25 desiderava
2359 1817 6 15 :
2376 1811 20 21 si
2410 1811 74 22 diede

2010 1837 122 24 senz’altro
2151 1840 32 22 ed
2193 1842 158 24 alacremente
2365 1851 12 15 a
2400 1845 84 22 fonda-

2010 1877 27 15 re
2049 1872 89 22 società
2150 1876 159 27 patriottiche,
2322 1879 31 21 ed
2365 1879 78 22 anche
2450 1886 33 15 un

2009 1905 107 28 giornale
2124 1908 130 24 intitolato:
2277 1910 108 24 Pamico
2413 1913 71 22 délia

2008 1938 102 24 Libéria
2126 1941 120 28 Italiana,
2263 1944 39 22 del
2317 1947 69 26 quale
2405 1948 78 21 moite

2008 1973 69 27 copie
2087 1975 117 23 mandava
2224 1977 26 22 in
2269 1978 67 22 Italia
2356 1981 127 22 clandesti-

2008 2009 119 20 namente.

2036 2045 180 29 Repubblicano
2235 2056 91 22 acceso,
2351 2058 45 16 con
2420 2054 62 22 tinta

2008 2081 142 28 comunista,
2162 2083 21 21 si
2203 2090 40 15 era
2255 2087 79 21 creato
2354 2093 48 15 una
2418 2087 65 23 invi-

2007 2113 88 23 diabile
2106 2116 123 26 posizione
2237 2119 106 26 politica,
2353 2119 45 23 che
2417 2121 65 22 il.fi-

2007 2148 72 22 torno
2089 2148 24 22 di
2135 2149 116 29 Pasquale
2269 2151 74 29 Paoli,
2362 2154 121 23 nell’isola

2006 2181 65 27 dopo
2083 2188 33 16 un
2130 2184 70 23 esilio
2212 2186 24 21 di
2248 2192 27 16 21
2294 2188 64 25 anni,
2382 2189 100 23 doveva

2005 2214 70 29 fargli
2089 2218 109 26 perdere.
2209 2218 151 26 Richiamato
2377 2222 103 23 dall’As-

2005 2249 104 22 semblea
2120 2250 136 29 Nazionale,
2278 2260 29 16 su
2319 2258 115 26 proposta
2454 2257 25 22 di

2004 2281 131 29 Mirabeau,
2149 2286 30 21 ed
2191 2289 100 21 onorato
2310 2290 68 26 q.uale
2394 2291 86 22 marb-

2003 2322 27 16 re
2042 2317 61 22 délia
2120 2319 94 28 liberté,
2241 2321 96 23 l’antico
2362 2324 118 23 dittatore

2004 2351 48 21 dell
2058 2351 68 27 isola,
2153 2353 114 23 sbarcava
2286 2362 14 15 a
2323 2356 155 30 Macinaggio

2003 2385 121 28 nelluglio
2137 2392 65 23 1790,
2215 2390 92 22 accolto
2317 2396 45 16 con
2374 2392 105 22 deliran-

2002 2418 18 21 ti
2033 2420 120 21 ovazioni.

2228 2468 29 21 O.
2269 2468 29 22 F.
2312 2470 135 27 Tencajoli.

2030 2507 159 31 (Continua).

2015 2646 237 32 Aiacciu-Stamparia
2270 2650 24 22 di
2317 2653 22 21 A
2365 2653 96 23 Muvra

2002 2684 22 22 U
2035 2685 212 31 direttore-gerente
2257 2697 6 14 :
2289 2690 70 23 Petru
2371 2692 105 24 ROCCA

26 2823 100 24 Fuglittinu
134 2827 19 17 di
162 2828 14 17 A
186 2827 69 19 Muvra.
265 2837 22 4 —
296 2827 22 19 N'
332 2828 11 18 4
353 2829 19 18 di
380 2834 13 13 u
407 2829 70 19 12-4-23

9 2913 145 56 Una
188 2927 286 54 scopata

82 2993 127 28 Gattivu
234 2996 157 26 induvinu

33 3082 45 27 Qui
93 3087 25 21 vi
136 3090 106 21 ramentu
269 3089 38 22 chi
320 3089 19 22 zi
359 3088 112 24 Ficatellu

9 3118 34 18 era
59 3117 145 27 funziunariu
217 3129 22 20 e,
250 3129 69 16 corne
334 3129 13 15 a
361 3123 40 27 più
412 3129 58 23 gran

9 3151 57 21 Parte
81 3153 31 23 d’i
129 3155 149 29 funziunarii,
305 3158 82 21 calava
396 3157 75 22 l’aric-

8 3179 34 24 chi
50 3190 12 15 e
70 3186 19 22 si
99 3189 78 23 mittia
188 3197 13 15 a
208 3191 61 22 coda
280 3191 26 22 in
315 3196 39 16 c...
364 3191 106 27 quand’i-

21 3216 14 18 ü
43 3223 115 21 annasava
170 3230 30 16 un
209 3224 101 30 chef,un
321 3225 146 27 superiori...

31 3248 25 24 St
61 3251 56 25 ému
132 3256 25 22 di
175 3259 92 21 talentu
287 3265 14 15 e
324 3259 24 21 di
372 3259 93 26 duveri,

8 3281 60 25 missi
78 3287 17 21 ü
108 3294 27 16 so
155 3292 126 26 spicchieti
299 3293 26 21 in
345 3294 75 26 punta
443 3293 23 22 di

7 3317 58 46 j^asu,
77 3322 123 25 starnuteti
211 3327 42 21 uni
265 3326 72 28 pòchi
357 3327 23 21 di
399 3327 66 26 volti,

14 3350 61 23 lnteti
87 3360 33 16 un
132 3358 70 28 colpu
214 3359 111 23 d’occhiu
344 3360 27 21 in
395 3359 71 29 ghiru

41 3388 13 16 a
64 3387 73 24 stessa
149 3392 48 22 aria
208 3393 25 22 di
246 3393 145 22 circustanza
411 3393 55 23 ch’i-

21 3418 13 16 u
53 3420 100 24 PMdava
170 3432 43 20 par
234 3427 81 29 leghia
330 3433 33 16 un
379 3427 87 28 parle-

7 3448 18 48 ^
28 3453 25 16 671
55 3452 10 19 i
75 3458 13 16 a
99 3458 94 22 bualchi
202 3461 62 21 tintu
283 3461 39 22 chi
334 3461 21 22 si
367 3461 99 22 n’anda-

20 3484 12 16 a
39 3487 12 15 a
60 3485 24 21 lu
94 3491 91 23 mondu
196 3494 24 22 di
233 3495 105 22 culandi.

8 3546 21 18 as
44 3522 85 36 ,&nu_nu
138 3530 40 17 era
189 3533 13 15 a
213 3527 76 23 bucca
304 3531 82 26 aparta
406 3536 14 15 e
439 3530 27 21 in

28 3551 102 27 Pùtativa
137 3563 7 20 ;
154 3565 32 15 un
198 3562 20 20 si
228 3562 72 22 sintia
309 3569 31 15 un
347 3563 71 22 anciu
431 3563 5 22 !

16 3583 182 32 —Cumincieti
210 3596 62 27 puri,
284 3596 64 27 chef,
357 3596 59 22 dissi
434 3597 32 21 al-

39 3619 161 28 aziSimionu.

9 3670 37 22 IV
57 3652 37 40 ?
113 3656 97 31 si&nale,
220 3661 21 22 zi
259 3662 114 23 Ficatellu
396 3665 68 21 caleti

22 3682 59 23 uc°hi
92 3692 14 15 e
116 3689 56 24 lessi
181 3699 6 15 :

43 3718 12 16 ^
64 3715 154 38 Marrakech,
232 3728 59 24 le20
295 3730 127 29 février...

530 2831 48 22 Ma
600 2831 86 23 cherre
711 2838 109 17 merre...
837 2835 137 27 suis...je...

500 2866 86 21 suis...

530 2898 42 22 Un
587 2900 83 22 nivulu
693 2906 63 16 neru
772 2907 61 15 neru
855 2902 19 21 li
894 2907 81 22 cupar-

501 2932 75 28 chjeti
588 2934 81 21 subitu
679 2939 14 16 a
704 2934 72 26 vista,
787 2935 8 21 i
806 2935 107 22 badidéli
933 2942 41 15 cu-

499 2966 144 23 mincietinu
648 2974 14 15 a
667 2968 70 21 trima
748 2973 13 15 e
770 2968 8 21 i
785 2968 188 29 spicchietti,po-

499 3005 31 15 cu
541 3000 72 22 fermi
622 3007 74 15 annan
699 3000 32 22 t’a
742 3007 33 16 un
786 3008 61 15 nasu
856 3008 15 15 a
881 3003 93 27 caciap-

498 3039 70 22 paru,
588 3034 19 21 si
628 3035 25 21 ni
671 3035 165 22 sculiscietinu
860 3036 27 21 in
910 3038 62 20 tarra

498 3068 169 27 sciappendusi
675 3074 32 16 un
715 3068 116 22 ucchiale.

525 3113 30 4 —
569 3101 125 28 Voyons...
703 3108 118 21 voyons...
832 3103 36 22 du
883 3102 86 27 calme,

497 3135 60 22 dissi
568 3135 22 22 zi
603 3135 112 23 Ficatellu
727 3142 147 21 cummossu,
896 3136 75 22 rimit-

495 3170 75 21 tendu
601 3170 8 21 i
621 3175 26 17 so
656 3169 143 28 spicchietti;
811 3176 120 20 voyons...
944 3171 26 26 je

496 3203 82 22 disais
613 3204 91 21 donc...
725 3203 59 23 hum
797 3204 35 21 !...
866 3204 58 22 hum
934 3204 34 21 !...

524 3236 79 23 Caleti
614 3237 95 22 l’occhii
722 3243 48 16 una
787 3237 100 23 siconda
903 3238 67 22 volta

495 3277 12 15 e
519 3272 38 20 sta
568 3271 100 22 siconda
679 3272 69 21 volta
755 3272 67 21 lessi:

520 3316 30 4 —
555 3304 34 28 fe
612 3305 79 21 suis...
701 3305 30 27 je
754 3306 81 20 suis...
857 3306 68 21 mort
944 3307 25 20 et

495 3337 106 23 enterré.

520 3377 92 21 Aiiora,
620 3378 14 15 a
641 3377 106 16 canneaa
759 3377 105 17 scussata
872 3378 30 15 aa
913 3378 7 15 1
930 3377 36 16 su-

492 3406 92 28 gnuzzi,
599 3406 95 22 dananzi
707 3412 14 15 a
731 3405 37 22 zia
780 3405 137 23 Cudazzana
932 3406 34 22 in-

491 3440 118 27 pallidita,
619 3439 101 22 tradussi
730 3440 27 21 in
766 3440 31 21 sti
808 3440 98 22 termini
928 3439 38 23 chi

491 3473 103 22 divianu
605 3479 52 16 essa
669 3479 71 16 causa
752 3473 24 21 di
799 3475 108 20 tamantu
919 3476 47 19 râs-

491 3513 33 22 pu
538 3514 6 14 :

518 3547 31 4 —
557 3535 84 22 Di...ci
659 3535 137 22 chi...chi...
810 3541 110 16 sa...sa...
930 3542 36 16 ria

490 3571 173 21 mo...o...ortu
683 3575 13 15 e
717 3575 56 16 su...
783 3571 120 20 sutarratu
914 3575 49 16 e....

491 3603 69 22 chi...

518 3631 43 22 Zia
573 3630 133 23 Cudazzana
723 3637 34 16 un
779 3632 107 27 aspitteti
905 3632 59 22 tanti

491 3664 165 23 schiarimenti
668 3671 43 22 par
719 3666 95 21 mettasi
826 3665 76 28 l’ugni
913 3671 14 15 a
942 3666 23 20 la

491 3698 75 22 faccia
577 3705 13 14 e
602 3699 90 21 lintassi
703 3699 16 21 li
732 3699 67 21 tricci
831 3699 6 21 i
848 3704 28 17 so
886 3699 77 21 brioni

492 3732 168 21 intrimurianu
672 3731 82 28 dighià
766 3732 23 21 lu
802 3732 100 28 poghiu:

1233 2814 70 22 >hrr*/C
1321 2820 11 12 h

1030 2847 29 4 —
1066 2835 84 27 Ofidé,
1164 2836 77 22 tisoru
1264 2837 25 22 di
1302 2842 138 16 miamma...
1460 2843 15 16 o

1002 2871 57 23 fîdé!
1073 2887 25 6 ...

1185 2905 3 2 -

1030 2907 114 28 Simionu,
1163 2908 117 28 Minganù
1287 2915 7 3 -
1305 2916 14 14 e
1331 2909 54 22 tutti
1403 2909 70 22 l’altri

1001 2947 73 16 eranu
1086 2941 100 22 sbuttati
1203 2948 13 15 a
1235 2943 89 28 piegna
1346 2949 14 15 e
1379 2943 94 22 miscia-

999 2975 165 22 vanulacrimi
1182 2977 78 26 grossi
1279 2982 68 16 corne
1366 2976 104 22 cantoni.

1027 3022 29 5 —
1060 3011 64 21 Echi
1136 3011 99 22 Tarba...
1249 3014 61 20 saria
1319 3014 55 20 nata
1393 3012 79 22 subr’a

999 3049 28 17 so
1039 3044 88 26 tomba,
1141 3046 147 22 cuntinuava
1298 3046 22 22 zi
1330 3045 121 22 Ficatellu.

1027 3080 40 23 Un
1078 3081 26 21 ni
1116 3081 75 27 pudia
1201 3081 78 28 piùda
1290 3083 23 21 la
1324 3088 69 22 pena;
1404 3088 15 16 a
1430 3083 45 21 let-

997 3115 51 20 tara
1063 3114 18 21 li
1097 3115 107 27 scappeti
1222 3116 30 21 da
1264 3116 8 22 i
1284 3116 72 21 mani.
1368 3115 106 22 Caccieti

997 3147 73 22 alléra
1091 3148 31 20 da
1134 3153 15 16 u
1163 3148 75 22 fundu
1251 3149 71 22 d’una
1337 3149 137 22 bunitaccia

997 3187 34 15 un
1041 3181 142 21 falsulittoni
1194 3181 179 29 frigidugulatu,
1380 3188 93 16 musca-

995 3216 69 20 tentu
1082 3214 73 22 l’arba
1180 3216 103 25 tabaccâ,
1308 3215 135 23 s’asciuveti
1463 3217 8 21 i

996 3254 29 16 so
1033 3248 77 22 occhii
1122 3248 63 22 russi
1195 3255 13 15 e
1220 3249 130 22 ciumacosi
1357 3255 16 15 e
1386 3250 22 21 si
1416 3250 56 21 mis-

996 3283 21 21 si
1029 3289 14 15 a
1053 3281 86 23 briunà
1149 3282 26 21 di
1187 3281 70 23 tutt’u
1267 3288 28 19 s.o
1304 3280 65 24 fiatù:

1024 3330 29 5 —
1059 3323 22 17 (J
1098 3324 59 22 mpo
1165 3323 7 16 i
1183 3323 39 17 Un
1235 3323 102 19 '.tendre
1343 3325 119 21 jeunesse

991 3351 108 29 fauchée
1110 3357 94 16 comme
1213 3351 58 29 l’épi
1277 3352 64 22 dans
1350 3358 31 16 sa
1387 3353 76 27 splen

996 3385 122 22 deurloh!
1131 3385 43 22 oh!

1023 3422 42 22 Stu
1076 3422 118 26 Filiciòlu,
1216 3421 125 23 dicendula
1367 3425 37 20 tra
1426 3430 37 20 no.

994 3462 33 16 un
1039 3462 39 16 era
1089 3458 67 20 tantu
1168 3456 49 22 bon
1226 3455 130 28 sughiettu,
1362 3463 5 3 -
1378 3460 85 25 quanti

993 3490 62 22 volti
1066 3490 55 21 avia
1143 3491 100 27 piattatu
1255 3489 13 21 à
1294 3488 106 30 cafriéla,
1415 3497 15 17 0
1453 3498 10 15 s

993 3524 108 28 vangadi
1113 3523 141 23 zìFicatèllu
1274 3524 97 26 quandu
1384 3526 79 27 quistu

993 3558 21 22 si
1026 3558 104 27 piddava
1136 3563 33 16 un
1181 3557 113 28 penciulü
1305 3558 93 22 acant’u
1407 3562 56 21 stra-

993 3592 73 26 donu,
1079 3598 15 16 o
1106 3591 39 22 chi
1158 3591 124 22 inciuffatu
1295 3596 29 16 eu
1335 3597 14 16 a
1359 3598 28 16 so
1395 3599 68 17 musa

993 3625 139 28 capriciosa,
1139 3625 142 28 ghiustrava
1289 3630 14 15 a
1314 3631 16 15 u
1338 3627 56 26 pedi
1407 3627 56 22 d’un

992 3658 140 22 macchionu
1154 3665 43 21 par
1219 3659 121 26 strappalli
1369 3660 94 27 qualchi

992 3694 96 19 sunettu
1096 3692 5 20 !
1108 3691 22 22 zi
1136 3691 114 23 Ficatellu
1265 3691 20 21 si
1292 3692 25 20 ni
1330 3694 133 20 ramintava

991 3731 39 16 ma
1056 3726 15 20 li
1096 3726 136 26 pardunava
1257 3725 114 22 vulinteri
1394 3732 13 15 a
1433 3732 30 15 su

1500 2843 161 22 sganzurronu
1673 2840 69 21 avale
1754 2839 111 23 ch’id’era
1871 2844 78 20 mortu
1960 2849 10 15 e

1499 2872 134 21 sutterratu.

1526 2908 23 21 A
1562 2914 55 15 casa
1627 2908 26 22 fù
1663 2911 84 25 prestu
1758 2911 71 27 piena
1839 2923 29 4 —
1878 2911 66 23 Tutti
1953 2913 17 22 li

1497 2942 103 21 lazaroni
1610 2941 38 22 chi
1655 2942 20 22 si
1684 2941 107 29 gudiamî
1800 2951 13 15 a
1825 2946 98 26 spiriata
1932 2946 38 22 d’u

1497 2975 50 21 sole
1559 2982 14 14 a
1584 2977 25 21 la
1616 2979 111 24 quatrera
1750 2977 31 21 d’i
1795 2978 107 27 Buccini,
1915 2980 55 22 tutti

1496 3008 17 22 li
1526 3010 135 22 ciamarruli
1672 3011 25 21 in
1707 3016 69 17 cerca
1788 3012 23 21 di
1821 3011 71 23 sfunà
1897 3013 23 22 la
1942 3020 28 16 so

1499 3043 81 27 lingua
1589 3050 73 16 eranu
1670 3046 65 21 tratti
1745 3051 15 16 a
1766 3046 26 21 lu
1799 3047 80 27 primu
1886 3047 82 22 stridu.

1528 3079 103 27 Quattrn
1643 3081 75 22 donni
1728 3088 13 15 a
1753 3083 70 26 pulsu
1838 3083 77 22 fermu
1926 3084 43 21 s’e-

1498 3119 59 15 ranu
1568 3115 98 27 lampati
1678 3121 14 15 a
1706 3117 57 20 tena
1779 3116 139 23 l’adulurata
1933 3118 37 22 zia

1498 3147 136 27 cudazzana,
1639 3155 14 15 a
1661 3148 39 22 chi
1710 3156 30 20 pa
1747 3149 18 22 li
1770 3151 65 26 pedi,
1841 3157 14 15 a
1862 3150 38 22 chi
1911 3157 30 21 pa
1950 3152 18 21 li

1497 3180 86 23 bracci.
1592 3182 91 22 Pinseti
1696 3188 14 16 a
1722 3189 62 21 pena
1796 3184 71 22 d’una
1875 3185 93 22 veduva

1497 3213 38 23 chi
1546 3216 69 26 perdi
1624 3216 24 21 lu
1661 3222 28 16 so
1701 3216 74 23 fìdòlu
1787 3217 62 27 sòlu,
1873 3224 95 22 speran-

1495 3254 26 15 za
1533 3254 13 15 e
1554 3251 116 26 sustegnu
1682 3250 24 21 di
1721 3256 13 16 a
1743 3256 29 17 so
1786 3251 126 23 vicchiaia.
1921 3252 46 22 Va-

1496 3281 69 23 danta
1575 3283 31 21 da
1614 3289 17 15 u
1639 3284 113 25 narbosu,
1762 3286 36 20 sta
1812 3285 62 22 tinta
1894 3292 73 16 mam-

1495 3321 38 15 ma
1544 3316 21 21 si
1578 3316 123 22 diminava
1714 3323 30 16 eu
1766 3318 70 26 furia,
1847 3318 75 22 fendu
1941 3321 26 20 lu

1495 3349 93 21 stradda
1596 3356 14 14 e
1621 3349 154 29 l’agrunchia;
1787 3351 21 21 si
1833 3352 86 22 sbattia
1940 3353 27 22 in

1493 3382 53 22 tutti
1561 3383 18 21 li
1589 3383 66 22 sensi
1668 3390 14 15 e
1704 3383 60 23 faeîa
1787 3385 131 23 inzucchità
1941 3387 24 22 di

1493 3417 109 27 capaccia
1610 3418 30 21 sti
1649 3417 153 24 dunnacciéli
1811 3419 39 22 chi
1862 3426 14 15 a
1888 3420 78 22 sicris-

1492 3451 95 25 tavanu,
1605 3453 94 20 mentre
1719 3452 39 22 chi
1782 3453 117 28 Minganu
1923 3454 42 28 più

1492 3485 79 20 astutu
1583 3485 22 21 si
1614 3485 25 22 ni
1649 3487 69 20 stava
1725 3487 99 21 luntanu
1831 3493 14 16 e
1852 3487 111 28 gridava:

1518 3532 29 4 —
1555 3520 121 29 Lintetila,
1691 3528 15 16 o
1730 3523 73 22 donni
1812 3523 5 21 !
1831 3530 32 15 un
1886 3524 26 21 vi
1922 3524 41 22 feti

1492 3554 65 22 sbulà
1569 3555 8 21 i
1591 3556 115 27 cilagni...
1725 3557 103 22 lintetila
1841 3558 21 21 si
1874 3563 33 16 vo
1930 3559 32 21 mi

1492 3588 71 22 vuleti
1573 3591 76 24 senta,
1659 3589 111 23 lachetila
1781 3590 67 23 sfucà
1857 3592 8 20 !
1878 3592 6 20 !

1516 3623 71 23 Salva
1596 3625 39 22 chi
1643 3626 133 26 zampitteri
1788 3627 6 20 !
1818 3628 60 21 certi
1894 3628 67 22 stridi

1492 3658 22 20 vi
1526 3658 115 21 livavanu
1648 3658 86 22 sdrisci
1743 3660 24 20 di
1780 3661 62 20 carri
1853 3661 6 20 !

1514 3692 40 22 Zia
1565 3693 72 22 Sacra
1656 3694 46 26 chi,
1716 3695 73 27 pianu
1804 3696 81 27 pianu,
1901 3697 20 21 si
1934 3698 25 21 ni

1492 3725 59 22 v'inia
1568 3727 31 21 da
1622 3728 22 20 la
1657 3727 99 23 funtana
1775 3728 24 22 fù
1821 3729 138 25 misciata;u

1538 3760 19 9 v~
1614 3764 12 11 *?
1634 3763 24 12 'f-'.
1667 3762 15 15 y
1704 3762 24 12 '-V
1898 3764 28 11 T--
1967 3767 3 4 ‘

1999 2848 76 22 sangu
2085 2844 17 21 li
2115 2844 64 23 faleti
2192 2852 14 15 a
2217 2847 8 21 i
2237 2847 56 27 pedi
2306 2848 25 22 in
2354 2856 16 14 u
2389 2852 86 21 stessu

1997 2877 82 27 tempu
2087 2877 44 22 che
2142 2884 15 16 a
2165 2881 28 19 sò
2202 2885 68 22 gerra
2283 2887 22 21 e,
2315 2883 62 21 trani
2386 2890 15 15 a
2415 2885 58 22 tutti

1998 2911 63 21 cursi
2073 2911 142 23 briunendu:

2025 2949 29 5 —
2058 2938 24 22 O
2091 2939 21 22 la
2125 2946 39 15 me
2177 2942 83 22 cucina
2272 2942 131 25 sfurtunata
2412 2946 6 21 !
2431 2952 42 16 era

1997 2973 77 27 quista
2086 2974 22 21 la
2125 2976 129 23 cullazione
2275 2979 38 21 chi
2336 2980 137 26 t’aspittava

1997 3001 86 27 oghie!

2025 3040 26 5 —
2065 3028 22 23 O
2098 3029 67 28 Fidò,
2178 3038 56 16 caru
2246 3034 24 22 di
2278 3041 102 18 mamma
2394 3038 6 21 !

2024 3074 27 4 —
2056 3062 56 23 Sarà
2121 3070 66 22 vera,
2200 3066 15 22 ò
2226 3066 84 24 Filiciò
2323 3070 6 20 !

2023 3108 28 4 —
2061 3096 23 22 O
2096 3096 57 26 fidò,
2166 3101 103 21 tamanta
2279 3103 68 27 spina
2356 3104 5 20 !

2023 3129 38 22 Zia
2074 3129 115 24 Tricciata
2199 3133 71 27 junse
2280 3142 13 14 a
2305 3137 94 27 capiddi
2421 3145 49 16 ma-

1994 3163 77 22 laditti
2081 3169 13 16 e
2107 3165 151 27 spacchendu
2270 3169 22 21 la
2299 3170 68 22 turba
2375 3177 6 16 :

2022 3208 28 4 —
2057 3196 22 23 U
2092 3198 88 27 pudarè
2189 3201 61 22 mica
2257 3201 120 29 inghiultà
2387 3206 84 23 st’évu

1994 3235 68 17 senza
2078 3232 55 21 sale.
2145 3233 68 22 oNù.

2021 3270 28 4 —
2065 3258 23 22 O
2097 3260 23 21 lu
2129 3266 39 16 me
2177 3261 72 23 fidélu
2263 3264 6 20 !

2022 3304 27 4 —
2059 3292 38 22 Un
2108 3293 21 22 la
2139 3295 32 20 mi
2186 3295 44 22 faci
2243 3298 71 21 creda
2328 3305 13 15 a
2353 3305 46 21 me,
2409 3301 15 21 é
2433 3301 36 22 Fi-

1993 3320 65 21 licié.

2021 3359 27 4 —
2057 3347 23 22 O
2098 3348 24 22 Fi
2126 3349 42 22 dé!
2181 3351 18 21 ti
2212 3351 26 22 sè
2250 3351 76 24 fermu
2341 3360 13 16 a
2378 3355 91 23 Marra-

1992 3375 84 22 kesciu
2083 3376 14 21 !.

2020 3403 41 22 Sin
2071 3405 43 21 ala
2126 3411 52 16 sera
2191 3407 21 22 ci
2225 3407 25 22 fù
2270 3415 58 21 gran
2347 3417 121 17 cuncursu

1992 3437 15 21 d
2015 3438 164 28 ajentûugunu
2189 3442 150 23 manifistava
2352 3451 13 15 a
2377 3451 28 16 so
2419 3446 49 27 pri-

1992 3476 67 16 senza
2078 3471 7 28 (
2097 3471 42 28 più
2160 3473 43 21 che
2219 3480 14 15 u
2253 3481 28 16 so
2291 3476 83 24 dulore
2386 3479 8 27 )
2407 3480 61 21 lam-

1992 3505 79 26 pendu
2085 3511 38 16 ma
2130 3506 25 21 di
2165 3506 171 29 st’isprissione
2348 3513 67 21 scelti
2426 3513 41 21 chi

1992 3544 26 15 so
2030 3543 68 17 corne
2115 3542 68 20 vetru
2201 3542 63 27 pistu
2288 3550 16 16 o
2317 3547 98 25 granedi
2440 3547 26 21 di

1992 3572 41 21 sali
2042 3577 93 23 grossu,
2147 3574 24 22 in
2183 3581 14 16 a
2208 3575 62 23 firita
2282 3581 80 23 aparta
2374 3579 24 21 di
2421 3579 44 22 l’a-

1992 3605 186 23 iulati—Tantu
2197 3615 13 15 a
2224 3610 94 26 perdita
2344 3617 41 16 era
2406 3613 59 20 dan-

1992 3644 56 16 aosa
2057 3641 68 21 tantu
2134 3641 27 21 fù
2174 3642 66 21 bellu
2253 3649 18 15 u
2279 3649 73 21 raspu
2362 3650 13 15 a
2399 3640 67 27 tutt’i

1992 3673 65 25 punti
2071 3673 23 21 di
2103 3674 72 21 vista.

2183 3707 93 23 L’Omu
2292 3709 28 22 di
2339 3710 95 26 Cagna.

2044 3737 154 31 (Cuntinua)
