2628 3868
343 166 187 26 L’Avucatu
547 161 143 26 Berthon
709 161 117 22 contru
843 159 11 23 i
872 156 94 25 Corsi

252 245 93 35 Toute
361 243 27 35 la
405 240 132 37 Lumière
555 248 50 25 sur
621 234 132 44 l’Affaire
771 234 100 35 Pierre
887 227 167 39 Alessandri

528 293 99 33 contre
650 288 127 35 Berthon

195 400 29 19 M.
243 397 78 20 Pierre
336 389 129 24 Alessandri
482 390 63 17 tente
563 386 77 20 vaine-

170 429 71 18 ment,
251 424 58 19 dans
325 428 8 9 <•
341 421 18 19 A
366 418 77 20 Muvra
451 424 10 11 »
473 415 30 19 du
513 419 25 19 27
545 413 95 20 octobre

168 452 100 22 dernier,
282 445 172 24 d’administrer,
470 448 41 19 par
529 442 21 19 la
566 441 75 24 publi-

168 480 75 20 cation
251 478 28 19 de
289 476 140 19 documents,
440 471 21 19 la
471 475 85 19 preuve
565 468 28 19 de
603 471 37 15 ses

165 505 144 25 allégations.
320 502 28 20 Sa
357 496 180 24 démonstration
546 501 29 14 ne
588 499 53 14 sau-

166 534 44 21 rait
219 533 73 19 battre
301 536 28 13 en
339 527 81 21 brèche
434 524 75 21 l’arrêt
517 526 122 17 souverain

168 562 31 19 du
213 560 57 23 Jury
285 557 130 20 d’Honneur
424 552 49 26 qui.
485 552 13 19 à
510 551 22 19 la
544 550 97 19 lumière

166 589 113 20 éclatante
286 585 40 20 des
332 583 73 25 pièces
411 579 105 21 desdeux
526 580 93 21 parties,
626 581 14 13 a

164 616 56 23 jugé
228 620 29 14 en
266 619 43 13 son
319 612 50 18 âme
377 612 22 16 et
407 606 138 21 conscience
555 609 45 19 que
607 605 31 17 Me

168 641 101 21 Berthon
279 639 36 19 n’a
325 636 127 20 nullement
460 632 86 20 insulté
554 631 22 19 la
585 630 56 18 Cor-

168 676 25 13 se
200 672 22 15 et
230 673 38 14 ses
277 664 123 21 habitants.
407 661 54 20 Cela
471 661 86 17 ressort
565 661 75 15 meme

167 696 67 20 d’une
242 691 133 23 attestation
384 689 29 19 du
427 688 97 19 docteur
536 684 104 20 Alessan-

168 723 44 23 dri,
220 719 142 23 l’honorable
371 720 22 17 et
401 715 61 25 loyal
471 713 60 20 frère
546 713 29 18 de
588 711 8 18 1
603 715 37 14 ac-

169 753 116 17 cusateur.
301 747 18 19 Il
335 746 34 23 n’y
383 751 22 15 a,
421 749 30 13 en
466 741 61 22 eflet,
542 739 58 19 dans
613 742 28 13 ce

167 778 125 20 document
300 780 44 18 que
352 770 113 22 l’histoire
472 769 123 19 amusante
609 767 31 16 du

168 806 70 19 Corse
247 804 13 19 à
268 800 81 22 cheval
358 803 22 16 et
394 798 29 20 de
437 803 25 13 sa
471 796 84 20 femme
564 799 12 14 a
585 794 54 21 pied

167 838 58 14 avec
231 831 41 19 des
282 830 102 24 paquets,
394 823 138 22 inoffensive
540 821 100 20 boutade

168 863 23 17 et
199 859 39 24 qui
248 864 29 14 ne
287 855 83 21 touche
378 860 28 14 en
422 852 52 20 rien
496 849 144 21 àl’honneur

167 888 29 20 de
202 893 44 14 nos
252 883 169 26 compatriotes,
427 880 60 20 mais
493 879 15 19 il
515 884 14 19 y
535 884 12 13 a
555 876 84 20 mieux.

169 916 31 20 Le
208 914 57 24 Jury
273 912 142 20 d'Honneur,
425 914 60 19 pour
492 906 89 20 donner
593 908 48 15 une

169 948 87 19 preuve
264 939 94 21 absolue
367 941 21 17 et
396 935 102 21 décisive
505 933 29 20 de
543 938 41 14 son
599 936 41 14 im-

168 968 117 27 partialité
294 974 12 13 a
316 966 73 20 écarté
398 964 41 20 des
454 963 80 19 lettres
548 960 40 19 des
602 964 39 18 pa-

169 1001 62 16 rents
240 996 27 20 de
276 995 22 20 la
307 994 81 20 femme
397 992 30 20 du
434 991 95 20 docteur
534 987 107 21 Alessan-

169 1025 35 20 dri
213 1027 23 17 et
244 1024 28 19 de
282 1028 44 15 son
334 1020 80 21 avoué.
430 1019 20 20 Il
459 1018 36 20 n’a
504 1019 81 17 retenu
595 1019 46 18 que

168 1052 58 20 trois
243 1051 134 20 documents
394 1047 39 25 qui
457 1045 123 26 projettent
601 1047 36 14 sui

168 1083 60 17 cette
235 1078 80 21 affaire
323 1078 22 19 la
353 1076 96 21 lumière
455 1075 21 19 la
482 1073 52 25 plus
540 1071 102 20 éblouis-

169 1111 64 17 sante
240 1114 6 12 :
256 1113 46 13 une
309 1106 67 20 lettre
384 1103 29 20 de
421 1102 32 20 Me
459 1100 101 22 Berthon
567 1104 28 14 en
602 1097 39 19 da-

168 1139 24 16 te
200 1135 30 20 du
238 1139 14 20 4
260 1134 54 20 Juin
325 1136 57 21 1929,
394 1133 23 17 et
426 1129 40 25 qui
476 1131 34 17 est
517 1126 59 22 ainsi
586 1130 56 15 con-

172 1168 54 19 çue:

195 1190 44 20 «Je
249 1195 57 14 vous
315 1188 99 21 adresse,
429 1185 83 22 inclus,
519 1183 22 20 Je
549 1183 92 19 dossier

169 1218 90 20 destiné
267 1224 30 13 au
305 1216 57 24 Jury
370 1214 141 21 d’Honneur.
520 1211 29 20 Je
558 1210 84 24 répon-

168 1246 51 20 drai
227 1246 13 20 à
249 1248 77 17 toutes
334 1244 32 19 les
372 1241 122 26 questions
499 1239 39 26 qui
544 1244 36 14 me
586 1238 55 19 sont

168 1275 91 24 posées,
268 1273 59 20 mais
335 1272 39 19 dès
382 1270 151 21 maintenant,
537 1266 9 25 j
555 1265 86 21 affirme

169 1308 41 14 sur
218 1301 123 20 l’honneur
349 1305 43 19 que
398 1298 24 24 je
432 1296 47 21 n’ai
488 1301 42 19 pas
544 1292 97 27 apporté

168 1331 58 18 dans
234 1335 36 13 ma
281 1326 119 26 plaidoirie
409 1325 35 20 les
449 1321 191 28 généralisations

169 1357 57 20 dont
234 1362 30 13 on
273 1356 119 19 m’accuse,
402 1356 23 16 et
439 1357 46 20 que
489 1351 24 25 je
526 1349 44 20 n’ai
583 1351 57 16 tenu

168 1391 41 14 sur
217 1384 21 19 la
248 1383 82 22 Corse,
339 1388 35 14 ses
382 1380 116 21 habitants
506 1381 23 17 et
543 1383 38 14 ses
595 1380 46 16 tra-

163 1412 101 23 ditions,
272 1416 77 15 aucun
357 1409 40 20 des
408 1413 87 20 propos
506 1403 136 22 diffamatoi-

169 1446 39 14 res
216 1446 45 18 que
270 1437 131 21 m’attribue
408 1435 31 21 M.
449 1432 141 23 Alessandri.

196 1467 101 25 J’ajoute
313 1471 44 19 que
371 1464 24 24 je
412 1462 96 21 connais
525 1461 22 19 la
567 1459 73 20 Corse

171 1501 59 19 pour
238 1501 15 17 y
261 1493 66 20 avoir
334 1492 40 20 fait
385 1490 130 24 troislongs
531 1492 108 20 voyages,

170 1526 25 16 et
204 1528 47 18 que
256 1521 25 25 je
290 1520 44 21 n’ai
340 1519 82 25 jamais
431 1516 100 25 manqué
543 1521 47 14 une
604 1520 37 14 oc-

171 1550 87 22 casion,
267 1549 14 19 à
291 1549 20 19 la
321 1548 90 19 tribune
419 1546 31 19 de
457 1545 22 20 la
489 1543 114 20 Chambre
610 1548 31 13 ou

170 1578 57 19 dans
235 1578 22 19 la
266 1581 86 20 presse,
367 1572 152 22 d’intervenir
528 1574 79 17 contre
617 1569 23 20 la

170 1605 42 20 Cie
220 1604 134 21 Fraissinet,
359 1608 56 18 pour
420 1601 24 20 le
449 1599 193 24 développement

170 1632 154 23 économique
332 1634 22 16 et
361 1628 102 26 agricole
478 1626 89 22 del’île,
580 1630 60 19 pour

169 1661 22 19 la
200 1659 112 21 salubrité
320 1658 27 20 de
355 1658 21 19 la
385 1658 51 19 côte
449 1654 119 23 orientale,
583 1659 58 18 pour

168 1688 24 20 le
200 1688 51 24 prix
259 1687 42 20 des
309 1688 130 21 transports
447 1682 192 23 maritimes,etc.»

194 1719 23 17 2°
224 1715 31 20 M.
264 1714 27 20 C.
302 1713 117 21 Président
427 1712 31 19 du
464 1709 112 22 Tribunal
583 1708 56 20 civil

170 1744 28 19 de
207 1743 86 20 Guéret
300 1741 88 21 déclare
396 1741 129 19 nettement
532 1737 58 20 dans
595 1742 45 14 une

168 1772 125 23 lettre,que
301 1770 25 19 ni
334 1769 32 20 lui
372 1768 22 19 ni
401 1774 37 14 ses
445 1771 129 16 assesseurs
579 1764 62 20 n’au-

169 1799 75 20 raient
260 1798 76 19 toléré
348 1797 40 19 des
402 1799 106 20 attaques
524 1796 81 17 contre
617 1792 23 20 la

170 1826 80 24 Corse,
268 1829 24 16 et
309 1831 45 18 que
362 1823 29 21 M*
400 1823 101 20 Berthon
523 1825 36 16 est
578 1820 62 20 resté

169 1854 153 22 strictement,
331 1859 27 13 en
368 1851 112 25 plaidant,
490 1849 57 20 dans
554 1854 41 15 son
605 1848 35 19 rô-

169 1882 22 20 le
200 1882 113 19 d’avocat.

195 1909 23 20 3°
226 1908 30 21 M.
265 1909 23 20 le
295 1907 87 26 greffier
389 1907 31 19 du
429 1904 102 22 tribunal
544 1904 54 20 civil
609 1903 30 20 de

170 1937 86 20 Guéret
270 1937 54 23 m’a,
338 1941 40 14 sur
391 1941 37 13 ma
442 1933 122 22 demande,
577 1932 24 19 le
613 1935 26 15 12

170 1964 55 20 Juin
234 1968 60 20 1929,
302 1963 91 20 adressé
402 1962 21 20 la
431 1962 69 20 lettre
507 1960 107 20 suivante
620 1965 7 13 :

272 2015 12 11 <f
292 2010 115 20 Monsieur
415 2012 24 17 et
448 2008 54 20 cher
510 2007 91 22 Maître,

197 2048 33 20 En
239 2048 101 23 réponse
348 2047 13 19 à
370 2049 65 16 votre
444 2045 69 20 lettre
526 2044 31 19 du
565 2043 12 20 5
586 2048 54 14 cou-

170 2075 98 25 rant,j’ai
275 2075 118 19 l’honneur
399 2073 28 20 de
434 2078 58 15 vous
497 2071 58 20 faire
560 2070 80 21 savoir

172 2110 47 18 que
224 2103 39 25 j’ai
271 2102 85 21 assisté
365 2107 44 14 aux
417 2101 83 19 débats
508 2100 29 19 de
545 2098 94 21 l’affaire

170 2130 145 24 Alessandri,
326 2129 78 25 depuis
409 2129 22 19 le
445 2130 195 18 commencement

169 2159 92 25 jusqu’à
275 2158 24 20 la
314 2157 38 23 fin,
360 2161 22 16 et
395 2163 47 18 que
451 2156 48 20 rien
511 2156 35 19 n’a
556 2155 40 19 été’
606 2154 34 20 dit

171 2193 42 18 par
228 2186 32 20 Mc
273 2185 101 21 Berthon
390 2188 83 17 contre
494 2184 34 19 les
546 2183 92 20 Corses.

171 2215 29 20 Je
209 2214 50 20 dois
270 2214 96 24 .ajouter
382 2218 45 19 que
441 2212 31 20 M.
482 2211 79 20 Pierre
576 2210 64 20 Ales-

173 2242 90 23 sandri,
272 2241 136 20 Professeur
415 2246 31 14 au
455 2239 74 25 Lycée
537 2238 29 20 de
572 2237 64 23 Nice,

171 2273 36 17 est
220 2270 48 19 très
276 2269 46 20 mal
332 2268 62 25 placé
409 2274 59 18 pour
476 2266 57 20 faire
545 2265 96 21 sembla-

172 2298 38 20 ble
218 2297 150 22 déclaration,
377 2296 62 19 étant
448 2294 75 21 donné
532 2293 53 25 qu’il
595 2292 46 20 n’é-

170 2325 44 20 tait
222 2331 42 18 pas
272 2325 15 19 à
295 2324 133 20 l’audience.

195 2352 29 20 Je
238 2353 52 19 suis
298 2353 13 19 à
320 2354 63 17 votre
395 2351 92 20 entière
500 2348 139 25 disposition

171 2387 59 18 pour
242 2383 55 17 tous
313 2379 33 20 les
369 2378 201 24 renseignements
595 2381 46 20 que

172 2414 57 14 vous
238 2408 103 20 voudrez
349 2406 51 20 bien
410 2412 39 13 me
457 2405 133 20 demander.

361 2436 96 25 Agréez,
471 2439 36 16 etc
515 2438 45 16 etc.
566 2440 11 12 »

190 2482 24 21 Si
219 2482 53 20 M.le
276 2480 92 27 greffier
374 2480 102 25 rappelle
482 2479 159 25 queM.Pierre

175 2510 132 20 Alessandri
313 2508 123 21 n’assistait
442 2513 42 18 pas
490 2508 12 19 à
508 2507 133 22 l’audience,

169 2538 55 20 c’est
231 2543 45 19 que
286 2536 94 23 celui-ci,
392 2536 64 19 avait
465 2541 29 14 eu
502 2534 102 20 l’audace
612 2533 30 20 de

171 2565 57 20 faire
236 2565 36 20 sui
277 2570 41 16 vre
327 2570 40 14 son
374 2563 66 24 appel
450 2561 133 21 auxCorses
589 2567 54 15 con-

172 2593 49 21 viés
229 2593 13 19 à
251 2593 21 19 la
282 2592 98 20 réunion
389 2591 30 19 du
428 2595 27 16 20
460 2590 46 20 Mai
516 2594 58 20 1929,
581 2589 30 20 de
619 2589 22 20 la

171 2621 84 24 phrase
263 2620 108 20 suivante
378 2626 6 12 :
397 2623 10 11 «
415 2618 36 21 Un
457 2618 87 20 témoin
553 2624 28 13 au
591 2623 53 19 pro-

171 2649 45 22 cès,
225 2648 31 20 M.
266 2648 78 20 Pierre
351 2646 143 23 Alessandri,
506 2645 136 20 Professeur

171 2677 84 24 agrégé
262 2676 30 20 de
299 2674 153 24 l’Université,
459 2673 48 21 fera
516 2679 32 14 un
557 2672 86 25 exposé

666 383 40 20 des
727 383 57 21 faits
801 388 59 20 pour
880 380 119 25 expliquer
1022 377 115 20 comment

666 410 205 24 l’Avocat-Député
880 407 76 21 André
972 404 102 22 Berthon
1083 409 12 13 a
1104 403 33 18 ré-

666 438 75 23 pandu
752 438 34 19 les
794 437 53 24 plus
855 435 99 20 infâmes
965 431 124 21 calomnies
1096 436 40 13 sur

668 465 21 19 la
697 465 74 19 Corse
780 468 22 16 et
810 465 34 19 les
854 463 104 20 Corses.»

690 492 41 23 Or,
739 492 111 20 M.Pierre
855 488 133 22 Alessandri
998 493 12 13 a
1019 484 116 26 supprimé

667 525 26 14 ce
711 525 97 18 passage
825 515 135 27 significatif
980 515 58 19 dans
1055 511 81 26 l’appel

666 546 54 25 qu’il
734 553 13 13 a
764 546 79 25 publié
857 545 59 20 dans
930 544 22 20 la
967 542 81 21 Muvra
1063 540 28 20 du
1110 540 27 18 l0r

666 575 59 19 Août
739 578 59 21 1929,
812 577 24 16 et
853 574 40 23 qui
910 570 74 22 aurait
998 576 30 18 pu
1043 573 93 15 exercer

667 608 45 13 une
729 601 61 20 forte
807 600 107 25 pression
932 604 42 14 sur
994 595 143 21 l’assemblée

666 628 108 24 générale
783 628 42 19 des
834 627 92 21 Corses,
941 630 71 14 tenue
1024 623 22 20 le
1058 627 25 15 20
1091 621 44 20 Mai

667 655 107 24 1929.Nos
780 653 163 26 compatriotes
952 652 27 19 de
987 650 72 22 Paris,
1065 655 27 13 en
1099 648 38 19 dé-

666 682 33 24 pit
706 682 76 20 même
791 681 40 20 des
839 680 146 25 dépositions
991 678 41 20 des
1038 676 99 20 témoins

666 709 28 19 de
707 709 29 20 M.
753 709 77 20 Pierre
843 706 143 23 Alessandri,
1003 708 41 17 ont
1058 703 78 20 décidé

666 736 78 20 d’élire
767 743 30 13 un
814 736 58 24 Jury
892 734 141 21 d’Honneur,
1058 737 40 14 sur
1114 730 22 20 la

666 764 113 20 demande
800 764 28 19 de
846 763 32 20 Me
891 762 101 20 Berthon
1009 763 23 17 et
1049 759 87 24 malgré

667 798 43 13 une
724 792 60 20 forte
798 791 131 25 opposition
945 789 29 20 de
989 786 146 22 l’accusation

666 819 39 24 qui
714 819 118 21 trahissait
839 818 59 21 ainsi
907 824 37 14 ses
953 816 100 21 craintes
1067 821 40 14 sur
1114 814 23 19 le

666 848 91 20 Verdict
765 847 29 20 de
801 853 38 14 ses
847 847 71 24 pairs,
925 849 52 16 tous
987 845 87 21 Corses,
1079 842 59 21 n’est

666 883 25 14 ce
696 879 47 21 pas
752 876 124 19 émouvant
880 874 12 20 ?
904 873 30 21 M.
945 873 78 20 Pierre
1031 871 105 21 Alessan-

666 904 34 20 dri
704 904 65 20 avait
773 904 36 20 été
814 903 20 20 si
841 901 174 24 maladroit,que
1021 899 115 25 plusieurs

666 932 114 20 membres
794 931 29 19 du
837 930 59 25 Jury
910 928 117 22 voulaient
1040 933 31 14 un
1084 929 52 17 vote

666 960 28 20 de
703 960 75 20 blâme
787 962 79 16 contre
875 958 31 20 lui
913 964 6 17 ;
937 960 61 17 cette
1006 955 86 21 motion
1102 953 35 20 fut

666 988 89 20 écartée
764 987 15 19 à
788 992 39 15 ma
836 986 85 24 prière,
931 988 24 16 et
964 984 54 20 c’est
1027 988 59 19 pour
1100 987 36 14 me

666 1016 162 23 récompenser
853 1013 29 20 de
898 1019 54 14 mon
978 1009 158 23 intervention

665 1044 137 24 généreuse,
811 1041 55 25 qü’il
875 1047 37 14 ma
920 1040 97 24 envoyé,
1034 1038 68 24 après
1113 1037 21 19 la

666 1070 104 21 décision
779 1070 29 20 du
818 1069 67 24 Jury,
892 1068 97 24 adoptée
999 1073 40 18 par
1050 1071 26 19 /7
1084 1064 53 21 voix

666 1102 80 17 contre
759 1104 52 17 une,
826 1102 47 14 une
890 1096 69 20 lettre
972 1094 128 21 infamante
1114 1095 23 17 et

666 1133 30 13 un
705 1126 150 24 télégramme
870 1123 113 21 ordurier.
1002 1122 62 20 C’est
1076 1120 62 20 l’his-

666 1154 59 20 toire
739 1154 29 19 de
776 1153 22 20 la
807 1153 80 24 vipère
899 1152 29 20 de
937 1151 31 21 La
979 1150 120 21 Fontaine.

691 1181 33 20 En
733 1188 27 13 ce
769 1181 39 25 qui
816 1185 115 15 concerne
937 1179 23 20 la
968 1179 67 20 lettre
1044 1178 29 19 du
1084 1176 53 21 Pré-

666 1210 77 20 sident
751 1210 31 19 du
791 1208 111 21 Tribunal
914 1207 53 20 civil
975 1207 29 19 de
1012 1206 94 22 Guéret,
1113 1204 24 25 je

666 1237 102 21 doisune
774 1236 138 25 explication
918 1241 45 15 aux
968 1233 169 21 lecteursde“A

667 1265 126 21 Muvra”.Si
797 1265 25 25 je
828 1271 30 13 ne
866 1264 21 20 la
896 1263 78 26 publie
980 1268 41 19 pas
1026 1263 112 19 in-exten-

667 1300 34 17 so,
709 1294 57 20 c’est
773 1299 46 18 que
827 1292 38 20 Me.
871 1291 109 23 Berthon,
986 1296 41 19 par
1035 1296 31 13 un
1076 1295 62 13 scru-

667 1318 318 27 puled’ordreprofessionnel
990 1318 40 24 qui
1036 1317 101 20 l’honore

665 1348 160 25 grandement,
840 1347 54 20 s’est
903 1345 77 21 refusé
989 1346 14 19 à
1010 1345 22 19 la
1046 1344 70 20 livrer
1123 1343 13 19 à

666 1376 22 20 la
702 1375 119 24 publicité,
839 1374 67 23 mais,
913 1374 47 24 j’en
970 1372 112 26 garantis,
1098 1377 39 14 sur

666 1403 130 23 l’honneur,
810 1402 21 20 la
848 1402 132 20 substance.
994 1399 143 25 Cette.pièce

667 1437 59 14 nous
735 1437 13 13 a
757 1436 57 19 paru
822 1429 101 21 décisive
935 1433 24 16 et
972 1435 14 14 a
998 1428 84 20 éclairé
1094 1432 43 15 nos

667 1459 149 20 consciences
825 1458 29 19 de
866 1457 80 25 Juges.
953 1467 27 4 —
988 1455 87 25 Puis-je
1087 1455 50 19 dire

667 1493 84 13 encore
768 1492 44 19 que
826 1485 31 20 Me
871 1485 99 20 Berthon
985 1491 13 13 a
1012 1483 74 26 parmi
1099 1489 37 14 ses

666 1514 135 20 secrétaires
812 1520 31 14 un
857 1513 30 20 de
901 1518 44 14 nos
958 1511 179 24 compatriotes?

667 1542 60 20 N’est
732 1548 28 14 ce
766 1548 39 19 pas
811 1540 179 25 significatif?Le
992 1540 57 24 Jury
1054 1539 84 20 d’Hon-

666 1576 65 17 neur,
739 1573 24 16 et
769 1575 25 14 ce
800 1575 51 14 sera
857 1574 54 14 mon
917 1567 94 21 dernier
1017 1571 56 20 mot,
1078 1573 59 14 com-

667 1598 55 24 posé
734 1598 52 19 d’ne
800 1597 55 20 élite
868 1597 29 19 de
910 1596 86 20 Corses
1010 1596 13 19 à
1038 1595 72 23 Paris,
1123 1601 13 14 a

666 1625 97 20 tranché
776 1625 21 20 le
809 1624 112 20 différend
932 1624 79 20 Pierre
1028 1623 108 20 Alessan-

666 1653 147 20 dri-Berthon
831 1658 58 14 avec
905 1657 46 14 une
972 1651 102 20 autorité
1091 1656 46 19 que

666 1685 53 17 tous
727 1681 34 20 les
770 1680 84 21 Corses
863 1684 39 16 ont
911 1680 108 24 acceptée
1028 1683 22 16 et
1058 1679 40 24 qui
1107 1685 30 13 ne

665 1711 151 23 permettront
824 1714 41 19 pas
874 1707 84 25 qu’elle
963 1707 45 20 soit
1015 1707 84 20 remise
1107 1713 28 13 en

665 1736 116 25 question.
791 1735 51 25 Que
850 1735 112 20 M.Pierre
970 1734 133 21 Alessandri
1111 1740 25 14 se

666 1765 22 19 le
694 1764 81 20 tienne
792 1770 58 18 pour
864 1763 47 20 dit:
929 1762 64 21 Nous
1009 1763 22 19 le
1048 1762 88 20 défions

665 1793 74 19 d’oser
749 1792 90 20 relever
855 1791 22 20 la
893 1792 46 19 tête
957 1794 23 17 et
996 1790 141 25 d’organiser

666 1826 46 14 une
728 1820 108 20 nouvelle
852 1819 106 20 réunion.
976 1830 27 4 —
1019 1818 31 20 La
1064 1818 72 20 Corse

665 1852 87 17 restera
761 1848 83 20 sourde
852 1849 14 18 à
872 1853 42 15 son
923 1847 67 25 appel
998 1847 124 25 désespéré
1128 1853 7 17 ;

665 1876 44 20 elle
718 1877 38 19 n’a
765 1882 41 19 pas
818 1875 90 22 besoin,
922 1881 59 18 pour
994 1880 42 15 son
1050 1875 87 19 relève-

665 1907 62 17 ment
734 1903 114 25 politique
856 1907 24 16 et
889 1902 248 25 économique-.ducon-

664 1937 67 15 cours
739 1932 31 19 du
779 1931 99 25 premier
890 1937 60 13 venu
956 1937 7 17 ;
977 1930 44 20 elle
1033 1930 103 20 n’attend

664 1966 41 18 pas
713 1966 43 13 son
765 1959 60 20 salut
836 1959 56 19 d’un
900 1958 92 20 homme
1000 1958 84 20 obscur
1096 1958 39 24 qui

665 1986 89 21 devrait
762 1989 73 17 rester
844 1986 103 19 incrusté
953 1985 57 20 dans
1016 1991 24 14 sa
1050 1985 86 24 coquil-

664 2016 30 19 le.
702 2015 28 20 Et
738 2014 154 23 maintenant,
906 2014 83 20 laissez
1001 2014 45 19 moi
1059 2013 77 20 termi-

664 2049 41 14 ner
717 2049 30 13 en
765 2042 120 20 déclarant
899 2041 119 20 l’incident
1033 2041 61 23 clos;
1112 2041 21 19 la

665 2071 71 20 Corse
745 2073 36 17 est
789 2073 52 21 trop
854 2069 68 20 noble
930 2073 24 16 et
961 2072 51 21 trop
1021 2069 114 25 glorieuse

665 2104 58 19 pour
748 2097 146 21 s'intéresser
911 2097 13 19 à
942 2102 45 14 une
1004 2096 131 25 polémique

664 2132 54 15 sans
726 2125 119 26 grandeur
852 2129 24 15 et
890 2130 54 14 sans
961 2124 50 20 but.
1028 2124 64 20 Nous
1106 2130 28 14 ne

664 2153 189 23 sommes,Pierre
858 2152 133 20 Alessandri
1000 2155 24 17 et
1031 2152 103 24 moi,que

665 2183 39 19 des
709 2180 93 22 chiffres
809 2181 59 19 dans
874 2180 21 20 la
902 2180 139 20 collectivité
1049 2186 73 14 corse.

900 2216 89 21 Pierre
995 2216 112 22 Versini.

855 2248 92 19 Avocat

700 2275 103 20 Membre
811 2275 33 20 du
854 2275 107 20 Barreau
969 2275 44 20 d‘A
1014 2275 77 24 jaccio

665 2302 124 21 Président
796 2302 135 21 d’Honneur
939 2302 33 20 du
979 2303 108 24 syndicat
1094 2303 41 19 des

665 2333 98 18 avocats
770 2331 40 19 des
818 2331 107 19 barraux
929 2330 31 20 de
967 2330 91 21 France
1064 2333 23 18 et
1094 2331 41 20 des

845 2358 111 20 Colonies.

667 2385 128 21 Secrétaire
796 2386 99 24 général
897 2386 32 20 du
931 2386 58 24 Jury
991 2386 141 20 d’Honneur.

698 2450 27 30 È
736 2455 113 26 esciutu
858 2464 7 16 :

700 2500 30 24 A
745 2500 183 29 Cunquista
936 2501 166 25 Francese

793 2536 32 24 di
840 2544 20 17 a
872 2536 136 26 Corsica

723 2574 39 28 (da
774 2580 32 16 un
817 2575 112 27 giurnale
940 2575 25 21 di
977 2575 103 29 Tepuca)

781 2613 80 19 Volume
871 2614 20 18 di
901 2613 34 19 264
946 2614 75 23 pagine.

796 2641 80 18 Prezzu:
886 2641 13 18 8
910 2642 96 18 franchi.

722 2674 85 21 Ajacciu,
816 2674 105 23 Stamperia
933 2675 21 18 di
961 2674 21 19 A
993 2675 88 19 Muvra.

1311 148 67 49 La
1411 141 176 52 Poesia
1620 137 131 53 délia
1786 133 199 53 Corsica

1185 268 25 17 La
1224 267 62 22 prima
1300 266 100 25 grndevole
1421 264 125 22 impressione
1566 263 35 18 clie
1621 261 16 18 si

1163 296 59 17 prova
1230 292 95 22 leggendo
1334 297 11 12 0
1353 290 109 18 ascoltando
1470 289 7 17 i
1485 288 53 18 canli
1552 286 86 24 popolari

1163 316 50 17 corsi
1223 316 11 17 è
1242 317 37 17 che
1293 318 18 17 la
1325 316 64 21 lingua
1404 314 21 18 in
1439 313 32 18 cui
1486 318 46 13 sono
1544 311 93 23 composti

1163 340 57 18 A'iene
1228 341 63 19 intesa
1299 341 65 19 subilo
1372 344 34 13 con
1415 339 71 22 grande
1502 337 78 18 facilita.
1593 336 43 17 Chi-

1163 369 64 18 unque
1235 366 57 18 abbia
1300 367 49 17 fatto
1357 370 26 12 un
1391 364 30 22 po’
1429 362 107 19 d’oreccbio
1548 361 18 18 ai
1574 360 62 18 noslri

1162 389 76 18 dialetti
1253 391 113 22 comprende
1382 390 48 16 tullo
1442 388 20 18 di
1476 387 61 22 primo
1554 385 81 21 acchiio,

1162 414 51 18 assai
1221 414 35 22 più
1265 415 133 24 agevolmenle
1412 413 19 17 di
1444 413 44 21 quel
1503 412 35 18 che
1552 415 38 13 non
1599 414 36 13 av-

1162 443 63 18 venga
1232 440 30 17 col
1271 442 63 20 sardo,
1344 439 28 18 col
1381 438 89 20 friulano,
1480 437 30 17 col
1525 434 110 23 roroagnolo

1162 468 11 13 e
1181 468 35 13 con
1225 464 49 19 allre
1282 465 73 22 parlate
1363 463 18 18 di
1389 462 77 18 diverse
1471 461 72 22 regioni
1549 459 83 19 ilaliune.

1251 501 39 23 Eju
1297 501 54 23 filava
1360 499 18 18 la
1387 498 37 18 miò
1434 502 54 14 rocca

1251 526 76 22 quandu
1335 523 55 19 inlesi
1396 529 25 12 un
1429 528 46 18 gran
1483 526 71 14 rumore
1560 528 7 14 ;

1252 555 31 13 ara
1292 556 25 12 un
1325 549 49 23 colpo
1383 548 20 18 di
1410 548 60 24 fucila

1250 574 34 18 die
1292 574 98 18 m'inlrunô
1396 573 43 18 ’ndu
1447 573 20 18 lu
1475 578 46 13 core.

1252 599 57 18 Parsa
1317 599 55 18 c’unu
1380 599 27 17 mi
1415 598 64 18 dicissi
1484 604 7 11 :

1252 623 60 22 Corri,
1321 629 14 12 u
1342 625 18 16 lo
1367 623 77 23 fralcllu
1451 627 51 13 more
1508 623 7 17 !
1620 630 6 8 •

1184 657 20 18 E’
1213 659 19 17 la
1246 659 63 22 prima
1323 659 60 19 strofa
1396 660 20 17 di
1430 664 27 13 un
1471 659 61 17 vàccro
1546 657 34 18 che
1595 661 39 13 una

1161 682 108 22 giovinetta
1277 685 55 17 canla
1341 685 29 17 sui
1379 685 92 17 cadavere
1479 683 31 18 del
1518 682 75 18 fratello
1602 686 32 13 uc-

1162 707 39 18 ciso
1207 712 5 13 :
1223 713 10 13 e
1241 709 33 17 chi
1282 713 38 14 non
1333 710 92 17 l’intende
1433 714 11 13 a
1452 713 39 13 una
1504 707 60 23 prima
1576 707 58 18 leltu-

1162 732 35 18 ra?
1205 733 72 21 Questa
1285 734 56 19 forte,
1357 734 137 22 sorprendente
1508 732 76 19 affinité
1597 732 38 17 lin-

1161 758 81 22 guistica
1257 760 48 17 deve
1319 759 89 19 invitarci
1423 765 11 12 a
1447 763 101 14 conoscere
1561 758 34 22 più
1610 757 23 17 da

1161 782 64 20 vicino
1233 785 20 17 la
1261 784 116 22 produzione
1385 784 73 23 poetica
1466 784 30 18 del
1506 783 66 23 popolo
1580 786 54 14 corso

1161 812 11 13 e
1180 812 11 13 a
1199 809 131 18 considerarla
1344 814 74 17 sempre
1432 809 111 22 inquadrata
1556 808 55 18 entro
1620 808 13 17 il

1161 833 63 18 tesoro
1232 834 126 22 complessivo
1366 835 51 18 délia
1425 834 65 22 poesia
1499 833 88 23 popolare
1599 833 36 17 ila-

1161 857 57 19 liana.

1183 883 160 24 Impareggiabile
1351 885 57 22 guida
1416 885 37 22 può
1462 884 86 18 riuscirci
1557 884 77 22 l’opéra,

1161 907 21 18 in
1189 908 36 18 due
1233 909 81 22 volumi,
1321 910 20 17 di
1349 910 88 18 Umberto
1446 908 189 22 Biscottini,L’anima

1161 932 48 19 délia
1226 933 73 19 Corsica
1315 935 96 22 (Bologna,
1427 934 110 22 Zanichelli)
1551 934 21 18 in
1585 934 32 18 cui
1624 934 11 18 è

1161 958 85 19 studiala
1255 964 36 14 con
1300 960 84 18 serenità
1392 960 20 18 di
1420 960 91 22 giudizio,
1521 964 34 13 con
1571 959 65 18 sicura

1161 986 116 16 conoscenza
1285 985 71 18 storica
1364 990 11 13 e
1383 989 35 14 con
1427 986 87 16 acutezza
1522 984 19 18 di
1549 989 87 13 osserva-

1161 1007 54 19 zione
1223 1009 20 18 la
1251 1010 107 18 tradizione
1366 1010 79 18 italiana
1460 1009 94 19 dell’isola
1567 1009 50 18 forte
1624 1013 12 14 e

1161 1033 105 23 selvaggia.

1183 1059 52 18 Délia
1250 1060 66 21 poesia
1331 1061 89 22 popolare
1433 1065 54 13 corsa
1502 1060 18 18 la
1532 1061 54 21 parte
1600 1059 32 22 più

1161 1083 57 22 bella,
1227 1084 35 22 più
1270 1084 140 20 intensamente
1424 1085 114 23 espressiva,
1552 1085 33 22 più
1599 1084 37 18 ori-

1161 1108 64 22 ginale
1233 1109 11 18 è
1252 1111 46 17 data
1306 1110 31 18 dai
1345 1110 63 18 vôceri.

1184 1133 8 18 I
1200 1134 60 18 vôceri
1267 1139 47 13 sono
1322 1135 7 17 i
1338 1135 49 18 canti
1394 1135 78 19 funebri
1486 1135 35 18 che
1534 1135 18 18 le
1566 1135 68 22 donne,

1162 1159 67 22 madri,
1239 1164 63 18 spose,
1311 1161 69 17 sorelle
1388 1162 80 16 cantano
1474 1160 32 18 sui
1513 1160 86 18 cadaveri
1606 1160 30 17 dei

1161 1183 41 18 loro
1210 1185 101 21 congiunti
1319 1185 62 23 prima
1389 1186 35 17 che
1432 1190 25 14 ne
1465 1189 86 18 avvenga
1565 1185 15 18 il
1589 1186 48 16 tras-

1161 1209 54 21 porto
1223 1210 38 17 alla
1270 1210 81 18 chiesae
1358 1211 19 17 al
1385 1210 92 18 cimilero.
1483 1210 153 21 Talvolta,donne

1162 1234 82 22 all’uopo
1253 1235 139 22 specializzate,
1402 1236 54 18 dette
1468 1236 83 22 appunto
1565 1240 72 13 vocera-

1162 1258 49 22 trici,
1220 1260 18 18 si
1246 1264 104 14 assumono
1366 1261 15 17 il
1394 1261 56 18 triste
1459 1261 94 21 .incarico.
1570 1260 66 22 Questi

1162 1284 51 18 canli
1221 1285 31 18 del
1260 1286 65 17 dolore
1335 1286 92 18 familiare
1435 1286 18 18 si
1461 1286 132 18 riconnettono
1601 1290 35 14 con

1162 1314 27 12 un
1198 1310 36 17 rito
1242 1310 143 21 antichissimo,
1390 1310 14 18 il
1414 1311 56 21 quale
1481 1310 18 18 si
1506 1310 11 18 è
1525 1312 112 16 manlenulo

1162 1334 21 17 in
1191 1333 82 22 Corsica,
1288 1339 55 14 corne
1356 1335 31 17 del
1399 1336 53 17 resto
1466 1335 21 17 in
1500 1336 47 17 altre
1562 1335 74 22 regioni

1163 1358 84 22 italiane,
1257 1359 42 18 fino
1308 1360 18 17 al
1334 1360 20 17 di
1361 1360 71 22 d’oggi,
1444 1359 166 19 testimoniandoei
1618 1360 18 17 la

1162 1384 153 22 soprawivenza
1323 1385 53 18 nella
1384 1385 42 17 vita
1439 1385 89 22 popolare
1541 1385 18 17 di
1574 1385 63 17 eoslu-

1162 1412 66 15 manze
1235 1409 116 19 millenarie.
1359 1410 25 18 La
1392 1414 57 14 scena
1454 1409 17 18 si
1476 1410 66 22 svolge
1550 1414 11 13 a
1569 1410 67 22 questo

1162 1434 56 17 modo
1224 1438 6 13 :

1184 1459 161 19 «Avvenulauna
1358 1461 61 17 morte
1425 1469 22 3 —
1454 1460 18 18 ci
1479 1460 43 18 dice
1537 1460 14 18 il
1565 1459 72 23 Grego-

1162 1484 66 18 rovius
1237 1485 32 17 nel
1278 1489 36 13 suo
1325 1489 57 14 aneor
1396 1485 86 22 prezioso
1496 1485 77 18 volume
1586 1485 51 17 sulla

1162 1508 76 19 Corsica
1253 1509 109 22 (Stoccarda
1369 1509 54 23 1834)
1431 1519 23 4 —
1465 1510 7 18 i
1480 1510 74 22 parenti
1568 1509 68 19 riuniti

1162 1534 76 18 intorno
1246 1535 19 17 al
1274 1535 48 17 letto
1330 1535 80 18 funebre
1418 1535 86 18 recitano
1517 1536 14 17 il
1545 1535 73 18 rosario
1625 1539 12 13 e

1161 1559 122 18 intonanoun
1290 1561 174 17 cantolamentoso.
1470 1560 15 18 Il
1495 1561 91 17 cadavere
1592 1560 45 18 vien

1162 1584 31 22 poi
1200 1589 64 13 messo
1273 1589 56 18 sopra
1337 1590 37 13 una
1388 1585 64 18 tavola
1466 1585 26 22 (la
1509 1586 43 22 Lola)
1568 1589 69 18 appog-

1162 1609 52 22 giata
1222 1610 18 17 al
1248 1614 57 14 muro
1313 1615 5 12 :
1328 1611 66 17 stanno
1402 1610 76 18 intorno
1483 1611 20 18 le
1509 1615 77 18 ragazze
1593 1614 43 14 ves-

1163 1634 35 18 tite
1212 1634 20 17 di
1246 1634 55 19 abito
1315 1635 68 18 bianco
1396 1640 11 13 e
1416 1637 89 17 coronate
1519 1636 20 17 di
1554 1635 53 21 fiori,
1618 1635 19 18 le

1161 1659 80 18 vecchie
1250 1659 22 18 in
1279 1661 57 17 veste
1343 1665 47 13 nera
1398 1665 11 13 e
1417 1660 28 23 gli
1454 1661 72 17 uomini
1535 1660 73 19 avvolti
1616 1660 20 18 in

1162 1685 68 21 grandi
1236 1685 92 18 lenzuoli.
1337 1685 40 18 Tali
1390 1690 56 14 scene
1461 1686 98 18 ricordano
1573 1686 64 22 quelle

1162 1709 36 18 che
1204 1710 90 18 vediamo
1303 1710 73 22 dipinle
1388 1710 21 18 in
1422 1711 54 17 molli
1488 1711 44 18 vasi
1544 1711 91 18 etruschi.

1161 1734 26 18 La
1193 1734 67 22 veglia
1267 1735 77 18 intorno
1348 1735 38 18 alla
1390 1735 37 18 Lola
1432 1736 48 18 dura
1488 1736 81 18 talvolta
1574 1736 63 18 un’in-

1161 1760 41 17 tera
1209 1760 78 21 notte,e
1295 1761 81 17 durante
1384 1762 67 20 questo
1460 1762 62 21 tempo
1531 1762 48 17 deve
1586 1766 51 13 sem-

1160 1788 34 18 pre
1202 1785 74 17 reslare
1284 1789 66 15 acceso
1357 1786 15 17 il
1381 1786 63 18 fuoco.
1450 1786 31 18 Ma
1487 1786 14 18 il
1510 1791 47 18 gran
1565 1787 63 17 lamen

1161 1810 20 17 to
1189 1809 45 18 vien
1242 1810 50 18 fatto
1301 1811 19 17 la
1328 1810 81 18 mattina
1417 1811 30 18 dei
1457 1811 83 18 funerali
1546 1816 6 13 :
1561 1812 75 21 parenti

1162 1839 10 13 e
1180 1834 57 18 amici
1244 1839 91 19 vengono
1343 1836 21 17 in
1372 1837 65 17 corteo
1446 1836 32 18 dai
1487 1836 81 23 villaggi
1576 1837 60 18 vicini

1161 1864 34 17 per
1208 1860 94 18 assistere
1316 1861 37 17 aile
1368 1861 84 22 esequie.
1467 1862 26 17 Le
1507 1861 128 22 lamenlalrid,

1161 1885 74 17 entrate
1243 1885 21 17 in
1273 1889 51 18 casa,
1334 1890 64 13 vanno
1406 1891 12 13 a
1426 1887 86 17 salutare
1524 1887 19 17 la
1555 1888 80 20 vedova,

1160 1910 20 17 la
1187 1911 67 17 madré
1262 1915 11 13 0
1283 1911 20 17 le
1317 1911 70 18 sorelle
1400 1912 32 17 del
1446 1912 80 18 defunto
1536 1916 10 14 e
1554 1913 82 21 tengono

1161 1939 34 17 per
1202 1936 65 17 alcuni
1274 1936 92 18 istantila
1372 1937 50 17 testa
1427 1937 112 22 appoggiata
1546 1938 88 18 allaloro.

1160 1960 41 18 Una
1209 1961 52 17 delle
1269 1961 63 17 donne
1340 1961 20 17 di
1368 1966 43 13 casa
1419 1962 62 17 invita
1490 1962 30 21 poi
1534 1962 19 18 le
1568 1966 68 14 conve-

1160 1985 46 17 nute
1215 1985 24 16 ad
1247 1984 90 18 intonare
1344 1985 15 17 il
1373 1986 55 17 canto
1441 1985 80 19 funebre
1536 1991 10 13 e
1559 1987 75 20 queste,

1160 2009 49 17 fatta
1218 2014 39 13 una
1265 2010 66 22 specie
1339 2010 20 17 di
1367 2010 55 18 ridda
1430 2010 61 22 (detta
1501 2011 98 22 caracollo)
1607 2012 29 17 in-

1160 2035 54 16 torno
1223 2034 38 18 alla
1267 2034 44 21 tola,
1319 2035 118 18 cominciano
1443 2035 19 18 la
1467 2035 110 19 cerimonia.
1583 2036 53 18 Colle

1160 2059 74 17 chiome
1242 2059 142 23 sciolte.sparse
1389 2064 34 18 per
1428 2060 19 18 le
1453 2061 59 21 spalle
1520 2065 11 13 e
1536 2061 30 17 sui
1575 2062 58 21 petto,

1160 2088 35 13 con
1208 2084 29 22 gli
1251 2084 56 18 occhi
1318 2084 79 18 animati
1409 2085 98 18 dall’estro
1520 2086 30 18 del
1563 2086 71 22 dolore,

1159 2109 124 22 volteggiano
1291 2109 77 18 intorno
1376 2110 19 17 al
1403 2111 69 17 morto.
1482 2110 17 18 si
1511 2112 102 21 percotono
1620 2112 14 17 il

1160 2135 57 21 petto,
1226 2135 79 17 battono
1313 2135 19 18 le
1340 2135 57 21 mani,
1407 2136 19 17 si
1433 2137 103 21 strappano
1544 2136 7 18 i
1559 2137 73 22 capelli,

1160 2164 11 13 e
1179 2159 29 18 fra
1216 2159 8 17 i
1232 2160 63 21 pianti
1303 2164 11 14 e
1321 2160 8 17 i
1338 2160 104 23 singhiozzi
1452 2161 17 18 si
1482 2161 72 18 lascian
1566 2163 69 17 cadere

1160 2184 19 18 ai
1186 2184 31 22 piè
1225 2184 52 18 délia
1286 2184 44 22 Lola,
1338 2185 102 19 bruttando
1449 2186 20 18 di
1477 2186 76 22 polvcre
1564 2187 16 17 il
1588 2191 46 18 capo

1160 2213 11 14 e
1178 2209 20 18 le
1205 2209 52 19 vesti
1265 2216 17 12 ».

1182 2276 74 21 Quanta
1264 2278 54 20 parte
1324 2278 20 17 di
1352 2279 68 20 questo
1426 2278 54 18 dolor
1485 2278 95 19 familiare
1587 2279 48 19 ries-

1160 2305 22 13 ce
1189 2306 11 13 a
1209 2301 132 19 trasformarsi
1348 2303 21 17 in
1377 2307 46 14 vera
1430 2304 66 21 poesia
1502 2303 10 19 ?
1524 2303 15 19 E
1552 2304 83 18 avviene

1160 2327 38 17 mal
1205 2327 36 17 che
1249 2328 69 21 questa
1327 2329 61 17 morte
1395 2328 72 23 giunga
1475 2334 11 12 a
1495 2329 113 19 sublimarsi
1614 2330 20 17 in

1160 2356 27 13 un
1195 2352 56 17 canto
1260 2352 107 18 immortale
1372 2352 10 18 ?

1183 2376 38 23 Pqr
1229 2378 148 18 mantenendoci
1384 2379 75 17 lontani
1467 2379 20 18 di
1495 2379 140 22 quell’infatua-

1159 2401 55 19 zione
1227 2402 37 18 che
1278 2402 11 18 è
1297 2403 75 21 portata
1385 2403 112 19 facilmente
1504 2409 11 13 a
1523 2405 113 22 sopravalu-

1160 2427 41 17 tare
1214 2427 19 17 la
1250 2428 66 21 poesia
1331 2428 30 18 del
1377 2429 68 21 popolo
1460 2433 10 14 e
1483 2434 13 13 a
1509 2430 126 18 considerarla

1160 2451 54 22 quasi
1231 2452 20 17 di
1265 2452 77 23 origine
1354 2453 73 22 mitica,
1441 2454 99 18 dobbiamo
1552 2455 84 17 lultavia

1160 2476 121 19 riconoscere
1289 2478 37 18 che
1334 2479 20 17 ta
1354 2478 32 18 vol
1388 2479 19 18 ta
1414 2479 21 17 in
1443 2480 65 21 questi
1515 2480 59 17 vôceri
1584 2480 52 18 corsi

1161 2502 18 17 la
1187 2502 93 18 sincérité
1288 2503 31 18 del
1329 2504 69 21 dolore,
1408 2504 20 17 la
1435 2505 79 21 potenza
1522 2505 113 18 dell’affetto

1160 2526 104 22 familiare,
1273 2528 15 17 il
1297 2532 57 14 senso
1362 2529 91 22 religioso
1462 2529 51 18 délia
1523 2531 62 17 morte
1597 2531 38 17 tro-

1160 2556 49 13 vano
1218 2552 53 22 degli
1283 2553 75 18 accenti
1372 2554 20 17 di
1405 2558 46 14 vera
1460 2558 10 14 e
1478 2555 39 17 alta
1531 2555 71 22 poesia.
1615 2555 20 18 E’

1161 2576 82 19 difficile
1252 2577 35 18 che
1295 2583 27 13 un
1331 2579 63 17 intero
1402 2580 57 17 canto
1471 2580 82 18 funebre
1567 2580 30 18 sia
1605 2581 30 17 dai

1160 2602 94 22 principio
1263 2603 38 18 alla
1309 2603 41 18 fine
1357 2605 99 17 sostenulo
1462 2609 95 18 epervaso
1566 2606 23 17 da
1597 2610 38 13 una

1161 2628 78 21 potente
1247 2628 51 18 onda
1305 2628 55 19 lirica
1366 2634 6 16 ;
1382 2634 29 13 ma
1418 2629 20 18 in
1446 2630 55 18 molti
1507 2630 58 18 vôceri
1571 2630 65 18 vibra-

1162 2657 25 12 no
1200 2652 52 22 gridi
1267 2653 20 17 di
1299 2654 72 21 dolore,
1387 2654 103 19 fioriscono
1504 2655 99 23 immagini
1615 2656 20 17 di

1160 2677 117 18 delicatezza
1285 2682 12 14 e
1305 2678 19 18 di
1333 2679 122 23 senlimento,
1464 2680 110 22 compaiono
1581 2680 54 18 tratti

1663 260 19 18 di
1691 265 38 12 una
1737 259 50 18 forza
1795 257 107 23 espressiva
1910 257 35 18 che
1953 256 18 18 ci
1981 256 107 22 sorprende.
2103 255 27 18 Ne

1662 284 100 18 dobbiamo
1770 283 120 18 considerare
1897 283 66 21 questa
1974 281 63 23 poesia
2045 286 11 12 a
2064 280 27 21 sè,
2100 285 30 13 co-

1663 314 29 13 rne
1708 308 92 22 semplice
1813 306 151 23 componimcnto
1979 305 105 21 lctlerario,
2100 310 29 12 mu

1662 339 74 17 sempre
1744 333 33 17 uni
1780 334 17 16 tu
1806 333 29 17 col
1843 333 55 17 canlo
1907 337 11 12 e
1926 332 72 17 atluala
2011 331 49 18 nella
2069 331 62 17 dram-

1661 358 85 18 maticilé
1761 358 28 17 del
1803 357 38 18 rito
1854 357 81 17 funebre
1944 362 10 12 a
1963 356 31 18 cui
2006 356 10 17 è
2029 355 102 18 indissolu-

1660 382 92 19 bilmenle
1769 382 108 23 congiunla.
1895 381 45 18 Solo
1954 381 38 18 cosi
2008 385 24 13 11e
2046 381 84 21 polremo

1660 408 133 21 comprendere
1802 408 48 17 tutto
1858 406 14 18 il
1881 407 65 17 valore
1951 406 78 18 estetico
2038 409 91 14 eumano.

1660 431 139 23 Comparazioni
1813 432 82 22 ingénue
1909 436 11 13 e
1933 431 109 20 fanlasiose,
2056 430 74 17 invoca-

1660 456 50 18 zioni
1719 458 92 20 accorate,
1825 456 52 18 nomi
1890 456 110 21 dolcissimi,
2015 454 113 24 espressioni

1661 481 19 17 di
1687 482 104 21 lenerezza,
1797 486 52 13 corne
1855 481 43 18 echi
1903 481 20 18 di
1928 481 51 18 canti
1986 481 19 17 di
2013 480 56 20 culla,
2077 480 53 17 sboc-

1661 506 54 18 ciano
1723 507 50 18 sulle
1780 507 65 18 labbra
1853 507 50 17 delle
1911 507 61 17 donne
1987 506 35 18 che
2036 505 94 22 piangono

1660 531 18 18 la
1686 533 62 17 morte
1757 532 31 18 del
1797 532 61 23 figlio,
1868 532 30 18 del
1907 531 74 21 marito,
1991 531 30 18 del
2033 530 74 18 fratello
2113 535 4 12 :

1749 568 36 18 Eri
1791 568 74 18 stimula
1876 568 23 18 da
1908 568 44 18 tutti

1749 593 23 18 ad
1779 593 29 18 eri
1815 593 19 18 la
1841 594 34 17 me'
1885 593 85 21 bandera,

1750 617 97 23 l'orgogliu
1854 618 21 17 di
1883 618 18 18 la
1909 617 87 24 famiglia

1748 648 11 12 e
1766 642 80 23 d’a/fello
1854 648 36 12 una
1898 642 70 18 minera
1974 648 7 15 ;

1748 672 11 13 0
1768 667 57 18 lisoru
1833 667 21 18 di
1861 667 19 18 la
1887 672 84 16 mamma,

1748 692 29 18 eri
1784 692 19 18 la
1811 693 33 17 me'
1850 691 111 24 primavera,

1748 722 13 12 u
1769 717 38 18 sole
1814 717 22 18 di
1843 717 20 18 lu
1871 722 64 13 casone

1748 742 22 18 ch
1775 747 25 13 un
1807 742 17 18 si
1832 742 80 18 ciuttava
1921 742 18 18 la
1947 743 49 17 sera!

1659 778 48 18 dove
1715 779 135 21 specialmenle
1858 779 11 18 è
1877 779 51 18 bello
1936 779 14 18 il
1962 780 87 17 concello
2060 779 68 18 finale:

1660 809 9 10 «
1676 803 28 18 eri
1710 808 35 18 per
1752 804 19 17 la
1779 805 65 17 nostra
1852 809 43 13 casa
1903 809 53 13 corne
1964 809 26 13 un
1999 805 41 17 sole
2050 804 35 18 che
2092 809 37 13 non

1660 829 119 18 tramonlava
1787 829 37 18 mai
1831 829 4 18 !
1844 834 19 14 »,

1680 853 68 19 Teneri
1756 858 11 14 e
1775 855 50 17 dolci
1834 859 47 14 sono
1890 859 47 18 pure
1945 854 28 23 gli
1980 854 111 23 appellalivi
2105 854 25 18 ri-

1659 879 48 17 volti
1715 879 38 18 alla
1761 880 68 18 sorella
1837 884 11 14 0
1856 880 37 18 alla
1904 880 56 23 figlia
1970 881 60 17 morla
2036 885 4 12 :

1750 915 15 18 0
1771 916 35 23 più
1814 915 63 20 bianca
1885 916 21 18 di
1913 916 19 18 la
1939 921 50 17 neve,

1749 945 10 13 0
1765 940 35 24 più
1808 941 56 18 scella
1872 941 21 18 di
1900 941 20 18 lu
1929 941 60 19 risu...

1751 965 16 18 O
1774 971 63 13 mansa
1845 971 49 13 corne
1904 966 20 18 lu
1929 972 54 18 pane,

1749 995 11 13 0
1768 991 50 18 dolce
1826 996 52 13 cume
1887 991 19 18 lu
1913 991 46 18 mêla
1966 992 8 17 !

1682 1026 77 19 Pervasi
1777 1028 23 17 da
1813 1033 27 12 un
1854 1029 83 17 tremore
1953 1028 19 18 di
1989 1028 140 22 smarrimento,

1661 1051 89 19 incrinati
1757 1052 20 18 di
1783 1052 132 22 iacrime,sono
1923 1053 26 23 gli
1957 1053 75 18 accenli
2039 1054 90 18 dellutto:

1751 1088 73 21 Quanlu
1832 1088 26 18 mi
1865 1088 37 19 dite
1908 1089 70 23 parole,

1746 1118 38 18 par
1789 1118 29 13 me
1825 1115 19 16 sô
1853 1115 40 22 (per
1901 1119 29 13 me
1937 1115 51 22 sono)
1997 1116 78 17 sluccate

2016 1145 12 13 a
2037 1145 13 13 u
2058 1141 50 17 core!

1660 1174 53 18 versi
1721 1174 37 18 che
1765 1175 18 17 ci
1797 1175 99 18 ricordano
1910 1176 59 22 quelli
1982 1176 20 18 di
2016 1181 39 14 una
2068 1177 62 19 antica

1661 1199 55 18 lauda
1724 1200 74 21 umbra,
1807 1200 20 18 in
1837 1201 30 17 cui
1877 1200 62 19 Cristo
1947 1202 53 22 parla
2008 1202 38 18 alla
2055 1202 75 19 Madré:

1750 1237 18 18 E
1775 1242 45 19 gran
1829 1238 61 23 doglia
1898 1238 28 19 mi
1933 1239 41 19 daie
1981 1239 21 19 al
2010 1245 42 13 core

1750 1263 72 23 quando
1829 1263 27 18 mi
1865 1263 38 19 dici
1911 1266 44 17 teste
1960 1266 70 22 parole.

2013 1290 4 9 I

1683 1299 32 17 Del
1725 1300 57 20 resto,
1797 1300 19 17 io
1830 1305 59 17 penso
1903 1301 35 18 che
1952 1301 14 18 il
1980 1302 72 18 famoso
2066 1302 65 18 Pianto

1661 1323 47 18 délia
1716 1323 23 18 M
1737 1324 71 18 adonna
1816 1325 20 17 di
1844 1325 90 22 lacopone
1941 1327 24 16 da
1978 1327 46 17 Todi
2038 1327 93 21 rispecchi

1660 1348 53 18 assai
1721 1349 24 17 da
1752 1349 64 17 vicino
1825 1349 7 17 i
1841 1350 118 18 tradizionali
1968 1351 79 17 lamenti
2055 1351 75 18 funebri

1661 1373 50 17 delle
1719 1373 127 23 compulalrici
1853 1374 115 18 medioevali
1976 1376 61 17 anche
2045 1376 50 18 nella
2102 1380 29 14 ca-

1661 1398 116 18 ratteristica
1785 1399 60 17 forma
1854 1400 80 18 metrica
1947 1400 50 18 délia
2011 1401 87 22 quartina
2112 1402 18 17 di

1661 1423 89 17 oltonari.

1682 1448 29 17 Ma
1720 1449 74 21 quando
1801 1449 14 17 il
1823 1449 83 19 lamento
1915 1450 11 18 è
1934 1450 47 18 fatto
1996 1451 30 18 sui
2041 1452 91 18 cadavere

1660 1473 31 18 del
1699 1474 103 22 congiunto
1812 1475 70 21 ucciso,
1892 1475 14 18 il
1915 1476 64 18 dolore
1986 1476 18 18 si
2012 1477 53 22 sfoga
2076 1477 19 17 in
2105 1482 26 13 un

1660 1498 54 22 grido
1723 1499 19 17 di
1751 1500 97 17 vendetta.
1857 1500 46 18 Dice
1911 1501 19 17 la
1944 1502 69 17 sorella
2025 1502 31 18 del
2071 1503 60 17 morlo

1660 1524 18 17 al
1687 1524 76 18 fratello
1771 1526 104 21 superstite
1882 1531 5 12 :

1684 1559 34 19 Chi
1723 1560 36 23 più
1766 1561 55 21 tardi,
1830 1566 11 13 0
1849 1562 64 18 Juvan'
1919 1563 26 18 P'e
1951 1563 9 18 ?
1968 1562 75 23 (G-iovan
2051 1563 69 23 Pielro)

1682 1584 77 24 cinghjli
1766 1587 82 17 un'arma
1856 1587 73 19 truiana
1934 1588 8 18 !
1947 1589 107 22 (tremenda)

1682 1610 97 19 Bindicale
1786 1617 13 12 u
1807 1613 60 17 noslru
1874 1617 74 19 sangue,

1682 1635 59 23 grolia
1749 1636 20 18 in
1777 1636 44 22 vita,
1830 1637 20 18 in
1857 1640 58 16 morte
1922 1638 52 23 fama
1979 1639 8 17 !

1682 1660 26 18 Di
1714 1665 67 19 sangue
1787 1664 53 16 senlu
1847 1668 37 12 una
1891 1665 44 20 sete,

1683 1685 21 18 di
1710 1688 58 16 morte
1775 1688 51 17 senlu
1835 1693 36 12 una
1880 1688 62 19 brama
1948 1690 8 17 !

1681 1723 16 17 Il
1705 1723 72 19 motivo
1786 1724 49 18 délia
1849 1725 89 18 vendetta
1952 1726 19 18 ci
1983 1726 95 18 richiama
2085 1732 10 12 a
2104 1731 27 13 un

1660 1748 48 18 altro
1717 1750 73 21 aspetto
1798 1750 111 18 dell’anima
1917 1755 11 13 e
1937 1751 48 18 délia
1994 1752 65 22 poesia
2067 1756 63 14 corsa:

1661 1774 13 17 il
1688 1774 122 20 banditismo,
1824 1775 36 18 che
1872 1775 25 18 ha
1910 1777 44 17 dato
1968 1777 98 18 anch’esso
2075 1778 6 17 i
2089 1778 42 18 suoi

1661 1798 58 18 canti.
1731 1805 8 10 «
1747 1799 16 18 11
1772 1800 116 18 banditismo
1896 1805 55 14 corso
1956 1811 23 4 —
1983 1806 79 14 osserva
2068 1802 15 18 il
2092 1803 39 18 Bis-

1661 1824 67 18 cottini
1734 1833 23 4 —
1763 1829 52 14 corne
1822 1825 100 19 fenomeno
1931 1827 71 18 sociale
2011 1832 10 13 e
2029 1828 70 18 slorico
2107 1829 25 17 ha

1660 1849 19 18 le
1687 1854 35 14 sue
1729 1850 105 22 complesse
1843 1855 10 13 e
1861 1851 93 22 profonde
1962 1852 82 22 ragioni.
2052 1853 30 18 Ma
2090 1858 21 13 se
2117 1854 14 17 il

1660 1875 74 18 fascino
1742 1876 49 17 délia
1798 1876 68 18 liberté
1875 1877 55 22 (dopo
1938 1877 36 18 che
1981 1878 19 17 la
2013 1878 95 21 passione,
2117 1879 14 17 il

1660 1900 96 22 puntiglio
1765 1901 104 18 dell’onore
1878 1906 11 14 e
1896 1902 19 17 la
1924 1902 103 18 diffidenza
2035 1904 50 18 délia
2093 1904 39 22 leg-

1661 1929 24 18 ge
1693 1925 38 18 han
1740 1927 90 21 generato
1837 1927 19 17 la
1864 1928 99 22 vendetta)
1972 1928 66 22 spinge
2046 1929 86 18 l’isolano

1660 1950 32 18 nel
1706 1954 57 14 cuore
1777 1951 51 18 delle
1842 1956 34 13 sue
1890 1952 61 21 selve,
1968 1953 63 18 deciso
2040 1958 11 13 a
2059 1954 72 18 morire

1660 1974 92 21 piuttosto
1761 1975 34 18 che
1809 1976 116 21 arrendersi,
1941 1978 19 16 la
1974 1978 94 22 nostalgia
2082 1979 50 17 délia

1660 2003 49 17 casa,
1719 1999 16 17 il
1749 1999 102 22 rimpianto
1865 2001 51 18 délia
1931 2001 41 18 vita
1985 2003 74 19 onesta,
2072 2003 20 17 la
2102 2007 30 14 co-

1660 2024 74 18 scienza
1746 2024 20 17 di
1780 2029 57 14 avéré
1850 2026 170 18 inesorabilmenle
2041 2028 89 21 troncato,

1660 2053 66 18 spesso
1733 2049 33 18 nel
1774 2049 48 19 fiore
1830 2050 52 23 degli
1891 2051 52 21 anni,
1952 2052 19 17 la
1979 2052 109 22 possibilité
2101 2053 30 18 del

1660 2078 35 13 suo
1710 2074 99 22 awenire,
1822 2075 37 18 han
1874 2081 55 16 presa
1943 2076 92 19 continua
2052 2078 31 18 nel
2097 2082 35 14 suo

1659 2099 70 18 animo.
1738 2100 34 17 Del
1779 2101 63 21 quale,
1857 2101 82 18 insieme
1951 2102 37 18 alla
2003 2102 110 22 solitudine,
2121 2103 11 18 è

1659 2125 60 17 ormai
1728 2129 104 19 compagna
1845 2127 19 17 la
1878 2127 115 18 malinconia
2005 2128 35 18 che
2053 2129 78 17 talvolta

1659 2149 18 18 lo
1685 2150 61 22 ispira
1754 2151 19 17 al
1781 2152 56 16 canlo
1844 2151 52 18 nella
1904 2152 92 18 illusione
2004 2153 36 18 che
2048 2153 18 18 la
2074 2154 58 18 sloria

1659 2174 94 19 intessuta
1762 2175 19 18 di
1789 2176 52 21 pieté
1846 2181 10 13 e
1861 2176 20 18 di
1887 2177 77 18 miseria
1969 2182 56 17 possa
2031 2178 101 19 cosliluire

1659 2205 27 12 un
1693 2201 44 17 vélo
1745 2201 50 17 délia
1803 2201 105 19 siluazione
1913 2204 96 20 présenté,
2015 2203 118 23 giustificar-

1659 2225 19 17 la
1685 2226 42 16 anzi
1735 2226 21 17 di
1764 2225 63 19 fronte
1835 2226 39 23 agli
1882 2228 46 17 altri
1936 2232 52 14 corne
1997 2233 42 13 essa
2047 2228 11 18 è
2064 2229 68 23 giusti-

1659 2250 57 18 ficata
1724 2250 114 19 nell’intimo
1846 2252 50 18 délia
1905 2257 35 13 sua
1948 2254 99 18 coscienza
2054 2259 5 12 :

1749 2290 16 18 O
1773 2290 62 19 madré
1845 2297 49 17 cara,

1748 2317 21 16 lu
1776 2316 68 18 chiami
1852 2317 16 18 li
1875 2318 26 17 lo’
1906 2318 42 23 figli
1954 2325 8 15 ;

1748 2346 37 13 unu
1793 2346 10 13 e
1810 2342 71 23 sepollu

1748 2371 10 13 e
1767 2366 61 18 l’altru
1836 2367 32 18 nei
1873 2368 68 23 perigli
1947 2368 8 18 !

1748 2391 27 18 La
1783 2392 26 17 lo’
1815 2397 41 13 voce
1861 2392 35 24 più
1903 2398 39 13 nun
1949 2395 50 16 sente

1748 2421 23 13 ne
1778 2422 53 13 menu
1839 2417 16 18 li
1862 2419 23 17 to'
1894 2418 85 23 cunsigli,

1749 2441 59 24 Prega
1816 2443 102 23 l’anghiulu
1928 2443 72 19 custode

1749 2466 31 18 chi
1787 2467 19 17 la
1814 2469 57 17 morte
1877 2473 37 13 nun
1924 2468 19 18 lu
1948 2468 52 24 pigli
2005 2470 9 17 !

1753 2505 37 23 Voi,
1800 2508 115 22 carupadre,

1749 2531 67 19 surelle
1824 2532 21 18 di
1852 2538 13 12 u
1872 2533 37 18 mio
1919 2538 67 18 amore,

1746 2557 44 21 pur'
1799 2557 20 17 lu
1826 2558 113 23 cumprendu

1749 2583 69 21 quanlu
1825 2582 20 18 vi
1849 2582 66 24 piegne
1923 2589 13 13 u
1944 2589 46 13 core.

1748 2606 26 18 La
1782 2609 60 16 vostra
1850 2608 53 18 trisla
1911 2609 87 18 esislenza

1750 2637 11 13 e
1769 2637 37 13 una
1814 2632 38 18 vita
1860 2633 21 18 di
1888 2633 70 19 dulore.

1749 2656 32 18 Ma
1788 2658 68 22 megliu
1864 2659 10 17 è
1881 2660 63 17 slanne
1952 2660 70 22 afflitli

1751 2681 33 19 che
1791 2682 39 18 vive
1838 2688 34 13 cun
1880 2683 82 19 disonore
1967 2685 8 17 !

2177 126 94 19 L’intenso
2280 127 67 18 affello
2356 128 94 21 fumiliure
2464 134 53 20 unito
2524 143 10 13 a

2158 151 77 18 limenlo
2242 151 101 23 primitivo
2351 153 49 18 délia
2409 155 88 22 giusliziu
2505 166 10 12 e
2523 168 10 13 a
2577 152 31 19 Se“-

2157 181 52 13 rezza
2223 176 122 22 indomabilc,
2363 183 45 14 sono
2424 180 18 18 le
2455 182 48 20 fonti
2517 173 60 34 j8I)-na

2155 206 38 13 non
2201 202 81 17 soltunlo
2290 200 32 19 dei
2330 203 51 17 canli
2390 204 30 17 del
2430 205 114 26 banditisme»

2156 231 47 18 gran
2211 227 50 21 parle
2270 226 50 17 délia
2329 227 63 21 poesia
2406 231 88 21 popolare
2502 239 49 16 corsa
2564 223 25 17 ma
2595 227 14 19 üi

2156 251 56 23 quale
2220 250 81 18 lultavia
2309 250 11 18 è
2329 251 43 18 (lato
2382 252 114 23 risconlrare
2503 249 106 33 uffiVp11611*

2156 276 6 18 i
2171 275 50 19 canli
2229 276 48 18 délia
2285 275 97 23 Sardegna
2391 282 10 13 e
2409 280 61 18 anche
2478 282 49 20 délia
2534 287 14 14 T
2563 296 3 5 .
2583 276 25 19 COt|

2156 301 33 18 Nel
2198 301 73 17 volume
2284 301 31 17 del
2331 300 100 20 Biscottini
2446 305 91 23 troyiamo
2548 294 60 37 ?,SCa.na'

2156 326 129 23 pressiouanle
2293 325 79 19 rilrallo
2381 327 19 17 di
2409 327 94 25 PaBquale
2507 333 49 23 Paoli

2157 353 18 17 lo
2184 352 29 17 dai
2223 351 77 22 Coswuy
2305 356 5 12 :
2326 350 20 18 in
2356 356 42 13 esso
2410 352 19 18 lo
2443 355 77 21 strenuo
2528 361 36 20 dife
2589 345 20 21 ilK

2156 378 48 17 délia
2212 377 66 18 liberté
2285 381 55 13 corsa
2349 376 10 18 è
2367 377 114 23 raffigurato
2490 387 34 14 con
2537 373 71 34 resfS°re

2156 407 87 17 presenza
2251 407 10 12 e
2270 401 83 18 l’intima
2361 403 119 21 espressione
2489 407 19 17 di
2516 413 25 15 un
2548 417 19 13 co
2575 398 34 19 ^

2157 428 46 17 tiero
2211 427 29 18 del
2248 426 145 18 rinuscimenlo.
2409 428 8 16 1
2431 430 68 21 capelli
2507 433 30 22 giÿ
2548 437 16 18 hj
2588 424 21 16 ot‘

2156 452 58 18 mossi
2222 452 23 18 da
2253 456 25 13 un
2286 452 61 17 vento
2356 451 104 23 gagliardo,
2468 454 19 18 la
2496 456 60 23 fronte
2562 464 4 13 1

2155 482 45 13 nosa
2209 482 10 12 e
2227 477 58 21 vasta,
2295 477 19 17 lo
2323 477 84 22 sguardo
2416 476 102 23 imperioso
2523 488 10 13 e
2538 471 71 36 ispir'f'

2156 502 6 17 i
2171 502 53 17 tratti
2232 501 90 23 energici,
2331 501 76 23 paterni
2416 501 81 21 insieme
2505 511 11 13 e
2523 512 55 20 severi
2595 500 13 19 °’

2156 527 56 18 bocca
2219 526 105 23 atleggiata
2332 531 12 13 a
2353 527 63 21 parole
2430 527 18 17 di
2463 533 89 19 comando
2570 529 15 21 »’
2595 520 14 20 *a

2155 552 81 22 esprime
2244 551 99 23 l’energia,
2353 551 12 17 il
2375 551 123 24 senlimento,
2513 557 17 17 la
2538 559 42 22 fiere
2588 572 4 5 ,

2156 577 83 22 l’impelo
2247 581 55 14 verso
2313 581 25 13 un
2348 576 61 18 ideale
2417 576 20 18 di
2446 577 88 23 giustizia
2542 586 18 17 et
2566 589 16 16 cr
2589 574 18 33 f8’

2156 603 29 17 de.
2264 609 4 5 •
2578 594 6 13 1
2593 599 12 13 e*

2431 623 69 21 Paolo
2509 628 75 26 Toschi

2177 651 25 22 (//
2210 651 64 23 Popolo
2282 650 84 19 d’Ilalia.
2377 651 103 23 27-10-29)

2184 718 79 24 Quelli
2274 718 43 22 chi
2332 718 119 22 ricevenu
2465 720 23 21 A
2506 722 100 36 MUVR4

2156 759 13 14 e
2186 752 71 22 ch’un
2275 752 24 22 si
2316 752 91 21 volenu
2428 752 80 24 micca
2523 758 84 33 abbunà

2156 786 126 22 unn’hanu
2292 791 31 16 ca
2329 791 16 16 a
2352 785 119 22 ricusalla
2478 793 15 15 a
2499 794 16 16 u
2520 794 81 28 pedone

2537 842 16 3 __

2199 866 249 49 Nationalisme
2472 868 98 54 Corse

2181 950 76 20 D'ores
2266 953 22 17 et
2295 950 61 25 déjà,
2365 950 23 20 le
2395 949 207 36 nationalismecorse

2156 984 12 13 a
2177 977 44 21 fait
2229 984 41 14 son
2279 977 95 21 chemin
2383 977 58 21 dans
2453 978 22 20 le
2489 983 75 21 monde
2573 989 31 22 des

2156 1005 72 21 idées.
2238 1006 16 19 Il
2264 1012 29 14 ne
2303 1005 117 21 constitua
2433 1005 84 25 jamais
2526 1018 23 6 —
2557 1012 42 25 pjpls

2157 1033 58 21 toire
2224 1034 27 19 de
2257 1037 66 17 notre
2332 1039 57 19 pays
2394 1037 36 17 est
2436 1034 22 20 là
2467 1037 141 28 pourleprou.

2157 1067 39 14 ver
2201 1073 25 4 —
2232 1068 43 14 une
2284 1061 102 21 chimère
2395 1067 53 15 sans
2458 1068 75 19 queue
2539 1066 20 20 ni
2566 1070 35 22 tête

2157 1089 57 21 Mais
2223 1090 16 20 il
2248 1089 132 21 demandait
2389 1090 13 20 à
2411 1090 49 20 être
2475 1091 44 21 mis
2529 1099 26 15 au

2156 1121 22 16 et
2186 1124 43 14 aux
2237 1118 122 24 exigences
2367 1118 28 19 de
2404 1117 117 26 l'époque.
2530 1121 37 22 Les
2580 1132 28 15 au-

2157 1145 133 20 tonomistes
2305 1151 26 14 se
2346 1149 54 17 sont
2417 1146 104 22 attachés
2535 1149 13 20 à
2562 1157 46 19 cette

2157 1174 106 24 besogne,
2271 1173 111 21 véritable
2391 1174 80 20 travail
2481 1175 28 20 de
2518 1176 91 28 Sisyphe-

2156 1202 50 20 leur
2213 1202 64 20 effort
2284 1208 14 13 a
2307 1202 195 25 principalement
2510 1207 100 26 consisté!

2158 1233 80 17 mettre
2246 1236 28 14 en
2284 1230 72 20 relief
2357 1231 66 20 l’idée
2430 1230 141 25 nationaliste
2575 1242 37 16 cor-

2157 1265 25 14 se
2191 1265 27 14 en
2228 1259 141 20 l’exhumant
2377 1259 29 20 du
2416 1259 86 20 monde
2514 1261 97 30 métaphy.

2157 1287 65 24 sique
2230 1286 39 20 des
2278 1286 115 21 fantômes
2406 1287 30 20 où
2445 1287 47 20 elle
2503 1288 102 26 gémissait

2157 1321 59 17 pour
2223 1314 94 20 l’élever
2323 1314 123 25 jusqu’aux
2455 1315 155 28 cimesoùgam.

2158 1342 57 20 bade
2223 1342 21 19 le
2253 1342 101 19 mouflon
2364 1342 117 20 fabuleux.
2491 1343 121 26 Reconnais-

2157 1369 85 21 sons-le
2249 1369 123 20 fièrement
2378 1376 7 14 :
2400 1370 66 20 l’idée
2480 1372 133 26 nationaliste

2157 1398 58 20 n’est
2223 1397 51 25 plus
2283 1403 48 15 une
2340 1398 50 19 idée
2403 1398 121 22 crucifiée:
2541 1402 39 21 elle
2591 1411 22 14 ne

2157 1432 25 14 se
2196 1425 95 20 réclame
2305 1425 54 25 plus
2373 1426 23 19 ni
2411 1426 31 19 du
2457 1426 105 23 domaine
2575 1437 39 16 sca-

2158 1454 71 19 breux
2238 1453 27 20 de
2280 1453 21 20 la
2319 1453 116 25 théologie
2452 1454 24 20 ni
2495 1455 31 20 du
2542 1461 72 20 monde

2157 1481 128 25 équivoque
2293 1481 30 20 de
2331 1481 22 20 la
2360 1482 86 23 poésie.
2456 1482 61 21 C’est
2525 1491 41 15 une
2574 1487 40 22 idée

2158 1509 103 25 positive,
2271 1513 93 21 portant
2372 1516 28 13 en
2409 1510 47 20 elle
2465 1517 32 14 un
2510 1519 74 18 germe
2592 1517 21 20 de

2159 1538 36 19 vie
2204 1541 22 17 et
2237 1537 27 20 de
2278 1538 169 24 résurrection;
2463 1546 47 14 une
2522 1540 48 22 idée
2581 1545 32 23 qui

2158 1569 64 17 court
2229 1565 21 20 le
2259 1565 93 24 monde,
2361 1565 99 22 hantant
2469 1567 33 21 les
2511 1570 102 23 espritset

2157 1593 122 25 subjugant
2287 1593 35 21 les
2330 1600 86 14 coeurs.

2183 1621 72 20 L’idée
2272 1621 148 21 nationaliste
2440 1629 67 15 corse
2522 1630 62 17 court
2596 1628 17 20 le

2158 1649 91 24 monde,
2257 1655 143 15 avons-nous
2413 1650 51 21 dit?
2481 1651 55 26 Oui,
2548 1657 65 20 toutes

2157 1681 75 17 sortes
2245 1678 27 20 de
2287 1678 105 20 mondes.
2407 1678 49 21 Elle
2472 1680 57 21 s’est
2540 1682 74 24 glissée

2157 1706 57 20 dans
2218 1706 22 19 le
2245 1706 83 20 monde
2334 1706 150 25 intellectuel,
2489 1712 23 16 et
2516 1709 20 20 le
2542 1712 71 20 monde

2157 1734 135 20 intellectuel
2302 1734 32 20 lui
2340 1741 14 14 a
2362 1735 97 20 accordé
2465 1736 60 21 droit
2533 1738 26 20 de
2563 1739 50 25 cité;

2157 1762 44 21 elle
2208 1763 53 19 s’est
2268 1764 121 23 présentée
2397 1770 29 13 au
2436 1765 84 20 monde
2528 1766 28 20 du
2561 1766 53 22 fonc-

2157 1791 156 24 tionnarisme,
2320 1795 23 16 et
2352 1791 20 21 le
2380 1792 86 20 monde
2474 1796 140 22 errant,souf-

2157 1818 88 21 freteux
2252 1822 23 17 et
2283 1819 199 26 pathétiquement
2494 1823 83 20 muselé
2588 1824 25 20 du

2158 1847 203 21 fonctionnarisme
2369 1848 28 20 l’a
2405 1849 120 21 accueillie
2536 1856 77 16 comme

2157 1875 67 20 l’idée
2231 1875 140 21 libératrice.
2381 1876 80 25 Quant
2469 1883 28 14 au
2505 1879 77 20 monde
2587 1880 24 20 du

2158 1903 141 24 prolétariat,
2310 1904 15 19 il
2335 1910 13 14 a
2357 1911 30 13 vu
2396 1905 58 20 dans
2463 1906 22 20 le
2493 1907 120 21 nationalis-

2159 1937 36 14 me
2203 1937 72 18 corse,
2284 1931 22 20 le
2314 1931 61 21 frère
2384 1933 28 19 de
2421 1933 41 20 lait
2467 1933 54 21 d'un
2527 1940 85 16 commu-

2159 1959 74 19 nisme
2240 1959 27 18 de
2276 1959 46 18 bon
2331 1960 55 18 aloi.

2183 1984 73 24 Enfin,
2266 1986 68 20 l’idée
2343 1986 152 22 nationaliste
2504 1995 12 12 a
2524 1989 86 25 profané,

2159 2020 46 13 non
2213 2019 53 14 sans
2280 2013 82 21 heurts
2375 2018 25 16 et
2411 2014 84 25 fracas,
2510 2017 21 20 le
2541 2019 69 24 temple

2158 2041 133 21 sacro-saint
2299 2042 29 19 de
2335 2042 23 20 la
2366 2042 120 26 politique.
2493 2045 45 20 Son
2546 2046 65 20 souffle

2158 2068 135 22 formidable
2308 2070 121 21 d’Hercule
2443 2071 82 22 enfant
2537 2079 12 14 a
2561 2073 50 21 brisé

2158 2097 35 20 les
2200 2098 74 19 autels
2282 2098 31 19 du
2328 2098 63 20 Veau
2405 2099 57 25 d’or,
2478 2100 98 21 effondré
2585 2101 27 21 les

2157 2125 85 25 petites
2249 2126 124 25 chapelles,
2384 2129 110 20 renversé
2506 2129 34 20 les
2551 2129 64 23 colon-

2158 2159 49 17 nes,
2215 2153 80 21 fissuré
2304 2155 22 19 la
2335 2156 69 20 voûte
2413 2157 93 20 sombre
2518 2160 23 17 et
2545 2157 43 25 jeté
2596 2158 17 20 le

2158 2181 88 21 trouble
2254 2185 23 17 et
2282 2182 22 20 la
2315 2183 121 21 confusion
2446 2185 61 20 dans
2515 2185 21 20 le
2543 2186 71 19 monde

2157 2214 141 20 grassement
2307 2212 105 20 monacal
2421 2213 28 19 de
2458 2219 44 14 nos
2511 2214 104 23 représen-

2157 2241 70 17 tants.

2182 2263 64 21 Ainsi
2263 2263 69 24 donc,
2351 2265 21 20 le
2383 2266 164 21 nationalisme
2560 2272 55 15 corse

2158 2291 34 20 vit
2199 2295 22 16 et
2230 2293 117 24 prospère.
2357 2293 40 21 S’il
2412 2294 37 20 n’a
2465 2295 66 24 point
2545 2301 70 14 encore

2157 2319 80 25 acquis
2244 2325 25 14 sa
2277 2320 162 25 physionomie
2451 2322 126 24 définitive,
2589 2322 27 20 s’il

2158 2350 35 17 est
2199 2353 83 14 encore
2291 2354 46 19 peu
2351 2355 76 15 connu
2442 2350 127 21 en'dehors
2582 2350 32 20 des

2158 2375 91 20 milieux
2256 2381 89 19 corses,
2355 2383 42 15 son
2410 2378 122 24 influence,
2547 2385 68 18 cepen-

2157 2403 62 23 dant,
2234 2409 23 14 se
2274 2404 123 22 manifeste
2410 2406 53 25 déjà
2477 2407 71 20 d’une
2559 2406 54 24 façon

2157 2430 46 21 fort
2210 2431 108 21 sensible.

2181 2457 20 19 A
2208 2463 57 14 nous
2270 2457 29 20 de
2309 2459 121 24 préserver
2435 2466 26 13 ce
2468 2460 144 20 nationalisme

2157 2484 29 20 de
2194 2488 48 17 tout
2250 2489 92 17 contact
2351 2486 97 25 néfaste,
2456 2489 28 19 de
2490 2489 23 20 le
2521 2487 94 22 défendre

2157 2516 81 17 contre
2246 2517 65 17 toute
2320 2517 96 22 attaque
2425 2515 128 22 insidieuse
2564 2520 22 16 et
2595 2514 20 20 de

2157 2540 33 19 lui
2199 2541 85 24 ouvrir,
2293 2542 13 20 à
2316 2546 90 17 travers
2415 2543 22 20 la
2441 2543 64 21 foule
2511 2545 39 19 des
2555 2542 61 22 idoles

2157 2574 46 14 aux
2211 2568 65 25 pieds
2284 2570 98 25 d’argile
2391 2575 22 16 et
2422 2572 28 19 de
2459 2572 65 20 leurs
2536 2570 79 23 thurifé-

2157 2596 71 20 raires
2237 2597 73 24 béats,
2319 2598 22 20 la
2352 2599 51 20 voie
2412 2605 53 15 vers
2474 2600 68 20 l’idée
2555 2600 27 20 de
2591 2598 24 20 lu-

2157 2624 77 24 mière,
2249 2625 28 20 de
2292 2625 34 20 foi
2344 2631 23 15 et
2384 2627 190 26 d’émancipation
2585 2624 31 27 qui

2157 2653 113 20 constitue
2278 2660 26 14 sa
2313 2655 79 20 raison
2400 2656 83 20 d’être.

2521 2687 33 21 M.
2566 2686 26 21 R.

173 2781 103 22 Fnglittinu
285 2781 20 18 di
311 2782 22 17 A
337 2780 124 18 Muvra—a.
463 2779 34 18 143
504 2789 18 3 —
527 2779 19 17 di
550 2784 12 12 u
568 2777 73 19 1-12-29

197 2843 243 53 PASQUALE
473 2841 143 47 PAOLI

375 2917 65 19 OSSIA

216 2963 38 35 La
270 2962 81 36 Rôlta
368 2961 29 35 di
411 2961 176 36 Pônkmovo

174 3020 467 27 RACONTOCORSODELSECOLO

364 3061 84 22 XVIII

395 3103 24 17 DI

268 3147 34 24 F.
316 3147 36 24 B.
369 3146 174 25 Guerrazzi

201 3215 98 22 Intanto
321 3213 127 22 Clemente
463 3219 81 16 aveva
561 3214 84 21 ricari-

174 3249 86 20 catolo
272 3248 120 26 schioppo
403 3253 6 15 :
420 3258 31 5 —
462 3246 62 22 e’mi
534 3247 112 27 dispiace

172 3282 112 26 proprio,
305 3281 73 24 disse,
396 3280 46 22 che
456 3282 93 20 cotesta
565 3280 81 22 anima

172 3315 62 21 deva
247 3313 243 28 compariredavanti
498 3314 23 20 al
530 3319 44 17 suo
586 3313 61 22 Cre-

173 3349 68 19 atore
252 3346 66 22 fuori
340 3346 64 21 dello
418 3366 2 3 .
427 3348 65 19 stato
512 3346 26 21 di
547 3346 81 28 grazia
638 3352 6 20 ;

173 3385 41 15 ma
224 3379 24 21 ci
259 3379 35 22 ho
306 3379 69 26 colpa
385 3378 35 26 io,
434 3384 27 16 se
474 3383 47 16 con
532 3378 24 21 la
565 3381 81 19 morte

175 3413 25 20 in
213 3413 77 20 bocca
300 3412 22 21 si
339 3413 160 25 comportano
511 3411 54 22 cosi
581 3417 66 22 poco

175 3445 200 21 cristianamente
381 3444 12 21 ?
408 3444 40 21 Or
449 3451 15 15 a
470 3446 52 26 pro
535 3450 28 15 eo
574 3456 30 11 —:
614 3445 34 21 Al

173 3477 50 22 fine
233 3478 67 21 delle
310 3477 84 28 parole
412 3478 19 20 il
443 3476 103 22 vecchio
559 3476 63 23 andò
633 3482 15 15 a

173 3510 39 21 far
222 3511 149 27 compagnia
384 3511 23 20 al
417 3510 110 28 giovane
538 3515 6 15 :
557 3510 23 20 di
592 3510 55 21 loro

174 3544 24 20 la
210 3543 78 21 storia
298 3548 50 16 non
354 3543 21 21 ri
378 3543 74 21 corda
460 3543 19 21 il
487 3547 82 21 nome,
576 3548 13 15 e
597 3547 51 16 non

175 3576 106 26 importa
287 3574 362 28 investigarlo,conciossiachè

173 3609 25 20 la
220 3609 129 27 maggiore
372 3607 76 22 carità
458 3607 45 22 che
522 3608 126 25 possiamo

175 3640 135 26 adoperare
318 3640 188 27 percoloroche
515 3645 135 17 sonomor-

174 3673 20 22 ti
206 3678 14 15 a
227 3675 130 19 sostenere
362 3673 22 21 la
390 3678 74 17 causa
471 3672 69 27 degli
547 3678 104 22 oppres-

667 2780 51 21 sori
742 2780 109 22 consiste
874 2783 108 25 appunto
998 2788 13 14 a
1031 2782 106 22 lasciarli

667 2813 126 22 nelToblio
804 2815 116 26 nelquale
929 2814 165 24 s’immersero
1102 2816 36 21 in-

667 2847 55 20 teri.
734 2847 42 21 Ad
785 2852 31 16 un
828 2849 75 20 tratto
915 2853 83 16 venne
1006 2850 24 20 al
1041 2849 97 27 pensis-

667 2884 28 16 ro
707 2879 25 21 di
757 2879 130 23 Clemente
898 2881 18 20 il
935 2882 79 21 salmo
1037 2888 40 22 143
1099 2882 40 22 del

668 2914 70 20 santo
751 2918 27 16 re
790 2912 91 27 David,
891 2914 18 21 il
920 2915 79 26 quale,
1012 2921 13 15 a
1048 2917 91 26 quanto

668 2946 106 26 sembra,
787 2947 24 20 in
824 2947 131 27 parecchie
978 2954 58 16 cose
1058 2949 82 21 buone

669 2978 141 28 arieggiava
825 2985 47 17 con
891 2981 35 21 lui
938 2986 15 16 e
967 2981 150 23 incominciò
1126 2988 13 16 a

669 3014 105 19 cantare:
781 3012 152 24 Benedictus
937 3013 129 24 Dominus
1070 3021 71 16 meus

670 3047 46 26 qui
727 3046 32 21 do
762 3047 38 20 cet
810 3052 24 15 m
837 3052 65 16 anus
922 3053 70 16 meas
1000 3048 34 22 ad
1044 3048 97 28 preelia

671 3080 24 20 et
707 3079 97 27 digitos
814 3085 70 17 meos
891 3080 31 22 ed
940 3080 96 23 bellum
1049 3081 31 29 (1)
1089 3094 29 4 —
1126 3088 14 16 e

670 3112 22 20 al
702 3111 50 22 fine
764 3112 40 22 del
813 3115 110 20 versetto
934 3114 20 21 il
962 3119 45 17 suo
1018 3114 123 28 schioppo

670 3144 93 22 ficcava
774 3151 46 15 una
831 3147 65 25 palla
909 3147 23 21 di
947 3148 72 20 oncia
1028 3153 15 15 o
1051 3148 41 21 nel
1104 3154 38 15 ca-

672 3183 30 21 po
715 3183 14 16 0
742 3179 41 21 nel
794 3180 68 25 petto
882 3180 25 20 di
920 3185 33 15 un
974 3179 127 23 Francese.
1113 3192 28 5 —

672 3210 148 23 Veramente
831 3212 75 26 pochi
920 3213 65 21 canti
1008 3213 25 21 di
1054 3219 87 22 guerra

673 3244 150 27 possiedono
832 3245 67 22 virtù
908 3246 25 21 di
949 3246 106 22 eccitare
1066 3246 76 23 l’odio

673 3277 63 23 dello
749 3278 122 22 straniero
880 3278 49 23 fino
941 3279 24 21 al
975 3279 90 23 delirio
1073 3285 70 17 corne

673 3312 56 26 quel
738 3312 77 21 salmo
828 3312 176 28 meraviglioso
1012 3319 6 19 ;
1031 3313 61 27 però
1104 3320 40 21 ap-

673 3350 62 21 pena
742 3344 50 27 può
798 3344 168 28 immaginarsi
979 3351 50 16 non
1038 3346 45 22 che
1094 3347 51 21 dir-

674 3377 20 21 si
699 3378 25 20 la
730 3382 134 16 veemenza
870 3383 47 15 con
922 3379 24 19 la
954 3379 70 25 quale
1032 3378 112 22 Clemen-

673 3412 24 19 te
709 3410 98 21 urlava:

700 3449 15 13 «
723 3442 106 28 Signore
849 3443 103 21 abbassa
963 3443 8 21 i
992 3444 52 22 tuoi
1060 3444 57 21 cieli
1131 3450 14 16 e

675 3475 83 21 scendi
766 3482 6 19 ;
782 3476 82 20 toccai
874 3476 79 22 monti
961 3481 13 16 e
985 3476 23 21 fa
1019 3477 46 21 che
1074 3476 71 22 fumi-

676 3513 40 16 no.

701 3547 14 13 «
724 3540 78 22 Vibra
813 3541 19 21 il
843 3541 96 28 folgore
952 3548 13 15 e
977 3542 94 28 dissipa
1081 3544 67 26 quel-

674 3574 23 20 la
709 3576 75 25 gente
792 3580 5 19 ;
821 3577 106 19 avventa
949 3575 23 20 le
991 3579 42 18 tue
1044 3578 77 20 saette
1133 3582 14 15 e

675 3607 96 21 mettile
783 3606 25 21 in
819 3608 74 20 rotta.

702 3646 15 13 «
725 3638 86 22 Stendi
819 3640 26 20 le
858 3642 42 19 tue
912 3640 65 22 mani
998 3641 119 22 dall’altro
1134 3648 14 14 e

675 3671 132 27 riscotimi,
813 3673 117 22 etrammi
935 3672 66 23 fuori
1007 3675 63 22 dalle
1077 3680 72 22 gran-

1164 2783 26 21 di
1202 2788 84 22 acque,
1297 2784 25 21 di
1334 2790 70 16 mano
1426 2785 66 28 degli
1512 2786 124 27 stranieri,

1163 2816 24 21 la
1199 2816 39 21 cui
1250 2816 77 22 bocca
1345 2819 67 25 parla
1435 2824 136 23 menzogna
1581 2826 13 15 e
1614 2820 24 21 la

1165 2850 38 20 cui
1216 2850 84 21 destra
1313 2850 13 21 è
1338 2851 80 21 destra
1430 2852 25 21 di
1466 2851 80 23 frode.

1193 2889 9 13 «
1213 2882 142 23 Acciocchè
1366 2885 9 20 i
1387 2885 77 21 nostri
1476 2885 106 29 figliuoli
1591 2886 48 22 sie-

1165 2920 33 17 no
1210 2921 71 16 corne
1292 2917 84 27 piante
1388 2919 101 21 novelle
1507 2920 63 20 bene
1580 2920 60 21 alle-

1165 2950 57 20 vate
1229 2950 68 21 nella
1303 2950 54 22 loro
1365 2951 155 27 giovanezza,
1532 2953 44 21 ele
1583 2958 57 16 nos-

1165 2983 37 20 tre
1210 2982 113 28 figliuole
1335 2984 69 22 sieno
1417 2990 69 17 corne
1499 2986 98 22 cantoni
1604 2987 35 21 in-

1165 3016 97 27 tagliati
1269 3015 157 24 dell’edificio
1435 3018 26 22 di
1470 3024 34 16 un
1511 3020 102 25 palazzo.

1193 3055 13 14 «
1217 3048 17 22 E
1244 3050 26 20 le
1281 3052 84 20 nostre
1378 3052 61 21 celle
1455 3052 72 22 sieno
1541 3053 74 27 piene
1626 3059 14 16 e

1167 3087 110 23 porgano
1289 3083 60 27 ogni
1361 3084 80 27 spezie
1454 3085 24 21 di
1492 3085 58 21 béni
1559 3092 6 14 :
1586 3092 14 15 e
1617 3087 23 21 le

1167 3117 85 19 nostre
1261 3116 102 27 greggie
1374 3118 185 27 moltiplichino
1572 3124 13 16 a
1593 3120 49 21 mi-

1167 3148 75 28 gliaia
1255 3154 14 15 e
1281 3154 13 16 a
1306 3149 100 22 diecine
1419 3151 24 20 di
1455 3151 110 28 migliaia
1576 3154 66 20 nelle

1167 3183 85 20 nostre
1262 3187 143 22 campagne.

1195 3214 58 22 «'Ed
1265 3215 7 21 i
1284 3216 78 21 nostri
1375 3216 58 22 buoi
1445 3217 72 22 sieno
1528 3219 82 26 grossi
1627 3225 14 15 e

1168 3248 112 26 possenti
1290 3253 14 16 e
1312 3253 50 17 non
1371 3249 27 21 vi
1404 3250 71 21 abbia
1484 3251 65 21 nelle
1557 3254 85 20 nostre

1168 3280 79 27 piazze
1259 3280 31 22 nè
1303 3282 97 26 assalto,
1413 3282 32 22 nè
1452 3284 96 26 sortita,
1555 3284 89 29 nègri-

1169 3314 31 21 do
1211 3315 97 21 alcuno.
1315 3321 15 15 »

1196 3347 114 22 Ventura
1318 3347 27 22 fu
1355 3348 41 27 pei
1406 3348 114 26 France.si
1533 3351 46 22 che
1588 3352 57 22 Cle-

1172 3382 83 18 mente
1267 3386 51 16 non
1329 3381 140 23 ricordasse
1480 3383 20 21 il
1514 3385 77 22 salmo
1605 3392 40 16 120

1171 3418 14 15 o
1197 3417 50 16 non
1259 3413 25 22 lo
1293 3413 111 22 credesse
1416 3415 108 23 adattato
1531 3417 113 28 all’uopo,

1170 3445 93 27 perché
1268 3446 140 22 chiudendo
1417 3449 57 26 ogni
1480 3453 110 20 versetto
1598 3457 47 16 con

1171 3479 24 20 la
1204 3481 83 19 morte
1294 3481 24 21 di
1330 3486 32 15 un
1370 3485 84 22 uomo,
1464 3484 94 21 cotesto
1567 3485 78 21 salmo

1172 3512 125 22 contando
1308 3513 103 21 versetti
1423 3514 47 27 376,
1478 3517 109 21 avrebbe
1594 3524 53 15 me-

1172 3546 59 19 nato
1243 3550 51 17 uno
1307 3546 111 26 scempio
1437 3547 25 22 di
1472 3548 65 26 loro,
1548 3552 98 20 mentre

1173 3577 18 20 il
1203 3582 39 22 143
1256 3580 258 23 annoverandonesol
1526 3588 33 22 15,
1569 3583 23 21 la
1603 3589 44 15 sua

1173 3610 149 23 recitazione
1332 3616 51 17 non
1394 3612 71 22 costò
1487 3616 92 25 troppo
1588 3621 59 17 caro

1174 3642 22 21 ai
1207 3642 126 24 Francesi.

1201 3675 11 22 I
1226 3675 182 24 Grandmaison
1417 3679 127 22 siaccorse
1552 3684 94 25 presto,

1663 2787 45 22 che
1718 2794 15 15 o
1746 2794 43 22 per
1800 2790 156 26 previdenza,
1966 2797 14 16 0
1990 2797 44 21 per
2045 2792 88 22 avviso

1663 2821 113 23 ricevuto
1784 2822 26 22 in
1815 2824 83 26 tempo
1907 2824 19 21 il
1934 2825 97 22 nemico
2037 2826 34 27 gli
2079 2832 56 16 ave-

1663 2860 32 16 va
1703 2857 54 19 tese
1769 2856 89 21 insidie
1867 2862 6 20 ;
1886 2857 119 27 ignorava
2021 2858 19 22 il
2050 2865 85 16 numé-

1664 2892 28 17 ro
1703 2888 67 28 degli
1787 2890 125 22 assalitori
1926 2897 6 19 ;
1944 2897 40 15 ma
1996 2897 15 16 o
2034 2893 73 26 pochi
2120 2898 14 17 0

1664 2921 70 21 molti
1747 2927 41 16 era
1800 2922 84 23 chiaro
1895 2924 46 21 che
1961 2925 41 21 dei
2021 2924 112 25 Francesi

1664 2959 51 17 non
1726 2956 143 21 nesarebbe
1882 2960 123 25 scampato
2018 2965 33 15 un
2063 2961 55 21 solo
2129 2967 5 19 ;

1665 2992 14 15 e
1690 2986 25 22 fu
1727 2989 110 21 mestieri
1849 2990 44 22 dar
1911 2992 75 21 volta.
2007 2992 74 23 Mesti
2093 3000 44 21 per

1665 3021 68 21 tante
1743 3022 74 22 morti
1830 3028 13 16 e
1852 3024 100 22 avviliti
1962 3031 175 21 pernonaver-

1665 3054 18 20 li
1694 3056 87 25 potute
1802 3056 143 28 vendicare,
1968 3058 68 23 forse
2055 3066 50 16 non
2116 3062 19 21 si

1665 3088 118 23 riduceva
1794 3096 105 21 persona
1918 3092 41 21 nei
1982 3094 118 26 quartieri
2111 3095 25 21 di

1667 3120 95 28 Oletta,
1775 3128 26 16 se
1813 3123 18 21 il
1842 3126 76 20 vento
1931 3125 45 21 che
1996 3126 101 22 soffiava
2108 3128 29 22 da

1666 3154 99 22 levante
1786 3161 49 16 non
1854 3162 87 17 avesse
1966 3161 96 24 portato
2089 3162 48 26 agli

1667 3188 100 21 orecchi
1780 3189 24 21 di
1818 3188 130 24 Clemente
1970 3197 33 16 un
2022 3198 80 18 suono
2114 3195 23 21 di

1667 3220 87 22 rombo
1772 3227 13 15 e
1808 3222 56 22 voci
1888 3223 45 22 che
1950 3224 188 26 domandavano

1668 3252 78 23 aiuto.

1694 3298 28 4 —
1728 3286 144 24 Lasciamoli
1880 3290 98 27 andare,
1985 3292 153 30 disseallora,

1669 3322 88 24 questo
1765 3322 77 21 Aiace
1851 3322 77 28 côrso,
1939 3324 45 22 che
1991 3325 82 23 hanno
2082 3334 58 16 avu-

1669 3354 27 20 to
1708 3354 19 20 il
1748 3354 54 22 loro
1825 3357 109 26 compito
1944 3364 6 19 ;
1963 3358 24 22 io
2000 3365 78 21 penso
2096 3361 45 22 che

1670 3386 75 26 quelli
1758 3387 45 21 che
1811 3388 114 23 arrivano
1935 3391 22 20 al
1969 3392 122 25 quartiere
2101 3400 41 21 ap-

1670 3418 165 27 piccheranno
1848 3427 8 15 î
1879 3422 53 22 voti
1953 3424 47 21 alla
2011 3424 129 29 Madonna,

1671 3451 90 22 dacchè
1772 3452 31 22 da
1814 3456 85 24 questa
1908 3458 71 24 parte
1991 3462 50 17 non
2053 3459 23 21 ci
2088 3459 13 21 è
2113 3460 29 21 da

1670 3485 96 21 temere
1773 3485 43 27 più
1828 3488 76 26 nulla,
1924 3494 28 16 su
1969 3489 30 22 da
2015 3490 81 27 bravi,
2115 3493 27 21 fi-

1671 3518 100 26 gliuoli,
1783 3525 32 15 un
1827 3525 69 17 sorso
1907 3522 26 21 di
1944 3522 70 27 vino,
2028 3530 15 15 e
2052 3525 42 21 via
2105 3526 38 21 di-

1672 3550 60 22 filati
1743 3552 23 21 al
1776 3552 87 28 borgo.

1699 3585 57 21 Aile
1765 3586 118 22 ventidue
1894 3588 18 21 il
1923 3589 127 23 marchese
2060 3591 82 23 Chau-

1672 3617 68 21 velin
1751 3619 97 21 avendo
1859 3620 110 27 riposato
1980 3623 25 20 la
2015 3629 43 16 sua
2068 3628 73 25 gente

1673 3650 31 20 ed
1715 3650 161 28 ingrossatosi
1889 3653 36 22 co’
1947 3655 102 23 rinforzi
2060 3658 45 22 che
2117 3660 24 21 di

1673 3688 42 16 ora
1724 3684 26 21 in
1763 3685 81 27 oragli
1855 3687 149 24 arrivavano
2011 3695 46 17 con
2068 3693 72 22 celeri

2161 2795 65 26 passi
2236 2795 28 21 da
2286 2796 83 22 Bastia
2392 2798 75 22 statui
2487 2800 90 21 tentare
2592 2799 26 17 un

2161 2829 62 21 altro
2235 2830 101 22 assalto.
2350 2830 119 29 Pasquale
2489 2832 68 22 Paoli
2568 2828 49 24 dalle

2162 2862 76 22 alture
2249 2862 24 22 di
2284 2863 105 23 Luciana
2400 2866 99 22 avendo
2510 2862 107 25 avvertito

2163 2896 17 20 il
2192 2901 81 17 nuovo
2284 2898 102 21 turbine
2398 2898 45 22 che
2453 2900 21 21 si
2483 2895 134 26 andavafor-

2162 2930 94 25 mando,
2269 2932 121 21 comando
2399 2938 13 15 a
2434 2932 80 22 Decio
2532 2926 85 27 Cottoni

2163 2968 33 16 ea
2204 2962 185 24 Giantommaso
2396 2966 103 28 Arrighi
2508 2964 110 30 pigliasse-

2163 3001 28 16 ro
2201 2998 61 20 tutta
2273 2997 22 21 la
2307 3000 74 24 gente
2397 2999 45 21 che
2454 3000 35 27 gli
2503 3001 64 20 stava
2578 2995 40 22 din-

2162 3031 73 20 torno
2246 3035 12 16 e
2270 3032 162 22 scendessero
2443 3038 15 16 a
2470 3031 117 23 investira
2599 3025 19 22 ài

2163 3062 76 23 fianco
2248 3064 7 20 i
2268 3062 112 25 Francesi
2395 3072 5 20 ;
2412 3065 136 29 avendogli
2556 3059 63 26 Decio

2163 3097 120 21 avvertito
2295 3098 90 28 ch’egli
2397 3099 132 22 rimaneva
2541 3096 55 23 solo,
2609 3096 10 15 e

2165 3129 26 21 in
2203 3135 54 17 caso
2269 3130 25 22 di
2305 3131 107 29 bisogno
2423 3138 27 16 su
2461 3133 47 21 chè
2519 3128 103 32 pensasse

2165 3165 165 26 aPpoggïarsi,
2343 3164 120 29 Pasquale
2485 3166 137 27 rispose:-"

2165 3202 49 16 non
2225 3196 22 22 fa
2256 3203 55 15 caso
2319 3204 5 20 ;
2334 3198 27 21 vi
2370 3198 54 22 dirò
2434 3205 69 16 corne
2511 3197 97 23 Abramo
2615 3194 6 16 :

2166 3228 48 23 Dio
2222 3231 152 25 provvederà
2384 3238 6 19 ;
2397 3233 41 26 qui
2447 3238 51 17 non
2507 3232 21 22 ci
2537 3231 29 21 ha
2573 3230 49 19 tem-

2166 3268 33 22 po
2210 3263 29 21 da
2250 3263 111 27 perdere,
2373 3266 101 26 partite.

2194 3295 32 22 Vi
2237 3300 160 20 rammentate
2406 3299 25 21 di
2440 3299 63 22 frate
2510 3289 113 31 Bernard"

2167 3335 33 16 no
2212 3330 29 21 da
2249 3330 134 24 Casacconi
2392 3333 12 20 ?
2417 3332 50 22 Voi
2479 3338 32 15 ve
2520 3336 29 17 ne
2558 3328 66 22 ricor-

2168 3364 54 21 date
2234 3364 23 21 di
2269 3365 84 23 sicuro
2363 3372 6 20 ;
2383 3372 42 16 ora
2437 3372 51 16 non
2500 3366 27 22 vi
2541 3359 82 33 potrete

2168 3397 57 21 dare
2236 3403 58 21 pace
2306 3399 114 29 com’egli
2429 3400 45 22 che
2485 3401 86 26 sapeva
2582 3393 42 21 COSÎ

2168 3430 63 21 bene
2243 3436 100 17 movere
2352 3434 21 20 la
2382 3434 96 27 lingua,
2487 3438 50 17 non
2545 3427 80 25 menas-

2169 3468 27 16 se
2217 3469 71 16 meno
2313 3467 200 22 valorosamente
2522 3466 25 20 le
2560 3460 42 29 ma*
2601 3460 22 29 11;

2169 3495 92 23 Sentite
2271 3503 7 20 ;
2298 3504 52 16 non
2369 3500 14 22 è
2403 3501 72 27 colpa
2497 3503 51 19 sua,
2566 3490 57 24 bensi

2169 3530 57 26 mia,
2236 3530 43 22 che
2290 3532 32 22 nè
2330 3534 66 21 tutto
2404 3533 32 22 nè
2444 3533 27 21 di
2479 3530 57 24 tutti
2544 3528 23 22 io
2578 3527 45 24 p°s'

2169 3568 28 17 so
2208 3563 51 22 dire
2270 3570 5 20 ;
2283 3566 62 25 però
2355 3567 48 27 egli
2413 3566 22 22 si
2445 3571 43 17 era
2498 3563 82 23 chinso

2168 3596 8 21 i
2185 3596 157 27 piùvalorosi
2353 3598 36 23 de’
2396 3599 54 22 suoi
2460 3589 165 46 compaêniîl^Q

2169 3633 121 20 convento
2302 3632 41 22 dei
2354 3631 143 29 cappuccini
2509 3629 39 22 del
2558 3625 55 21 Bote

2169 3667 13 16 e
2194 3663 82 27 quinci
2287 3665 151 28 dispensava
2449 3665 27 20 in
2488 3661 69 28 copia
2571 3654 47 23 mo^

2169 3695 105 26 chettate
2285 3704 75 16 corne
2369 3699 26 21 in
2403 3701 85 24 tempo
2496 3696 25 21 di
2530 3694 56 27 Pace
