2688 3948
181 175 42 50 U
246 175 71 51 Rè
342 175 50 51 di
416 176 201 53 Corsica

332 248 11 26 (
344 248 120 29 Seguitu)

208 329 24 19 In
242 330 125 24 ogniIocu,

209 359 101 23 Picciatc
319 362 61 20 focti.

169 389 17 20 E
196 390 129 26 trallargate
334 398 89 19 sempre
432 398 13 13 u
456 392 151 26 pasculaghiu
615 401 6 13 :

168 420 90 21 Debbiu
267 422 99 22 d'aostu,
378 422 54 20 arba
441 423 23 19 di
474 423 103 25 maghiu.

205 451 54 20 Cusi
269 452 52 20 bole
330 452 176 26 Domineddeiu,

206 481 18 20 E
232 482 114 22 anch’eiu,

167 511 20 19 A
194 512 95 20 scatizzà
299 512 71 26 inquà
379 520 13 13 e
400 513 54 21 indà
462 521 32 14 un
503 514 141 26 fuculaghiu,

207 542 165 26 Penseraghiu.

168 571 18 20 E
195 572 62 20 nimu
264 573 114 20 —disfidu
384 581 60 14 —un
454 575 110 21 tuccherà
573 576 23 20 lu
605 577 49 21 reiu
661 579 6 19 !

167 602 109 25 Sappiate
281 614 27 5 —
313 604 21 20 ci
343 608 72 17 mettu
424 609 71 21 punta
505 613 13 13 e
527 607 106 25 orgogliu
639 617 27 5 —

167 632 65 21 Ch’io
240 633 76 21 facciu
325 641 14 14 e
347 635 111 21 disfacciu
465 637 105 24 quant’io
579 638 84 25 vogliu.

166 663 76 25 Aghiu
252 671 30 13 un
292 665 59 24 pede
359 666 71 25 longu
439 667 23 20 in
473 667 131 21 Prefettura

168 693 18 20 E
194 694 75 21 l’altru
278 696 128 26 arci-longu
415 697 24 21 in
449 697 135 26 Tribunalc,

167 725 18 19 E
194 726 31 19 mi
234 732 29 14 ne
268 726 66 25 jogu,
344 734 13 13 a
365 728 115 25 dirittura,

169 755 73 21 Cume
249 756 24 20 di
282 757 60 25 l’agu
351 758 20 19 si
378 758 54 25 jega
441 759 24 20 lu
474 760 81 20 ditale.

167 796 27 5 —
200 785 123 22 Scuserete
331 794 14 13 e
353 788 45 20 miò
407 790 100 24 parulle,

168 815 68 21 Disse
248 823 15 14 u
272 817 117 25 Niulincu,
399 826 73 14 eranu
482 821 24 20 in
517 821 82 21 brulle.

167 845 101 26 Stasera,
278 848 24 19 in
313 848 151 26 bostr’onore,

205 876 74 22 Centu
288 878 59 21 dede

165 907 132 21 Accenderà
306 909 53 25 ogni
369 914 97 21 pastore,

168 937 45 20 Per
221 938 54 24 ogni
285 943 71 20 punta
365 940 36 20 chi
411 942 20 20 si
439 943 59 20 vede

166 967 34 20 Da
209 967 103 26 Corscia,
322 970 135 22 Calacuccia
466 980 12 13 e
489 973 122 26 Calasima,

167 998 65 20 Duve
241 1005 14 14 u
264 1000 51 20 sole
323 1001 21 19 si
353 1002 49 20 cala
410 1002 23 20 lu
443 1004 83 24 prima.

167 1028 45 24 Ma,
221 1029 40 20 s’io
270 1036 31 14 un
310 1031 89 25 sbagliu
410 1033 65 25 rima,

206 1059 34 20 Rè
248 1067 67 14 cume
324 1061 37 21 boi

167 1089 35 20 Un
212 1090 20 20 ci
242 1097 29 14 ne
278 1091 25 20 fù
312 1093 74 24 prima
395 1095 30 19 nè
432 1096 46 23 poi.

167 1120 35 20 Un
211 1127 70 18 possu
290 1122 29 21 dà
329 1123 85 21 bacche
423 1126 29 19 nè
460 1126 66 21 boi...

166 1150 32 20 Mi
207 1155 54 17 votu
270 1159 13 13 e
292 1152 170 27 b’imprumettu

166 1181 28 20 Di
203 1181 74 25 dabbi,
286 1184 55 20 tutti
349 1184 76 26 l’anni,
439 1193 31 14 un
480 1187 46 21 bon
536 1193 112 21 caprettu.

405 1274 25 20 VI

205 1306 65 21 Fattu
283 1307 61 22 Faite
353 1309 66 25 feste,

203 1337 73 21 Senza
285 1339 73 25 piglià
368 1340 90 25 riposu,

203 1367 158 27 Capricciosu,

166 1398 18 20 U
195 1399 31 20 Rè
235 1399 61 21 disse
303 1408 6 13 :
320 1402 54 20 «Aiò
382 1403 5 19 !
396 1403 19 20 A
425 1403 20 21 le
454 1404 67 24 leste,

202 1429 65 22 Ch’io
277 1431 40 20 fali
326 1438 12 14 a
348 1434 83 23 caccia,

165 1459 123 25 Quaiòndi,
299 1469 41 18 per
349 1463 163 23 Ghisunaccia.
519 1471 11 11 »

203 1491 17 21 E
229 1496 63 21 parte
305 1493 148 26 futtrizendu,

202 1522 191 27 Spetarazzendu,

164 1552 24 23 E,
198 1553 75 21 strada
282 1554 107 25 facendu,
398 1563 12 13 a
421 1561 61 17 tacca
493 1564 13 14 a
516 1563 62 17 tacca
586 1567 5 13 :

163 1583 77 21 Pum!
247 1585 77 20 Pum!
331 1586 46 20 tira
385 1593 13 14 e
406 1587 93 21 insacca

203 1614 62 21 Ind’a
273 1615 103 22 brisacca

202 1645 43 20 Ciò
254 1645 37 21 chi
300 1646 17 20 li
325 1653 67 15 casca
398 1655 7 13 :

202 1675 139 27 Qualunque
349 1679 82 24 acellu,

203 1706 38 21 Sia
249 1707 70 25 goffu,
329 1709 34 20 sia
372 1709 71 25 bellu,

204 1738 35 19 Un
247 1738 71 21 lascia
327 1746 31 14 un
368 1740 97 25 piulellu

202 1768 120 22 D’Aiacciu
330 1777 14 13 a
353 1771 153 23 Puzzichellu.

202 1799 35 21 Un
245 1800 105 25 parlemu
358 1801 24 20 di
390 1808 13 14 e
408 1802 92 27 jalline,

202 1830 103 25 Pernice,
314 1832 79 23 merle,
403 1833 138 26 biçcazzine,

201 1861 20 22 A
229 1860 105 25 duzzine,
344 1869 13 13 a
364 1863 102 25 duzzine,

163 1891 83 25 Piglia,
255 1892 97 27 chiappa
360 1901 14 13 e
382 1896 65 20 metti
456 1896 24 20 in
487 1897 78 21 borsa.

162 1922 167 26 Bulabulendu,
345 1931 13 13 a
366 1928 60 18 tutta
434 1932 74 20 corsa,

163 1952 102 22 Tazzava
273 1954 61 25 pelle
343 1955 150 26 singhiarine,

163 1983 57 25 Capi
229 1984 24 20 di
260 1984 72 25 levre,
342 1987 57 20 code
408 1988 105 25 vulpine.

162 2013 25 24 E,
197 2014 184 24 inturchiendusi
389 2024 13 14 a
411 2020 135 24 mustaccia,

163 2044 19 20 U
190 2045 69 25 cigliu
268 2053 57 15 neru
335 2048 23 20 di
365 2048 120 26 fumaccia,

161 2075 80 22 Eccuti
250 2077 36 20 chi
295 2079 62 20 scala
366 2079 24 20 in
399 2080 164 23 Ghisunaccia.

197 2117 28 4 —
229 2107 73 22 Terra
311 2109 23 20 di
343 2109 93 22 furtuna
445 2112 7 20 !

200 2138 54 21 Urlò
263 2145 15 14 u
286 2140 141 26 cacciadore,

198 2169 170 22 Asciuvendusi
378 2178 15 14 u
400 2172 93 21 sudore.

160 2199 69 21 Tanti
237 2200 63 25 pezzi
309 2201 25 20 in
343 2202 52 24 pelu
404 2209 14 14 e
426 2204 77 25 piuma
509 2205 7 20 !

159 2230 19 20 A
187 2230 74 25 prima
270 2233 94 20 cunterà
372 2240 42 18 per
422 2240 73 15 una...

198 2271 27 4 —
233 2262 87 21 Ebbiva
329 2270 15 13 u
352 2267 80 18 nostru
441 2266 98 24 signore
545 2267 6 19 !

159 2291 98 26 Risppse
265 2300 31 13 un
305 2295 87 24 popplu
400 2296 25 20 in
435 2296 98 22 bullore.

159 2322 87 23 Ch'ella
254 2324 49 20 vivi
311 2324 23 21 la
343 2331 26 15 so
377 2325 82 26 faccia,

159 2352 87 23 Cumed
256 2355 46 20 ellu
312 2362 31 14 un
352 2356 19 20 si
381 2363 29 14 ne
418 2359 87 20 staccia
513 2359 6 21 !

195 2396 28 5 —
230 2386 19 19 A
258 2387 95 23 quandu
361 2387 90 22 l’onore

158 2415 113 21 D’avebbi
280 2423 32 14 un
320 2423 61 18 pocu
390 2425 13 13 a
412 2420 78 20 caccia

196 2446 44 20 Per
247 2453 15 14 u
272 2447 124 22 Fiumorbu
402 2449 12 20 ?

156 2476 135 25 Impluronu
300 2479 63 20 mille
371 2486 66 15 voce.

157 2518 25 6 —
189 2507 18 20 E
215 2508 24 20 in
248 2508 129 26 Bonifaziu,
387 2517 13 14 o
410 2511 33 21 Rè
452 2512 88 24 veloee,

158 2538 36 20 Un
204 2538 20 20 ci
234 2539 29 20 ha
272 2540 76 20 ma’da
353 2541 73 26 jugne
434 2542 42 21 che
484 2543 25 20 lu
519 2544 89 20 corbu?

157 2569 84 24 Vinite,
250 2576 14 13 o
273 2570 86 21 Maestà
372 2573 125 25 predegna,

157 2599 43 20 Chi
209 2600 123 22 saluterete
341 2608 58 15 ancu
407 2603 23 20 la
438 2602 127 28 Sardegna,

157 2630 138 21 Purtenduli
304 2639 31 13 un
345 2639 65 15 carcu
420 2634 22 20 di
452 2634 75 25 legna.

195 2661 80 25 Eppoi,
284 2663 20 19 si
313 2663 86 21 b’avete
404 2668 58 21 sete,

195 2691 27 21 In
230 2692 67 21 Sartè
305 2700 13 13 a
327 2694 24 20 vi
359 2695 133 21 caccierete.

194 2722 113 22 Sartinesi
316 2725 134 25 ospitalieri,

158 2753 44 21 Per
211 2754 36 20 boi
257 2754 83 22 Iavanu
349 2756 76 25 diggià
434 2757 6 20 i
451 2757 118 25 bicchieri,

195 2784 15 21 E
221 2786 65 19 tutt’e
295 2790 65 17 santé
369 2791 65 17 notte

156 2814 89 22 Colanu
255 2815 91 24 Foru.di
354 2823 13 14 e
376 2824 25 13 so
411 2818 60 21 ’otte.

156 2845 23 21 Si
189 2846 36 20 bo’
233 2847 84 24 venite,
327 2848 46 22 noi,
383 2849 118 24 vulinteri,

157 2877 25 19 Vi
193 2876 60 21 femu
264 2878 78 22 tumbà
352 2879 6 19 i
367 2879 72 21 nostri
449 2880 96 20 sumeri.

195 2908 16 20 U
223 2908 32 21 Rè
263 2908 57 22 dede
330 2916 30 14 un
369 2909 113 21 allisciata

105 2937 17 20 A
132 2937 7 20 i
148 2943 25 15 so
183 2939 92 24 capelli,
284 2946 22 17 e,
315 2940 187 22 stuzzichendusi
512 2941 24 20 lu
545 2941 78 24 dente,

155 2968 79 22 Disse:
244 2970 48 20 «Un
301 2971 57 20 siate
367 2971 49 20 cusi
426 2976 111 20 pressata,

196 3000 21 20 O
226 3000 70 21 brava
303 3000 72 25 jente!

193 3030 168 22 Sicuramente.

156 3061 75 20 Contu
240 3061 22 20 di
272 3061 77 21 fammi
359 3069 39 18 per
406 3063 80 24 quindi
496 3064 156 21 un’afFaccata.

154 3091 46 24 Ma,
209 3092 107 24 pazienza
325 3098 13 14 e
348 3093 70 21 micca
427 3093 85 21 affanni

154 3122 48 20 Avà
212 3122 77 25 piantu
299 3123 41 24 qui
350 3130 40 18 per
397 3125 95 20 settant'
499 3126 65 23 anni,

192 3153 19 20 A
221 3159 75 14 mezza
306 3158 116 20 puretta...

155 3182 78 25 Eppoi,
243 3189 27 14 eu
279 3190 37 13 me
325 3191 31 13 un
365 3184 21 21 ci
396 3185 50 21 vale
455 3192 12 13 a
476 3186 94 21 chere...

154 3213 123 21 Cunnoscu
286 3214 29 20 da
324 3221 40 18 per
374 3222 36 14 me
419 3216 22 20 lu
452 3216 46 21 miò
506 3217 102 21 mistiere
615 3224 6 17 ;

155 3243 85 20 D’andà
249 3244 69 25 pianu
327 3245 159 22 m’addilJetta.

189 3284 27 4 —
221 3274 191 23 Settant’anni?...
423 3276 88 22 Saetta!

158 3304 99 22 Dissenu
266 3306 7 19 i
282 3306 111 25 deputati.
403 3307 52 25 Què
464 3315 31 13 un
505 3308 93 21 buzzara
606 3309 6 19 !

157 3335 19 19 E
184 3336 134 24 scapulonu,
328 3343 58 18 capu
394 3338 77 24 bassu,
481 3339 24 19 in
514 3338 133 21 Sulenzara.

112 3364 49 24 Cro,
171 3372 46 16 cro,
227 3366 63 21 cro!..
300 3368 195 21 curnacchiulonu
504 3369 21 20 le
531 3368 143 24 curnacchie,

156 3396 43 20 Più
208 3396 147 23 s’imbecchia
364 3405 14 14 e
386 3399 39 25 più
432 3399 118 25 s’impara!

363 3488 39 21 VII

153 3520 25 20 In
187 3521 112 25 timiconi,
309 3523 101 21 î’oratori
421 3524 21 20 di
453 3523 20 21 le
482 3523 111 24 Macchie,

190 3551 103 21 Presenu
303 3559 12 14 a
325 3553 97 24 parolla.

153 3581 139 22 L'immensa
302 3589 13 14 e
324 3584 131 20 ruminente
463 3584 55 20 folia

152 3611 74 22 Chetô
235 3612 78 21 subitu
322 3619 13 14 e
344 3620 25 14 so
380 3614 124 21 ratacchie.

331 3651 112 23 Martinu
458 3651 187 27 Appinzapalu.

301 3684 12 27 (
316 3684 147 28 Cuntinua)

731 181 29 25 A
776 183 186 29 Cucchiara

867 226 156 26 invidiata

729 277 16 18 O
751 278 65 20 Muvra
825 280 36 22 chi,
871 286 52 14 cume
931 287 25 13 un
964 283 69 24 lampu,

729 302 40 18 Oiri
776 309 12 12 u
797 305 68 18 mondu
873 305 21 18 in
899 311 26 13 un
934 310 99 20 mumcnlu,

772 328 29 18 Mi
808 329 38 19 voli
854 330 53 18 rende
918 331 72 23 felice?

773 353 28 17 Mi
809 354 38 18 voli
855 355 53 18 rende
916 357 87 17 cunlentu
1012 358 11 17 ?

750 377 27 18 Fù
785 378 103 24 ch’ognunu
895 380 51 18 canti
953 386 12 12 a
973 387 46 17 gara

750 402 24 18 Le
782 408 78 14 canzonc
867 404 21 18 di
895 410 12 12 a
916 405 106 20 Cucchiara.

749 440 53 20 Musa
810 443 71 23 allegra
890 449 10 13 e
908 445 91 22 graziosa,

728 464 26 17 Lu
763 466 38 18 miò
810 472 43 14 core
861 468 11 18 è
880 469 20 17 in
908 469 15 18 li
935 470 82 18 to’lacci.

749 490 92 19 Prestami
849 493 21 17 lu
879 494 132 23 to’cuncorsu,

727 514 29 18 Un
764 518 105 21 mumentu,
876 519 87 20 perch’eo
968 520 50 18 facci

749 539 40 18 Una
797 542 66 20 poesia
871 547 43 13 rara

748 563 85 19 All’onor
838 566 56 19 d’una
902 567 109 20 Cucchiara.

749 607 75 21 Quest’è
832 614 27 13 un
865 611 50 17 donu
920 612 104 19 d’amicizia

750 632 26 18 La
783 634 33 21 più
825 634 48 19 leale
882 640 11 13 e
901 636 75 19 sincera
982 642 6 17 ;

748 657 16 18 E
771 659 49 21 cusi,
829 660 18 17 ci
855 665 60 17 pensu
924 666 80 18 sempre,

714 689 2 11 :
748 683 28 17 Lu
783 683 57 22 jornu
848 689 55 15 cume
910 687 19 17 la
938 691 43 14 sera
987 692 6 17 ;

749 707 39 22 ’gni
796 710 54 18 nolle
858 715 34 17 per
899 716 31 13 me
938 712 45 22 ghiè
991 717 43 14 rara

727 731 57 19 Ch’eo
798 738 40 14 nun
852 736 55 22 sogni
915 737 17 17 a’
937 737 39 17 miò
986 737 48 19 Cuc-

713 762 3 25 j
962 762 70 19 chiara.

747 799 17 17 A
772 804 31 14 me
810 805 41 14 nun
859 803 59 17 tocc’a
926 804 91 18 vanlalla.

747 824 48 19 Pare
803 826 48 18 fatta
858 832 11 13 a
877 828 20 17 lu
906 828 86 22 pinnellu
998 834 6 16 ;

746 850 131 23 Tutt’ognunu
885 853 32 17 chi
925 853 39 18 l’ha
973 854 59 22 vista,

726 873 32 19 Sia
761 875 40 18 d’in
804 876 64 22 piazza
873 882 12 13 o
890 878 23 17 da
918 883 27 12 un
949 879 84 21 purtellu

748 899 28 18 Ha
784 901 55 18 dettu
847 906 37 14 cun
892 907 48 14 voce
947 904 65 18 chiara
1019 909 5 13 :

746 924 37 18 «Oh
790 925 5 17 I
805 927 42 17 cusi
853 927 50 18 bella
909 927 102 19 Cucchiara
1018 928 15 18 I»

746 969 38 21 Zie,
794 971 66 18 cucine
868 972 92 22 chernali,

747 993 48 23 Omi,
805 996 74 21 parenti
887 997 89 22 ristretti,

746 1019 65 19 Donne
817 1021 49 18 lutte
875 1026 11 13 e
893 1022 117 22 giuvanotte,

747 1043 22 18 Li
776 1045 67 22 vecchj
853 1050 10 14 e
869 1046 16 18 li
892 1047 90 18 zitelletli
988 1052 5 16 ;

747 1068 75 21 Quantu
829 1071 32 17 chi
867 1071 25 18 l’è
899 1076 123 17 parsaamara

746 1094 48 18 D’un
800 1097 82 20 pussede
888 1098 29 17 sta
923 1097 108 18 Cucchiara.

747 1139 41 21 Çun
797 1141 59 21 gustu
864 1146 12 13 e
884 1146 37 14 cun
929 1142 87 19 simetria

745 1164 40 18 Ella
793 1165 12 18 è
813 1167 49 17 stata
871 1167 120 22 travagliata,

745 1189 15 17 E
768 1190 23 18 da
799 1195 27 13 un
831 1191 75 18 célébré
915 1193 105 22 ertisgianu

746 1214 27 18 Fù
781 1215 62 22 pulita
852 1221 11 13 e
871 1217 127 19 inverniciata
1003 1223 5 17 ;

746 1239 47 18 Pare
801 1245 39 13 una
848 1242 86 18 scultura
944 1247 43 14 rara

745 1264 37 18 Per
789 1269 31 14 me
828 1267 31 17 sta
866 1266 50 18 bella
922 1267 107 19 Cucchiara.

746 1306 26 18 Le
779 1307 235 20 cucchiared’Orezzinchi

746 1330 72 19 Giranu
826 1332 22 18 lu
855 1334 71 17 mondu
934 1334 78 22 intieru,

745 1356 30 18 Ma
782 1357 40 18 s’eo
830 1357 129 24 l’assumigliu
966 1364 12 13 a
985 1360 42 21 què,

745 1381 15 17 E
768 1381 58 18 stimu
835 1387 58 14 menu
901 1384 35 18 che
944 1387 51 18 zeru,

745 1406 62 19 Tanlu
812 1407 11 18 è
831 1407 57 23 bella,
897 1410 55 17 lantu
960 1409 11 18 è
976 1415 43 13 rara

745 1431 35 18 Per
787 1436 32 14 me
826 1433 31 18 sta
864 1433 50 19 bella
919 1434 109 19 Cucchiara.

744 1476 132 23 L’imperatori
881 1483 11 13 e
899 1479 16 18 li
924 1483 21 14 re

744 1501 55 19 Hanu
806 1503 19 17 le
833 1503 100 19 cucchiare
941 1505 61 21 d’or.u,

744 1527 30 17 Ma
781 1529 55 20 poste
843 1528 65 18 vicinu
916 1534 12 13 a
934 1530 43 21 què,

745 1552 87 18 Perdenu
839 1553 22 18 lu
866 1555 27 16 so’
898 1554 76 22 decoru,

744 1577 39 18 Tan
784 1578 22 17 tu
815 1577 11 18 è
833 1578 96 19 rilucente
935 1584 10 13 e
953 1585 43 12 rara

745 1602 36 17 Per
788 1607 31 14 me
823 1604 31 17 sla
860 1604 50 18 bella
917 1604 111 19 Cucchiara.

744 1644 26 18 Eo
775 1645 19 18 la
797 1645 69 22 .vogliu
869 1646 85 19 rinserrà

745 1669 22 17 ’N
773 1670 43 18 ’una
823 1671 183 23 scatulad’argenlu,

743 1694 57 19 Tutta
807 1695 80 23 ripien’a
893 1697 95 21 bambace,

744 1719 37 19 Per
787 1725 61 17 peura
855 1721 32 18 chi
895 1722 21 17 lu
923 1723 60 17 ventu

744 1744 29 18 Un
780 1745 19 18 si
807 1746 57 18 rubbi
868 1746 21 18 in
897 1751 67 18 pompa
969 1752 11 13 e
985 1748 43 22 gala

743 1769 33 19 Sta
784 1771 43 18 cusi
835 1771 52 19 bella
895 1772 110 20 Cucchiara*

744 1809 73 19 Pudete
827 1811 100 19 cunsiderà

744 1834 76 23 Quantu
831 1836 18 17 ci
859 1837 57 17 trovu
924 1837 54 22 piacè

743 1859 26 18 La
776 1864 56 14 mane
840 1861 92 22 quand’eo
939 1862 27 17 mi
973 1863 46 17 levu

743 1884 15 18 E
766 1885 54 18 ch’eo
827 1886 63 22 pigliu
897 1887 21 17 lu
925 1887 50 18 caffè
981 1892 5 12 :

743 1909 16 19 U
767 1914 80 14 zuccaru
852 1911 18 18 si
878 1911 74 23 rispara

722 1934 41 19 S’eo
775 1936 93 22 manghiu
878 1941 23 13 eu
911 1941 11 13 a
930 1937 38 18 miô
979 1937 48 19 Cuc-

954 1963 71 19 chiara.

742 2002 23 18 Di
773 2007 79 14 zuccaru
861 2008 27 13 un
895 2004 28 18 c’è
936 2005 88 23 bisognu,

742 2027 15 18 E
765 2028 19 17 di
792 2029 40 17 sale
840 2033 49 14 ancu
896 2030 34 21 più
939 2034 47 18 pocu
991 2036 5 16 ;

743 2052 47 23 Ogni
799 2053 62 22 piattu
869 2054 11 18 è
888 2055 94 22 savuritu,

742 2077 86 22 L’appitt’
836 2083 11 13 e
855 2079 20 18 in
884 2080 45 22 ogni
936 2081 50 17 locu.

741 2102 75 18 Devoru
826 2108 56 14 cume
889 2105 18 17 la
916 2105 54 21 fiara,

718 2127 128 22 Manghiendu
853 2133 24 13 eu
884 2130 30 17 sta
916 2129 107 19 Cucchiara.

740 2168 60 19 Simai
805 2174 24 13 ne
838 2174 57 14 cascu
903 2171 71 19 malatu

740 2194 27 17 Da
775 2199 27 13 un
810 2195 86 22 pudèslà
903 2196 34 22 più
945 2197 56 22 rittu,

717 2219 37 17 Più
759 2220 64 17 nunda
831 2221 191 23 nunn’avereraghiu.

740 2244 36 22 Ma,
781 2245 77 18 almenu
863 2251 15 12 u
883 2246 39 18 miô
927 2247 95 22 appitittu;

741 2269 14 18 E
763 2270 19 18 la
788 2270 53 20 famé
849 2275 26 13 un
884 2275 43 15 sera
934 2269 58 23 àvara

740 2294 41 21 S’eo
792 2296 94 22 manghiu
894 2301 38 15 cun
939 2297 31 17 sta
977 2297 48 19 Cuc-

952 2322 70 19 chiara.

740 2358 47 23 Ogni
796 2360 54 17 tantu
857 2360 19 18 la
884 2360 93 23 fideghiu,

739 2384 30 17 Ma
776 2389 28 12 un
811 2385 20 17 la
839 2389 51 18 vegu
898 2386 38 17 mai
944 2387 57 17 tutta.

738 2409 125 22 L’averaghiu
871 2410 24 18 da
901 2410 101 19 innocchià
1005 2411 10 18 ?

717 2433 22 18 Si
746 2439 11 12 a
766 2435 98 22 guerdalla
872 2435 37 18 ella
915 2436 19 18 si
941 2436 68 22 trusta,

739 2459 26 18 Mi
772 2465 68 18 morgu
846 2460 89 19 dicendu:
941 2461 23 18 «0
972 2466 48 17 cara,

716 2484 112 23 Tiseguitu,
836 2490 11 13 a
855 2486 39 18 miô
900 2485 121 20 Cucchiara!»

739 2523 22 18 In
769 2524 89 18 rovesciu
865 2525 21 17 di
891 2525 79 18 furtuna

739 2548 60 19 Possu
804 2549 60 23 jugne
871 2555 12 13 a
891 2550 61 19 bende
959 2552 62 22 tuttu;

738 2574 56 18 Tutte
802 2574 19 18 le
826 2575 39 17 miô
873 2576 104 22 pruprietà,

738 2599 52 17 Tutti
798 2599 76 19 l’alburi
883 2600 23 18 da
914 2600 62 19 frultu
984 2606 6 13 :

739 2623 67 19 Ch’elli
813 2625 28 17 mi
849 2625 77 22 portinu
934 2626 21 17 in
961 2626 46 18 bara

715 2648 43 18 S’eo
766 2650 63 17 vendu
837 2650 19 17 la
862 2650 38 18 miô
908 2649 112 20 Cucchiara!

738 2691 22 18 Ti
767 2692 101 22 ringraziu,
876 2692 21 17 lu
904 2692 116 23 miô.affiicu,

738 2716 23 18 Di
769 2716 42 18 cusi
819 2717 52 19 bellu
882 2718 83 17 ricordù.

737 2741 131 24 Penseraghiu
873 2746 73 18 sempre
954 2743 12 17 à
972 2744 26 20 te,

738 2766 20 21 E,
767 2766 56 18 simai
831 2767 28 17 mi
866 2771 25 14 ne
905 2768 76 21 scordu,

737 2790 144 23 Guerderaghiu
889 2792 18 18 la
915 2792 39 19 miô
962 2797 42 17 cqra

737 2816 26 18 Ed
775 2816 82 18 amabile
864 2816 110 20 Cucchiara.

917 2844 81 19 Sorbu.

715 2920 131 26 Pedone
866 2921 151 26 Muvrinu

736 2969 124 19 MARGELLU
864 2979 24 3 —
895 2970 97 18 Turnemu
1005 2975 11 13 a

713 2994 61 18 invià.
781 2994 143 19 Gambiamentu
932 3000 58 17 presu
997 2996 21 18 in

713 3020 46 17 nota
764 3024 6 17 ;
778 3020 72 18 statevi
861 3024 48 14 sanu
918 3025 11 13 e
937 3021 81 22 allegru.

737 3052 81 19 L'ORSU
822 3062 21 4 —
850 3052 64 19 Calma
923 3058 10 14 e
941 3054 78 21 pacien-

713 3082 29 17 za,
751 3078 63 18 eccuti
818 3083 14 13 u
840 3079 67 17 nostru
915 3078 103 23 cunsigliu.

713 3102 59 19 Semu
782 3102 60 18 intesi
850 3103 23 22 pè
881 3108 13 12 u
902 3103 24 18 12
933 3103 84 22 Maghiu;

712 3128 24 18 vi
748 3128 117 18 scriveremu
881 3128 21 17 in
919 3128 26 18 sti
961 3130 30 17 tre
1007 3134 11 13 o

713 3153 79 22 quattru
800 3153 59 22 jorni.

737 3185 144 19 FRANCESCHI
893 3195 24 4 —
927 3187 66 18 Alzate
1007 3191 11 14 e

713 3212 61 21 spalle
781 3215 25 14 eu
814 3211 40 18 noi.

735 3244 20 18 L.
763 3245 22 17 A.
799 3253 22 4 —
832 3244 28 22 Si,
874 3244 20 18 di
908 3248 45 14 core
961 3245 11 17 è
979 3249 38 14 una

712 3270 51 17 bella
767 3273 44 14 cosa
817 3274 5 16 ;
831 3269 22 18 di
859 3269 44 18 fatti
908 3273 12 14 e
928 3269 20 18 di
956 3270 61 18 stacca

713 3295 11 17 è
733 3298 47 14 ancu
788 3294 79 22 megliu.

736 3326 128 18 FRANCHI—
877 3326 66 19 Grazie
957 3328 58 17 mille.

712 3351 27 18 Pè
745 3356 15 13 u
768 3351 96 22 prossimu
872 3355 89 14 numeru.

738 3384 129 18 GHIUVANNI
881 3384 107 18 PACCIONI
993 3393 24 4 —

712 3409 99 18 Prossimu
819 3414 82 14 numeru
905 3414 6 18 ;
926 3413 55 14 semu
987 3409 30 18 in-

713 3434 38 18 tesi
756 3438 35 18 per
797 3435 50 17 altre
855 3435 72 23 puesie.

736 3467 100 20 CARLINU
841 3477 23 4 —
869 3467 47 19 Sara
928 3467 24 22 pè
960 3471 13 13 u
980 3471 37 13 nu-

712 3496 55 14 meru
781 3492 22 18 di
818 3497 14 12 u
846 3491 52 19 31-3.
912 3491 105 19 Unn’infn-

712 3517 58 20 rïate,
778 3517 40 18 beh
824 3517 6 17 !

735 3549 131 21 CHL4.RIS0LI
869 3559 24 4 —
897 3550 74 19 Andarà
983 3553 33 16 cu-

711 3574 136 21 m’ell’andprà,

735 3606 74 21 GECCU
816 3607 102 18 SAVERIU
923 3616 22 3 —
956 3607 17 17 A
984 3606 32 18 chi

712 3631 42 18 ride
768 3624 86 26 l’uitimu
860 3632 11 17 è
879 3636 14 14 u
900 3632 34 22 più
951 3631 31 18 chi
998 3631 18 18 si

712 3660 67 20 campa
784 3656 5 18 !

734 3689 20 17 B.
763 3689 22 18 R.
790 3690 58 18 —Un
855 3689 18 19 ci
881 3689 84 19 cuntate.

1062 192 103 24 Cullana
1174 195 100 22 Storica
1285 195 28 22 di
1324 195 24 21 A
1356 195 90 25 Muvra

1114 239 25 36 A
1157 241 158 45 Cunquista
1332 241 142 39 Francese

1195 297 31 35 di
1243 309 18 23 a
1280 297 119 36 Corsica

1109 343 47 28 (Da
1165 352 32 15 un
1214 347 122 21 Giurnale
1348 347 24 21 di
1384 348 103 29 l’Epuca)

1226 399 132 29 (Seguitu)

1088 455 38 22 De
1144 459 56 19 tous
1218 464 41 15 ces
1278 458 118 28 Villages,
1411 461 17 21 il
1445 461 41 28 n’y
1498 468 31 15 en

1060 488 41 19 eut
1120 492 79 16 aucun
1214 490 69 19 autre
1299 488 132 28 d’inquiété
1446 491 83 28 qu’Ol-

1060 518 82 24 metta,
1162 518 119 27 quoiqu’il
1296 520 42 20 eut
1349 519 86 24 arboré
1452 522 79 21 Pavil-

1059 546 41 21 lon
1113 547 72 22 blanc
1193 554 5 19 ;
1213 549 63 21 celui
1289 549 31 21 de
1332 549 156 25 Valle-Caldo
1503 559 27 15 se

1060 578 88 20 trouva
1175 578 90 27 desert,
1289 580 23 21 &
1334 581 197 23 vraisemblable-

1060 609 67 19 ment
1138 607 31 21 de
1181 614 60 20 peur
1258 609 76 22 d’être
1348 612 130 27 maltraité,
1493 614 37 21 les

1060 636 90 22 Corses
1157 640 74 26 ayant
1237 639 48 21 tiré
1297 641 108 26 quantité
1415 643 30 21 de
1456 649 75 22 coups

1059 667 31 21 de
1108 667 71 23 fusils
1195 669 30 20 de
1243 675 27 16 ce
1282 670 111 29 Village;
1407 674 37 20 les
1452 676 78 20 autres

1059 703 31 15 au
1101 699 121 22 contraire
1239 702 93 26 voyant
1349 704 134 26 approcher
1494 706 36 21 les

1059 728 111 28 Troupes
1194 730 91 22 mirent
1307 732 88 22 assitôt
1420 734 110 23 Pavillon

1059 758 80 22 blanc.
1154 759 68 22 Paoli
1235 761 42 26 qui
1289 762 69 22 avoit
1365 764 71 26 passé
1449 765 22 21 la
1479 767 53 20 nuit

1059 789 60 21 dans
1132 789 98 22 Murato
1243 790 72 23 faillit
1325 791 14 22 à
1349 799 18 22 y
1378 794 52 21 être
1441 796 57 26 pris,
1509 796 22 21 &

1059 825 26 15 se
1104 825 77 16 sauva
1192 826 62 16 avec
1268 821 127 30 beaucoup
1407 825 31 21 de
1453 825 79 27 préci-

1059 850 104 27 pitation
1171 856 6 20 ;
1190 851 22 21 &
1224 852 19 21 il
1253 858 18 21 y
1282 855 40 19 eut
1334 855 117 27 quelques
1467 856 64 22 Moi-

1059 886 43 15 nes
1111 880 54 22 tués
1180 881 72 27 qu’on
1265 884 86 21 trouva
1360 885 24 21 le
1401 886 100 26 pistolet
1516 887 14 21 à

1059 911 22 20 la
1098 911 76 26 main,
1187 917 33 16 on
1231 911 68 23 n’eut
1316 914 59 22 dans
1387 917 63 20 cette
1462 917 69 26 jour-

1059 940 45 22 née
1116 941 74 27 qu’un
1200 941 103 24 Officier
1314 944 143 29 d’Eptingen
1466 947 64 22 Suis-

1059 977 26 15 se
1092 971 41 22 tué
1141 973 25 20 et
1173 978 32 15 un
1215 972 80 23 bléssé
1304 975 32 20 du
1342 975 128 28 Régiment
1474 978 55 21 d’A-

1058 1002 118 27 quitaine,
1190 1009 61 15 avec
1262 1010 33 15 un
1301 1007 68 20 autre
1381 1012 48 16 aux
1438 1007 92 23 Volon-

1058 1032 86 26 taires,-
1160 1032 23 21 &
1195 1034 105 22 environ
1319 1042 29 21 30
1363 1036 97 23 Soldats
1476 1039 53 22 tués

1059 1068 32 15 ou
1102 1062 93 22 blessés
1205 1070 6 20 ;
1222 1064 63 21 mais
1294 1065 37 22 les
1347 1065 147 25 Grenadiers
1503 1070 25 21 ni

1058 1093 36 21 les
1111 1092 126 24 Colonnes
1249 1101 31 15 ne
1300 1097 125 26 perdirent
1435 1105 42 20 pas
1495 1107 34 14 un

1058 1125 52 21 seul
1122 1125 109 21 homme.
1240 1125 34 22 M.
1288 1127 31 20 de
1331 1127 123 24 Marboeuf
1461 1131 69 22 avoit

1058 1155 98 22 marché
1174 1162 43 15 sur
1233 1156 89 28 Borgo,
1335 1158 42 27 qui
1397 1165 31 15 ne
1444 1160 85 23 résista

1057 1185 78 28 point,
1149 1185 23 22 &
1180 1186 37 21 fut
1227 1186 73 22 traité
1315 1188 59 21 delà
1387 1190 80 21 même
1478 1197 52 16 ma-

1059 1217 67 21 niéré
1152 1216 167 28 qu'Olmetta;
1346 1224 32 16 on
1398 1225 17 22 y
1442 1223 86 20 trouva

1056 1247 62 21 trois
1129 1247 83 26 pièces
1224 1248 31 21 de
1265 1248 86 22 Canon
1362 1255 47 22 que
1420 1251 36 22 les
1468 1252 61 22 Cor-

1057 1283 39 15 ses
1107 1277 102 22 avoient
1219 1278 118 22 enterrés.
1346 1279 72 22 Cette
1427 1283 102 25 premiè-

1056 1313 26 15 re
1097 1307 104 27 journée
1221 1310 70 25 porta
1302 1310 126 22 tellement
1440 1313 23 20 la
1481 1314 48 20 ter-

1056 1342 56 17 reur
1134 1338 78 27 parmi
1239 1344 55 21 eux,
1321 1339 72 27 qu’ils
1418 1341 111 29 fuyoient

1056 1373 95 17 comme
1162 1368 44 22 des
1224 1371 124 25 moutons,
1361 1371 22 21 &
1397 1372 73 27 qu’on
1486 1379 43 16 au-

1056 1399 49 21 roit
1128 1404 89 17 encore
1241 1406 33 21 pu
1296 1401 105 26 prendre
1424 1406 68 24 poste
1514 1404 14 22 à

1056 1429 81 26 Lento,
1151 1430 21 21 si
1185 1435 32 16 on
1230 1430 41 21 eût
1285 1430 74 22 laissé
1376 1432 37 21 les
1432 1433 95 23 Soldats

1055 1460 99 22 maîtres
1172 1460 31 22 de
1222 1461 37 21 les
1278 1462 154 26 poursuivre.
1452 1464 75 23 Lento

1055 1493 38 19 est
1111 1497 49 15 une
1179 1496 79 23 gorge
1275 1491 201 25 très-essentielle
1486 1497 40 26 qui

1055 1521 101 22 conduit
1166 1520 14 22 à
1192 1521 83 22 Corte.
1286 1522 63 22 Mais
1360 1522 14 22 à
1385 1525 73 26 peine
1465 1525 62 23 l’Ar-

1054 1551 54 22 mée
1127 1551 38 22 fut
1183 1551 98 22 arrivée
1300 1558 43 16 sur
1361 1554 35 22 les
1414 1555 113 23 hauteurs

1055 1588 60 21 pour
1124 1588 18 22 y
1153 1588 106 22 camper,
1281 1583 75 27 qu’on
1375 1586 39 22 vit
1432 1588 71 21 venir
1514 1588 13 21 à

1055 1612 47 22 San
1114 1613 102 22 Nicolao
1227 1614 37 21 les
1277 1613 109 29 Députés
1398 1617 31 21 de
1440 1623 28 16 ce
1475 1618 52 28 fi-

1054 1644 53 27 lage
1119 1649 61 16 avec
1191 1650 33 16 un
1236 1645 63 27 petit
1311 1645 112 28 Drapeau
1440 1648 70 22 blanc
1518 1657 7 19 ;

1054 1674 30 21 ils
1094 1674 167 23 traversèrent
1270 1677 70 20 toute
1351 1676 107 24 l’Armée
1465 1685 62 21 pour

1053 1705 72 22 venir
1135 1705 61 22 faire
1207 1707 54 21 leur
1272 1708 148 23 soumission
1433 1709 13 24 à
1454 1710 33 24 M.
1495 1711 31 21 de

1054 1735 80 22 Vaux.
1159 1736 35 21 M.
1218 1736 86 24 Simon
1330 1738 144 25 Lieutenant
1494 1742 31 21 de

1055 1766 113 28 Dragons
1180 1767 31 21 de
1222 1767 24 23 la
1257 1767 95 28 Légion
1365 1769 31 22 de
1413 1770 110 28 Soubise,

1053 1796 23 23 &
1086 1803 51 16 non
1150 1797 34 22 M.
1197 1797 130 28 Fermond,
1348 1799 127 29 Capitaine
1494 1803 31 21 de

1054 1827 114 28 Dragons
1191 1828 61 22 dans
1271 1830 62 21 celle
1353 1831 30 21 de
1402 1832 121 27 Lorraine,

1053 1863 46 22 que
1109 1861 57 25 trop
1177 1858 114 23 d’ardeur
1300 1861 70 22 avoit
1380 1861 45 22 fait
1443 1869 83 21 passer

1052 1889 24 21 le
1088 1888 67 23 Golo
1166 1888 14 22 à
1191 1890 23 21 la
1227 1896 63 22 nage
1301 1897 64 21 pour
1381 1893 61 22 aller
1459 1894 66 22 cher-

1053 1919 58 23 cher
1124 1919 40 22 180
1176 1920 90 22 Corses
1279 1922 41 27 qui
1330 1921 93 24 étaient
1431 1924 30 21 de
1468 1924 55 22 l’au-

1052 1952 37 20 tre
1100 1950 65 27 côté,
1178 1950 38 23 fut
1233 1951 42 22 tué
1286 1952 34 21 du
1333 1953 56 22 côté
1405 1954 31 22 de
1448 1955 33 21 M.
1494 1956 31 21 de

1052 1981 130 26 Marboeuf,
1196 1987 61 17 avec
1268 1983 62 22 trois
1342 1983 14 22 à
1367 1986 85 26 quatre
1463 1986 62 22 Dra-

1052 2017 70 22 gons,
1135 2012 24 21 &
1170 2012 19 22 il
1199 2019 18 21 y
1229 2013 41 21 eût
1280 2014 117 27 quelques
1415 2016 110 23 chevaux

1051 2042 100 22 blessés.
1173 2042 35 22 M.
1234 2043 156 23 d’Arcambal
1411 2052 71 21 passa
1500 2048 24 21 le

1050 2073 139 22 lendemain
1208 2080 43 15 sur
1270 2075 37 21 les
1324 2075 121 23 derrières
1463 2084 62 21 pour

1050 2103 124 22 désarmer
1184 2106 57 19 tous
1251 2105 37 21 les
1301 2105 120 28 Villages,
1431 2108 50 26 pris
1491 2114 33 16 ou

1050 2135 98 25 rendus,
1161 2140 27 15 ce
1197 2135 43 27 qui
1249 2137 111 25 emporte
1367 2138 55 20 tout
1429 2138 24 20 le
1460 2138 64 22 Neb^

1050 2164 50 26 bio,
1114 2170 45 21 par
1169 2164 33 22 où
1212 2165 20 21 il
1242 2170 32 16 va
1284 2171 19 22 y
1314 2167 70 21 avoir
1394 2173 48 16 une
1459 2174 65 16 com-

1050 2195 152 21 munication
1212 2195 63 22 libre
1289 2197 71 21 entre
1369 2198 24 20 la
1406 2198 82 22 Bastia
1501 2199 23 22 &

1049 2224 118 26 l’A,r-mée.
1177 2224 106 25 Rostino
1295 2226 59 22 s’est
1364 2229 101 26 soumis,
1473 2230 51 22 ain-

1050 2256 21 21 si
1084 2262 32 16 on
1128 2261 32 17 ne
1170 2256 96 22 tardera
1278 2263 45 21 pas
1334 2264 43 21 par
1388 2264 28 16 ce
1434 2265 88 24 moyen

1050 2286 75 22 d’être
1135 2286 87 24 maître
1235 2287 30 22 de
1278 2287 103 22 Casinca
1390 2295 6 19 ;
1415 2289 23 22 &
1447 2290 19 21 il
1482 2297 40 22 pa-

1050 2317 48 22 roit
1109 2322 48 22 que
1169 2316 34 22 M.
1214 2317 31 21 de
1257 2317 124 24 Marboeuf
1390 2325 53 17 sera
1454 2320 69 22 char-

1050 2346 31 28 gé
1092 2347 31 21 de
1134 2349 64 20 cette
1209 2347 155 27 expédition.

1077 2378 32 21 Le
1122 2377 88 22 Comte
1222 2378 31 21 de
1261 2378 132 23 Narbonne
1404 2381 41 27 qui
1455 2382 68 22 avoit

1049 2407 99 23 marché
1160 2408 32 21 du
1209 2408 55 22 côté
1284 2408 134 29 d’Ajaccio,
1436 2412 86 22 s’étant

1050 2438 53 28 déjà
1114 2438 78 22 rendu
1202 2439 88 22 maître
1299 2439 111 29 d’Allata,
1422 2442 57 22 s’est
1488 2449 34 16 vu

1049 2470 59 21 dans
1119 2470 22 21 la
1154 2469 122 22 nécessité
1287 2470 32 21 de
1326 2473 100 21 revenir
1434 2479 41 16 sur
1481 2479 40 17 ses

1048 2506 52 21 pas.
1113 2501 23 20 A
1151 2506 97 15 mesure
1268 2500 59 27 qu’il
1347 2504 121 27 avançoit,
1488 2510 32 16 on

1048 2531 55 21 vint
1113 2530 36 22 lui
1162 2530 96 22 donner
1269 2531 54 21 avis
1335 2537 46 22 que
1399 2534 37 21 les
1452 2534 70 23 habi-

1047 2563 54 20 tans
1113 2561 102 22 avoient
1223 2561 79 27 repris
1311 2562 35 21 les
1355 2569 87 21 armes,
1451 2565 22 21 &
1480 2565 40 22 tué

1048 2598 33 15 un
1093 2591 144 22 Lieutenant
1245 2590 23 22 &
1281 2598 26 15 12
1315 2592 112 24 hommes
1439 2595 56 27 qu’il
1503 2602 18 21 y

1047 2623 69 21 avoit
1126 2621 75 22 laissé
1212 2628 31 15 en
1259 2624 124 26 garnison.
1405 2625 21 21 Il
1436 2632 31 17 ne
1484 2627 35 21 lui

1048 2653 35 21 fut
1102 2658 46 22 pas
1169 2652 101 24 difficile
1291 2654 30 21 de
1340 2656 131 25 reprendre
1491 2662 28 16 ce

1047 2685 70 26 poste
1126 2689 6 20 ;
1144 2683 63 22 mais
1219 2683 19 21 il
1249 2683 33 22 Ta
1293 2683 44 24 fait
1348 2685 82 22 briller
1437 2685 22 26 &
1468 2693 52 21 pas-r

1047 2720 40 15 ser
1097 2719 31 16 au
1145 2713 27 22 fil
1189 2713 30 22 de
1231 2713 78 28 l’épée
1320 2716 53 23 tout
1385 2721 27 16 ce
1432 2717 40 26 qui
1483 2717 38 28 s’y

1048 2746 37 20 est
1095 2749 90 20 enepre
1196 2743 98 28 trouvé,
1307 2745 22 21 &
1340 2746 19 21 il
1378 2746 140 25 continuera

1047 2774 54 22 d’en
1117 2775 55 27 agir-
1190 2774 63 21 ainsi
1266 2780 30 16 en
1314 2776 162 26 poursuivant
1492 2784 27 15 sa

1046 2805 97 21 marche
1156 2810 42 16 sur
1208 2804 84 22 Corte.
1307 2804 72 25 Voilà
1400 2812 28 18 ce
1446 2808 72 26 qu’on

1047 2835 61 25 écrit
1118 2841 32 15 au
1161 2835 65 26 sujet
1237 2835 31 22 de
1280 2835 36 21 M.
1329 2836 31 24 de
1377 2830 139 35 Narbo~nne,

1046 2865 22 25 &
1076 2864 73 29 qu’on
1159 2871 13 15 a
1180 2870 57 23 reçu
1247 2865 31 21 ici
1288 2872 44 21 par
1339 2867 23 21 la
1370 2872 66 23 voye
1444 2868 75 24 d’An-

1046 2895 63 22 tibes
1120 2902 6 19 ;
1147 2895 61 22 mais
1223 2895 68 24 voiçi
1317 2902 27 16 ce
1368 2902 47 21 que
1434 2897 48 23 l’on
1504 2906 14 15 a

1046 2925 86 24 mandé
1144 2925 31 22 de
1187 2925 98 24 Toulon
1296 2933 31 15 au
1338 2927 64 29 sujet
1413 2927 31 22 de
1455 2931 63 23 cette

1046 2956 82 22 affaire
1137 2956 159 27 particulière
1309 2963 31 16 en
1352 2957 56 22 date
1419 2958 31 22 du
1462 2965 21 20 4.
1496 2959 22 23 Il

1046 2986 81 22 arriva
1137 2985 57 23 hier
1204 2992 34 15 un
1250 2986 90 24 Bâteau
1356 2987 30 22 de
1397 2990 70 24 poste
1476 2995 42 17 ve-

1046 3018 58 21 nant
1115 3017 30 22 de
1158 3016 77 22 Corse
1245 3023 6 19 ;
1264 3017 43 21 des
1321 3017 92 23 Lettres
1433 3019 57 27 qu’il
1503 3026 14 17 a

1045 3046 130 29 apportées
1183 3047 82 22 disent
1274 3053 47 23 que
1330 3048 34 22 M.
1372 3049 31 21 de
1411 3048 106 24 Narbon-

1045 3084 31 15 ne
1087 3078 70 22 avoit
1175 3077 99 30 envoyé
1285 3078 61 22 dans
1365 3084 33 16 un
1420 3078 96 30 Village

1044 3108 55 28 près
1108 3107 126 28 d’Ajaccio
1242 3107 31 28 (&
1281 3108 91 23 Allata
1380 3110 38 20 est
1427 3109 23 22 le
1455 3111 61 27 plus,

1044 3137 94 29 voisin)
1150 3144 34 15 un
1196 3137 169 23 détachement
1376 3139 30 21 de
1424 3138 93 25 Volon-

1044 3169 73 22 taires
1129 3167 91 23 Corses
1231 3173 64 22 pour
1312 3170 24 21 le
1352 3170 162 22 reconnoître.

1045 3199 102 22 Comme
1156 3199 30 21 ils
1195 3204 31 16 en
1235 3204 76 22 appro
1314 3199 106 25 choient,
1429 3200 35 22 les
1473 3207 44 16 en-

1043 3230 81 21 nemis
1132 3228 97 23 montés
1238 3234 42 16 sur
1287 3229 37 22 les
1331 3229 124 23 murailles
1464 3232 52 21 leur

1043 3260 73 22 firent
1127 3260 44 21 des
1182 3258 203 23 démonstrations
1397 3266 93 17 comme
1501 3261 15 23 à

1044 3291 42 21 des
1098 3290 186 27 compatriotes,
1297 3290 60 21 dans
1374 3290 25 20 le
1418 3291 96 22 dessein

1043 3321 31 21 de
1089 3322 37 20 les
1144 3320 134 27 persuader
1292 3320 72 27 qu’ils
1379 3322 137 25 pouvoient

1043 3351 73 21 venir
1132 3356 33 15 en
1181 3352 69 19 toute
1261 3355 130 17 assurance
1400 3356 7 20 ;
1420 3350 23 21 &
1460 3352 56 22 leur

1043 3380 169 29 présentèrent
1222 3381 36 22 les
1270 3385 81 20 arçnes
1358 3380 23 22 la
1390 3386 81 18 crosse
1481 3382 32 21 du

1043 3411 57 23 fusil
1110 3411 82 24 haute.
1205 3410 45 25 Les
1260 3411 153 22 volontaires
1425 3418 30 15 ne
1464 3418 50 16 cru-

1043 3443 53 21 rent
1108 3447 44 22 pas
1164 3441 88 22 devoir
1263 3447 27 15 se
1301 3440 75 22 défier
1387 3441 79 27 d'eux,
1483 3443 30 21 ils

1043 3472 124 22 entrèrent
1177 3472 62 21 dans
1249 3473 24 20 le
1285 3471 97 27 Village
1391 3479 7 19 ;
1411 3478 33 15 on
1459 3473 55 21 vint

1043 3503 35 21 les
1098 3502 137 22 embrasser
1252 3501 23 22 &
1293 3503 54 21 leur
1365 3501 94 24 donner
1476 3504 37 20 les

1043 3538 111 24 marques
1162 3533 36 22 les
1206 3533 55 26 plus
1271 3531 119 23 sensibles
1398 3532 113 27 d’amitié,

1043 3569 31 17 en
1085 3563 81 21 criant
1175 3562 68 22 Vive
1253 3563 25 21 le
1294 3561 48 23 Roi
1363 3562 30 21 de
1404 3562 88 23 France
1505 3564 6 19 !

1043 3593 62 22 Rien
1128 3593 32 21 de
1181 3593 56 26 plus
1259 3592 87 22 flateur
1366 3598 64 20 pour
1447 3598 48 17 eux
1505 3599 6 19 ;

1043 3624 58 21 mais
1111 3623 19 21 il
1137 3625 73 24 parut
1217 3622 107 22 bien-tôt
1332 3621 70 27 après
1410 3622 102 22 d’autres

1043 3653 89 23 Corses
1143 3653 42 27 qui
1197 3652 95 22 étoient
1303 3650 86 23 cachés
1400 3652 60 22 dans
1476 3653 36 21 les

1043 3684 117 25 maisons,
1184 3683 23 21 &
1230 3683 41 27 qui
1293 3683 37 20 les
1353 3682 158 27 attaquèrent.

1556 197 92 29 Malgré
1668 199 22 20 la
1703 198 117 27 surprise,
1834 197 31 22 ils
1883 204 26 16 se
1923 198 112 23 défendi-

1555 231 55 20 rent
1617 229 228 27 vigoureusement,
1857 235 30 15 en
1896 229 98 22 tachant
2003 229 31 21 de

1556 265 26 15 se
1592 260 61 21 tirer
1665 259 30 22 de
1704 260 65 21 leurs
1781 259 80 22 mains
1873 259 23 21 &
1909 260 126 27 perdirent

1555 291 106 21 environ
1673 292 80 20 trente
1761 289 121 23 hommes.
1893 290 34 22 M.
1936 291 30 21 de
1974 290 61 22 Nar-

1556 320 82 22 bonne
1649 327 31 15 ne
1692 320 69 22 tarda
1778 326 43 21 pas
1840 320 75 22 d’être
1937 320 102 22 instruit

1556 350 31 22 de
1598 356 28 16 ce
1638 351 41 27 qui
1692 350 87 22 venoit
1790 350 127 26 d'arriver,
1929 351 18 22 il
1958 351 28 22 fit
1994 356 41 16 sur

1557 381 22 20 le
1591 380 86 28 champ
1687 381 112 22 marcher
1808 381 106 21 d'autres
1923 381 110 27 Troupes

1557 417 41 15 sur
1610 417 28 15 ce
1651 411 107 29 Village,
1768 412 22 21 &
1801 418 31 15 en
1845 412 109 22 arrivant
1965 418 33 15 on
2011 412 23 21 le

1556 443 88 20 trouva
1656 441 163 23 abbandonné
1826 448 5 20 ;
1845 443 36 21 les
1894 442 91 22 Corses
1994 448 40 22 ga-

1556 472 107 27 gnèrent
1672 479 62 15 avec
1741 472 175 28 précipitation
1924 479 33 16 un
1967 475 67 19 autre

1558 502 107 28 Village.

1585 532 31 22 Le
1629 532 133 29 Régiment
1774 533 125 28 Dauphin,
1921 534 114 27 ajoute-t-

1557 569 41 20 on,
1607 569 45 21 par
1669 563 107 22 d'autres
1789 564 94 21 Lettres
1896 564 30 21 de
1938 563 96 23 Toulon

1558 593 31 21 du
1601 598 14 21 4
1635 595 67 26 reçut
1726 594 72 21 ordre
1818 595 24 20 le
1862 599 28 21 24
1909 594 74 22 Avril
2002 594 32 21 de

1558 623 166 27 s’embarquer
1740 624 23 21 le
1781 624 80 27 plutôt
1879 624 61 27 qu'il
1958 624 77 22 seroit

1558 653 110 28 possible
1676 659 5 20 ;
1695 653 22 22 &
1730 654 18 21 il
1759 660 27 15 se
1806 655 80 21 seroit
1903 654 132 28 embarqué

1558 683 43 22 dès
1612 684 24 21 le
1647 684 150 26 lendemain,
1812 684 21 22 si
1845 685 37 21 les
1894 686 73 20 vents
1980 691 55 15 eus-

1558 715 54 20 sent
1624 713 38 23 été
1673 714 139 22 favorables
1822 721 6 19 ;
1838 715 63 21 mais
1910 715 31 21 ils
1953 715 82 22 furent

1558 746 181 21 constamment
1745 746 136 21 contraires
1887 746 110 27 jusqu’au
2006 752 28 22 29

1558 781 42 15 sur
1608 776 37 20 les
1660 781 25 15 10
1697 775 91 22 heures
1797 776 33 20 du
1838 776 87 21 matin.
1935 776 99 22 L’ordre

1558 805 36 21 fut
1600 805 105 22 aussitôt
1713 805 81 22 donné
1803 812 64 22 pour
1874 806 160 28 l’embarque-

1557 837 69 20 ment
1636 842 6 19 ;
1655 841 32 16 on
1699 837 120 21 assembla
1829 837 37 21 les
1875 836 97 22 Soldats
1981 837 52 27 qui,

1557 871 32 16 ne
1600 865 38 29 s’y
1649 866 127 21 attendant
1786 872 52 21 pas,
1852 872 27 16 se
1890 868 144 21 trouvoient

1557 896 131 27 dispersés,
1707 896 24 21 &
1750 897 134 26 plusieurs,
1907 903 93 16 comme
2015 898 19 21 il

1558 928 37 20 est
1605 926 68 22 assés
1684 927 135 25 ordinaire,
1833 927 60 22 dans
1910 928 36 21 les
1966 928 67 21 caba-

1557 959 50 19 rets
1620 959 24 19 et
1655 957 43 21 des
1710 957 136 27 bouchons,
1860 957 33 22 où
1906 958 127 27 quelques-

1557 993 46 16 uns
1624 986 95 23 étoient
1738 988 81 21 même
1837 987 55 28 déjà
1912 987 74 24 lestés
2001 989 31 20 de

1556 1018 53 21 vin.
1631 1016 153 23 Néanmoins
1800 1018 24 21 le
1845 1017 133 29 Régiment
1996 1018 38 22 fut

1557 1047 119 22 assemblé
1696 1054 58 15 vers
1765 1049 37 20 les
1814 1054 13 15 2
1839 1048 89 22 heures
1948 1054 41 16 sur
2008 1049 24 21 le

1557 1079 88 27 champ
1658 1078 31 21 de
1700 1078 102 22 Bataille
1814 1084 32 16 en
1857 1079 93 27 grande
1964 1084 69 22 para-

1556 1109 39 26 de,
1604 1109 23 21 &
1638 1109 61 21 dans
1710 1109 24 21 le
1742 1108 113 22 meilleur
1863 1109 50 22 état
1922 1109 32 21 du
1962 1115 71 16 mon-

1556 1139 31 21 de
1598 1138 14 22 à
1623 1141 53 19 tous
1689 1138 96 28 égards.
1808 1139 31 21 Le
1858 1139 175 22 Commissaire

1555 1170 24 21 le
1599 1175 71 21 passa
1690 1175 31 15 en
1742 1175 84 19 revue,
1839 1169 23 21 &
1882 1169 15 22 à
1914 1177 14 20 3
1943 1169 89 23 heures

1555 1199 116 28 précises,
1679 1205 33 16 on
1719 1201 83 20 monta
1814 1205 42 16 sur
1863 1201 36 20 les
1907 1200 125 22 Bâtimens

1556 1230 31 21 de
1596 1231 133 26 transport,
1743 1235 31 16 en
1785 1230 78 21 criant
1870 1230 69 21 mille
1947 1230 23 21 &
1978 1231 55 21 mil-

1555 1260 24 21 le
1590 1260 58 25 fois,
1667 1260 60 21 Vive
1740 1259 23 22 le
1773 1260 58 25 Roi,
1849 1260 59 21 Vive
1919 1260 113 22 Monsei-

1552 1296 86 23 gneur
1650 1289 22 22 le
1683 1290 128 27 Dauphin
1819 1297 11 20 ;
1839 1290 88 27 jamais
1944 1297 31 15 on
1992 1291 40 21 n’a

1554 1323 53 19 tant
1618 1320 100 27 marqué
1730 1321 31 21 de
1770 1321 60 26 joie,
1852 1323 52 19 tant
1915 1321 31 21 de
1960 1322 72 21 satis-

1555 1351 101 26 faction,
1665 1352 52 20 tant
1725 1351 31 21 de
1767 1350 121 22 véritable
1896 1350 135 23 émulation

1554 1381 14 22 à
1577 1381 62 22 faire
1649 1382 23 21 la
1682 1385 99 24 guerre.
1790 1381 45 22 Les
1847 1381 103 23 Navires
1959 1383 73 21 sorti-

1554 1414 57 20 rent
1622 1413 33 20 du
1666 1412 60 22 Port
1737 1418 31 16 au
1779 1412 87 22 milieu
1885 1413 30 21 de
1934 1419 40 16 ces
1992 1419 39 16 ac-

1555 1443 145 22 clamations
1711 1449 6 20 ;
1738 1442 108 22 bien-tôt
1866 1443 71 27 après
1957 1444 31 21 de
2007 1445 23 20 la

1554 1473 77 26 Rade,
1643 1473 24 22 &
1676 1473 138 28 gagnèrent
1833 1474 24 21 la
1875 1474 83 27 pleine
1976 1481 55 15 mer

1554 1510 61 16 avec
1635 1505 25 20 le
1679 1506 63 19 vent
1760 1505 25 20 le
1795 1505 56 26 plus
1863 1504 132 22 favorable.
2008 1505 21 22 Il

1554 1535 60 21 dura
1620 1534 113 27 jusqu'au
1742 1534 140 22 lendemain
1894 1534 13 22 à
1916 1540 15 20 4
1941 1535 88 22 heures

1553 1565 34 21 du
1605 1565 87 25 matin,
1706 1570 47 21 que
1772 1565 24 21 le
1814 1564 98 23 Convoi
1926 1571 26 16 se
1963 1567 66 20 trou-

1553 1597 61 20 vant
1625 1594 13 23 à
1652 1594 25 22 18
1684 1595 78 22 lieues
1771 1595 30 22 de
1809 1595 97 22 Toulon
1913 1596 19 21 il
1942 1596 87 23 devint

1553 1626 122 23 contraire
1687 1625 87 23 s’étant
1784 1626 94 28 changé
1887 1626 14 22 à
1911 1627 66 22 l’Est.
1987 1627 42 23 On

1552 1664 18 22 y
1577 1657 88 22 résista
1670 1656 97 29 jusqu’à
1778 1663 25 15 10
1812 1657 97 26 heures,
1916 1657 113 28 espérant

1553 1688 58 27 qu'il
1622 1687 155 22 reviendroit
1787 1687 14 22 à
1812 1687 97 22 l’Ouest
1917 1695 6 19 ;
1936 1688 63 22 mais
2010 1689 18 21 il

1552 1725 32 15 ne
1603 1719 29 21 fit
1649 1724 48 22 que
1716 1724 29 16 se
1763 1718 134 27 renforcer,
1910 1719 24 21 &
1947 1725 33 16 on
1991 1720 38 21 fut

1552 1749 85 28 obligé
1657 1749 85 22 d’aller
1763 1749 111 22 relâcher
1897 1756 48 16 aux
1966 1750 61 22 Isles

1552 1780 122 25 d’Hières,
1683 1779 33 22 où
1724 1780 24 21 le
1758 1779 98 22 Convoi
1868 1782 65 20 resta
1941 1781 87 22 durant

1552 1816 28 21 40
1590 1810 98 22 heures.
1699 1810 101 29 Voyant
1808 1811 66 21 enfin
1887 1811 59 28 qu'il
1952 1811 76 23 s’obs-

1552 1841 74 22 tinoit
1636 1840 14 22 à
1663 1842 50 20 être
1734 1841 132 26 contraire,
1885 1847 33 16 on
1935 1842 50 27 prit
2003 1843 24 21 le

1552 1872 62 27 parti
1626 1871 31 21 de
1668 1873 129 20 retourner
1809 1870 13 22 à
1834 1871 96 22 Toulon
1941 1878 62 21 pour
2009 1879 19 22 y

1552 1902 87 22 refaire
1650 1902 37 21 les
1699 1902 142 27 provisions
1852 1908 6 19 ;
1874 1908 32 16 on
1916 1908 19 22 y
1946 1903 81 21 arriva

1552 1934 23 20 le
1585 1939 15 15 2
1611 1932 70 26 midi,
1696 1932 23 21 &
1734 1938 33 16 on
1780 1938 18 23 y
1818 1932 62 22 étoit
1898 1939 89 17 encore
2001 1936 25 20 le

1552 1963 76 22 mardi
1639 1968 15 21 4
1665 1968 64 22 pour
1740 1963 111 22 attendre
1861 1964 24 21 le
1902 1966 69 20 vent.
1985 1965 41 21 Au

1552 1996 83 20 retour
1647 1994 31 21 de
1697 1995 64 20 cette
1772 1994 77 27 petite
1864 2000 94 21 course,
1971 1997 55 20 tous

1552 2030 61 16 ceux
1625 2024 42 27 qui
1678 2024 106 21 avoient
1793 2030 35 15 vu
1843 2025 147 28 embarquer
2002 2027 25 20 le

1552 2054 131 28 Régiment
1695 2054 126 27 Dauphin,
1834 2054 70 22 n’ont
1915 2056 69 21 cessé
1995 2057 31 20 de

1552 2085 52 21 dire
1616 2084 73 28 qu’ils
1701 2084 56 22 n'en
1765 2085 102 21 avoient
1874 2086 73 26 point
1955 2092 72 16 enco-

1552 2121 25 15 re
1595 2121 35 15 vu
1653 2120 80 16 aucun
1754 2114 143 29 témoigner
1917 2118 54 21 tant
1994 2117 32 21 de

1552 2145 81 21 bonne
1655 2144 103 23 volonté
1781 2152 30 15 en
1837 2146 187 29 s’embarquant.

1552 2175 66 22 C'est
1636 2181 48 16 une
1702 2181 100 22 marque
1822 2176 32 22 de
1872 2176 154 29 l’empresse-

1552 2208 65 21 ment
1628 2206 74 27 qu'on
1713 2212 15 15 a
1740 2206 31 22 de
1781 2206 61 23 faire
1854 2208 24 21 là
1891 2213 98 22 guerre,
2002 2209 24 22 &

1552 2242 31 16 un
1608 2242 93 22 augure
1726 2236 58 23 bien
1811 2236 127 24 favorable
1962 2245 64 22 pour

1552 2267 92 27 ajouter
1652 2267 31 22 de
1692 2273 132 17 nouveaux
1830 2269 103 22 lauriers
1942 2269 13 22 à
1963 2276 63 16 ceux

1552 2303 44 22 que
1608 2303 28 16 ce
1647 2297 135 29 Régiment
1792 2304 14 16 a
1819 2299 97 22 cueillis
1929 2306 30 16 en
1974 2303 51 20 tant

1552 2328 167 22 d’occasions..

1577 2362 18 19 L
1601 2362 88 24 argent
1700 2364 43 22 qui
1755 2365 12 15 s
1776 2362 37 19 est
1823 2362 89 20 trouve
1924 2362 60 21 dans
1998 2363 24 20 le

1549 2390 62 26 petit
1618 2389 126 21 Bâtiment
1754 2390 51 26 pris
1817 2396 49 16 aux
1877 2390 92 23 Corses
1980 2398 44 21 par

1547 2420 37 21 les
1596 2419 104 22 Patrons
1711 2419 98 23 Salomé
1817 2420 23 22 &
1850 2420 95 27 Coutel,
1955 2422 69 23 char-

1548 2449 31 28 gé
1598 2450 31 22 de
1648 2450 105 27 poudre,
1773 2450 86 27 balles,
1882 2453 102 26 boulets,
2000 2453 23 22 &

1548 2481 93 26 pierres
1651 2479 14 23 à
1672 2480 81 26 fusils,
1764 2480 63 23 étoit
1835 2482 31 21 de
1874 2483 24 20 la
1905 2484 117 23 monnoie

1547 2511 31 21 de
1586 2510 75 23 Paoli.
1664 2510 127 29 Quelques
1795 2511 70 27 jours
1872 2517 151 24 auparavant

1547 2548 33 15 un
1591 2542 31 21 de
1634 2547 40 16 ses
1689 2541 129 25 Corsaires
1837 2543 56 22 vint
1912 2545 111 27 attaquer

1547 2578 34 16 un
1600 2572 125 24 Bâtiment
1744 2572 14 22 à
1778 2573 63 22 bord
1861 2574 91 27 duquel
1968 2576 19 21 il
2004 2583 19 21 y

1547 2603 66 22 avoit
1625 2603 119 27 quelques
1761 2603 112 28 Troupes
1890 2605 30 21 de
1937 2606 23 22 la
1981 2606 40 22 Lé-

1546 2633 58 28 gion
1617 2633 30 21 de
1660 2633 124 27 Lorraine,
1804 2634 64 23 mais
1884 2635 52 23 s’en
1956 2635 66 23 étant

1545 2663 124 28 approché
1679 2669 65 23 pour
1755 2671 31 15 en
1797 2665 74 21 venir
1881 2664 15 23 à
1906 2665 116 24 l’aborda-

1545 2700 40 22 ge,
1597 2696 93 27 voyant
1701 2696 55 20 tout
1766 2696 24 20 le
1801 2696 91 22 monde
1907 2697 24 22 le
1950 2697 71 22 sabre

1545 2724 14 22 à
1565 2725 24 21 la
1597 2725 74 26 main,
1681 2725 20 21 il
1709 2724 69 23 n’osa
1786 2727 82 22 tenter
1875 2726 144 28 l’aventure,

1545 2754 22 22 &
1578 2756 84 21 revira
1672 2756 109 23 bien-tôt
1791 2756 31 22 de
1833 2757 64 21 bord
1906 2764 6 19 ;
1924 2758 18 21 il
1952 2764 19 23 y
1979 2761 42 19 eut

1545 2786 137 27 cependant
1693 2792 33 15 un
1739 2785 104 23 Officier
1858 2787 30 22 de
1907 2787 113 30 Dragons

1544 2815 82 23 blessé
1638 2816 61 21 dans
1710 2818 65 21 cette
1787 2818 124 21 occasion.
1921 2818 22 22 Il
1952 2825 69 15 man-

1545 2852 47 22 que
1604 2846 113 27 toujours
1730 2847 66 21 deux
1808 2846 167 30 Compagnies
1988 2850 32 21 de

1546 2878 61 20 cette
1626 2876 93 28 Légion
1739 2877 59 22 dont
1809 2882 32 19 on
1853 2877 39 22 n’a
1903 2879 72 26 point
1989 2880 31 21 de

1544 2907 135 23 nouvelles.

1571 2937 27 22 P.
1609 2937 25 22 S.
1648 2937 42 23 On
1703 2939 71 20 vient
1792 2939 32 20 de
1842 2940 115 22 recevoir
1976 2941 44 21 des

1543 2966 133 23 Nouvelles
1689 2968 34 21 du
1735 2974 13 22 9
1760 2974 31 15 au
1802 2969 53 21 soir
1866 2969 19 22 il
1895 2975 18 23 y
1922 2976 15 15 a
1948 2976 31 16 eu
1988 2971 31 21 de

1543 2998 70 22 vives
1625 2999 111 26 attaques
1747 2999 24 20 le
1782 2997 14 22 8
1808 2999 61 22 dans
1888 3001 131 26 lesquelles

1544 3033 32 17 on
1587 3034 13 15 a
1615 3028 127 27 remporté
1761 3034 43 16 sur
1822 3030 38 21 les
1875 3030 92 22 Corses
1978 3037 41 16 au-

1542 3060 53 20 tant
1605 3058 157 28 d’avantages
1771 3058 74 28 qu’on
1854 3061 105 26 pouvoit
1968 3061 50 22 s'en

1543 3090 133 25 promettre
1697 3094 31 16 eu
1748 3089 75 27 égard
1834 3089 14 22 à
1858 3091 24 21 la
1903 3091 115 23 situation

1543 3119 44 21 des
1597 3119 81 25 lieux;
1701 3120 38 20 les
1757 3119 91 23 Corses
1860 3123 44 20 ont
1922 3128 30 15 eu
1962 3123 56 26 plus

1542 3150 31 21 de
1585 3155 42 21 700
1638 3149 113 22 hommes
1763 3150 55 22 tués
1830 3156 58 16 sans
1899 3152 36 21 les
1954 3153 65 21 bles-

1543 3179 47 26 sés,
1602 3179 24 22 &
1636 3186 63 15 ceux
1709 3181 42 26 qui
1764 3183 44 19 ont
1819 3180 39 22 été
1869 3182 76 28 noyés
1957 3183 60 22 dans

1541 3210 24 21 le
1592 3210 67 21 Golo
1670 3216 6 20 ;
1697 3210 37 22 les
1758 3210 137 29 Régimens
1914 3213 42 26 qui
1976 3216 42 19 ont

1542 3240 81 22 donné
1633 3240 57 22 n’en
1703 3243 45 19 ont
1766 3247 44 21 pas
1824 3242 81 26 perdu
1925 3249 41 16 100
1986 3250 31 15 en

1541 3272 61 24 tout,
1619 3276 33 16 on
1670 3271 111 21 donnera
1799 3271 144 23 l’ordinaire
1961 3279 57 21 pro-

1542 3300 71 22 chain
1621 3301 23 21 le
1653 3300 76 23 détail
1737 3301 31 20 de
1777 3307 27 15 ce
1816 3302 42 26 qui
1870 3302 59 22 s’est
1936 3303 79 27 passé.

1605 3346 82 18 Numéro
1696 3347 26 17 du
1730 3347 61 18 Mardi
1797 3346 25 19 23
1829 3348 38 17 Mai
1874 3348 53 18 1769.

1720 3380 28 18 De
1755 3379 63 19 Gènes
1825 3381 19 17 le
1851 3380 24 19 13
1882 3382 45 18 Mai.

1568 3412 44 22 Les
1625 3413 67 22 Mers
1704 3413 31 21 de
1748 3413 78 23 Corse
1836 3414 24 22 &
1871 3415 32 21 de
1919 3415 98 22 Sardai-

1540 3448 49 22 gne
1599 3445 59 20 sont
1665 3444 128 21 tellement
1800 3443 117 23 infestées
1925 3451 45 22 par
1978 3446 37 21 les

1541 3472 127 23 Corsaires
1678 3473 139 28 d’Afrique,
1838 3479 47 22 que
1904 3476 25 20 le
1948 3475 67 22 Gou-

1540 3505 147 20 vernement
1720 3509 14 16 a
1766 3504 112 21 ordonné
1911 3505 105 22 d’armer

1539 3535 184 25 promptement
1742 3534 66 21 deux
1828 3534 104 23 Galères
1951 3541 65 21 pour

1540 3568 87 16 courre
1637 3568 50 21 sus,
1697 3563 23 22 &
1732 3570 98 15 assurer
1836 3565 25 21 la
1868 3566 147 27 navigation

1540 3592 30 22 de
1589 3598 46 16 nos
1656 3593 127 22 Bâtimens
1793 3594 24 21 &
1828 3595 31 20 de
1877 3597 57 20 tous
1952 3601 63 16 ceux

1539 3622 43 21 des
1593 3624 82 20 autres
1686 3622 105 23 Nations
1802 3630 62 16 avec
1881 3626 133 27 lesquelles

1538 3653 37 20 les
1594 3651 129 28 Régences
1746 3654 178 28 Barbaresques
1944 3655 71 22 n’ont

1537 3682 73 27 point
1621 3683 31 21 de
1663 3683 81 22 trêve.

2086 198 52 24 Nos
2147 200 125 24 dernières
2285 203 93 22 Lettres
2387 204 31 22 de
2427 205 23 21 la
2460 204 77 22 Corse

2062 232 99 24 portent
2181 239 47 21 que
2248 234 36 21 les
2305 233 116 29 François
2438 241 26 15 sc
2485 237 53 19 sont

2061 261 89 22 rendus
2163 263 98 22 maîtres
2273 264 31 22 de
2316 266 53 20 tout
2387 266 24 20 le
2430 265 108 26 Ncbbio,

2060 290 22 21 &
2093 291 32 21 du
2139 292 63 22 Pont
2213 294 33 21 du
2259 294 74 26 Golo,
2347 295 74 27 qu'ils
2434 297 42 20 ont
2496 302 42 15 en-

2060 321 55 22 levé
2129 322 118 28 Mariana,
2266 325 23 21 &
2301 331 47 21 que
2361 326 37 20 les
2420 325 120 23 Habitans

2061 351 105 23 d’Allata
2175 352 13 23 à
2197 355 117 27 quelques
2323 356 82 21 milles
2413 355 126 29 d’Ajaccio

2061 384 72 25 ayant
2144 385 77 21 voulu
2233 385 61 22 faire
2307 387 106 26 quelque
2426 386 116 22 résistan-

2061 417 27 16 ce
2099 418 33 16 on
2143 420 19 21 y
2171 415 69 22 avoit
2251 415 70 22 brûlé
2333 417 124 26 plusieurs
2478 417 62 22 Mai-

2061 448 67 16 sons.

2144 494 82 19 Numéro
2235 496 26 18 du
2269 497 62 18 Mardi
2338 498 25 18 23
2371 497 37 19 Mai
2417 499 54 18 1769.

2083 529 26 18 De
2116 530 82 19 l’Armée
2205 532 24 17 de
2237 531 59 20 Corse
2303 534 20 18 le
2331 533 11 18 9
2350 534 39 18 Mai
2397 540 25 13 au
2434 536 47 18 soir.

2088 568 31 22 La
2128 569 106 27 journée
2246 571 87 28 d’hier,
2342 575 26 20 et
2380 575 62 21 celle
2454 574 84 23 d’au-

2058 597 125 27 jourd’hui
2196 601 54 22 doit
2260 602 63 23 faire
2334 605 80 21 sentir
2422 611 49 15 aux
2480 605 59 22 Cor-

2060 634 39 15 ses
2111 635 49 21 que
2170 631 36 21 les
2225 632 81 23 forces
2325 640 61 16 avec
2407 636 131 27 lesquelles

2061 659 33 21 M.
2107 661 25 20 le
2144 660 89 23 Comte
2245 664 30 21 de
2295 664 74 23 Vaux
2387 672 28 15 se
2431 672 107 22 propose

2061 689 29 21 de
2102 691 37 21 les
2158 695 143 26 soumettre,
2323 698 58 20 sont
2401 697 138 21 suffisantes

2060 726 65 21 pour
2134 728 18 21 y
2163 722 94 24 réussir
2266 732 6 18 ;
2286 725 22 22 &
2320 732 49 22 que
2381 728 21 21 si
2414 728 24 21 le
2457 727 80 22 déses-

2060 751 56 26 poir
2122 752 37 22 les
2168 756 118 26 soutient,
2296 756 108 24 l’ardeur
2412 760 26 20 et
2448 759 23 21 la
2481 759 58 21 bon-

2059 787 32 14 ne
2110 784 102 22 volonté
2231 786 31 21 de
2281 793 47 16 nos
2349 788 122 28 Troupes,
2493 788 42 28 qui

2060 813 57 20 sont
2127 813 128 27 générales
2267 817 61 22 dans
2345 821 72 19 notre
2437 818 99 26 Armée,

2059 842 85 22 valent
2155 844 57 22 bien
2223 852 64 21 pour
2299 849 25 20 le
2343 849 83 22 moins
2447 848 91 23 l’intré-

2059 871 79 27 pidité
2150 874 62 23 dont
2223 876 30 22 ils
2264 883 28 15 se
2303 878 55 22 font
2368 880 80 26 gloire
2458 886 6 19 ;
2485 879 51 22 s’ils

2060 903 150 24 combattent
2220 913 64 21 pour
2295 908 118 23 défendre
2425 911 66 21 leurs
2507 910 30 21 li-

2063 933 77 27 berté,
2150 936 35 21 les
2197 936 115 30 François
2324 943 57 19 sont
2391 941 94 22 animés
2493 947 44 21 par

2058 966 24 20 le
2093 966 99 21 soutien
2204 968 30 21 de
2242 968 131 25 l’honneur
2384 972 44 21 des
2447 973 87 21 Armes

2059 994 33 21 du
2102 994 59 23 Roi.

2294 1056 25 28 (à
2330 1058 96 29 suivre)

2085 1146 98 22 Avemu
2201 1149 114 27 sappiutu
2334 1156 46 17 cun
2401 1153 134 26 grandissi-

2058 1185 41 16 mu
2116 1180 138 28 dispiacere
2264 1189 14 15 a
2292 1184 73 22 trista
2379 1186 89 21 nutizia
2478 1186 24 21 di
2520 1193 13 15 a

2058 1215 79 19 morte
2146 1214 25 21 di

2093 1252 119 23 Madama
2223 1254 151 24 Micheletta
2388 1257 109 26 Saggesi

2059 1290 23 21 di
2094 1296 13 15 a
2120 1291 77 22 Penta
2215 1293 24 21 di
2253 1293 115 28 Casinca,
2380 1302 109 16 mamma
2504 1298 26 21 di

2058 1329 14 14 u
2084 1326 73 19 notru
2175 1325 105 23 distintu
2292 1333 13 15 e
2318 1334 57 16 caru
2387 1329 74 22 Prete
2473 1330 59 28 Sag-

2058 1356 61 27 gesi.
2132 1357 42 22 Ad
2182 1359 48 21 ellu
2242 1366 14 15 e
2267 1360 64 22 a’so’
2340 1361 110 29 famiglia
2461 1364 25 21 in
2496 1365 37 20 di-

2058 1389 104 23 rizzemu
2182 1398 14 15 e
2215 1395 84 20 nostre
2325 1395 44 27 più
2387 1396 144 22 addulurate

2058 1424 181 29 cunduglianze.

2083 1503 30 22 Ci
2137 1505 139 23 attristemu
2294 1513 13 15 a
2332 1507 163 29 l’imprevista
2515 1516 14 15 e

2058 1537 71 21 cruda
2146 1538 89 23 nutizia
2244 1540 24 21 di
2286 1546 14 15 a
2311 1543 81 20 morte
2409 1542 26 21 di
2448 1549 12 14 a
2477 1543 54 27 gio-

2058 1575 58 16 vana

2138 1611 118 23 Madama
2263 1613 85 22 Laura
2357 1614 89 22 Cesari

2058 1648 23 22 in
2092 1649 49 22 San
2152 1650 74 22 Petru
2237 1651 25 22 di
2278 1652 110 22 Venacu.

2081 1682 104 23 Falciata
2202 1684 23 21 a'
2234 1684 47 23 fior
2296 1686 26 21 di
2333 1686 64 27 l'età,
2420 1693 28 21 24
2459 1690 67 24 anni,

2058 1721 10 15 a
2085 1717 140 27 cumpienta
2236 1718 107 27 defunta,
2362 1725 74 22 sposa
2453 1721 74 28 dapoi

2058 1748 37 22 lui
2113 1750 59 21 anni
2190 1756 94 22 appena
2301 1752 26 21 di
2341 1759 17 14 u
2370 1759 58 16 caru
2447 1755 81 21 amicu

2058 1781 81 23 Cesari
2145 1783 100 28 Sebbiu,
2255 1786 181 23 cullaburatore
2443 1789 86 21 nostru

2058 1821 10 15 3
2085 1816 24 21 di
2121 1822 18 15 u
2158 1816 91 23 Teatru
2265 1818 81 23 Corsu
2359 1820 24 21 di
2403 1826 14 15 a
2429 1821 98 26 Muvra,

2058 1849 70 22 Lascia
2138 1856 48 15 una
2202 1852 113 26 criatura,
2330 1859 13 15 e
2361 1859 48 16 una
2421 1853 109 29 famiglia

2058 1882 21 21 in
2089 1883 26 20 lu
2127 1883 94 22 dulore.

2080 1917 23 20 A
2123 1923 17 14 u
2159 1919 86 20 nostru
2261 1918 98 23 fratellu
2380 1920 93 22 Sebbiu
2485 1927 13 16 e
2515 1927 13 16 a

2060 1955 39 16 ssa
2108 1949 111 29 famiglia
2230 1951 53 22 cusi
2297 1953 169 23 crudelmente
2479 1956 50 20 cul-

2058 1982 46 22 fita
2124 1984 158 23 indirizzemu
2293 1986 8 21 i
2314 1987 79 21 nostri
2404 1987 44 28 più
2461 1994 68 16 cum-

2058 2016 71 22 nossi
2143 2018 99 26 penseri
2258 2024 30 16 eu
2299 2025 13 15 e
2325 2022 86 20 nostre
2426 2021 102 22 addulu-

2058 2051 46 20 rate
2112 2050 185 28 cunduglianze.

2135 2150 25 37 A
2176 2151 132 38 Barretta
2336 2153 107 47 Misgia

2064 2232 22 22 E
2096 2234 100 21 esciutu
2208 2240 17 16 u
2237 2240 114 17 numaru
2358 2236 153 29 Jennaghiu

2077 2265 157 29 -Ferraghiu
2248 2274 55 22 1929
2320 2269 128 28 (Numeru
2458 2270 38 29 28)

2198 2318 178 24 SOMMARIU

2070 2360 28 18 A.
2105 2361 29 18 de
2139 2361 93 19 Peretti.
2236 2372 20 4 —
2261 2363 105 23 Nustalgia,
2373 2364 150 20 L’Aitincu.—

2049 2385 135 20 L’Almanaceu
2197 2388 21 17 di
2228 2388 18 17 A
2259 2388 73 22 Muvra,
2346 2388 22 19 U
2383 2389 140 23 Sampetrac-

2050 2410 44 18 ciu.
2104 2420 24 4 —
2139 2412 127 18 Tramuntana
2273 2413 62 19 fresca
2343 2418 11 14 e
2363 2418 53 18 sana,
2428 2415 95 19 Minica-

2049 2435 30 18 le.
2083 2445 23 4 —
2111 2436 76 18 Lettera
2194 2437 46 18 d’un
2245 2437 129 20 Sott’Ufficale
2381 2440 17 17 a’
2404 2440 27 18 so’
2437 2440 86 19 Fidanza-

2049 2461 26 21 ta,
2084 2460 26 19 G.
2126 2461 24 17 di
2163 2461 26 18 la
2202 2461 88 19 Grotta.
2300 2472 25 4 —
2334 2463 75 22 Quessu
2418 2464 11 18 è
2444 2470 11 12 u
2468 2470 42 14 meo
2518 2463 5 18 !

2048 2485 19 18 U
2075 2484 133 20 Canalincu.
2215 2496 24 4 —
2249 2487 52 19 Nove
2308 2488 23 18 in
2338 2489 61 18 Banca
2407 2489 5 17 !
2420 2489 32 19 M.
2461 2490 62 19 Ales-

2048 2510 78 19 sandri
2135 2511 24 18 di
2166 2511 122 20 Chîdazzu.
2293 2523 24 3 —
2322 2513 16 18 U
2347 2513 72 23 Sognu,
2425 2515 21 18 U
2454 2515 68 18 Cutu-

2047 2535 86 19 lesu.—
2143 2536 17 18 U
2168 2537 72 18 Sameri
2248 2538 46 17 datu
2302 2542 11 14 e
2322 2538 107 24 ripigliatu,
2440 2540 83 19 L’Orsu

2048 2560 113 19 d’Orezza.
2167 2563 45 17 —A
2219 2567 28 13 un
2254 2564 37 17 me’
2299 2563 76 23 Amicu,
2383 2564 25 18 P.
2415 2564 32 19 M.
2456 2565 67 19 Gero-

2047 2586 88 18 aimi.—
2138 2586 110 24 Seguitemu
2254 2588 76 21 aModa,
2336 2588 27 19 G.
2368 2588 24 19 L.
2400 2589 123 20 Martini.—

2047 2611 85 18 Canzona
2139 2616 11 13 a
2157 2612 87 22 l’Amata,
2255 2612 117 23 Grigoriu.
2378 2623 24 4 —
2406 2614 15 18 E
2429 2615 66 19 Zitelle
2503 2616 20 18 di

2046 2636 116 22 Marignana,
2170 2636 28 18 A.
2208 2636 28 18 de
2241 2636 25 19 P.
2277 2647 24 4 —-
2306 2638 127 24 Stalbatoghj,
2442 2639 19 19 U
2471 2640 52 19 Sar-

2047 2659 130 24 dignolu.—
2186 2661 79 19 Missiva
2272 2662 103 23 affetuosa,
2384 2663 107 20 Liunellu
2498 2666 25 17 di

2047 2689 15 14 a
2067 2685 190 19 Pastriccialellu.
2262 2697 25 3 —
2291 2688 92 18 Lamentu
2391 2689 20 18 di
2419 2689 103 23 Falchetla,

2046 2709 31 19 M.
2083 2709 135 20 Alessandri
2226 2712 26 17 di
2259 2711 123 21 Chidazzu.
2394 2723 24 4 —
2429 2714 92 19 Stalbalo-

2046 2735 53 22 ghiu,
2110 2735 26 18 F.
2150 2735 29 18 A.
2192 2736 107 19 Franchi.
2310 2747 25 4 —
2342 2739 116 18 Almanaccu
2472 2740 19 18 di
2504 2741 19 17 A

2045 2760 67 18 Muvra
2119 2760 54 22 1929,
2181 2762 17 17 A
2206 2761 58 19 Torra
2271 2762 21 17 di
2301 2763 61 18 Portu
2370 2764 92 23 (Disegnu
2470 2765 21 18 di
2498 2765 23 18 P.

2046 2784 77 24 Corizzi)
2132 2785 61 18 Leca
2201 2786 24 18 di
2233 2791 16 13 u
2257 2786 107 20 Furcatu.
2369 2798 24 4 —
2397 2790 23 17 A.
2427 2789 94 23 Minicale,

2045 2809 128 19 Francesch
2175 2811 42 18 etti
2222 2821 24 3 —
2251 2811 14 18 E
2272 2812 80 23 Lingue.

2082 2849 183 23 Amministrazione,
2275 2850 24 18 38
2306 2850 62 20 Corsu
2376 2852 102 19 Grandval.

2162 2886 80 18 Prezzu:
2251 2886 65 19 Vinti
2324 2888 67 18 soldi.

2054 2911 95 18 Cnmprendu
2154 2916 10 10 a
2170 2912 167 18 Muvra,dumandatela
2342 2919 11 11 a
2360 2919 11 11 u
2377 2916 56 14 vostru
2439 2918 81 14 marcante.

2170 3021 53 25 “U
2234 3021 136 26 Fucone

2071 3091 71 22 Vene
2150 3093 26 21 di
2185 3094 90 21 creassi
2285 3100 13 15 a
2305 3094 61 27 Aix,
2376 3100 13 16 a
2401 3097 54 20 solu
2464 3102 55 16 sco-

2044 3125 133 27 pud’ajutu
2188 3127 92 21 murale
2292 3133 13 14 e
2322 3129 137 26 materialè,
2472 3135 48 16 una

2044 3159 166 21 assuciazione
2228 3159 192 29 d’Universitarj
2434 3167 14 15 e
2460 3161 61 23 Scu-

2043 3192 44 27 larj
2097 3192 73 26 corsi,
2184 3192 72 22 sott’a
2268 3199 17 15 u
2294 3199 75 16 nome
2407 3194 24 22 U
2444 3194 76 23 Fuco-

2043 3224 56 21 ne”.

2070 3257 200 23 Numerusissimi
2290 3260 104 21 essendu
2414 3261 8 20 i
2440 3262 79 21 nostri

2043 3291 166 26 cumpatriotti
2224 3292 27 21 in
2262 3291 48 22 ’ssu
2322 3293 90 26 lucale,
2425 3300 32 15 un
2476 3295 42 21 du-

2042 3322 93 22 bitemu
2146 3324 25 20 di
2184 3330 15 15 u
2210 3330 115 15 successu
2340 3331 14 15 e
2366 3331 16 15 u
2400 3326 120 27 sviluppu

2042 3355 25 21 di
2086 3357 37 20 sta
2134 3361 66 16 nova
2217 3357 174 27 assuciazione,
2414 3358 32 22 nè
2463 3360 25 21 di
2510 3360 8 21 i

2041 3388 111 21 ludevuli
2164 3388 74 22 sforzi
2251 3389 85 22 ch’ella
2346 3390 53 22 farà
2410 3397 14 15 a
2437 3392 44 27 prò
2492 3393 26 21 di

2041 3427 14 15 a
2066 3423 83 20 nostra
2158 3428 55 15 cara
2223 3423 87 26 patria.

2068 3454 47 21 Per
2127 3454 83 26 ciò,ne
2218 3455 135 22 felicitemu
2365 3457 152 23 càldamente

2041 3486 151 26 ifundatori,
2205 3492 29 16 eu
2246 3494 16 14 u
2273 3487 172 28 so’direttore,
2458 3490 59 28 Sgiô

2041 3519 30 21 R.
2098 3519 170 27 Emmanuelli,
2295 3521 186 23 indirizzenduli
2506 3525 9 20 i

2040 3552 78 21 nostri
2129 3552 45 27 più
2183 3553 89 21 sinceri
2285 3555 96 27 augurj.

2038 3650 100 22 Aiaeciu
2146 3663 30 4 —
2187 3651 136 28 Stamparia
2335 3652 26 22 di
2374 3654 23 22 A
2409 3654 105 28 Muvra,

2039 3693 16 14 u
2063 3686 243 23 Diretlore-Gerente:
2316 3687 73 23 Petru
2399 3689 115 23 ROCCA.
