2634 3970
14 160 50 26 per
74 144 130 31 thaghiu
216 141 55 30 qui
283 148 85 18 vene

19 237 367 61 CANZONE
429 239 545 55 ELETTORALE

41 371 33 27 In
87 363 69 37 ogni
160 365 83 32 paese
252 362 37 25 c'è
301 363 44 25 tre
352 363 83 34 parti
436 363 25 26 ti
469 372 9 16 :
491 364 95 34 quellu
597 364 34 26 di
652 373 18 16 u
681 373 61 17 mer
743 373 44 23 ru,
811 366 96 33 quellu
927 366 48 26 chi

12 410 52 31 vole
71 415 17 17 a
100 402 90 28 meria
198 410 15 16 e
223 409 19 17 u
251 401 85 34 parti
337 403 32 24 tu
377 402 34 26 di
421 403 46 25 «si
479 403 103 26 vidarà
596 412 26 16 ».

41 448 60 27 Par
107 442 37 36 fa
156 443 85 24 cantà
249 441 80 28 lutta.
337 450 18 17 a
369 442 129 31 Corsica,
511 443 51 25 noi
567 442 175 35 prisintemu
751 443 111 34 tar^ini
871 443 33 25 di
915 451 59 17 cen-

8 482 139 36 luculori.

40 534 16 16 «
77 523 31 25 A
129 521 112 25 Muvra
261 529 15 17 »
295 520 138 36 sparghie
450 529 15 16 e
481 529 30 17 so
531 529 86 17 corne
630 521 94 34 sapr’a
741 522 72 25 tutti
828 521 12 26 i
857 521 119 34 parenti

10 560 231 36 siretti-,rispetta
253 560 155 35 isogustie
417 560 27 26 si
452 560 60 26 tira
522 559 123 26 tresalti
655 560 31 25 in
697 561 138 25 traversu.

30 626 143 50 Partitu
203 624 39 48 di
276 640 26 32 u
323 623 129 49 Merru

20 714 22 13 V».
60 716 10 9 Ó
73 720 4 4 .
80 712 4 4 '
112 721 4 4 ,
158 712 4 4 *
163 713 6 12 i
174 712 9 12 .:
187 714 5 10 Ï
196 722 4 2 .
210 716 3 3 •
233 714 25 10 .;
260 713 4 5 ’
268 714 11 10 c
280 712 10 12 t.
291 712 12 12 *>
309 716 4 4 *
315 712 7 16 \
324 714 10 11 v
337 714 7 9 >
347 712 9 12 \
370 713 12 9 -Î
385 715 6 6 -•
393 715 6 6 -»
418 713 27 10 .‘J
453 712 20 9 >'•

33 725 46 24 Noi
96 731 87 17 avemu
194 726 25 21 lu
228 724 126 26 cumandu,

34 759 9 22 I
59 759 90 29 rigistri
168 765 13 16 e
193 760 22 21 la
224 758 82 26 meria,

33 793 28 22 In
72 799 54 15 casa
142 793 24 21 vi
181 794 115 20 sarrarete

33 828 22 20 A
65 825 59 23 ser’.a
133 825 62 22 l’avè
205 825 75 22 Maria

33 858 150 26 Parchiinoi,
193 859 130 25 vincitorv

34 893 144 22 Canteremu
198 891 116 28 l’alligria.

34 947 101 22 Tinemu
147 945 24 21 lu
180 943 184 28 stampaghiòlu,
376 956 13 12 -,

34 977 182 25 Tuttunostruè
230 977 133 25 lusucellu,

34 1013 115 27 Scappate
161 1017 60 22 puru
233 1011 24 21 di
271 1012 68 21 nolte

35 1047 17 22 E
60 1045 98 29 pigliate
172 1045 25 21 lu
207 1044 96 22 battellu
317 1050 6 16 :

36 1080 98 23 Faremu
145 1077 58 23 vutà
218 1078 16 21 li
247 1078 81 25 morti,

36 1113 22 23 U
67 1113 107 27 caprettu
183 1117 14 16 e
210 1112 24 21 lu
246 1112 114 27 purcellu.

35 1171 87 23 Nostru
137 1168 14 22 è
160 1168 25 22 lu
194 1168 98 28 guardia
302 1170 134 25 campestra

38 1205 17 22 E
65 1202 44 24 sòli
123 1202 8 22 i
144 1202 76 21 nostri
234 1202 69 21 casali

37 1239 48 22 Ben
100 1241 85 17 saranu
197 1235 111 28 rispittati

36 1272 90 23 Contru
134 1269 16 22 li
163 1269 76 22 vostri
252 1269 96 22 animali
359 1275 5 20 ;

37 1305 47 23 Diu
99 1309 30 16 ne
138 1303 83 28 guardi
236 1309 13 15 a
265 1302 38 22 chi
322 1303 22 21 ci
360 1305 75 24 tocca,

36 1338 82 24 Tandu
128 1343 7 16 :
144 1336 105 29 prucessi
274 1336 91 22 verbali
376 1336 6 21 !

37 1396 36 23 Cu
90 1395 22 21 la
124 1399 29 17 so
165 1393 152 26 belTustaria,

36 1430 71 22 Tuttu
118 1430 84 20 nostru
211 1427 14 22 è
233 1428 24 21 lu
268 1427 99 22 fibiante

37 1463 44 24 Noi
95 1469 31 15 un
139 1467 128 23 pagaremu
285 1461 72 27 nulla,

37 1498 46 22 Voi
101 1497 24 21 in
144 1496 85 21 dinaru
241 1497 112 20 cuntante
362 1502 6 19 ;

38 1532 30 22 Vi
80 1531 99 22 liaremu
191 1530 17 21 li
218 1529 65 28 porci

37 1566 35 22 Cu
86 1564 72 23 corda
173 1563 63 23 nòva
256 1563 123 23 framante.

38 1622 98 29 Pigliate
148 1621 25 22 lu
190 1623 70 20 santu
275 1620 72 22 Petru

39 1656 44 23 Chi
99 1654 107 24 nostru.è
221 1655 25 22 lu
265 1655 130 22 stimadore

39 1690 35 22 Da
86 1689 145 23 rumbriccia
247 1695 13 16 a
271 1689 22 22 la
305 1689 82 22 sulana

37 1724 96 27 Quessu
144 1723 79 26 stima,
243 1722 65 23 anc’a
329 1722 106 26 l’albore,

37 1758 93 28 Cinque
143 1757 92 22 franchi
246 1763 13 15 a
268 1757 90 28 pidiata

37 1792 31 22 Di
80 1792 69 22 levru
165 1791 135 28 quand’ellu
315 1796 77 17 corre.

36 1848 87 23 Nostru
136 1848 13 23 è
158 1854 61 16 ancu
231 1849 23 21 lu
270 1841 137 29 surrucatù*

36 1883 65 22 Omu
115 1883 149 28 intilligente.
271 1889 13 15 e
296 1882 49 22 fidu

36 1916 96 23 Contr’a
151 1917 25 22 lu
196 1919 82 20 vostru
290 1916 88 29 partitu

36 1951 116 23 Sintarete
164 1952 24 20 lu
209 1956 26 16 so
246 1951 69 27 gridu
372 1972 5 5 .

35 1984 45 23 Chi
95 1984 136 23 ribumharà
248 1985 24 21 in
283 1984 80 28 Parigi

34 2018 23 23 5i
73 2019 48 22 mai
135 2019 104 27 rumpite
256 2025 31 15 un
302 2018 67 22 nidu.

33 2074 121 24 Crisciarà
163 2074 76 29 pqrt’e
254 2074 95 28 purtelli

33 2111 146 21 Paevostre
198 2109 187 27 cuntribuzione,

32 2143 45 23 Noi
95 2150 32 15 un
140 2149 128 22 pagaremu
284 2144 65 21 nulla

32 2177 18 22 E
62 2183 32 16 vo
109 2180 37 19 tre
163 2177 90 22 franchi
266 2183 13 16 a
291 2178 98 27 pullone
398 2184 5 20 ;

35 2211 22 23 O
69 2213 113 26 scappate
197 2216 15 17 o
226 2211 109 23 vidarete

33 2246 21 21 A
63 2252 42 16 san
122 2245 83 23 Roccu
223 2245 26 22 in
261 2246 24 21 lu
301 2246 125 28 stagnone.

34 2301 74 23 Infine
122 2303 26 21 lu
170 2302 118 23 sicritariu

33 2336 29 22 Vi
78 2336 48 22 farà
142 2335 73 29 piòve
234 2337 96 22 malasci

33 2369 100 28 Quandu
153 2371 25 21 vi
199 2372 73 21 mette
287 2377 13 16 a
309 2371 106 28 rigistru,

33 2403 53 23 Farà
102 2404 89 22 femine
211 2410 42 22 par
260 2405 75 22 masci
346 2411 6 20 ;

34 2437 86 24 Masciu
142 2438 52 23 sarà
213 2439 23 22 la
245 2439 76 22 zitella

34 2471 89 24 Ecarca
143 2472 24 23 di
186 2472 55 29 guai
265 2479 13 16 a
293 2473 66 22 fasci.

106 2582 92 50 Sera
217 2584 146 48 d’esiüii

31 2669 16 22 U
58 2671 46 22 sole
113 2676 77 18 stancu
201 2680 13 14 e
228 2680 59 14 vanu
301 2673 19 21 si
340 2680 29 14 ne
377 2680 70 18 more,

31 2700 15 21 U
55 2709 25 14 so
88 2703 78 22 ultimu
175 2705 76 26 raggiu
260 2704 20 22 ci
286 2705 28 20 ha
321 2704 108 27 basgiatu,

31 2731 22 22 In
62 2734 48 21 celu
118 2736 34 20 stà
160 2742 41 19 per
207 2742 67 15 nasce
279 2736 73 21 Faltru
361 2736 56 21 fiore
421 2743 7 14 :

30 2763 15 20 A
53 2764 59 26 luna,
122 2766 43 21 fior
172 2766 99 22 d’amore
275 2767 98 22 dilicatu.

31 2800 15 20 A
54 2801 54 22 luna"
114 2804 100 25 nascerà,
220 2811 37 14 ma
265 2804 23 21 in
302 2804 24 21 lu
334 2803 47 22 miò
395 2805 52 20 côrë

31 2830 47 23 Sole
90 2840 29 15 ne
126 2834 54 21 luna
186 2842 32 14 un
227 2835 21 21 ci
254 2835 87 22 n’entre
348 2835 39 26 più
397 2842 7 14 :

32 2861 16 21 U
56 2864 44 21 miò
108 2866 52 21 côrë
168 2867 13 20 è
186 2867 82 20 malatu
282 2874 13 13 e
302 2873 32 14 un
343 2873 29 14 ne
380 2866 30 26 pô
423 2866 47 26 più,

31 2891 85 26 E,cumé
124 2903 16 14 u
146 2897 96 26 ghiornu
248 2902 86 20 stancu,
338 2897 19 21 si
366 2904 29 15 ne
400 2904 70 15 more.

32 2927 14 22 E
51 2933 22 19 to
77 2934 204 22 manuccebianche
286 2934 78 22 hannu
369 2938 100 22 pregatu,

32 2959 8 20 I
44 2961 66 25 pianti
116 2964 77 23 hannu
199 2967 96 25 bagnatu
308 2966 25 21 lu
342 2969 24 18 to
375 2966 56 24 visu,

32 2989 30 24 Ma
67 2993 77 24 l’esiliu
152 2997 126 21 crudeleun
283 2997 60 21 m’ha
350 2997 119 21 lasciatu...

23 3022 30 20 -A
58 3026 96 26 vedeci,o
163 3028 109 26 culomba,
279 3028 25 22 in
317 3028 118 21 Paradisu!
444 3040 27 5 —

33 3057 15 21 ^
54 3059 63 25 jornu
123 3067 80 19 stancu
207 3073 13 14 e
228 3073 61 16 vanu
298 3065 20 22 si
332 3072 30 15 ne
374 3072 69 16 more,

32 3087 16 22 U
55 3097 63 18 cantu
125 3094 24 21 in
157 3096 69 22 bocca
234 3104 14 14 a
256 3104 37 14 me
301 3097 62 26 spira
370 3097 98 24 dulente,

31 3119 17 21 A
54 3123 42 22 miô
105 3132 51 16 cara
164 3128 14 20 è
184 3128 100 26 luntana,
290 3136 13 14 e
307 3136 48 13 nun
364 3128 17 21 ti
398 3131 70 20 sente,

32 3149 96 29 Canzona
136 3159 147 22 malînconîca
293 3160 124 21 d’amore...

142 3184 90 23 Dickie
241 3185 28 22 di
279 3184 161 23 Santandria.

20 3239 99 51 tisposta
133 3263 17 24 a
171 3253 135 43 Ghiseppu
326 3253 144 38 Gûélielmi

28 3315 81 39 jovienclu
114 3327 57 20 quelli
175 3328 82 23 terzetti,
265 3333 25 14 en
300 3330 55 21 sapia

29 3347 83 30 Ch:1*31?-
108 3351 13 13 11
128 3352 12 13 a
147 3351 54 20 9uale
208 3351 127 19 m’adirizzava

52 3369 7 12 1
66 3369 50 18 tarda
124 3371 22 18 la
150 3372 80 23 risposta
236 3379 40 14 nun
284 3373 63 24 pudia.

28 3392 133 39 i?»
170 3407 52 19 dolce
226 3408 71 23 puesia,

29 3437 13 18 E
55 3446 17 9 m
89 3428 23 18 ra’
123 3431 12 12 a
141 3428 87 25 wleghiu,
237 3432 39 17 mai
285 3431 21 18 sô
312 3431 67 18 stancu

42 3452 5 8 »
55 3448 50 16 mane
110 3452 12 13 e
127 3453 48 20 sera,
182 3453 47 18 altre
237 3457 42 14 cose
286 3458 27 14 un
318 3453 54 19 feria.

28 3480 109 31 îtïm^rStata
143 3487 76 17 scusatu
226 3487 22 18 sò
254 3488 99 21 cuntentu,

30 3503 73 30 1pn^Q
108 3506 52 18 avete
168 3512 63 15 messu
235 3515 13 12 a
253 3510 21 18 lu
280 3510 38 18 miô
321 3509 56 18 male,

29 3547 13 18 ç
72 3526 27 15 Cla
104 3529 100 24 ûtlstalgla,
210 3536 12 14 o
228 3532 33 18 chi
265 3533 98 18 turmentu
369 3531 6 19 !

29 3556 141 32 Pe>1Ü!?-r!?.eïl*;u
173 3564 31 18 c*ù
211 3569 73 19 sempre
292 3565 106 23 misiguita,

25 3580 136 36 •ScelE,loca’
170 3590 11 13 a
187 3587 50 18 tatte
244 3588 51 23 rôre>

29 3623 17 18 ■g.
126 3609 104 22 cnmpagnu
238 3611 29 18 d’a
274 3611 39 18 miô
321 3610 46 19 vita.

30 3631 166 38 Ci'vàuf0*-aesea
202 3643 46 18 tutti
257 3649 28 13 un
292 3645 64 21 sende;

30 3668 43 22 Âûcn
83 3662 106 28 ;Qnn?uea
200 3667 88 17 essenati
299 3667 84 23 apposta,

101 3685 61 17 mosca
167 3686 32 18 chi
203 3688 45 18 hula
255 3689 34 22 qui
296 3689 100 19 nroffende
403 3689 5 18 1

30 3709 195 36 ÙlTe^UÇPaziente,-
227 3722 65 21 quellu
295 3722 56 18 iomu

32 3741 13 20 E
48 3742 25 25 chi
91 3737 122 24 Jùusciërann
223 3744 16 17 li
246 3744 38 18 miô
292 3744 45 24 guai

75 3764 5 9 =
91 3761 30 16 Per
127 3765 78 22 sempre,
217 3770 42 14 sero
266 3767 21 17 di
292 3767 75 18 ritornu
371 3766 5 18 !

160 3785 130 26 Ghilormu
301 3789 136 22 Casanova.

585 623 152 48 Gônîr’a
761 624 147 48 Partitu

534 722 100 24 Rindite
645 730 58 22 puru
712 725 23 21 la
747 724 93 28 sciarpa

532 757 47 22 (,hi
591 757 66 22 finita
670 758 13 22 è
694 758 22 22 la
730 759 111 25 raccolta,

534 790 17 21 E
572 790 86 23 chiave
675 789 59 24 diìa
748 792 74 22 meria

532 823 65 22 L’ete
604 830 44 22 par
656 824 99 23 l’ultima
768 825 66 22 volta
842 831 6 15 :

532 856 96 23 Contru
639 864 13 15 e
669 860 82 20 vostre
764 858 102 25 villen.ie

531 889 25 26 U
569 892 90 26 populu
670 891 20 22 si
705 892 20 21 ri
728 892 74 21 volta.

532 939 89 23 Scrittu
633 943 68 20 avete
713 941 7 21 i
734 941 113 28 tragulini

533 973 31 22 Di
581 973 99 23 Corsica
688 980 14 16 e
715 974 150 26 Lumbardia,

534 1006 86 24 Farete
629 1008 55 22 vutà
694 1008 16 22 li
723 1009 74 22 morti

533 1040 17 22 E
561 1041 17 21 li
589 1041 53 23 vivi
654 1048 13 15 a
676 1041 120 30 l’angunia
805 1049 6 14 :

533 1075 22 21 A
564 1074 39 22 chi
617 1076 93 28 calcega
719 1077 23 21 la
754 1077 70 28 legge

533 1107 119 30 S’apronti
662 1116 13 15 a
686 1113 68 25 parte
768 1110 24 22 in
804 1110 89 23 Bastia.

534 1159 66 23 B’ate
612 1163 111 24 magnatu
738 1166 15 17 e
765 1161 90 22 fureste

533 1193 34 22 Ed
580 1194 111 28 ingullitu
702 1194 17 22 li
732 1195 62 28 pini,

534 1226 29 23 Ci
577 1228 97 22 lasciate
686 1229 22 21 la
722 1234 104 17 cumuna

533 1260 75 23 Sënza
620 1268 83 16 mancu
716 1264 37 20 tre
766 1263 122 28 quattrini,

534 1294 23 23 U
571 1297 82 20 vostru
661 1295 20 22 si
696 1295 39 22 chi
748 1297 25 20 lu
780 1302 78 23 regnu

534 1327 33 23 Fu
580 1335 86 22 guerra
678 1330 30 22 d’i
722 1327 127 25 Sarracihi.

533 1380 23 21 A
568 1380 57 22 lista
637 1380 23 21 di
673 1380 114 23 l’assistiti

534 1413 18 22 E
559 1414 75 28 longa
642 1420 67 16 cume
723 1420 46 17 una
781 1414 56 27 fola,

534 1447 32 22 Vi
576 1448 112 23 ruzzicate
696 1449 25 21 lu
734 1448 68 23 Statu

534 1481 41 22 Ma
583 1482 24 22 lu
617 1483 40 27 più
669 1482 37 22 chi
720 1483 21 22 ci
757 1484 98 21 cunsola

535 1515 17 22 E
562 1515 51 27 chi,
624 1517 24 21 di
655 1516 20 23 si
685 1517 146 27 mandatelii,

535 1548 41 24 Un
587 1551 25 20 vi
626 1556 29 16 ne
667 1550 45 23 fala
721 1551 43 28 più
776 1551 24 22 in
810 1552 63 27 gola,

535 1601 61 22 Pare
613 1601 26 22 lu
650 1604 83 20 vostru
748 1602 90 28 partitu

534 1634 41 23 Un
589 1635 57 29 fogu
654 1635 141 29 quand’ell’è
803 1639 86 26 spentu
899 1643 7 20 ;

534 1662 18 28 È
560 1671 54 20 tesa
625 1670 22 21 la
654 1670 111 28 jattarola

534 1704 23 20 A
568 1704 99 28 maghiu
684 1708 78 20 sarete
780 1705 94 27 drentu,
891 1725 3 4 .

536 1737 150 30 L’impiegati
698 1740 121 22 cumunali

535 1770 69 24 Fattu
619 1772 64 23 hanu
696 1773 25 22 lu
731 1774 147 22 tistamentu.

534 1817 17 27 È
560 1826 90 30 prontu
661 1825 23 21 lu
692 1825 109 23 lavativu

533 1854 32 24 Di
579 1861 75 17 nocca
666 1862 14 16 e
691 1857 129 22 mintrastu
828 1863 70 22 puru.

533 1888 88 23 Punite
634 1892 80 26 prestu
730 1891 7 21 i
754 1891 109 29 stuvigli,

533 1922 23 23 U
566 1925 86 20 vostru
668 1924 72 22 fìascu
752 1924 15 22 è
778 1925 91 26 sicuru,

531 1956 120 23 Ficcatevi
664 1958 25 21 in
700 1957 57 23 d’un
770 1961 87 20 tavone

531 1989 79 23 Cume
620 1991 17 22 li
646 1992 49 27 topi
708 1992 24 22 di
746 1998 77 16 muru.

531 2041 122 22 Abbiamu
662 2043 53 21 tutti
728 2044 115 27 curaggiu

532 2073 47 23 Chi
593 2077 83 20 nostru
693 2075 13 23 è
722 2077 24 20 lu
755 2076 134 27 ministeru,

531 2108 99 23 Avemu
642 2110 21 21 la
679 2110 129 27 prefettura

516 2165 3 2 .
530 2142 38 22 Cu
580 2143 30 22 lu.
617 2144 117 22 cumandu
745 2144 43 28 più
797 2145 67 26 fieru,

530 2176 64 23 Date
610 2177 25 22 di
647 2184 69 16 manu
729 2185 14 15 a
758 2185 25 15 sa
802 2184 82 23 porga.

521 2232 3 2 .
531 2210 127 29 lntuppate
669 2218 28 16 su
708 2212 111 23 cristeru.

530 2261 39 23 Du
570 2268 32 16 va
616 2268 28 17 so
659 2263 23 21 le
700 2263 156 28 migliuranze

530 2294 51 28 Qui
598 2296 66 28 dipòi
685 2296 72 23 l’anni
774 2304 14 15 e
800 2297 71 23 l’anni
880 2298 13 22 ?

530 2329 40 24 Un
583 2330 21 22 si
620 2331 61 22 vede
698 2337 30 16 ca
738 2332 86 21 ruvina

517 2362 52 28 •Un
583 2364 20 22 si
616 2364 68 23 tròva
695 2364 143 24 ca’malanni
845 2373 6 15 :

529 2397 61 24 Ritti
603 2399 61 22 tutt’i
678 2400 92 27 paisani

529 2431 94 24 Contru
641 2433 22 22 lu
675 2433 84 23 mer’di
771 2433 118 30 l’inganni
900 2433 8 24 I
937 2439 6 5 *

806 2476 136 25 Maistraîe.

536 2583 391 41 L’ALMANACCU

719 2648 30 26 di

570 2699 32 25 A
615 2700 151 26 MUVRA
776 2708 49 27 per
840 2708 63 27 1925

530 2793 36 26 A-
588 2793 61 27 sôla
659 2796 7 15 ’■
671 2794 199 35 publicaz-ione
891 2804 49 17 cor
938 2804 34 17 su

498 2833 98 26 scritta
603 2833 33 26 in
647 2842 48 19 cor
693 2842 35 18 su
736 2833 37 27 da
780 2842 96 27 penne
885 2843 84 18 corse.

532 2876 26 29 Ü
572 2878 67 27 sòlu
649 2878 74 27 libru
736 2887 50 18 cor
784 2887 34 18 su
830 2879 88 27 cb’nn
929 2879 42 27 sià

497 2917 155 28 bracanatu
663 2918 30 27 di
701 2919 70 26 roba
781 2919 128 35 pinzuta.

532 2959 162 37 Cumpostu
703 2960 37 27 da
747 2961 12 26 i
766 2961 52 35 più
826 2969 73 27 gran
906 2961 65 27 scri»

497 3000 71 28 vani
593 3009 16 17 e
632 3003 85 32 pneta
744 3001 76 25 corsi
845 3009 84 18 senza
954 3009 17 17 a

496 3039 225 27 collaborazione
748 3040 30 26 di
796 3040 90 26 nisun
909 3040 62 26 bas-

495 3079 96 27 tardu.

530 3135 51 27 20S
596 3136 147 35 pagine—
755 3143 45 18 100
814 3135 113 35 disegni
935 3150 35 4 —

496 3181 14 26 8
532 3189 125 19 canzone
682 3190 35 17 eu
734 3190 18 17 a
772 3189 31 18 so
826 3180 109 27 musica

530 3264 138 27 Mandate
688 3273 14 26 4
715 3263 111 27 franchi
844 3271 125 18 aucon-

494 3306 33 24 tu
539 3303 295 34 currente^Marseglia
843 3302 126 36 45,82,da

494 3342 125 36 pudellu
625 3343 92 26 riceve
724 3341 201 28 ricumandatu
932 3348 37 28 pe

496 3391 16 18 a
523 3385 95 32 posta.

578 3437 236 28 SPICCIATEVI
841 3439 40 25 111

813 3550 4 2 -
831 3544 3 3 ■
860 3544 12 12 .?
890 3551 9 5 -
909 3548 3 2 -

537 3561 54 27 Ha
607 3562 39 26 da
661 3570 27 18 es
689 3570 29 17 ce
733 3570 22 17 u
771 3569 32 26 /5
821 3561 108 35 Aprile

721 3621 21 18 u

558 3668 349 32 MANUALETTU

717 3724 30 26 di

569 3774 160 26 LINGUA
751 3773 140 25 CORSA

1000 157 216 51 CRONACA
1244 159 228 51 A1ACCIM

1153 281 179 22 L’AMERICA
1344 283 129 23 SBARCA

1030 318 18 27 È
1056 325 100 22 affacatu
1174 326 26 22 in
1211 327 26 20 lu
1254 327 85 20 nostru
1353 330 71 24 portu
1441 335 32 15 un

1002 357 123 23 battillone
1137 365 70 15 carcu
1221 359 24 21 di
1256 358 88 22 turistu
1361 362 112 21 america-

1002 390 34 26 ni,
1055 392 118 21 marcanti.
1183 392 23 21 di
1227 392 69 24 cqlze,
1321 398 14 15 e
1352 395 121 26 cappillari

1003 424 24 20 in
1041 424 107 22 rittirata.
1159 424 5 4 '

1030 456 64 22 Tutti
1107 458 20 20 si
1138 458 107 21 schinchi
1256 457 142 28 longhi,dna
1409 462 64 20 volta

1002 490 89 25 scalati,
1102 490 64 22 hanu
1175 491 98 21 visitatu
1285 496 13 15 a
1310 494 100 24 grotta,a
1422 499 51 16 casa

1003 523 24 21 di
1038 522 110 29 Napuliò,
1157 531 13 14 a
1179 525 75 21 Punta
1263 524 23 21 di
1298 523 175 25 Pozzo-di-Bor-

1003 562 42 22 go,
1058 563 13 15 e
1088 556 39 28 pô,
1135 560 68 19 tocca
1220 563 14 16 e
1246 556 105 28 viaghia,
1367 560 20 20 si
1403 565 31 16 ne
1448 565 25 16 sc

1004 590 83 22 vultati
1097 596 14 15 a
1122 591 77 21 borda
1207 596 68 16 senza
1287 590 89 23 nisunu
1394 592 79 27 prufit-

1003 625 27 19 tu
1042 622 29 28 pè
1081 629 15 15 u
1108 624 121 21 cumerciu
1241 623 83 22 lucale.

1034 653 9 21 I
1059 654 109 21 vitturini
1177 654 135 22 eccettuati.

1322 718 155 23 MASCARE

1034 752 132 29 Dumeniça
1195 760 87 20 scorsa,
1310 753 112 28 battaglia
1452 754 24 22 di

1005 786 98 24 cunfe.tti
1116 787 25 24 in
1157 787 78 28 piazza
1248 787 127 23 Diamante
1388 792 6 20 ;
1414 788 62 21 assai

1004 820 99 26 mondu,
1115 820 62 23 assai
1191 827 105 17 mascare
1313 827 39 16 ma
1369 820 109 22 manc’nn

1004 856 110 20 custumu
1126 855 126 28 originale.

1035 887 89 28 Vccchj
1135 889 97 26 calzoni,
1246 889 86 28 vecchj
1345 889 103 28 cappelli
1464 895 14 15 e

1004 921 100 22 vecchie
1115 923 97 27 gunelle
1224 922 161 23 e-...manc’un
1395 923 82 28 raggiu

1005 954 25 23 di
1045 956 59 22 sole.

1268 1015 210 23 CUNFERENZE

1035 1047 22 23 U
1073 1048 94 23 duttore
1186 1048 108 23 Barbaud
1306 1049 30 22 ha
1349 1049 130 26 fattu,mar-

1005 1082 50 21 curi
1069 1088 60 19 sera,
1145 1082 21 21 a’
1179 1083 82 25 meria,
1273 1089 46 16 una
1335 1083 144 22 interessan-

1005 1115 93 23 tissima
1117 1116 140 22 cunferenza
1278 1116 78 29 sopr’a
1374 1117 104 28 famiglia

1005 1149 142 28 Bonaparte.

1280 1212 24 22 A
1321 1212 158 23 PULITICA

1004 1241 4 13 1
1034 1245 92 28 L’occhj
1146 1251 90 22 parenu
1248 1246 88 28 pistole
1357 1252 14 16 a
1381 1249 98 25 puntac-

1005 1278 64 29 chjni
1083 1279 75 26 arriti;
1172 1279 157 28 bonapartisti
1348 1286 13 15 e
1376 1280 103 28 ripubli-

1008 1313 52 21 cani
1071 1313 151 28 siguardanu
1232 1313 24 22 in
1272 1313 170 28 catarrocchju.

1035 1346 17 21 E
1060 1346 92 28 piccule
1166 1346 181 23 cumbinazione
1364 1347 115 22 s’incroc-

1005 1385 61 16 canu
1075 1380 25 22 in
1112 1380 58 28 ogni
1183 1379 63 23 lòcu.
1263 1380 18 22 E
1286 1380 56 22 liste
1361 1380 29 23 sô
1399 1380 41 29 più
1452 1387 26 15 ca

1005 1413 99 23 colme.I
1117 1414 119 22 candidati
1247 1413 28 23 sô
1287 1413 67 23 tutt’a
1369 1415 109 28 cappellu

1005 1448 26 22 in
1047 1454 77 16 manu.

1035 1482 27 21 In
1078 1482 118 27 prifittura
1204 1482 19 21 si
1245 1482 107 28 piglianu
1367 1489 15 15 e
1396 1483 80 27 dispu-

1005 1516 90 22 sizione
1107 1516 30 22 da
1151 1516 38 22 chi
1203 1516 131 26 Marianna,
1345 1522 47 16 una
1411 1522 14 16 e
1442 1517 36 21 in-

1005 1550 131 26 divisibiie,
1158 1551 60 22 sorti
1237 1550 29 22 da
1282 1556 14 15 a
1313 1550 112 28 battaglia
1448 1556 29 16 eu

1006 1583 67 23 tutt'e
1088 1589 27 16 so
1127 1583 144 29 custigliôle.

1035 1617 17 22 E
1069 1623 99 23 ognunu
1178 1617 179 29 sfranciseghia.

1296 1678 181 23 TIMPACCIU

1035 1711 135 22 L’imbernu
1182 1712 14 22 è
1205 1718 72 22 parsu
1289 1712 188 27 un’istatina,ma

1005 1746 20 21 si
1050 1746 97 21 diciaria
1167 1745 39 23 chi
1227 1753 15 15 u
1258 1748 82 26 tempu
1361 1747 20 21 si
1395 1747 82 28 voglia

1004 1779 105 22 vindicà.

1033 1813 105 22 Sarannu
1152 1813 59 23 ott’o
1224 1815 59 21 dece
1302 1815 64 27 jorni
1389 1814 88 22 ch’ellu

1004 1854 32 15 ne
1048 1848 45 21 fala
1100 1854 13 15 a
1122 1848 84 22 sbarsu
1219 1854 13 15 e
1248 1848 38 22 chi
1306 1855 15 15 u
1331 1849 51 21 cele
1391 1847 34 23 s’è
1439 1854 38 15 ca-

1004 1883 49 21 latu
1072 1888 13 15 a
1100 1881 68 23 tuccà
1189 1882 7 21 i
1215 1883 62 22 tetti.

1033 1916 40 22 Ma
1084 1916 135 27 primavera
1234 1915 139 23 accunciarà
1383 1915 91 23 l’affari.

1324 1955 150 23 CANZONE

1032 1996 22 21 A
1065 1996 127 27 stamparia
1200 1995 24 22 di
1242 1996 21 21 A
1277 1995 94 22 Muvra
1383 1995 30 22 ha
1426 2000 50 17 cac-

1002 2029 63 22 ciatu
1081 2029 55 22 duie
1149 2029 63 22 belle
1227 2034 111 20 canzone,
1359 2029 83 26 parole
1462 2034 13 16 e

1002 2062 98 26 musica,
1112 2062 110 22 edizione
1239 2063 24 21 di
1276 2063 75 25 lussu,
1363 2067 30 16 cu
1417 2062 7 21 i
1442 2062 33 21 ri-

1002 2096 65 22 tratti
1078 2096 24 22 di
1113 2096 93 22 Tautori
1216 2102 6 15 :

1166 2141 143 22 L’AMORE

1002 2177 80 27 parole
1091 2176 24 22 di
1124 2175 129 27 Maistraîe,
1263 2176 91 21 musica
1362 2175 25 22 di
1397 2174 76 30 Kyrn.

1132 2217 209 27 L’ABRÛGATA

1078 2256 82 27 parole
1171 2255 25 22 di
1210 2255 82 22 Marco
1303 2255 97 28 Angeli,

1132 2289 91 22 musica
1234 2289 25 22 di
1273 2288 67 30 Kyrn

1001 2344 3 11 :
1017 2335 6 3 ~
1029 2331 65 32 Ogni
1104 2340 104 17 canzona
1218 2335 24 21 si'
1247 2334 81 23 vende
1338 2340 33 16 un
1389 2334 83 22 francu

1000 2370 141 21 sulamènté.

1038 2398 13 32 J
1059 2402 116 23 Ch’ell’un
1184 2403 21 22 si
1221 2403 63 22 canti
1296 2401 46 23 ma’
1350 2402 44 28 più
1403 2402 6 21 !

1222 2453 248 23 CUNFRATELLU.

1028 2503 38 22 Ha
1072 2503 30 22 da
1106 2504 73 24 ,sorte
1193 2508 34 16 un
1235 2502 26 22 di
1270 2502 31 22 sti
1314 2502 86 27 quatru
1406 2501 66 28 jorni

1001 2543 14 16 u
1024 2536 172 27 DRAPEAU,,
1201 2536 118 28 giurnale,
1332 2535 24 22 di
1370 2542 17 15 u
1398 2535 73 28 parti-

1001 2573 25 20 tu
1038 2570 173 28 bonapartistu.

1027 2604 67 23 Caldi
1108 2604 84 28 auguri
1216 2610 14 15 a
1253 2605 38 20 stu
1304 2603 96 23 valente
1416 2609 56 16 cun-

1001 2638 98 21 fratellu.

1366 2673 104 22 AMICI.

1025 2724 58 28 Jean
1096 2723 65 23 Maki
1176 2723 15 22 è
1202 2722 102 29 ghiuntu
1321 2722 30 22 da
1367 2720 79 29 Parigi
1464 2727 7 20 ;

999 2764 14 15 u
1029 2757 183 29 Sampetracciu,
1223 2757 93 22 ritornu
1325 2756 29 22 da
1366 2755 106 28 Campu-

998 2791 127 26 dunicu,_si
1137 2790 39 22 n’è
1185 2790 88 22 cullatu
1285 2790 25 21 in
1326 2788 46 23 San
1390 2788 80 22 Petru.

1027 2824 121 24 Maistraîe
1160 2823 14 22 è
1185 2823 103 29 ghiuntu
1298 2823 30 22 da
1340 2822 81 26 Portu,
1434 2822 38 21 in-

998 2859 32 22 du
1030 2858 94 23 v’ell’ha
1134 2858 66 22 fattu-
1208 2863 65 22 pone
1280 2862 69 23 3.000
1357 2856 57 27 pedi
1423 2854 49 23 d’a-

997 2893 76 26 limie,
1095 2898 30 15 cu
1140 2898 33 15 un
1193 2891 116 27 spurtellu
1321 2890 25 21 di
1365 2894 106 17 canzone

998 2933 14 16 e
1020 2927 26 22 di
1055 2924 152 29 stalbatoghj.

1027 2960 66 28 Kyrn
1116 2959 14 21 è
1148 2958 98 22 affaratu
1268 2958 38 21 chi
1337 2957 19 21 si
1386 2956 84 22 marita

997 2994 88 22 l’etima
1100 2992 38 22 chi
1151 2997 63 16 vene
1225 2997 14 16 e
1252 2990 32 29 pô
1299 2989 73 29 piglià
1391 2996 14 15 u
1422 2990 48 21 bat-

997 3028 59 22 tellu
1074 3032 43 23 per
1139 3025 112 25 Livornu,
1277 3025 24 21 in
1325 3023 100 28 viaghiu
1444 3023 24 21 di

998 3066 79 17 nozze.

1025 3094 23 22 U
1061 3092 70 24 merri
1154 3092 24 21 di
1197 3091 142 28 Cognocoli,
1356 3096 15 16 u
1384 3092 85 20 nutaru

997 3127 73 23 Costa
1094 3132 39 16 era
1154 3126 23 21 di
1205 3125 137 28 passaggiu,
1373 3129 96 22 sempre

996 3162 78 22 calmu
1084 3159 124 28 malgradu
1216 3165 16 15 u
1243 3164 67 16 mese
1332 3157 24 22 di
1370 3157 98 28 maghiu

996 3195 39 23 chi
1049 3193 121 24 s’avicina.

1023 3229 102 22 Simonu
1132 3226 26 23 di
1169 3226 19 22 li
1208 3225 68 22 Lecci
1293 3231 14 15 a
1326 3224 34 22 s’è
1372 3224 97 22 scialatà

995 3269 48 16 una
1062 3260 139 30 quindicina
1228 3257 26 24 ih
1267 3258 100 22 Aiacciu
1389 3264 6 20 ;
1407 3264 15 15 a
1440 3263 28 16 so

995 3296 75 23 barba
1080 3312 3 3 .
1090 3295 86 21 bianca
1193 3294 25 21 in
1239 3292 176 28 sparaventula,
1429 3291 39 22 chi

995 3336 58 22 pare
1061 3334 47 17 una
1120 3327 107 22 bandera
1238 3331 76 20 corsa,
1325 3325 143 22 sbattuliava

995 3364 59 29 ogni
1068 3360 133 28 sera,sott’a
1211 3366 33 16 un
1253 3359 82 28 sigaru
1343 3358 126 28 sempr’ac-

996 3404 64 20 cesu,
1071 3403 13 16 a
1094 3402 17 16 u
1124 3394 68 27 caffè,
1203 3401 14 15 a
1227 3400 17 15 u
1254 3394 79 21 teatru
1344 3397 15 17 0
1367 3392 20 21 a’
1403 3393 65 21 ciné-

995 3438 48 16 ma.
1053 3430 157 23 L’adattatore
1218 3428 25 21 di
1255 3426 98 23 Mi'nutu
1367 3426 102 22 dev’avè

996 3466 25 22 di
1034 3465 79 29 quellu
1121 3469 91 22 sangue
1221 3459 52 24 cusì
1284 3459 96 28 gioiosu
1388 3461 14 20 ?

1261 3498 178 23 LAGHIONE.

1498 164 99 48 MER
1644 166 148 48 BELLE
1834 165 99 49 AUX
1976 167 101 47 ILES
2123 164 351 50 SANGUINAIRES

1527 281 67 22 Cette
1619 283 131 22 indication
1767 285 32 20 du
1813 285 102 21 bulletin
1923 284 50 23 mé-

1499 314 166 29 téorologique
1669 317 177 26 passablement
1852 324 121 15 rassuran-

1499 349 24 20 te
1541 353 62 22 pour
1624 355 62 15 ceux
1696 350 41 27 qui
1756 350 117 22 souffrant
1885 351 32 21 du
1925 352 48 20 mal

1501 380 29 21 de
1547 386 51 16 mer
1624 384 61 19 vont
1701 384 173 26 entreprendre
1895 384 23 21 la
1926 385 47 21 tra-

1499 413 84 21 versée
1601 414 235 27 Ajaccio-Marseille
1856 423 31 15 ou
1910 418 63 21 vice-

1500 451 69 17 versa
1591 453 32 15 en
1632 448 106 22 confiant
1745 450 63 21 leurs
1820 450 92 22 lombes
1927 456 47 16 aux

1501 479 138 23 couchettes
1656 488 10 13 «
1677 481 32 22 du
1721 481 115 23 Numidia
1844 489 11 15 »
1865 483 62 22 n’est
1935 490 39 15 au-

1501 513 35 21 tre
1543 519 46 21 que
1593 514 24 21 le
1626 515 55 21 titre
1695 516 32 21 du
1734 521 110 16 nouveau
1852 522 84 16 roman
1944 517 30 21 de

1501 547 68 20 notre
1594 549 121 21 excellent
1734 550 47 21 ami
1794 551 25 20 et
1828 550 146 28 concitoyen

1501 577 50 27 J.B.
1561 579 132 29 Marcaggi,
1705 582 22 21 le
1750 583 169 28 sympathique
1940 584 35 21 bi-

1503 611 154 24 bliothécaire
1668 615 30 21 de
1711 618 69 19 notre
1792 617 66 20 ville.

1530 644 28 22 La
1566 647 118 21 modestie
1696 648 56 21 bien
1765 655 94 15 connue
1877 650 30 20 de
1920 650 55 21 l'au-

1502 678 51 21 teur
1572 678 148 30 m’empêche
1732 682 66 21 seule
1805 682 30 22 de
1845 682 130 23 m’étendre

1503 717 91 17 comme
1611 713 18 22 il
1641 715 166 22 conviendrait
1826 722 42 16 sur
1882 717 33 21 le~
1926 716 49 22 mé-

1503 745 56 22 rites
1579 746 71 23 d’une
1673 748 42 22 des
1738 750 175 26 personnalités
1939 751 35 21 les

1504 779 51 27 plus
1578 784 152 24 marquantes
1754 783 42 21 des
1818 783 83 22 lettrés
1911 784 64 21 insu-

1503 812 77 22 laires.

1531 847 35 20 Ce
1580 848 74 22 serait
1668 849 122 22 d'ailleurs
1813 850 72 22 chose
1898 856 78 22 super

1504 878 45 23 flue
1570 880 73 24 sinon
1652 882 162 27 prétentieuse
1821 884 99 22 attendu
1929 889 46 22 que

1504 912 120 24 l’écrivain
1636 915 42 22 des
1690 923 14 13 «
1715 916 92 23 Chants
1825 917 30 22 de
1871 918 23 21 la
1911 917 64 22 Mort

1504 950 24 22 et
1541 947 30 22 de
1583 949 22 21 la
1622 948 119 24 Vendetta
1753 957 21 20 »,
1782 951 29 21 de
1819 958 13 14 «
1846 951 88 22 Fleuve
1945 951 30 22 de

1505 980 61 29 Sang
1577 988 22 19 »,
1613 982 30 22 de
1661 989 13 15 «
1684 983 30 22 La
1727 983 97 24 Genèse
1850 985 31 21 de
1898 984 77 29 Napo-

1503 1014 55 23 léon
1566 1022 22 19 »,
1605 1018 24 20 et
1648 1017 30 21 de
1696 1019 52 20 tant
1770 1017 102 23 d’autres
1892 1025 83 16 ouvra-

1503 1054 42 23 ges
1564 1055 42 16 sur
1628 1050 24 21 le
1671 1051 76 27 grand
1773 1051 98 23 homme
1892 1055 24 19 et
1936 1058 40 16 sur

1504 1082 22 21 le
1549 1088 59 24 pa3's
1617 1083 32 22 où
1661 1084 17 21 il
1690 1084 35 22 vît
1744 1086 22 20 le
1777 1085 56 28 jour
1845 1092 13 15 a
1873 1092 28 15 su
1913 1085 61 23 s’im-

1504 1122 71 21 poser
1597 1123 49 16 aux
1664 1118 103 22 lecteurs
1794 1125 56 16 sans
1874 1119 101 22 réclame

1505 1152 126 26 tapageuse
1644 1157 31 16 ou
1687 1153 151 21 outrancière
1853 1159 43 22 par
1906 1153 70 22 l’uni-

1505 1189 45 22 que
1577 1185 127 27 puissance
1728 1187 31 20 de
1776 1192 44 17 son
1845 1187 89 26 savoir,
1953 1188 22 21 la

1505 1217 92 28 probité
1605 1219 30 21 de
1651 1224 44 17 son
1717 1220 85 22 travail
1811 1222 25 20 et
1843 1221 22 21 la
1875 1221 101 28 vigueur

1504 1251 29 22 de
1559 1258 25 16 sa
1609 1253 89 24 plume.

1532 1284 32 22 En
1577 1285 108 23 écrivant
1706 1294 13 13 «
1728 1287 54 23 Mer
1794 1288 65 22 belle
1872 1294 47 16 aux
1929 1287 46 23 Iles

1505 1317 167 30 Sanguinaires
1682 1328 11 13 »
1703 1320 34 22 M.
1750 1321 12 26 J
1776 1321 26 21 B.
1828 1321 121 28 Marcaggi
1961 1328 13 15 a

1504 1353 72 21 voulu
1592 1352 62 23 faire
1678 1359 86 17 oeuvre
1786 1355 30 21 de
1840 1355 135 22 romancier

1505 1385 190 30 psychologique
1703 1390 23 19 et
1732 1388 32 22 de
1776 1388 156 29 descripteur.

1532 1419 19 22 Il
1567 1426 40 16 me
1624 1421 76 27 paraît
1716 1428 18 22 y
1747 1422 68 22 avoir
1827 1423 148 28 pleinement

1504 1453 82 24 réussi.

1529 1488 41 27 J’ai
1586 1495 118 22 parcouru
1714 1497 28 16 ce
1773 1491 60 22 beau
1845 1491 62 22 livre
1919 1491 54 22 d’un

1504 1522 56 22 bout
1580 1522 13 23 à
1613 1523 83 23 l’autre
1709 1531 61 15 avec
1792 1524 91 23 avidité
1900 1527 32 24 et,
1949 1525 25 28 je

1503 1556 22 22 le
1547 1557 118 27 confesse,
1678 1564 60 16 avec
1748 1564 26 16 ce
1781 1558 59 23 fond
1849 1559 31 22 de
1888 1560 86 21 nostal-

1503 1590 72 28 gique
1591 1591 115 23 curiosité
1715 1598 46 22 que
1778 1594 52 21 tout
1841 1598 67 17 corse
1921 1599 52 22 por-

1503 1626 23 19 te
1537 1630 29 16 en
1579 1625 34 21 lui
1631 1628 25 19 et
1679 1626 39 27 qui
1743 1625 107 23 s’éveille
1868 1626 105 28 lorsqu’il

1503 1660 35 19 est
1559 1659 112 27 question
1686 1660 30 21 de
1731 1665 45 17 son
1793 1666 67 23 pays.

1531 1691 26 23 Et
1577 1693 17 21 il
1618 1693 46 22 m’a
1676 1694 156 22 doublement
1858 1693 87 22 séduit.

1531 1731 18 22 Il
1562 1732 46 22 m’a
1629 1732 97 23 d’abord
1747 1734 40 27 plu
1802 1740 71 22 parce
1894 1739 46 22 que
1948 1734 26 28 je

1502 1766 48 21 suis
1575 1766 114 23 Aiaccien
1704 1774 5 19 ;
1720 1767 93 23 ensuite
1836 1773 71 22 parce
1928 1773 45 22 que

1503 1800 32 22 M.
1566 1800 21 27 J.
1603 1800 27 22 B.
1651 1800 120 29 Marcaggi
1795 1807 13 16 a
1823 1800 100 24 réveillé
1943 1807 29 16 en

1502 1834 56 26 moi,
1575 1841 44 21 par
1634 1835 22 21 la
1683 1836 79 27 magie
1785 1836 30 21 de
1846 1841 26 16 sa
1894 1836 80 27 plume

1502 1868 99 22 nombre
1615 1868 29 22 de
1654 1870 127 21 souvenirs
1796 1869 78 27 chers,
1889 1868 83 23 d’écla-

1501 1904 76 20 tantes
1590 1902 103 27 visions,
1714 1903 184 28 d’impressions
1914 1903 59 28 fugi-

1502 1936 61 22 tives
1581 1938 26 20 et
1630 1935 166 24 émouvantes.

1530 1975 20 22 Il
1573 1976 76 27 plaira
1674 1975 14 22 à
1700 1976 91 22 chacun
1817 1982 71 22 parce
1916 1976 57 28 qu’il

1501 2011 35 19 est
1554 2009 57 22 bien
1630 2009 67 27 écrit,
1716 2016 71 22 parce
1808 2016 46 22 que
1875 2010 98 23 l’auteur

1501 2042 56 22 s’est
1573 2042 94 23 attaché
1695 2043 15 22 à
1725 2044 95 26 rendre,
1846 2050 60 16 avec
1925 2045 48 21 sin-

1501 2074 80 28 cérité,
1603 2082 28 16 ce
1646 2077 58 27 qu’il
1719 2083 14 15 a
1744 2083 41 20 vu,
1798 2077 116 28 éprouvé,
1924 2084 49 16 res-

1501 2110 60 22 senti
1587 2112 26 19 et
1633 2110 92 23 admiré
1737 2117 65 18 avec,
1807 2117 46 16 son
1865 2111 55 22 âme
1941 2112 31 22 de

1500 2143 68 28 poète
1587 2143 95 28 délicat,
1707 2145 131 28 d’analyste
1855 2145 75 22 subtil
1948 2147 25 20 et

1499 2176 106 24 humain.

1527 2217 20 22 Il
1564 2218 78 27 plaira
1659 2224 71 22 parce
1742 2218 57 29 qu’il
1821 2221 39 20 est
1873 2219 69 23 beau.

1526 2257 67 23 Dans
1617 2258 57 22 Mer
1694 2258 64 22 belle
1781 2265 52 16 aux
1846 2259 52 22 Iles
1909 2259 62 23 San-

1499 2292 129 28 guinaires
1650 2298 62 16 nous
1723 2292 91 23 faisons
1827 2293 25 22 la
1863 2294 107 21 connais-

1499 2331 70 16 sance
1587 2326 32 22 de
1635 2325 102 29 Jacques
1757 2326 123 27 TramÔni,
1898 2327 73 28 jeune

1499 2359 96 22 homme
1611 2360 31 21 de
1657 2360 81 21 bonne
1747 2360 90 22 famille
1854 2360 118 28 ajàccien-

1499 2399 30 16 ne
1545 2397 54 24 que,
1623 2399 39 16 ses
1670 2394 82 22 loisirs
1769 2395 25 20 et
1800 2401 27 15 sa
1834 2395 99 27 passion
1941 2394 30 22 de

1499 2426 84 23 l’étude
1607 2427 99 22 mènent
1726 2430 102 20 souvent
1836 2434 58 16 vers
1904 2429 23 21 la
1936 2428 34 22 bi-

1499 2460 137 29 bliothèque
1648 2461 30 22 de
1700 2462 23 21 la
1734 2462 68 21 ville.

1525 2507 27 21 Et
1566 2506 59 24 c’e.st
1644 2507 59 22 dans
1720 2513 28 16 ce
1759 2507 135 23 sanctuaire
1904 2507 31 22 de
1947 2508 23 21 la

1499 2540 93 28 pensée,
1614 2547 47 22 que
1671 2543 69 20 notre
1754 2547 152 23 personnage
1917 2547 53 16 sera

1499 2574 109 28 présenté
1620 2574 14 22 à
1643 2575 112 22 Madame
1764 2574 116 28 Seillette,
1897 2575 73 28 jeune

1499 2608 167 27 Toulousaine,
1680 2614 82 17 venue
1777 2615 31 19 en
1820 2608 78 24 Corse
1908 2615 62 22 pour

1499 2643 21 21 le
1528 2641 194 23 rétablissement
1734 2642 31 21 de
1777 2649 26 15 sa
1814 2642 69 22 santé
1888 2644 25 20 et
1918 2649 51 15 aus-

1499 2676 19 21 si
1539 2682 33 15 un
1583 2681 49 22 peu
1639 2675 84 22 attirée
1730 2682 44 21 par
1792 2677 63 21 cette
1874 2677 95 27 angois-

1499 2711 63 20 sante
1571 2711 25 20 et
1599 2709 160 28 mystérieuse
1768 2709 143 24 fascination
1923 2716 46 22 que

1499 2744 25 21 La-
1539 2743 78 28 patrie
1639 2743 37 24 de.
1685 2743 135 28 Bonaparte
1836 2745 25 20 et
1875 2745 24 21 le
1909 2750 60 23 pays

1499 2777 27 22 de
1544 2777 24 22 la
1594 2777 116 22 vendetta
1732 2779 116 20 exercent
1870 2784 42 16 sur
1933 2779 36 21 les

1499 2811 176 22 continentaux.

1524 2849 36 23 De
1572 2851 64 21 cette
1650 2851 129 21 rencontre
1791 2851 88 21 sortira
1892 2851 23 21 la
1923 2853 45 20 tra-

1496 2889 38 16 me
1559 2883 30 22 de
1613 2883 118 22 l’histoire
1753 2884 40 27 qui
1828 2883 63 23 n’est
1901 2886 67 20 autre

1496 2916 85 29 qu’une
1609 2917 74 28 idylle
1706 2917 172 28 passionnante
1890 2917 14 22 à
1914 2923 54 17 sou-

1495 2950 56 26 hait,
1557 2956 26 16 se
1589 2952 98 25 nouant,
1699 2952 24 20 et
1734 2957 28 15 se
1771 2949 128 24 déroulant
1911 2957 57 17 sous

1494 2983 97 23 l’ombre
1618 2983 109 23 tutélaire
1751 2987 25 20 et
1800 2986 120 28 complice
1937 2987 30 21 de

1495 3017 125 28 Napoléon
1654 3018 59 22 dont
1737 3019 24 21 le
1779 3020 118 21 souvenir
1918 3023 50 19 sert

1495 3051 30 22 de
1543 3051 56 22 trait
1608 3051 107 27 d’union,
1731 3052 31 21 de
1768 3052 111 28 prétexte
1886 3055 24 20 et
1920 3053 48 22 d’a-

1494 3085 84 22 liment
1607 3084 15 23 à
1633 3085 31 22 de
1671 3086 89 27 jeunes
1779 3092 61 21 gens
1852 3085 65 29 épris
1937 3087 30 22 de

1495 3118 83 22 beauté
1584 3121 26 19 et
1618 3119 34 21 de.
1658 3118 141 28 littérature,
1809 3126 59 16 sous
1882 3126 33 16 un
1921 3120 46 22 ciel

1494 3151 145 23 idéalement
1661 3153 87 25 serein,
1766 3159 29 15 au
1817 3154 55 21 sein
1893 3153 73 23 d’arô-

1494 3191 50 16 mes
1556 3185 140 28 pénétrants
1707 3188 24 20 et
1743 3192 107 21 pervers,
1867 3187 60 22 dans
1933 3194 33 15 un

1495 3218 71 23 décor
1577 3219 31 22 de
1620 3219 83 23 féerie.

1523 3253 29 21 Le
1562 3253 94 22 lecteur
1676 3255 38 20 est
1736 3254 131 28 empoigné
1884 3254 42 23 dès
1942 3256 24 21 le

1494 3286 72 22 début
1576 3286 34 22 du
1621 3292 85 17 roman
1712 3289 26 20 et
1751 3293 30 15 en
1793 3288 114 22 demeure
1916 3289 49 26 jus-

1494 3319 51 28 qu’à
1552 3319 131 28 l’épilogue
1697 3321 23 20 le
1732 3319 94 24 témoin
1833 3321 99 23 vibrant
1941 3323 24 21 et

1493 3352 81 23 altéré.

1521 3392 20 23 Il
1553 3393 119 22 tressaille
1683 3393 15 22 à
1708 3394 23 21 la
1742 3393 52 29 joie
1806 3394 43 21 des
1869 3400 96 22 person-

1494 3433 79 22 nages,
1576 3427 113 22 s’attriste
1701 3427 14 22 à
1724 3429 66 20 leurs
1798 3428 167 28 peines,vibre

1494 3460 14 22 à
1528 3461 63 22 leurs
1610 3461 201 28 enthousiasmes,
1828 3461 137 24 s’attendrit

1494 3501 58 15 avec
1559 3501 50 16 eux
1620 3501 42 16 sur
1667 3502 48 15 une
1725 3495 73 22 scène
1805 3495 129 29 imprévue
1940 3499 25 20 et

1493 3528 128 23 touchante
1630 3531 26 20 et
1669 3536 27 15 se
1702 3530 72 27 pâme
1783 3530 30 21 de
1824 3531 81 22 même
1920 3531 45 21 de-

1494 3564 57 20 vant
1560 3563 23 21 la
1600 3563 175 28 magnificence
1795 3564 56 22 d’un
1863 3564 103 22 coucher

1494 3597 35 28 det
1541 3597 79 22 soleil.

1521 3636 68 21 Avec
1598 3635 103 27 Jacques
1718 3635 114 23 Tramoni
1842 3638 26 20 et
1885 3637 81 22 Mada-

1494 3675 38 15 me
1540 3669 108 22 Seillette
1657 3669 18 20 il
1683 3671 114 24 parcourt
1814 3671 37 20 les
1862 3675 57 16 rues
1936 3671 30 21 de

1493 3701 132 22 l’ancienne
1635 3701 108 28 Ajaccio,
1753 3701 99 28 pénètre
1864 3703 59 21 dans
1930 3704 36 20 les

1493 3734 112 26 maisons,
1616 3735 73 21 visite
1708 3735 37 20 les
1766 3735 104 26 musées,
1885 3736 81 21 fouille

1493 3768 25 19 et
1528 3772 83 16 remue
1622 3768 37 20 les
1666 3768 139 21 souvenirs.

2027 285 101 22 Chacun
2137 285 30 22 de
2175 286 64 20 leurs
2247 290 42 22 pas
2298 284 52 21 font
2355 289 30 16 en
2390 282 87 23 réson-

1999 320 59 20 nant
2068 325 41 15 sur
2118 319 24 21 le
2150 324 92 21 pavage
2260 317 43 21 des
2318 316 76 22 vieux
2408 322 70 22 quar-

1999 352 59 21 tiers
2065 358 27 15 se
2104 352 111 21 soulever
2226 350 160 27 l’impalpable
2402 351 26 19 et
2434 348 46 28 pé-

2000 384 108 22 nétrante
2119 383 125 29 poussière
2253 383 32 21 du
2291 381 70 29 passé
2375 388 59 16 sous
2444 383 35 20 la-

2000 419 79 26 quelle
2089 419 35 21 les
2142 417 183 23 connaissances
2342 417 26 21 et
2377 414 102 23 l’érudi-

1999 452 53 21 tion
2081 452 32 21 du
2141 452 111 22 cicerone
2289 451 30 21 de
2347 451 24 20 la
2402 450 77 27 jeune

2000 484 163 23 Toulousaine
2180 487 62 20 vont
2258 486 101 20 trouver
2377 483 100 26 intacte,

1999 518 82 27 pleine
2104 519 30 21 de
2153 518 85 28 poésie
2256 520 25 20 et
2304 518 30 22 de
2348 517 129 26 fraîcheur,

1999 550 117 24 l’enfance
2129 552 32 21 du
2169 551 148 23 surhomme.

2030 593 56 22 Puis
2108 600 27 15 se
2162 594 97 28 produit
2289 600 28 15 ce
2344 594 40 27 qui
2419 593 60 22 fata-

2001 627 89 22 lement
2126 628 81 21 devait
2255 633 27 16 se
2311 627 115 28 produire
2466 632 6 16 :

2001 660 69 27 après
2082 661 70 21 avoir
2168 660 105 26 rêvassé,
2287 666 41 16 sur
2344 661 23 20 la
2378 665 97 22 prome-

2001 693 61 25 nade
2071 693 42 22 des
2126 693 170 30 Sanguinaires
2308 700 30 15 en
2353 693 123 26 écoutant,

2001 727 115 28 alanguis,
2137 729 34 21 les
2188 727 198 23 chuchotements
2407 727 71 22 indé-

2001 760 119 22 finissabls
2144 762 30 21 de
2197 762 22 21 la
2231 764 84 19 nature
2327 763 23 20 et
2367 762 35 21 les
2422 767 55 16 sou-

2001 794 51 26 pirs
2059 794 32 21 du
2099 795 65 28 golfe
2171 796 161 24 ensorceleur,
2346 795 35 21 les
2393 800 84 17 amou-

2001 832 61 17 reux
2077 828 148 22 deviennent
2238 830 81 20 amant
2332 830 25 20 et
2369 828 109 22 maîtres-

2001 871 54 16 se...

2030 905 28 22 Et
2085 906 62 22 deux
2184 912 79 16 coeurs
2314 906 162 28 désemparés,

2003 938 90 23 battant
2107 939 14 22 à
2133 939 115 23 l’unisson
2273 945 56 17 sous
2342 941 24 21 le
2389 939 89 23 souffle

2003 971 54 23 d’un
2071 973 117 27 coupable
2210 979 85 16 amour
2318 973 104 22 devront
2433 974 44 21 do-

2003 1005 114 23 rénavant
2146 1007 72 21 lutter
2246 1009 84 20 contre
2349 1007 23 21 le
2390 1006 87 23 réseau

2003 1039 56 22 ténu
2073 1040 42 22 des
2151 1039 119 29 préjugés,
2292 1041 35 21 les
2347 1040 125 28 principes

2003 1073 89 28 rigides
2107 1074 31 21 de
2158 1079 60 23 gens
2230 1073 83 22 élevés
2334 1074 59 22 dans
2407 1075 23 21 la
2439 1080 39 16 re-

2003 1107 74 27 ligion
2104 1110 24 19 et
2147 1108 36 21 les
2206 1107 129 23 embûches
2363 1108 112 22 diverses

2003 1145 46 22 que
2065 1141 23 21 la
2097 1142 90 21 morale
2203 1141 115 22 insulaire
2329 1141 66 22 sème
2417 1147 59 16 sous

2003 1174 34 21 les
2057 1180 42 21 pas
2115 1174 111 29 d’esprits
2255 1177 56 26 trop
2336 1175 139 22 affranchis.

2032 1218 37 23 De
2090 1220 50 21 loin
2161 1226 31 16 en
2207 1220 51 22 loin
2279 1220 132 28 apparaîtra
2423 1226 54 16 aus-

2003 1252 19 21 si
2039 1252 23 22 le
2082 1253 83 28 visage
2185 1253 128 29 angélique
2336 1256 24 20 et
2391 1253 85 29 éploré

2003 1286 69 22 d’une
2091 1287 73 28 jeune
2187 1287 137 27 ajaccienne
2346 1288 61 22 dont
2421 1287 55 23 l’in-

2003 1320 113 22 clination
2141 1321 103 23 discrète
2255 1328 60 21 pour
2328 1321 97 23 l’amant
2445 1322 31 21 de

2003 1352 109 24 Madame
2124 1353 106 23 Seillette
2247 1356 142 27 prolongera
2402 1356 22 21 la
2433 1354 44 24 dé-

2003 1389 75 20 tresse
2100 1389 91 21 morale
2212 1389 30 22 de
2261 1389 102 28 Jacques
2380 1388 97 29 jusqu’à

2003 1420 135 29 l’angoisse.

2029 1461 50 22 Des
2109 1462 138 27 situations,
2285 1462 54 23 d’un
2363 1462 114 24 réalisme

2000 1495 126 23 saisissant
2134 1497 60 21 mais
2202 1496 41 28 qui
2253 1500 86 19 savent
2347 1498 130 22 demeurer

2000 1528 60 22 dans
2084 1530 23 21 la
2123 1532 57 20 note
2198 1530 30 22 de
2250 1531 23 22 la
2293 1530 103 23 décence
2417 1538 58 22 aug-

2000 1565 110 20 mentent
2127 1564 31 21 de
2169 1564 53 28 plus
2245 1571 31 16 en
2292 1565 52 28 plus
2370 1564 107 23 l’intérêt

2000 1596 32 21 du
2055 1597 63 22 livre
2127 1597 59 23 dont
2198 1604 32 16 on
2247 1601 58 25 peut
2313 1599 52 22 dire
2372 1598 58 29 qu’il
2444 1605 32 16 11e

2001 1630 78 22 faiblit
2097 1630 13 22 à
2128 1637 77 16 aucun
2226 1632 100 23 instant.

2028 1669 93 23 Parfois
2134 1677 28 15 se
2178 1673 137 21 souvenant
2330 1672 58 28 qu’il
2402 1679 16 16 a
2435 1672 41 23 été

1997 1703 148 28 journaliste-
2158 1705 34 21 M.
2207 1705 21 27 J.
2239 1705 27 22 B.
2280 1705 122 30 Marcaggi
2414 1707 63 22 don-

2000 1743 31 15 ne
2043 1736 15 23 à
2079 1743 26 16 sa
2113 1739 81 27 plume
2210 1745 35 16 un
2255 1741 55 21 tour
2317 1740 83 22 incisif
2409 1747 67 16 com-

2000 1776 40 16 me
2058 1777 44 22 par
2124 1773 111 28 exemple
2261 1774 109 28 lorsqu’il
2395 1774 80 23 décrit

1999 1810 60 17 avec
2088 1807 172 22 connaissance
2276 1808 158 27 approfondie
2444 1809 32 21 de

1999 1844 46 17 nos
2061 1845 90 16 moeurs
2163 1841 131 28 politiques
2311 1848 46 15 une
2368 1841 107 24 élection

2000 1872 144 28 municipale
2162 1873 13 22 à
2199 1874 100 29 Ajaccio
2307 1882 6 15 :
2327 1876 35 21 les
2396 1876 78 28 sujets

2000 1906 40 28 qui
2055 1906 113 23 évoluent
2180 1908 59 22 dans
2248 1911 63 20 cette
2319 1910 155 28 atmosphère

1999 1940 31 21 de
2050 1940 74 23 fièvre
2144 1942 43 21 des
2210 1941 113 29 périodes
2330 1943 145 23 électorales

1998 1979 32 16 en
2045 1980 69 16 corse
2135 1978 55 19 sont
2207 1976 103 28 croqués
2332 1983 42 16 sur
2397 1978 24 22 le
2439 1978 40 22 vif

1999 2009 24 20 et
2032 2010 53 20 tout
2096 2008 48 22 bon
2151 2009 105 28 ajaccien
2266 2016 88 22 pourra
2362 2012 35 21 les
2404 2012 71 22 iden-

1998 2041 65 22 tifier
2084 2041 14 22 à
2108 2042 77 23 loisir.

2028 2086 67 23 Enfin
2111 2093 48 22 que
2185 2094 27 16 ce
2225 2089 49 22 soit
2296 2090 59 23 dans
2369 2091 36 22 les
2417 2097 58 17 rues

1998 2120 31 22 de
2052 2121 22 21 la
2088 2122 66 25 ville,
2175 2128 42 16 sur
2235 2124 23 21 la
2274 2126 147 26 promenade
2441 2126 33 22 du

1998 2153 100 28 Salario,
2120 2161 41 16 sur
2180 2157 22 21 la
2214 2159 71 20 route
2302 2158 30 22 de
2343 2159 23 21 la
2379 2159 94 27 Parata,

1998 2194 33 16 ou
2046 2188 13 22 à
2077 2189 141 28 Vizzavona,
2232 2191 100 23 l’artiste
2340 2199 15 15 a
2365 2199 28 16 su
2405 2196 68 20 trou-

1997 2228 46 16 ver
2056 2228 61 23 pour
2140 2230 43 16 son
2204 2225 100 28 pinceau
2320 2233 46 15 une
2380 2228 92 27 palette

1997 2255 57 23 d’un
2070 2256 190 25 éblouissement
2282 2266 56 16 sans
2361 2262 77 27 pareil
2447 2264 26 20 et

1997 2290 36 21 les
2059 2290 112 24 tableaux
2182 2292 156 29 longuement
2358 2296 116 22 ensoleil-

1997 2323 36 22 lés
2062 2330 93 17 comme
2177 2327 35 21 les
2241 2327 85 23 scènes
2348 2329 125 22 curieuses

1998 2357 57 28 qu’il
2073 2359 68 27 place
2165 2366 57 16 sous
2243 2367 45 16 nos
2304 2368 66 23 yeux
2392 2363 82 23 émer-

1997 2391 86 22 veillés
2105 2395 56 20 sont
2172 2394 20 21 si
2205 2394 56 22 bien
2279 2394 109 29 dépeints
2400 2396 73 29 qu’ils

1997 2431 30 16 ne
2042 2429 107 25 peuvent
2171 2429 50 21 être
2245 2435 47 22 que
2313 2430 31 22 du
2358 2430 112 23 «vécu».

2024 2466 10 28 (
2042 2472 8 15 1
2060 2467 8 28 )
2080 2465 58 23 Mer
2148 2467 62 22 belle
2222 2474 53 16 aux
2292 2469 50 22 Iles
2361 2469 112 30 Sangui-

1997 2501 94 21 naires-
2098 2502 41 20 est
2150 2501 92 28 appelé,
2259 2501 14 23 à
2290 2508 57 17 mon
2360 2505 112 22 modeste

1997 2534 60 25 avis,
2074 2533 14 22 à
2099 2540 32 16 un
2150 2535 83 23 succès
2249 2537 156 23 retentissant
2416 2540 56 21 tout

1997 2567 85 28 auprès
2099 2568 30 22 de
2147 2574 44 16 nos
2209 2571 169 26 compatriotes
2399 2572 42 28 qui
2453 2579 19 22 y

1997 2601 146 27 respireront
2154 2608 30 16 en
2202 2603 22 22 le
2236 2604 73 22 lisant
2317 2606 34 21 les
2360 2607 112 21 senteurs

1997 2635 118 22 violentes
2127 2635 31 22 de
2174 2638 67 20 notre
2259 2639 94 27 maquis
2368 2645 30 16 en
2410 2646 17 22 y
2434 2646 38 16 re-

1997 2669 153 22 connaissant
2170 2670 54 27 plus
2252 2670 56 23 d’un
2325 2673 53 21 coin
2406 2672 65 23 aimé

1997 2702 38 27 qui
2057 2702 86 28 auprès
2165 2703 43 23 des
2226 2706 174 23 continentaux
2412 2713 59 16 aux-

1997 2737 67 26 quels
2083 2737 17 21 il
2123 2738 91 26 parlera
2223 2739 84 22 mieux
2322 2746 42 21 par
2379 2741 23 22 la
2414 2741 57 22 des-

1997 2769 102 27 cription
2125 2770 33 22 du
2178 2777 104 23 paysage
2297 2778 68 17 corse
2385 2779 48 22 que
2446 2775 23 21 le

1997 2802 108 22 meilleur
2112 2803 44 22 des
2172 2803 63 23 films
2252 2808 25 20 et
2291 2807 23 21 le
2331 2807 52 27 plus
2395 2808 76 22 docu-

1997 2835 78 23 menté
2084 2837 42 22 des
2141 2838 85 21 suides
2242 2840 156 19 tonristimmç

2220 2914 18 15 *

2205 2933 17 16 &

2023 2991 31 22 La
2061 2992 118 27 longueur
2189 2993 160 24 involontaire
2359 2995 30 23 de
2405 2999 64 20 cette

1994 3023 71 23 étude
2074 3025 121 29 m’oblige,
2206 3026 13 22 à
2228 3027 101 29 abréger
2339 3031 26 20 et
2373 3032 97 25 partant

1993 3058 30 22 de
2036 3061 62 20 cette
2106 3059 229 30 étude,m’empêche
2340 3063 31 22 de
2378 3064 53 22 dire
2437 3070 32 16 en

1992 3093 90 21 termes
2094 3093 140 28 appropriés
2248 3097 52 21 tout
2314 3096 22 22 le
2350 3097 57 22 bien
2420 3103 49 22 que

1990 3125 26 28 je
2024 3131 74 22 pense
2103 3126 30 22 de
2138 3126 106 23 «Milia»
2251 3128 33 28 (2)
2292 3135 46 16 une
2349 3130 118 29 tragédie,

1992 3159 32 21 du
2033 3160 78 21 même
2121 3163 90 24 auteur,
2230 3167 66 16 soeur
2326 3162 98 28 jumelle
2437 3165 32 21 de

1992 3199 14 13 «
2016 3192 53 22 Mer
2088 3193 63 22 belle
2161 3200 15 16 »
2202 3200 44 22 par
2262 3196 23 21 la
2307 3196 115 24 sincérité
2437 3198 32 22 de

1991 3227 23 21 la
2037 3227 88 22 touche
2142 3229 25 21 et
2183 3227 106 25 l’intérêt
2313 3230 39 28 qui
2366 3230 36 28 s’y
2420 3234 48 20 rat-

1991 3259 77 23 tache.

2021 3304 33 22 M.
2073 3305 51 26 J.B,
2145 3305 120 29 Marcaggi
2283 3313 13 15 a
2320 3308 58 21 dans
2401 3311 64 19 cette

1991 3339 113 21 nouvelle
2118 3339 148 27 publication
2276 3340 44 22 des
2331 3344 97 19 accents
2441 3341 25 22 é-

1991 3374 130 20 mouvants
2133 3378 28 16 au
2188 3374 112 27 suprême
2322 3374 58 23 chef
2395 3377 25 20 et
2444 3376 24 21 le

1991 3406 91 22 lecteur
2097 3406 81 22 suivra
2191 3412 60 17 avec
2262 3408 23 21 la
2294 3408 78 22 même
2388 3411 78 20 atten-

1989 3440 54 21 tion
2070 3439 145 28 passionnée
2232 3441 37 22 les
2290 3441 86 28 phases
2391 3449 73 22 gran-

1992 3473 81 22 dioses
2089 3473 30 22 de
2138 3475 63 21 cette
2220 3474 76 29 idylle
2311 3476 110 28 tragique
2439 3483 29 15 se

1991 3509 126 23 déroulant
2133 3509 14 22 à
2154 3510 156 29 Bocognano.

2351 3563 84 26 Kyrn.

2014 3672 27 22 (1)
2059 3671 83 23 Superbe
2160 3672 76 18 volume
2246 3673 22 17 in
2283 3672 30 18 16*
2325 3673 23 18 de
2359 3672 35 18 240
2400 3677 65 18 pages,

1992 3701 111 16 couverture
2113 3699 87 18 illustrée
2212 3704 25 13 en
2244 3701 51 17 deux
2305 3699 162 19 couleurs7.50

1991 3726 64 18 franco
2065 3731 35 17 par
2106 3727 21 17 la
2137 3728 80 20 poste...
2236 3727 48 18 8.50-

2014 3753 27 22 (2)
2050 3755 21 16 in
2082 3753 29 18 16'
2122 3754 24 17 de
2163 3753 23 18 80
2196 3759 62 18 pages,
2264 3755 111 18 couverture
2382 3759 25 13 en
2414 3755 53 17 deux

1992 3780 86 18 couleurs
2085 3793 20 5 ...
2117 3780 49 22 3.50,
2180 3781 63 18 franco
2253 3787 35 16 par
2298 3782 21 17 la
2326 3783 79 20 poste...
2416 3781 20 20 4.
