2524 3838
15 67 77 33 ^nu
108 54 41 28 IX
160 66 34 6 —
207 51 132 26 Numaru
350 62 51 25 320

1011 74 85 25 £sce
1109 75 74 29 ogni
1195 73 83 25 dece
1291 73 85 25 iorni

2132 73 30 17 xo
2181 63 124 36 Maghiu
2326 67 62 34 1928

484 174 1985 255 AMUVRA

797 473 242 36 GIURNALE
1077 478 45 32 DI
1161 479 25 32 E
1225 478 134 33 PIEVE
1387 478 46 33 DI
1464 478 214 33 CORSÏCA

308 573 210 20 ASBUra/UVSEWTI
527 581 7 12 :

71 601 24 17 In
106 596 106 19 Corsica.
237 607 5 5 .
623 600 32 17 12
680 601 97 18 franchi

71 632 24 16 In
107 626 102 19 Francia
531 634 7 13 :
562 643 4 4 .
591 643 5 5 .
621 631 32 18 15
723 639 9 9 »

70 663 19 16 A
115 657 104 19 l’Esteru

294 689 16 17 U
326 689 103 19 Numaru
435 695 6 13 :
447 691 16 18 5
475 692 59 17 soldi

1034 633 140 28 Direttore
1191 644 6 17 :
1220 638 92 23 Petru
1333 636 141 26 ROCCA

1921 592 15 17 A
1940 592 10 16 r

1798 630 38 23 38,
1863 631 76 17 Corsu

1755 687 73 20 C-ontu
1845 687 104 18 currente

1949 589 248 20 HMINISTRAZIONE;

1970 630 124 18 Grandval
2109 629 39 18 38.
2162 637 24 5 —
2208 628 126 18 AIACCIU

1963 690 28 13 eu
2008 690 15 13 a
2043 687 67 21 posta
2128 694 24 4 —
2168 685 123 23 Marseglia
2307 685 64 22 45,S2

17 788 45 26 Un
80 782 100 25 Puntu
198 779 77 25 inde
293 787 20 17 a
330 780 109 26 Storia

147 869 73 95 U
293 869 455 99 Scandalu
821 875 87 95 di
981 875 359 97 Colmar

42 1066 49 26 per
102 1060 142 28 l’accecati
257 1060 30 26 di
300 1068 16 18 e
328 1061 77 26 scole
424 1061 54 25 lai-

15 1107 46 27 che
83 1111 15 17 e
124 1100 183 33 ubligatori.e,
332 1100 145 34 primarie.

14 1139 152 34 sicundarie
190 1147 16 17 e
234 1139 80 26 d'alti
344 1139 89 35 studj^
457 1148 20 17 n

13 1188 127 32 prucessu
151 1178 29 26 di
190 1177 124 28 Colmar,
324 1178 74 27 fattu
410 1187 68 18 con-

14 1228 41 22 tru
66 1229 16 17 a
92 1218 128 35 legalità,
235 1219 15 24 è
262 1226 17 17 a
294 1227 68 17 man
375 1218 29 26 di
418 1218 60 26 Diu

15 1262 41 27 chi
67 1260 22 26 li
101 1258 141 35 spannarà
252 1257 114 34 Pocchj.

44 1301 139 28 Urdinatu
207 1300 32 25 in
260 1299 83 26 fretta
366 1299 42 26 'da
437 1307 41 18 un

14 1348 122 31 guvernu
149 1339 174 35 imbriagatu
335 1339 36 26 da
384 1347 17 18 a
412 1347 66 27 pas-

14 1384 73 26 sione
99 1379 156 31 elettorale,
270 1378 78 34 dopu
360 1378 118 35 un’ispi-

13 1424 53 25 rata
74 1425 157 28 campagna
238 1418 201 35 giurnalistica
448 1417 30 26 di

14 1458 135 32 calunnie,
170 1457 77 35 dopu
259 1465 17 17 a
291 1457 188 35 perquisizio-

15 1509 40 23 ne,
68 1507 16 17 a
94 1497 207 36 provocazione
314 1505 15 17 e
341 1505 16 17 a
368 1496 111 35 prigiu-

15 1541 51 30 nìa,
76 1537 135 36 quindeci
222 1536 127 35 patriotti
361 1536 118 25 alsazia-

15 1579 26 27 ni
51 1580 30 24 sò
99 1577 67 26 stati
180 1575 160 27 strascinati
359 1575 119 26 davanti

16 1628 13 17 a
38 1616 114 28 FAssise
161 1623 85 19 senza
253 1615 47 26 chi
309 1615 83 26 l’attu
405 1615 74 25 d’ac-

16 1665 59 19 cusa
83 1658 143 32 cuntenga
234 1663 16 17 a
259 1654 121 26 minima
390 1662 89 26 prova

16 1697 25 26 di
47 1698 75 24 tuttu
135 1695 43 26 ciò
192 1694 47 26 chi
248 1703 16 17 a
276 1694 107 35 grande
394 1696 85 23 stam-

15 1745 31 27 pa
61 1735 136 31 francese,
211 1742 16 17 a
246 1734 50 35 più
308 1733 124 26 tarulata
449 1732 29 26 di

14 1775 168 31 rUniversu,
197 1775 65 25 avìa
274 1773 145 26 incalcatu
432 1780 48 18 cu-

15 1823 39 19 me
65 1822 41 18 un
125 1816 142 32 stuppone
279 1813 32 26 in
329 1811 150 28 Parecchie

15 1855 24 26 di
50 1853 114 27 milioni
176 1853 30 26 di
223 1853 95 26 lettori
335 1851 99 35 degni,
447 1851 32 26 in

14 1893 60 36 ogni
81 1891 307 38 puntUjd’imbrutlassi
396 1892 84 24 c’una

15 1933 89 26 simile
115 1932 172 26 litteratura.

43 1975 151 35 Malgradu
214 1983 16 17 a
250 1981 128 19 mascara
397 1972 48 26 chi
468 1972 11 25 i

13 2015 126 26 redattori
160 2014 29 26 di
210 2014 55 26 resi
286 2012 78 27 conti
386 2012 53 34 più
462 2019 16 18 o

14 2063 81 17 menu
109 2053 117 27 ufficiali
246 2052 190 36 appiccicanu
446 2050 32 26 in

13 2094 82 26 faccia
123 2093 27 26 di
176 2101 17 18 a
220 2093 101 31 verità,
344 2098 132 27 ognunu,

14 2133 107 32 oramai,
134 2133 74 26 vede
219 2132 109 26 chiaru.

42 2176 25 26 U
89 2175 165 35 scapizzone
270 2182 37 18 eu
319 2182 19 17 u
358 2172 88 35 quale
456 2180 20 17 u

13 2215 103 35 populu
126 2215 30 26 di
171 2223 14 17 e
198 2213 150 37 pruvincie
356 2221 17 17 «
381 2212 97 26 ricun-

15 2255 135 33 quistate»
160 2254 38 26 ha
207 2252 153 27 imbuffatu
372 2260 17 17 a
398 2258 80 19 man-

15 2294 63 26 sella
98 2294 29 26 di
139 2299 20 20 ü
176 2301 102 18 nannu
296 2289 181 29 catastrofìcu

14 2332 139 30 Poincaré.,
174 2331 173 36 eleghiendu
367 2331 37 25 da
413 2337 65 27 per-

14 2374 69 25 tuttu
103 2372 129 36 deputati
255 2368 186 29 autonomisti
460 2376 17 17 o

14 2412 227 31 autonomizanti,
274 2419 42 17 un
338 2410 140 34 permette

12 2451 45 33 più
66 2460 16 16 a
90 2450 200 36 l’imperialisti
298 2449 29 26 di
340 2447 98 35 Pangi
447 2447 30 26 di

13 2488 24 27 fà
47 2491 78 26 crede
137 2491 47 26 chi
197 2491 10 26 i
219 2499 17 17 «
243 2487 159 37 separatisti
411 2496 17 17 »
441 2495 15 17 e
467 2486 11 26 i

13 2536 14 17 «
32 2530 187 34 pro-tedeschi
230 2538 17 17 »
267 2529 211 26 s'ammontann

13 2575 13 17 a
42 2578 40 17 un
98 2570 124 29 tag-liolu
241 2568 87 26 d’una
347 2569 132 24 trentena

14 2607 176 29 d’individui.

43 2649 222 29 L'affirmazione
288 2651 15 24 è
327 2650 102 34 questa
442 2655 6 17 :
469 2647 9 25 i

14 2693 107 29 quattru
140 2689 173 36 cinquesimi
326 2688 30 26 di
375 2687 104 26 FAlsa-

12 2728 68 28 ziani
99 2733 31 24 sò
148 2729 126 28 bramosi
295 2728 29 26 di
342 2736 17 16 a
376 2726 103 26 decen-

12 2768 190 28 tralizzazione
214 2777 16 18 a
241 2769 51 35 più
313 2769 80 24 netta
402 2774 7 23 ;
430 2773 49 18 vo-

12 2805 64 29 lenu
91 2817 134 18 mantene
238 2816 15 18 e
265 2815 31 19 so
308 2805 168 31 tradizione,

15 2850 130 24 cunservà
168 2857 16 17 a
206 2856 30 18 so
260 2847 102 34 lingua
374 2852 16 18 e
410 2851 16 18 a
447 2851 31 18 so

14 2887 142 35 religione.

45 2928 21 27 U
81 2933 83 23 statu,
179 2931 72 31 ellu,
265 2929 66 26 vole
343 2928 136 33 Poppres-

14 2965 73 30 sione
110 2969 153 35 giacubina
290 2967 51 35 più
364 2966 114 34 pisante

14 3006 46 26 che
72 3017 17 17 u
106 3009 95 26 stifale
214 3006 177 37 germanicu,
413 3005 10 25 1
434 3011 44 18 as-

14 3043 170 32 similazione
204 3047 134 29 assoluta,
353 3053 16 17 a
390 3044 88 25 dena-

14 3083 257 36 zionalizzazione,a
280 3082 198 29 discristianiz-

15 3125 118 28 zazione.

43 3162 164 39 Strassburg
228 3171 130 30 prupone
381 3170 18 18 a
419 3161 57 25 cul-

14 3198 184 40 îaburazione,
229 3204 94 34 Parigi
360 3201 79 35 esige
462 3208 17 17 a

15 3245 221 26 suttumissione.

44 3280 84 30 L’omi
138 3285 47 26 chi
207 3291 112 28 posanu
342 3283 94 24 nantu
458 3286 21 17 u

14 3316 130 33 bancu....
160 3323 148 27 cFinfamia
321 3320 46 26 chi
391 3321 15 23 è
429 3325 50 27 per

16 3357 44 27 ehi
78 3370 19 17 u
107 3363 98 26 bancu
221 3363 29 25 di
270 3362 120 28 honore,
412 3359 32 24 sò
468 3355 10 26 i

14 3393 97 33 listessi
120 3402 46 26 chi
173 3401 98 28 avanti
283 3409 19 17 u
315 3407 63 26 1914
391 3398 88 24 lutta-

16 3439 70 25 vanu
98 3448 47 26 per
162 3450 15 17 e
188 3442 113 25 listesse
320 3435 158 30 rivendica-

17 3472 69 31 2ioni
96 3483 98 23 contru
205 3489 15 18 a
231 3482 125 33 putenza
362 3475 117 26 tedesca

15 3516 100 27 Centre
129 3519 46 26 chi
188 3519 93 35 quelli
295 3517 47 26 chi
360 3519 118 29 rappre-

16 3555 150 29 Sûntavanu
176 3567 22 17 u
210 3556 188 29 sciuvinismu
404 3550 74 27 assi-

17 3591 121 31 ^ilatore
149 3605 97 22 eranu.,
260 3606 18 17 a
289 3604 20 17 u
326 3597 100 29 tempu
447 3589 30 25 di

19 3626 173 42 ^uglielmu,
207 3638 10 25 i
224 3636 75 27 servi
311 3635 10 25 i
329 3633 52 35 più
400 3627 77 28 schi-

18 3663 47 31 f°si
73 3672 26 25 di
111 3682 20 17 u
138 3683 133 25 guvernu
280 3669 158 38 impériale.

49 3710 49 28 Pra
108 3715 10 25 i
130 3717 159 34 magistrati
308 3716 31 25 in
358 3711 120 27 faldetta

17 3750 71 26 r°ssa
99 3754 44 26 chi
157 3758 121 24 cercânu
289 3763 16 17 a
320 3753 28 27 fà
369 3747 108 30 triunfà

505 1070 17 17 a
544 1063 54 26 tesi
622 1063 183 35 poincarista,
831 1072 62 18 unu
918 1072 55 23 era,

505 1102 67 25 dece
596 1103 70 25 anni
678 1103 36 32 fà,
737 1104 169 35 magistratu
919 1103 29 26 di
960 1111 16 18 a

501 1141 117 34 justizia
641 1143 174 33 germanica,
849 1142 127 26 ufficiale

505 1180 29 26 di
553 1180 122 27 fantaria
705 1182 29 25 di
757 1182 130 25 Parmata
909 1181 29 25 di
955 1189 21 17 u

504 1219 162 36 Kronprinz
692 1229 15 16 e
711 1221 163 34 présidente

504 1258 371 35 assuciazionepatriottica.
888 1258 88 33 (Astu

503 1297 90 27 titulu
604 1297 165 35 prununciò
782 1305 41 18 un
847 1296 128 26 discorsu

504 1345 36 18 ne
549 1345 19 18 u
575 1338 88 34 quale
672 1336 148 27 felicitava
831 1345 21 17 u
864 1335 111 27 «vittu-

503 1377 78 26 riosu
591 1377 61 34 imp
655 1384 46 18 era
703 1376 81 34 tore.)

536 1419 152 34 InquanPa
702 1427 18 17 u
730 1420 182 33 procuratore
927 1425 48 27 ge-

503 1459 106 31 nerale,
631 1458 121 35 bisogna
773 1466 17 17 a
802 1459 67 33 sapé
889 1456 87 26 ch'el-

503 1498 32 25 lu
547 1497 30 26 fù
591 1501 134 22 accusatu
743 1497 29 26 di
785 1495 190 36 cumprumis*

504 1537 119 26 sionein
634 1536 180 27 luscandulu
827 1535 30 26 di
870 1543 15 17 e
896 1535 79 26 mine

504 1576 30 26 di
545 1579 117 32 putassa
670 1584 14 17 e
697 1576 47 26 chi
756 1575 58 26 mai
826 1576 69 25 unn’
904 1573 71 27 ebbe

504 1623 17 18 a
532 1615 92 26 fronte
636 1616 30 25 di
677 1615 28 26 fà
722 1624 18 17 a
759 1616 66 25 luce
844 1614 131 26 davant'a

504 1655 129 26 PAssise.

537 1698 54 25 Per
600 1697 37 26 dà
647 1697 116 26 un'idea
770 1697 53 35 più
834 1696 141 34 cumplet-

504 1739 30 23 ta
546 1737 29 25 di
587 1737 165 26 Pambiente
776 1744 15 18 e
799 1736 28 26 fà
850 1744 17 17 a
887 1743 88 27 prova

505 1776 47 26 chi
575 1784 16 18 e
607 1775 75 27 forze
705 1776 107 26 morale
841 1775 134 26 tedesche

504 1816 181 34 travaglianu
700 1816 29 25 di
747 1817 136 24 cuncertu
906 1822 36 18 eu
954 1823 20 16 u

505 1863 131 27 guvernu
649 1855 30 26 di
688 1854 105 34 Parigi,
804 1863 42 17 un
859 1855 39 25 c’è
921 1854 53 25 che

505 1895 122 34 aleghie
638 1894 154 26 l’indirizzi
801 1894 29 25 di
839 1893 135 35 simpatia

504 1934 104 25 inviati
621 1942 16 17 a
649 1933 137 26 Poincaré
808 1933 36 26 da
865 1933 109 25 FAssu-

505 1973 126 26 ciazione
637 1973 143 25 d’anziani
795 1972 179 26 cumbatten-

503 2013 32 26 ti.
550 2012 135 35 (Anziani
710 2011 190 27 cumbattenti
914 2011 30 25 di
962 2010 11 25 i

503 2051 172 36 reggimenti
683 2051 129 26 tedeschi
823 2050 81 35 !!...).

536 2095 34 25 In
578 2093 180 27 st'ambiente
770 2094 24 25 si
807 2093 142 34 svolgenu
961 2092 10 25 i

504 2133 203 27 dibattimenti.
730 2132 80 34 Ogni
829 2140 81 25 jornu
930 2140 43 17 ar-

502 2181 63 18 reca
571 2181 89 27 prove
673 2173 30 26 di
721 2181 17 17 a
752 2172 112 26 nobiltà
875 2179 15 18 e
911 2171 31 26 di
956 2180 17 17 a

504 2213 144 26 chiarezza
661 2213 28 25 di
713 2212 122 26 Pazione
858 2211 30 26 di
908 2212 66 24 Pac-

503 2252 92 26 cusati
618 2251 198 26 autonomisti.
840 2252 28 24 A
891 2249 82 28 Corte

502 2300 67 26 pare
574 2300 41 17 un
625 2291 129 26 vascellu
762 2289 209 35 inperdizione,

504 2339 35 18 eu
546 2331 134 35 capitanu
689 2338 16 17 e
716 2329 136 26 marinari
865 2329 46 25 chi
927 2329 47 25 in-

503 2373 128 32 toppanu
650 2369 158 27 ciocch’elli
820 2377 79 26 ponu
923 2375 52 27 per

504 2410 130 26 salvassi.

537 2452 14 26 I
562 2452 108 34 giurati
681 2453 31 24 sò
720 2450 136 26 edificati.

536 2495 87 34 Dopu
636 2503 21 17 u
669 2493 123 27 schiaffu
808 2493 29 26 di
850 2492 126 27 Pelezio-

504 2542 47 23 ne,
564 2542 21 20 a.
603 2533 197 26 cumbriccula
828 2532 147 25 Poincaré-

506 2574 113 26 Sarraut
632 2573 22 25 si
675 2572 133 35 pigliarà,
833 2580 16 16 a
873 2570 102 35 queliu

504 2613 103 31 locu,u
616 2611 93 27 calciu
721 2611 30 26 di
763 2609 210 28 l’assoluzione.

537 2653 158 36 Magnifica
717 2653 111 26 lezione
853 2660 49 26 per
925 2659 49 17 noi

505 2694 63 26 altri
593 2693 84 27 Corsi
700 2692 48 26 chi
780 2700 82 18 semu
885 2699 16 18 e
922 2690 53 35 più

504 2733 108 35 grande
628 2732 113 26 vittime
758 2731 30 25 di
800 2740 20 16 u
841 2730 92 34 spirtu
945 2729 28 25 di

506 2773 18 26 P
532 2773 41 33 89.
587 2770 242 27 L'assimilazione
841 2777 15 17 e
868 2769 107 34 l'ugua-

506 2811 142 27 litarismu
688 2808 231 27 rivuluziunariu
948 2807 25 25 ci

505 2851 77 26 hanu
595 2850 122 34 rigalatu
735 2849 9 24 i
768 2847 129 26 casaroni
918 2850 56 22 tra-

505 2893 87 30 falati,
605 2892 8 25 i
627 2891 77 35 paesi
716 2890 81 30 bioti,
814 2897 15 18 e
841 2889 133 26 zinzalee

1002 1072 16 17 e
1042 1067 86 23 centu
1148 1072 102 27 guerre
1282 1063 47 26 chi
1350 1063 120 25 Pocchiu

1003 1103 166 34 sanguignu
1183 1103 29 26 di
1225 1111 20 18 u
1260 1102 210 35 giacubinismu

1001 1142 39 25 ha
1051 1142 142 25 scatinatu
1217 1149 91 27 sopra
1320 1150 19 17 u
1351 1140 118 26 moridu.

1034 1180 82 26 Bella
1127 1181 206 25 cunsulazione
1342 1179 77 31 dinò,
1427 1179 45 25 vi-

1002 1219 96 25 dendu
1119 1218 92 35 figurà
1224 1228 15 16 a
1258 1222 46 22 stu
1324 1225 145 27 prucessu,

1000 1264 50 26 per
1063 1257 116 25 difende
1191 1256 216 31 Pautonomisti,
1420 1256 51 25 Pa-

1000 1298 108 23 vueatu
1120 1295 137 27 Palmieri
1268 1294 143 35 d'Ajacciu
1423 1302 16 17 e
1451 1302 19 17 u

1001 1334 99 27 riostru
1113 1335 85 26 Petru
1213 1335 103 26 Rocca.

1036 1374 71 26 Cusì
1117 1373 232 36 scumpariscierà
1358 1382 18 17 u
1388 1381 81 18 rossu

1001 1414 30 25 di
1043 1422 17 17 a
1072 1421 145 27 vergogna
1229 1413 47 26 chi
1289 1421 18 17 u
1319 1413 150 34 rinnegatu

1002 1453 232 35 Susini,prefettu
1242 1453 29 25 di
1279 1452 90 26 PAltu
1378 1452 89 31 Renu,

1001 1493 65 26 avia
1080 1500 98 19 messu
1189 1493 33 25 in
1238 1491 88 26 faccia
1338 1499 16 17 a
1371 1490 99 27 Cursi-

1001 1532 105 26 chella.

1096 1578 160 30 Pasquale
1267 1576 170 26 Manfred!.

1127 1697 218 41 PRDPEZ1Â(,)

1028 1791 90 22 L’anno
1129 1797 61 22 1720,
1206 1793 41 21 nel
1259 1792 121 22 territorio
1389 1791 25 22 di
1427 1791 44 22 Vi-

999 1825 79 26 terbo,
1092 1825 25 22 in
1138 1826 129 22 occasione
1283 1825 70 22 d’una
1369 1826 102 21 solleva-

999 1859 80 26 zione,
1091 1859 25 22 fu
1128 1861 99 21 trovato
1250 1860 63 21 nelle
1333 1859 61 22 falde
1414 1859 57 22 d’un

1000 1894 92 25 monte,
1103 1899 48 16 una
1165 1899 67 16 cassa
1253 1899 45 16 con
1319 1893 96 22 entrovi
1437 1899 32 16 un

999 1932 75 21 corpo
1086 1928 76 21 morto
1175 1927 30 21 ed
1222 1927 141 26 incorrotto,
1379 1928 91 21 vestito

999 1960 30 21 da
1039 1965 112 20 monaco,
1162 1960 101 22 creduto
1274 1961 131 25 olivetano,
1415 1961 56 27 quai

998 1995 90 20 teneva
1104 1994 25 21 in
1142 1999 82 23 pugno
1242 2000 47 15 una
1300 1996 63 19 caria
1374 1994 47 21 ben
1435 1994 37 21 in-

999 2027 88 26 sodita,
1099 2027 63 22 onde
1175 2027 136 22 essendone
1321 2029 62 20 stato
1404 2033 69 16 aver-

999 2061 46 22 tito
1056 2060 115 23 l’Abbate
1182 2061 55 22 d’un
1252 2061 84 22 vicino
1351 2063 120 27 monaste_

998 2100 35 21 ro,
1040 2096 83 26 presto
1131 2095 21 22 si
1159 2094 72 29 portò
1241 2101 14 15 a
1264 2095 85 22 visitar
1357 2095 66 22 detto
1434 2101 38 18 ca_

998 2129 89 22 davere
1100 2134 13 16 e
1131 2128 170 22 commandalli
1322 2128 149 28 perS.ubbi-

998 2163 83 21 dienza
1089 2168 14 15 a
1111 2162 73 22 ceder
1194 2162 65 22 detta
1279 2164 71 24 carta,
1372 2163 55 27 quai
1447 2162 23 22 di

999 2196 81 22 subito
1102 2196 94 22 cedette
1206 2203 6 20 ;
1223 2201 47 17 ove
1294 2196 67 22 eravi
1386 2196 85 22 scritto

999 2232 91 25 quanto
1103 2230 86 28 siegue
1202 2237 6 14 :

1027 2263 128 23 DaU’anno
1168 2264 54 27 1760
1232 2263 50 22 fino
1295 2263 101 22 all’anno
1407 2269 62 22 1770.

998 2297 78 22 Livor
1085 2297 110 22 ardébit.
1202 2309 29 4 —
1240 2296 127 23 Dall’anno
1381 2303 55 22 1770
1445 2297 26 22 fi-

999 2337 32 17 no
1050 2331 104 22 alFanno
1165 2330 63 29 1780.
1243 2330 159 23 Terremotus
1417 2337 55 15 ma-

998 2366 46 27 gni
1061 2367 79 26 super
1153 2367 80 20 terra.
1240 2376 29 5 —
1274 2364 126 22 Dall’anno
1415 2363 55 29 1780

1000 2398 49 23 fino
1063 2398 104 23 alPanno
1182 2404 61 23 1790.
1253 2398 74 22 Fides
1338 2397 131 23 transibit.

1002 2432 126 23 DalFanno
1149 2438 54 22 1790
1218 2431 48 22 fino
1279 2431 102 23 alFanno
1407 2431 62 22 1800.

1000 2465 114 23 Ecclesia
1127 2466 48 21 Dei
1184 2466 126 21 scaturiet
1333 2465 136 29 Sanguine.

1001 2499 128 23 DalFanno
1149 2499 53 22 1800
1223 2499 48 22 fino
1283 2499 100 22 alFanno
1408 2498 61 27 1840.

1000 2533 94 22 Pastor
1106 2539 52 16 non
1170 2534 59 21 erit.
1243 2532 127 22 DalFanno
1380 2531 54 28 1840
1445 2531 27 22 fi-

1001 2572 32 17 no
1053 2567 105 22 alFanno
1182 2565 61 23 1880.
1264 2566 45 21 Ira
1330 2566 47 22 Dei
1392 2567 80 27 super

1001 2602 105 21 terrant.
1118 2612 29 4 —
1161 2600 125 22 DalFanno
1300 2599 53 22 1880
1369 2599 49 22 fino
1440 2599 32 21 al-

1000 2633 81 23 Fanno
1092 2640 62 21 1900.
1163 2633 94 22 Omîtes
1264 2639 21 23 g
1285 2634 66 21 entes
1362 2633 108 25 venient,

1000 2670 24 20 et
1032 2667 149 22 adoràbunt
1192 2673 47 15 eur
1259 2666 61 29 (sic).
1344 2665 127 23 DalFanno

1003 2701 110 29 1900fino
1121 2701 106 21 alFanno
1237 2699 170 30 1925.Dejiciet
1416 2699 53 22 hos-

1001 2736 46 25 tia,
1062 2736 24 20 et
1093 2734 129 29 sacrificii
1228 2745 30 5 —
1265 2732 127 23 DalFanno
1416 2739 52 22 1925

1000 2768 50 22 fino
1059 2768 103 21 alFanno
1176 2773 61 22 1950.
1245 2766 58 23 2SW/
1316 2765 154 23 abominatio

1000 2804 24 19 et
1036 2800 126 23 désolâtio
1173 2801 9 20 !

1022 2870 25 21 (1)
1060 2879 20 4 —
1093 2869 84 18 Truvatu
1188 2868 20 18 in
1221 2868 13 18 li
1246 2869 60 18 scritli
1325 2868 17 17 <Ii
1354 2867 67 18 Matteo
1433 2865 38 20 Cir-

1001 2898 61 18 nensi.

1550 795 118 48 Lettre
1689 799 142 44 ouverte
1851 809 72 34 aux

1564 866 107 48 Jurés
1696 867 44 46 de
1768 867 138 47 Colmar

1624 976 123 21 Messieurs
1756 977 33 20 les
1805 978 77 23 Jurés,

1524 1017 61 21 Vous
1602 1025 57 13 avez
1676 1019 12 18 à
1703 1018 69 25 juger
1787 1025 47 14 une
1853 1019 118 24 vingtaine

1498 1045 128 21 d'hommes
1635 1045 38 25 qui
1684 1049 41 16 ont
1738 1047 98 19 commis
1852 1053 31 13 un
1901 1046 70 20 crime

1498 1073 159 20 abominable:
1667 1077 108 16 trouvant
1784 1080 45 19 que
1845 1074 33 20 les
1886 1074 86 20 métho-

1497 1100 42 20 des
1547 1101 29 20 de
1589 1101 207 20 l’Administration
1814 1101 112 24 française
1942 1108 28 13 en

1497 1128 202 21 Alsace-Lorraine
1708 1129 109 20 n’étaient
1834 1135 40 19 pas
1890 1129 82 25 parfai-

1498 1158 42 21 tes,
1553 1156 28 20 ils
1591 1162 24 14 se
1624 1159 53 17 sont
1685 1157 86 23 permis
1784 1157 28 19 de
1829 1157 97 20 l’écrire.
1944 1157 27 19 Et

1498 1189 96 16 comme,
1612 1190 32 13 un
1659 1184 55 24 jour
1729 1184 69 24 qu’ils
1816 1184 118 20 voulaient
1949 1184 22 20 le

1497 1211 50 20 dire
1556 1217 28 13 en
1594 1212 97 19 réunion
1701 1212 119 25 publique,
1835 1212 29 20 ils
1878 1216 41 16 ont
1935 1213 35 19 été

1497 1239 125 19 assommés
1641 1245 41 17 par
1706 1239 34 20 les
1759 1243 131 21 matraques
1905 1240 65 19 unies

1497 1266 41 19 des
1546 1265 129 21 socialistes
1685 1270 22 16 et
1716 1266 41 20 des
1762 1267 109 20 camelots
1879 1267 31 20 du
1928 1267 41 22 roi,

1497 1293 29 20 ils
1531 1297 41 16 ont
1579 1294 48 25 pris
1639 1293 22 20 la
1667 1294 82 20 liberté
1756 1295 88 23 grande
1850 1294 28 21 de
1886 1295 85 20 consti-

1496 1324 53 17 tuer
1558 1328 45 13 une
1612 1322 70 24 petite
1699 1325 82 22 troupe
1801 1322 30 20 de
1846 1322 122 24 partisans,

1496 1355 29 14 en
1539 1356 44 13 vue
1592 1350 29 19 de
1629 1355 25 15 se
1663 1350 112 24 protéger,
1785 1350 12 19 à
1804 1350 104 24 l’avenir,
1917 1357 54 13 con-

1497 1381 35 17 tre
1540 1384 39 14 ces
1601 1378 164 20 assommades.
1770 1388 27 5 —
1803 1377 59 21 Sous
1870 1378 22 20 le
1901 1379 69 24 règne

1496 1406 31 20 du
1542 1410 11 11 «
1562 1406 83 20 libéral
1660 1409 12 12 »
1683 1405 120 24 Poincaré,
1821 1405 16 20 il
1853 1406 50 20 n’en
1920 1406 50 21 faut

1496 1440 41 18 pas
1546 1434 51 24 plus
1605 1439 87 19 pourse
1699 1432 58 21 faire
1763 1433 125 21 accuserde
1895 1440 74 14 «com-

1496 1462 49 24 plot
1553 1465 80 16 contre
1641 1461 21 20 la
1670 1461 79 20 sûreté
1758 1461 29 20 de
1795 1461 92 21 l’Etat».

1522 1489 31 20 Le
1561 1492 181 22 gouvernement
1754 1490 80 25 espère
1851 1496 45 19 que
1913 1496 56 14 vous

1495 1517 34 21 les
1538 1518 175 23 condamnerez,
1722 1520 23 17 et
1752 1517 46 21 l’on
1807 1517 34 20 dit
1848 1518 56 24 qu’il
1913 1524 55 14 vous

1495 1551 13 14 a
1517 1546 55 20 triés
1581 1552 58 14 avec
1647 1545 60 24 soin,
1718 1545 72 25 parmi
1800 1545 35 20 les
1843 1552 57 19 gens
1914 1546 54 25 qii’il

1495 1580 101 19 suppose
1604 1573 101 21 dévoués
1714 1574 13 19 à
1735 1579 26 14 sa
1770 1580 69 13 cause
1850 1574 118 25 politique.

1496 1601 64 21 Nous
1567 1603 120 24 espérons,
1696 1608 68 17 nous,
1774 1608 46 19 que
1835 1608 57 15 vous
1906 1602 63 26 juge-

1497 1637 37 14 rez
1542 1637 29 14 en
1581 1635 65 17 toute
1654 1631 81 20 liberté
1744 1631 28 20 de
1786 1631 144 23 conscience,
1947 1635 23 16 et

1496 1666 45 19 que
1551 1666 57 14 vous
1616 1663 138 19 montrerez,
1763 1659 13 20 à
1783 1659 86 25 l’égard
1876 1659 30 20 du
1915 1665 54 20 pou-

1497 1688 50 20 voir
1555 1688 96 23 central,
1661 1687 187 25 l’indépendance
1862 1687 38 26 qui
1909 1688 61 19 avait

1496 1716 72 21 rendu
1577 1720 66 17 votre
1651 1717 117 20 caractère
1784 1716 139 25 proverbial,
1940 1722 28 14 au

1496 1748 75 22 temps
1588 1745 30 20 où
1626 1756 27 5 —
1661 1751 60 19 pour
1737 1744 77 26 parler
1831 1750 89 15 comme
1936 1744 33 21 les

1494 1773 150 25 journalistes
1660 1773 144 25 parisiens—
1812 1778 58 15 vous
1889 1773 82 25 gémis-

1497 1802 47 19 siez
1553 1806 11 11 «
1573 1808 55 14 sous
1637 1801 20 21 la
1667 1802 63 20 botte
1738 1801 30 20 du
1778 1801 80 20 Kaiser
1867 1807 19 14 ».

1522 1829 61 21 Nous
1598 1830 128 25 l'espérons
1743 1835 58 20 pour
1810 1829 161 21 l’Alsace-Lor-

1497 1858 64 20 raine
1569 1858 100 23 d’abord,
1677 1858 56 20 dont
1742 1858 21 20 la
1771 1857 86 21 fidélité
1871 1858 100 20 méritait

1497 1893 32 13 un
1537 1890 67 17 autre
1611 1887 135 20 traitement
1753 1892 44 19 que
1806 1886 34 20 les
1857 1886 113 21 brimades

1496 1914 58 21 dont
1562 1921 30 14 on
1601 1915 109 20 l’accable
1724 1915 82 24 depuis
1820 1914 39 20 dix
1875 1920 50 15 ans.
1943 1913 27 21 Et

1497 1949 61 14 nous
1566 1943 126 25 l’espérons
1700 1943 64 20 aussi
1772 1949 59 19 pour
1845 1943 35 20 les
1893 1947 78 16 autres

1499 1971 140 20 «minorités
1656 1971 148 20 nationales»
1830 1971 28 20 de
1876 1970 93 23 France,

1496 1999 84 25 qu’une
1589 1999 180 20 condamnation
1778 1999 40 20 des
1832 1999 139 21 autonomis-

1496 2030 36 17 tes
1540 2027 220 21 alsaciens-lorrains
1768 2028 138 20 meurtrirait
1915 2028 56 20 dans

1496 2055 50 20 leur
1556 2056 126 19 sentiment
1698 2056 29 19 de
1741 2055 93 26 justice,
1851 2062 28 14 en
1897 2056 73 20 même

1497 2087 75 22 temps
1581 2084 83 24 qu’elle
1672 2084 33 20 les
1717 2084 131 20 atteindrait
1857 2084 58 20 dans
1921 2084 50 20 leur

1497 2111 85 21 action.

1522 2166 45 20 Car
1580 2166 220 21 l'Alsace-Lorraine
1817 2167 60 20 n’est
1890 2172 42 19 pas
1949 2166 21 21 le

1497 2195 50 19 seul
1562 2201 55 18 pays
1635 2195 28 20 de
1678 2195 87 20 France
1778 2195 39 26 qui
1834 2195 137 25 revendique

1497 2228 38 15 ses
1541 2223 196 25 particularismes
1747 2230 27 14 en
1781 2223 50 21 face
1839 2223 40 20 des
1888 2223 83 25 empié-

1496 2254 97 17 tements
1597 2251 29 20 de
1637 2251 70 24 Paris,
1715 2255 22 16 et
1742 2252 17 20 il
1764 2255 35 17 est
1804 2251 167 25 indispensable

1497 2286 45 18 que
1550 2285 56 14 vous
1614 2279 24 20 le
1644 2280 100 20 sachiez.

1524 2307 36 20 On
1578 2313 13 14 a
1608 2308 31 19 dû
1657 2314 58 14 vous
1732 2308 51 20 dire
1798 2314 45 18 que
1857 2307 21 20 la
1886 2307 86 20 France

1496 2335 75 20 offrait
1580 2342 30 13 un
1620 2336 126 20 admirable
1756 2336 102 24 exemple
1872 2336 98 23 d’unité;

1496 2369 44 19 que
1551 2362 76 21 c'était
1636 2364 13 19 à
1658 2364 22 20 la
1688 2363 44 21 fois
1740 2371 31 13 un
1782 2363 52 21 Etat
1842 2367 23 17 et
1878 2370 46 14 une
1930 2363 43 21 Na-

1497 2392 57 19 tion.
1566 2391 117 20 Peut-être
1691 2393 75 19 même
1772 2398 58 14 vous
1844 2395 70 17 a-t-on
1932 2391 40 20 fait

1497 2419 43 20 lire
1549 2419 21 20 Sa
1593 2419 84 24 phrase
1693 2420 181 20 extraordinaire
1890 2420 30 19 où
1936 2423 36 16 cet

1497 2447 134 20 hurluberlu
1641 2447 116 21 d’Herriot
1777 2447 135 25 proclamait
1928 2453 44 20 que

1497 2475 38 20 «la
1544 2475 88 25 qualité
1640 2475 29 20 dé
1678 2476 21 19 la
1708 2475 113 21 France...
1831 2476 56 20 c’est
1903 2475 69 20 d’être

1497 2509 31 14 un
1542 2503 69 20 métal
1625 2504 57 19 dont
1698 2504 34 20 les
1751 2504 109 20 élémeiits
1882 2507 54 17 sont
1952 2503 18 20 si

1497 2531 145 20 intimement
1649 2531 85 21 fondus
1743 2532 67 25 qu’on
1821 2538 29 14 ne
1859 2535 54 21 peut
1921 2531 52 25 plus

1497 2558 34 21 les
1538 2559 130 25 distinguer
1675 2566 19 14 ».

1523 2587 54 20 N’en
1586 2593 82 19 croyez
1677 2594 41 18 pas
1724 2594 32 13 un
1764 2591 54 17 mot.

1524 2614 36 20 On
1578 2615 72 24 parle,
1669 2622 28 13 en
1724 2616 95 23 France,
1842 2621 45 14 une
1903 2615 71 20 demi-

1497 2642 112 21 douzaine
1617 2643 29 20 de
1654 2643 106 26 langues,
1769 2650 55 14 sans
1830 2646 102 22 compter
1940 2643 32 20 les

1497 2670 116 24 dialectes,
1622 2671 58 20 dont
1688 2672 114 20 certaines
1807 2682 26 3 —
1841 2671 21 21 le
1876 2672 95 24 basque,

1497 2698 23 20 le
1532 2698 107 21 flamand,
1657 2700 23 19 le
1687 2700 91 21 breton,
1797 2700 21 19 le
1836 2705 73 18 corse,
1932 2705 41 18 par

1497 2727 102 24 exemple
1611 2738 29 5 —
1655 2731 54 16 sont
1737 2728 63 20 aussi
1843 2727 130 20 différentes

1497 2755 30 19 du
1537 2754 99 25 français
1651 2761 44 19 que
1711 2755 129 20 l'allemand
1851 2755 121 20 lui-même.

1498 2782 31 20 La
1547 2782 87 21 France
1643 2787 34 16 est
1691 2789 30 14 un
1731 2784 93 24 agrégat
1834 2783 27 20 de
1879 2783 94 25 peuples

1497 2811 99 24 opposés
1628 2816 39 19 par
1698 2811 113 25 l’origine,
1848 2817 40 18 par
1915 2811 58 20 l’his-

1497 2838 66 23 toire,
1582 2844 39 18 par
1650 2839 33 20 les
1698 2845 94 18 moeurs,
1802 2845 40 18 par
1851 2839 34 20 les
1895 2838 77 24 façons

1497 2866 29 19 de
1548 2866 73 20 sentir
1651 2871 22 15 et
1690 2867 145 24 d’exprimer.
1846 2866 48 21 Elle
1913 2873 58 14 com-

1497 2898 66 20 porte
1591 2894 42 20 des
1663 2894 129 21 Germains,
1822 2895 41 20 des
1888 2894 84 23 Celtes,

1497 2921 41 20 des
1570 2921 87 24 Latins,
1676 2922 40 20 des
1743 2923 84 20 Ibères.
1855 2922 43 21 Les
1922 2923 52 19 Bre-

1497 2953 51 16 tons
1557 2950 169 24 s’apparentent
1739 2956 43 14 aux
1792 2950 88 21 Gallois
1890 2954 23 16 et
1930 2955 43 14 aux

1498 2977 118 23 Irlandais,
1627 2978 34 19 les
1671 2977 85 22 Corses
1768 2984 44 14 aux
1823 2978 100 23 Italiens,
1941 2978 33 19 les

1498 3005 122 20 Flamands
1629 3012 44 13 aux
1683 3005 159 21 Néerlandais.
1853 3006 43 20 Les
1911 3006 62 19 Cata-

1497 3033 59 21 lans.
1573 3039 89 14 comme
1681 3033 33 21 les
1732 3033 112 25 Basques,
1859 3038 54 16 sent
1930 3039 44 14 une

1497 3061 78 20 nation
1585 3067 46 18 que
1642 3068 72 18 coupe
1729 3067 29 14 en
1774 3062 60 19 deux
1852 3067 46 14 une
1914 3060 59 21 fron-

1497 3088 56 20 tière
1562 3088 126 21 arbitraire.
1699 3089 59 20 Mais
1771 3089 15 20 il
1803 3089 35 25 n’y
1848 3096 12 13 a
1879 3089 49 20 rien
1946 3089 27 19 de

1496 3122 106 14 commun
1615 3121 67 16 entre
1691 3121 52 16 tous
1749 3123 39 14 ces
1797 3117 106 25 peuples,
1921 3116 19 20 si
1949 3122 24 14 ce

1496 3145 58 19 n’est
1563 3144 68 24 qu’ils
1641 3150 51 14 sont
1701 3145 129 25 également
1841 3145 84 20 brimés
1935 3151 39 18 par

1496 3178 45 15 une
1545 3172 105 20 machine
1653 3173 193 23 administrative,
1851 3172 123 24 archaïque

1495 3204 24 17 et
1524 3201 128 25 grinçante,
1661 3201 38 25 qui
1710 3205 36 16 est
1754 3201 21 20 la
1784 3201 60 20 risée
1851 3201 31 19 du
1891 3200 83 20 monde

1495 3229 118 20 moderne.

1521 3279 68 21 Cette
1603 3280 115 21 machine,
1735 3280 35 20 les
1793 3279 120 20 Minorités
1928 3278 44 20 Na-

1494 3307 100 20 tionales
1602 3308 29 19 de
1641 3308 88 19 France
1744 3307 132 20 souhaitent
1893 3305 82 24 échap-

1496 3341 40 19 per
1544 3335 15 20 à
1567 3341 37 14 ses
1613 3341 143 19 engrenages
1764 3334 117 22 ridicules,
1888 3337 22 16 et
1919 3333 55 20 elles

1496 3363 142 24 comptaient
1643 3369 40 14 sur
1690 3361 219 22 l'Alsace-Lorraine
1917 3367 57 17 pour

1496 3390 35 20 les
1538 3397 15 18 y
1562 3390 74 20 aider.
1646 3390 62 20 C’est
1717 3390 114 25 pourquoi
1841 3389 57 20 elles
1907 3394 25 14 se
1941 3389 34 19 ré-

1494 3418 103 24 jouirent
1605 3418 159 20 sincèrement
1771 3418 94 24 lorsque
1877 3416 98 21 l’armis-

1496 3446 46 20 tice
1551 3446 49 19 vint
1609 3446 108 20 déchirer
1725 3446 21 20 le
1764 3446 68 19 traité
1846 3445 29 19 de
1892 3444 82 20 Franc-

1496 3472 55 21 fort.

1523 3500 88 23 Certes,
1621 3501 23 19 la
1652 3501 156 20 désannexion
1826 3501 28 20 de
1870 3500 8 20 1
1886 3499 89 20 Alsace-

1498 3528 109 20 Lorraine
1617 3535 60 13 nous
1689 3532 100 21 apparut
1805 3527 93 21 d’abord
1916 3533 59 13 com-

1498 3562 38 13 me
1543 3555 129 21 l'heureuse
1681 3557 129 24 réparation
1820 3557 66 19 d’une
1902 3554 73 25 injus-

1498 3583 45 20 tice
1553 3583 33 20 :1a
1596 3584 104 20 violence
1708 3590 46 18 que
1762 3584 46 19 l’on
1817 3583 63 20 avait
1892 3581 56 21 faite
1961 3582 13 18 à

1498 3611 41 19 des
1548 3612 156 24 populations,
1717 3618 27 13 en
1761 3612 119 24 disposant
1895 3610 79 20 d’elles

1499 3644 55 14 sans
1561 3639 50 20 leur
1619 3642 184 17 consentement.
1813 3639 63 20 Nous
1889 3640 86 22 regret-

1500 3666 72 19 tâmes
1603 3667 128 20 seulement
1757 3667 71 23 qu’un
1853 3665 122 25 plébiscite

1500 3693 91 20 sincère
1609 3700 32 13 ne
1665 3695 51 18 vînt
1738 3700 42 17 pas
1803 3693 122 20 confirmer
1953 3693 22 19 le

1501 3727 52 13 voeu
1562 3721 111 24 probable
1681 3722 41 19 des
1729 3721 245 20 Alsaciens-Lorrains.

1527 3748 58 20 Mais
1599 3755 27 14 ce
1643 3749 40 25 qui
1699 3755 59 14 nous
1775 3749 140 25 remplissait
1927 3755 48 14 sur-

1997 790 51 18 tout
2056 787 28 20 de
2089 787 57 25 joie,
2161 787 76 20 c’était
2253 787 22 19 la
2292 787 131 20 conviction
2442 788 30 20 où

1998 821 58 14 nous
2065 815 74 20 étions
2148 821 45 19 que
2201 815 22 19 le
2232 818 79 16 retour
2319 815 40 20 des
2368 816 105 25 «provin-

1998 850 38 14 ces
2052 844 137 19 recouvrées
2197 848 11 11 »
2218 844 118 23 marquait
2353 843 20 20 la
2391 843 32 20 fin
2440 843 31 20 du

1997 871 145 20 centralisme
2159 871 56 20 dont
2231 877 60 14 nous
2309 877 119 14 mourons.
2452 871 18 20 Il

1998 906 58 14 nous
2071 899 120 25 paraissait
2207 899 136 25 impossible
2359 906 45 18 que
2420 899 52 20 l’Al-

1997 927 180 23 sace-Lorraine,
2188 927 39 25 qui
2235 927 64 20 avait
2307 933 76 14 connu
2392 928 81 19 l’auto-

1997 956 77 19 nomie
2090 955 59 20 dans
2164 955 22 20 le
2200 955 69 20 cadre
2286 954 30 20 du
2332 955 80 22 Reich,
2429 955 41 24 qui

1997 983 61 20 avait
2069 989 37 14 ses
2122 983 141 23 ministères,
2277 988 42 14 son
2338 983 135 24 parlement,

1997 1017 43 14 son
2049 1011 91 25 budget,
2149 1011 36 20 fût
2192 1011 118 20 assimilée
2318 1011 155 20 brutalement

1996 1039 13 19 à
2035 1039 56 20 trois
2117 1039 159 24 quelconques
2303 1039 169 24 départements

1996 1066 106 24 français-
2114 1067 50 20 Une
2173 1067 138 24 expérience
2319 1066 154 20 d’autonomie

1997 1095 117 24 régionale
2134 1100 59 14 nous
2218 1094 109 20 semblait
2343 1093 129 24 inévitable,

1996 1128 46 18 que
2050 1122 173 25 nouspensions
2231 1122 81 20 devoir
2318 1122 48 20 être
2375 1122 97 20 étendue

1996 1151 143 24 rapidement
2147 1157 45 13 aux
2205 1154 78 16 autres
2293 1150 119 20 Minorités
2430 1150 43 19 Na-

1996 1179 106 20 tionales.
2119 1178 35 23 Et,
2176 1178 106 21 Bretons,
2306 1177 90 23 Corses,
2425 1178 48 19 Fla-

1996 1207 89 22 mands,
2094 1205 116 24 Catalans,
2221 1206 112 24 Basques,
2346 1212 43 13 nos
2396 1212 76 13 coeurs

1996 1241 25 14 se
2032 1233 125 26 gonflaient
2165 1234 157 24 d’espérance.

2020 1262 69 20 Hélas
2096 1263 6 19 !
2113 1261 32 20 Ce
2153 1267 46 19 que
2207 1267 61 14 nous
2277 1261 109 25 croyions
2397 1261 73 25 impo-

1995 1289 59 21 sibîe
2062 1296 14 14 a
2083 1293 109 22 pourtant
2200 1290 36 19 été
2245 1290 73 20 tenté.
2329 1289 37 21 On
2376 1296 12 13 a
2398 1290 70 19 voulu

1996 1324 57 14 vous
2061 1318 122 25 appliquer
2191 1317 21 20 le
2222 1317 88 25 régime
2318 1318 112 20 dérisoire
2444 1318 28 19 de

1995 1346 105 25 tyrannie
2117 1349 23 17 et
2156 1345 152 21 d’imbécilité
2323 1352 56 14 sous
2394 1345 77 25 lequel

1995 1380 59 14 nous
2070 1373 133 20 frémissons
2225 1373 163 25 d’impatience
2403 1377 24 16 et
2442 1373 29 20 de

1995 1402 94 20 révolte.
2099 1401 36 20 On
2144 1408 13 13 a
2166 1401 71 20 voulu
2246 1401 59 20 faire
2314 1402 29 19 de
2359 1408 59 14 vous
2430 1402 41 19 des

1995 1429 218 25 «Françaiscomme
2221 1429 34 20 les
2262 1433 79 17 autres
2350 1436 49 17 »,en
2408 1430 64 25 igno-

1994 1464 52 17 rant
2064 1464 64 17 votre
2145 1460 93 25 langue,
2257 1467 28 14 en
2304 1460 111 21 bafouant
2430 1467 42 14 vos

1994 1497 131 20 croyances,
2136 1497 28 14 en
2173 1491 131 20 détruisant
2313 1498 41 14 vos
2369 1492 101 20 libertés.

1995 1520 136 20 L’immense
2140 1519 106 25 majorité
2256 1519 89 21 d’entre
2353 1526 57 14 vous
2420 1520 53 19 s’est

1994 1548 108 25 indignée
2124 1551 81 17 contre
2222 1551 38 17 cet
2276 1552 100 16 attentat
2391 1548 14 19 à
2430 1553 42 14 vos

1994 1576 74 21 droits
2076 1579 22 17 et
2105 1576 14 19 à
2126 1579 66 17 votre
2198 1575 276 25 conscience.Quelques-

1994 1610 53 17 uns,
2056 1610 41 18 par
2105 1603 22 20 la
2136 1603 79 24 parole
2224 1606 24 17 et
2256 1609 42 19 par
2306 1603 22 20 la
2338 1603 84 25 plume,
2431 1606 42 17 ont

1995 1632 77 20 donné
2080 1637 45 14 une
2132 1630 73 21 forme
2219 1631 13 20 à
2241 1634 61 17 cette
2318 1631 153 26 indignation.

1996 1660 31 20 La
2035 1660 86 20 France
2128 1669 27 4 —
2163 1659 77 20 soldat
2245 1659 31 20 du
2286 1659 73 23 Droit,
2370 1659 102 24 champi-

1995 1694 31 14 on
2035 1688 41 20 des
2084 1688 70 24 petits
2170 1687 97 25 peuples
2276 1687 6 20 !
2291 1699 28 4 —
2328 1688 42 19 Les
2385 1694 12 13 a
2411 1687 61 25 jetés

1994 1722 29 15 en
2033 1716 87 25 prison,
2129 1719 24 17 et
2160 1715 30 20 M.
2205 1716 115 20 Poincaré
2337 1716 33 20 les
2388 1722 12 13 a
2420 1721 52 14 cou-

1995 1747 64 18 verts
2076 1744 129 25 d’outrages
2215 1751 7 13 :
2240 1750 28 14 ce
2284 1747 55 17 sont
2354 1750 58 14 ceux
2428 1750 46 18 que

1995 1779 58 14 vous
2070 1779 54 14 avez
2141 1773 14 19 à
2169 1772 68 25 juger
2245 1778 30 14 au
2282 1772 125 25 jourd’hui.

2020 1824 19 20 A
2045 1824 69 25 juger
2121 1824 12 19 ?
2142 1824 18 20 A
2168 1823 47 21 vrai
2224 1823 58 24 dire,
2292 1823 29 21 ils
2330 1823 22 20 le
2368 1827 54 17 sont
2434 1824 39 20 dé-

1993 1853 32 24 jà.
2032 1852 32 20 Ils
2074 1852 113 20 viennent
2194 1852 29 20 de
2236 1852 67 20 l’être
2318 1857 41 20 par
2376 1852 21 20 le
2414 1852 59 20 libre

1996 1880 89 21 verdict
2093 1880 40 20 des
2142 1880 125 20 électeurs.

2020 1908 34 21 En
2078 1908 51 20 vain
2147 1908 22 20 le
2185 1911 186 22 gouvernement
2393 1907 79 21 s‘est-il

1995 1937 84 20 efforcé
2087 1936 30 20 de
2124 1936 90 20 fausser
2223 1936 21 20 la
2262 1936 157 20 consultation
2434 1942 39 18 po-

1995 1965 96 25 pulaire,
2101 1971 29 14 en
2140 1965 147 25 supprimant
2305 1964 55 21 chez
2378 1970 57 15 vous
2452 1964 22 20 la

1995 1994 83 20 liberté
2085 1993 29 20 de
2122 1992 23 20 la
2153 1999 88 18 presse,
2249 1999 29 14 en
2288 1993 155 24 restreignant
2452 1993 22 19 le

1995 2021 62 21 droit
2064 2021 28 20 de
2101 2021 137 23 réunion,eu
2247 2020 103 21 foulants
2355 2027 44 13 aux
2408 2020 66 25 pieds

1995 2050 22 20 la
2025 2049 144 21 Déclaration
2176 2049 40 20 des
2226 2048 79 21 Droits
2314 2048 29 21 de
2351 2048 120 23 l’Homme,

1996 2084 29 15 en
2034 2077 126 21 abolissant
2167 2080 51 17 tout
2226 2083 26 14 ce
2261 2077 50 25 qui,
2320 2077 59 20 dans
2392 2077 23 19 le
2430 2075 44 21 Co-

1997 2106 36 23 de,
2039 2106 94 25 protège
2142 2106 21 19 la
2171 2106 83 20 liberté
2263 2105 29 20 de
2309 2105 23 20 la
2349 2105 84 24 pensée
2450 2108 22 17 et

1995 2133 168 22 l’inviolabilité
2169 2134 29 20 de
2206 2134 22 20 la
2237 2133 237 25 personnehumaine.

1996 2162 59 21 Sans
2063 2161 64 22 souci
2134 2162 40 20 des
2183 2162 125 24 consignes
2317 2160 117 21 officielles
2452 2164 23 17 et

1996 2191 42 20 des
2046 2196 113 16 menaces,
2165 2189 101 22 l’Alsace
2273 2189 56 21 s'est
2346 2189 130 25 prononcée

1997 2220 29 19 de
2033 2218 65 25 façon
2108 2219 122 20 éclatante.
2241 2218 29 20 Et
2277 2224 25 14 sa
2313 2218 97 24 réponse
2418 2224 13 13 a
2439 2223 35 13 re-

1996 2247 58 21 tenti
2063 2253 90 14 comme
2169 2253 33 13 un
2219 2245 94 22 soufflet
2329 2251 40 14 sur
2386 2245 22 20 la
2425 2244 50 21 face

1996 2275 100 25 apeurée
2104 2275 42 20 des
2155 2274 208 21 «assimilateurs».

2021 2303 122 20 Messieurs
2152 2303 33 20 les
2193 2303 78 22 Jurés,
2281 2308 59 14 vous
2356 2300 117 22 confirme-

1998 2338 38 14 rez
2044 2335 59 16 cette
2112 2332 108 24 réponse.
2230 2330 64 21 Vous
2311 2330 126 20 achèverez
2455 2329 20 20 la

1997 2360 95 20 déroute
2098 2360 29 19 de
2135 2365 38 14 ces
2183 2365 11 11 «
2203 2359 143 20 francisants
2354 2366 12 11 »
2384 2357 93 21 frénéti-

1997 2394 58 18 ques
2072 2388 48 24 qui,
2139 2393 29 14 au
2185 2387 103 25 surplus,
2306 2390 53 17 sont
2376 2391 100 19 presque

1997 2419 52 17 tous
2058 2416 40 20 des
2107 2416 128 25 métèques.
2245 2415 64 20 Vous
2326 2414 149 25 acquitterez,

1998 2450 59 14 nous
2065 2450 28 14 en
2102 2449 100 15 sommes
2216 2444 62 22 sûrs,
2295 2443 34 20 les
2346 2447 128 20 courageux

1998 2472 163 24 compatriotes
2173 2471 40 26 qui
2228 2471 67 20 n’ont
2303 2470 95 21 commis
2413 2469 63 20 d’au-

1997 2503 35 17 tre
2038 2500 56 20 délit
2101 2506 45 18 que
2154 2500 29 19 de
2199 2499 92 20 vouloir
2306 2505 58 14 vous
2383 2503 91 15 conser-

1998 2534 41 14 ver
2055 2534 38 14 ces
2106 2527 96 21 libertés
2219 2533 60 19 pour
2296 2526 132 25 lesquelles,
2445 2532 30 13 au

1998 2561 69 15 cours
2075 2556 41 20 des
2124 2557 63 23 âges,
2197 2561 59 14 vous
2265 2561 56 14 avez
2335 2555 91 19 montré
2443 2559 31 14 un

1998 2583 155 20 attachement
2160 2583 170 20 inébranlable.

2023 2610 35 24 Et,
2065 2611 118 23 d’avance,
2191 2617 30 13 au
2231 2617 55 14 nom
2295 2610 41 20 des
2344 2613 79 17 autres
2434 2609 42 20 Mi-

1999 2639 87 20 norités
2103 2638 133 21 Nationales
2254 2639 29 19 de
2306 2638 94 23 France,
2416 2643 59 15 nous

2000 2673 56 14 vous
2063 2667 80 20 disons
2153 2673 6 13 :
2168 2667 72 20 merci
2250 2667 7 20 !

2143 2703 36 20 LE
2188 2698 115 25 COMITÉ
2311 2702 96 21 CENTR
2409 2702 38 21 AL

1999 2732 42 20 des
2048 2731 120 21 Minorités
2179 2731 139 21 Nationales
2331 2732 29 19 de
2376 2731 96 20 France.

2196 2782 49 15 —$»,

2107 2828 260 32 PROTESTA

2021 2901 23 18 In
2051 2902 71 23 seguilu
2128 2906 13 13 a
2150 2900 85 24 Villegale
2245 2900 93 19 decisione
2345 2899 20 20 di
2372 2906 12 13 a
2393 2900 52 19 Corte
2454 2900 20 19 di

2000 2926 72 19 Colmar
2079 2928 61 16 contre
2148 2932 13 12 u
2168 2925 39 24 sgiù
2215 2926 72 18 Marcel
2295 2925 94 19 Fourrier,
2398 2925 78 18 l’avuca-

2000 2951 16 18 ti
2024 2951 22 18 di
2052 2956 13 13 a
2074 2951 59 23 di/'esa
2142 2951 50 18 hanu
2200 2951 113 18 indirizzalu
2320 2955 12 13 a
2339 2956 14 12 u
2360 2951 87 18 minislru
2455 2950 21 19 di

1999 2982 12 13 a
2013 2976 78 23 justizia
2100 2981 14 13 u
2120 2977 82 22 seguenle
2210 2976 118 23 Lelegramma
2333 2983 7 10 :

2054 3010 97 18 Monsieur
2158 3010 19 17 le
2184 3009 88 18 Ministre
2280 3011 24 17 de
2311 3010 20 18 la
2338 3010 80 21 Justice,

2280 3038 62 18 Paris.

2020 3072 82 18 Avocats
2116 3071 100 18 assistants
2224 3071 12 18 à
2248 3072 21 17 la
2282 3070 51 19 Cour
2346 3071 92 18 d’Assises
2453 3073 22 16 de

1999 3096 76 19 Colmar
2088 3097 33 17 des
2138 3096 95 23 prévenus
2246 3096 105 22 politiques
2365 3097 77 18 accusés
2454 3098 23 17 de

1999 3126 41 14 coin
2042 3122 45 22 plot,
2093 3126 50 13 nous
2151 3122 108 21 protestons
2267 3122 66 17 contre
2338 3121 27 18 les
2373 3121 103 18 violations

1999 3147 90 18 réitérées
2096 3148 34 17 des
2139 3146 92 19 droits-de
2238 3147 20 17 la
2266 3146 84 18 défense.
2355 3146 72 18 L’arrêt
2433 3151 43 13 sus-

1999 3172 83 22 pendant
2097 3176 49 18 pour
2154 3176 27 13 un
2193 3171 48 18 mois
2258 3171 26 18 M'-
2298 3171 69 19 Marcel
2381 3171 92 21 Fourrier,

1999 3198 68 17 avocat
2075 3201 45 14 avec
2132 3197 63 22 lequel
2208 3201 49 14 nous
2274 3201 82 14 sommes
2370 3197 105 21 solidaires,

1999 3226 57 13 cause
2068 3226 37 13 une
2113 3222 46 17 vive
2167 3221 90 18 émotion.

2021 3246 47 18 Sans
2076 3247 110 17 distinction
2197 3247 107 22 d’opinions
2315 3247 108 21 politiques,
2432 3251 43 13 mus

1998 3272 124 20 uniquement
2129 3275 35 18 par
2171 3271 19 17 le
2204 3271 105 18 sentiment
2316 3272 25 17 de
2352 3272 20 17 la
2385 3272 91 17 tradition

1999 3296 24 17 de
2038 3295 73 18 l’Ordre
2123 3295 34 18 des
2165 3296 78 17 avocats
2258 3297 21 16 et
2286 3296 24 17 de
2317 3296 20 17 la
2344 3296 68 17 liberté
2425 3297 25 17 de
2457 3297 18 17 la

1999 3320 84 21 défense,
2091 3324 49 14 nous
2149 3320 71 18 faisons
2231 3320 55 22 appel
2296 3325 24 13 au
2330 3321 89 18 ministre
2426 3322 47 17 delà

1999 3345 75 18 Justice
2083 3349 47 18 pour
2138 3349 38 13 une
2184 3345 130 18 intervention
2328 3345 107 19 immédiate
2443 3352 32 12 au-

1999 3369 44 23 près
2050 3370 28 17 du
2084 3370 82 22 Parquet
2174 3370 84 22 général.
2267 3370 52 17 Nous
2333 3375 58 14 avons
2399 3372 47 17 saisi
2457 3373 18 17 le

1999 3395 98 18 bâtonnier
2105 3395 24 18 de
2136 3394 72 19 l’Ordre
2216 3395 34 18 des
2263 3396 77 17 avocats
2348 3396 43 22 près
2398 3397 20 18 la
2426 3396 50 19 Cour

2000 3420 24 17 de
2028 3419 59 18 Paris.

2022 3445 15 17 Il
2045 3445 61 22 parait
2114 3445 111 21 impossible
2238 3449 39 18 que
2292 3445 30 18 les
2339 3447 64 21 peines
2421 3448 56 18 disci-

2000 3469 90 23 plinaires
2098 3469 62 18 soient
2168 3470 116 21 prononcées
2292 3470 76 23 lorsque
2377 3473 28 17 les
2414 3472 62 18 défen-

2000 3499 56 13 seurs
2073 3494 125 22 critiqueront
2213 3495 30 17 les
2263 3496 52 18 actes
2332 3497 23 17 de
2371 3497 104 18 l’exécutif.

2000 3519 45 18 Cela
2051 3519 134 18 constituerait
2191 3519 19 18 la
2218 3520 90 22 négation
2316 3521 25 18 de
2355 3522 20 17 la
2391 3523 84 18 défense.

2000 3544 52 18 Nous
2059 3544 139 22 revendiquons
2206 3549 25 13 en
2238 3546 68 18 Alsace
2320 3551 73 14 comme
2400 3548 47 18 dans
2456 3549 19 17 le

2000 3570 51 17 reste
2060 3569 23 18 de
2090 3569 20 17 la
2116 3569 78 22 France,
2203 3574 22 14 ce
2239 3571 51 18 droit
2307 3572 66 17 absolu
2389 3577 85 15 reconnu

2000 3594 47 17 dans
2056 3595 43 16 tous
2106 3594 28 18 les
2143 3594 89 22 régimes.

2021 3618 26 19 Le
2054 3619 101 22 précédent
2169 3621 59 18 serait
2244 3626 60 18 grave
2318 3626 49 18 pour
2384 3624 43 18 tous
2444 3624 30 19 les

2000 3643 65 22 procès
2074 3644 109 22 politiques.

2023 3676 58 23 Signé
2084 3682 6 12 :
2094 3677 32 18 M“
2134 3678 70 23 Jaegle,
2212 3680 25 18 de
2251 3680 116 24 Strasboug:
2384 3682 87 24 Berlhon,

2001 3702 24 17 de
2032 3701 63 22 Paris;
2110 3702 59 23 Klein,
2186 3704 23 18 de
2224 3704 132 25 Strasbourg;.
2365 3707 72 23 Feillel,
2451 3710 23 18 de

2000 3726 90 22 Quimper
2095 3733 6 12 :
2113 3728 81 22 Thomas,
2203 3730 24 17 de
2234 3729 156 24 Sarreguemines
2396 3738 5 12 :
2410 3733 60 20 Peter.

2000 3752 25 18 de
2033 3751 124 24 Strasbourg;
2165 3753 98 24 Palmieri,
2272 3756 101 23 d’Ajaccio.

889 3041 203 32 Struzione
