2560 3790
150 57 234 60 Comédie
420 65 50 43 et
506 55 299 58 Comédiens

35 216 55 20 Tous
104 209 40 17 nos
159 200 104 22 hommes
286 193 132 30 politiques,
438 200 27 15 en

29 254 5 5 ■
53 241 45 25 irai,
108 239 24 19 el
141 233 66 23 Moro
217 230 33 21 De
260 226 104 27 Giafferi,
377 234 28 15 en
414 233 52 23 pai*-

13 253 86 44 SénT-eT’
108 270 40 20 ont
155 266 21 22 la
188 262 73 23 manie
273 260 29 23 de
311 262 49 21 tout
369 260 97 22 confon-

15 288 92 47 V?UpouV
114 296 121 32 empêcher
243 295 22 22 le
280 294 80 28 public
370 293 29 22 de
416 292 51 23 voir

14 321 32 21 “,e
64 342 46 22 jeur
114 335 46 28 jeu.
167 330 31 23 Us
205 331 56 20 vont
269 328 92 28 parlant
367 327 29 22 de
402 325 64 23 mille

14 352 45 38 tla°!
73 381 9 4 -
93 372 12 19 à
116 367 22 22 la
146 364 44 23 fois
205 362 39 29 qui
257 361 64 22 n'ont
334 362 64 20 entre
409 359 57 23 elles

15 383 72 51 C,1cunc
105 398 94 25 affinité,
227 393 146 24 absolument
391 399 75 16 aucun

15 422 28 28 aU.
59 444 5 12 ,
124 431 81 23 liaison
229 427 47 30 qui,
297 428 54 21 bien
368 428 98 20 souvent

15 458 28 29 P.
63 480 12 15 e
85 467 76 31 jurent
169 462 29 22 de
204 468 26 15 se
238 464 93 19 trouver
338 459 124 23 ensemble.

15 487 59 44 *T~\es
89 498 89 26 fourent
191 497 74 20 toutes
275 493 58 23 dans
354 493 22 22 le
392 496 74 19 même

14 519 8 19 1
29 524 10 10 3
53 540 25 22 }js
83 540 26 18 en
114 532 49 22 font
167 535 45 16 une
217 527 65 23 seule
287 527 105 22 bouchée
397 526 69 30 qu’ils

15 572 72 30 forcent
93 566 116 23 l’électeur
227 561 108 22 d’avaler.
354 559 110 27 Celui-ci,

21 586 12 15 ^
39 601 81 34 plupart
127 598 30 22 du
170 597 81 26 temps,
269 599 27 16 se
317 592 70 23 laisse
398 592 65 23 faire,

16 638 73 30 jjrrobe
101 633 47 22 tout
159 635 26 16 ce
194 627 68 30 qu’on
274 626 33 23 lui
320 629 47 20 met
378 633 55 16 sous
443 626 23 23 le

37 659 21 26 °.
70 669 13 14 u
104 659 171 32 enmagasine,il
296 660 67 23 avale
375 663 51 20 tout
439 666 26 17 ce

39 709 31 19 ’on
87 698 32 25 loi
139 697 107 29 présente
266 696 75 20 même
361 697 34 19 les
411 696 54 27 plus

14 718 95 46 Affreuses
120 730 134 23 couleuvres
267 726 62 23 C’est
341 726 28 22 de
382 727 22 22 la
416 733 50 16 sor-

14 781 17 18 te
41 777 39 25 que
97 772 25 16 se
141 761 93 32 produit
253 759 22 23 le
292 761 114 29 bourrage
424 760 40 23 des

13 810 75 23 crânes.
242 825 5 4 .

38 842 14 20 ^
61 838 79 28 propos
157 829 28 22 de
197 835 26 16 ce
244 834 44 23 que
306 828 83 22 rltalie
400 830 64 19 vient

14 877 23 22 de
56 869 51 24 faire
124 869 58 25 pour
202 862 23 22 la
244 861 135 29 Sardaigne,
399 861 65 22 Moro

13 910 71 22 avance
91 905 42 16 une
144 895 151 23 demi-vérité.
306 895 19 22 Il
337 900 30 16 ne
375 894 34 23 dit
416 896 14 20 à
441 893 23 23 la

12 936 98 28 Chambre
131 937 44 23 que
185 929 24 22 la
224 928 79 23 moitié
321 928 30 22 de
366 935 27 16 ce
409 927 55 30 qu’il

13 971 63 27 aurait
88 967 29 21 du
125 965 56 22 dire.
197 962 20 22 II
229 963 108 28 n’expose
350 963 12 20 à
368 968 38 16 ses
419 960 46 23 col-

14 1010 64 21 lègues
89 999 80 30 qu’une
181 996 74 28 partie
267 995 29 22 de
308 995 23 22 la
344 994 118 27 situation,

14 1036 79 29 laissant
106 1030 191 24 volontairement
303 1029 57 22 dans
365 1028 100 23 i’obscu-

14 1074 33 24 rité
56 1072 21 20 et
89 1066 55 22 dans
163 1063 95 23 l’ombre
270 1062 22 23 le
313 1063 51 22 côté
375 1062 22 22 le
412 1061 53 30 plus

14 1102 127 29 intéressant,
157 1098 22 22 le
193 1097 53 28 plus
266 1095 60 23 beau
347 1098 22 19 et
378 1096 22 22 le
410 1095 54 30 plus

13 1140 55 23 dbaîe
89 1131 166 24 d’admiration.
274 1128 47 24 Les
334 1128 131 24 Parlemen-

13 1172 62 24 iaires,
87 1166 51 23 bien
150 1171 29 16 au
200 1166 96 21 courant
307 1164 28 21 de
356 1162 22 23 la
389 1162 76 30 politi-

14 1212 32 24 que
64 1201 124 28 étrangère,
197 1200 41 21 ont
244 1203 54 16 sans
306 1197 70 22 doute
385 1198 80 27 repéré

11 1234 109 29 l’omission
132 1233 28 22 de
170 1235 66 19 notre
245 1234 93 19 orateur
352 1230 111 23 national.

12 1273 45 24 Mais
74 1269 22 23 le
109 1265 77 30 public
202 1265 41 23 des
253 1264 106 23 tribunes
375 1264 48 29 qui,
441 1262 23 23 là

12 1305 77 32 p/opart
101 1301 29 22 du
141 1303 74 25 temps
226 1306 29 15 ne
264 1298 133 23 s’intéresse
413 1297 53 30 qu’à

12 1347 18 16 ce
36 1338 36 30 qui
85 1341 25 16 se
129 1339 69 25 passe
210 1334 56 21 chez
275 1332 34 23 lui
327 1331 37 23 n’a
375 1338 42 23 pas
433 1337 32 22 pu

12 1373 76 24 deviner
102 1375 27 16 ce
145 1374 45 24 que
205 1367 65 22 Moro
280 1367 38 22 n’a
332 1372 41 23 pas
393 1364 71 24 voulu

11 1410 42 21 dire.

31 1441 30 21 En
74 1438 135 28 s’imposant
224 1442 59 24 pour
294 1436 23 22 la
329 1434 134 29 Sardaigne,

12 1482 20 16 un
41 1473 18 23 si
72 1471 72 31 grand
158 1470 113 26 sacrifice,
291 1468 84 24 l’Italie
387 1475 13 16 a
411 1467 54 23 bien

11 1508 54 24 voulu
82 1505 87 22 donner
178 1506 14 20 à
207 1507 60 19 eette
285 1504 93 22 contrée
388 1509 29 16 un
434 1503 31 21 té-

12 1543 106 27 moignage
137 1537 80 31 public
233 1540 25 20 et
267 1537 101 23 éclatant
391 1536 28 21 de
438 1541 27 16 sa

11 1575 62 24 tendre
84 1570 141 25 sollicitude.
239 1571 32 22 Le
282 1571 184 29 gouvernement

11 1610 53 21 d’une
79 1606 88 29 grande
190 1605 80 22 nation
293 1603 49 22 doit
362 1609 29 15 en
409 1600 57 24 effet

11 1643 57 22 aimer
76 1642 74 20 toutes
162 1637 35 23 les
206 1636 85 30 parties
303 1636 31 22 du
352 1642 55 23 pays
418 1634 46 30 pla-

11 1678 42 20 cées
62 1678 51 18 sous
122 1678 42 15 son
176 1671 107 25 autorité,
298 1669 113 30 répandre
426 1675 38 16 ses

11 1710 50 21 dons
70 1709 22 20 et
106 1711 36 16 ses
154 1704 92 22 faveurs
257 1704 94 27 partout
359 1705 23 20 et
393 1703 72 29 parti-

11 1741 133 24 culièrement
152 1737 23 22 là
184 1739 31 20 où
222 1739 22 20 le
258 1736 81 23 besoin
348 1742 25 17 se
387 1736 42 22 fait
442 1736 22 22 le

11 1776 44 29 plus
64 1772 74 27 sentir,
152 1771 22 22 là
188 1773 31 20 où
235 1772 97 27 régnent
343 1769 22 23 la
381 1771 83 21 misère

11 1812 20 19 et
37 1809 18 22 le
71 1806 141 25 dénuement.
225 1804 62 22 C’est
298 1804 23 22 là
345 1810 45 16 une
400 1803 65 29 règle

12 1843 23 21 de
38 1840 77 32 justice
125 1842 23 20 et
159 1838 99 30 d’équité
281 1838 84 29 qu’une
384 1837 79 23 nation

12 1876 40 22 doit
69 1874 99 28 toujours
180 1873 116 28 respecter
306 1872 21 21 si
343 1871 46 22 elle
409 1874 55 19 veut

11 1909 52 23 vivre
69 1910 22 20 et
98 1913 28 16 ne
134 1912 41 24 pas
184 1905 95 23 déchoir
297 1906 29 21 de
338 1911 43 16 son
396 1911 65 23 rang.

12 1942 26 23 La
45 1941 125 29 Sardaigne,
179 1945 114 23 personne
305 1946 29 15 ne
344 1938 21 23 le
374 1940 97 21 contes-,

12 1979 45 24 leva,
68 1977 33 21 est
115 1976 44 21 très
175 1980 94 22 pauvre.
287 1972 51 23 Elle
363 1972 102 23 méritait

13 2010 49 22 donc
71 2008 48 23 bien
140 2013 38 17 ces
202 2013 108 22 marques
333 2006 29 21 de
382 2005 81 24 tendre

11 2041 116 24 sollicitude
145 2047 45 24 que
201 2041 32 22 lui
246 2046 13 16 a
281 2039 138 31 prodiguées
439 2039 32 24 la^

12 2076 135 29 Mère-patrie.

34 2110 55 22 Cette
99 2111 125 27 généreuse
232 2108 116 23 libéralité
366 2108 97 23 découle

12 2144 51 22 aussi
72 2142 62 23 d’une
145 2144 65 21 autre
230 2148 68 17 cause
321 2148 46 17 non
389 2142 74 23 moins

13 2176 125 30 importante.
151 2176 34 23 En
194 2177 112 29 adoptant
317 2178 59 21 cette
398 2177 65 28 règle

13 2209 22 23 de
46 2210 106 27 conduite,
173 2210 81 23 l’Italie
262 2217 16 15 a
296 2208 70 25 voulu
378 2216 84 17 encore

15 2246 138 26 récompenser
161 2243 97 24 l’ardent
268 2244 143 29 patriotisme
422 2243 40 23 des
471 2250 7 13 >

15 2276 95 24 habitants
121 2280 28 20 de
160 2277 22 23 la
201 2277 128 31 Sardaigne
337 2280 23 20 et
371 2280 93 21 surtout

14 2309 164 30 l’incomparable
189 2312 114 23 vaillance
311 2312 56 22 dont
373 2315 40 20 ont
421 2311 42 23 fait

16 2349 68 22 preuve
104 2344 81 24 durant
195 2346 23 23 la
229 2346 89 29 grande
331 2352 84 23 guerre
427 2345 35 23 les

16 2378 72 23 soldats
92 2379 84 23 sardes.
185 2378 96 24 Ceux-ci
288 2387 26 15 se
323 2382 54 20 sont
384 2380 81 22 battus,

16 2416 72 18 comme
98 2412 38 24 des
160 2413 59 23 lions
231 2416 23 20 et
265 2413 52 24 leur
336 2419 101 23 courage
449 2420 13 15 a

15 2444 41 27 plus
67 2445 60 24 d’une
144 2447 44 23 fois
207 2449 73 21 sauvé
289 2448 24 22 la
325 2447 66 23 mise.

36 2478 55 23 Moro
102 2486 27 17 ne
146 2482 94 28 pouvait
250 2487 42 23 pas
304 2481 50 22 dire
362 2488 36 20 ça.
407 2480 20 23 Il
437 2487 26 16 se

15 2512 62 27 serait,
97 2519 26 17 en
144 2518 77 19 tenant
249 2521 30 16 un
301 2515 30 22 tel
355 2515 106 29 langage,

15 2542 100 33 aîiènéjes
127 2548 86 23 bonnes
224 2550 82 29 grâces
319 2548 28 23 de
356 2555 38 16 ses
401 2549 60 22 amis

16 2577 34 22 elil
58 2581 68 22 aurait
133 2582 229 23 incontestablement
370 2582 93 23 déchaî-

15 2612 23 20 né
52 2619 39 16 une
108 2615 109 24 véritable
232 2619 98 27 tempête
356 2616 58 23 dans
438 2616 24 22 le

16 2648 53 26 camp
76 2649 151 23 communiste.

37 2677 15 21 11
60 2681 67 22 aurait
134 2684 35 21 été
178 2683 30 23 de
227 2683 60 29 plus,
297 2683 78 30 obligé
388 2683 28 23 de
428 2689 33 17 re-

493 194 119 22 connaître
621 202 45 22 que
672 196 22 22 la
704 196 73 24 Corse
785 206 25 15 se
822 202 89 25 trouve,
920 200 45 23 elle

493 227 73 26 aussi,
577 228 57 22 dans
643 229 23 22 le
672 231 75 22 même
754 238 47 20 cas,
810 232 65 23 Nous
884 240 80 21 avons,

492 266 28 15 en
531 260 63 28 effet,
604 261 62 23 droit
674 269 45 16 aux
727 264 128 24 libéralités
864 267 30 21 du
904 267 60 22 Gou-

492 298 135 19 vernement
651 296 28 22 de
702 297 22 22 la
751 298 147 30 République
919 306 46 16 non

491 327 128 24 seulement
626 331 13 20 à
651 336 69 17 cause
732 331 29 22 de
773 335 65 19 notre
864 335 101 20 extrême

493 363 110 25 pauvreté
615 363 58 22 mais
685 370 92 20 encoi*e,
795 372 28 15 en
835 366 131 22 considéra-

494 393 48 22 lion
555 394 29 23 de
596 394 21 23 la
630 396 107 23 brillante
760 399 108 21 conduite
878 399 28 21 de
923 406 43 15 nos

491 426 91 23 soldats
591 431 23 18 et
626 429 29 22 de
677 432 52 21 tous
752 431 35 22 les
807 431 117 23 habitants
937 432 29 21 de

492 462 68 20 notre
572 468 56 22 pays
636 462 84 23 durant
730 464 22 22 la
762 463 105 24 dernière
874 471 91 23 guerre.

491 493 51 22 Nos
554 496 164 27 compatriotes
731 499 41 19 ont
780 500 99 19 soutenu
891 498 74 21 l’hon-

491 533 60 16 neur
559 528 31 21 du
607 529 102 28 drapeau
726 536 41 15 sur
779 532 52 20 tous
843 531 35 21 les
890 531 76 28 points

493 560 31 22 du
537 561 69 22 front.
622 562 35 21 En
681 561 156 30 Champagne,
862 563 57 21 dans
943 563 22 21 le

491 592 74 30 Nord,
579 597 12 20 à
600 594 133 30 Salonique,
755 602 30 16 au
793 595 79 23 Maroc
881 598 23 20 et
912 602 53 23 par-

493 630 52 21 tout
555 628 35 23 les
602 629 92 22 enfants
703 629 29 22 de
747 629 23 23 la
782 629 73 23 Corse
874 636 26 16 se
911 632 55 20 sont

490 662 103 28 signalés
605 669 42 22 par
659 663 50 22 leur
720 669 102 24 courage
831 665 24 21 et
864 670 41 22 par
914 663 51 22 leur

491 696 152 22 dévouement
657 699 14 20 à
679 696 23 22 la
711 697 98 22 France.
827 697 50 22 Nos
889 698 76 27 perles

492 731 42 20 ont
546 732 37 19 été
603 729 103 22 lourdes.
727 730 126 29 Beaucoup
877 730 29 22 de
921 736 44 15 nos

491 762 88 23 solides
589 769 55 21 gars
657 765 41 20 ont
705 763 95 22 blanchi
813 763 28 22 de
857 763 62 22 leurs
937 769 27 15 os

492 796 35 22 les
540 796 95 29 champs
651 796 29 22 de
700 795 95 24 bataille
816 799 22 19 et
850 796 115 28 plusieurs

491 828 89 24 d’entre
592 836 44 15 eux
656 833 88 19 restent
763 829 122 30 estropiés,
906 835 60 23 pour

491 865 66 20 toute
571 863 50 22 leur
637 863 46 22 vie.

520 895 68 23 Voilà
608 895 34 23 les
667 896 65 23 iiîres
743 896 52 29 qu’a
816 896 22 21 la
857 895 72 22 Corse
951 896 13 20 à

491 928 60 23 faire
562 928 74 23 valoir
648 935 59 23 pour
724 928 81 23 attirer
827 935 42 15 sur
880 927 45 23 elle
941 927 23 22 la

492 962 132 30 générosité
642 963 31 22 du
691 964 181 27 gouvernement
892 961 28 22 de
941 961 24 22 la

491 996 155 29 République.
661 995 60 23 Tant
733 998 24 19 et
776 998 48 19 tant
835 994 30 23 de
885 994 79 23 lourds

491 1029 117 23 sacrifices
626 1032 116 19 resteront
761 1028 137 23 néanmoins
909 1034 55 16 sans

491 1065 151 28 réeompence
660 1069 68 23 parce
739 1069 46 23 que
804 1063 34 22 les
858 1062 106 23 sinistres

491 1097 132 23 comédiens
628 1097 40 30 qui
674 1103 59 16 nous
742 1098 159 27 représentent
909 1095 56 22 n’ai-

493 1134 65 19 ment
572 1136 45 24 que
631 1131 24 22 la
669 1130 92 30 blague,
777 1130 35 22 les
828 1129 138 30 plantureux

491 1170 69 23 repas
570 1167 23 20 et
603 1163 35 23 les
655 1170 101 23 voyages
769 1171 45 15 aux
833 1163 57 23 frais
901 1163 29 21 de
941 1162 23 22 la

490 1198 128 30 princesse.

723 1225 89 22 Pierre
822 1225 114 26 Ignotus.

717 1265 38 16 o-

490 1288 19 19 D
512 1289 185 18 ocumen.tazi.one

513 1495 88 19 Abbiamo
608 1495 21 18 in
636 1494 47 19 altri
690 1495 56 24 lempi
754 1494 131 25 diffusamenle
892 1495 73 24 parlalo

491 1521 20 18 in
520 1520 156 24 c/uesloperiodico
685 1520 30 19 dei
720 1520 83 19 tenlativi
810 1520 20 19 di
837 1519 128 25 allignamento

490 1545 49 19 -nelle
548 1550 33 14 nos
583 1547 26 17 Ire
619 1550 56 19 acque
683 1545 49 19 délia
739 1545 101 19 Gambusia
849 1551 34 18 per
889 1546 18 18 la
921 1545 46 19 lolta

490 1572 64 17 conlro
560 1571 19 18 la
584 1571 86 18 malaria.
678 1570 28 19 La
713 1570 106 22 Gambusia,
824 1575 53 20 pesce
886 1571 20 18 di
910 1571 54 24 origi-

489 1600 24 13 ne
518 1596 110 21 americana,
639 1594 73 21 sarebbe
718 1601 27 13 un
753 1594 106 21 dislrullore
866 1596 81 24 specifico
955 1602 10 13 e

490 1620 117 24 rapidissbno
619 1621 20 18 di
644 1620 49 19 larve
699 1621 20 18 di
723 1626 77 14 zanzare
812 1621 105 19 malariche.
926 1621 39 19 Me-

490 1645 37 19 rito
536 1646 68 19 diaver
609 1647 49 23 fatlo
666 1650 91 15 conoscere
766 1648 60 21 questo
834 1651 54 19 pesce
898 1652 9 13 e
915 1647 49 18 ime-

491 1670 41 19 todi
538 1671 49 18 délia
594 1675 33 14 sua
635 1671 102 24 diffusions
744 1673 58 22 spella
808 1677 34 18 per
856 1672 15 18 il
880 1673 59 23 primo
944 1673 21 18 al

489 1698 62 17 nostro
556 1700 69 19 sempre
629 1695 101 25 compianlo
735 1696 64 23 amico,
806 1697 15 18 il
825 1697 87 19 Senatore
918 1697 44 19 G.B.

491 1721 68 22 Grasse,
569 1727 10 13 e
585 1721 66 19 merilo
655 1723 58 22 spella
716 1722 191 24 purealVlspelloralo
914 1722 50 19 délia

489 1746 59 19 Pesca
554 1747 32 18 clie
590 1747 87 24 appoggib
685 1747 16 18 il
709 1746 63 19 Grassi
775 1747 31 19 nei
813 1747 41 19 suoi
858 1748 105 23 esperimen-

490 1771 17 19 li
514 1776 10 14 e
532 1772 72 24 applicô
611 1777 22 14 su
641 1772 52 23 larga
700 1772 50 19 scala
755 1773 47 18 nelle
806 1778 32 13 nos
838 1774 28 18 Ire
871 1778 57 19 acque
930 1779 33 17 pa-

490 1797 57 18 lusLri
554 1797 16 18 il
576 1796 80 20 sislema.

514 1821 38 20 Ora
558 1823 18 18 la
587 1821 71 20 Società
664 1822 96 24 Régionale
774 1823 70 24 Venela,
849 1829 35 18 per
889 1825 74 23 proprio

489 1849 53 17 conlo
550 1853 10 13 e
568 1852 33 15 con
609 1847 294 23 lodevolissimainiziativa,cerca
910 1855 12 13 a
930 1855 32 13 sua

489 1872 49 19 voila
543 1873 21 18 di
569 1872 95 24 dîffonder
663 1878 10 13 e
678 1872 20 19 la
702 1873 69 19 semina
776 1874 30 18 del
811 1874 100 19 Gambusia
915 1875 48 18 nelle

489 1902 57 19 acque
553 1898 21 19 di
580 1903 33 14 sua
619 1900 91 22 speltanza
721 1898 92 25 régionale
822 1904 140 20 aceompagnan-

489 1923 23 18 do
521 1923 121 19 l’esorlazione
647 1928 33 14 con
688 1929 36 13 una
730 1924 133 19 dichiarazione
868 1925 94 19 illustrali-

488 1953 23 14 va
519 1949 71 18 inlomo
602 1949 21 18 ai
629 1948 50 20 tnodi
686 1949 22 18 di
717 1948 69 20 semina
797 1950 31 19 del
832 1955 55 19 pesce
895 1950 34 19 eai
936 1951 27 18 ri-

488 1973 72 20 suliali.

511 1999 113 24 Biportiamo
630 2000 18 18 la
657 1999 266 24 co>nunicazione,dichiarando
930 2002 32 19 che

489 2025 20 18 la
517 2025 74 19 Società
597 2024 101 20 Bombarda
707 2026 39 22 che,
752 2026 63 23 prima
823 2028 30 17 Ira
862 2027 17 18 le
892 2026 70 20 Società

488 2048 23 21 di
512 2055 62 19 pesca,
583 2055 9 14 s
595 2050 86 20 'inleressà
690 2052 49 18 délia
747 2052 95 23 quislione,
847 2058 37 13 non
892 2053 23 18 ha
922 2053 40 18 mai

991 69 66 16 cessalo
1071 68 21 18 di
1107 68 104 24 diffondere
1225 69 18 18 la
1251 73 105 15 conoscenza
1365 69 30 18 del
1407 74 54 14 ntiovo

990 92 68 18 melodo
1062 92 22 18 di
1087 92 44 19 lolta
1138 96 61 16 conlro
1208 95 18 18 la
1233 93 85 19 malaria.

1014 115 52 24 Perd,
1072 122 35 19 per
1113 123 56 14 essere
1177 119 48 18 nella
1232 116 92 23 sincerità,
1337 118 92 19 dohbiamo
1435 119 27 19 di-

991 140 82 20 chiarare
1079 142 32 18 che
1114 148 35 13 non
1155 144 23 18 da
1185 144 44 18 lulti
1233 143 28 24 gli
1266 142 79 24 Üliologi
1349 149 10 13 e
1365 145 27 16 lui
1393 144 15 17 H
1413 143 9 18 i
1424 143 37 24 pis-

990 166 85 19 cicullori
1081 168 11 17 è
1099 170 86 17 accetlalo
1194 169 16 18 il
1216 169 80 18 concello
1306 168 49 18 délia
1361 168 101 23 diffusione

990 190 49 19 délia
1047 192 106 19 Gambusia.
1171 194 64 21 Quesla
1240 198 54 19 pesca
1302 193 52 22 offre,
1363 194 31 22 fra
1402 193 8 17 i
1415 193 47 18 lanti

991 215 85 24 vanlàggi
1080 217 21 18 di
1105 217 104 20 dislrullore
1214 218 21 18 di
1240 218 50 18 larve
1294 217 169 24 malarifere,anche

992 240 145 21 Vinconvénients
1149 243 56 18 d'una
1224 242 99 25 prolificità
1339 243 122 23 spellacolosa.

990 264 53 20 Nelle
1050 272 56 18 acque
1114 267 82 23 ilaliane,
1205 268 19 18 al
1233 268 40 18 dire
1281 266 21 18 di
1306 267 53 19 molli
1366 267 69 18 uomini
1442 267 20 18 di

991 290 75 22 scienza,
1082 292 20 17 vi
1109 297 42 13 sono
1166 293 46 18 altri
1216 291 52 25 pesci
1275 291 33 18 che
1312 292 106 22 polrebbero
1435 293 27 18 be-

991 315 73 19 nissimo
1071 317 42 21 fars
1125 317 74 24 l'ufficio
1212 318 20 17 di
1239 316 109 19 dislruzione
1354 317 48 18 délia
1410 317 52 18 Gam-

990 340 54 18 busia
1059 346 10 13 e
1080 346 35 13 non
1128 343 74 22 o/frime
1212 342 28 23 gli
1248 341 129 19 inconvenienli
1384 347 10 12 e
1399 348 35 17 per
1441 342 21 18 di

989 364 33 23 più
1028 366 92 18 sarebbv.ro
1126 367 51 22 pesci
1183 365 119 25 mangerecci,
1308 368 69 17 mentre
1383 372 36 13 non
1428 367 17 19 lo
1452 373 10 12 e

992 389 19 18 la
1019 391 102 21 gambusia.
1131 392 69 18 Perche
1209 397 34 12 non
1256 390 118 23 inlensifcare
1383 391 18 18 la
1408 391 54 24 diffu-

990 414 50 19 sione
1047 415 23 18 di
1078 416 60 23 questi
1141 417 53 22 pesci
1199 414 87 22 noslrani,
1295 420 53 13 senza
1363 416 98 19 inconlrare

990 439 28 22 gli
1025 439 128 20 inconvenienli
1160 441 30 18 del
1194 446 51 18 pesee
1253 440 65 19 esolico
1323 441 11 17 ?

1013 464 87 19 Abbiamo
1104 467 96 18 accennato
1208 466 55 18 anche
1269 467 61 22 quesla
1339 466 82 23 opinions
1430 471 32 18 ap-

988 490 58 22 punlo
1054 489 66 24 perche
1128 491 90 18 crediamo
1231 490 53 23 valga
1292 489 18 18 la
1315 489 49 24 pend
1375 490 87 19 disculere

991 512 47 20 sulla
1045 514 96 23 queslione,
1149 517 49 17 lanto
1204 522 38 13 essa
1249 521 9 12 e
1270 514 106 23 importante
1381 521 35 17 per
1422 514 37 19 noi.

991 538 56 19 Noue
1056 541 50 17 lanto
1109 540 19 18 la
1135 541 85 18 tendenza
1229 544 48 15 verso
1285 545 23 12 un
1313 545 53 18 pesce
1373 539 89 24 piultoslu

992 562 31 18 che
1036 568 50 13 verso
1098 570 24 12 un
1132 565 54 21 allro,
1203 566 65 21 quanlo
1280 564 97 23 diffondere
1383 563 78 24 pralica-

991 587 78 19 menleil
1075 587 93 25 principio
1176 590 32 18 che
1219 590 49 17 larve
1272 589 116 23 propagalori
1400 588 19 18 di
1424 593 36 14 ma-

991 612 48 19 laria
1054 613 47 18 nelle
1117 614 69 23 regioni
1193 614 119 23 acquilrinose
1318 618 74 19 possono
1405 618 55 14 essere

992 636 117 21 validamente
1117 639 84 19 dislrulle
1209 639 20 18 di
1237 640 63 21 qlcune
1311 639 58 23 specie
1381 638 22 19 di
1403 637 57 24 pesci.

1014 663 103 20 Torneremo
1135 664 150 23 sutl'argomento,
1298 670 10 13 e
1320 664 68 18 inlanlo
1401 663 59 19 diaino

991 688 19 19 la
1019 689 143 19 comunicazione
1175 689 131 19 délia'Società
1318 689 75 18 Venela:

1065 735 75 21 Lotta
1148 736 88 20 eontro
1244 734 27 23 la
1279 733 105 23 malaria

1099 767 83 22 Nuovi
1194 767 159 26 esperimenti

1017 811 17 20 E
1043 811 71 21 uscito
1126 812 23 19 in
1158 812 72 24 questi
1239 813 73 24 giorni
1322 811 59 21 nella
1390 810 71 21 Rivis-

990 842 23 17 ta
1021 839 59 20 dello
1089 837 120 22 Zanichelli
1217 847 6 12 :
1232 840 36 20 La
1279 839 74 23 Terra,
1364 843 45 16 üno
1415 841 45 18 stu-

990 867 37 19 dio
1033 866 103 25 dell’Egr.
1143 867 60 20 Prof.
1210 868 123 20 Domenico
1342 867 86 21 Lacava
1433 871 26 15 su

990 894 35 21 La
1033 894 126 21 Gambusia
1169 895 62 20 nella
1239 896 59 20 lotta
1312 893 146 22 antilarvale.

990 922 75 20 Siamo
1075 922 75 20 venuti
1160 928 41 15 con
1211 926 79 21 questo
1305 922 76 21 scritto
1390 928 13 13 a
1411 927 49 19 per-

990 949 53 21 fetta
1052 955 135 16 conoscenza
1202 950 22 20 di
1233 957 32 14 un
1279 953 130 22 aTgomento
1418 949 41 21 che

991 978 19 20 ci
1020 979 12 19 è
1040 978 113 20 sembrato
1171 978 72 25 degno
1258 979 23 20 di
1297 978 44 21 alto
1353 978 107 19 interesse

990 1006 59 25 oggi,
1059 1006 41 20 che
1109 1006 36 20 nei
1154 1009 76 17 nostro
1238 1005 86 21 Veneto
1329 1005 18 20 si
1352 1008 33 17 sta
1392 1005 67 24 impe-

990 1034 89 25 gnando
1097 1039 44 14 una
1157 1033 57 20 forte
1226 1033 105 26 battaglia
1348 1036 77 17 eontro
1438 1032 21 20 la

990 1061 91 20 malaria
1087 1068 7 17 ;
1103 1061 103 21 abbiamo
1223 1062 45 19 così
1278 1061 92 21 creduto
1382 1066 79 19 oppor-

990 1093 55 17 tuno
1058 1092 89 22 portare
1158 1095 13 14 a
1180 1095 136 14 conoscenza
1327 1088 16 21 il
1351 1088 109 20 nuovissi-

990 1122 37 16 mû
1033 1117 91 21 sistema
1132 1117 49 23 che,
1188 1120 60 17 sorto
1257 1123 87 19 appena
1353 1116 48 21 ieri,
1411 1121 49 19 pro-

991 1149 74 19 mette,
1076 1150 40 20 per
1124 1145 8 20 i
1140 1144 50 21 suoi
1200 1144 101 24 benefici,
1307 1144 22 20 di
1338 1143 121 21 affermassi

991 1173 151 26 rapidamente
1150 1172 72 21 anche
1230 1172 23 20 in
1263 1172 71 21 Italia.

1016 1201 78 21 Venne
1102 1204 76 17 notato
1187 1200 28 20 da
1224 1200 93 21 studiosi
1327 1206 12 14 e
1347 1199 112 22 scienziati

991 1235 64 14 corne
1059 1229 81 20 alcune
1148 1228 76 25 specie
1231 1228 24 20 di
1263 1227 60 26 pesci
1336 1227 65 21 siano
1409 1233 52 15 vere

990 1256 130 22 distruttrici
1129 1256 22 21 di
1158 1256 70 24 larve,
1246 1256 22 20 di
1277 1255 62 21 ninfe
1347 1262 14 13 e
1374 1254 85 27 perfino

991 1286 23 20 di
1022 1292 59 14 uova
1090 1284 22 21 di
1121 1285 75 20 insetti
1202 1285 24 20 in
1237 1284 115 26 genereed
1361 1283 23 20 in
1394 1283 65 20 modo

991 1313 97 26 spéciale
1096 1313 23 20 di
1127 1319 94 14 zanzare
1228 1311 88 22 anofele
1324 1310 30 27 (le
1362 1311 61 25 quali
1429 1311 32 21 ul-

991 1343 62 23 time,
1062 1348 64 15 corne
1140 1343 13 19 è
1168 1345 61 20 noto,
1247 1340 118 25 compiono
1378 1343 58 17 tutto
1444 1339 15 20 il

991 1371 56 21 cicio
1055 1370 23 21 di
1088 1370 103 26 sviluppo
1200 1369 41 21 alla
1251 1368 117 25 superficie
1375 1368 85 21 deli’ac-

991 1405 44 20 qua
1044 1398 132 26 stagnante).
1188 1398 68 21 Preso
1264 1397 24 20 in
1297 1403 75 14 esame
1381 1400 79 22 questo

991 1427 116 26 principio,
1118 1427 22 21 Io
1157 1427 100 21 studioso
1265 1425 19 21 si
1299 1432 96 19 propose
1403 1426 16 20 il
1427 1433 33 15 se-

991 1460 81 21 guente
1081 1456 115 25 problema
1202 1463 6 13 :
1217 1459 88 17 trovare
1311 1461 30 13 un
1349 1461 65 18 pesce
1419 1455 41 20 che

991 1485 19 20 si
1019 1488 66 17 nutra
1094 1484 57 21 delle
1170 1484 61 20 larve
1239 1483 23 21 di
1270 1489 100 18 zanzare,
1379 1483 42 20 che
1429 1482 31 21 vi-

991 1518 27 15 va
1037 1513 24 19 in
1076 1512 73 26 quelle
1162 1518 71 19 acque
1253 1517 43 15 ove
1309 1514 78 22 quesle
1399 1511 61 20 larve

992 1541 21 20 vi
1026 1541 142 25 sviluppano,
1185 1540 42 21 che
1242 1539 62 26 quivi
1319 1545 76 15 cresca
1411 1545 13 14 e
1441 1538 18 21 si

991 1568 130 27 moltiplichi
1138 1568 159 26 distruggendo
1313 1567 22 21 le
1347 1567 113 26 porlatrici

990 1598 23 20 di
1021 1596 92 22 malaria
1123 1603 14 14 e
1144 1596 88 26 quîndi,
1241 1603 41 18 per
1289 1596 130 23 deduzione,
1429 1595 31 20 di-

990 1624 149 22 minuendola
1148 1625 99 20 malattia
1256 1628 78 17 stessa.

1015 1653 184 26 Maquestacosa,
1205 1653 41 21 che
1254 1653 13 20 è
1276 1652 119 21 bellissima
1402 1652 58 21 nella

989 1682 122 24 suateoria,
1121 1686 64 17 trovo
1193 1682 58 20 sérié
1259 1679 106 23 difficoltà
1377 1680 82 21 all’atto

989 1710 94 25 pratico,
1090 1710 23 20 in
1122 1710 72 25 primo
1203 1710 67 25 luogo
1279 1708 81 26 perche
1369 1715 45 14 non
1422 1714 37 15 era

989 1739 65 20 facile
1062 1742 88 17 trovare
1161 1738 16 20 il
1182 1744 67 19 pesce
1257 1738 42 20 che
1306 1741 89 22 potesse
1401 1737 59 21 vive-

989 1773 24 14 re
1021 1767 24 20 in
1055 1766 74 26 quelle
1133 1772 71 20 acque
1213 1766 111 25 stàgnanti
1333 1772 42 14 ove
1384 1765 19 21 si
1417 1765 43 21 svi-

989 1795 98 25 luppano
1096 1795 21 20 le
1124 1801 95 14 zanzare
1227 1793 95 26 anofele,
1331 1794 23 21 in
1364 1793 95 22 secondo

988 1824 67 25 luogo
1064 1823 81 25 perché
1159 1822 122 26 bisognava
1290 1822 42 21 che
1341 1823 45 21 taie
1395 1828 64 20 pesce

988 1857 45 15 non
1043 1851 60 21 fosse
1112 1851 174 21 assolutamente
1298 1851 91 22 vjttima
1398 1850 61 22 délia

985 1882 79 23 pesca.
1074 1880 33 19 Fu
1120 1879 71 21 difatti
1209 1886 40 19 per
1265 1883 78 22 queste
1351 1880 44 19 due
1404 1879 55 22 diffi-

988 1908 58 21 coltà
1057 1908 42 20 che
1112 1908 20 20 si
1146 1908 115 20 dovettero
1278 1908 158 22 abbandonare
1451 1908 8 20 i

987 1936 102 21 tentativi
1098 1935 84 21 iniziatî
1190 1936 72 21 anche
1271 1942 42 14 con
1322 1936 60 25 pesci
1389 1937 69 21 nostri

986 1964 70 26 (quali
1065 1964 21 20 la
1095 1964 59 21 tinca
1166 1971 14 13 e
1187 1964 22 21 la
1218 1963 82 27 carpa),
1309 1964 101 21 lottando
1419 1971 40 19 per

987 1992 78 26 lunghi
1074 1993 54 20 anni
1140 1993 24 19 in
1173 1993 129 25 esperienze
1314 1992 143 22 scientifiche.

1013 2020 17 22 E
1037 2022 20 19 la
1063 2026 52 15 cosa
1121 2027 82 19 pareva
1209 2021 94 20 dovesse
1307 2021 111 21 rimanere
1422 2021 35 21 nei

987 2049 47 21 solo
1043 2055 80 18 campo
1131 2049 91 24 teorico,
1234 2049 92 25 quando
1335 2049 123 26 permerito

861 2138 93 31 Bell!
977 2140 110 30 Faesl

547 2683 36 15 toto.
591 2682 42 16 Prêté
643 2684 64 14 Franchi

830 2683 75 27 Vicu
926 2684 29 26 di
977 2684 140 26 Pumonte

1486 71 22 19 di
1517 71 121 21 americani
1645 77 12 14 e
1663 70 296 26 precisamentedeirUfficio

1486 98 69 21 Pesca
1565 98 58 26 degli
1633 99 54 20 Stati
1698 99 69 22 Uniti,
1781 98 36 21 nei
1827 103 49 20 1900
1885 105 73 14 venne

1486 126 113 20 introdoto
1607 126 111 26 I’impiego
1727 126 58 21 délia
1788 126 124 25 gambusia
1918 127 41 20 che

1487 160 68 18 parve
1569 154 169 24 corrispondere
1754 157 145 19 esattamente
1915 154 43 26 agli

1485 181 71 24 scolpi
1563 181 94 25 prefîssi.
1664 182 8 19 I
1682 182 95 21 risultati
1787 182 81 21 furono
1874 182 85 21 soddis-

1486 208 89 22 facenti,
1586 209 7 19 i
1603 209 94 21 benefici
1706 209 172 23 sensibilissimi,
1892 210 68 20 cosic-

1487 235 41 21 chè
1536 236 38 19 nei
1590 240 50 21 1922
1648 243 50 14 essa
1709 244 37 13 era
1756 238 117 21 senz’altro
1879 238 81 24 piena-

1485 266 75 18 mente
1568 263 126 25 affermata
1702 265 24 19 in
1735 265 115 21 America.
1858 265 41 21 Nei
1908 270 47 20 1921

1486 291 66 20 viene
1561 291 119 21 introdotta
1693 292 23 19 in
1731 292 89 26 Europa
1835 299 13 14 e
1865 293 95 24 precisa-

1486 321 76 18 mente
1574 319 24 19 in
1611 319 120 21 Germania
1745 321 27 19 ed
1787 320 23 20 in
1823 320 102 25 Ispagna,
1935 322 23 19 in

1486 346 62 20 Italia
1558 345 64 22 viene
1629 347 37 20 nei
1673 351 49 22 1922
1729 354 40 18 per
1774 348 184 21 interessamento

1486 374 22 19 di
1518 373 23 22 S.
1551 372 29 22 M.
1591 374 15 21 il
1617 374 81 21 Reche
1703 375 78 24 primo
1789 375 60 20 voile
1855 379 10 17 t
1864 378 95 19 entame

1486 401 25 20 la
1522 402 95 24 pratica
1626 403 168 23 applicazione.
1809 403 23 20 Si
1842 409 57 15 sono
1915 402 45 22 ala-

1485 432 113 17 cremente
1608 429 125 22 interessati
1748 430 57 21 délia
1814 430 120 22 diffusione
1941 431 16 21 il

1486 456 84 23 Grassi,
1577 456 16 20 il
1601 457 67 24 Sella,
1679 457 27 21 ed
1721 458 24 19 in
1755 458 66 21 modo
1838 459 97 25 spéciale
1943 458 16 21 il

1487 484 106 24 Brunelli,
1601 485 108 24 Ispettore
1715 485 120 25 Superiore
1841 486 58 21 délia
1907 486 52 21 Pes-

1485 517 26 14 ca
1517 517 78 19 presso
1604 512 16 20 il
1627 512 101 21 Ministro
1737 513 173 22 dell’Economia
1916 514 42 21 Na-

1485 538 95 24 zionale,
1590 546 13 13 e
1610 539 23 20 la
1642 540 120 20 Direzione
1770 540 110 22 Generale
1889 541 21 20 di
1920 541 39 22 Sa-

1486 565 46 21 nità
1538 573 7 16 ;
1555 572 13 13 a
1577 566 48 20 Ioro
1631 567 16 19 il
1656 570 76 18 nostro
1741 568 78 24 plauso
1836 575 13 14 e
1867 568 91 21 l’offerta

1485 593 57 21 délia
1566 597 76 18 nostra
1664 598 79 21 pronta
1769 595 187 23 collaborazione;

1485 623 62 18 tanto
1555 621 39 24 più
1606 621 43 21 che
1656 628 55 19 pare
1718 623 38 24 già
1767 627 112 18 accertato
1888 624 41 20 che
1936 625 22 20 le

1485 654 72 20 acque
1562 652 76 18 nostre
1647 650 28 20 ed
1681 650 16 21 il
1704 654 77 18 nostro
1787 651 65 21 clima
1859 658 45 15 non
1909 658 50 18 por-

1484 675 47 22 tino
1546 676 106 22 difficoltà
1666 679 21 20 al
1702 680 111 24 completo
1827 680 104 24 sviluppo
1945 686 12 14 e

1484 703 44 21 alla
1537 704 67 24 piena
1612 704 101 22 efficacia
1720 706 38 20 del
1766 707 136 24 pesciatello.

1510 731 118 25 Vogliamo
1643 739 39 14 ora
1692 739 39 19 qui
1743 733 107 26 riportare
1864 735 94 25 qualche

1485 759 82 20 notizia
1576 759 129 25 scientifica,
1719 762 136 23 togliendola
1870 762 88 22 diretta-

1484 789 77 18 mente
1568 787 264 23 dall’interessantîssimo
1838 790 75 21 studio
1920 790 38 21 del

1486 813 93 21 Lacava.
1590 814 49 25 Egli
1648 816 84 20 scrive:
1744 824 11 11 «
1761 816 180 22 NeU’esaminare
1950 818 7 19 i

1484 842 103 19 caratteri
1601 842 57 20 délia
1667 844 116 24 gambusia
1797 844 20 20 ci
1832 851 125 15 varremmo

1484 868 184 26 principalmente
1676 870 23 21 di
1711 874 84 21 quanto
1804 871 24 21 in
1842 874 115 24 proposito

1485 895 75 21 hanno
1569 897 84 21 riferito
1662 898 86 24 Artom,
1759 899 22 20 F.
1792 905 13 14 e
1813 899 24 21 S.
1847 901 34 20 De
1893 900 64 22 Buen

1484 929 13 13 e
1505 923 85 22 Grassi.
1606 925 18 20 Il
1633 931 83 19 genere
1723 927 117 24 gambusia
1850 934 64 19 poey,
1923 929 33 20 in-

1484 950 70 22 sieme
1562 958 42 15 con
1621 953 52 20 altri
1681 954 86 25 generi,
1776 955 127 21 costituisce
1911 962 46 14 una

1484 979 166 26 sotto-famiglia
1659 981 23 20 di
1691 981 149 25 eiprinodonti
1850 982 55 26 (cosi
1912 984 46 20 det-

1483 1005 16 20 ti
1509 1012 40 19 per
1557 1007 22 20 la
1587 1008 49 21 loro
1644 1009 145 25 somiglianza
1797 1010 21 20 ai
1827 1011 104 25 ciprinidi
1944 1017 13 14 e

1483 1039 40 19 per
1528 1034 17 20 il
1551 1034 54 22 fatto
1610 1036 23 19 di
1639 1037 120 24 possedere
1766 1037 61 20 denti
1831 1038 25 21 in
1862 1042 95 18 entram-

1485 1061 27 20 be
1520 1062 22 19 le
1548 1063 125 25 masceile);
1681 1065 166 25 lepoecillinae.
1855 1066 102 22 Secondo

1484 1088 15 20 il
1508 1088 74 22 Kuntz
1598 1091 15 20 il
1628 1098 67 15 nome
1707 1093 116 24 gambusia
1835 1095 13 20 è
1857 1094 99 21 derivato

1483 1116 36 21 dal
1530 1118 108 22 vocabolo
1651 1120 139 24 gambusina,
1799 1121 42 20 che
1850 1122 107 21 nell’isola

1485 1144 22 19 di
1517 1144 62 21 Cuba
1589 1147 13 20 è
1609 1147 121 25 adoperato
1735 1154 42 19 per
1789 1148 126 25 significare
1922 1157 36 14 co-

1485 1177 24 15 sa
1519 1172 22 20 di
1554 1173 92 22 nissuna
1660 1175 144 25 importanza,
1814 1177 29 20 ed
1855 1176 72 22 infatti
1936 1178 22 20 le

1484 1200 116 25 gambusie
1624 1208 45 14 non
1686 1203 76 21 hanno
1782 1210 84 16 nessun
1882 1205 75 21 valore

1485 1229 162 20 commerciale.

1510 1264 11 11 «
1526 1255 64 22 Delle
1598 1256 114 22 diciasette
1720 1258 76 25 specie
1803 1259 49 25 che,
1860 1262 97 20 secondo

1484 1283 21 20 la
1514 1284 112 26 çevisione
1643 1286 22 19 di
1680 1285 84 26 Reyan,
1775 1287 158 23 costituiscono
1941 1289 16 21 il

1484 1317 83 20 genere
1580 1314 123 24 gambusia,
1717 1317 35 17 tre
1768 1321 56 14 sono
1842 1316 42 20 ben
1897 1321 59 22 note,

1484 1340 126 22 essendone
1619 1345 57 17 stata
1684 1341 55 22 fatta
1752 1342 21 22 la
1785 1342 137 22 descrizione
1930 1351 27 14 sn

1484 1375 31 14 un
1524 1368 90 26 ingente
1623 1370 121 23 materiale,
1755 1370 80 22 difiuso
1842 1371 59 26 negli
1910 1371 48 22 Sta-

1485 1397 15 19 ti
1511 1397 60 21 Uniti
1580 1398 131 22 d’America.

1511 1433 10 12 «
1528 1425 32 20 La
1567 1426 116 24 gambusia
1691 1427 121 21 introdotta
1822 1433 13 14 e
1843 1427 71 21 ormai
1923 1435 35 14 ac-

1485 1453 112 21 climatata
1605 1454 23 19 in
1639 1453 70 25 Italia,
1718 1455 131 25 appartiene
1857 1456 43 20 alla
1909 1462 49 19 spe-

1484 1481 35 21 cie
1525 1482 126 24 gambusia
1658 1482 138 22 holbroocki.
1810 1483 31 21 La
1851 1483 107 22 femmina

1485 1510 12 19 è
1505 1509 39 26 più
1558 1510 85 25 grande
1656 1510 36 22 dei
1708 1511 99 21 maschio
1813 1519 7 16 ;
1833 1517 124 16 raramente

1484 1539 129 24 misurapiù
1623 1538 22 20 di
1653 1539 26 24 45
1688 1545 54 14 mm.
1752 1540 23 20 di
1787 1539 129 25 Iunghezza.
1927 1541 30 20 La

1484 1566 108 25 Iunghzza
1602 1567 73 20 media
1683 1568 13 19 è
1709 1567 22 20 di
1737 1572 86 20 mm.40,
1834 1568 73 26 queîia
1921 1569 37 20 del

1485 1594 99 22 maschio
1593 1596 13 20 è
1613 1595 24 19 di
1645 1601 54 15 mm.
1709 1595 33 21 25.
1751 1603 11 12 »

1510 1623 64 21 Dalle
1590 1624 130 25 esperienze
1734 1623 70 22 finora
1822 1624 100 25 eseguite
1933 1626 24 20 in

1485 1651 70 24 Italia,
1564 1651 22 21 le
1594 1652 116 26 gambusie
1718 1652 119 21 sembrano
1846 1653 54 20 dare
1908 1653 51 21 otti-

1485 1680 29 21 mi
1524 1679 94 22 risultati
1631 1680 23 20 in
1665 1686 71 19 acque
1749 1681 112 25 stagnant!
1870 1681 34 20 sia
1912 1681 47 21 dol-

1484 1708 20 21 ci
1517 1708 42 20 che
1573 1708 123 25 salmastre,
1706 1715 13 14 a
1728 1712 149 22 temperatura
1887 1709 72 22 reîati-

1986 72 101 19 vamente
2096 69 92 24 elevata,
2203 75 62 15 corne
2274 70 91 25 quando
2383 69 22 20 lo
2414 73 44 17 sta-

1984 104 44 19 gno
2037 98 13 19 è
2059 97 110 26 ricoperto
2178 98 23 20 di
2215 103 30 14 un
2255 98 89 25 leggero
2353 100 70 18 strato
2432 98 24 20 di

1984 125 108 26 ghiaccio.
2102 126 55 20 Esse
2169 125 19 20 si
2197 128 104 20 nutrono,
2319 132 64 14 corne
2391 125 37 25 già
2437 126 20 20 si

1985 154 66 23 disse,
2067 153 22 20 di
2102 154 62 20 larve
2176 153 102 24 d’insetti,
2294 153 22 19 di
2325 153 131 25 animaletti,

1984 188 63 15 corne
2056 188 55 18 pure
2120 181 23 20 di
2152 180 102 26 végétali;
2264 181 110 21 cercando
2383 180 16 21 il
2406 182 50 20 cibo

1985 210 74 21 vicino
2073 209 43 21 alla
2133 208 117 25 superficie
2267 208 130 27 dell’acqua,
2417 216 41 14 ove

1985 241 100 22 appunto
2093 237 100 21 trovansi
2203 243 119 14 numerose
2330 237 21 21 le
2359 237 97 21 anofele.

1985 266 17 20 Il
2013 267 84 19 Lacava
2111 265 49 20 dice
2170 265 41 21 che
2220 264 15 20 il
2253 271 94 15 numéro
2356 265 24 21 di
2394 266 63 20 larve

1985 293 23 20 di
2026 292 86 22 anofele
2128 292 103 21 distrutte
2252 293 165 25 giornalmente
2430 294 28 20 da

1985 328 44 14 una
2035 320 115 26 gambusia
2157 320 100 22 normale
2266 322 12 19 è
2285 321 23 19 di
2318 326 36 16 100
2365 323 6 19 !

2009 348 129 25 Popolando
2151 348 199 22 sufficientemente
2359 350 53 24 ogni
2422 357 35 14 ca-

1985 377 58 23 nale,
2053 377 126 25 ogniscolo,
2191 377 51 25 ogni
2249 377 71 23 .fosso,
2333 378 53 25 ogni
2395 379 61 24 palu,

1985 404 28 20 de
2021 405 64 20 dolce
2102 411 42 15 ove
2152 410 68 20 régna
2233 404 21 20 la
2272 404 100 24 malaria,
2390 407 68 23 quale

1984 438 91 15 enorme
2084 433 137 21 distruzione
2233 432 22 20 di
2265 439 93 15 zanzare
2368 434 45 24 puô
2423 440 34 14 es-

1985 466 49 14 sere
2043 461 124 24 compiuta!
2181 461 36 20 Ma
2226 466 46 15 non
2284 460 20 21 si
2312 461 57 21 deve
2380 468 78 17 preoc-

1985 487 87 25 cuparsi
2079 487 90 21 difarne
2175 488 51 21 forti
2233 489 93 23 semine,
2331 489 84 26 perché
2424 496 34 15 es-

1984 521 24 14 se
2016 522 19 14 si
2047 515 153 26 moltiplicano
2208 517 160 23 grandemente
2377 524 12 14 e
2398 519 59 25 rapi-

1985 542 103 21 damente
2095 551 6 13 :
2119 549 92 15 occorre
2220 544 48 21 solo
2276 548 102 22 gettarne
2386 545 22 20 la
2423 553 35 14 se-

1985 576 78 14 menza
2069 570 6 19 !

2009 597 78 21 Eccoci
2096 604 46 15 cosx
2147 598 23 20 in
2180 604 102 19 possesso
2292 599 22 20 di
2321 601 102 20 un’arma
2431 602 25 20 in

1984 625 40 25 più
2032 631 39 19 per
2076 625 22 21 la
2104 629 77 18 nostra
2186 630 63 18 santa
2257 628 113 25 battaglia.

2010 653 32 21 Ed
2051 659 46 19 ora,
2107 654 36 21 nei
2158 658 86 18 mentre
2254 656 112 25 vogliamo
2373 657 86 26 ringra-

1983 680 59 22 ziare
2050 687 13 14 e
2071 682 16 19 il
2097 682 60 20 Prof.
2171 683 85 20 Lacava
2273 683 41 22 che
2332 685 59 21 voile
2408 685 49 21 fare

1983 712 145 18 esattamente
2141 716 120 16 conoscere
2275 717 80 20 questo
2369 713 88 24 piccolo

1984 743 66 18 pesce
2056 738 90 23 esotico,
2153 744 13 13 e
2171 739 148 24 J’Ispettorato
2334 741 71 20 Pesca
2414 742 43 20 che

1983 770 43 15 con
2034 768 62 18 tanto
2105 771 77 15 amore
2199 773 28 13 ne
2235 773 54 15 cura
2304 767 21 20 la
2334 768 121 22 diffusione

1982 791 24 20 in
2016 792 70 24 Italia,
2095 793 142 26 nell’esporre
2249 795 23 21 la
2285 801 52 15 cosa
2349 802 76 15 nuova
2434 797 23 21 al

1983 819 113 25 pubblico,
2106 821 111 25 vogliamo
2233 822 122 23 formulare
2368 831 30 13 un
2414 825 44 21 cal-

1983 847 29 20 do
2018 849 93 23 augurio
2120 848 42 20 che
2169 849 71 21 anche
2248 854 79 22 questo
2336 852 91 21 metodo
2433 852 23 22 di

1983 874 54 22 lotta
2045 880 78 16 eontro
2131 876 23 20 la
2162 877 92 21 malaria
2262 879 34 20 sia
2305 880 58 21 colto
2373 880 37 20 dai
2416 881 42 21 Ve-

1982 904 47 20 neti
2037 903 126 25 agricoltori
2178 912 13 13 e
2200 905 139 23 bonificatori
2348 914 43 14 con
2403 915 54 15 vero

1981 931 144 24 entusiasmo,
2141 932 20 20 si
2170 933 28 21 da
2217 933 93 22 iniziare
2323 936 45 20 essi
2382 942 72 19 quan-

1982 961 23 17 to
2014 958 72 25 prima
2094 960 22 20 la
2123 961 88 20 semina
2218 961 23 20 di
2251 965 80 22 questa
2339 964 118 25 gambusia

1983 985 84 24 piccola
2073 987 106 22 chenelie
2184 989 116 21 solitudini
2306 990 58 22 delle
2373 992 85 21 distese

1982 1014 120 22 malariche
2110 1021 119 19 coopérera
2237 1023 42 15 con
2287 1019 38 19 noi
2332 1018 123 23 riell’ardua

1982 1047 68 18 opéra
2057 1041 24 21 di
2089 1043 140 22 redenzione.

2289 1085 4 5 .•
2363 1079 18 13 u.
2392 1074 17 18 b.

2007 1105 141 23 L’Avvenire
2154 1108 63 21 délia
2222 1109 75 21 Pesca

1983 1172 42 34 ûsi
2039 1174 141 32 âemamïe
2199 1174 39 20 des
2255 1175 114 22 °«vriè>es
2383 1179 24 17 et
2419 1183 38 19 ap-

1984 1192 43 19 vM
2199 1201 99 22 prenties
2304 1207 152 20 repasseuses.

1984 1224 132 25 S’adresser
2124 1226 14 23 à
2152 1228 23 21 la
2187 1228 155 25 Teinturerie
2354 1231 70 22 NON
2425 1232 30 24 Y,

2029 1264 19 17 1.
2059 1260 48 21 Rue
2116 1260 133 27 Bonaparte,
2261 1269 9 15 1
2280 1274 27 3 —
2314 1264 91 26 Ajaccio

2008 1291 35 20 La
2051 1292 89 20 maison
2148 1293 73 21 serait
2225 1294 104 25 disposée,
2337 1296 16 20 à
2361 1295 65 25 loger
2433 1298 25 18 et

1983 1320 17 20 à
2007 1322 90 21 nourrir
2109 1321 34 22 les
2154 1324 125 26 employées
2287 1326 44 24 qui
2342 1327 22 20 le
2373 1326 84 21 désire-

1982 1353 83 20 raient.

2009 1430 37 20 Les
2055 1431 79 21 Mutilés
2142 1435 19 18 et
2170 1433 99 22 Réformés
2277 1435 25 20 de
2309 1437 19 18 ia
2336 1441 69 21 guerre
2414 1439 44 18 sont

1984 1459 92 23 informés
2084 1468 37 21 que
2130 1462 29 21 les
2168 1464 111 26 prochaines
2293 1466 79 21 séances
2380 1466 77 27 d’appa-

1985 1492 77 25 reillage
2070 1496 68 17 auront
2147 1494 40 21 lieu
2195 1500 38 15 aux
2241 1496 54 21 dates
2304 1496 81 27 ci-après
2391 1505 7 13 :

2034 1528 114 27 AJACCIO,
2157 1530 63 22 Mardi
2228 1532 26 20 29
2261 1533 54 20 Juin.

2034 1558 102 27 BASTIA,
2145 1561 62 21 Mardi
2218 1563 33 19 1er
2257 1562 76 23 Juillet.

1997 1672 237 32 Aiacciu-Stamparia
2253 1676 23 22 di
2299 1676 22 21 A
2347 1676 96 23 Muvra

2001 1706 217 30 diréttore-gerente
2228 1715 6 16 :
2256 1709 71 23 Petru
2341 1709 112 24 ROCCA.

1556 1844 138 43 Lamenfi,
1712 1844 115 44 Voeeri,
1846 1845 150 38 Chansons
2012 1847 165 45 populaires
2193 1846 35 37 de
2244 1848 29 36 la
2292 1847 88 37 Corse

1565 1943 125 20 Poursuivant
1698 1949 30 14 ses
1737 1944 65 19 études
1810 1949 34 15 sur
1852 1945 18 19 la
1876 1944 62 25 Corse,
1943 1945 25 18 M.
1977 1945 18 18 J.
2004 1946 20 18 B.
2032 1945 98 25 Marcaggi,
2138 1946 137 20 bibliothécaire
2283 1947 24 18 de
2312 1947 20 19 la
2339 1947 49 19 Ville

1542 1972 98 23 d’Ajaccio,
1649 1977 25 14 va
1681 1972 75 24 publier
1762 1973 28 19 du
1796 1973 12 18 5
1815 1978 25 13 au
1849 1973 23 19 lu
1884 1973 46 19 Juin
1938 1973 52 22 1926,
2003 1975 29 18 les
2044 1973 109 23 Lamenti,
2167 1974 89 24 Voeeri,
2271 1973 116 21 Chansons

1542 2000 130 22 populaires
1680 2001 23 18 de
1711 2001 18 17 la
1737 2000 62 22 Corse,
1808 2002 33 21 qui
1848 2002 43 18 sont
1898 2002 18 17 la
1924 2001 137 20 manifestation
2070 2002 18 19 la
2093 2002 42 24 plus
2145 2003 89 19 éclatante
2240 2005 25 17 du
2271 2003 54 23 génie
2331 2003 58 24 poéti-

1542 2033 36 17 que
1591 2033 58 14 corse.

1564 2056 15 17 ïî
1584 2062 12 13 a
1604 2056 89 22 recueilli,
1703 2057 100 19 rassemblé
1809 2062 46 14 avec
1863 2062 38 14 une
1912 2058 85 19 fervente
2007 2058 55 24 piété,
2073 2059 29 19 les
2107 2059 43 22 plus
2158 2059 60 19 beaux
2225 2059 84 22 lamenti,
2317 2059 69 22 voeeri,

1540 2084 105 22 berceuses,
1654 2085 105 22 sérénades,
1766 2086 68 18 rondes
1842 2086 98 22 d’enfants,
1950 2087 66 19 chants
2027 2086 110 22 électoraux,
2147 2088 74 21 satires,
2230 2088 92 18 chansons
2331 2093 57 19 popu-

1540 2113 63 22 laires,
1611 2113 78 19 lamenti
1697 2114 23 17 de
1734 2114 80 21 bandits,
1829 2115 29 19 les
1866 2119 11 13 a
1886 2115 80 19 enrichis
1978 2115 23 19 de
2013 2116 59 21 notes,
2080 2117 19 17 et
2111 2120 12 18 y
2130 2120 12 13 a
2147 2115 54 23 joint,
2211 2120 47 18 pour
2265 2120 48 15 ceux
2321 2117 33 23 qui
2363 2121 25 14 ne

1540 2142 44 17 sont
1594 2145 34 20 pas
1639 2141 120 20 familiarisés
1769 2147 45 14 avec
1825 2143 18 18 la
1860 2143 67 23 langue
1939 2147 59 18 corse,
2013 2148 39 14 une
2062 2144 101 18 excellente
2173 2144 106 19 traduction
2290 2144 97 22 française.

1563 2169 102 24 L’ouvrage
1675 2171 29 18 est
1713 2170 77 22 précédé
1798 2171 55 19 d’une
1864 2173 76 17 savante
1951 2171 61 23 étude,
2025 2172 23 18 de
2059 2172 43 22 plus
2112 2172 24 18 de
2148 2171 24 19 80
2184 2176 61 19 pages,
2258 2177 34 14 sur
2302 2172 18 18 la
2329 2172 60 24 poésie

1537 2197 96 24 populaire
1645 2203 54 14 corse.
1713 2198 15 18 Il
1740 2200 30 18 est
1783 2199 90 22 complété
1889 2200 24 17 de
1924 2199 54 19 treize
1989 2204 97 14 morceaux
2099 2199 21 19 de
2135 2200 82 24 musique
2227 2205 48 14 corse
2289 2207 8 11 :
2311 2200 78 20 lamenti

1540 2227 21 17 et
1569 2227 64 19 voeeri
1642 2226 55 20 notés
1707 2231 34 18 par
1752 2228 19 18 le
1781 2228 79 18 maestro
1875 2227 78 23 Jacques
1963 2227 101 19 Tessareeh
2073 2233 6 16 ;
2090 2228 66 19 chants
2168 2228 112 22 électoraux,
2293 2229 95 21 berceuse,

1540 2254 96 23 sérénade,
1653 2255 93 18 chansons
1762 2255 105 23 populaires
1883 2254 26 24 (U
1919 2256 64 21 Trenu,
1998 2257 15 17 A
2028 2255 54 24 Pipa)
2096 2255 53 19 notés
2161 2258 20 17 et
2196 2256 115 19 harmonisés
2327 2262 34 18 par
2370 2257 19 17 le

1540 2284 79 17 maestro
1630 2283 67 19 Harold
1711 2283 23 18 de
1745 2282 42 20 Bozi
1798 2288 5 17 ;
1816 2283 19 18 le
1850 2282 91 24 quadrille
1952 2288 49 13 corse
2012 2284 25 18 du
2049 2283 81 23 regretté
2142 2285 80 18 maestro
2236 2284 80 19 Thomas
2329 2284 41 19 Sari
2382 2289 5 13 :

1538 2310 21 18 le
1569 2310 34 20 Dio
1615 2311 20 18 vi
1644 2310 46 20 saisi
1701 2311 76 23 Regina,
1792 2311 58 19 chant
1859 2311 83 19 national
1952 2315 58 18 corse,
2023 2312 96 22 reproduit
2129 2312 73 24 d’après
2211 2317 28 13 un
2248 2313 53 19 texte
2309 2312 78 19 musical

1541 2339 89 19 conservé
1642 2343 24 14 au
1677 2339 49 18 Petit
1737 2338 101 20 Séminaire
1848 2339 97 22 d’Ajaccio.

1563 2366 25 19 Le
1604 2367 70 18 recueil
1688 2368 25 17 de
1729 2366 109 24 Lamenti,
1848 2366 90 24 Voeeri,
1955 2368 29 18 est
1998 2368 76 19 attendu
2090 2369 145 21 impatiemment
2251 2373 34 19 par
2302 2368 28 20 les
2341 2368 48 19 folk-

1538 2394 83 22 loristes,
1632 2395 30 18 les
1672 2395 72 22 lettrés,
1756 2396 29 18 les
1796 2395 157 23 musicographes.

1562 2422 14 18 Il
1589 2427 41 15 sera
1642 2427 47 18 pour
1698 2423 28 18 les
1740 2423 65 19 Corses
1817 2424 33 22 qui
1861 2425 34 16 ont
1904 2423 56 23 gardé
1975 2424 19 18 le
2009 2424 50 19 culte
2074 2425 33 18 des
2117 2425 99 19 traditions
2235 2425 24 18 de
2272 2425 54 18 notre
2338 2428 49 17 race,

1538 2455 27 13 un
1575 2451 48 18 livre
1635 2451 24 18 de
1670 2451 73 19 chevet.
1756 2451 16 19 Il
1787 2452 34 20 est,
1840 2456 25 15 en
1876 2451 50 23 effet,
1940 2453 42 17 tout
1998 2452 107 19 frémissant
2116 2453 34 18 des
2161 2454 52 18 élans
2222 2453 23 18 de
2259 2452 60 19 colère
2331 2457 23 14 ou
2365 2452 23 18 de

1537 2478 97 19 tendresse
1643 2479 25 18 de
1677 2483 37 15 nos
1723 2480 91 18 ancêtres.
1826 2479 16 19 IL
1854 2481 96 21 apportera
1962 2484 28 13 un
1999 2480 74 23 parfum
2086 2481 26 18 du
2122 2485 46 18 pays
2184 2481 49 18 natal
2245 2481 12 18 à
2267 2484 35 15 nos
2315 2484 73 19 compa-

1538 2505 66 20 triotes
1615 2506 33 23 qui
1659 2508 65 17 vivent
1736 2507 40 18 loin
1787 2507 23 18 de
1819 2507 46 19 Pile.

1561 2533 101 25 L’ouvrage
1672 2535 81 18 formera
1762 2539 27 13 un
1798 2535 48 19 beau
1858 2535 75 19 volume
1943 2536 24 18 de
1975 2534 34 20 400
2013 2540 60 19 .pages
2084 2536 86 23 imprimé
2181 2540 33 15 sur
2223 2535 57 25 vergé
2295 2536 92 22 bouffant,

1537 2566 25 14 en
1571 2561 11 19 9
1593 2562 49 19 série
1652 2563 92 22 Deberny.

1561 2590 70 23 Malgré
1642 2591 18 17 la
1669 2592 69 17 hausse
1748 2591 95 19 excessive
1853 2596 34 13 sur
1898 2592 18 17 le
1926 2592 70 23 papier,
2007 2593 29 17 les
2047 2592 74 21 clichés,
2132 2593 51 18 etc...
2196 2592 93 24 l’ouvrage
2302 2596 41 15 sera
2356 2596 33 14 en-

1537 2618 55 22 voyé,
1604 2618 71 23 franco,
1685 2618 135 22 recommandé,
1833 2620 65 18 contre
1906 2619 75 19 mandat
1998 2620 23 18 de
2032 2619 22 18 12
2069 2620 24 18 fr.
2105 2620 85 19 à.toutes
2202 2620 27 18 les
2239 2624 103 19 personnes
2355 2624 27 18 qu

1536 2647 94 17 enverront
1640 2645 41 19 leur
1701 2645 118 24 souscription
1837 2648 56 17 avant
1909 2646 17 20 le
1941 2647 10 17 1
1967 2646 65 20 Juillet
2046 2647 58 22 1926’,
2114 2647 12 18 à
2141 2647 26 19 M.
2184 2647 57 19 Jean
2258 2648 128 20 Rombaldi-

1537 2672 95 23 éditeur,
1640 2673 35 23 4S,
1684 2673 72 19 Cours
1763 2673 115 23 Napoléon
1883 2683 24 5 —
1913 2674 96 23 Ajaccio
2017 2674 93 25 (Corse).

1560 2701 25 18 Le
1595 2702 43 22 prix
1650 2705 41 15 sera
1703 2703 54 21 porté
1767 2702 12 18 à
1788 2702 22 18 lo
1822 2702 23 19 fr.
1859 2703 19 17 et
1885 2705 42 19 port
1936 2707 24 14 en
1969 2707 34 15 sus
2013 2703 54 22 après
2078 2704 48 18 eette
2138 2704 49 18 date.

15 2792 85 27 F«glitlimi
105 2802 17 18 di
126 2804 21 17 A
154 2803 80 21 Muvra
238 2815 23 4 —
266 2806 43 19 n-39
315 2815 23 5 —
344 2807 19 18 di
369 2811 15 14 u
389 2805 71 20 30-3-26

39 2863 221 61 PASO0ALE
291 2873 145 51 PA0L1

195 2943 63 20 0SSL4

54 2974 31 37 ^
100 2979 73 39 Kotta
190 2985 30 36 di
235 2985 174 39 Pùnhnmvô

18 3026 133 38 ^ACONTO
156 3042 107 27 CORSO
269 3047 60 23 DEL
337 3046 123 24 SECOLO

183 3093 84 24 XVIII

215 3143 24 17 DI

136 3177 35 25 £>.
188 3181 173 28 Guerra^i

166 3246 11 25 (
178 3246 109 32 Seguito)

14 3284 116 52 ^Quâlche
140 3303 87 20 menno
239 3302 128 30 d’ingegno
380 3305 81 21 vorria

15 3346 17 23 (]j
65 3326 77 24 q-ueste
160 3337 54 18 cose
227 3340 48 18 non
290 3337 22 22 si
324 3342 112 17 avessero
449 3344 14 16 a

14 3383 23 19 le
43 3385 12 21 è
61 3366 56 40 'rMD
169 3365 53 24 date
231 3371 59 21 retta
300 3387 7 10 *
327 3370 135 24 l’âdulazio-

16 3395 78 40 nQn.re
104 3395 41 22 îtto
157 3397 23 22 ^
192 3401 49 22 lesa
251 3403 91 24 raaesîà
357 3410 84 23 presso
452 3406 10 22 i

16 3418 66 26 P0P°b
94 3429 86 23 grandi.

14 3458 148 51 ^ehtro?itan°
185 3466 106 26 francese
311 3476 42 17 n0T
352 3478 8 15 1
378 3472 84 28 capiva

16 3508 57 24 Già..
99 3496 84 26 aPelle,
192 3501 153 25 abbracciava
351 3505 17 22 il
380 3506 84 26 signor

15 3544 51 28 gi0lo
75 3527 44 47 ^0’
128 3530 118 30 strmgeva
257 3536 18 22 ü
286 3538 109 24 capitano
409 3539 53 22 An-

15 3578 37 23 non
66 3562 69 41 riJno
154 3568 13 15 a
176 3564 100 32 kvargli
295 3571 20 22 il
333 3572 102 27 respiro,
448 3579 15 15 e

16 3610 66 26 gantm
94 3596 96 44 nniVa.di
208 3601 93 26 ^ridare
313 3609 69 18 corne
401 3604 61 24 Gar-

16 3640 40 28 ctio
124 3628 61 23 and°
196 3633 51 22 usci
266 3636 61 23 fuori
340 3638 122 24 <&11’orec-

17 3671 21 25 âa
45 3679 49 26 bere
165 3662 60 25 de^a
233 3669 81 23 madre
320 3686 6 6 •
348 3672 29 22 da
389 3673 56 22 bere
455 3674 6 21 !

137 3693 59 26 Perô
205 3705 199 23 rammentandosi
413 3706 49 23 dél-

485 2803 24 21 ia
513 2808 132 23 promessa,
655 2802 90 23 chiestà
750 2802 89 23 licenza
846 2809 66 16 scese
922 2803 40 22 nei

486 2842 46 17 suo
540 2839 137 23 camerotto,
691 2836 80 23 donde
782 2842 82 17 scorso
882 2837 79 28 spazio

485 2875 52 17 non
543 2871 73 27 lungo
625 2871 24 22 di
657 2873 82 25 tempo
744 2870 72 23 tornô
822 2875 45 17 con
874 2871 22 21 la
905 2871 57 21 ban-

487 2903 69 23 diera
567 2910 14 16 e
600 2905 38 22 col
650 2904 84 29 foglio^
752 2903 64 24 dove
832 2909 47 18 con
898 2905 63 28 elogi

487 2936 171 30 sghangherati
687 2939 105 21 metteva
812 2938 17 22 il
849 2937 113 23 Frances-

487 2970 40 23 cîii
546 2971 39 22 col
595 2977 73 17 nome
680 2972 24 21 di
716 2971 106 23 Semidei
835 2971 95 22 innanzi
938 2972 22 21 ai

487 3004 109 23 massimi
608 3005 115 23 difensori
739 3005 62 22 délia
812 3006 77 27 patria
903 3005 59 22 anti-

487 3038 40 23 clii
549 3045 13 16 e
582 3039 119 27 moderni,
720 3039 88 28 perché
826 3040 94 21 tradiva
938 3040 23 21 la

488 3078 52 21 sua,
553 3073 192 23 Pervertimento
757 3074 26 21 di
794 3078 72 17 senso
884 3078 78 17 mora-

487 3107 26 22 le
523 3107 25 22 di
558 3106 36 22 cui
606 3106 96 23 l’anima
713 3109 82 20 nostra
816 3112 30 17 va
861 3107 101 22 contris-

486 3141 50 21 tata
545 3146 46 17 con
603 3141 92 27 esempi
706 3143 88 25 q_uanto
808 3140 106 26 schifosi,
929 3141 32 21 al-

487 3175 114 21 trettanto
613 3175 86 27 spessi.
708 3173 147 30 Consegnati
862 3174 18 22 il
887 3174 74 27 foglio

488 3213 14 16 e
513 3208 25 22 la
555 3208 120 26 bandiera,
696 3209 17 21 il
725 3209 117 26 capitano.
853 3207 107 29 Angiolo

488 3242 27 21 in
530 3242 77 29 grazia
619 3243 39 21 del
669 3243 78 26 primo
762 3247 79 17 venne
851 3249 14 15 a
876 3247 86 17 conos-

487 3280 56 18 cere
555 3276 17 21 il
585 3281 72 17 nome
671 3276 39 22 del
722 3277 109 26 capitano
845 3275 113 26 francese,

487 3314 45 22 per
540 3310 23 21 la
571 3310 69 27 quale
650 3314 55 17 cosa
713 3309 113 28 riémpito
833 3308 128 23 ilbicchie-

488 3348 27 16 re
523 3349 15 16 a
550 3344 72 21 modo
635 3343 25 22 di
668 3343 72 22 addio
752 3341 104 30 propinô
867 3343 45 21 alla
924 3348 38 16 sa-

487 3376 51 22 lute
550 3377 218 22 dell’illustrissimo
780 3377 84 28 signor
875 3375 85 29 capifa-

488 3414 33 17 no
541 3410 81 28 Torpè
633 3411 25 22 di
673 3409 146 29 Rassagnac,
845 3409 117 23 cavalière

487 3443 26 21 di
525 3450 43 15 san
578 3443 204 29 Luigi,invitando
791 3445 19 22 il
818 3443 143 24 jBosweîlad

487 3477 113 27 imitarlo,
612 3483 56 17 cosa
679 3479 44 21 che
735 3479 80 28 questi
825 3477 53 23 fece
893 3483 67 16 senza

488 3511 142 22 esitazione:
646 3517 39 17 ma
692 3513 16 21 il
729 3513 109 27 capitano
858 3510 67 29 Topè
939 3511 21 21 si

486 3546 75 20 tenne
573 3544 122 29 obbligato
716 3551 45 22 per
780 3546 102 22 cortesia
893 3551 13 16 a
917 3545 44 21 ris-

487 3578 108 27 pondere
612 3580 23 21 al
642 3578 142 23 Eranceschi
796 3585 15 16 e
821 3579 23 22 al
855 3578 107 23 Boswell

487 3613 199 26 separatamente.
700 3614 87 21 Alcuni
802 3612 97 23 ufflciali
922 3612 29 21 de
951 3612 10 21 1

487 3644 79 23 bordo
578 3646 107 22 richiesti
698 3647 23 21 di
729 3646 101 29 pigliare
840 3648 66 27 parte
915 3646 45 21 aile

487 3678 112 23 libazioni
623 3685 49 17 non
700 3681 89 22 ebbero
809 3680 105 23 mestieri
936 3679 24 21 di

487 3708 133 26 scongiuri,
645 3709 63 21 onde
731 3709 25 21 in
769 3709 73 21 breve
859 3708 102 22 incomi-

987 2802 97 23 ciarono
1101 2803 54 22 tutti
1169 2808 12 16 a
1195 2804 99 27 parlare,
1312 2809 87 16 nessun
1402 2808 14 17 0
1429 2803 29 21 ad

988 2837 123 26 ascoltare,
1124 2837 170 28 mareggiando
1305 2842 44 23 per
1360 2837 97 27 proprio

988 2872 71 21 conto
1072 2870 60 22 assai
1147 2870 50 28 più,
1219 2870 45 22 che
1285 2871 39 28 pel
1346 2870 112 22 barcolla-

988 2906 81 20 mento
1090 2904 62 22 dello
1171 2904 130 22 sciabecco.
1317 2903 22 23 Il
1351 2903 107 28 capitano

988 2938 116 28 Angiolo,
1123 2938 62 21 colto
1203 2938 18 21 il
1233 2937 89 26 destro,
1338 2937 80 22 chiese
1432 2937 25 21 in

987 2971 104 22 cortesia
1097 2971 22 22 al
1127 2971 109 27 capitano
1245 2970 80 28 Torpè
1334 2971 33 28 gli
1388 2970 68 23 desse

988 3004 98 27 licenza,
1107 3004 184 27 imperciocchè,
1305 3005 152 27 quantunque

987 3038 18 22 il
1011 3040 74 21 vento
1094 3038 88 21 calasse
1191 3038 24 22 di
1221 3038 93 22 minuto
1322 3038 25 21 in
1354 3037 100 27 minuto,

987 3077 59 23 pure
1059 3071 113 22 restando
1182 3071 19 22 il
1212 3077 65 16 mare
1289 3071 87 28 gonfìo,
1390 3077 14 15 e
1415 3071 42 22 do-

987 3105 80 22 vendo
1073 3105 47 28 egli
1129 3104 158 29 bordeggiare
1293 3111 43 21 per
1343 3106 115 21 accostar-

987 3138 21 23 si
1015 3140 44 21 alla
1066 3138 151 29 spiaggia.gli
1229 3144 87 21 pareva
1328 3144 49 16 non
1385 3143 71 17 avéré

987 3175 81 26 tempo
1072 3173 30 21 da
1106 3172 134 27 perdere-se
1248 3172 130 27 diségnava
1382 3173 75 21 entra-

986 3211 26 17 re
1019 3207 25 21 in
1055 3208 69 26 porto
1129 3205 77 28 prima
1213 3205 24 21 di
1246 3206 67 20 notte
1323 3210 13 16 e
1342 3203 113 30 cosiffarsi

988 3246 72 16 onore
1072 3245 47 17 con
1133 3240 25 21 la
1169 3245 43 16 sua
1226 3237 123 23 bandiera.
1363 3238 20 22 Il
1395 3238 61 27 capi-

987 3276 56 19 tano
1059 3273 68 28 Topè
1148 3273 140 21 abbastanza
1306 3272 93 27 pratico
1418 3272 39 21 del

986 3312 72 21 mare,
1071 3312 43 22 per
1126 3310 129 18 conoscere
1276 3303 84 30 ch’egli
1380 3306 76 21 àveva

987 3342 108 27 ragione,
1109 3340 33 28 gli
1153 3353 4 3 -
1166 3339 64 22 dette
1250 3338 136 26 commiato,
1408 3343 49 17 non

986 3374 59 28 perô
1062 3374 77 29 prima
1157 3372 24 23 di
1194 3371 87 23 essersi
1296 3371 110 23 reiterate
1421 3371 34 22 fra

985 3409 54 21 loro
1050 3409 24 21 le
1081 3409 106 26 proteste
1198 3406 25 22 di
1230 3405 71 22 stima
1312 3405 144 22 scambievo-

986 3443 31 26 îe,
1030 3448 15 16 e
1058 3443 24 21 le
1093 3446 124 23 promesse
1236 3439 32 21 di.
1279 3438 129 23 rinnovare
1417 3438 40 23 l’a-

986 3476 92 24 micizia
1090 3476 24 21 in
1128 3473 123 27 Marsiglia
1262 3477 15 16 o
1286 3471 24 21 in
1319 3471 87 22 Bastia.

1013 3504 19 22 Il
1042 3504 107 27 capitano
1157 3501 106 28 Angiolo
1276 3505 67 17 sceso
1349 3501 40 21 nei
1397 3500 60 22 caic-

987 3543 36 21 co,
1038 3537 150 22 considerato
1209 3535 17 21 il
1240 3538 65 17 mare
1325 3538 13 16 e
1343 3533 20 21 il
1373 3535 80 24 vento,

987 3571 44 23 che
1040 3571 24 22 lo
1076 3570 116 28 spingeva
1204 3568 22 21 al
1240 3571 45 17 suo
1294 3566 118 22 cammino
1430 3567 25 21 in

986 3605 41 22 ülo
1039 3605 24 21 di
1071 3605 75 24 ruota,
1160 3600 74 24 lasciò
1245 3599 117 22 iltimone
1371 3600 25 21 in
1408 3605 49 17 ma-

986 3645 32 16 no
1026 3639 39 21 del
1078 3628 133 31 marinaro’:
1224 3633 47 27 egli
1285 3633 138 22 assettavasi
1431 3633 23 21 di

988 3674 83 20 eontro
1084 3671 22 21 al
1112 3671 84 26 signor
1206 3667 125 25 Giacomo,
1344 3665 113 23 fiscliian-

986 3705 39 23 do.
1040 3705 41 22 Ma
1096 3705 17 20 il
1125 3704 83 26 signor
1224 3699 125 26 Giacomo,
1366 3705 44 15 uso
1425 3700 30 20 ad

1482 2803 164 22 almanaccare
1666 2808 73 23 sopra
1756 2804 35 28 gli
1814 2804 99 23 uomini'
1921 2810 15 16 e
1946 2804 8 21 i

1483 2836 48 22 casi
1542 2836 45 22 che
1603 2836 21 21 si
1647 2842 133 22 passavano
1792 2839 37 20 tra
1839 2839 31 21 le'
1881 2838 73 25 mani,

1482 2869 92 23 battuto
1586 2869 134 23 coll’indice
1735 2876 31 16 un
1779 2871 71 27 colpo
1862 2876 27 16 su
1890 2871 10 21 1
1915 2876 41 17 co-

1482 2903 100 27 perchio
1594 2903 61 21 délia
1663 2904 99 26 scatola,
1771 2904 152 28 interrogava
1928 2903 27 23 sè

1484 2938 78 20 stesso
1577 2942 7 15 :
1597 2947 29 5 —
1643 2938 84 26 questo
1749 2942 69 17 corso
1843 2937 14 22 è
1877 2938 79 27 galan-

1481 2971 83 21 tuomo
1569 2970 12 21 ?
1585 2975 43 16 —e
1633 2970 64 28 dopo
1701 2970 65 22 lieve
1771 2971 126 21 intervallo
1901 2971 53 22 data

1482 3002 99 23 un’altra
1599 3008 112 23 percossa
1733 3005 46 21 alla
1797 3003 155 27 tabacchiera,

1482 3036 119 23 domandò
1610 3042 7 16 :
1627 3048 27 4 —
1667 3038 85 27 questo
1776 3036 68 24 côrso
1868 3042 49 17 non
1940 3037 14 22 è

1482 3070 154 27 galantuomo
1641 3070 13 21 ?
1659 3081 29 5 —
1708 3063 18 28 È
1746 3070 154 29 galantuomo
1910 3078 6 15 :
1940 3076 14 16 e

1482 3103 75 23 allora
1567 3109 15 16 o
1594 3103 89 28 perché
1694 3108 50 17 non
1757 3103 20 23 si
1787 3103 13 22 è
1812 3103 142 23 industriato

1481 3137 24 21 di
1515 3137 127 22 accostarsi
1651 3136 30 22 ad
1689 3141 49 16 uno
1748 3137 38 22 dei
1795 3137 47 22 due
1850 3137 104 22 sciabec-

1483 3169 46 27 chi,
1543 3171 134 27 egiratogli
1689 3169 30 22 da
1728 3175 80 22 poppa
1815 3170 140 28 colvantag-

1480 3204 42 27 gio
1533 3203 39 22 dei
1585 3203 60 23 remi
1654 3205 118 27 spezzarlo
1786 3209 45 16 con
1847 3209 46 16 una
1905 3209 48 17 sca-

1481 3237 50 22 rica
1542 3237 134 29 diagonale,
1688 3237 44 22 che
1748 3237 34 29 gli
1799 3237 104 23 avrebbe
1914 3238 39 21 da-

1481 3272 25 20 to
1516 3271 26 21 in
1554 3276 32 16 un
1593 3271 84 22 attimo
1684 3271 24 21 la
1718 3270 107 26 vittoria,
1836 3277 14 15 e
1862 3271 42 27 poi
1916 3276 38 17 su-

1480 3304 52 21 bito
1545 3304 98 22 serrarsi
1655 3304 46 22 alla
1707 3304 52 22 vita
1767 3303 114 22 dell’altro
1888 3304 13 20 ?
1912 3303 41 23 Ma

1482 3338 70 26 posto
1564 3336 108 23 eziandio
1686 3336 88 29 ch’egli
1790 3337 121 22 dubitasse
1928 3336 24 22 di

1481 3372 83 26 potere
1570 3370 93 23 ridurre
1669 3369 153 24 felicemente
1831 3377 12 15 a
1850 3371 102 22 termine

1481 3406 84 22 questo
1576 3404 96 28 partito,
1682 3409 15 16 a
1708 3403 45 23 che
1764 3403 44 28 pré
1820 3404 23 22 la
1858 3406 94 25 sponta-

1481 3443 45 17 nea
1533 3437 163 23 obbedienza?
1711 3436 23 22 O
1747 3443 49 17 non
1804 3440 91 24 poteva
1905 3437 47 28 egli

1481 3472 124 22 sforsando
1613 3471 24 21 le
1645 3471 55 22 vele
1714 3477 14 15 e
1738 3471 8 22 i
1755 3471 60 22 remi
1830 3476 70 17 senza
1911 3476 42 16 av-

1481 3504 80 23 vilirsi
1570 3509 45 18 con
1628 3506 65 20 tante
1714 3504 99 22 invenie
1833 3503 119 28 rifugiarsi

1480 3537 103 26 all’Elba,
1593 3543 14 16 0
1617 3544 13 14 a
1638 3537 105 22 Livorno
1751 3538 13 21 ?
1777 3536 21 22 O
1814 3537 23 22 di
1851 3537 45 21 che
1914 3542 39 17 co-

1480 3577 26 16 sa
1525 3572 96 21 temeva
1630 3571 13 21 ?
1665 3570 53 23 Con
1739 3572 85 22 questo
1842 3570 62 22 rullo
1927 3569 25 22 di

1480 3603 60 23 flutti
1559 3604 62 22 male
1643 3604 21 22 si
1687 3609 108 22 possono
1816 3604 117 21 assestare
1944 3603 8 21 i

1480 3637 47 26 tiri,
1542 3643 15 15 e
1567 3643 27 16 se
1611 3637 19 22 il
1648 3637 107 26 diavolo,
1776 3636 131 22 ficcandoci
1930 3637 23 20 la

1482 3671 67 24 coda,
1562 3675 85 17 avesse
1655 3670 85 22 voluto
1753 3669 43 23 che
1807 3670 19 20 il
1837 3668 116 23 Francese

1479 3700 24 20 lo
1516 3698 119 27 cogliesse
1646 3698 24 21 di
1677 3703 45 15 una
1732 3697 69 27 palla,
1812 3702 50 17 non
1873 3697 80 22 sareb-

1981 2804 31 22 be
2023 2804 41 27 poi
2076 2806 62 21 stato
2151 2805 18 22 il
2177 2804 141 27 fmimondo,
2340 2807 115 21 massime

1982 2837 177 28 adoperandovi
2170 2839 7 21 i
2187 2840 104 21 remi.—
2301 2838 54 24 Non
2380 2839 13 21 è
2414 2846 41 22 ga-

1980 2871 124 23 lantuomo
2111 2877 6 20 ;
2129 2877 39 17 ma
2177 2873 25 21 in
2214 2874 86 25 questo
2311 2877 57 17 caso
2384 2877 71 18 corne

1981 2905 21 21 si
2011 2904 84 28 spiega
2104 2904 104 23 l’ordine
2223 2905 56 23 dato
2297 2905 22 21 al
2329 2906 78 28 pilota
2428 2906 27 21 di

1981 2937 88 22 levarsi
2081 2938 39 22 bel
2129 2938 65 22 bello
2206 2938 40 22 dal
2262 2938 56 26 tiro,
2329 2945 13 15 e
2351 2939 26 21 di
2391 2940 65 27 ripa-

1980 2976 52 16 rare
2040 2970 105 27 all’Elba,
2159 2978 27 16 se
2193 2977 49 17 non
2250 2972 21 22 ci
2281 2977 85 17 avesse
2378 2973 77 21 vedu-

1981 3006 25 20 to
2022 3004 24 21 di
2058 3004 90 22 ritorno
2170 3005 35 22 fra
2221 3005 46 22 due
2279 3006 61 21 ore?
2363 3005 93 23 Perché

1980 3043 50 17 non
2040 3038 22 21 si
2071 3038 14 22 è
2093 3043 80 17 messo
2183 3038 138 22 addirittura
2334 3039 63 21 nelle
2405 3045 50 17 ma-

1979 3073 26 20 ni
2017 3071 41 22 del
2068 3071 117 23 Francese
2191 3072 13 21 ?
2213 3071 92 23 Perché
2311 3078 51 17 non
2372 3072 82 23 chiese

1980 3106 72 26 gente
2063 3105 63 22 dallo
2138 3105 124 22 sciabecco
2277 3111 44 21 per
2334 3105 119 24 marinare

1979 3138 22 22 la
2007 3138 80 29 galera
2093 3139 13 21 ?
2117 3138 92 22 Perché
2218 3144 13 16 a
2243 3140 83 23 questa
2341 3145 42 16 ora
2401 3146 51 16 non

1981 3172 21 22 ci
2013 3171 120 23 troviamo
2147 3172 56 22 tutti
2222 3172 107 29 prigioni
2336 3174 12 21 ?
2367 3185 29 4 —
2408 3174 47 22 Per

1979 3206 58 22 altra
2056 3207 74 25 parte,
2144 3206 40 22 chi
2201 3206 25 21 lo
2238 3206 94 28 capisce
2344 3207 19 21 è.
2368 3206 84 27 bravo,

1979 3244 26 17 se
2014 3239 39 22 col
2064 3238 116 23 Francese
2188 3239 47 28 egli
2244 3239 66 29 parlé
2320 3241 26 21 in
2355 3241 62 21 celia
2427 3242 26 21 io

1979 3278 31 16 ne
2022 3272 111 28 disgrado
2146 3273 17 21 il
2174 3271 88 24 Garrik
2272 3278 14 16 a
2298 3272 91 30 fingere
2401 3280 52 16 me-

1978 3306 50 27 glio
2040 3305 25 22 di
2076 3306 42 21 lui.
2132 3305 40 23 Ho
2184 3306 58 21 letto
2259 3306 62 22 nella
2333 3307 120 22 relazione

1980 3339 23 23 di
2018 3338 116 26 Gerardo,
2151 3340 111 21 vìsconte
2272 3339 26 21 di
2309 3340 144 28 Argentina,

1978 3372 57 23 fatta
2046 3378 14 16 a
2073 3372 115 23 Federico
2197 3372 150 28 imperatore,
2365 3373 87 29 ch’egli

1979 3406 125 28 giudicava
2110 3406 8 21 i
2134 3405 73 23 Côrsi
2215 3406 55 22 tutti
2280 3407 83 22 curiali
2372 3413 6 15 :
2389 3409 62 21 altro

1980 3440 44 21 che
2054 3439 82 23 coriali
2147 3439 5 21 !
2178 3438 30 23 Se
2233 3441 186 27 rassomigliano
2439 3447 15 15 a

1979 3474 92 27 questo,
2084 3478 98 22 ognuno
2195 3472 23 21 di
2232 3473 52 22 loro
2297 3474 48 26 pué
2353 3477 100 20 vantar-

1979 3507 21 21 si
2012 3506 25 21 di
2054 3508 83 20 tenere
2153 3506 18 22 il
2181 3506 77 22 bacile
2273 3512 14 16 a
2297 3509 93 25 quattro
2412 3513 42 16 av-

1977 3539 80 23 vocati
2070 3541 30 21 ad
2109 3541 119 20 untratto.

2136 3619 11 26 (
2150 3618 139 29 Continua)
