2574 3862
165 116 80 18 Numéro
253 116 26 17 du
288 113 92 20 Vendredi
390 112 23 18 30
421 113 45 17 Juin
475 110 51 19 1709.

293 148 25 17 De
326 147 74 17 Monaco
409 145 19 17 le
436 145 23 17 29
467 143 53 18 Juin.

133 183 51 20 Des
197 181 93 21 Lettres
303 180 28 21 de
345 177 82 22 Gênes
447 177 22 21 &
487 176 30 20 de
538 176 38 20 di-

102 218 58 15 vers
172 211 112 21 endroits
296 210 29 20 de
336 209 21 20 la
370 207 105 21 Rivière
483 211 94 15 annon-

103 243 56 25 çant
171 240 115 22 l’évasion
301 239 29 20 de
342 237 76 25 Paoli,
432 237 23 20 le
469 235 107 21 disoient

101 271 73 21 avoir
185 268 122 28 débarqué
318 267 12 22 à
343 266 130 22 Livourne,
487 263 30 22 où
526 263 48 21 n’a-

102 303 61 25 yant
183 299 73 27 point
276 295 97 29 apporté
397 296 31 20 de
453 294 69 21 billet
545 293 30 20 de

103 329 78 25 santé,
195 330 17 20 il
224 328 71 21 avoit
306 326 37 21 été
355 324 44 22 mis
421 331 30 14 en
470 329 104 20 quaran-

100 359 78 21 taine.
195 358 41 21 On
246 357 72 20 vient
336 355 30 21 de
385 354 55 21 dire
460 353 114 21 actuelle-

100 391 70 19 ment
177 382 79 33 qu’iïa
264 385 184 22 véritablement
453 382 120 26 débarqué

102 418 13 21 à
126 418 132 23 Livourne,
271 416 60 21 mais
344 414 56 27 qu’il
412 413 63 21 étoit
487 412 52 20 seul
551 411 22 20 &

101 448 59 27 qu’il
172 454 13 14 a
201 446 50 27 pris
263 447 55 19 tout
329 445 28 20 de
373 443 66 21 suite
459 443 22 20 la
501 442 71 20 route

99 478 31 21 de
143 477 124 21 Florence.
279 474 39 22 On
330 473 80 28 ajoute
423 471 59 28 qu’il
491 470 81 21 s’étoit

100 504 131 29 embarqué
243 504 13 21 à
269 502 193 23 Porto-Veccliio
472 506 29 16 en
513 500 59 21 robe

100 538 30 20 de
144 535 132 24 Chambre,
288 539 33 15 un
334 534 91 20 bonnet
437 537 41 15 sur
488 531 22 19 la
521 530 49 20 tête

99 567 23 20 &
133 563 105 24 affeublé
249 563 56 21 d’un
318 564 109 20 manteau
439 565 63 22 pour
520 559 50 21 n’ê-

98 598 39 19 tre
150 601 44 21 pas
203 599 117 18 reconnu,
333 592 21 20 &
366 590 59 27 qu’il
437 588 82 22 s'étoit
532 594 38 15 ca-

100 625 45 21 ché
158 625 59 21 dans
227 624 24 20 le
263 622 122 21 Bâtiment
394 620 61 21 dont
462 625 31 15 on
502 618 68 21 avoit

99 654 89 22 doublé
200 655 21 20 la
234 658 89 21 poupe,
341 656 28 16 en
390 651 65 20 sorte
476 648 57 27 qu’il
552 654 28 21 y

97 684 64 22 étoit
172 681 120 24 renfermé
305 686 92 17 comme
407 680 61 21 dans
477 684 45 15 une
533 684 37 15 ar-

97 715 88 24 moire,
196 719 27 16 ce
235 712 41 27 qui
290 713 37 19 est
338 716 69 16 cause
420 709 60 28 qu’il
490 708 38 21 n'a
536 708 32 27 pû

97 746 51 20 être
156 743 134 22 découvert
298 740 104 28 quoique
410 746 29 15 ce
446 739 122 22 Bâtiment

97 775 35 21 ait
143 773 39 22 été
194 771 74 23 visité
281 778 29 14 en
320 776 51 17 mer
379 776 45 21 par
432 771 65 20 deux
506 768 62 22 Che-

96 805 75 21 becks
184 802 123 28 François.

164 851 81 20 Numéro
253 852 26 17 du
287 851 59 18 Mardi
354 850 10 17 4
372 850 69 18 Juillet
447 849 52 19 17G9.

287 884 28 18 De
322 884 59 18 Gênes
389 884 19 17 le
415 883 25 18 24
448 883 51 18 Juin.

126 919 41 22 On
179 920 68 20 vient
258 917 158 28 d’apprendre
429 922 45 21 par
484 921 30 16 un
523 915 44 22 Bâ-

95 951 90 21 timent
196 947 82 23 arrivé
289 949 31 20 de
330 948 22 21 la
364 947 81 21 Bastia
465 952 47 22 que
530 945 34 22 M.

95 982 24 20 le
131 980 89 22 Comte
231 979 31 20 de
282 978 72 21 Vaux
371 983 12 15 a
404 977 46 21 fait
468 977 99 27 publier

96 1012 65 20 deux
172 1010 66 22 Edits
250 1009 63 21 dont
323 1014 32 15 un
366 1008 102 27 regarde
478 1007 23 21 la
510 1012 57 16 con-

94 1042 74 26 signe
180 1041 29 21 de
220 1041 84 19 toutes
316 1040 34 20 les
360 1043 81 16 armes
452 1038 61 22 dont
529 1038 37 21 les

96 1071 90 22 Corses
199 1076 25 16 se
238 1071 118 20 trouvent
368 1074 112 21 pourvus
499 1070 67 20 entre

93 1103 38 21 les
142 1102 79 21 mains
233 1101 44 20 des
289 1099 112 27 François
418 1105 58 16 sous
493 1099 73 27 peine

95 1133 31 21 de
146 1133 23 21 la
187 1132 41 22 vie
239 1138 6 18 ;
257 1131 23 21 &
301 1130 81 22 l’autre
401 1131 100 26 portant
516 1135 49 16 une

95 1163 124 21 Amnistie
228 1160 120 29 générale,
359 1160 29 21 de
396 1160 105 27 laquelle
510 1162 57 20 sont

95 1195 84 20 exclus
190 1194 37 20 les
240 1191 77 22 Chefs
329 1192 29 21 du
370 1192 64 26 parti
446 1191 29 21 de
496 1190 69 22 Paoli

94 1230 99 16 comme
205 1228 91 16 encore
309 1228 45 21 que
365 1222 20 20 si
396 1222 62 21 dans
474 1222 23 21 le
517 1223 49 20 ter-

93 1260 40 16 me
146 1253 56 27 fixé,
217 1259 65 15 ceux
293 1253 40 26 qui
345 1257 25 16 se
382 1253 60 20 sont
452 1251 113 22 absentés

94 1285 30 20 de
136 1285 53 21 leur
200 1283 82 22 Patrie
293 1289 32 15 ne
336 1281 35 28 s’y
391 1282 103 21 rendent
513 1288 51 20 pas,

92 1316 67 20 leurs
172 1314 69 22 biens
253 1315 85 20 seront
349 1312 144 28 confisqués,
503 1311 22 22 &
533 1313 32 20 ils

92 1346 179 20 encourreront
282 1344 24 21 la
324 1343 110 27 disgrâce
451 1343 32 21 du
505 1342 57 22 Roi.

93 1371 41 26 Ôn
146 1375 109 28 apprend
267 1381 45 20 par
322 1375 21 21 la
353 1374 79 21 même
441 1379 74 23 voye,
524 1373 39 27 qu’

94 1411 33 17 on
138 1412 13 14 a
167 1404 96 29 envoyé
272 1411 33 14 un
316 1404 176 22 Détachement
500 1403 65 22 d’en-

94 1436 74 22 viron
190 1441 41 22 700
250 1435 110 22 hommes
379 1434 13 21 à
412 1434 69 22 l'Isle
492 1434 30 21 de
541 1435 24 20 la

93 1466 124 22 Madonna
234 1465 23 21 &
281 1466 59 20 dans
362 1465 35 21 les
417 1467 81 19 autres
522 1465 42 26 qui

92 1499 57 19 sont
161 1502 30 15 au
203 1496 131 27 voisinage
345 1495 30 21 de
386 1494 138 22 Bonifacio.

122 1526 43 22 Les
180 1526 91 22 Lettres
284 1526 30 21 de
326 1525 121 22 Livourne
464 1526 101 27 portent

92 1563 48 21 que
153 1557 69 22 Paoli
234 1562 18 22 y
263 1558 39 19 est
313 1555 79 23 arrivé
404 1557 25 20 le
444 1555 25 22 16
479 1555 13 22 à
500 1556 64 21 bord

91 1587 56 22 d’un
161 1587 120 21 Vaisseau
292 1587 112 27 Anglois,
417 1586 88 22 s’étant
514 1592 50 15 em-

90 1617 92 28 barqué
195 1618 13 21 à
220 1616 196 22 Porto-Vecchio
429 1621 62 17 avec
501 1617 62 20 trois

607 108 30 20 de
650 113 38 15 ses
699 113 71 22 gens,
779 106 22 21 &
812 112 46 21 que
870 106 21 20 la
902 103 87 22 défaite
998 101 30 21 de
1038 107 34 15 ses

606 136 110 28 Troupes
739 136 13 21 à
774 136 104 21 Vivario
901 132 85 23 l’avoit
1009 131 63 20 seule

604 166 85 28 obligé
701 167 31 21 de
743 166 104 27 prendre
857 166 23 20 le
889 162 61 28 parti
962 162 30 20 de
1004 166 26 15 se
1039 166 33 15 re-

603 197 67 20 tirer.
683 196 51 21 Dès
746 195 57 27 qu’il
815 196 41 20 eût
867 190 121 28 débarqué
1005 189 13 22 à
1037 190 35 21 Li-

603 231 103 20 vourne,
716 226 19 21 il
742 232 29 14 se
782 225 82 21 rendit
875 222 58 21 chez
942 222 24 20 le
979 220 93 21 Consul

602 256 113 26 Anglois,
737 260 60 15 avec
816 254 41 27 qui
880 252 18 20 il
917 251 46 20 alla
976 251 54 21 tout
1042 250 30 21 de

601 285 64 22 suite
684 284 14 22 à
719 285 57 21 Pise
794 289 63 21 pour
875 287 17 22 y
909 281 106 26 prendre
1035 280 35 20 les

600 314 74 23 Bains
686 314 79 28 [pour
781 319 26 15 se
826 313 71 21 laver
915 316 61 15 sans
995 309 76 22 doute

600 345 30 21 de
642 344 25 21 la
677 349 82 16 sueur
769 342 63 28 qu’il
841 349 16 14 a
864 341 131 22 contracté
1004 345 31 15 en
1044 345 26 15 se

600 372 148 29 défendant)
756 372 55 21 d'où
820 372 17 21 il
846 370 85 22 devoit
943 376 27 15 se
982 369 88 22 rendre

599 404 14 21 à
627 403 117 22 Florence
756 403 23 20 le
790 407 26 21 23
836 401 59 21 chez
911 400 23 20 le
954 399 115 21 Ministre

599 434 30 21 de
640 434 22 20 la
679 431 241 26 Grande-Bretagne.
941 429 44 21 Les
1004 428 65 21 Nou-

599 463 76 22 velles
695 461 129 28 publiques
836 460 13 21 à
861 459 102 23 l’article
980 459 30 21 de
1031 458 38 21 Li-

598 498 94 18 vourne
703 490 56 23 daté
770 491 30 21 du
815 490 24 21 16
852 490 93 21 disent:
954 496 13 14 «
977 488 93 27 Qu'en-

597 524 34 21 fin
641 524 24 20 la
676 523 85 20 valeur
770 521 43 21 des
825 520 91 22 Corses
936 526 13 14 a
964 520 32 21 dû
1016 525 52 15 suc-

598 553 100 22 comber
708 551 13 22 à
731 553 23 19 la
766 549 146 28 supériorité
931 550 43 20 des
989 555 79 15 armes

596 582 151 23 Francoises,
757 580 22 21 &
788 581 53 20 leur
852 578 101 23 déroute
965 579 13 21 à
992 578 76 22 Viva-

596 613 37 22 rio
641 618 15 15 a
664 609 85 24 décidé
759 610 32 20 du
800 612 51 19 sort
859 609 30 22 de
897 608 78 23 Paoli.
986 608 80 27 Après

596 643 71 22 avoir
677 643 104 20 soutenu
792 646 61 15 avec
865 646 47 15 une
929 641 85 20 valeur
1032 639 34 22 in-

594 672 93 28 trépide
699 673 22 21 la
731 670 88 24 liberté
828 671 30 21 de
867 671 23 22 la
900 670 88 26 Patrie,
998 670 68 27 quoi-

594 710 47 22 que
654 704 20 21 si
687 704 106 21 souvent
804 701 66 22 trahi
882 707 43 21 par
935 702 36 21 les
989 701 75 25 siens,

594 736 23 21 &
627 735 21 21 si
664 734 107 22 souvent
784 731 96 29 trompé
901 732 58 22 dans
980 731 85 27 l’espé-

594 770 74 17 rance
679 764 76 22 d’être
773 769 113 19 secouru,
899 763 19 21 il
932 769 13 15 a
957 763 33 21 dù
1008 764 60 20 aller

594 795 117 23 chercher
731 794 98 22 ailleurs
852 799 32 16 un
908 793 80 22 destin
1011 795 54 25 plus

593 826 120 29 glorieux.
728 823 91 23 Arrivé
831 830 28 15 ce
874 824 77 21 matin
971 826 42 19 sûr
1029 825 36 20 les

597 862 26 16 10
634 856 87 22 heures
730 855 14 22 à
751 855 62 21 bord
822 855 55 21 d'un
886 854 118 23 Vaisseau
1015 855 49 21 An-

594 887 66 29 glois
671 887 41 27 qui
725 886 62 21 étoit
798 885 13 21 à
827 885 205 26 Porto-Vecchio,
1042 887 23 20 la

593 918 115 21 nouvelle
719 922 31 16 en
763 915 36 22 fut
810 915 116 28 publique
938 917 12 20 à
962 916 61 22 midi
1042 916 23 22 &

593 954 43 16 sur
646 949 36 20 les
694 953 14 20 4
718 947 89 21 heures
819 946 36 21 les
871 945 125 23 Bâtimens
1014 947 50 21 An-

592 978 66 29 glois
668 978 90 21 mirent
770 977 52 20 leur
833 976 113 22 Pavillon
956 983 30 15 en
995 977 69 27 signe

593 1010 33 21 de
635 1007 176 28 réjouissance.
824 1007 41 21 Au
876 1007 108 26 premier
998 1007 67 23 bruit

593 1040 31 21 de
637 1044 43 16 son
693 1036 107 27 arrivée,
813 1036 94 29 malgré
926 1043 46 16 une
992 1038 72 28 pluye

593 1069 139 23 abondante
744 1068 24 21 le
780 1068 88 27 peuple
875 1070 86 19 courut
972 1074 30 16 en
1011 1068 54 22 fou-

592 1102 24 21 le
628 1106 29 15 au
669 1099 68 21 Môle
748 1103 62 22 pour
820 1098 23 21 le
856 1098 55 22 voir
919 1105 6 19 ;
939 1104 32 16 on
980 1100 84 21 attend

591 1130 153 23 maintenant
769 1134 31 15 un
822 1131 81 19 autre.
911 1128 152 23 Navire-An-

592 1162 65 29 glois
668 1161 40 27 qui
721 1160 54 21 doit
788 1165 98 16 amener
905 1160 24 21 le
949 1163 64 20 reste
1033 1161 31 21 de

593 1198 40 17 ses
642 1191 84 22 fidèles
740 1189 185 29 Compagnons.
938 1191 125 23 M.Wood

593 1222 186 23 Gentilhomme
796 1221 114 28 Anglois,
932 1222 23 21 le
976 1222 88 22 Comte

592 1252 101 24 Carletti
715 1253 32 20 de
768 1250 222 28 Monte-Pulciano,
1005 1252 24 22 &
1038 1254 25 21 le

592 1285 80 21 Baron
684 1282 123 22 Grotheus
827 1288 30 15 au
877 1282 96 22 service
992 1282 71 22 d’Ha-

591 1320 78 16 novre
680 1316 56 19 sont
748 1318 108 16 revenus
872 1314 63 20 cette
953 1314 110 22 semaine

591 1346 32 21 de
642 1344 87 26 Corse,
752 1343 33 21 où
804 1344 72 27 après
897 1344 71 21 avoir
991 1344 71 28 passé

590 1376 62 22 trois
662 1375 68 27 jours
743 1374 85 27 auprès
841 1375 30 21 de
886 1374 77 26 Paoli,
985 1374 29 23 ifs
1034 1381 27 15 se

592 1408 57 21 sont
659 1406 91 21 rendus
762 1404 14 22 à
787 1405 22 21 la
820 1404 82 22 Bastia
913 1411 6 19 ;
932 1405 22 21 &
968 1406 31 21 ils
1019 1408 43 19 ont

591 1436 40 23 été
641 1442 70 22 reçus
723 1441 32 16 en
767 1435 47 21 l’un
827 1435 22 22 <&
860 1435 86 22 l’autre
963 1435 99 23 endroit

590 1472 62 17 avec
663 1466 126 27 beaucoup
801 1466 30 21 de
843 1466 144 21 distinction
998 1473 6 19 ;
1024 1467 36 20 les

590 1498 65 21 deux
667 1497 111 21 derniers
797 1499 56 19 sont
869 1496 95 21 ensuite
984 1497 76 27 partis

590 1533 63 21 pour
666 1527 125 22 Florence.
800 1533 14 14 »

616 1558 44 21 Tel
672 1559 38 20 est
720 1559 24 20 le
756 1558 105 27 langage
873 1557 72 26 qu’on
964 1558 65 21 tient
1045 1557 15 21 à

590 1588 124 22 Livourne
728 1593 31 16 en
770 1587 87 22 faveur
868 1587 30 22 de
909 1587 78 26 Paoli,
997 1588 62 21 mais

590 1624 32 17 on
633 1621 58 25 peut
702 1619 57 21 bien
772 1618 129 27 appliquer
912 1617 13 22 à
937 1624 28 16 ce
978 1617 84 24 I-Iéros.

1104 97 30 21 de
1143 96 24 20 la
1180 95 78 22 Corse
1273 96 37 21 les
1322 94 64 21 deux
1397 96 57 16 vers
1466 90 31 22 du
1513 90 59 22 Poè-

1102 128 24 19 te
1138 125 106 27 Anglois
1264 124 99 28 Dryden
1384 121 60 22 dont
1464 121 65 22 voici
1550 121 22 21 la

1101 155 149 22 Traduction
1262 161 6 15 :

1084 187 5 24 I
1100 194 27 17 On
1135 197 96 17 gouverne
1240 189 190 22 malheureusement,
1440 190 62 21 quand
1511 194 23 13 on
1542 189 30 17 est

1099 217 50 19 servi
1156 221 33 17 par
1194 218 34 17 des
1233 218 86 22 poltrons
1325 216 17 17 &
1347 213 90 20 conseillé
1442 218 34 17 par
1481 215 33 17 des
1519 213 49 19 fous.

1126 252 39 21 On
1179 255 58 23 peut
1249 257 90 18 encore
1357 250 95 28 ajouter
1471 250 72 27 qu’on
1557 255 11 14 a

1097 281 87 23 trouvé
1208 289 30 16 en
1263 283 77 22 Corse
1359 282 22 20 le
1401 280 129 22 fanatisme
1547 279 22 21 &

1096 312 151 27 l’insolence,
1261 318 57 16 sans
1330 311 124 27 prudence
1473 311 22 20 &
1514 315 53 16 sans

1097 347 106 21 courage
1213 348 5 19 ;
1232 344 23 21 &
1267 349 48 21 que
1326 342 35 21 les
1373 340 110 22 chemins
1499 338 69 22 effra-

1096 377 60 23 yans
1168 372 30 20 de
1211 376 64 20 cette
1295 372 48 22 Isle
1362 372 43 20 ont
1425 375 60 22 paru
1504 368 63 22 aisés

1096 407 48 16 aux
1155 402 123 26 partisans
1293 402 30 21 de
1341 400 68 22 Paoli
1429 405 63 22 pour
1508 398 57 26 fuir,

1096 432 21 21 &
1129 437 47 15 aux
1188 431 117 31 François
1317 437 61 22 pour
1398 431 35 21 les
1454 429 113 28 poursui-

1095 467 51 16 vre.
1158 461 41 22 On
1211 465 59 24 peut
1282 467 89 16 encore
1383 461 60 22 faire
1454 461 80 27 parler
1543 460 23 21 la

1096 491 98 23 Liberté
1216 494 61 21 dont
1297 492 68 22 Paoli
1388 492 70 22 avoit
1480 490 86 24 arboré

1095 522 136 27 l’étendart,
1245 530 29 15 en
1288 529 41 15 ces
1341 525 90 20 termes
1441 528 5 16 :

1094 560 170 23 Capitan,soudoyé
1270 566 35 16 par
1311 562 33 17 des
1350 560 102 22 Bourgeois
1458 560 106 21 deLondre,

1114 585 96 22 Intrépide
1217 591 24 12 au
1251 585 81 21 Conseil,
1341 585 89 18 invisible
1438 589 23 13 au
1471 585 83 20 Combat,

1093 610 59 18 Aleur
1156 610 63 21 espoir
1223 610 78 18 brillant
1304 610 92 22 pourquoi
1399 614 24 13 ne
1428 614 33 17 pas
1466 608 99 23 répondre?

1094 634 26 18 On
1123 635 40 17 n’es
1165 635 43 21 tpas
1211 635 79 18 Général
1295 635 62 21 quand
1360 639 24 15 on
1386 634 40 19 n’es
1428 635 7 17 t
1440 635 29 21 poi
1472 639 12 13 n
1486 635 7 16 t
1495 634 30 18 Sol
1527 634 23 17 da
1552 634 12 17 t-

1113 660 27 17 De
1148 660 74 18 mutins
1230 660 77 17 abattus
1316 659 48 19 Chef
1371 659 152 23 héroï-comique,

1114 685 84 21 Lorsque
1206 685 21 17 tu
1236 688 97 18 proposas,
1339 685 80 18 voulant
1427 684 81 18 devenir
1516 683 41 22 Roi,

1093 709 49 18 Pour
1147 713 44 14 mon
1197 709 44 19 Etre
1246 709 61 18 moral
1316 714 21 13 ce
1342 710 47 18 beau
1395 709 60 18 Trône
1463 709 100 22 physique,

1135 734 28 17 Tu
1172 735 19 17 te
1201 738 90 19 mocquas
1300 735 125 21 gauchement
1432 734 98 23 politique,

1135 759 27 17 De
1172 760 28 17 tes
1209 760 77 21 supôts,
1296 759 26 18 du
1330 759 37 18 bon
1376 764 44 14 sens
1429 759 17 18 &
1454 760 24 18 de
1486 760 45 17 moi.

1120 794 39 23 On
1173 796 54 21 voit
1239 796 60 21 dans
1310 796 36 21 les
1357 798 93 20 mêmes
1459 796 105 22 Nouvel-

1092 827 43 24 les,
1147 826 111 28 toujours
1270 825 13 22 à
1295 825 112 24 l’Article
1419 826 30 22 de
1463 826 101 23 Livour-

1092 863 30 15 ne
1134 856 22 21 &
1168 856 13 22 à
1192 858 23 20 la
1227 858 81 21 même
1321 857 61 27 date,
1403 863 47 21 que
1470 859 22 20 le
1513 857 51 28 Bey

1093 888 29 21 de
1134 887 77 22 Tunis
1223 894 13 15 a
1248 887 84 23 donné
1344 889 72 21 ordre
1428 888 14 22 à
1453 894 40 16 ses
1505 889 59 21 Cor-

1092 918 78 21 saires
1192 919 31 20 de
1247 919 104 27 prendre
1375 920 38 21 les
1438 919 125 22 Bâtimens

1093 948 97 26 Corses,
1205 949 109 27 quoique
1334 951 97 26 portant
1451 950 111 22 Pavillon

1092 978 122 29 François,
1234 979 23 22 &
1277 979 73 27 qu'ils
1370 986 30 16 en
1419 982 42 20 ont
1479 986 83 17 consé-

1092 1012 141 25 quemment
1245 1008 54 28 déjà
1314 1011 50 26 pris
1380 1011 181 27 quelques-uns.

1114 1078 3 3 .
1138 1062 82 19 Numéro
1229 1064 26 17 du
1264 1062 96 19 Vendredi
1368 1063 10 18 7
1386 1063 68 18 Juillet
1461 1064 52 18 1709.

1276 1096 26 18 De
1311 1096 19 18 la
1338 1096 62 19 Bastia
1407 1097 19 17 le
1434 1096 23 19 28
1465 1097 52 19 Juin.

1118 1130 21 22 Il
1149 1130 54 22 doit
1212 1136 16 22 y
1236 1129 73 22 avoir
1321 1130 152 27 aujourd’hui
1483 1131 79 23 àCor-

1090 1163 24 19 te
1135 1166 47 16 une
1202 1160 139 23 assemblée
1359 1160 114 29 générale
1491 1162 30 22 de
1540 1163 23 20 la

1091 1191 99 26 Nation,
1204 1191 32 22 où
1249 1191 36 22 M.
1298 1192 24 21 le
1335 1191 87 23 Comte
1443 1193 29 21 de
1491 1193 72 22 Vaux

1090 1221 111 23 notifiera
1214 1228 48 16 aux
1274 1221 92 23 Corses
1376 1224 37 21 les
1424 1223 138 23 intentions

1089 1252 21 22 &
1120 1254 36 20 les
1170 1252 85 21 ordres
1268 1252 31 20 du
1314 1252 56 22 Roi.
1384 1253 20 21 Il
1416 1259 17 22 y
1444 1259 57 16 aura
1509 1254 54 22 huit

1089 1282 135 22 Bataillons
1236 1282 13 22 à
1262 1281 75 22 Corte
1357 1289 63 21 pour
1428 1289 19 22 y
1465 1285 97 21 travail-

1088 1314 36 20 ler
1135 1318 48 15 aux
1194 1312 174 22 fortifications
1379 1320 5 19 ;
1395 1313 34 21 M.
1443 1314 23 21 le
1476 1314 87 22 Comte

1088 1344 30 21 de
1131 1342 72 22 Vaux
1215 1346 38 19 est
1264 1343 116 22 retourné
1392 1343 32 22 ici
1434 1350 61 16 avec
1506 1351 57 22 qua-

1087 1376 46 23 tre,
1145 1373 23 21 &
1179 1374 23 20 le
1216 1374 80 28 Corps
1308 1380 48 16 aux
1376 1376 86 21 ordres
1483 1377 30 21 de
1526 1377 34 21 M.

1087 1406 24 20 le
1123 1403 90 23 Comte
1226 1406 30 20 de
1273 1405 135 23 Narbonne
1428 1412 93 23 occupe
1539 1409 23 20 la

1087 1435 77 27 partie
1176 1435 122 23 d'au-delà
1306 1436 44 21 des
1359 1436 84 23 Monts
1453 1444 5 17 ;
1469 1437 40 23 On
1518 1438 44 22 fait

1087 1466 96 21 rentrer
1194 1466 62 22 dans
1267 1466 67 22 leurs
1356 1467 80 28 Corps
1456 1469 37 21 les
1510 1469 52 22 Vo-

1086 1496 119 22 lontaires
1217 1497 23 21 &
1251 1498 37 20 les
1301 1497 100 28 Piquets
1412 1499 42 27 qui
1466 1499 95 23 étoient

1086 1525 79 24 restés
1175 1527 62 22 dans
1249 1529 36 21 les
1298 1529 93 22 Places.
1405 1529 41 23 On
1457 1536 13 16 a
1483 1531 78 22 arrêté

1086 1558 66 21 deux
1163 1563 32 16 ou
1207 1559 62 22 trois
1282 1559 43 22 des
1341 1559 157 29 Vagabonds,
1517 1563 39 27 qui

1086 1594 42 16 sur
1149 1589 37 21 les
1208 1590 92 27 grands
1324 1590 110 23 chemins
1458 1593 101 22 avoient

1085 1619 101 22 commis
1198 1620 44 22 des
1250 1621 153 27 assassinats,
1413 1622 23 22 &
1445 1624 62 22 celui
1518 1630 41 16 en-

1600 91 111 22 tr’autres
1722 90 31 21 de
1764 88 35 23 M.
1811 88 30 21 de
1854 82 124 27 Montouri
1988 81 35 27 ;&

1600 122 113 21 subiront
1723 121 23 21 le
1756 120 52 21 sort
1819 118 71 28 qu'ils
1902 115 127 36 méritent.,

1627 152 49 20 Des
1698 151 92 21 Lettres
1806 147 169 29 particulières
1991 142 71 30 qu’on

1597 187 13 15 a
1623 187 55 21 reçu
1690 181 30 21 de
1728 181 23 21 la
1762 179 60 23 Côte
1833 179 29 21 de
1873 178 82 22 Gênes
1967 175 93 30 portent

1597 217 46 21 que
1657 210 112 22 Clément
1781 210 30 21 de
1823 209 66 22 Paoli
1910 215 13 15 a
1941 206 69 30 passé
2030 210 27 17 en

1597 241 142 27 Sardaigne,
1753 241 21 22 &
1786 240 58 27 qu’il
1856 246 13 15 a
1881 239 61 23 écrit
1958 238 70 29 qu’on
2039 236 22 21 le

1597 271 122 22 reverroit
1736 278 30 14 au
1786 271 63 21 mois
1868 271 30 21 de
1921 268 139 30 Septembre

1596 301 115 27 prochain
1723 307 5 19 ;
1742 300 60 23 mais
1813 302 70 20 outre
1895 300 70 29 qu’on
1978 307 29 14 ne
2017 298 42 22 fait

1595 331 69 27 point
1675 337 89 15 encore
1782 331 29 21 ici
1832 332 173 25 positivement
2021 329 36 22 s’il

1596 362 37 20 est
1642 359 189 24 véritablement
1841 361 58 23 hors
1909 363 30 22 de
1947 362 69 24 l’Isle,
2026 367 30 16 on

1594 390 101 28 regarde
1716 397 27 15 ce
1764 397 97 22 propos,
1883 393 38 22 s’il
1944 395 36 20 est
1999 392 54 23 réel,

1594 426 95 16 comme
1698 427 46 15 une
1751 427 59 22 pure
1820 422 235 27 Gasconnade.Quel-

1593 452 23 21 le
1629 451 191 23 vraisemblance
1839 460 18 23 y
1873 454 63 23 a-t-il
1955 462 30 15 en
2001 453 52 23 effet

1593 482 59 28 qu’il
1674 489 27 15 se
1726 485 96 21 montre
1847 485 30 21 de
1903 491 114 19 nouveau,
2040 483 13 23 à

1593 514 83 22 moins
1697 514 60 28 qu’il
1777 521 30 15 ne
1827 516 70 26 parût
1916 515 13 23 à
1949 517 56 22 bord
2024 516 29 21 de

1593 545 105 26 quelque
1718 545 68 21 flotte
1803 545 150 28 formidable,
1970 551 82 18 encore

1591 575 168 21 trouveroit-il
1784 575 164 24 difficilement
1970 577 82 22 l’occa-

1592 603 54 22 sion
1664 604 30 21 de
1717 605 59 22 faire
1796 611 46 16 une
1860 606 120 28 descente,
1993 607 13 22 à
2022 610 33 20 la-

1593 634 80 27 quelle
1705 635 17 21 il
1754 635 153 29 éprouveroit
1935 639 120 22 sûrement

1592 665 125 28 beaucoup
1731 666 172 29 d’opposition.

1651 715 81 19 Numéro
1741 717 26 17 du
1776 717 58 18 Mardi
1842 717 20 19 ii
1871 719 66 19 Juillet
1944 719 51 20 1769.

1780 751 27 18 De
1815 751 60 19 Gênes
1883 752 18 19 le
1909 754 9 17 1
1926 753 73 20 Juillet.

1620 784 39 21 On
1671 785 88 21 mande
1771 785 32 21 ici
1815 786 29 21 de
1857 786 72 23 Corse
1941 788 110 28 qu'onsÿ

1591 814 99 28 dispose
1698 814 14 23 à
1719 816 60 22 faire
1787 817 141 28 embarquer
1935 819 115 27 plusieurs

1590 845 133 23 Bataillons
1735 846 24 22 &
1769 848 78 27 partie
1859 850 59 21 delà
1928 849 121 25 Cavalerie

1590 882 61 22 pour
1663 877 36 21 les
1711 883 111 17 ramener
1834 885 28 15 en
1872 879 131 29 Provence,
2012 880 38 24 dès

1591 913 45 22 que
1647 909 81 21 toutes
1739 909 35 21 les
1789 909 86 23 Pièves
1885 914 88 20 auront
1987 911 62 30 prêté

1590 940 106 20 serment
1708 939 29 22 de
1753 939 91 23 fidélité
1862 948 27 15 au
1910 942 54 22 Roi.
1983 944 65 22 Cette

1591 968 47 23 Isle
1650 974 47 21 que
1709 970 60 22 dans
1780 970 103 29 l’espace
1898 973 29 22 de
1939 979 27 20 40
1979 979 36 18 ans
2026 974 22 21 la

1589 999 156 29 République
1756 1001 93 23 n’avoit
1866 1004 30 26 pû
1912 1005 135 25 soumeitre,

1589 1031 69 22 vient
1669 1031 30 20 de
1709 1031 69 23 l’être
1787 1033 158 23 entièrement
1952 1041 29 17 en
1990 1035 59 22 deux

1589 1062 64 21 mois
1664 1067 44 21 par
1719 1063 35 21 les
1766 1063 120 29 François.

1756 1113 152 31 [Cuntinua)

1609 1539 23 4 —
1639 1529 78 22 Quandu
1727 1530 18 18 ci
1752 1531 73 19 îaremu
1838 1536 48 14 ancu
1896 1533 33 18 noi
1938 1535 24 13 on
1969 1532 79 22 viaghiu

1582 1560 35 19 per
1625 1556 36 17 ’sse
1669 1555 84 23 Francie,
1765 1561 11 13 0
1785 1555 54 24 Sepp’
1846 1558 50 17 Antò
1901 1557 11 19 ?

1606 1590 23 4 —
1638 1579 36 19 Eh!
1684 1582 73 21 quande
1765 1587 26 13 un
1799 1582 18 17 ci
1825 1587 41 13 sera
1875 1583 32 22 più
1916 1586 45 16 mare
1968 1583 24 17 da
2000 1588 48 14 mez-

1584 1611 30 16 zu,
1626 1611 12 13 0
1649 1605 31 19 chi
1691 1606 133 24 Frassineghiu
1837 1607 99 20 assicurarâ
1947 1611 11 13 a
1967 1607 58 23 jente,
2037 1614 11 13 0

1584 1632 75 22 Agnula
1667 1630 67 20 Gatali.

2163 77 142 43 Formules
2322 84 63 37 d'or

2248 140 61 46 (Ck
2330 140 146 48 Maurras)

2113 205 36 24 Un
2162 211 173 23 ambasciatore
2345 212 117 30 francese,
2470 224 15 15 u
2495 226 52 20 COlu

2089 242 19 19 !f:
2125 241 29 22 de
2172 243 203 29 Saint-Aulaire,
2387 249 79 22 scrive
2485 252 22 23 in
2524 258 21 23 ju

2083 272 105 31 Figaro:

2112 315 11 13 «
2133 310 37 22 En
2186 311 104 28 France,
2311 311 24 22 le
2355 312 142 28 fétichisme
2517 323 28 24 de

2081 339 87 26 l’unité
2185 350 63 16 nous
2264 351 104 20 masque
2386 347 26 22 la
2428 348 117 31 diversité

2082 375 33 21 du
2136 377 98 28 monde,
2249 385 65 16 nous
2330 379 24 21 le
2374 382 64 21 rend
2455 382 90 29 incom-

2079 408 158 26 préhensible
2249 414 24 19 et
2284 412 183 26 inmaniable...
2480 418 65 27 Nous

2078 447 133 19 ramenons
2222 447 57 20 tous
2286 445 39 23 les
2337 448 104 25 peuples
2452 456 33 16 au
2495 456 49 21 mê-

2078 482 41 16 me
2135 479 69 26 type,
2215 479 23 22 le
2248 481 84 26 notre,
2350 487 96 17 comme
2464 485 80 29 toutes

2079 515 47 17 nos
2143 512 131 25 provinces
2294 520 34 15 au
2342 514 78 23 même
2438 517 98 28 gabarit

2079 543 133 24 Combinée
2224 552 61 16 avec
2297 548 74 21 notre
2391 542 153 37 géocentrisl

2077 583 49 21 me,
2135 580 64 20 cette
2205 578 168 24 déformation
2379 587 64 18 nous
2450 583 93 30 inspire

2078 610 140 23 d'énormes
2225 612 112 23 bourdes
2345 616 25 19 et
2378 615 106 24 oblitère
2490 621 54 25 chez

2078 650 65 16 nous
2153 645 24 21 le
2186 651 57 16 sens
2252 646 190 30 diplomatique,
2456 652 44 25 qui
2508 660 36 19 est

2077 680 76 19 avant
2163 680 55 20 tout
2227 679 25 22 le
2263 685 59 16 sens
2333 680 35 22 du
2379 683 90 23 monde
2478 688 26 20 et
2514 689 28 24 de

2077 717 29 16 sa
2117 712 156 27 complexité.

2104 745 199 24 L'abaissement
2314 747 33 22 de
2366 748 25 22 la
2411 750 133 30 puissance

2076 778 125 28 française
2210 782 37 19 est
2253 780 122 26 parallèle
2381 789 51 17 aux
2439 789 105 24 progrès

2076 812 35 21 du
2122 813 167 22 centralisme.
2304 814 33 22 Ce
2348 816 65 22 n’est
2430 823 49 21 pas
2497 827 45 20 une

2076 845 89 26 simple
2177 846 170 30 coïncidence,
2356 849 62 23 c’est
2427 851 77 24 l’effet
2514 857 29 23 de

2076 881 40 19 cet
2123 880 147 23 unitarisme
2278 887 49 22 que
2335 888 64 17 nous
2406 889 137 24 progetons

2076 918 44 16 sur
2126 913 119 23 l’univers
2255 916 43 25 qui
2310 916 39 26 s’y
2358 916 94 24 dérobe
2463 926 80 20 mora-

2075 946 94 22 lement
2177 948 24 20 et
2214 954 30 15 ne
2257 948 39 27 s’y
2313 950 129 24 conforme
2454 954 88 27 physi-

2075 982 116 23 quement
2206 987 47 20 que
2266 988 67 19 pour
2351 990 64 17 nous
2429 988 112 24 combat-

2075 1014 67 21 tre...

2102 1046 42 22 Au
2155 1048 136 29 contraire,
2308 1049 39 23 les
2358 1057 65 21 pays
2443 1053 100 27 fédéra-

2074 1079 81 29 listes,
2167 1087 50 16 non
2229 1083 139 22 seulement
2379 1088 45 19 ont
2435 1093 36 16 un
2482 1095 61 20 pou-

2073 1113 57 22 voir
2141 1115 94 22 central
2245 1117 59 24 plus
2315 1117 52 22 fort
2383 1125 44 17 sur
2437 1121 25 22 le
2479 1124 62 25 plan

2074 1147 120 27 national,
2203 1150 101 24 mais....
2315 1150 57 23 leur
2379 1153 164 28 administra-

2073 1181 55 22 tion
2139 1181 134 25 intérieure
2283 1186 39 21 est
2334 1185 58 27 déjà
2400 1194 50 16 une
2459 1188 83 27 diplo-

2073 1216 85 27 matie,
2164 1217 84 22 tandis
2257 1224 49 21 que
2313 1221 73 21 notre
2395 1221 147 27 diplomatie

2073 1249 64 22 n’est
2145 1250 89 26 qu’une
2245 1252 208 26 administration
2460 1263 82 17 asser-

2073 1282 41 21 vie
2126 1289 94 16 comme
2232 1287 83 21 toutes
2323 1293 48 16 nos
2382 1289 161 25 administra-

2073 1315 64 28 tion,
2149 1317 15 21 à
2174 1317 108 23 l’intérêt
2294 1319 129 25 électoral.
2434 1329 12 14 »

2102 1349 17 21 E
2128 1356 14 15 u
2152 1350 54 28 sgiô
2220 1350 71 23 Caria
2305 1351 111 25 Maurras
2434 1351 116 33 approva’

2073 1384 37 19 ste
2116 1384 83 26 parole
2205 1383 86 24 ch’ellu
2300 1385 95 24 chiama
2403 1389 141 27 «formules

2075 1415 55 22 d’or
2139 1424 21 14 ?>.

2102 1449 63 27 Sola,
2175 1450 23 22 A
2208 1451 91 23 Muvra
2309 1459 32 15 un
2355 1454 98 25 duvaria
2465 1460 78 23 micca

2074 1483 45 21 avè
2131 1490 15 15 u
2157 1484 74 22 drittu
2242 1486 142 28 d’appruvà.

2106 1516 29 22 Et
2150 1523 68 17 nunc
2230 1520 172 25 erudimini...

2075 1594 97 23 Aiacciu
2182 1607 27 5 —
2221 1596 134 31 SLamparia
2368 1600 23 22 di
2405 1604 22 20 A
2438 1603 95 25 Muvra

2076 1635 14 14 u
2103 1628 28 22 Di
2134 1630 174 24 rellore-Geren
2311 1635 23 19 le
2337 1640 6 15 :
2352 1633 70 25 Petru
2431 1623 111 39 ROCCA!

90 1738 173 50 Libraria
287 1738 39 47 di
340 1736 29 49 Â
391 1736 168 50 MUVRA

141 1833 121 22 ULTIME
273 1832 235 24 PUBLICAZIONE

110 1903 97 18 Carlotti
213 1903 29 22 (D)
246 1908 6 12 :
260 1913 24 3 —
291 1902 140 19 Manualettu
438 1903 23 18 di
466 1902 91 19 Parlata

155 1931 76 18 Corsa.
242 1931 17 17 A
266 1931 61 22 prima
333 1931 119 23 grammatiea
461 1930 96 18 dialettale

154 1963 53 13 corsa
214 1958 100 23 pnblicata.
326 1958 81 18 Cuntene
418 1963 11 13 e
440 1957 65 24 régulé
516 1957 19 18 di
545 1962 12 13 a

153 1987 71 21 parlata
232 1986 122 21 eismuntana,
361 1985 10 18 1
379 1986 38 18 vol.
426 1985 25 19 80
458 1991 19 17 p.
511 1984 13 18 3
532 1994 25 4 —

109 2038 136 19 Codaccioni
252 2039 31 22 (G.
288 2040 30 22 P.)
323 2049 22 4 —
351 2038 109 19 Canzone.
469 2039 87 17 Raceolta

153 2067 21 17 di
181 2072 11 13 e
200 2067 31 22 più
239 2068 90 21 populare
340 2067 63 22 puesie
415 2067 20 17 di
443 2066 85 19 l’anfarte
535 2066 21 17 di

152 2094 103 23 Proprianu
272 2094 77 23 (Satare,
366 2094 90 22 Lamenti,
472 2094 83 18 Canzone

152 2122 91 22 pulitiche
258 2123 63 22 ece...)
339 2123 41 18 c’un
398 2122 80 18 introitù
497 2122 20 16 di
534 2121 21 18 U

153 2149 175 23 Sampetracciu.
342 2151 11 17 1
361 2150 37 18 vol.
411 2149 41 19 in-8
463 2151 21 17 di
492 2148 23 18 96
523 2154 31 17 pa-

151 2178 52 21 gine.
509 2176 13 18 5
530 2186 25 4 —

106 2227 115 18 Minîcale.
230 2236 22 4 —
260 2227 68 19 Musa
335 2227 109 19 d’Aitone.
453 2228 15 18 E
475 2227 32 23 più
515 2227 40 18 bel-

150 2255 20 18 le
177 2254 82 19 Canzone
267 2256 22 17 di
295 2261 13 12 u
315 2256 54 22 pueta
376 2255 109 19 d’Evisa.Di
492 2260 12 12 a
513 2254 42 19 Cul-

151 2283 68 18 iezione
232 2283 21 17 di
266 2283 87 24 VAnfarti
363 2283 52 18 corsi.
430 2284 11 17 1
450 2284 39 18 vol.
503 2283 20 17 di
530 2281 23 19 80

150 2311 74 22 pagine.
507 2310 14 17 4
528 2319 25 4 —

105 2359 84 19 L’Orsu
197 2360 132 19 d’Orezza—
333 2361 220 19 Primizie.Raceoltadi

151 2393 12 13 e
170 2388 34 22 più
213 2389 50 17 belle
270 2389 66 21 puesie
343 2388 19 18 di
369 2388 87 19 l’anfarte
463 2390 20 17 di
491 2393 11 13 a
510 2388 43 19 Cas-

151 2416 100 23 tagniccia.
265 2417 23 17 Di
300 2417 14 18 A
326 2416 109 19 Cullezzione
446 2417 21 18 di
473 2417 80 22 l’Anfar-

149 2444 55 18 corsi.
215 2444 11 18 i
233 2444 39 18 vol.
282 2445 20 17 di
309 2444 23 19 64
339 2450 20 17 p.
515 2444 37 18 3—

108 2493 90 19 Matteu
212 2494 103 19 Cirnensi
332 2495 68 22 (Mattéi
414 2496 58 17 Torre
477 2493 77 24 —Que

152 2523 57 17 veut
224 2522 24 17 la
264 2521 81 20 Corse!
364 2522 56 18 TuttT
437 2522 55 23 punti
507 2522 20 17 di
542 2527 12 13 a

153 2550 14 10 “
173 2549 95 22 Quislione
277 2551 69 17 corsa”.
355 2549 61 19 Difesa
424 2555 11 13 e
443 2548 112 20 illustrâzio-

153 2581 26 14 ne
186 2577 20 17 di
213 2582 14 13 u
234 2576 105 19 Gursismu.
346 2578 11 17 4
364 2577 39 18 vol.
411 2577 24 18 64
442 2583 20 17 p.
530 2586 25 4 —

103 2626 66 19 Paoli
174 2627 24 18 di
202 2627 155 23 Taglio—Risa
361 2631 12 13 e
376 2627 158 19 Pianti.Sunetti
538 2631 11 14 e

148 2654 66 18 Poesie
220 2654 51 19 varie
282 2654 90 23 (Cuntene
379 2659 13 13 u
406 2655 92 18 Lamentu
509 2654 20 18 di
538 2659 16 13 u

148 2681 93 23 Gastagnu
252 2687 11 12 a
279 2688 13 12 u
300 2682 71 22 Gorsu).
377 2683 9 17 1
396 2683 38 17 vol.
443 2682 40 18 in-8
491 2682 20 17 di
518 2682 35 18 412

149 2714 20 17 p.
509 2709 12 18 5
530 2719 24 4 —

105 2761 22 4 —
135 2752 63 19 Fiori
206 2757 12 14 e
226 2752 75 23 Spine,
308 2753 65 19 Puesie
381 2754 49 18 varie
438 2754 44 18 c’un
488 2753 66 19 introi-

149 2782 21 16 tu
178 2781 20 17 di
205 2781 68 17 Petru
281 2781 81 18 Rocca.
373 2781 10 17 1
391 2781 39 18 vol.
442 2782 18 17 di
472 2780 22 19 86
501 2781 51 23 pagi-

147 2812 32 14 ne.
506 2808 14 18 4
528 2819 24 4 —

103 2851 70 18 Petru
181 2852 24 18 di
213 2851 75 19 Niolu.
294 2862 23 4 —
324 2852 104 19 Canoîari
437 2858 14 13 e
458 2853 94 19 TrivulL

147 2879 69 18 Puesie
235 2880 107 21 profumate
356 2881 74 21 quant’e
448 2881 7 18 i
471 2881 81 19 canofari

147 2906 101 18 salvatiehi
260 2907 20 17 di
291 2911 11 14 e
316 2908 47 17 cime
372 2907 20 18 di
402 2907 52 19 Ginti
467 2913 11 14 e
489 2909 20 17 di
518 2909 35 18 Pa-

148 2934 79 22 gliorba,
244 2938 11 13 e
266 2936 62 17 satara
341 2934 31 19 chi
382 2940 63 18 pugne
460 2937 75 22 quant’e
543 2939 9 18 i

146 2961 70 17 trivuli
222 2961 20 17 di
250 2966 13 12 u
270 2962 80 22 Tilerga.
356 2961 14 18 E
376 2962 53 19 virtù
438 2968 11 14 e
455 2969 11 13 a
473 2964 79 19 fierezza

146 2987 86 19 Niulinea
248 2990 74 17 cantata
338 2990 22 17 da
369 2990 91 20 l’Anfarte
471 2991 20 19 di
501 2991 51 20 Cala-

147 3015 92 18 cuccia.Di
246 3020 12 13 a
265 3015 99 20 Cullezione
369 3017 20 18 di
397 3017 88 25 VAnfarti
493 3019 55 20 Corsi.

147 3042 10 17 1
166 3043 40 17 vol.
218 3042 19 18 di
245 3041 23 19 64
276 3044 73 23 pagine.
503 3047 14 18 5
525 3057 23 4 —

102 3085 19 18 U
130 3085 170 23 Sampetracciu
308 3088 144 22 (Ghiannettu
457 3092 89 24 Notini.)

147 3113 66 18 Rime
221 3114 75 22 (Puesie
300 3117 57 21 varie,
363 3116 117 26 Sfrufulette,
488 3119 60 20 Punte

147 3141 20 17 di
174 3141 74 18 Minutu
257 3141 77 24 Grossu,
345 3144 85 24 Canzone,
442 3147 106 19 Induvinel-

146 3168 33 23 le).
196 3168 46 18 C’un
258 3169 80 20 introitù
347 3172 20 18 di
383 3172 69 20 Petru
465 3175 80 19 Rocca.

148 3196 10 17 1
167 3196 39 18 vol.
221 3196 20 18 di
251 3197 35 18 160
296 3199 72 22 pagine.
502 3203 13 17 8
523 3212 23 3 —

101 3243 23 4 —
139 3234 20 18 A
170 3235 105 20 Pulitica.
295 3238 104 20 Cummedia
414 3242 22 17 in
449 3242 12 18 4
475 3241 41 18 attï.
532 3241 15 16 E

146 3263 106 22 spurchizie
262 3265 20 17 di
294 3271 10 12 a
314 3266 117 21 Puliticaccia
440 3269 108 21 d’impurta-

145 3290 54 18 zione
210 3295 61 15 messe
282 3298 11 13 a
303 3296 51 17 nudu
363 3299 11 14 e
384 3296 108 18 scurticate.
502 3293 24 18 Di
535 3298 11 12 a

147 3317 100 19 Cullezione
253 3319 20 18 di
277 3326 15 12 u
298 3321 63 19 Tealru
367 3322 20 18 di
390 3324 15 16 A
411 3322 72 18 Muvra.
490 3321 10 17 4
506 3320 38 18 vol.

146 3344 19 17 di
173 3344 22 18 96
206 3346 73 22 pagine.
501 3346 13 17 6
522 3355 23 4 —

99 3390 23 4 —
131 3382 49 19 Una
186 3383 124 22 Manatella
321 3388 23 17 di
352 3386 110 19 Canzone.
474 3385 23 18 44
504 3388 43 13 can-

144 3418 46 14 zone
197 3415 21 18 di
226 3415 18 18 U
250 3415 173 24 Sampetracciu.
432 3416 19 17 U
455 3415 38 17 miô
501 3414 45 18 Pae-

144 3443 18 13 se
170 3448 23 4 —
200 3440 16 17 A
225 3439 53 20 Moda
288 3451 23 4 —
318 3442 14 17 I
337 3439 62 20 Ricchi
406 3439 71 22 d'oghie
482 3447 22 5 —
508 3438 38 18 Zil-

146 3463 24 17 l'o
177 3464 192 19 Marial.—Dumande
376 3463 19 17 in
403 3462 142 19 Matrimoniu—

145 3487 64 20 Primu
217 3490 64 17 Amore
289 3498 23 5 —
321 3488 46 18 Lode
374 3487 72 18 a'Moda
455 3498 22 3 —
485 3487 60 19 Ritro-

144 3512 125 19 vi—Brindisi
273 3522 25 4 —
302 3514 15 16 A
329 3513 82 17 Donna—
415 3512 22 18 In
447 3513 71 17 Trennu
526 3521 19 4 —

143 3537 12 17 I
160 3537 159 18 Mercanluzzi.Vn
328 3537 75 17 librettu
412 3537 19 17 di
442 3537 25 18 24
477 3537 68 23 pagine

143 3566 24 13 eu
178 3567 13 12 u
202 3562 78 17 ritrattu
292 3562 19 16 di
321 3561 83 18 Fautore.
501 3561 12 18 3
523 3570 22 5 —
553 3567 4 14 i

260 3596 153 23 Dumandate
424 3604 16 14 u
450 3597 85 23 listinu
545 3598 12 21 ô

581 1887 35 44 il
634 1902 131 31 CRÈME
786 1915 38 17 DS
842 1901 159 31 BEAUTÉ
1011 1887 44 64 JS

582 1937 58 41 gflV,
669 1952 74 19 REND
751 1951 34 20 LA
795 1952 74 19 PEAU
876 1951 94 20 DOUCE
993 1934 64 48 Jm

581 1970 220 46 §Pg|^FRAICHE
807 1970 248 46 PAMFUMêE^0i0fà

641 2129 105 27 Strnmenti
756 2130 88 26 Mnsicali
855 2130 64 30 d’ogni
930 2131 70 26 Généré

630 2187 58 50 Y.
717 2188 295 52 Muraccioie

612 2264 172 24 Prafessoredi
797 2265 94 23 Musica
900 2272 14 15 e
925 2266 102 22 Viulinu

684 2311 59 19 9-19,
757 2305 41 20 Via
804 2306 66 20 Jules
880 2306 72 20 Cazot

749 2336 52 20 Alès
812 2335 80 26 (Gard)

638 2393 77 21 Viulini,
720 2393 114 23 Manduline,
840 2394 104 23 Urganetti,
949 2394 50 19 Fono

689 2426 65 22 Piano,
762 2427 63 22 Banjo,
833 2427 64 19 Jazz...
906 2432 38 14 ecc.

655 2473 85 24 Catalogu
748 2474 70 23 gralisi,
827 2476 59 22 sopr'a
893 2475 88 19 cumanda

698 2610 35 25 Per
750 2609 75 31 iscopre
841 2611 93 33 Surgenti,

659 2645 59 31 àcpe
738 2646 125 33 Sntterranee,
879 2647 92 27 Minerali.

647 2702 108 32 Prele
782 2704 201 33 Casanova

651 2745 141 26 Pievanu
806 2747 33 25 di
853 2748 123 26 Zicavu

611 2794 24 18 dà
643 2799 10 13 a
661 2797 144 17 cunuscimentu
812 2797 20 18 di
840 2798 60 22 quelli
907 2798 30 18 chi
943 2798 18 18 ci
966 2802 50 18 ponu

632 2820 56 17 truvà
695 2825 13 13 u
715 2826 21 13 so
744 2821 100 23 interessu,
851 2823 70 18 ch’ellu
929 2827 65 18 scopre

633 2846 90 22 surgenti,
729 2851 60 18 acque
795 2848 114 21 sutteranee,
915 2848 80 17 minière

694 2872 144 22 metallurgiche
845 2874 24 17 ed
876 2872 54 18 altre.

611 2903 117 20 fnfallibile
738 2914 25 4 —
775 2906 97 18 Pruvate
882 2909 12 14 e
904 2901 111 21 vidarete!

599 3038 182 27 CULLANA
799 3034 163 28 STORICA
980 3033 42 26 DI

730 3077 31 24 A
779 3075 112 23 Muvra

606 3153 8 15 1
631 3156 28 5 —
676 3142 130 27 Napoléon
824 3142 150 24 Bonaparte.

610 3178 79 22 Lettre
695 3182 14 14 a
717 3176 92 20 Matteo
824 3173 150 23 Buttafuoco.

575 3209 101 24 Préface
687 3209 30 20 de
728 3207 93 22 Matteo
833 3207 91 22 Rocca.

605 3247 60 23 1925.
682 3246 9 15 1
702 3241 53 21 vol.
768 3240 25 21 di
804 3246 28 21 32
843 3246 56 23 pag.
984 3242 17 21 2
1011 3241 32 23 fr.

604 3290 61 16 11—
671 3284 125 22 Processo
801 3284 108 22 Verbale
917 3285 59 22 dell’

574 3316 275 23 AssembleaGenerale
857 3318 29 22 di
892 3318 82 22 Corsi-

573 3356 39 16 ca.
635 3348 93 23 Tenuta
746 3355 27 16 xn
788 3349 73 23 Corte
876 3351 18 22 il
907 3357 34 20 10,
960 3359 13 14 e

574 3382 81 28 giorni
681 3383 111 27 seguenti
817 3384 24 20 di
876 3383 97 29 Giugno

575 3421 63 23 1794.

603 3446 61 31 1928.
681 3454 9 15 1
699 3450 50 21 vol.
763 3449 26 21 di
800 3448 29 23 80
841 3457 56 22 pag.
980 3452 19 21 4
1009 3452 32 22 £r.

603 3499 10 15 1
617 3498 10 16 x
631 3498 11 15 Ï
652 3503 30 5 —
689 3493 37 22 La
735 3494 87 21 Storia
833 3494 69 27 degli
913 3496 61 21 anni

574 3525 67 21 1732
653 3531 13 15 e
681 3525 74 24 1733.

602 3557 62 30 1928.
677 3564 10 16 1
694 3561 50 21 vol.
755 3559 23 22 di
791 3566 27 20 40
830 3567 55 21 pag.
954 3561 88 22 2fr.50

575 3601 92 21 •nostre
681 3601 174 26 publicazione.

1159 1783 174 59 Cyrnos=
1345 1786 138 48 Palace

1199 1889 253 101 âfofet

1188 2010 258 27 Mudernissimu

1162 2182 86 25 Qrande
1263 2183 85 26 fabrica
1363 2186 19 23 di
1394 2186 71 24 Mobiii

1111 2253 158 28 MARTINU
1300 2256 214 29 BERNARDINI

1152 2293 38 19 San
1201 2295 57 18 Petru
1268 2295 22 18 di
1303 2296 68 19 Venacu
1381 2297 88 24 (Corsica)

1148 2360 81 20 Generi
1237 2364 105 22 semplici
1350 2369 13 14 e
1369 2366 24 18 di
1400 2365 73 19 Lussu

1247 2426 60 22 Legni
1317 2427 55 18 scelti

1178 2457 55 24 Noce,
1245 2458 101 24 Castagnu,
1357 2459 83 18 Laricciu

1088 2515 112 23 Aperture
1213 2522 13 13 e
1233 2517 55 19 altri
1296 2517 75 19 lavori
1378 2520 41 19 per
1426 2515 103 18 iahriche

1211 2551 76 22 so'pr’a
1295 2550 111 18 cumanda

1139 2611 64 14 Prezzi
1211 2610 66 15 ridutti
1285 2613 35 14 per
1328 2612 41 11 case
1378 2608 100 14 cumercali

1197 2637 80 15 Facilità
1285 2637 20 13 di
1315 2635 105 19 pagamenti

1155 2762 96 21 A.ndate
1264 2767 13 15 a
1288 2762 96 21 vestevi
1398 2761 65 22 duve

1214 2806 41 23 DI
1273 2804 125 26 FABIO

1182 2854 24 15 12
1223 2849 71 21 Corsu
1306 2850 129 25 Napulione

1130 2887 31 19 Pè
1169 2893 18 13 n
1197 2890 14 9 «
1218 2889 78 22 chic”,
1308 2894 13 14 e
1333 2890 148 26 Stofepcelte,

1169 2922 10 17 i
1189 2923 78 21 prezzi
1277 2925 164 22 raggiunevuli.

1139 3056 86 25 Fabrica
1242 3059 109 25 d'Articuli
1369 3062 121 24 Orezzinchi

1146 3118 34 30 O
1206 3120 37 30 F-
1265 3122 212 32 PIAZZOLI

1110 3164 47 19 Valle
1164 3165 13 18 d
1184 3165 73 24 Orezza,
1264 3172 35 19 per
1306 3168 106 24 Piedicroçe
1420 3169 87 25 (Corsica)

1151 3222 44 24 Pipe
1203 3225 22 18 di
1230 3225 62 22 lussu,
1302 3226 70 24 Galifîi,
1377 3228 90 19 Bucchini

1189 3252 58 23 Seopa
1255 3254 21 18 di
1283 3255 62 22 prima
1352 3256 70 22 qualité

1128 3301 97 23 Calamari,
1237 3304 56 17 Porta
1301 3309 66 18 penna,
1377 3307 63 21 Taglia
1447 3309 51 17 carta

1176 3358 111 23 Artienli
1300 3360 27 22 di
1338 3361 95 23 Tavula

1087 3404 95 20 Cucckiare
1193 3411 9 13 e
1209 3407 79 19 Furcine
1299 3418 21 5 —
1325 3409 95 25 Ovaghioli
1424 3420 23 5 —
1451 3412 77 19 Zucche-

1097 3432 76 19 riere—
1184 3433 87 25 Chiarchj
1277 3440 13 13 a
1299 3438 94 23 luvaglioli
1398 3447 25 6 —
1427 3438 88 20 Salinere.

1126 3486 143 19 Assurtimentu
1278 3488 22 18 di
1308 3491 71 17 seatule
1386 3491 102 19 sculturate

1087 3521 34 17 per
1128 3518 81 22 tabaceu,
1220 3520 77 21 polvera
1308 3522 20 18 di
1341 3523 61 22 risu,..
1417 3527 54 15 ecc...
1479 3529 46 14 ecc..

1110 3580 57 16 Lavon
1173 3585 49 14 sopra
1230 3584 78 14 cumanda
1318 3586 19 13 in
1344 3589 50 14 scopa,
1401 3585 51 18 bustu,
1460 3588 43 14 olivu

1603 1770 317 50 VÔIILEl~¥êfîS
1961 1767 79 26 aV°ir
2056 1770 129 32 t0UJ0urs
2201 1770 48 27 des
2265 1773 131 34 produits
2413 1777 118 28 alimen-

1602 1833 84 6 —_—
1883 1835 39 6 _—
1961 1809 86 27 taires
2069 1812 56 24 très
2144 1813 89 33 frais,
2262 1814 34 26 de
2319 1818 64 25 tout
2405 1821 126 32 freiniez

1603 1851 93 32 choix,
1712 1855 27 22 et
1756 1853 66 25 bien
1843 1853 126 26 meilleur
1985 1855 119 26 marché
2119 1865 55 27 que
2191 1861 113 30 partout
2321 1862 170 29 ailleurs?...

1974 1918 97 37 Faites
2096 1931 52 24 vos
2174 1922 99 36 achats
2299 1925 18 35 à
2342 1926 28 35 la

1690 1982 149 49 Grande
1861 1984 167 60 Epicerie
2053 1984 150 52 COSTA
2229 1989 62 49 ET
2318 1991 144 50 NEGKI

1858 2056 188 28 Boulevard
2064 2060 59 25 Roi
2140 2062 130 27 Jérome

1632 2160 30 26 ^
1796 2188 7 7 «
1876 2169 39 17 ess
1932 2161 74 27 ainsi
2024 2164 110 34 chaque
2152 2167 71 25 mois
2241 2177 65 18 une
2324 2171 173 27 économie

1806 2207 54 25 très
1880 2209 124 26 sensible
2023 2219 73 26 pour
2115 2216 79 23 votre
2213 2215 107 36 budget

1859 2301 190 28 Livraisons
2067 2305 21 24 à.
2107 2306 154 27 domicile

1759 2409 33 49 A
1813 2411 227 53 LIBRARIA
2061 2417 49 47 M
2133 2417 33 49 A
2185 2419 167 53 MUVRA

1654 2481 113 35 compta
1778 2485 11 24 t

1570 2526 143 29 VECCHJ
1730 2531 254 30 MANUSCRITTI
2000 2550 35 5 -
2052 2537 231 33 INCUNABUL!
2303 2560 35 5 -
2352 2548 180 29 EDTZTONE

1664 2568 281 32 INTERESSANTE
1957 2588 34 6 -
2006 2576 169 30 VECCHJE
2189 2581 147 31 STAMPE
2349 2595 47 19 ecc

1685 2626 61 31 Un
1767 2635 178 26 mancate
1965 2633 38 29 di
2018 2638 167 30 scriveci
2202 2643 124 32 prima
2345 2646 39 29 di

1899 2683 125 30 vende
2043 2686 50 28 ad
2117 2687 94 32 altri.

1672 2817 147 28 Antichità
1837 2818 86 28 Corse

1582 2881 212 52 Franeessft
1836 2886 179 50 PIETEI

1591 2947 23 26 8,
1628 2949 83 22 Corsu
1725 2949 129 24 Grandval
1867 2963 30 5 —
1911 2952 105 24 Aiacciu

1581 3011 74 33 Cispre,
1677 3012 50 32 Stili,
1738 3014 76 32 Pistole,
1825 3015 109 34 FiancMne,
1942 3018 75 32 Stampe

1617 3051 57 26 Platü
1686 3056 10 20 e
1707 3052 58 28 Tazze
1777 3059 23 20 eu
1810 3053 8 26 i
1829 3056 87 30 proverbj
1929 3057 51 25 corsi

1667 3090 70 27 Zucehe
1747 3098 26 20 eu
1781 3093 70 30 sngetti
1861 3094 60 27 locali

1605 3249 387 99 Tomasi

1708 3410 205 61 Fotografu

1578 3517 448 62 Aiacciu=Bastia

2152 2831 322 87 CasaJRICCI

2100 2923 44 33 38,
2176 2926 88 29 Corsu
2280 2930 213 41 Napulione,38

2176 2995 33 5 —
2230 2984 140 28 Aîaccm
2390 3003 34 5 —

2121 3050 161 31 RICORDI
2305 3058 179 30 AIACCINI

2103 3093 102 29 ÂRTICULI
2222 3098 110 30 RELI6I0S1
2357 3116 35 4 —
2414 3104 86 27 COROHE

2097 3254 133 40 Madame
2254 3259 34 38 A.
2306 3261 192 40 Baciocchini

2070 3312 90 30 o,Rue
2170 3315 349 40 Bonaparte.-Ajaeccio.

2096 3403 227 47 fîSSQRTipjlT
2345 3411 149 41 GOfPliET

2125 3454 42 37 DE
2189 3457 172 43 GfiflPESÜX
2381 3463 84 43 POUR

2117 3507 106 40 DAMES
2241 3513 40 35 ET
2301 3516 176 42 piLdiETTES

2121 3585 6 16 :
2159 3587 7 16 :
2178 3582 63 24 Prix
2251 3590 162 24 avantageux
2425 3595 46 16 :—:
