2580 3844
19 479 33 30 pè
62 481 21 18 u
96 471 175 25 Cuncorsu

90 536 15 18 A
114 535 56 18 Peint
179 533 66 17 Rocca.

18 584 10 18 0
34 578 54 20 jfusa,
98 569 78 25 spartati
183 574 79 17 appena,

18 602 38 25 Veni
63 598 12 24 î
74 598 20 18 111
102 597 41 17 ch’a
153 595 33 18 noi
194 596 53 16 tocca

18 633 16 18 0i
40 625 56 21 scrive
104 626 10 13 s
116 623 20 15 tu
143 620 98 22 bigliltinu

18 658 10 18 g
33 647 90 26 jjjandallu
131 650 11 13 a
149 646 58 17 Petru
212 645 67 21 Rocca,

18 664 16 28 t
40 678 13 18 A
61 674 64 19 Muvra
134 671 101 20 Direttore,

18 708 28 19 per
52 696 78 23 chiedeli
137 696 32 17 stu
175 694 66 18 favore
246 699 5 12 :

18 746 51 24 pi<rliu
80 741 52 23 parle
140 744 11 13 a
158 740 21 17 lu
187 742 93 14 cuncorsu

18 762 27 33 Cj2
51 769 27 19 bo’
86 767 56 18 avete
149 765 110 22 preparalu;

18 795 55 25 Bccucl
80 792 33 23 qui
122 791 21 17 lu
152 789 38 18 mit»
198 793 57 13 nome
262 793 5 13 :

18 827 19 18 S5
42 823 45 17 Leca
93 816 21 19 di
120 816 22 17 lu
152 814 83 19 Furcatu
240 818 6 18 ;

20 853 7 12 i
36 849 15 17 [a
58 843 56 20 Sauta
121 841 19 17 di
148 839 62 21 Niolu,

18 868 81 28 ^jjch'eiu
107 866 26 18 mi
141 866 22 17 sò
170 865 76 17 vutatu.

18 914 62 27 Beachè
87 917 27 13 un
121 911 28 18 sia
156 910 60 22 puelu
223 909 47 17 forti

19 947 11 19 g
35 943 31 18 cbe
74 943 25 14 un
106 937 27 18 lia
141 937 128 20 stravaganza,

20 972 18 19 SÔ
44 963 89 22 cunlentu
142 961 19 17 di
169 960 56 18 cantà

19 997 21 18 Gu
45 993 7 18 i
58 988 51 26 Pueti
119 988 21 16 in
150 985 109 18 ù'ateilanza

19 1023 10 18 g
34 1017 101 26 primurosu
143 1011 21 17 di
170 1011 20 17 là

19 1047 18 20 pi
42 1041 40 21 tutti
88 1040 19 17 la
116 1036 121 21 cuniscianza,

20 1094 28 19 per
53 1086 51 20 sente
112 1083 54 19 cantà
173 1086 12 13 a
193 1080 64 22 Leoni,

20 1112 73 25 jiiuicale
101 1114 11 13 e
121 1106 136 24 Pampasgiolu,

20 1143 20 20 pè
44 1135 68 23 ascultà
119 1135 20 17 lu
148 1132 111 20 Cacciadore

20 1170 35 18 incu
61 1163 56 18 Petru
125 1159 20 18 di
151 1158 56 19 Niolu

21 1195 11 18 g
37 1188 66 23 amparà
114 1186 21 17 lu
142 1185 83 18 sirmone

21 1219 16 19 pi
41 1214 60 21 pivota
109 1216 11 13 e
128 1208 119 20 Codaccione.

20 1261 92 23 glistessu,
124 1254 47 20 tanti
180 1255 18 16 al
199 1254 26 18 tri

20 1282 161 27 Cb’unn’agbj’ancu
189 1279 101 18 mintuatu:

20 1306 169 28 (ibiannettu.l’Orsu
199 1304 92 18 (l’Oiezza.

20 1334 87 26 Altimonti
111 1338 11 14 e
126 1338 14 13 u
149 1331 132 22 Strampalatu,

21 1367 20 18 Gu
47 1361 77 20 Martinu
131 1357 128 24 Appinzapaiu

21 1390 27 20 Cbi
53 1389 17 19 la
77 1387 40 17 lace
124 1389 25 13 ca
156 1384 74 18 curatu.

18 1437 78 21 tfognunu
103 1431 18 18 si
128 1430 73 22 stringa
206 1429 16 17 a’
227 1429 67 17 Muvra

22 1462 27 19 Cbi
55 1460 16 18 ci
77 1459 54 22 porta
138 1457 19 18 le
164 1455 84 21 nuvelle,

21 1489 16 18 Ci
42 1485 83 20 scrivenu
129 1486 48 14 ancu
183 1481 19 17 le
210 1481 62 17 donne

21 1511 73 22 Maritale
101 1513 12 14 e
121 1506 97 20 damîcelle
224 1511 6 17 ;

21 1537 56 21 Veuite
84 1535 46 18 tutti
137 1539 12 13 a
156 1533 29 18 slà
193 1533 17 17 a’
217 1532 54 18 sente

22 1566 19 18 Le
47 1565 75 16 canzone
127 1564 11 14 e
142 1560 20 18 le
168 1558 103 23 paghielle.

23 1612 13 18 A
40 1610 16 17 la
62 1608 45 18 liera
116 1607 20 17 di
143 1605 62 21 Niolu,

21 1638 12 17 A
37 1634 71 20 l’ombra
118 1632 21 18 di
145 1637 14 13 u
166 1631 78 23 puiione

23 1662 16 18 Di
44 1661 35 17 ’ssu
85 1659 52 18 bellu
144 1657 80 23 paisolu,

23 1688 19 18 5e
46 1686 63 18 sbocea
116 1684 25 18 da
145 1682 40 25 ’gni
191 1683 81 17 cantone

22 1713 19 18 Pè
47 1710 63 23 rispirà
117 1709 52 18 l’aria
176 1708 62 18 iresca

22 1738 18 18 Di
44 1737 18 17 lu
69 1736 81 18 centrale
160 1733 100 23 rughione.

21 1785 14 18 T]
41 1786 82 15 nmvrone
129 1781 20 18 in
154 1780 63 19 Monte
225 1779 58 19 Gintu

23 1810 17 18 Si
44 1810 36 16 teae
86 1812 13 13 a
105 1808 20 17 la
132 1807 70 23 grande
209 1806 63 18 altura
275 1810 7 17 ;

21 1835 22 18 Nè
48 1833 36 19 cani
91 1834 24 17 nè
123 1832 108 21 cacciadori,

20 1860 46 18 Nimu
76 1859 14 18 li
97 1859 41 18 lace
145 1862 58 19 paura
208 1863 6 17 ;

21 1885 44 19 Volta
71 1885 59 18 laccia
137 1884 51 19 anc’a
194 1882 89 19 Marliere

20 1911 68 22 Quandu
95 1911 48 18 vede
150 1915 12 13 a
169 1914 21 13 so
199 1909 71 23 figura.

19 1957 53 19 Duvia
79 1961 42 14 esse
128 1956 76 23 purtatu

18 1983 49 18 Came
73 1983 48 22 l’apa
129 1982 61 18 nant’a
196 1985 15 13 u
218 1980 55 21 liore,

18 2008 70 21 Perché,
96 2008 20 17 di
124 2008 45 17 tutti
175 2006 15 18 li
197 2006 53 17 corsi

18 2034 37 17 Ellu
61 2033 19 22 jè
87 2034 21 16 lu
116 2033 100 23 prutettore
221 2036 6 17 ;

18 2059 30 18 Per
55 2059 53 22 gûari
115 2059 16 17 li
137 2058 57 19 no’stri
203 2057 46 18 mali

18 2081 83 21 Èl’unieu
113 2089 45 18 gran
165 2085 83 17 duttore.

19 2131 76 21 Dunque,
107 2135 44 14 caru
158 2130 101 22 Direttore,

19 2156 89 18 H’arrestu
116 2157 23 22 pè
145 2157 21 18 lu
174 2158 106 20 mumentu;

18 2183 13 17 A
36 2181 76 20 rivedeci
124 2188 11 12 a
141 2183 19 18 la
168 2182 57 18 Santa

20 2207 67 19 S’ell’un
94 2208 27 18 c’è
129 2208 140 23 impedimenlu.

20 2234 16 17 Di
42 2233 89 24 stringhie
138 2235 19 18 la
164 2238 56 15 manu
229 2239 12 13 a
247 2234 46 18 tutti

21 2259 62 22 Qaantu
90 2261 87 22 saraghiu
182 2261 99 17 cuntentu.

63 2294 59 19 Leca
133 2295 23 18 di
163 2294 106 20 Furcatu.

40 2382 61 26 Caniu
113 2385 50 24 d’un
177 2385 64 25 Pueia

36 2449 20 18 Sò
64 2450 130 23 Petr’Antonu,

21 2474 44 19 Pueta
74 2477 57 19 umile
140 2482 10 14 e
158 2478 40 18 solu
206 2483 5 15 ;

36 2500 52 19 Caatu
97 2504 81 18 d’arnore

20 2524 45 21 Cume
72 2528 18 17 lu
100 2529 114 23 russignolu.

18 2549 66 22 juand’in
91 2556 66 17 mezz’a
162 2556 17 16 la
190 2559 101 19 campagne

18 2578 45 17 :Ql’au
71 2582 54 16 cantu
138 2580 153 23 raacchiaghiolu.

37 2617 50 19 Senza
96 2619 83 23 passioni

20 2640 38 21 Vive
63 2644 20 19 lu
90 2646 39 18 miô
137 2649 92 20 penseru;

36 2667 13 19 U
56 2670 62 22 tempu
129 2676 60 18 passa,

19 2691 34 20 Ella
59 2696 25 17 mi
90 2697 30 18 stà
131 2697 81 21 sinceru,

21 2716 10 18 E
36 2720 91 23 malgradu
131 2723 16 18 li
154 2722 84 19 malanni

21 2741 21 20 Ea
48 2745 19 18 sô
74 2747 36 18 mai
122 2748 21 18 in
151 2748 109 21 addisperu.

361 472 63 19 Cheru
432 478 12 13 a
452 474 39 18 miô
499 474 43 19 luce

337 497 18 18 A
362 499 168 18 mezz'alburatura
535 505 5 16 ;

360 523 80 23 L’acqua
451 524 26 17 mi
485 524 48 22 ride,

338 547 26 18 Mi
374 549 42 18 ride
426 549 19 17 la
456 550 73 21 natura,

338 572 16 18 U
362 573 124 19 lirmamentu
494 579 11 13 e
513 575 14 17 li
536 575 50 18 stelli

338 597 25 18 Sô
372 599 49 17 Lutta
429 599 19 17 la
456 599 38 18 miô
502 601 89 20 primura.

361 643 45 18 L’ali
408 645 22 17 lu
440 649 62 18 passa,

338 668 18 17 A
361 668 65 19 fresca
433 671 127 21 tramuntana,

361 694 16 17 U
385 695 106 18 mormuriu

339 718 65 23 D’ogni
412 724 48 14 voce
468 721 78 18 luntana

339 743 73 20 Facenu
421 745 52 18 batte
481 750 13 13 u
503 747 38 17 miô
550 747 53 21 pettu

328 768 58 19 Gume
391 775 26 13 un
421 770 78 18 chioccu
505 771 19 18 di
529 775 95 18 campana.

362 815 80 21 Quandu
450 817 22 16 lu
480 817 40 17 sole

339 840 81 19 Aüace’a
426 841 112 23 l’orizzonte,

360 867 137 18 Alluminendu

338 891 90 19 L’alburu
436 892 19 18 di
463 893 20 17 lu
492 894 71 19 monte,

316 916 26 17 Mi
350 918 58 17 mette
415 922 40 13 una
462 919 43 17 luce
512 918 21 18 in
539 918 75 23 l’occhj.

341 942 176 23 Appensetendumi
527 949 12 12 a
546 943 68 19 fronte.

362 993 65 18 Tandu
435 992 27 18 mi
470 998 45 18 pare

314 1031 4 3 .
339 1018 22 17 Di
369 1019 55 17 sente
430 1018 118 19 un’armonia

361 1043 55 19 Sorta
424 1044 24 17 da
455 1044 55 18 tuttu

340 1067 33 20 Chi
382 1069 80 23 segueta
469 1074 38 13 una
514 1070 33 18 via
553 1074 5 13 :

339 1094 63 18 Tandu
411 1098 57 19 passa
473 1094 21 18 in
498 1095 21 17 lu
526 1095 38 17 miô
571 1099 44 14 core

339 1119 29 18 Un
375 1120 59 18 solliu
445 1120 20 18 di
476 1121 71 21 puesia.

361 1166 53 19 Ancu
424 1166 70 18 l’amici

339 1191 35 18 Chi
381 1196 71 14 amanu
460 1192 20 17 di
487 1196 49 18 core,

362 1217 83 18 L’anime
453 1222 47 17 pure

339 1242 61 18 Gh’un
408 1243 78 17 temenu
497 1243 72 20 dulore,

339 1267 57 18 Tuttu
404 1268 31 18 ciô
443 1268 31 17 chi
482 1267 85 19 mostr’in
574 1268 52 17 tuttu

338 1292 30 18 Un
375 1293 70 22 spxritu
456 1293 102 21 snperiore.

439 1328 28 19 A.
477 1329 27 18 de
512 1329 92 19 Peretti.

345 1432 30 24 A
386 1432 117 25 Divota
514 1431 87 26 Faoli

341 1503 14 18 O
364 1503 61 21 Musa,
435 1502 32 23 qui
469 1503 29 18 stà
507 1502 70 19 matina

340 1529 22 18 Ti
369 1529 43 18 devi
422 1528 44 18 fatti
474 1533 38 13 una
519 1529 66 20 trotta;

339 1554 26 18 Ni
371 1555 45 18 devi
427 1555 55 21 parta
488 1559 35 17 par
529 1553 54 19 Corti

340 1580 18 18 A
366 1579 92 19 Salutami
467 1584 11 14 a
486 1580 67 18 Divota
559 1584 5 17 ;

340 1605 16 18 E
363 1610 34 18 per
403 1609 44 15 essa
454 1606 33 22 più
495 1606 65 18 sicuru

340 1631 23 18 Ti
370 1631 92 23 daraghiu
468 1632 51 17 tuttu
524 1631 21 18 in
553 1632 51 16 nota.

340 1689 77 19 Ascolta
425 1688 31 19 ciò
464 1689 47 18 ch’é’
519 1689 16 18 ti
543 1688 50 22 dieu,

341 1715 41 18 Nun
390 1715 20 18 là
418 1714 62 19 micca
487 1715 19 17 la
513 1714 74 22 rilrosa,

340 1740 87 19 Mostratx
434 1740 121 22 pulitamenti
559 1745 5 12 :

341 1765 42 19 Cori
391 1766 66 23 aparla
465 1770 11 14 e
484 1769 96 20 generosa,

339 1792 54 18 Ancu
401 1791 62 24 prima
471 1791 19 18 di
499 1791 26 19 sti
531 1791 50 23 jorni

340 1817 26 18 La
373 1818 59 17 duvia
437 1817 37 18 avè
481 1817 79 23 risposa.

340 1874 65 23 Sopr’a
412 1875 20 18 la
439 1873 87 19 Barrella
533 1872 68 23 Misgia

340 1900 49 18 M’ha
392 1900 95 18 chiamalu
491 1898 135 24 qualchivolta;

339 1924 126 20 D’unn’avelli
473 1925 66 18 scrittn
549 1924 66 22 prima,

339 1951 93 18 Anch’ein
440 1951 19 17 la
467 1951 56 17 trovu
531 1950 62 18 stolta.

340 1977 52 17 Dicia
397 1981 5 13 :
410 1976 15 18 11
435 1975 131 23 scrivaraghîu

340 2002 52 22 Dopu
400 2002 48 18 fatta
456 2001 19 18 la
483 2001 86 19 raccolta.

339 2060 37 22 Ma,
380 2060 48 18 d’un
433 2059 95 23 rlspond’a
534 2057 71 19 l’amici

340 2085 25 19 Sò
372 2085 60 18 affari-
436 2086 69 21 troppu
512 2083 59 19 hrutti
575 2088 5 17 ;

340 2111 34 18 Vai
382 2110 130 19 direttamenti
520 2110 22 17 ad
551 2109 36 18 ella

339 2136 15 19 E
362 2137 45 18 dalli
414 2137 50 17 tantx
472 2136 63 18 saluti.

341 2162 60 22 Speru
410 2161 40 22 chi,
456 2161 55 21 iorsi,
519 2166 11 12 a
536 2161 21 17 la
565 2159 58 19 Santa

339 2187 23 19 Gi
368 2189 112 17 truveremu
486 2191 39 14 cun
531 2185 54 19 tutti.

339 2246 17 18 A
364 2245 66 18 mancà
442 2245 65 22 quistu
515 2247 98 18 cuncorsu,

338 2271 93 19 Anch’eiu
437 2270 18 18 ci
459 2274 64 19 vengu
530 2274 11 13 a
546 2269 57 18 duru.

339 2297 24 18 Di
369 2296 66 20 vedaci
445 2300 48 14 ancu
501 2297 30 17 sta
540 2295 52 18 volta

338 2322 31 18 Un
377 2327 48 18 sogu
434 2321 59 18 micca
501 2321 68 23 sigurn
574 2325 6 16 ;

339 2347 57 19 Simai
408 2346 29 20 c’è
444 2345 136 24 impedimenti,

339 2373 45 18 Sarà
392 2378 34 18 per
434 2372 65 18 l’annu
506 2373 90 17 venturu.

338 2433 73 19 Diciarè
419 2433 69 18 eh’ella
495 2432 27 18 mi
530 2432 50 19 scusi

340 2458 144 22 Senunn’aghiu
488 2458 68 18 serittu
559 2457 66 22 prima.

338 2484 55 23 Aghj’
401 2483 60 19 avutix
472 2488 48 17 pocu
528 2484 65 21 tempu

338 2513 22 18 Di
369 2512 125 19 cunlidammi
501 2516 11 14 a
518 2512 18 17 la
544 2511 49 19 rima

338 2538 31 18 Ma
375 2543 40 13 nun
427 2537 27 18 mi
463 2537 73 18 eridarà
544 2537 37 18 mai

316 2563 76 22 Quantu
400 2568 9 13 a
416 2565 60 20 tengu
482 2562 20 18 in
512 2563 48 17 bona
569 2561 57 19 stima

339 2622 37 18 Par
384 2622 19 18 là
410 2622 20 18 la
439 2626 21 13 so
469 2626 116 14 cunuscenza

339 2647 24 18 Ni
370 2646 75 19 vinaria
453 2648 53 17 anc’a
514 2648 50 20 belu,

339 2673 37 18 Par
380 2672 59 23 piglià
444 2672 50 22 parti
499 2677 12 13 a
516 2677 13 13 u
534 2676 92 15 cuncorsu

340 2698 24 18 Di
370 2698 19 18 la
397 2698 59 18 Santa
464 2698 21 18 di
491 2698 63 18 Niolu.

339 2724 97 18 Anch’ella
447 2724 49 17 sarîa
504 2724 90 17 cuntenta

340 2749 24 18 Di
372 2751 54 16 senta
434 2749 22 17 lu
461 2748 116 24 Russignolu

672 476 28 18 Mi
707 478 99 19 salutareti
814 484 11 12 a
833 479 47 18 tutti

674 501 23 17 In
705 506 44 14 casu
759 505 35 17 che
802 509 40 12 nun
851 504 18 18 ci
877 505 36 18 sia.

672 525 35 18 Chi
714 528 20 17 la
741 530 65 17 vostra
813 530 50 17 bella
871 530 48 18 lesta

672 551 27 17 La
707 554 85 19 passil’in
800 554 75 21 alligria

651 576 42 18 Cun
697 576 56 19 Petru
759 579 61 17 Rocca
827 583 11 13 e
844 578 115 19 Ghiannetlu

673 601 14 18 E
696 602 49 18 lutta
752 603 20 18 la
779 604 118 22 cumpagnia.

672 652 23 18 Di
703 652 58 23 piglià
772 653 46 18 tutti
826 658 33 17 par
867 658 57 14 nomu

662 688 3 3 •
673 677 53 19 Sarîa
734 680 51 17 statu
793 679 93 18 cuntenti.

673 703 153 19 Abbraccetimili
833 705 53 21 tutti,

673 728 43 18 Nun
725 734 56 17 possu
790 729 20 18 là
818 729 95 18 dillarenti
918 734 6 17 ;

673 754 67 18 Mancu
750 759 58 17 possu
817 758 42 14 essa
866 754 91 18 ’nduvinu

672 779 24 17 Di
704 780 54 21 quilli
769 780 32 17 chi
809 780 21 17 sô
838 779 86 22 prisenli.

719 812 27 18 G.
756 812 25 19 P.
790 811 146 20 Codaccionî.

703 910 80 24 Lettera
798 910 110 30 dTHqeria

673 971 15 18 A
695 971 9 18 i
708 970 98 25 cumpagni
813 970 145 24 impruvisadori.

674 1008 76 18 Currite
757 1007 53 22 tutti,
820 1012 11 14 o
839 1008 78 22 fratelli,

673 1034 18 17 A
698 1034 18 18 la
724 1034 58 18 Santa
789 1033 21 19 di
817 1033 62 21 Niolu,

674 1058 36 19 Chi
716 1059 16 18 li
740 1058 90 20 canterini
838 1058 55 18 acelli

673 1085 55 18 Hanu
736 1086 23 17 da
767 1089 10 14 s
778 1084 55 19 tende
840 1084 22 17 lu
869 1084 46 17 volu
919 1083 5 17 !

674 1110 97 18 Senterete
775 1115 27 13 un
810 1109 53 18 dolce
868 1110 62 19 cantu,

673 1135 49 18 Ghïà
730 1136 30 18 chi
769 1136 18 18 ci
794 1135 60 18 tenite
866 1135 59 17 tantu.

674 1187 59 18 Cirnu
740 1188 21 17 vi
768 1186 83 20 vurrebe
858 1185 35 18 avè

674 1213 116 18 Tutt’accolti
799 1217 11 12 a
817 1212 20 17 lu
846 1212 27 17 so’
878 1212 47 17 latu.

674 1238 26 18 Or
707 1238 54 18 lateli
769 1239 40 17 ’ssu
817 1237 53 21 piacè

674 1264 58 17 Postu
737 1264 67 17 cb’ella
808 1262 45 17 v’ha
857 1261 100 18 chiamatu.

673 1288 114 22 Rispundite
793 1291 12 13 a
812 1287 20 16 la
839 1290 21 13 so
868 1285 79 20 chiama,

675 1312 41 22 Chi,
720 1312 22 18 di
747 1312 32 18 voi
784 1312 12 18 è
800 1311 52 18 forse
859 1311 21 17 in
888 1310 70 18 brama.

674 1365 27 17 Da
707 1364 53 18 l’altu
771 1362 150 23 impruvisadore

673 1391 17 17 A
697 1390 21 18 lu
726 1390 57 22 pueta
790 1393 96 16 mezzanu,

674 1415 73 19 Cullate
754 1419 56 15 senza
818 1414 73 21 timoré,

674 1441 71 18 Strinta
753 1441 20 18 vi
781 1440 44 19 serà
832 1440 19 17 la
858 1444 57 13 manu

674 1466 54 19 Sottu
736 1467 19 17 la
761 1470 55 14 corsa
822 1465 96 21 bandiera,

674 1492 115 18 Ornamentu
796 1491 20 18 di
823 1492 20 17 la
850 1491 54 18 liera.

673 1544 131 23 Pampasgiolu
815 1544 20 17 et
842 1542 94 20 Minicale,

673 1570 57 18 Leoni
742 1574 10 14 e
759 1569 63 19 i’Orsu
834 1568 91 21 d’Orezza,

674 1596 51 18 Tutti
734 1600 37 14 cun
779 1595 108 18 dilicatezza

674 1621 15 18 E
697 1626 38 14 cun
742 1626 47 13 voce
796 1620 86 19 naturale

674 1647 73 18 Feranu
755 1647 19 18 di
782 1647 21 18 lu
811 1650 93 14 cuncorsu

674 1672 41 19 Una
721 1673 50 17 lesta
778 1677 12 12 a
796 1672 51 18 l’usu
856 1675 61 14 corsa.

673 1724 31 18 .Un
712 1724 21 18 sô
742 1724 17 18 si
766 1724 22 18 lu
795 1723 92 19 zitellettu

675 1749 34 19 Chi
716 1750 78 18 cantede
799 1749 66 18 l’annu
873 1752 65 15 scorsu

675 1774 27 19 Cu
710 1775 20 18 lu
739 1779 21 14 so
768 1775 58 18 cantu
836 1774 68 18 dilettu

674 1800 46 19 Serà
727 1801 33 22 più
769 1805 47 14 cane
826 1800 19 17 di
855 1804 70 14 morsu.

675 1826 40 18 Avà
722 1826 41 18 ch’è
771 1826 32 23 più
812 1825 120 19 heechierinu

675 1852 45 18 Ferà
728 1852 81 18 trimàlu
818 1851 86 18 cunlinu.

675 1904 15 18 U
699 1903 74 19 lamosu
784 1903 110 19 Cacciadore

675 1928 126 20 Sieuramenle
810 1929 70 18 scalatu

675 1955 21 17 Bi
704 1955 75 17 canterà
786 1955 20 17 in
815 1955 89 20 amatore,

675 1978 36 19 Chi
717 1980 19 17 di
745 1980 48 17 rima
801 1979 11 18 è
820 1979 106 22 iurtunalu,

673 2004 41 18 Una
723 2005 111 18 canzunetta
844 2004 49 18 bella

673 2030 53 18 Fatta
734 2030 23 22 pè
764 2031 20 17 la
791 2029 39 19 miô
838 2030 77 18 surella.

674 2081 36 22 Ma,
716 2082 21 18 lu
742 2082 33 22 più
781 2081 32 19 cbi
817 2081 27 18 mi
849 2081 111 24 scumpiglia

674 2106 14 18 E
695 2107 28 18 mi
730 2107 52 19 hiota
789 2108 22 17 lu
818 2108 90 21 cerhellu,

674 2127 14 23 È
695 2137 27 13 un
727 2132 51 23 pudè
783 2133 54 18 cantà
842 2137 38 14 cun
887 2133 39 18 ellu

673 2157 41 19 Una
720 2162 81 14 canzona
806 2158 21 17 in
834 2158 91 23 lamiglia.

674 2182 18 19 Si
702 2184 19 18 la
728 2185 52 17 sorte
790 2183 19 19 ci
816 2185 99 21 permette,

674 2209 14 18 A
696 2209 107 19 l’altr’annu
809 2209 17 18 si
832 2209 84 19 rimette.

674 2259 51 19 Siate
732 2261 46 18 tutti
786 2266 11 13 a
804 2260 76 23 l’onore,

673 2285 128 24 Pueti'd’ogni
812 2287 91 22 reghïone
908 2287 5 18 !

672 2311 105 23 Niuliuchi,
781 2312 21 18 in
807 2313 130 22 st’occasione,

674 2336 21 19 Bi
703 2341 105 18 cupreranu
820 2338 20 17 di
846 2338 44 19 Dori
897 2344 6 17 ;

673 2361 14 19 E
695 2363 78 22 quandu
780 2368 25 14 ne
813 2365 100 22 parterete,

673 2387 36 19 Per
717 2392 31 14 me
753 2388 14 18 li
776 2389 139 22 ringrazierete.

696 2420 131 21 Ghiuvatmi
834 2423 102 20 Olivieri.

996 162 104 50 Pour
1115 158 192 51 rHistoire
1325 156 115 49 Corse

1006 249 16 19 Il
1033 255 59 14 nous
1106 249 77 19 arrive
1191 245 87 27 parfois
1287 244 28 19 de
1330 243 123 25 reprocher
1462 233 7 36 J

983 277 199 20 affectueusement
1195 276 13 19 à
1222 280 41 14 nos
1272 271 57 21 amis
1337 272 116 20 continen-

983 310 52 16 taux
1044 309 22 17 et
1074 305 29 20 ils
1111 308 54 16 sont
1174 303 126 20 nombreux
1306 310 28 5 —
1341 300 31 19 de
1378 306 29 13 ne
1412 303 41 21 pas

983 335 117 19 connaître
1114 334 22 19 la
1145 332 80 20 Corse.
1238 330 24 20 Si
1272 331 115 29 pourtant,
1396 331 57 15 nous

983 362 94 20 faisions
1091 365 67 16 notre
1166 365 94 15 cxanxen
1275 357 28 19 de
1312 355 140 21 conscience,

983 396 27 13 en
1019 389 192 20 sortirions-nous
1219 386 102 23 exempts
1328 384 28 19 de
1364 386 48 16 tout
1419 387 35 14 re-

984 417 94 20 mords?
1092 416 62 24 Qu’il
1168 421 59 15 nous
1242 413 45 21 soit
1299 411 86 25 permis
1400 410 52 20 d’en

983 445 90 20 douter.

1009 473 122 23 Beaucoup
1146 472 90 19 d’entre
1245 474 66 16 nous,
1326 474 30 13 en
1364 466 58 22 effet,
1437 464 17 19 i-

983 502 99 21 gnorent
1090 500 13 19 à
1118 506 45 17 peu
1177 499 54 24 près
1245 499 51 18 tout
1303 494 28 21 de
1345 493 109 22 l’histoire

983 527 30 19 de
1020 530 66 17 notre
1094 533 65 18 pays-.

1008 555 141 22 Certes,tout
1157 555 21 19 le
1184 553 84 20 monde
1272 552 125 19 chez-nous
1402 553 53 16 con-

984 582 48 20 nait
1037 591 26 5 —
1068 581 30 20 oh
1104 582 6 19 !
1116 582 48 19 très
1169 577 287 24 sommairement,l'histoi-

984 615 25 14 re
1018 609 28 20 de
1054 609 119 25 Napoléon
1179 614 5 17 ;
1194 609 17 19 il
1219 608 36 20 fut
1262 615 31 12 un
1301 610 75 20 temps
1384 605 29 19 où
1420 604 34 18 les

984 637 129 20 mauvaises
1128 637 96 25 langues
1232 635 99 21 disaient
1339 639 45 19 que
1397 635 58 17 nous

984 672 59 14 nous
1051 665 159 20 considérions
1214 663 116 25 tous,plus
1334 667 31 14 ou
1372 663 82 18 moins,

985 699 88 15 comme
1081 699 37 14 ses
1126 692 94 21 cousins
1227 692 6 19 !
1243 691 56 20 Mais
1305 688 151 25 Napoléon,ce

985 722 58 19 n’est
1050 727 100 18 presque
1158 720 53 25 plus
1224 720 30 19 de
1261 717 111 21 l’histoire
1383 720 71 17 corse;

984 755 27 14 ce
1020 750 57 19 n’est
1083 749 74 20 même
1162 754 41 18 pas
1212 746 111 21 l'histoire
1327 744 28 20 de
1362 744 93 21 France;

984 777 56 19 c’est
1054 776 29 20 de
1097 775 112 21 l’histoire
1227 771 150 23 universelle.
1394 771 62 19 Nous

984 805 100 24 gardons
1091 804 73 23 aussi,
1173 802 137 22 fidèlement,
1319 800 22 20 le
1350 797 107 22 souvenir

985 832 29 20 de
1028 831 81 21 Pascal
1118 831 65 21 Paoli
1192 834 24 15 et
1222 830 22 19 la
1254 833 75 16 statue
1337 827 30 19 du
1382 831 11 10 «
1400 826 57 20 Père

985 860 28 19 de
1019 860 22 20 la
1050 859 75 20 Patrie
1131 864 11 11 »
1151 858 82 21 s’élève
1239 856 120 21 fièrement
1365 860 38 14 sur
1410 859 46 14 une

985 888 40 20 des
1034 888 80 20 Places
1124 887 29 20 de
1161 887 79 20 Corte.

1011 916 92 20 Bientôt
1110 916 84 21 même,
1202 920 30 13 on
1238 913 90 19 élèvera
1338 916 30 13 un
1377 914 80 15 monu-

985 947 64 16 ment
1056 944 13 18 à
1079 941 166 22 Sambucuccio
1254 938 121 22 d'Alando.

1010 970 181 25 MaisSampiero
1200 964 255 27 Corso,Sambucuccio,

985 999 64 19 Paoli
1063 1001 23 17 et
1100 997 119 25 Napoléon
1232 999 55 17 sont
1294 995 29 20 de
1336 992 120 21 véritables

984 1027 81 24 géants
1073 1029 24 16 et
1103 1024 154 21 l’admiration
1266 1028 45 19 que
1318 1021 46 20 l’on
1373 1019 83 25 profes-

985 1060 26 14 se
1016 1055 13 19 à
1033 1054 52 20 leur
1090 1053 70 25 égard
1165 1055 35 18 est
1206 1051 88 24 parfois
1298 1052 64 18 toute
1368 1048 90 19 décom-

985 1081 91 21 mandé-
1086 1081 17 20 Il
1113 1087 15 18 y
1133 1087 14 14 a
1153 1081 65 25 plus:
1227 1077 113 21 l’histoire
1344 1076 53 19 d’un
1403 1079 54 20 pays

985 1117 30 12 ne
1023 1112 56 22 peut
1087 1115 39 18 pas
1132 1107 113 21 consister
1251 1104 144 26 simplement
1399 1103 57 19 dans

984 1137 112 21 l’histoire
1104 1136 42 20 des
1151 1134 86 26 grands
1242 1134 105 19 hommes
1355 1137 6 13 :
1369 1131 19 19 si
1394 1136 63 14 nom-

985 1166 71 19 breux
1064 1164 125 22 soient-ils,
1204 1162 29 19 de
1246 1165 93 21 grosses
1364 1159 92 19 lacunes

985 1194 137 20 subsistent.

1010 1221 125 20 Connaître
1143 1217 111 22 l’histoire
1262 1216 52 20 d’un
1325 1220 63 19 pays,
1394 1220 13 13 c
1415 1216 41 19 est,

985 1255 29 14 en
1023 1251 118 22 appuyant
1146 1252 41 15 sur
1195 1245 41 20 des
1244 1243 102 20 données
1355 1241 103 20 relative-

985 1280 63 15 ment
1062 1278 99 18 exactes,
1176 1271 154 22 reconstituer
1338 1270 22 19 le
1375 1269 50 23 plus
1433 1267 25 20 fi-

985 1303 114 20 dèlement
1104 1300 126 26 possiblela
1236 1299 37 20 vie
1278 1299 30 19 de
1312 1303 27 14 ce
1343 1296 115 25 paysdans

984 1331 22 21 le
1018 1331 73 25 passé,
1100 1336 37 15 ses
1148 1328 111 26 origines,
1267 1333 37 14 ses
1317 1331 92 17 moeurs,
1421 1329 37 15 ses

985 1360 51 20 lois.
1047 1359 31 21 Le
1091 1358 63 22 culte,
1160 1358 42 20 des
1209 1355 86 26 grands
1302 1353 102 21 hommes
1411 1351 47 21 doit

985 1394 25 14 se
1018 1387 126 25 compléter
1156 1386 54 20 d’un
1219 1385 92 19 contact
1318 1381 73 20 direct
1403 1385 55 15 avec

985 1422 42 15 nos
1049 1416 114 21 ancêtres,
1181 1419 56 14 avec
1255 1412 51 20 leur
1327 1409 130 22 sentiment,

986 1445 62 20 leurs
1054 1443 62 21 idées
1122 1446 23 17 et
1153 1443 62 20 leurs
1220 1437 139 28 aspirations
1365 1445 7 17 ;
1380 1437 15 20 il
1401 1441 57 16 nous

985 1473 49 20 faut
1046 1472 97 21 assister
1151 1472 13 19 à
1177 1470 62 21 leurs
1251 1469 115 25 généreux
1382 1465 77 20 efforts

986 1508 57 18 pour
1050 1506 126 15 conserver
1184 1499 50 19 leur
1242 1495 81 23 liberté
1329 1498 22 17 et
1360 1494 62 20 vivre
1429 1492 29 20 de

985 1531 52 19 leur
1046 1529 37 20 vie
1089 1527 143 27 journalière
1240 1526 64 22 faite,
1312 1523 23 20 le
1343 1523 51 26 plus
1408 1527 50 14 sou-

987 1563 62 19 vent,
1058 1558 29 19 de
1094 1558 73 20 luttes
1175 1559 23 17 et
1207 1555 28 20 de
1244 1553 141 22 souffrances
1398 1550 60 20 Pour

987 1593 58 14 nous
1060 1585 93 24 Corses,
1167 1584 121 21 connaître
1304 1579 110 23 l’histoire
1430 1577 29 20 de

986 1619 66 17 notre
1060 1614 31 20 île
1099 1612 122 22 c’est-faire
1228 1616 80 15 oeuvre
1317 1608 110 20 d’amour.

1011 1644 189 24 Là,pourtant,ne
1208 1646 25 14 se
1241 1639 72 21 borne
1322 1637 65 25 point
1394 1638 65 17 notre

986 1672 80 20 devoir
1072 1678 7 13 :
1085 1671 101 20 d’autres
1197 1669 112 19 viennent
1317 1665 67 26 après
1392 1669 65 16 nous,

986 1700 49 25 qui,
1045 1706 30 14 un
1088 1699 63 25 jour,
1160 1703 61 15 nous
1230 1696 175 24 remplaceront.
1417 1692 42 20 Cet

986 1734 81 15 amour
1079 1728 30 19 de
1123 1727 22 20 la
1154 1725 77 21 Patrie
1239 1730 45 19 que
1296 1728 58 15 nous
1366 1724 92 23 portons

986 1763 28 14 en
1025 1755 150 24 nous-même,
1181 1754 15 20 il
1202 1753 50 21 faut
1257 1753 22 20 le
1284 1753 50 20 leur
1341 1752 118 18 transmet-

986 1789 46 20 tre;
1042 1789 60 16 nous
1111 1784 98 19 devons,
1218 1782 130 20 autrement
1356 1778 40 23 dit,
1410 1778 49 19 leur

986 1812 58 22 faire
1052 1812 130 25 apprendre
1190 1809 112 21 l’histoire
1310 1813 73 15 corse.

1012 1841 45 21 Nos
1073 1839 94 21 enfants
1182 1840 145 23 apprennent
1342 1842 29 13 en
1386 1835 73 20 classe

986 1869 112 21 l’histoire
1106 1868 114 21 romaine,
1229 1872 68 20 parce
1305 1870 45 20 que
1359 1864 21 19 la
1388 1863 71 20 Grèce

986 1902 23 16 et
1015 1898 71 20 Rome
1095 1902 61 15 nous
1164 1898 41 18 ont
1213 1895 77 20 donné
1298 1894 50 20 leur
1363 1891 96 21 civilisa-

985 1926 49 20 tion
1040 1933 8 17 ;
1070 1925 29 20 ils
1121 1927 148 23 apprennent
1295 1921 108 22 l’histoire
1429 1919 29 20 de

987 1954 93 21 France,
1088 1959 69 19 parce
1165 1958 46 20 que
1219 1952 21 20 la
1247 1951 71 21 Corse
1327 1947 132 25 estfrançai-

986 1988 25 14 se
1027 1989 7 17 ;
1041 1981 60 21 mais
1117 1980 114 25 pourquoi
1250 1977 210 26 n’apprendraxent-

985 2010 29 20 ils
1039 2015 41 19 pas
1105 2008 62 21 aussi
1185 2007 117 20 l’histoire
1311 2005 84 20 corse?

1011 2038 31 20 Le
1051 2037 50 25 pire
1107 2040 96 22 outrage
1212 2042 46 18 que
1266 2035 44 21 l’on
1317 2033 77 26 puisse
1400 2038 59 14 com-

986 2070 81 16 mettre
1070 2071 29 14 en
1101 2061 357 24 verslesmortsestdelesoublier

986 2098 22 16 et
1014 2094 21 20 la
1041 2093 61 26 piété
1109 2092 71 21 filiale
1190 2095 53 17 veut
1251 2098 46 19 que
1304 2096 59 16 nous
1371 2094 88 15 conser-

986 2123 69 20 vions
1062 2121 22 20 la
1093 2122 109 19 mémoire
1211 2121 27 19 de
1247 2126 44 14 nos
1306 2119 111 21 ancêtres.

1011 2150 31 21 La
1057 2150 102 24 Bruyère
1167 2156 13 13 a
1195 2155 31 18 pu
1235 2154 26 14 se
1269 2153 97 19 moquer
1379 2146 28 20 de
1420 2151 37 15 ses

985 2177 193 25 comtemporains
1187 2177 39 24 qui
1233 2175 148 26 possédaient
1384 2175 13 19 à
1403 2173 53 21 fond

985 2206 114 22 l'histoire
1107 2206 41 21 des
1156 2205 90 21 vieilles
1255 2203 118 26 dynasties
1380 2202 78 26 d’Eg3r-

987 2239 38 20 pte
1032 2240 23 16 et
1063 2235 132 25 ignoraient
1208 2233 113 20 l’histoire
1330 2232 28 20 de
1372 2231 86 21 France

985 2270 30 14 au
1023 2263 66 26 point
1094 2263 29 20 de
1132 2263 75 20 croire
1217 2261 71 21 Henri
1298 2260 30 21 IV
1333 2259 37 21 fils
1378 2259 80 21 d’Hen-

985 2292 19 20 ri
1014 2292 40 20 III.
1072 2291 32 20 Le
1111 2290 116 27 spectacle
1240 2288 84 22 n’est-il
1342 2294 41 19 pas
1395 2286 61 22 aussi

986 2320 118 25 affligeant
1119 2318 119 21 d’écoliers
1254 2317 40 26 qui
1309 2317 94 20 récitent
1417 2316 41 20 im-

985 2347 211 27 perturbablement
1213 2347 22 20 la
1252 2346 54 20 liste
1321 2345 41 20 des
1383 2349 74 19 empe-

985 2382 66 15 reurs
1064 2375 106 21 d’Orient
1177 2378 24 17 et
1214 2374 101 21 seraient
1327 2372 129 26 incapables

984 2405 19 20 si
1013 2411 30 14 on
1058 2403 51 21 leur
1125 2403 135 21 demandait
1268 2403 29 19 de
1313 2402 103 20 résumer
1421 2401 35 20 les

984 2433 69 20 luttes
1062 2432 41 20 des
1117 2431 85 22 Corses
1210 2434 80 17 contre
1307 2430 75 20 Gênes
1390 2436 29 13 ou
1431 2429 24 20 la

984 2461 152 20 constitution
1145 2460 29 21 de
1184 2459 82 21 Paoli?

1007 2489 19 20 Il
1034 2488 51 21 faut
1093 2488 129 23 donc,dans
1228 2493 43 15 nos
1276 2486 179 21 établissements

983 2517 147 21 secondaires
1148 2520 23 16 et
1187 2515 127 25 primaires,
1337 2514 56 21 faire
1410 2520 45 15 une

983 2546 72 24 place,
1064 2545 19 20 si
1093 2545 72 24 petite
1173 2543 107 24 soit-elle,
1286 2544 15 20 à
1308 2542 109 21 l’histoire
1424 2543 32 20 lo-

983 2574 49 20 cale
1038 2581 6 13 :
1053 2579 27 14 ce
1088 2579 30 14 ne
1126 2579 51 14 sera
1187 2578 41 18 pas
1236 2578 59 19 pour
1302 2572 35 20 les
1345 2571 75 20 élèves
1424 2576 30 15 un

983 2601 98 21 surcroît
1086 2601 29 20 de
1120 2599 89 24 travail,
1214 2606 47 14 une
1267 2598 121 26 surcharge
1394 2599 62 25 ajou-

983 2630 34 20 tée
1023 2630 13 19 à
1041 2630 41 20 des
1087 2634 157 19 programmes
1251 2627 52 25 déjà
1311 2626 51 21 bien
1369 2627 84 21 lourds,

983 2658 56 20 mais
1053 2663 30 15 un
1099 2657 175 25 enseignement
1286 2658 120 22 attrayant,
1422 2654 33 21 vi-

983 2689 53 17 vant
1041 2688 23 18 et
1070 2684 28 21 de
1107 2685 22 20 la
1138 2685 52 25 plus
1199 2684 70 20 haute
1274 2685 80 19 valeur
1361 2683 91 20 morale.

1359 2714 24 21 J.
1393 2713 29 22 L.

1004 2744 43 25 (Le
1055 2744 91 21 Pascal
1151 2742 81 26 Paoli)

1595 151 237 32 GIURNALI

1483 219 129 26 Paragone

1554 260 131 22 L'Allemagne
1698 264 11 12 a
1719 258 48 18 volé,
1776 259 36 17 elle
1825 257 59 18 aussi.
1893 257 18 17 Ja
1925 255 26 19 loi

1483 286 21 17 le
1514 286 43 17 huit
1564 285 74 20 heures,
1649 284 49 18 mais
1706 284 37 17 elle
1751 284 26 17 l:a
1784 282 99 24 appliquée
1896 281 55 18 diffé-

1483 311 96 20 remment,
1588 315 33 17 par
1628 308 134 24 corporations,
1771 309 21 17 et
1798 313 25 13 au
1831 307 33 22 gré
1876 308 33 17 des
1921 307 30 17 be-

1483 335 48 18 soins
1545 335 109 18 nationaux.
1669 334 40 18 Elle
1716 339 11 12 a
1742 339 61 13 meme
1817 338 22 12 su
1854 333 66 22 exiger
1932 332 19 18 Je

1483 360 86 18 maintien
1578 360 24 17 de
1609 360 20 17 la
1638 360 27 18 loi
1673 360 24 17 de
1708 359 33 17 dix
1749 359 76 21 heures,
1833 358 51 17 aussi
1898 358 53 21 long-

1483 386 57 21 temps
1547 389 37 19 que
1595 385 40 18 cela
1643 390 11 12 a
1665 389 47 18 paru
1723 384 106 18 nécéssaife
1837 383 11 17 à
1861 388 34 13 son
1903 381 48 19 relè-

1483 412 74 16 vement
1563 410 129 22 économique-
1700 408 133 23 Aujourd’hui,
1839 412 22 13 sa
1865 406 86 19 monnaie

1483 436 27 16 est
1520 435 89 21 assainie,
1625 440 34 13 son
1671 435 53 17 mark
1739 435 47 17 vaut
1794 434 31 18 six
1839 433 63 18 Irancs
1916 437 35 17 pa-

1483 460 59 21 pier...

1502 494 23 4 —
1530 485 41 18 Elle
1582 490 11 12 a
1601 485 47 22 payé
1656 486 41 17 cela
1710 485 57 17 d’une
1774 483 110 23 magistrale
1893 481 58 20 failli-

1483 511 39 16 te...

1502 544 23 3 —
1532 534 38 18 Oui
1575 539 6 16 ;
1590 535 19 17 la
1616 535 57 18 nôtre
1677 535 30 18 est
1715 534 62 18 moins
1782 533 116 22 magistrale,
1904 531 47 19 mais

1483 560 44 17 c’est
1531 563 39 14 une
1576 559 70 18 faillite
1652 560 42 17 tout
1698 559 24 18 de
1726 559 67 18 même:
1799 559 67 22 perdre
1869 558 30 17 les
1904 556 48 19 trois

1483 585 69 20 quarts,
1562 588 25 13 ou
1595 584 28 18 les
1631 584 44 22 cinq
1687 584 95 21 sixièmes,
1791 588 25 13 ou
1826 584 29 17 les
1865 583 47 17 neul
1925 581 28 18 di-

1483 608 70 18 xièmes
1563 609 25 17 de
1592 613 36 14 son
1638 609 68 22 capital
1711 618 23 4 —
1739 610 20 17 et
1770 609 75 17 surtout
1850 608 26 17 du
1883 606 69 24 capital

1483 634 21 17 de
1509 638 35 14 vos
1552 633 107 19 créanciers
1664 643 23 4 —-
1695 634 45 18 c’est
1748 634 48 18 laire
1803 633 74 18 faillite.
1889 632 63 19 Seule-

1483 660 162 21 ment,nous,nous
1651 663 81 14 sommes
1737 664 68 13 encore
1809 659 46 17 dans
1860 659 18 17 le
1882 658 70 23 pétrin,

1483 684 18 17 et
1508 688 49 14 nous
1569 689 13 17 y
1589 685 96 17 resterons
1693 684 52 18 aussi
1755 685 107 21 longtemps
1869 688 37 17 que
1918 686 35 15 nos

1483 709 153 20 parlementaires
1649 714 25 13 ne
1686 709 123 18 reviendront
1825 713 33 17 pas
1871 713 34 13 sur
1924 709 29 17 les

1483 733 59 23 gaffes
1550 734 58 22 qu’ils
1616 736 34 16 ont
1657 734 123 18 commises...

1503 768 23 4 —
1531 759 47 18 Mais
1586 764 37 13 une
1630 760 64 17 bonne
1698 759 26 17 loi
1730 763 34 14 sur
1771 760 19 17 la
1794 759 116 22 spéculation
1915 757 39 19 illi-

1483 783 56 18 cite...

1504 818 23 3 —
1531 808 48 18 Sans
1584 810 63 21 doute,
1651 813 44 14 sans
1700 809 78 19 doute...
1786 809 112 21 Seulement,
1905 812 49 14 mes-

1483 833 61 19 sieurs
1552 834 31 18 les
1596 834 79 22 députés
1682 834 43 17 n’en
1732 835 80 17 veulent
1819 838 34 17 pas
1864 834 90 17 entendre

1483 859 68 20 parler.
1561 858 29 21 Et,
1600 863 48 18 pour
1653 858 103 23 équilibrer
1764 863 22 14 ce
1796 859 71 22 budget
1877 859 34 18 des
1919 859 35 18 Da-

1483 884 63 17 naïdes
1563 884 61 21 qu’est
1637 885 19 17 le
1670 883 59 21 nôtre,
1741 884 25 18 ils
1777 885 49 17 vont
1835 885 55 17 voler
1902 883 52 23 quel-

1483 912 46 17 ques
1537 908 86 19 millards
1634 909 88 22 d’impôts
1734 913 106 14 nouveaux.
1852 909 50 18 C’est
1911 909 42 18 tout

1483 937 22 13 ce
1512 934 46 21 qu’il
1563 938 13 17 y
1579 938 12 13 a
1599 934 24 18 de
1628 934 44 22 plus
1678 933 88 23 simple...
1776 934 52 18 Vous
1833 938 25 14 ne
1864 934 19 18 le
1888 938 66 18 croyez

1483 962 33 17 pas
1521 957 10 19 ?
1543 958 28 18 Eh
1574 958 51 22 bien,
1634 958 86 19 attendez
1727 959 70 19 l’hiver
1802 959 88 23 prochain
1894 964 5 12 :
1905 963 49 13 nous

1483 986 24 14 en
1511 983 139 22 reparlerons;..

1504 1011 89 22 (L'Eveil)

1484 1055 30 21 In
1520 1057 103 21 Alsazia

1550 1098 35 19 Cet
1592 1100 116 21 apaisement
1712 1105 24 13 on
1744 1101 19 19 le
1771 1102 101 18 cherchera
1879 1107 25 14 en
1908 1103 45 17 vain

1483 1123 18 17 si
1507 1123 20 18 le
1533 1127 152 19 gouvernement
1697 1127 88 18 continue
1799 1128 11 17 à
1817 1128 89 17 accorder
1919 1132 34 13 son

1483 1149 90 18 audience
1580 1150 13 16 à
1600 1150 34 18 des
1645 1155 125 19 personnages
1778 1153 24 17 de
1810 1152 75 19 l’acabit
1892 1154 24 17 de
1923 1154 30 17 cet

1483 1173 74 23 adjoint
1569 1178 24 13 au
1602 1175 59 19 maire
1669 1176 24 18 de
1700 1175 114 25 Strasbourg
1826 1178 38 22 qui,
1876 1183 24 13 au
1911 1182 44 15 con-

1484 1198 43 22 grès
1534 1200 24 17 de
1565 1199 19 17 la
1592 1200 58 23 Ligue
1658 1202 34 17 des
1699 1201 62 19 Droits
1769 1203 24 17 de
1800 1203 97 21 l’Homme,
1901 1203 53 19 s’élè-

1484 1227 24 13 ve
1515 1226 65 16 contre
1587 1225 20 17 le
1617 1225 71 23 régime
1696 1227 109 21 particulier
1812 1228 25 17 de
1846 1228 81 18 l’Alsace
1934 1228 20 18 et

1484 1247 90 20 demande
1582 1254 36 17 que
1623 1251 39 17 soit
1670 1251 104 22 proclamée
1782 1253 82 18 «l’unité
1872 1252 83 23 républi-

1484 1274 66 18 caine»
1562 1278 23 14 en
1593 1275 68 18 Alsace
1674 1277 20 17 et
1704 1280 23 14 en
1735 1277 89 18 Lorraine
1832 1277 4 18 !
1851 1277 64 22 Quand
1929 1282 25 14 on

1484 1299 70 18 voitM.
1559 1299 71 18 Aulard
1636 1301 91 21 soutenir,
1733 1306 38 13 aux
1775 1302 180 22 applaudissements

1485 1324 25 18 du
1521 1324 85 23 congrès,
1615 1330 38 13 une
1667 1326 76 23 pareille
1757 1328 71 18 motion
1841 1329 20 16 et
1869 1332 20 14 se
1902 1328 53 18 lever

1484 1354 48 18 pour
1539 1349 84 19 déclarer
1630 1351 67 21 «qu’ils
1702 1355 24 14 ne
1734 1352 40 17 doit
1781 1357 34 17 pas
1824 1357 12 17 y
1843 1353 54 18 avoir
1905 1354 51 17 d’ex-

1484 1376 75 22 ception
1566 1379 24 14 au
1599 1376 86 22 principe
1692 1376 24 18 de
1720 1377 69 18 l'unité
1797 1379 20 17 et
1824 1378 24 17 de
1854 1378 101 19 l’indivisi-

1484 1400 54 19 bilité
1543 1402 25 17 de
1573 1400 19 18 la
1596 1401 134 23 République»,
1736 1406 26 14 on
1770 1407 22 13 se
1799 1403 89 18 demande
1893 1404 62 22 quelle

1485 1426 117 22 expérience,
1611 1427 64 21 quelle
1687 1426 85 23 tragique
1779 1427 67 19 réalité
1853 1433 69 17 pourra
1929 1429 28 22 ja-

1486 1452 47 18 mais
1546 1451 80 19 éclairer
1633 1456 32 14 ces
1677 1452 71 21 exprits
1762 1453 24 18 de
1798 1453 157 23 métaphysiciens

1485 1477 79 23 enragés
1569 1478 65 17 contre
1641 1477 18 18 la
1670 1478 68 17 nature
1743 1478 62 19 même
1813 1478 32 18 des
1853 1479 67 18 choses
1927 1479 5 18 !

1506 1502 35 18 Ces
1549 1502 49 18 amis
1606 1503 23 17 de
1639 1503 19 17 la
1664 1503 69 18 liberté
1746 1504 116 18 deviennent
1875 1505 29 18 les
1911 1505 44 22 plus

1485 1527 75 19 affreux
1568 1528 33 17 des
1610 1528 86 23 despotes
1704 1528 33 18 dès
1745 1529 58 22 qu’on
1807 1530 39 17 met
1854 1534 24 13 en
1883 1530 73 18 discus-

1486 1554 41 18 sion
1533 1558 22 14 ce
1563 1553 56 22 qu’ils
1626 1554 97 22 appellent
1730 1554 28 18 les
1766 1554 70 23 grands
1843 1555 101 23 principes.

1507 1579 20 19 Si
1534 1580 30 18 les
1575 1579 105 22 Alsaciens,
1689 1579 63 22 ajoute
1759 1581 55 17 notre
1822 1580 134 24 confrère,pré-

1485 1605 61 19 fèrent
1556 1606 11 17 à
1574 1605 20 18 la
1602 1605 69 18 liberté
1676 1605 82 22 promise
1765 1610 35 18 par
1809 1606 20 18 la
1839 1606 116 19 Déclaration

1485 1632 33 17 des
1525 1630 60 19 droits
1599 1631 23 18 de
1630 1631 92 18 l’Homme
1731 1631 53 18 leurs
1792 1631 104 19 franchises
1907 1636 49 14 com-

1484 1657 92 21 munales,
1582 1656 40 18 s’ils
1631 1658 43 17 sont
1683 1656 43 23 plus
1733 1657 43 17 sûrs
1785 1657 26 18 du
1819 1657 86 18 bonheur
1913 1662 43 14 rou-

1484 1682 58 18 tinier
1548 1686 38 20 que
1595 1682 43 18 leur
1645 1683 90 17 assurent
1741 1682 55 18 leurs
1805 1682 76 19 vieilles
1891 1684 66 17 coutu-

1485 1712 47 18 mes,
1541 1712 37 19 que
1586 1709 24 17 de
1620 1708 80 18 l’avenir
1707 1707 80 19 brillant
1795 1709 19 17 et
1822 1708 82 23 bruyant
1914 1713 43 18 pro-

1485 1734 37 18 mis
1529 1733 162 19 fallacieusement
1698 1737 33 18 par
1742 1734 84 18 d’autres
1837 1734 119 19 institutions

1485 1764 38 14 aux
1530 1759 78 23 peuples
1615 1759 34 23 qui
1656 1759 29 18 les
1693 1759 119 23 adoptent,en
1821 1759 44 22 quoi
1870 1764 22 14 ce
1899 1760 57 18 choix

1484 1785 115 19 menace-t-ïl
1607 1785 68 18 l’unité
1682 1785 21 18 et
1709 1784 147 20 l’indivisibilité
1863 1786 24 18 de
1893 1786 20 18 la
1920 1785 36 19 Ré-

1485 1811 90 23 publique
1582 1810 108 22 française'?

1506 1840 33 18 (Le
1548 1839 81 23 Gaulois)

1484 1886 150 22 Pontenovu

1505 1928 36 18 J’ai
1546 1932 29 14 un
1582 1928 39 18 ami
1628 1928 34 23 qui
1668 1928 51 18 aime
1730 1928 97 22 beaucoup
1834 1928 19 18 la
1866 1927 64 20 Corse.
1939 1928 17 18 Il

1485 1954 32 22 n’y
1524 1959 12 13 a
1543 1955 42 17 rien
1599 1953 165 19 d’extraordinaire
1771 1955 12 17 à
1791 1954 46 21 cela,
1852 1955 43 18 tous
1909 1958 48 15 ceux

1485 1980 32 21 qui
1525 1980 47 18 l’ont
1579 1979 70 19 visitée
1656 1980 46 18 sont
1709 1980 47 17 dans
1763 1980 19 18 le
1790 1979 61 19 même
1859 1984 37 14 cas.
1905 1980 51 19 Nous

1485 2010 13 18 y
1505 2005 55 19 fîmes
1568 2009 27 14 un
1603 2009 73 19 voyage
1685 2005 102 22 ensemble,
1797 2006 113 22 parcourant
1916 2006 41 18 File

1484 2031 47 17 dans
1538 2032 44 17 tous
1590 2031 29 18 les
1626 2035 52 18 sens,
1686 2030 101 22 dégustant
1794 2031 47 18 dans
1853 2031 29 18 les
1889 2032 66 18 auber-

1485 2060 33 19 ges
1525 2061 26 13 ou
1558 2056 48 18 dans
1612 2056 30 18 les
1648 2056 72 19 fermes
1726 2056 19 18 le
1752 2056 47 23 long
1806 2057 35 17 des
1848 2058 66 17 roules
1924 2061 33 14 ces

1485 2082 85 22 produits
1584 2082 27 17 du
1618 2082 34 18 crû
1667 2085 37 19 que
1711 2081 39 19 l’on
1758 2086 24 14 ne
1797 2083 40 17 sert
1843 2082 58 22 guère
1909 2083 47 18 dans

1484 2107 28 19 les
1520 2107 70 23 grands
1597 2107 69 18 hôtels.

1506 2136 115 18 Parcourant
1627 2135 28 19 les
1668 2136 102 23 journaux,
1778 2140 45 14 mon
1837 2136 38 18 ami
1888 2137 69 18 s’éton-

1483 2161 42 19 nait
1531 2165 37 19 que
1576 2161 67 22 depuis
1652 2162 24 17 de
1684 2162 80 22 longues
1771 2161 70 19 années
1848 2162 30 18 les
1885 2163 71 18 mêmes

1484 2187 97 22 critiques,
1596 2187 29 18 les
1641 2187 72 18 mêmes
1731 2187 98 19 doléances
1846 2188 111 18 revenaient

1484 2216 45 14 sous
1536 2213 18 17 la
1562 2212 64 22 plume
1634 2213 33 18 des
1675 2212 124 23 journalistes
1806 2217 27 14 ou
1839 2217 37 18 que
1882 2214 29 17 les
1918 2213 39 18 mê-

1484 2242 40 14 mes
1531 2241 59 15 voeux
1598 2237 71 19 étaient
1678 2237 76 23 adoptés
1763 2239 48 17 dans
1818 2238 29 18 les
1859 2239 97 22 organisa-

1483 2263 50 18 tions
1540 2268 27 14 ou
1574 2265 134 21 groupements
1717 2268 70 14 corses.

1504 2294 9 11 «
1518 2289 62 21 Alors,
1595 2288 112 22 s’écria-t-il,
1722 2288 15 18 il
1750 2289 84 19 faudrait
1847 2290 60 18 croire
1918 2293 37 19 que

1483 2314 39 18 l’on
1527 2318 25 14 ne
1559 2313 38 19 lait
1603 2314 43 18 rien
1652 2318 50 19 pour
1709 2314 20 18 la
1735 2313 66 20 Corse?
1806 2315 97 22 Pourtant,
1910 2315 47 18 c’est

1483 2340 93 21 peut-être
1582 2339 20 18 le
1609 2340 130 23 département
1745 2340 20 18 le
1773 2341 44 21 plus
1825 2341 100 22 privilégié
1932 2341 24 18 de

1483 2365 75 19 France.

1502 2391 18 17 A
1527 2391 72 21 chaque
1606 2390 118 23 législature,
1733 2395 38 14 une
1778 2391 120 19 commission
1906 2396 50 14 com-

1483 2416 54 21 posée
1550 2417 25 17 de
1582 2416 106 18 nombreux
1699 2416 153 22 parlementaires
1864 2418 30 17 est
1906 2416 48 19 dési-

1483 2441 47 22 gnée
1536 2445 48 18 pour
1592 2441 107 22 s’enquérir
1707 2441 34 19 des
1748 2442 78 18 besoins
1834 2442 24 18 de
1864 2443 20 18 la
1891 2442 63 19 Corse.

1483 2466 73 23 Voyage
1564 2466 103 22 charmant,
1677 2466 93 24 discours,
1783 2468 112 22 réceptions,
1910 2469 44 20 etc.,

1483 2492 35 17 etc.

1503 2517 14 18 11
1523 2522 12 17 y
1539 2522 11 13 a
1555 2517 200 23 mieux.Egalement,à
1760 2519 73 22 chaque
1837 2518 116 23 législature,

1483 2543 16 16 la
1506 2542 149 23 représentation
1662 2543 147 23 parlementaire
1816 2548 53 14 corse
1882 2544 72 18 fournit

1483 2572 25 12 un
1515 2568 89 18 ministre
1612 2572 24 14 on
1643 2573 28 13 un
1680 2569 147 19 sous-ministre.
1834 2568 90 19 Combien
1931 2570 24 17 de

1483 2592 137 22 départements
1628 2597 25 14 en
1660 2593 44 18 font
1710 2593 82 19 autant?

1502 2617 77 23 Chaque
1584 2618 220 23 fois,également,qu’un
1812 2620 59 22 grand
1880 2620 75 17 homme

1483 2643 88 22 politique
1585 2643 42 18 voit
1643 2648 22 13 sa
1681 2643 101 19 réélection
1795 2645 102 18 incertaine
1903 2645 51 18 dans

1483 2672 30 14 son
1530 2672 52 19 pays,
1599 2669 47 18 c’est
1661 2673 46 14 vers
1729 2669 19 18 la
1762 2668 58 20 Corse
1833 2670 122 22 hospitalière

1483 2694 44 21 qu’il
1533 2694 46 18 tend
1586 2698 33 14 ses
1626 2694 52 21 bras,
1686 2695 19 17 et
1713 2694 19 18 la
1739 2694 66 23 Corse,
1812 2695 62 18 bouée
1882 2695 23 18 de
1913 2700 43 13 sau-

1483 2720 64 22 vetage
1554 2719 90 18 électoral
1652 2724 24 13 en
1682 2719 62 23 pleine
1748 2719 143 22 Méditerranée,
1896 2724 59 15 sauve

1483 2744 16 17 le
1511 2744 60 22 grand
1584 2744 76 19 homme
1674 2746 22 17 et
1708 2744 19 18 la
1740 2745 118 23 République
1867 2754 22 5 —
1897 2745 63 23 qu’ils'

1978 142 70 18 disent.

1999 164 117 21 J'observais
2124 164 24 17 du
2157 162 42 19 coin
2208 161 24 17 de
2239 160 48 18 l’oeil
2296 160 17 18 si
2321 164 94 17 personne
2428 163 24 14 ne

1977 197 49 13 nous
2033 190 88 20 écoulait.
2127 186 63 20 Daniel
2195 191 24 13 en
2225 190 21 13 ce
2252 186 61 21 temps
2318 185 134 20 d’autonomie,

1977 218 13 17 il
1999 219 31 16 est
2037 218 108 20 dangereux
2153 214 24 17 de
2185 211 63 24 parler
2256 211 35 17 des
2300 209 154 19 revendications

1976 230 45 30 d’uii
2029 246 54 19 pays.
2089 238 101 23 J’essayais
2195 237 24 17 de
2227 236 48 18 faire
2282 235 123 22 comprendre
2413 234 40 19 celà

1975 269 11 16 à
1994 273 44 13 mou
2047 266 36 19 ami
2094 265 70 22 malgré
2172 267 37 19 que
2216 262 19 22 je
2244 261 64 18 savais
2317 265 26 18 qu
2349 261 15 16 il
2373 260 78 22 pouvait

1976 294 61 21 parler
2045 291 107 20 librement,
2162 292 37 20 que
2207 287 19 22 je
2240 286 118 18 connaissais
2367 290 31 13 ses
2412 290 44 13 sen-

1978 318 77 18 timents
2072 316 44 18 bien
2132 312 89 23 français,
2238 311 98 19 renforcés
2352 316 35 17 par
2406 311 48 18 trois

1976 343 96 18 blessures
2080 345 67 17 reçues
2152 344 25 14 au
2182 342 56 15 cours
2246 338 24 17 de
2277 338 20 17 la
2304 336 90 19 dernière
2398 340 55 19 guer-

1975 374 28 12 re.

1997 394 47 21 Non,
2059 393 19 23 je
2092 396 24 14 ne
2128 390 41 19 suis
2178 389 20 19 ni
2213 388 118 22 séparatiste,
2340 387 22 18 ni
2374 388 79 17 autonor

1976 419 63 21 misle,
2054 418 48 18 mais
2115 416 19 23 je
2149 420 25 14 ne
2182 414 44 24 puis
2233 413 127 22 m’empêcher
2373 413 24 18 de
2411 413 42 17 dirè

1977 448 36 18 que
2020 443 68 23 depuis
2096 442 44 18 bien
2147 440 107 23 longtemps
2262 443 25 13 on
2295 442 25 14 ne
2328 438 75 18 devrait
2410 438 43 22 plus

1975 469 36 18 lire
2019 470 34 17 des
2061 467 77 18 articles
2145 464 79 24 remplis
2231 464 24 18 de
2260 463 102 19 doléances
2370 468 25 13 au
2403 463 51 22 sujet

1976 495 24 17 de
2006 492 160 23 l’inexploitalion
2175 492 34 17 des
2218 489 96 19 richesses
2322 489 24 18 de
2353 489 22 17 la
2388 488 64 21 Corse,

1976 520 26 17 du
2015 516 179 21 désintéressement
2202 515 34 18 des
2249 514 92 23 pouvoirs
2355 514 75 22 publics
2441 513 11 17 à

1977 549 35 13 son
2020 544 64 23 égard.

1999 570 66 21 Tenez,
2074 573 49 13 vous
2131 567 40 18 êtes
2179 568 24 17 de
2210 566 68 18 braves
2287 570 55 18 gens,
2352 569 48 14 vous
2413 569 41 14 cro-

1977 599 33 18 yez
2018 598 67 15 encore
2093 593 12 18 à
2111 591 106 20 l’efficacité
2224 590 167 23 parlementaire...
2397 596 10 10 »

1999 619 54 19 Cette
2061 619 43 21 fois,
2118 616 93 24 j’arrêtais
2219 617 34 17 net
2260 621 46 13 mon
2318 615 46 18 ami.
2372 615 16 18 11
2401 615 53 17 allait

1978 645 41 22 trop
2027 645 46 20 loin,
2082 643 55 21 mais,
2146 642 69 21 éxalté,
2223 641 15 18 il
2247 640 114 22 continuait,
2375 639 79 19 laissant

1977 670 29 18 les
2013 669 154 23 parlementaires
2176 672 23 14 en
2207 666 44 23 paix
2258 672 5 12 :

2001 701 9 10 «
2017 694 71 23 Peuple
2092 694 25 18 de
2121 693 63 21 héros,
2192 697 26 13 en
2224 692 50 18 lutte
2282 691 68 23 depuis
2358 690 97 23 l’antiqui-

1978 720 20 18 té
2005 721 66 17 contre
2077 719 133 22 l’oppresseur,
2219 718 21 17 lu
2248 718 42 17 n’as
2303 721 35 18 pas
2350 721 38 14 une
2399 717 54 20 ville,

1978 750 26 13 un
2016 746 78 21 village,
2109 749 26 13 un
2143 744 80 18 hameau
2231 743 25 17 où
2271 743 18 17 le
2297 747 48 16 sang
2352 742 35 18 des
2399 741 56 19 victi-

1977 775 41 13 mes
2025 771 48 18 n’ait
2079 770 62 18 coulé.
2150 770 30 17 Un
2188 768 84 22 exemple
2280 769 56 17 entre
2343 767 53 18 mille
2402 772 6 13 :

2000 795 101 19 L’histoire
2108 796 51 21 parie
2166 795 34 18 des
2208 793 102 22 bourgeois
2318 793 24 17 de
2350 792 68 22 Calais,
2430 797 24 13 au

1978 822 55 21 geste
2040 821 97 22 héroïque,
2143 820 49 18 mais
2200 819 37 18 elle
2244 823 25 13 ne
2274 819 53 22 parle
2335 822 34 18 pas
2374 818 24 18 de
2406 821 48 15 ceux

1979 845 81 19 d’Oletta
2068 846 32 21 où,
2109 850 33 13 sur
2150 845 89 22 quatorze
2247 844 93 22 patriotes
2348 847 72 18 corses,
2425 843 30 18 in-

1978 872 85 21 nocents,
2072 870 71 18 arrêtés
2151 875 35 13 sur
2193 874 28 13 un
2228 869 46 18 faux
2281 868 61 21 bruit,
2352 869 43 21 sept
2403 868 52 18 subi-

1978 897 44 17 rent
2028 896 19 18 le
2056 895 85 22 supplice
2149 896 24 17 de
2180 896 19 17 la
2207 899 53 17 roue,
2270 894 26 18 où
2304 895 15 17 il
2327 893 31 18 fut
2366 894 87 20 interdit,

1979 925 46 14 sous
2033 922 57 21 peine
2097 921 24 17 de
2125 922 57 21 mort,
2191 920 24 17 de
2223 920 49 18 faire
2277 920 35 18 des
2319 919 76 22 prières
2404 921 20 16 et
2430 919 24 17 de

1978 946 43 18 leur
2029 947 74 17 donner
2111 950 38 14 une
2157 945 106 23 sépulture.
2271 951 9 11 »

1999 971 109 21 J’écoutais,
2117 971 80 21 accablé,
2212 971 77 17 n’osant
2296 971 44 22 plus
2354 969 102 19 interrom-

1978 1001 40 17 pre.
2024 997 44 17 Mon
2076 997 38 17 ami
2122 997 40 17 s’en
2170 997 84 22 aperçut.
2259 997 24 17 Je
2289 997 30 17 lui
2327 995 30 18 dis
2366 995 89 18 trouvant

1978 1026 26 13 un
2012 1022 87 21 prétexte
2106 1026 6 13 :
2119 1027 9 11 «
2136 1021 35 19 Ces
2185 1022 77 18 lourdes
2275 1021 90 23 journées
2379 1022 23 17 de
2412 1021 43 22 juin

1979 1048 44 16 sont
2030 1046 125 19 accablantes.
2163 1053 10 11 »

2001 1071 47 19 Sans
2056 1073 19 17 le
2082 1072 81 22 vouloir,
2173 1073 19 22 je
2200 1072 67 18 venais
2275 1073 24 18 de
2307 1076 68 14 verser
2388 1072 67 18 l’huile

1979 1101 34 13 sur
2019 1097 20 18 le
2046 1097 39 18 feu.
2095 1097 16 18 II
2118 1098 68 18 s’écria
2192 1102 5 13 :
2206 1104 9 10 «
2221 1098 52 21 Juin,
2282 1098 43 22 juin
2333 1096 53 23 1769,
2395 1101 22 14 ce
2424 1097 32 18 fut

1978 1122 19 18 le
2004 1122 67 22 départ
2078 1127 48 17 pour
2133 1123 60 18 l’exil.
2198 1123 27 18 La
2232 1123 58 18 Corse
2295 1123 66 18 venait
2369 1122 87 18 d’inscri-

1978 1152 21 13 re
2007 1152 24 14 en
2039 1148 69 18 lettres
2116 1149 40 17 d’or
2163 1150 21 17 et
2191 1149 24 17 de
2224 1153 48 18 sang
2288 1149 20 17 la
2315 1152 49 19 page
2378 1148 18 18 la
2410 1148 43 23 plus

1979 1173 96 22 glorieuse
2088 1173 25 18 de
2126 1178 34 14 son
2173 1174 88 18 histoire.
2274 1173 62 22 Après
2350 1177 22 14 ce
2380 1174 74 17 combat

1979 1198 33 22 qui
2019 1198 61 22 égale,
2089 1199 65 18 s’il.ne
2161 1200 79 22 dépasse
2246 1204 41 17 pas,
2297 1198 50 20 celui
2355 1199 34 18 des
2396 1199 59 18 Ther-

1978 1224 92 22 mopyles,
2078 1224 19 18 le
2105 1226 59 21 grand
2172 1224 81 23 patriote
2261 1225 74 18 s’exila.

2001 1248 107 19 1769-1928.

2000 1274 28 17 En
2036 1279 22 13 ce
2066 1273 41 19 168e
2116 1275 137 21 anniversaire,
2263 1280 39 14 une
2310 1275 75 19 minute
2393 1276 25 17 de
2424 1280 31 13 re-

1979 1300 128 21 cueillement,
2113 1305 27 12 un
2148 1301 99 22 hommage
2255 1301 45 18 ému
2308 1302 11 17 à
2327 1300 61 23 Paoli,
2394 1302 12 17 à
2411 1302 44 17 tous

1979 1324 28 18 les
2015 1325 63 20 héros,
2087 1325 12 18 à
2108 1326 43 18 tous
2158 1326 30 18 les
2196 1327 89 21 martyrs,
2296 1327 11 17 à
2316 1327 43 17 tous
2368 1331 48 14 ceux
2431 1327 24 17 de

1979 1349 140 20 Ponte-Nuovo.
2128 1356 12 12 »

2290 1380 26 18 B.
2324 1380 105 18 Romani.

2001 1412 35 22 (La
2044 1412 62 23 Corse)

2006 1497 99 22 Avemu
2127 1499 74 20 avutu
2224 1504 60 22 gran
2317 1498 136 28 dispiacere

1981 1531 147 27 amparendu
2151 1537 13 16 a
2175 1533 80 20 morte
2277 1534 140 25 prematura
2428 1532 25 22 di

1982 1563 168 24 Madamicella

2051 1605 153 21 Antunietta
2219 1605 159 26 Manganelli

2007 1643 93 23 Surella
2111 1644 25 21 di
2148 1651 16 14 u
2175 1646 86 20 nostru
2272 1645 81 21 amicu
2378 1643 75 23 Ghiu-

1982 1679 75 21 vanni
2068 1677 147 29 Manganelli
2228 1685 13 15 a
2252 1685 15 15 u
2279 1679 72 27 quale
2357 1678 97 22 inàiriz-

1992 1718 69 16 zemu
2084 1717 14 16 e
2120 1715 71 19 notre
2210 1712 142 23 addulurate
2361 1713 93 21 cundu-

1980 1746 101 28 glianze.

2053 1848 139 46 Syndical
2207 1848 178 39 d’initiative

2140 1911 37 37 de
2193 1911 100 37 Bastia

1983 2001 54 23 Pour
2048 2001 19 23 la
2080 1999 97 25 Sécurité
2183 2000 42 24 des
2238 2001 83 24 Routes
2334 2007 27 17 en
2387 2002 67 23 Corse

2008 2065 35 22 Le
2053 2065 94 23 Bureau
2156 2065 31 22 du
2194 2064 113 30 Syndical
2313 2065 142 23 d’initiative

1981 2099 23 22 le
2014 2099 89 26 Bastia,
2114 2100 129 28 jusiemenl
2253 2102 55 20 ému
2321 2099 42 22 des
2381 2102 73 20 atten-

1981 2136 45 20 tats
2037 2133 41 30 qui
2088 2133 110 22 viennent
2209 2133 72 22 d’être
2293 2135 80 27 portés
2382 2134 72 29 parla

1981 2174 80 22 presse
2072 2167 76 22 locale
2159 2170 13 19 à
2180 2167 23 22 la
2213 2167 173 23 connaissance
2394 2167 30 22 de
2432 2168 23 21 la

1982 2201 146 29 population,
2140 2201 65 22 vient
2216 2201 29 21 de
2257 2200 102 30 prendre
2366 2201 24 22 la
2399 2201 57 23 déli-

1982 2235 104 22 bération
2094 2235 118 22 suivante:

2008 2268 155 23 Considérant
2181 2275 46 24 que
2249 2268 84 31 depuis
2354 2268 100 31 quelque

1982 2305 74 27 temps
2077 2302 24 23 la
2121 2302 59 23 libre
2203 2302 142 24 circulation
2362 2309 42 16 sur
2420 2303 35 22 les

1981 2340 79 19 routes
2073 2336 29 22 de
2121 2336 131 23 l’intérieur
2275 2337 30 22 de
2325 2336 49 23 Bile
2394 2337 61 22 n’est

1981 2370 53 29 plus
2044 2372 96 21 assurée
2153 2377 28 15 en
2189 2370 80 23 raison
2279 2371 30 22 de
2316 2370 90 23 bandes
2426 2371 29 22 de

1982 2405 145 22 malfaiteurs
2135 2407 47 20 très
2192 2404 178 30 probablement
2379 2407 77 20 étran-

1981 2445 53 22 gers
2048 2445 31 16 au
2090 2445 58 22 pa}?s
2157 2447 8 18 5

2006 2472 51 27 Que
2067 2478 39 16 ces
2126 2472 54 22 faits
2201 2478 87 16 encore
2309 2478 66 17 rares
2395 2473 59 22 mais

1981 2505 180 30 profondément
2183 2506 158 28 regrettables
2361 2509 94 26 portent

1979 2546 23 21 je
2008 2539 53 29 plus
2079 2545 71 23 grave
2172 2539 122 29 préjudice
2311 2545 47 16 non
2380 2540 75 22 seule-

1982 2576 64 19 ment
2053 2580 31 15 au
2098 2573 112 22 tourisme
2219 2573 60 22 mais
2291 2580 31 15 au
2343 2573 60 22 libre
2415 2574 40 21 dé-

1981 2607 164 28 veloppement
2163 2607 42 21 des
2226 2606 227 27 communications;

2007 2640 59 26 Que,
2090 2639 91 22 d’autre
2206 2642 63 26 part,
2288 2646 45 16 nos
2354 2640 99 22 stations

1981 2672 124 23 thermales
2118 2675 23 19 et
2152 2672 148 29 climatiques
2313 2673 80 22 voient
2403 2673 52 22 leur

1982 2706 79 22 saison
2075 2705 229 24 irrémédiablement
2313 2708 143 27 compromi-

1982 2746 25 16 se
2016 2747 6 16 :

14 2848 78 27 Englittirm
97 2857 20 18 di
121 2859 22 17 A
147 2858 80 19 Muvra
232 2863 50 13 —n.
287 2857 21 18 97
318 2865 21 5 —
341 2856 20 18 di
367 2862 11 12 u
382 2854 76 20 lo-8-28

25 2913 231 57 PâSÛSÂLE
289 2915 143 51 PAOLI

189 2985 67 19 OSSIA

35 3017 33 37 Ls
84 3022 81 37 Eoiia
181 3022 32 36 di
226 3022 177 36 Pôtitenmvo

14 3062 250 34 ^.CONTOCORSO
270 3068 186 27 DELSECOLO

177 3106 86 22 XVIII

210 3140 24 18 DI

80 3174 34 24 F.
128 3176 37 24 B.
181 3174 176 26 Querv&zzi

162 3286 124 30 (,Seguiio)

25 3328 45 22 "E
86 3338 13 14 a
117 3335 72 25 prête
210 3331 107 22 Stallone
336 3327 123 29 pagasteil

14 3357 56 26 P-cZZO
77 3364 12 21 ?

25 3394 114 27 "■Giusto!
149 3406 32 16 un
193 3399 42 28 po^
242 3404 46 16 con
300 3397 23 21 la
331 3396 57 21 dote
394 3395 65 21 délia

14 3424 105 31 Q°glie,un
127 3434 39 26 po’
174 3433 38 22 coi
222 3430 84 24 danari
314 3429 111 22 accattati
432 3428 26 21 in

14 3457 64 30 !r&sto,
91 3465 45 22 che
145 3467 33 22 mi
190 3468 100 20 costano
303 3469 33 15 un
347 3462 98 22 occhiO-

55 3493 134 35 Immagino
201 3500 22 21 ci
236 3499 55 22 sarà
303 3497 119 21 ricevuta.
432 3504 28 6 *—

14 3526 59 23 •!curo
82 3545 6 10 >
108 3534 42 21 nel
168 3535 121 20 contratto
312 3529 146 24 medesimo,

14 3558 62 24 lerche
96 3564 25 22 io
134 3567 93 22 sborsai
247 3567 25 21 la
290 3565 99 22 moneta
412 3561 48 22 alla

16 3592 87 27 resenza
114 3600 41 21 del
166 3602 87 20 notaro
266 3606 13 15 e
291 3598 40 23 dei
347 3596 114 22 testimo-

75 3628 63 26 Dico
153 3634 110 22 ricevuta
274 3634 25 21 di
309 3632 85 21 vostro
411 3629 50 22 fra-

14 3655 44 44 f10-
69 3672 28 6 ~~
105 3664 35 23 Eh
147 3667 6 19 !
166 3669 86 24 questa
267 3665 94 24 avrà....
375 3663 85 28 questa

14 3691 41 21 ’eve
62 3699 74 21 avere
146 3701 70 26 prete
230 3700 110 23 Stallone
347 3704 6 20 ;
367 3697 41 22 voi
423 3695 36 23 mi

14 3722 110 35 nsegnate,
134 3733 45 22 che
190 3736 85 24 questa
286 3733 110 23 ricevuta
409 3734 51 18 non

14 3752 18 21 ^
41 3757 116 35 r%uarda,
169 3777 28 5 —
208 3766 43 21 Ma
262 3773 28 16 se
297 3766 69 29 prete
374 3763 86 24 Stallo-

483 2862 30 16 ne
526 2861 49 17 non
583 2861 88 16 avesse
682 2856 23 20 la
715 2856 110 21 ricevuta
830 2855 13 21 ?
850 2861 27 15 se
884 2856 70 26 prete

483 2889 109 23 Stallone
601 2889 34 26 gli
648 2894 86 17 avesse
747 2889 97 22 truffato
856 2889 18 21 il
881 2889 75 21 dena-

483 2928 28 17 ro
519 2924 12 20 ?
541 2934 31 5 —
583 2922 84 26 O.hibò
677 2922 6 21 !
699 2923 58 27 quel
768 2924 71 20 santo
862 2922 93 22 uomo?

485 2956 65 27 Quel
566 2956 82 28 degno
660 2957 169 21 ecclesiastico
836 2954 120 23 ?—Cer-

483 2992 26 20 to
527 2992 22 20 la
562 2990 169 27 supposizione
749 2992 69 20 sente
830 2989 39 22 del
879 2991 78 20 teme-

484 3024 139 26 rario;pure
634 3025 92 26 sapete,
735 3029 63 17 anco
810 3023 8 21 i
831 3023 125 27 santipec-

485 3062 90 17 carono
582 3063 8 20 ;
607 3057 30 21 ad
648 3057 58 28 ogni
724 3057 75 22 modo
811 3057 21 20 si
850 3055 106 28 procédé

486 3098 44 21 per
540 3090 41 22 via
591 3091 26 21 di
634 3090 174 28 supposizione
819 3096 6 15 :
846 3089 111 28 immagi-

485 3125 83 21 niamo
580 3124 98 27 dunque
698 3123 45 22 che
755 3124 17 21 il
784 3125 69 26 prete
870 3128 86 17 avesse

486 3158 95 22 truffato
592 3157 19 22 il
622 3158 100 24 danaro,
734 3159 85 25 sapete
829 3157 43 21 voi
881 3163 13 15 a
902 3156 55 29 quai

486 3192 105 21 cimento
601 3191 20 21 si
629 3190 102 22 sarebbe
739 3192 88 25 espoto
837 3191 120 22 costui?-—

487 3224 52 22 Che
559 3225 83 21 volete
654 3223 64 23 ch’io
736 3224 87 27 sappia
832 3223 12 21 ?
855 3235 29 4 —
899 3223 59 28 Sap-

487 3258 90 27 piatelo
589 3257 111 27 dunque;
712 3257 49 27 egli
772 3262 27 16 se
810 3261 32 16 ne
853 3256 104 22 andreb-

485 3292 30 21 be
527 3292 25 21 in
564 3291 82 27 galera
655 3291 67 26 dopo
732 3292 98 25 quattro
842 3295 15 16 o
869 3290 35 21 sei
914 3294 43 17 ore

486 3325 25 20 di
524 3329 82 23 gogna
613 3323 88 23 !—Un
710 3324 120 27 religioso
837 3323 6 20 I
853 3322 42 23 Un
901 3327 57 22 pre-

485 3360 25 19 te
519 3358 5 20 1
537 3368 27 6 —
577 3357 32 22 La
620 3358 81 28 legge,
724 3355 117 30 prosegui
852 3356 19 21 il
888 3355 69 23 Paoli

486 3397 46 17 con
541 3396 62 16 voce
621 3390 117 26 terrihile,
752 3396 51 16 non
822 3389 93 28 guarda
931 3389 26 22 in

485 3424 23 22 fa
510 3431 13 16 c
525 3425 20 21 ci
548 3429 14 17 a
573 3424 31 21 nè
625 3431 14 14 a
650 3425 73 27 preti,
738 3424 32 22 nè
785 3430 15 16 a
818 3422 69 26 frati;
900 3428 15 15 e
933 3423 24 20 la

487 3457 88 23 santità
582 3457 124 23 dell’abito
716 3458 150 21 deveessere
873 3456 86 21 stimo-

486 3493 23 21 lo
524 3493 46 20 alla
584 3491 72 26 virtù,
674 3490 70 23 freno
762 3492 24 20 al
805 3489 93 25 delitto,
908 3494 48 17 non

486 3532 72 15 causa
569 3524 23 21 di
608 3524 130 22 esenzione
754 3525 47 21 alla
808 3528 64 22 pena
883 3521 76 22 meri-

486 3561 48 20 tata
541 3565 6 19 ;
560 3558 18 21 il
586 3559 68 25 prete
664 3560 66 19 tutto
740 3558 45 21 che
794 3558 69 27 prete
883 3554 73 22 andrà

487 3593 25 21 in
524 3592 90 29 galera,
626 3596 50 16 non
685 3592 79 26 prima
772 3589 58 29 però
839 3589 23 21 di
872 3593 87 22 prova-

487 3625 135 28 requalche
637 3623 185 28 strappatelladi
840 3622 79 24 corda,
926 3620 32 22 af-

485 3658 80 23 fìnchè
572 3657 106 23 confessi
686 3656 130 29 icomplici
826 3655 62 21 delle
896 3652 62 23 truf-

485 3693 31 26 fa,
529 3704 28 5 —
567 3697 55 16 caso
633 3691 50 21 mai
695 3691 23 20 ci
729 3690 95 22 fossero
833 3686 122 29 complici.

514 3726 111 22 Mariano
634 3722 72 23 tornò
716 3724 30 21 ad
753 3721 133 28 asciugarsi
896 3720 17 22 il
919 3725 39 16 su-

487 3760 60 22 dore
558 3764 47 16 con
615 3758 24 21 la
650 3757 96 22 manica
759 3757 39 21 del
809 3754 101 22 vestito.

1008 2865 28 4 —
1048 2852 69 27 Però,
1131 2852 94 27 riprese
1237 2852 58 28 egli,
1305 2851 42 22 voi
1359 2853 91 25 sapete,

982 2886 145 25 Eccellenza,
1155 2886 44 21 che
1226 2890 51 17 non
1301 2886 13 21 è
1336 2889 116 17 concesso

980 2920 115 22 mandare
1107 2925 33 16 un
1151 2924 75 17 uomo
1237 2920 45 21 alla
1295 2920 58 22 fune
1364 2924 27 15 se
1402 2923 49 17 non

982 2952 266 28 concorronogl’indizi
1256 2959 6 19 ;
1272 2954 32 21 ad
1313 2953 137 23 torturam,

982 2993 14 15 e
1006 2988 42 26 qui
1060 2991 51 17 non
1123 2992 28 15 ce
1160 2992 32 15 ne
1203 2991 110 22 possono
1325 2991 90 16 essere.
1424 2996 29 5 —

983 3020 118 25 Mariano,
1117 3020 83 21 volete
1212 3019 64 22 ch’io
1286 3019 122 28 v’insegni
1425 3025 27 15 u-

982 3060 29 15 na
1030 3059 56 17 cosa
1098 3053 65 22 délia
1178 3053 71 26 quale
1264 3052 83 24 vorrei
1365 3052 43 22 voi
1419 3052 32 22 fa-

983 3089 65 20 ceste
1061 3092 77 16 senno
1145 3087 12 21 ?
1166 3087 204 26 compromettete
1377 3091 22 15 in
1413 3091 38 16 me

981 3122 24 20 la
1022 3122 84 21 vostra
1117 3120 44 21 lite
1177 3120 38 21 col
1229 3120 105 23 fratello,
1351 3119 31 21 ed
1392 3120 24 20 io
1429 3120 32 22 la.

983 3153 113 23 deciderò
1102 3153 25 21 in
1137 3152 109 28 famiglia
1252 3159 70 16 senza
1330 3152 119 25 scandalo,

982 3194 14 15 e
1014 3188 137 27 sopratutto
1172 3191 69 17 senza
1253 3192 71 21 spesa
1335 3192 6 19 ;
1360 3185 60 22 avrò
1437 3191 14 15 a

983 3221 107 28 sportula
1104 3219 138 28 gratissima
1251 3225 14 15 e
1277 3219 176 22 desideratissi-

983 3260 38 16 ma
1040 3255 23 20 la
1075 3252 190 23 conservazione
1282 3253 62 21 délia
1352 3251 61 22 fama
1427 3252 24 22 di

983 3294 47 15 una
1041 3287 110 26 famiglia
1163 3291 71 17 corne
1241 3287 24 20 la
1277 3288 91 20 vostra.

1008 3332 31 4 —
1047 3319 114 28 Signore!
1181 3319 25 22 io
1226 3319 117 26 possiedo
1363 3319 8 21 i
1393 3318 58 22 miei

983 3353 115 23 contratti
1107 3353 25 21 in
1142 3353 83 28 regola
1234 3359 7 19 ;
1251 3357 42 16 ora
1306 3358 69 16 corne
1387 3353 20 20 ci
1416 3358 37 15 ca-

984 3388 30 21 de
1026 3386 193 23 arbitramento?

1009 3432 31 4 —
1048 3420 33 22 Su
1092 3421 64 20 tutto
1177 3419 21 22 si
1211 3419 98 26 disputa
1318 3424 5 15 :
1339 3420 82 21 volete
1436 3424 15 16 o

983 3459 32 16 no
1026 3455 204 26 compromettere
1236 3452 24 21 in
1267 3457 41 16 me
1314 3451 11 20 ?
1333 3464 28 4 —
1367 3453 28 22 Io
1403 3457 49 16 non

984 3487 85 22 dico...
1081 3487 25 21 io
1118 3492 50 16 non
1177 3486 81 22 ricuso
1269 3485 184 22 assolutamente

983 3521 26 20 di
1017 3521 205 25 compromettere
1232 3525 6 14 :
1245 3524 39 15 ma
1296 3517 46 22 che
1350 3519 24 21 vi
1387 3524 62 23 pare,

983 3559 47 16 non
1042 3554 32 21 ho
1085 3552 103 27 ragione
1200 3552 44 21 io?
1254 3563 30 3 —
1296 3550 30 22 Se
1339 3552 64 22 devo
1415 3558 37 15 es-

984 3592 55 16 sere
1054 3586 107 28 giudice,
1174 3585 42 22 voi
1230 3584 88 27 capite,
1332 3583 118 27 Mariano,

984 3619 45 22 che
1040 3625 49 16 non
1099 3623 75 22 posso
1182 3618 93 27 aprirvi
1282 3616 100 24 l’animo
1393 3619 57 24 mio,

982 3652 91 27 perché
1081 3657 27 15 se
1115 3651 18 21 il
1144 3652 59 20 lodo
1211 3649 165 23 confermasse
1388 3652 16 21 il
1411 3657 41 22 pa-

982 3692 56 15 rère
1048 3687 64 23 dato,
1123 3683 177 27 equivarrebbe
1313 3685 83 21 contro
1406 3687 46 19 tut-

982 3721 26 19 te
1028 3720 23 20 le
1062 3717 85 27 regole
1159 3717 24 21 di
1195 3716 112 28 giustizia
1317 3721 12 15 a
1341 3719 111 20 sentenza

981 3752 45 27 già
1037 3750 141 24 conosciuta
1184 3756 6 20 ;
1204 3755 14 16 o
1235 3750 24 21 lo
1278 3749 175 23 contraddices-

1478 2857 36 20 se,
1524 2858 14 15 e
1548 2852 77 22 allora
1636 2858 51 17 non
1699 2853 85 21 andrei
1794 2854 109 21 immune
1915 2853 39 22 dal

1478 2886 155 27 rimprovero
1653 2887 25 21 di
1691 2887 107 23 cervello
1815 2887 110 28 leggero,
1938 2892 15 17 o

1477 2918 67 22 forse
1555 2919 25 21 di
1589 2920 127 21 coscienza
1726 2921 228 26 prévaricatrice.—

1479 2950 132 25 Sic.uroî...
1631 2952 87 23 Sicuro
1727 2954 5 20 !
1750 2953 142 24 Tuttavolta
1911 2960 42 17 voi

1477 2985 173 28 m’insegnate,
1668 2987 46 22 che
1730 2993 70 16 senza
1820 2987 91 22 tradire
1929 2990 24 19 la

1478 3020 126 21 coscienza
1620 3021 17 20 il
1649 3020 99 28 giudice
1766 3021 26 21 in
1805 3021 41 21 via
1856 3021 97 27 privata

1477 3052 49 27 può
1537 3053 137 22 benissimo
1684 3054 57 21 dare
1752 3054 32 22 ad
1794 3055 157 21 intendere...

1478 3086 27 20 in
1526 3088 66 20 ceito
1613 3087 75 22 modo
1700 3087 29 21 da
1742 3089 56 26 quai
1810 3090 68 25 parle
1897 3094 56 21 pro-

1477 3119 79 26 penda
1574 3118 100 24 l’animo
1695 3126 73 17 suo»..
1780 3126 50 17 non
1847 3121 41 28 già
1907 3122 45 21 che

1478 3155 87 24 questo
1582 3153 36 20 sia
1629 3153 132 28 obbligo...
1782 3155 75 21 moîto
1877 3160 75 16 meno

1477 3186 151 21 contralto...
1641 3187 84 22 vorrei
1737 3188 45 20 che
1794 3188 34 21 mi
1850 3188 100 26 capiste.

1478 3230 30 4 —
1516 3219 27 22 Io
1551 3219 26 21 vi
1586 3219 32 22 ho
1626 3221 82 26 capito
1717 3220 146 26 benissimo,
1873 3227 15 15 e
1894 3227 59 21 pen-

1478 3252 80 21 soche
1568 3255 86 24 questa
1665 3255 84 21 vostra
1758 3254 148 22 distinzione
1915 3256 36 20 tra

1477 3285 100 27 giudice
1588 3291 14 15 e
1613 3287 99 26 privato
1726 3292 51 16 non
1786 3287 70 22 abbia
1866 3288 83 26 luogo,

1477 3318 133 21 tuttavolta
1616 3320 86 26 voglio
1711 3320 163 25 contentarvi,
1885 3325 14 16 e
1905 3320 47 21 alla

1478 3352 73 21 ricisa
1557 3352 28 21 vi
1591 3352 110 22 dichiaro
1709 3352 45 21 che
1761 3358 27 16 se
1794 3353 25 21 le
1825 3357 58 17 cose
1889 3354 64 20 stan-

1478 3390 34 17 no
1520 3391 71 16 corne
1599 3386 24 20 le
1632 3387 97 20 contate
1735 3386 52 26 voi,
1795 3388 70 20 avete
1872 3387 80 27 ragio-

1478 3424 33 16 ne
1518 3419 30 21 da
1559 3419 119 22 vendere.

1507 3463 28 4 —
1540 3452 28 22 Io
1585 3452 50 21 l’ho
1647 3458 98 21 sempre
1757 3453 76 25 delto,
1848 3453 45 21 che
1907 3453 44 22 voi

1478 3490 46 21 per
1534 3486 23 20 la
1576 3484 61 22 Cors
1640 3485 38 21 ica
1691 3485 61 21 siete
1765 3486 75 21 Jiomo
1858 3487 94 20 r,tissus

1478 3523 18 14 a
1512 3518 52 21 Deo
1573 3524 10 19 ;
1604 3521 102 23 peccato
1724 3523 50 16 non
1792 3519 27 21 vi
1831 3518 120 22 chiamate

1478 3550 137 22 Giovanni!
1627 3552 98 21 Adesso
1736 3551 130 28 bisognerà
1876 3552 75 21 vede-

1478 3589 28 15 re
1517 3589 27 16 se
1555 3584 105 22 civuole
1676 3586 64 20 stare
1752 3586 133 20 Altobello.
1892 3596 29 4 —
1927 3585 24 20 A

1478 3619 86 24 questo
1577 3617 24 21 io
1613 3617 49 22 l’ho
1674 3616 42 29 già
1728 3617 121 27 disposto.
1853 3630 30 3 —
1888 3617 62 22 Eso-

1477 3651 108 26 pratuito
1596 3650 108 28 importa
1716 3655 128 23 comporre
1853 3651 18 21 il
1884 3656 67 16 com-

1477 3687 128 23 promesso
1617 3683 24 21 in
1654 3683 76 23 modo
1742 3683 45 21 che
1798 3689 51 17 non
1858 3684 22 21 ci
1889 3684 59 21 lasci

1477 3717 69 21 adito
1557 3722 13 15 a
1583 3716 148 27 scappatoie,
1745 3722 14 15 e
1771 3717 24 21 di
1808 3723 33 15 un
1852 3718 39 20 sol
1901 3717 49 21 col-

1478 3755 34 22 po
1518 3748 61 29 tagli
1590 3749 24 21 la
1624 3750 64 21 testa
1699 3750 24 20 al
1733 3751 64 25 toro,
1810 3749 90 28 perché
1905 3750 44 23 voi

1981 2853 191 28 m’insegnate...
2184 2865 29 5 —
2225 2853 28 23 Io
2262 2860 52 16 non
2326 2855 81 26 potrei
2419 2856 37 20 in-

1980 2887 113 28 segnarvi
2105 2893 57 16 cosa
2186 2887 47 22 che
2244 2889 43 20 voi
2296 2893 51 17 non
2360 2889 95 26 sappia-

1980 2922 23 20 te
2013 2921 43 27 più
2068 2927 14 14 e
2093 2921 92 27 meglio
2199 2920 23 22 di
2235 2926 40 16 me
2284 2928 6 19 ;
2303 2926 61 17 ecco
2376 2927 48 21 qua
2435 2922 18 21 il

1980 2959 183 22 compromesso
2170 2961 6 19 ;
2190 2955 23 21 io
2226 2953 33 23 ho
2272 2957 132 25 procurato
2419 2955 36 23 in-

1980 2987 104 22 sinuarci
2093 2989 63 20 tutte
2164 2989 23 20 le
2195 2988 106 21 clausole
2308 2987 43 29 più
2357 2990 82 20 estese
2446 2995 6 18 ;

1980 3021 162 22 nondimanco
2162 3021 43 22 voi
2225 3022 136 21 esaminate
2381 3027 27 16 se
2428 3022 26 21 vi

1980 3054 53 27 paia
2039 3055 123 26 a.dovere;
2170 3055 122 21 avvertite
2300 3060 90 17 ancora
2399 3055 53 26 che,

1980 3093 12 15 a
2003 3093 88 17 scanso
2111 3088 24 21 di
2148 3088 143 28 arzigogoli,
2311 3088 47 22 feci
2371 3088 45 21 che
2437 3089 17 21 il

1980 3121 98 27 signore
2086 3121 124 22 Altobello
2216 3121 27 22 lo
2254 3122 123 21 scrivesse
2390 3123 62 20 tutto

1980 3155 22 20 di
2016 3160 45 16 suo
2071 3157 127 19 carattere.

2005 3187 113 22 Mariano
2130 3188 63 21 lesse
2206 3193 13 16 e
2232 3188 88 22 rilesse
2331 3188 25 21 la
2370 3191 67 19 carta
2447 3195 6 16 :

1980 3232 26 4 —
2010 3221 60 22 e’sta
2078 3227 13 15 a
2099 3221 299 27 pennello,—finalmente
2406 3222 47 22 dis-

1980 3260 48 20 se^
2039 3259 73 22 presa
2119 3255 24 21 la
2155 3260 90 22 penna,
2254 3255 24 21 la
2288 3255 72 27 quale
2368 3257 86 19 tenen-

1980 3287 29 21 do
2020 3293 103 18 sospesa
2134 3288 118 27 aggiunse
2261 3294 7 15 :
2281 3288 134 26 —dunque
2427 3289 26 21 vi

1980 3326 56 20 pare
2042 3320 46 22 che
2093 3320 26 21 io
2126 3320 71 21 abbia
2204 3321 101 26 proprio
2310 3321 116 27 ragione?

2004 3364 29 4 —
2042 3352 33 23 Vi
2088 3352 32 22 ho
2131 3354 76 24 detto,
2229 3359 15 15 e
2254 3354 28 21 vi
2293 3355 91 27 ripeto,
2407 3355 45 22 che

1980 3392 24 15 se
2014 3387 24 21 le
2061 3392 58 16 cose
2142 3388 87 21 stanno
2253 3392 72 17 corne
2350 3388 24 21 le
2397 3395 56 16 ave-

1980 3421 22 20 te
2012 3420 137 27 espotevoi
2161 3421 23 20 la
2196 3421 102 26 ragione
2312 3421 13 21 è
2335 3424 95 20 vostra.

2003 3453 119 21 —Eccovi
2131 3454 17 20 il
2156 3458 184 22 compromesso
2345 3454 107 29 firmato;

1980 3486 83 21 adesso
2072 3486 64 21 vado
2145 3493 15 15 a
2168 3486 104 28 pigliare
2281 3488 8 20 i
2299 3490 125 22 contratti.

2004 3518 112 22 Mariano
2126 3520 105 21 uscendo
2242 3520 141 29 disegnava,
2392 3523 61 22 ève-

1980 3556 24 16 ro
2015 3552 92 21 recarsi
2117 3557 13 16 a
2142 3558 54 16 casa
2209 3558 44 21 per
2264 3556 98 21 cercavi
2374 3556 9 21 i
2393 3562 58 17 con-

1980 3585 73 26 tratti,
2065 3590 40 16 ma
2114 3587 90 21 voleva
2214 3590 159 23 prowedere
2383 3590 28 21 in
2419 3597 34 16 un

1980 3620 72 24 punto
2064 3618 31 21 ad
2106 3619 60 21 altra
2178 3619 117 25 faccenda
2304 3623 65 21 délia
2381 3626 72 25 quale

1980 3652 90 26 tacque,
2084 3657 14 15 e
2115 3654 84 25 questa
2211 3659 42 17 era
2263 3656 26 21 di
2302 3656 152 28 consigliare

1980 3686 63 24 prete
2049 3684 108 22 Stallone
2166 3692 13 15 a
2187 3688 154 27 svignarsela
2347 3693 106 20 metten-

1980 3714 49 21 Idsi
2033 3715 24 23 al
2062 3715 73 23 soldo
2141 3716 39 23 dei
2186 3718 115 23 Francesi
2314 3726 72 17 corne
2397 3723 55 27 spia

2200 3756 141 30 (Cuntinua)
