2442 3939
0 167 87 27 biancu,
110 165 139 30 scapigliatu
259 172 12 15 e
283 164 111 26 incirlitu,
408 164 56 22 fieru

0 203 81 26 quante
100 202 45 20 avè
167 199 132 29 sgradigatu
312 204 47 15 una
369 197 82 29 rugula
457 204 6 15 :

25 246 26 5 —
62 234 92 22 Andale
172 239 59 22 puru
245 231 65 23 ch’un
332 231 37 21 ciè
389 230 77 22 nunda

0 275 11 15 a
26 270 58 19 terne
94 267 7 21 !
114 263 20 25 È
149 266 85 22 incinta
252 264 22 22 di
285 264 34 22 sei
335 270 14 15 o
362 266 50 19 sete
419 270 48 15 rae-

0 301 20 22 si
33 302 6 21 !

24 348 28 3 —
61 334 77 22 Cumu
152 332 149 24 incinta??...

25 381 26 4 —
63 368 43 22 Chi
116 368 86 22 c'entre
210 374 15 14 n
236 372 67 16 cumu
311 366 13 20 ?
335 364 51 22 Site
396 362 45 27 voi,
453 368 14 15 u

0 403 95 26 dottore,
119 409 14 14 o
149 401 43 22 chè
202 400 47 22 ?....
263 398 100 26 Andate,
375 396 92 26 andatc,

0 436 34 22 chi
49 435 17 22 li
75 436 133 28 passarà....
222 433 60 21 Binti
299 429 93 23 franchi
405 430 5 19 !

29 469 18 21 E
63 470 31 27 pò
112 475 15 15 u
148 468 21 21 si
183 466 105 22 lesciô....

26 501 81 28 Quand
110 508 14 14 u
146 495 145 27 Cari’Andria
320 496 101 28 gliiunse
443 493 24 22 in

0 543 50 15 casa
66 536 8 20 i
92 535 68 21 truvô
181 532 60 22 tutti
257 531 23 20 in
294 531 81 20 stanza
387 528 24 21 di
426 527 42 21 Pe-

0 572 35 19 tru
54 568 82 22 Santu.
169 566 87 26 Tcmpu
286 562 68 22 ch’ell
362 560 89 22 affaccò
460 566 5 13 :

26 614 26 5 —
61 600 82 23 Allòra
168 598 37 22 chi
225 597 44 21 t’ha
289 595 66 21 dettu
361 601 12 13 r

26 634 35 23 Ah
71 633 90 26 zittate;
180 631 91 26 zizzate,
294 629 30 28 pô
346 626 58 22 Lidè
415 633 6 18 ;
436 631 31 15 un

4 669 30 21 mi
43 668 89 28 parlate
140 665 24 22 di
171 665 8 21 i
188 663 90 25 dotlori,
286 668 13 15 o
306 661 24 21 di
337 658 130 24 cum’ëd’el-

0 703 15 20 li
31 708 13 14 o
63 698 137 23 amosciassi
216 697 6 20 !
239 695 19 21 E
277 696 29 26 pô
335 698 87 23 quessu
446 690 20 22 ci

0 734 89 28 capisce
110 733 86 28 quante
218 728 59 22 Orsu
303 725 133 22 Ghiuvanni
454 730 13 15 a

0 766 73 29 Ieghie
91 772 14 15 a
127 762 123 29 stateghia.
258 759 61 23 M’ha
330 757 97 23 bulsutu
434 757 32 21 in-

0 799 58 23 ficuli
71 799 37 22 chi
122 804 13 15 a
142 800 108 25 persona
261 794 13 21 è
285 793 98 22 incinta
392 791 9 20 !

26 833 68 22 Petru
107 831 83 24 Santu,
214 825 125 25 incionfatu
361 824 24 21 in
401 822 65 29 quel-

0 868 21 20 le
39 864 118 30 sguaglile
179 863 44 21 tirô
236 867 30 15 un
287 857 94 29 suspiru
390 864 6 13 :

24 911 28 5 —
62 898 36 22 Ah
110 898 7 21 !
130 895 138 30 disgraziatu
282 893 35 21 !...
330 891 58 21 Cusi
401 889 27 22 ch
437 888 22 22 el

0 934 43 20 l’un
66 931 60 22 fussi
140 931 6 21 !
161 931 6 20 !
182 937 14 14 »

233 976 31 21 A.
276 975 28 22 F.
317 970 119 24 Tristan!.

53 1075 167 40 CRÔNÂGÂ
244 1068 167 42 ÂIÂCG1NÂ

177 1174 16 14 /
206 1164 104 24 Théâtre
325 1159 141 27 Municipal

25 1214 73 23 Foule
118 1210 209 32 particulièrement
345 1206 71 22 dense
434 1211 30 15 au

0 1249 21 22 S'
32 1246 96 24 Gabriel
142 1247 32 20 où
185 1244 23 22 la
222 1242 85 30 grandè
328 1240 83 22 artiste
419 1238 45 22 Co-

0 1289 23 15 i*a
41 1279 146 31 Laparcerie,
200 1276 151 22 l’émouvante
366 1272 95 23 Fabien-

0 1322 28 15 ne
46 1315 29 21 de
93 1312 165 24 l’Insoumise,
282 1309 58 22 tient
355 1307 23 21 la
395 1307 68 21 scène

0 1349 52 22 trois
78 1348 68 28 jours
173 1345 80 22 durant
277 1348 56 16 avec
356 1347 27 16 sa
408 1339 55 22 maî-

0 1382 52 22 trise
73 1378 128 24 habituelle
213 1380 23 19 et
251 1383 30 15 un
290 1378 37 20 art
355 1380 108 16 consom-

0 1417 34 20 mé
50 1415 30 21 de
100 1412 90 30 grande
209 1409 155 31 tragédienne.

23 1448 61 23 Tout
111 1446 96 30 Ajaccio
235 1446 54 21 veut
316 1442 54 22 voir
395 1441 69 29 jouer

0 1483 156 22 VInsoumise
166 1487 43 23 par
221 1479 22 22 la
259 1477 60 23 belle
327 1476 70 27 Cora,
408 1475 55 21 fem-

0 1524 33 15 me
52 1516 29 22 de
103 1515 103 29 Jacques
228 1513 28 22 de
273 1510 124 29 Richepin,
423 1508 41 23 Té-

0 1551 83 22 crivain
108 1549 55 21 bien
186 1553 74 17 connu
268 1548 23 20 et
301 1543 122 24 belle-fille
435 1542 28 22 de

0 1584 113 22 [’éminent
135 1582 57 22 Jean
203 1579 119 29 Richepin,
340 1578 31 22 de
391 1577 70 22 l’Aca-

0 1618 69 22 iémie
95 1615 134 27 Française,
251 1620 30 16 un
287 1612 47 23 ami
348 1612 30 22 de
397 1613 66 19 notre

0 1652 27 22 île
46 1650 61 30 qu’il,
119 1650 69 22 visita
197 1651 14 20 à
219 1648 114 30 plusieurs
354 1645 107 29 reprises.

22 1685 116 29 Ajoutons
162 1690 44 22 que
235 1688 38 16 ces
294 1678 169 25 sensationnel-

0 1726 29 15 les
51 1717 194 31 représentations
259 1717 76 20 seront
355 1713 87 23 suivies
450 1714 13 20 à

0 1753 47 22 bref
66 1752 70 27 délai,
157 1752 28 21 de
205 1750 84 22 soirées
300 1747 163 31 pugilistiques

0 1787 27 22 lu
51 1786 53 29 plus
128 1786 58 22 haut
208 1784 80 22 intérêt
302 1790 7 19 ;
329 1783 134 21 rencontres

0 1828 39 22 pie
69 1820 32 22 M.
116 1826 6 19 ;
133 1819 73 26 Ricci,
240 1818 22 21 le
300 1815 163 31 sympathique

0 1855 109 22 lirecteur
128 1854 32 21 du
188 1854 87 20 théâtre
302 1852 37 20 est
357 1856 29 16 en
404 1848 59 22 train

0 1888 138 29 l’organiser
158 1893 56 16 avec
221 1886 39 21 des
276 1885 101 22 boxeurs
398 1882 28 22 de
436 1881 26 23 li-

0 1929 46 16 *ne.

23 1956 33 22 Le
66 1955 73 22 noble
154 1956 36 20 art
207 1955 62 21 étant
280 1954 47 21 très
348 1952 71 28 prisé,
431 1949 31 22 ici

0 1996 52 16 30us
69 1995 103 16 sommes
192 1988 107 21 d’avance
313 1985 102 23 certains
432 1984 31 22 du

0 2025 75 20 succès
98 2022 24 22 le
139 2022 53 29 plus
206 2020 156 23 retentissant.

361 2080 101 26 Kyrnos

1 2151 3 4 .
23 2133 33 22 La
79 2133 82 22 Revue
177 2137 64 17 corse
249 2132 101 26 Kyrnos
362 2131 100 28 paraîtra

3 2168 171 21 ncessammont
185 2171 55 16 sous
246 2164 132 22 l’éminente
389 2164 73 21 direc-

0 2201 42 21 tion
48 2200 28 22 de
84 2202 69 20 notre
160 2199 46 23 ami
210 2198 56 23 Paul
274 2198 117 26 Graziani,
396 2197 65 22 l’éru-

0 2234 29 22 lit
35 2232 287 30 archiviste-paléographe
334 2232 31 22 de
375 2231 22 22 la
407 2230 55 23 Cor-

0 2274 27 16 se.
30 2267 50 23 Elle
84 2274 55 16 sera
146 2267 93 29 rédigée
246 2273 28 15 en
282 2266 99 29 langues
387 2271 73 20 corse,

0 2301 108 26 française
122 2303 24 20 et
155 2300 107 22 italienne
273 2302 23 19 et
306 2307 17 21 y
334 2298 128 23 eollabore-

0 2335 83 22 ’ontles
90 2334 119 22 meilleurs
213 2334 121 22 écrivains:
342 2332 117 30 critiques,

0 2369 131 27 historiens,
151 2370 79 27 poètes
247 2370 23 19 et
282 2369 144 27 prosateurs.

21 2402 45 22 Les
74 2402 153 22 nombreuses
236 2401 125 22 demandes
368 2400 94 22 d’abon-

0 2438 85 20 lement
102 2438 26 19 et
141 2435 29 22 de
177 2434 164 23 collaboration
357 2440 46 23 que
419 2439 42 16 son

0 2469 188 26 iirecteur-reçoit
194 2468 211 29 quotidiennement
409 2470 53 19 sont

0 2509 25 16 m
33 2503 147 29 témoignage
188 2502 105 28 éloquent
304 2502 29 22 de
342 2502 25 22 là
378 2503 83 21 néces-

0 2536 38 22 sité
55 2536 31 22 de
98 2538 63 20 cette
177 2536 79 23 Revue
284 2538 23 19 et
319 2536 33 21 du
380 2536 81 21 succès

0 2569 50 22 lont
76 2570 47 21 elle
142 2571 36 20 est
189 2571 100 20 assurée.

21 2603 20 21 A
60 2609 27 15 ce
98 2609 107 16 nouveau
222 2603 102 22 confrère
330 2604 25 21 A
369 2602 92 22 Muvra

0 2636 89 22 idresse
112 2643 39 15 ses
159 2637 53 28 plus
234 2636 110 24 cordiaux
356 2636 105 22 souhaits

0 2669 23 22 le
49 2669 137 23 bienvenue.

239 2726 35 22 La
285 2726 177 27 Température

20 2771 30 20 Le
63 2771 126 21 baromètre
202 2772 102 21 demeure
312 2773 150 20 obstinément

0 2808 22 13 m
37 2801 56 21 beau
111 2801 45 21 fixe
178 2802 76 26 depuis
270 2803 34 20 six
320 2803 112 21 semaines
440 2805 22 17 et

0 2832 46 20 :’est
61 2832 53 20 bien
139 2840 28 13 en
187 2839 25 14 ce
231 2837 99 17 moment
338 2844 28 4 —-
373 2837 24 17 et
414 2840 48 14 seu-

0 2866 73 16 ement
81 2869 28 14 en
120 2870 26 14 ce
155 2867 97 17 moment
255 2871 75 19 —que
336 2868 67 18 notre
410 2864 52 21 ville

0 2893 71 19 mérite
94 2900 43 14 son
150 2894 132 26 appellation
296 2902 10 10 «
316 2895 112 26 d’Ajaccio
441 2894 20 21 la

0 2922 92 21 Blanche
101 2930 20 14 ».

19 2953 30 20 La
63 2960 49 14 mer
127 2959 34 16 est
167 2955 81 20 d’huile
257 2963 7 16 ;
269 2956 21 20 le
304 2957 43 19 ciel
371 2960 34 17 est
410 2956 51 20 d’un

0 2983 44 20 fieu
59 2983 276 24 incommensurablement
359 2986 101 26 profond,

0 3020 32 13 >as
48 3020 31 13 un
88 3021 81 19 nuage,
181 3015 19 21 si
212 3016 59 24 léger
278 3017 76 25 soit-il,
364 3024 31 14 ne
402 3017 60 20 vient

0 3050 21 13 m
43 3044 101 21 troubler
161 3046 22 20 la
208 3048 75 22 pureté
294 3055 6 17 ;
309 3052 23 16 et
349 3048 23 20 le
388 3047 73 25 ^soleil

0 3074 57 19 l’une
78 3075 110 25 éclatante,
201 3076 124 23 luminosité
343 3081 119 23 augmente

0 3103 78 25 chaque
92 3104 55 25 jour
170 3106 20 20 le
211 3108 89 20 nombre
313 3109 41 20 des
377 3108 84 21 lézards

0 3134 32 24 lui
48 3140 25 14 se
97 3135 114 21 chauffent
234 3138 207 25 voluptueusement
448 3141 13 18 à

0 3170 29 13 ses
39 3164 148 22 bienfaisants
202 3173 111 18 rayons....
323 3170 80 20 Otium
411 3176 50 14 cum

0 3194 114 24 iignitate.

299 3240 162 22 Vandalisme

21 3277 44 22 Les
87 3278 112 24 iÜimosas
218 3284 52 18 sont
298 3289 30 15 en
352 3284 70 22 fleurs
438 3287 23 19 et

0 3317 35 15 10s
50 3311 70 28 petits
134 3319 88 22 voyous
238 3320 29 15 ne
278 3314 125 30 l’ignorent
409 3324 50 21 pas.

0 3344 60 20 \ussi
84 3350 58 16 sans
154 3346 70 28 égard
255 3353 74 17 aucun
354 3352 23 19 et
406 3356 54 16 sans

0 3376 80 21 irainte
109 3378 134 21 mettent-ils
265 3386 27 15 en
321 3387 77 22 coupe
426 3384 33 19 ré-

0 3409 44 28 glée
63 3408 34 21 les
119 3409 54 27 plus
189 3409 74 22 beaux
282 3412 82 23 arbres
386 3420 29 15 en
425 3414 35 22 les

2 3440 99 23 nutilant.
118 3441 149 23 férocement.

21 3474 56 22 Bien
88 3473 103 23 entendu
195 3476 96 21 —est-il
300 3477 84 22 besoin
402 3478 28 21 de
439 3478 22 22 le

0 3508 42 22 lire
51 3518 30 5 -—
88 3513 32 15 on
134 3506 70 22 laisse
215 3505 64 23 faire.

21 3540 48 22 Nos
94 3539 114 22 vandales
230 3543 98 23 peuvent
354 3543 83 25 opérer
448 3544 13 19 à

0 3574 58 22 ,’aise
74 3576 24 18 et
107 3580 30 14 en
159 3571 140 23 auraient-ils
320 3572 24 22 la
357 3572 64 22 force
439 3576 23 19 et

3 3614 25 15 es
44 3606 79 22 loisirs
151 3604 68 30 qu’ils
241 3605 135 27 pourraient
396 3605 66 22 déra-

0 3641 57 21 ciner
73 3642 55 19 tous
149 3638 34 22 les
199 3637 108 22 mimosas
316 3638 30 20 de
358 3637 104 22 l’avenue

0 3676 18 20 it
33 3673 33 21 les
89 3674 118 27 emporter
223 3670 55 22 chez
286 3677 47 15 eux
350 3677 55 14 sans
414 3672 48 20 être

0 3707 131 27 l’avantage
151 3704 119 29 inquiétés.

22 3739 93 26 Hardis,
135 3738 36 22 les
189 3743 47 22 gas-
241 3737 6 20 !

738 164 194 48 Maria
966 159 227 50 Jentile

540 295 76 21 Versu
637 301 13 14 a
673 293 46 22 fine
741 291 23 22 di
790 291 76 21 l’annu
885 288 62 25 1768,
963 287 7 21 i

494 328 111 22 Francesi
628 327 85 21 avianu
740 325 114 26 occupatu
879 321 90 25 Oletta,

494 361 96 29 paisone
610 360 23 21 di
652 367 15 14 u
695 357 100 23 Nebbiu.
823 353 146 23 Cuniseendu

494 392 159 28 l’impurtanza
673 387 114 29 stategica
805 386 24 21 di
852 392 14 14 u
891 386 77 26 poslu,

494 424 116 28 Pasquale
622 419 201 29 Paoli,d’accordu
834 425 28 15 eu
874 417 7 21 i
891 417 77 28 paisa-

494 458 32 26 ni,
541 457 91 22 circava
645 455 23 21 di
683 452 111 30 ripilialla
810 458 13 14 e
846 450 23 22 di
888 450 23 21 fà
923 449 46 29 pri-

494 491 97 28 giunera
611 496 14 14 a
650 485 153 31 guernigione
828 483 15 21 d
851 490 15 14 u
888 488 79 22 paese,

494 522 60 20 forte
566 520 24 21 di
606 518 55 23 1500
689 516 48 23 òmi
754 522 13 14 e
785 512 137 24 cumandata
939 511 29 22 da

494 558 16 14 u
519 550 121 22 marchese
648 544 158 25 d’Arcambal.
819 543 37 22 Ma
874 543 7 21 i
897 541 71 22 nimi-

494 584 22 21 ci
528 590 72 15 eranu
612 582 23 21 in
654 581 114 27 suspetlu;
788 576 151 30 pruclamonu
954 581 13 14 a

493 617 68 28 legge
573 614 109 23 marziale
689 620 5 19 ;
722 612 8 22 i
742 610 90 31 paisani
848 615 30 15 un
887 608 81 29 pudia-

494 657 30 15 nu
535 650 40 28 più
585 649 24 22 fà
620 647 72 23 nulîa.

521 682 27 23 In
571 682 78 21 Oletta
669 686 31 15 un
723 679 21 21 si
757 677 75 22 sentia
850 682 30 15 un
900 674 66 25 zitiu,

495 715 107 26 Un’òmu,
615 713 110 23 Ghiuliu
737 710 112 25 Saliceti,
863 708 63 21 chitô
937 713 30 15 un

493 749 101 29 ghiornu
610 754 15 14 u
644 752 71 23 paese
726 750 70 16 senza
816 749 14 15 u
847 746 120 24 permessu

494 782 23 22 di
530 789 13 15 a
554 781 97 30 guèrdia
667 780 105 21 frencese
790 783 12 15 e
825 774 71 30 pigliò
905 780 62 15 cam-

493 822 86 23 pagna.
591 816 20 21 A
624 821 14 15 u
650 814 90 21 ritornu
761 810 27 21 fù
800 814 76 16 messu
886 807 24 21 in
920 807 47 29 pri-

492 850 109 28 ghiò;ma
617 854 58 23 pocu
689 848 78 25 lempu
780 843 61 27 dòpu
861 847 39 15 era
909 847 57 22 cap-

493 883 74 29 piatu.

521 915 21 23 U
554 915 138 29 giuvanoltu
704 912 88 21 rientrò
805 910 22 21 in
840 914 54 16 casa
905 908 59 26 sôia,

492 950 70 28 pienu
571 948 57 22 d’ira
639 953 42 23 per
703 944 118 22 l’aflrontu
838 942 57 22 fattu
908 942 30 21 da
951 948 15 15 u

492 982 95 22 nirnicu.
600 979 122 31 lnquant’a
735 984 36 16 me
789 976 137 23 barbuttava
942 982 23 15 u-

492 1023 29 15 na
528 1015 136 22 biestemma
687 1014 83 20 contru
790 1011 8 22 i
807 1010 114 22 Francese
938 1016 27 15 o-

493 1049 65 22 diati.
569 1048 35 22 LTn
616 1049 109 27 sargente
734 1052 15 15 u
761 1047 65 20 sente
845 1050 13 16 e
865 1043 17 22 li
897 1049 67 16 mena

491 1083 25 22 in
532 1082 68 29 piena
615 1081 81 22 faccia.
722 1078 101 23 L’affare
834 1077 20 23 si
866 1083 99 21 passava

491 1116 94 22 davanti
612 1122 14 15 a
647 1120 54 16 casa
723 1113 25 22 di
773 1112 71 26 Juliu,
870 1111 94 29 quandu

488 1151 73 28 prete
582 1148 106 23 Saliceti
717 1147 65 22 dettu
799 1146 125 22 Pivarinu
935 1157 30 4 —

491 1190 88 24 pevaru
588 1183 24 22 di
621 1182 181 30 Spagna—per
813 1179 37 22 bia
871 1179 23 21 di
906 1186 15 15 a
939 1185 27 16 so

490 1220 83 20 natura
585 1217 103 26 ardente,
706 1215 21 22 si
742 1217 96 21 tru.vava
863 1213 19 21 a’
894 1212 73 23 fines-

490 1254 45 20 tra.
554 1250 106 23 Bidendu
672 1249 63 23 minà
754 1249 24 21 in
792 1248 73 22 faccia
881 1254 14 15 a
912 1254 15 14 u
940 1253 26 15 so

490 1287 104 27 parente,
619 1284 109 23 Piverinu
747 1284 60 21 senti
834 1288 13 15 u
865 1287 26 16 so
913 1282 55 20 côre

491 1319 105 29 brusgià.

517 1353 91 28 Tempu
617 1352 38 23 chi
663 1350 156 27 Ghuiliu,fòra
832 1350 23 21 di
866 1348 101 23 sumina-

490 1389 25 20 tu
526 1387 22 21 si
561 1386 79 29 lampa
651 1386 24 22 in
684 1391 63 21 casa,
760 1383 114 23 Peverinu
884 1390 16 15 u
913 1389 52 22 por-

489 1423 24 19 ta
522 1421 23 21 in
552 1426 100 17 camara.
660 1419 69 29 Dòpu
741 1425 31 15 un
784 1419 118 21 mumentu
915 1422 52 16 sur-

489 1456 50 22 tinu
553 1455 55 22 tutti
619 1462 14 14 e
644 1454 48 27 dui,
711 1452 70 24 calmi
793 1459 38 15 ma
850 1451 62 30 pieni
926 1450 41 22 de-

490 1489 53 23 ci.i.

517 1524 21 22 A
566 1525 75 25 nolte,
663 1523 60 22 altre
742 1522 66 29 jente
832 1520 20 22 si
871 1519 95 23 riuninu

491 1557 62 23 duve
564 1557 103 23 Saliceti.
691 1556 63 22 Eccu
772 1562 14 15 e
797 1554 112 23 décision!
927 1553 37 22 chi

490 1591 57 22 f’unu
562 1591 108 31 pigliate:
690 1590 23 22 fà
724 1589 62 23 saltà
799 1595 15 16 a
830 1588 85 26 chiesa,
926 1587 39 22 chi

489 1632 40 15 era
543 1632 14 15 a
570 1631 103 16 caserma
689 1624 31 22 d’i
738 1624 8 21 i
758 1622 117 28 Frencesi,
883 1621 81 23 bendi-

490 1660 63 21 càssi
565 1666 43 22 per
618 1659 74 22 liberà
703 1665 15 15 a
730 1658 104 22 Corsica.

518 1690 107 26 Scavohu
635 1700 45 15 una
688 1692 64 23 mina
761 1692 39 22 chi
806 1690 113 30 partendu
926 1689 36 22 da’

489 1734 14 15 a
513 1734 54 15 casa
580 1727 102 26 Saliceti,
698 1724 198 31 ghiunghierebbe
916 1726 47 19 sot-

490 1764 25 19 tu
527 1768 14 15 a
551 1761 87 26 chiesa,
651 1767 13 15 e
676 1760 63 29 dòpu
753 1761 44 20 avè
805 1758 58 23 fattu
875 1764 27 16 sa
914 1762 49 25 gal-

489 1795 67 26 Ieria,
570 1795 23 22 ci
623 1800 106 17 messenu
753 1795 59 20 lutta
830 1799 13 16 a
866 1792 96 29 polvara

490 1829 78 22 ch’elli
583 1830 84 21 avianu
676 1828 81 29 piatta.
769 1827 22 22 A
802 1826 78 22 chiesa
892 1826 69 22 duvia

490 1863 63 22 saltà
562 1870 15 14 u
588 1862 85 23 tredeci
688 1861 119 29 ferraghiu
819 1867 14 15 a
841 1860 119 22 I’annuttà.

518 1896 22 22 U
556 1902 54 16 core
625 1896 24 22 di
667 1895 65 22 Juliu
758 1901 40 15 era
811 1894 109 22 taimente
929 1893 33 22 in-

489 1930 110 29 gricipitu
611 1930 30 22 da
654 1929 71 23 l’ôdiu
735 1928 115 23 ch’ell’era
869 1929 93 20 turnalu

489 1970 68 16 cume
575 1970 46 16 una
644 1963 62 29 pallu
730 1962 23 22 di
769 1964 82 20 catana
859 1973 28 5 —
898 1968 15 14 «
920 1960 44 22 du-

490 2004 68 16 mane
567 1997 69 27 dicia,
648 1999 59 20 tuttu
720 1996 126 26 arrabiatu,
853 1995 109 26 dumane,

488 2031 130 23 lascialemi
631 2030 101 23 accende
749 2037 14 15 a
775 2029 86 23 mescia
870 2029 6 21 !
886 2029 77 22 M’ha-

488 2070 32 18 riu
527 2065 88 22 minatu
627 2065 24 22 in
666 2064 74 23 faccia
746 2064 7 21 !
771 2063 60 23 D’un
842 2063 69 29 colpu
922 2069 42 16 vo-

488 2099 49 28 gliu
557 2098 112 23 mandalli
686 2098 46 22 in’u
751 2104 13 16 e
780 2097 62 27 nule,
858 2096 105 29 lampaîli

488 2133 53 22 fora
553 2132 101 22 d’Oletta
667 2138 68 16 cume
743 2131 62 29 pâlie
816 2130 24 22 di
848 2130 115 22 muschit-

488 2167 57 22 toni.

516 2213 30 4 —
554 2200 39 22 Ma
599 2207 13 15 e
620 2200 76 22 donne
702 2206 14 15 e
726 2199 8 22 i
742 2198 72 22 zitelli
821 2205 30 15 un
857 2198 24 22 la
889 2198 75 22 sanu?

489 2234 19 22 E
529 2241 54 16 case
600 2240 14 16 e
626 2241 13 15 a
649 2234 64 28 jente
726 2233 25 21 di
766 2240 17 14 u
802 2232 101 22 vicinatu
917 2231 47 22 sal-

488 2270 82 20 teranu
583 2267 113 23 anch’elle
703 2267 13 21 ?

515 2314 30 5 —
553 2297 28 27 Ci
589 2301 53 23 vole
653 2300 29 23 ad
690 2299 105 27 averteli,
803 2299 107 23 ordinalli
916 2302 47 20 sot-

489 2339 25 19 tu
526 2342 46 16 una
587 2333 376 31 scusaqualunqued’andàa’mu-

489 2373 72 23 tesca,
576 2369 82 22 all’òra
670 2368 88 27 fissata,
767 2368 31 22 da
812 2373 13 16 a
839 2370 64 26 perte
923 2374 40 22 op-

488 2406 67 26 posta
565 2404 25 22 di
601 2410 16 14 u
631 2408 77 24 paese.

517 2437 42 22 Ciò
569 2437 39 22 chi
620 2436 26 22 fù
655 2435 65 23 fatta.

515 2470 125 28 Quandu,a
650 2476 60 19 sera,
724 2469 58 21 l’òra
800 2468 24 22 di
842 2475 13 15 u
868 2468 94 23 subissu

487 2505 113 22 s’abicinô
623 2504 21 21 si
663 2503 54 22 vide
739 2502 88 27 vecchi,
846 2502 76 22 donne
950 2510 13 15 e

486 2538 81 27 zitelli,
588 2537 60 23 andà
670 2536 94 22 infurati
781 2543 14 15 a
806 2536 74 22 l’altra
896 2539 67 27 perte

488 2572 25 22 di
525 2580 14 14 u
555 2578 79 22 paese,
647 2578 12 14 e
672 2570 141 22 cunsultassi
830 2576 43 16 cun
883 2570 80 26 misler

488 2613 27 15 ru
526 2613 6 15 :
543 2606 9 21 i
560 2605 96 29 sguerdi
667 2604 83 22 incerti
762 2603 105 23 tradianu
879 2610 13 16 a
907 2611 55 21 peu-

488 2646 26 16 ra
523 2640 24 22 di
566 2646 32 15 un
612 2638 106 30 periculu
732 2638 158 22 scunusciutu.

516 2673 10 22 I
539 2672 111 23 Frencesi
667 2672 20 22 si
705 2671 141 23 dubitavanu
855 2671 24 22 di
897 2672 64 28 qual-

489 2713 63 16 cosa.
569 2706 53 22 Una
641 2704 102 23 staffetta
769 2705 25 21 di
816 2712 15 14 u
853 2706 109 28 generale

491 2739 111 23 Grand'.
610 2739 104 22 Maison
737 2739 106 28 ghiunse,
870 2746 13 14 a
916 2739 46 22 bri-

487 2774 49 29 glia
545 2772 92 27 sciolta,
650 2779 13 15 a
670 2772 119 29 preveneli
800 2772 24 22 di
834 2773 36 21 ciò
885 2773 38 22 chi
941 2773 20 22 si

487 2813 137 23 preparava.
634 2805 37 23 Un
683 2806 112 22 traditore
811 2806 51 22 avia
873 2806 89 22 denun-

487 2844 64 22 ziatu
560 2850 15 14 u
583 2842 136 29 cumplotlu.
738 2842 11 22 I
765 2842 109 22 Frencesi
882 2849 80 17 eorse-

487 2884 33 14 nu
527 2876 81 23 subitu
620 2875 24 22 in
654 2882 54 15 casa
717 2875 23 22 di
745 2875 103 27 Saliceti,
863 2878 98 21 truvonu

488 2916 14 16 a
520 2910 62 22 mina
597 2916 14 15 e
634 2909 116 29 l’impresa
770 2909 113 23 infeidale
900 2911 60 22 andô

488 2950 14 16 a
509 2951 14 14 u
529 2945 78 20 ventu.

516 2976 95 23 Saliceti
626 2983 14 15 e
655 2977 39 21 uni
701 2977 69 28 pochi
777 2977 24 21 di
813 2978 147 29 cunghiurati

487 3011 83 22 ermati
581 3016 101 23 passonu
695 3016 13 16 a
729 3017 79 15 mezzu
828 3011 19 21 a’
855 3012 80 23 nimici
947 3019 13 16 e

487 3044 208 28 pobbenuscappà.
704 3043 33 22 Al
739 3044 29 21 tri
778 3043 57 23 funu
843 3045 90 28 pigliati
947 3053 13 15 e

487 3077 129 23 incatinati.
629 3076 21 22 U
670 3077 116 29 cunsigliu
797 3077 23 22 di
838 3084 83 22 guerra
929 3086 30 16 ne

488 3111 121 21 cundannô
617 3110 133 28 quatordeci
759 3117 13 15 a
781 3118 16 14 u
807 3111 114 28 suppliziu
936 3113 22 22 di

487 3151 14 14 a
511 3146 69 19 rotta.
591 3142 64 23 Sette
662 3143 132 29 disgraziati
809 3143 56 23 funu
880 3152 78 17 esecu-

487 3177 52 22 tati.

516 3215 38 22 Un
565 3215 100 29 ghiornu
676 3215 21 22 si
709 3216 54 22 vide
780 3218 59 20 sette
850 3218 108 24 eadaveri

487 3249 89 29 esposli
588 3248 169 29 publicamente
773 3254 71 18 nantu
852 3257 14 15 a
880 3252 78 28 piezza

487 3282 24 22 di
520 3289 15 15 u
545 3282 125 22 cumbentu
679 3282 109 23 d’Oletta.
797 3283 25 22 Si
833 3284 84 23 avianu
928 3286 29 22 da

486 3317 38 20 stà
532 3322 70 15 senza
611 3316 118 28 sepultura
737 3324 7 13 :
760 3324 14 14 u
784 3316 109 24 culinèllu
898 3318 60 23 fren-

486 3354 54 15 cese
546 3349 53 21 avia
614 3348 83 27 difesu,
712 3352 65 19 sottu
791 3357 57 21 pena
860 3351 24 21 di
897 3359 59 15 morr

486 3382 32 24 te,
531 3380 24 22 di
568 3381 106 22 caccialli
685 3382 24 20 di
716 3382 53 21 lôeu
779 3389 14 15 e
800 3382 24 22 di
835 3383 121 23 intarralli.

515 3412 27 21 In
554 3412 78 23 Oletta
644 3414 20 21 ci
672 3420 39 15 era
719 3421 16 14 u
747 3417 94 20 terrore.
854 3415 22 21 U
891 3417 67 21 timo-

486 3450 27 14 ré
524 3444 24 21 di
561 3451 14 15 a
585 3448 75 19 morte
671 3452 39 15 era
721 3446 25 21 in
758 3447 53 21 tutti
829 3448 8 21 i
850 3449 57 21 côri.
920 3449 37 22 Un

486 3476 22 20 si
519 3476 69 22 vedia
602 3484 32 14 un
647 3478 103 28 fiatuper
763 3485 13 14 e
789 3480 84 27 strade,
887 3488 15 15 u
923 3481 35 22 fo-

488 3513 29 15 cu
529 3514 41 15 era
580 3512 85 24 spenlu
673 3510 24 20 in
708 3510 25 21 ni
741 3511 86 26 fuconi,
843 3519 13 15 e
870 3515 88 21 vocche

487 3542 72 24 muté,
579 3547 31 14 un
628 3542 20 20 si
671 3542 75 22 sentia
766 3546 43 19 che
821 3545 136 29 singhiozzi.

487 3570 66 22 Tutti
573 3574 105 25 stavanu,
701 3574 23 21 in
741 3581 61 21 casa,
821 3584 37 16 ma
872 3580 25 21 di
908 3581 50 27 pin-

488 3609 54 15 seru
558 3610 71 15 eranu
641 3605 24 21 in
676 3606 79 26 piazza
767 3614 14 15 a
797 3616 13 14 u
829 3610 129 24 Cumbentu

488 3634 95 22 duv’elii
595 3636 90 22 iacianu
696 3638 9 20 i
715 3642 61 18 sette
782 3641 113 24 eadaveri.

517 3666 82 22 Venne
606 3674 15 14 a
633 3668 72 27 prima
716 3673 73 19 notte.

516 3704 90 22 Maria
617 3705 89 26 Jentile
721 3707 124 24 Montalti
852 3717 40 17 era
912 3715 46 22 in’a

487 3743 28 15 so
527 3743 102 15 caméra.
640 3736 36 22 Un
684 3738 110 28 pienghia
802 3741 68 23 mica:
883 3746 74 24 calata

995 288 72 19 nantu
1087 292 14 14 u
1118 284 68 28 letlu,
1197 292 15 14 u
1230 289 57 22 capu
1304 280 122 29 ghimbatu
1445 279 23 21 in

996 321 71 26 pellu,
1091 325 14 14 e
1125 325 72 15 manu
1213 318 69 21 nantu
1300 320 13 15 e
1337 311 129 25 dinocchie,

996 351 83 22 l’occhi
1092 351 77 21 chiosi
1180 358 6 19 ;
1197 348 91 31 qualchi
1300 346 65 23 voila
1378 352 30 14 un
1421 344 46 22 sin-

995 385 96 29 ghiozzu
1104 384 16 21 li
1130 384 76 22 surtia
1217 383 28 21 da
1258 388 14 14 u
1285 381 62 21 côre.

1024 418 51 22 ln’u
1098 417 79 22 calmu
1194 417 23 21 di
1234 422 12 15 a
1258 415 72 23 nolte,
1343 412 18 21 li
1370 411 19 22 si
1402 411 64 28 paria

995 452 23 22 di
1030 454 65 19 sente
1115 457 47 15 una
1181 456 56 16 voce
1254 446 37 22 chi
1311 452 15 15 a
1347 444 120 22 chiamava

994 492 12 15 a.
1017 484 20 22 O
1044 484 59 22 Mari
1111 484 6 21 !
1125 491 12 13 .•)
1160 483 101 21 Durente
1272 486 14 15 a
1300 481 72 22 nolte,
1383 478 7 21 i
1407 484 59 15 mor-

995 519 17 20 ti
1023 516 162 30 prununcianu
1201 515 93 22 suvente
1307 518 15 15 u
1334 517 69 16 nome
1418 510 49 22 d’u-

994 558 29 15 na
1036 556 99 23 persona
1148 556 64 15 cara.
1230 545 82 29 Quellu
1331 544 39 22 chi
1390 544 17 21 li
1419 544 46 21 ris-

993 584 76 29 ponde
1081 589 73 15 more.

1022 629 27 5 —
1061 616 20 22 O
1090 616 77 22 Berné
1177 616 5 20 !
1204 613 86 23 sclamô
1302 611 82 23 Maria.

1021 651 38 22 Ma
1066 649 167 30 quallà,vicmu
1242 647 19 22 a’
1267 646 134 26 cumbentu,
1406 645 59 22 Ber-

993 687 81 22 nerdu
1082 685 60 22 iacia
1154 686 72 20 nantu
1238 683 8 21 i
1256 683 55 22 farri
1320 681 144 30 miçidiaghi.

994 720 28 22 Di
1037 720 8 21 i
1060 721 60 20 sette
1130 717 79 27 morti,
1219 716 118 22 Bernardu
1350 722 39 16 era
1401 722 14 15 u
1425 715 40 29 più

993 754 109 23 ffiovanu,
1115 759 40 15 era
1169 751 162 22 u’nnamuratu
1343 750 24 22 di
1379 749 85 22 Maria!

993 787 45 22 Fra
1050 794 31 15 un
1095 793 64 16 mese
1172 785 101 22 s’avianu
1289 784 30 22 da
1340 783 115 22 immarilà

993 820 19 22 E
1023 823 44 20 avà
1081 822 36 21 stà
1129 820 123 29 appiccatu
1261 825 12 15 a
1286 825 13 15 a
1307 818 74 22 força.

1021 854 73 23 Maria
1105 853 89 23 Jentile
1208 853 20 22 si
1250 860 28 15 ne
1296 855 68 20 stava
1379 851 45 22 in’a
1437 857 27 16 so

992 895 91 16 caméra
1095 887 97 31 bughia,
1208 894 36 15 ma
1254 886 72 23 tindia
1343 885 122 22 Farecchie

991 929 70 16 versu
1070 922 5 9 ’
1088 922 136 22 cumbentu.
1239 920 20 23 U
1270 927 28 16 so
1310 921 56 21 côre
1377 920 88 21 lutlava

992 963 28 15 eu
1033 963 13 15 a
1055 963 27 15 so
1092 956 75 30 ragiô.
1184 954 29 23 Li
1231 955 20 22 si
1269 954 66 30 paria
1346 954 24 21 di
1377 954 65 21 sente
1451 958 13 16 a

992 990 118 22 Bernardu
1131 990 40 22 chi
1179 989 18 22 li
1206 988 144 23 dumandava
1369 993 44 16 una
1429 993 35 16 se-

991 1024 92 29 pultura
1093 1024 30 22 da
1135 1024 121 22 cristianu.

1019 1058 76 29 Piglià
1104 1065 31 15 un
1145 1057 115 23 cadaveru
1268 1056 30 22 da
1320 1055 78 30 quelle
1418 1054 46 23 for-

991 1092 43 22 che
1050 1099 13 15 e
1078 1092 56 22 dalli
1154 1098 14 16 a
1188 1091 117 29 sepultura
1323 1096 40 16 era
1376 1089 62 22 circà
1449 1095 14 15 a

991 1128 81 20 morte.
1084 1126 75 22 Maria
1168 1125 62 22 vulia
1239 1124 83 30 supelli
1337 1131 14 14 u
1366 1123 98 22 so’inna-

993 1163 91 19 muratu
1094 1166 14 16 e
1116 1162 31 28 pô
1157 1166 72 16 more.

1019 1195 57 28 Aprì
1091 1195 72 28 pianu
1183 1194 69 28 pianu
1267 1200 13 15 a
1290 1195 68 27 porta
1374 1191 24 22 di
1411 1198 14 14 a
1436 1196 27 16 so

993 1234 91 16 caméra
1092 1234 42 23 per
1142 1229 73 21 sorte.
1225 1226 71 23 Passô
1317 1226 47 22 in’a
1373 1230 90 17 caméra

993 1262 60 22 duve
1064 1262 145 29 ripusavanu
1216 1261 8 22 i
1233 1267 26 16 so
1269 1259 91 27 vecchi,
1381 1257 84 23 s’abbi-

993 1296 52 23 cinò
1055 1296 23 22 di
1088 1303 15 15 u
1115 1297 69 26 lettu,
1197 1295 87 23 ascultò
1298 1301 15 15 u
1325 1300 28 16 so
1362 1291 85 30 rispiru
1457 1297 6 15 :

993 1330 136 22 durmianu!
1151 1329 23 23 U
1191 1336 27 16 so
1240 1330 54 21 côre
1312 1326 116 24 cuminciò
1452 1331 13 15 a

994 1364 99 27 trimmà;
1115 1370 40 15 era
1175 1363 87 29 figliòla
1278 1361 60 26 sòla,
1358 1359 107 24 arrembu

993 1398 23 22 di
1031 1397 119 23 vecchiaia
1169 1404 31 22 pe
1219 1397 8 21 i
1240 1402 26 15 so
1275 1394 92 30 parenti
1383 1399 81 23 pensa-

993 1439 28 15 va
1029 1431 38 23 chi
1078 1431 68 22 s’ella
1155 1430 61 23 fussi
1226 1431 84 21 venula
1322 1435 14 15 a
1352 1429 64 21 mòre
1424 1432 42 24 per

992 1472 14 16 a
1024 1472 70 16 manu
1104 1465 24 22 di
1137 1472 17 14 u
1177 1464 55 30 boja
1248 1463 22 22 di
1292 1462 81 22 sicuru
1388 1460 77 23 ch’elli

992 1507 31 15 un
1039 1499 168 29 puderebbenu
1225 1497 137 30 sopravvive
1374 1502 13 16 a
1400 1497 64 20 lantu

992 1534 88 22 dulore.
1103 1533 25 23 Si
1149 1533 57 22 sintì
1223 1532 92 29 dunque
1335 1531 128 25 abbattuta,

990 1568 130 22 sciambarò
1139 1574 14 15 e
1164 1567 51 22 fece
1228 1573 29 15 un
1268 1571 73 24 passu
1359 1564 104 23 indaretu

992 1608 41 22 per
1044 1601 157 23 riturnassine
1209 1601 23 22 in
1244 1606 100 17 caméra.

1017 1635 38 23 Ma
1064 1635 56 22 sinti
1130 1635 25 22 di
1163 1636 61 21 nôvu
1237 1641 14 15 a
1261 1640 58 17 voce
1329 1632 135 30 pienghien-

992 1673 21 19 te
1025 1670 24 21 di
1061 1669 124 22 Bernardu
1203 1668 93 30 gridalli
1307 1675 5 15 :
1332 1674 15 15 «
1359 1666 20 22 O
1390 1666 72 23 Mari!

989 1703 20 22 O
1021 1703 59 22 Mari
1089 1704 6 20 !
1115 1702 35 23 Eo
1165 1702 116 22 t’adurava
1294 1708 14 16 e
1320 1704 25 19 tu
1364 1700 100 23 m’aban-

989 1738 53 21 doni
1053 1737 6 22 !
1071 1736 43 23 Stu
1126 1743 75 23 corpu
1217 1736 129 29 struppiatu
1366 1737 98 20 cuntene

992 1779 14 14 u
1018 1773 54 20 côre
1084 1771 40 22 chi
1149 1771 36 22 s’è
1207 1772 81 27 spentu
1305 1776 30 16 eu
1359 1769 102 22 l’amore.

990 1805 92 22 Dammi
1105 1812 14 15 a
1144 1804 121 30 sepultura
1287 1804 24 22 in
1341 1804 85 22 chiesa'
1439 1803 23 21 di

989 1839 46 22 San
1059 1839 144 26 Francescu,
1231 1839 45 21 in’u
1298 1846 13 15 a
1330 1837 79 23 tomba
1438 1836 23 22 di

989 1874 44 22 mei
1044 1873 6 21 !
1068 1881 12 14 »

1016 1906 74 23 Maria
1102 1909 51 27 apri
1167 1914 14 15 a
1191 1909 65 27 porta
1265 1906 23 22 di
1300 1913 57 16 casa
1368 1913 13 15 e
1403 1907 58 21 surti

989 1948 13 15 a
1024 1947 67 15 mezu
1109 1940 101 30 bughiu,
1231 1941 108 22 s’avanzô
1362 1947 68 15 versu
1447 1946 14 16 a

989 1975 79 29 piazza
1080 1975 24 21 di
1116 1982 16 14 u
1144 1975 132 22 cumbentu.

1016 2009 21 21 A
1051 2011 65 19 notte
1139 2015 42 15 era
1190 2015 75 16 scura.
1283 2008 48 22 Per
1350 2007 110 23 mumenli

989 2049 14 15 a
1015 2043 108 28 timpesta
1131 2042 107 22 cacciava
1247 2042 8 22 i
1274 2042 51 22 nuli
1349 2049 13 15 e
1382 2049 13 15 a
1406 2043 55 21 luna

989 2076 131 23 schiariava
1164 2083 14 15 a
1212 2078 66 20 tarra.
1312 2076 40 23 Ma
1382 2084 16 14 u
1425 2076 35 22 lu-

990 2117 36 15 me
1045 2110 94 27 celeste,
1163 2110 100 22 d’orrore
1282 2110 178 30 s’imbuglinava

990 2144 39 22 n’u
1040 2151 28 15 so
1079 2144 55 22 velu
1141 2151 5 20 ;
1166 2144 86 29 perché
1263 2144 168 29 quailà,bicinu
1440 2144 20 22 a’

990 2185 14 15 u
1020 2178 133 27 cumbentu,
1177 2181 59 19 sette
1247 2179 68 22 morti
1329 2178 132 30 ghiacianu,

991 2218 47 16 unu
1058 2212 103 22 accant’a
1175 2212 84 27 l’altru,
1276 2215 74 19 nantu
1362 2219 14 16 a
1387 2212 73 23 força.

1019 2252 35 22 Da
1062 2259 13 15 a
1094 2253 61 21 cima
1162 2252 24 22 di
1206 2259 14 15 u
1232 2252 130 30 campanile
1377 2260 15 14 u
1402 2253 59 21 cioc-

990 2286 37 22 ciu
1039 2292 13 16 e
1064 2293 14 15 a
1088 2286 123 23 malacella
1219 2286 139 30 lampavanu
1371 2287 8 21 i
1390 2293 27 16 so
1425 2293 36 15 ur-

990 2320 15 22 li
1014 2321 136 28 spaventosi
1158 2328 6 14 :
1179 2327 40 16 era
1227 2328 16 14 u
1254 2327 85 15 voceru
1353 2320 24 22 di
1397 2321 8 21 i
1422 2327 39 22 po-

989 2354 49 22 vari
1050 2360 13 16 e
1079 2354 24 22 di
1116 2354 8 22 i
1136 2355 95 21 nucenti
1243 2355 116 29 castigati.
1379 2354 82 23 Bicinu

989 2388 19 22 a’
1021 2388 86 29 piezza,
1129 2395 32 15 un
1170 2388 138 30 granadieru
1331 2395 14 15 a
1367 2389 21 22 si
1398 2395 63 23 spas-

989 2422 115 28 sighiava,
1112 2429 15 14 u
1144 2422 73 22 fucile
1228 2429 14 15 a
1254 2422 119 22 rermone.
1389 2422 72 23 Pienu

989 2455 23 22 di
1024 2458 114 27 spaventu
1147 2456 22 22 si
1182 2456 78 29 cupria
1272 2462 13 16 a
1310 2456 74 22 faccia
1405 2463 29 15 eu
1446 2464 15 14 u

988 2496 27 16 so
1022 2490 111 22 mantellu
1145 2496 22 20 e,
1182 2489 121 29 biaghiava
1322 2491 69 28 pianu
1412 2491 49 29 pia-

988 2530 39 15 nu.
1040 2523 73 22 Maria
1130 2523 62 23 s’era
1204 2526 139 20 ammantata
1355 2531 29 15 eu
1404 2531 14 16 a
1433 2531 27 16 so

989 2557 95 22 faldelta
1093 2564 42 23 per
1142 2557 107 29 piettassi
1258 2558 95 29 megliu.
1360 2558 100 23 Dumaii-

989 2591 76 22 dendu
1079 2598 16 14 u
1107 2597 113 17 succorsu
1229 2591 23 22 di
1269 2598 13 16 a
1294 2592 73 23 Santa
1380 2592 80 24 Madré

988 2624 30 22 di’
1031 2624 77 23 dulori
1119 2625 168 22 s’avanza^cun
1299 2632 72 22 passu
1380 2627 78 23 decisu

987 2665 69 15 versu
1068 2665 13 15 a
1091 2658 66 22 força
1174 2658 119 23 Bernardu
1308 2666 41 16 era
1367 2668 15 14 u
1395 2662 64 22 selti-

988 2698 65 16 mu...
1063 2699 15 15 u
1091 2694 80 20 staccô
1184 2700 6 19 ;
1199 2692 20 22 U
1228 2699 26 15 so
1263 2694 132 23 còrebattia
1409 2702 6 20 ;
1423 2697 36 28 pi-

987 2725 48 29 glìò
1047 2733 16 14 u
1074 2726 119 22 cadavàru
1205 2726 23 22 in
1239 2726 102 29 bracciu,
1356 2736 14 15 u
1383 2736 76 17 messe

987 2761 72 20 nantu
1067 2766 13 16 e
1088 2766 28 16 so
1126 2760 132 29 spalle.Era
1265 2761 118 25 diventata
1390 2763 66 24 forte.

988 2792 20 22 U
1019 2795 69 27 purtô
1098 2794 23 21 in
1135 2794 109 22 chiesa.a
1262 2795 46 23 San
1317 2796 139 25 Francescu.

988 2826 65 23 Custi
1065 2826 51 23 fece
1128 2830 70 24 retta,
1211 2828 91 30 rispirô,
1310 2834 73 20 nantu
1391 2832 8 22 i
1408 2839 49 16 sca-

987 2860 41 22 lini
1037 2860 24 22 di
1072 2860 91 24 l’altare
1172 2869 7 20 ,*
1192 2869 31 15 un
1234 2862 120 26 luminellu
1366 2866 91 29 brugia-

986 2900 28 16 va
1026 2894 94 23 davanti
1132 2902 14 16 a
1159 2903 15 15 u
1193 2897 86 28 quadru
1292 2897 24 23 di
1336 2905 14 16 a
1362 2899 96 23 Madon-

986 2933 29 16 na
1032 2928 30 22 di’
1074 2928 85 24 dulori.
1179 2929 22 23 U
1215 2937 70 23 corpu
1297 2932 25 22 di
1338 2932 119 23 Bernardu

987 2961 50 22 avia
1045 2964 69 21 toccu
1126 2970 13 15 e
1148 2963 121 24 dinocchie
1276 2966 25 21 di
1309 2972 14 16 a
1335 2967 123 29 giovanot-

986 2997 23 20 ta
1020 3002 67 16 cume
1093 2997 82 29 quellu
1187 2997 24 22 di
1219 2998 77 23 Cristu
1305 3006 14 16 e
1337 3000 121 22 dinocchie

986 3029 23 22 di
1021 3035 14 16 a
1046 3029 125 24 Madonna.

1012 3062 27 23 In
1050 3063 80 23 chiesa
1142 3065 70 22 nisun
1220 3067 99 26 rumóre,
1333 3067 70 21 nisun
1423 3066 35 22 lu-

985 3103 36 15 me
1029 3096 42 23 for’
1082 3097 25 23 di
1115 3105 14 15 a
1141 3098 55 23 luce
1205 3098 62 24 fosca
1276 3100 24 21 di
1317 3107 16 15 u
1343 3100 115 28 lumigno-

984 3130 24 22 lu
1017 3130 38 22 chi
1064 3131 86 29 brugia
1175 3132 92 22 davanti
1287 3134 21 21 a’
1315 3133 76 30 figura
1401 3133 24 22 di
1443 3140 14 15 a

984 3163 137 24 Santissima
1133 3165 103 29 Vergine
1243 3174 7 19 ;
1263 3166 58 27 fòra,
1331 3166 125 22 ditantuin

984 3199 73 25 tantu,
1067 3204 32 15 un
1112 3198 72 29 colpu
1198 3198 24 22 di
1232 3202 78 24 ventu,
1335 3199 40 29 pòi
1394 3206 16 14 u
1425 3199 32 21 si-

984 3230 81 22 lenziu.

1012 3263 73 23 Maria
1106 3265 82 22 s’alzò.
1202 3265 86 29 Ripuni
1299 3272 46 16 cun
1357 3272 100 22 precau-

984 3293 65 21 zione
1061 3301 15 15 u
1088 3296 118 21 cadaveru
1217 3296 23 21 di
1249 3296 122 22 Bernerdu
1387 3302 69 22 sopra

984 3326 8 22 i
1007 3326 83 23 scalini
1108 3328 24 22 di
1144 3329 96 22 l’altaré'
1252 3336 13 14 e
1284 3330 63 21 andô
1358 3336 69 15 versu
1442 3336 14 15 a

986 3359 78 22 tomba
1088 3361 24 22 di
1132 3369 14 15 a
1158 3369 29 15 so
1207 3362 111 28 famiglia,
1328 3362 75 29 l’apri,
1417 3362 39 28 pôi

984 3391 118 29 pigliendu
1114 3402 15 14 u
1147 3398 78 20 mortu
1240 3395 17 21 li
1272 3395 61 21 dede
1345 3402 32 15 un
1388 3394 68 22 baciu

984 3430 13 15 e
1004 3431 16 15 u
1032 3424 50 24 fece
1092 3426 49 24 falà
1153 3429 72 25 pianu
1231 3428 47 22 in’u
1291 3434 14 15 a
1313 3428 81 22 tomba
1406 3434 13 15 e
1441 3434 14 15 a

984 3459 72 21 sarrô.

1011 3490 73 24 Maria
1105 3496 64 19 restô
1187 3501 31 14 un
1229 3495 120 20 mumentu
1361 3493 95 22 davanti

985 3529 12 15 a
1006 3523 74 29 figura
1093 3526 25 21 di
1126 3533 14 15 a
1158 3527 113 21 Madonna
1292 3532 14 15 e
1326 3527 72 27 pregô
1411 3532 45 15 cun

985 3555 90 23 fervore
1098 3559 149 29 implurendu
1263 3564 13 15 a
1292 3565 60 21 paee
1370 3558 87 22 céleste

984 3595 41 21 per
1036 3588 93 25 l’anima
1144 3592 26 21 di
1184 3590 126 23 Bernardu.
1323 3590 44 22 Pôi
1388 3591 22 21 si
1425 3590 31 22 al-

984 3620 95 23 luntanò
1092 3623 24 21 in
1124 3624 100 22 silenziu
1237 3630 14 15 e
1263 3623 88 21 rientrô
1363 3624 24 21 in
1402 3630 54 15 casa

984 3652 45 22 in’a
1040 3660 29 15 so
1080 3658 103 20 stanza.-

1010 3685 22 21 A
1057 3686 71 24 Talba
1148 3689 22 21 si
1190 3689 53 22 vide
1260 3688 70 22 ch’un
1342 3688 115 22 cadaveru

984 3724 111 16 mancava
1106 3728 14 13 c
1132 3721 118 22 ch’ell’era
1264 3721 82 28 quellu
1360 3722 24 21 di
1401 3721 57 22 Ber-

983 3750 82 22 nardu.
1078 3751 42 23 Sta
1140 3754 88 22 nutizia
1244 3754 21 21 si
1275 3760 83 22 sperse
1378 3754 79 22 subitu

1657 149 42 32 M
1723 144 156 47 QUESTION
1901 142 201 43 SECOpfllEE
2124 142 59 36 DES
2209 142 101 44 GOURS

1760 205 84 25 Scène
1856 206 78 31 pour
1949 211 56 17 une
2016 201 101 35 friture
2133 211 90 17 revue.

1516 282 25 17 La
1549 282 56 17 scène
1615 286 21 13 se
1645 285 52 18 passe
1714 285 24 13 au
1752 279 87 19 chef-lieu
1856 280 23 17 de
1890 279 39 18 l’île
1943 280 24 17 de

1494 304 122 21 Honoloulou,
1626 302 22 19 38
1658 303 58 18 Cours
1728 302 87 22 Petitval,
1828 306 24 13 au
1869 302 97 18 deuxième

1494 326 58 22 étage,
1567 326 111 17 récemment
1688 325 43 17 loué
1739 325 11 17 à
1757 329 37 13 une
1805 324 50 18 école
1867 325 23 17 de
1900 324 66 23 jeunes

1494 348 56 17 filles.
1558 348 18 17 A
1586 347 81 22 l’entrée,
1678 347 126 18 antichambre
1811 347 23 18 où
1846 348 81 17 donnent
1937 347 28 18 les

1493 371 61 21 portes
1568 370 34 18 des
1616 370 54 18 salles
1682 370 23 17 de
1716 370 65 17 classe.
1799 369 34 18 Ces
1848 370 61 22 portes
1923 370 43 18 sont

1493 393 87 17 ouvertes
1586 393 20 17 et
1617 393 23 17 de
1650 392 81 18 chacune
1739 392 53 18 vient
1798 397 27 13 un
1835 392 50 18 bruit
1893 397 73 13 assour^

1494 414 71 18 dissant
1585 415 24 17 de
1625 415 137 18 conversations
1783 415 137 21 entrecroisées,
1938 420 27 12 un

1493 437 95 18 brouhaha
1596 436 79 23 général.
1685 437 30 18 Au
1722 437 67 18 milieu
1796 438 23 18 de
1824 437 142 18 l’antichambre

1492 464 20 13 se
1519 459 48 18 tient
1577 464 38 13 une
1626 459 125 19 surveillante.
1764 460 39 19 Elle
1810 460 36 19 tire
1854 461 23 17 de
1888 464 33 14 son
1934 464 32 14 sac

1492 482 23 18 de
1525 481 57 22 petits
1593 486 97 14 morceaux
1702 482 23 19 de
1737 484 53 17 coton
1798 483 66 22 qu’elle
1879 483 52 18 roule
1941 487 24 13 en

1493 504 54 18 boule
1554 505 53 17 entre
1615 509 30 14 ses
1653 505 61 22 doigts
1730 506 20 17 et
1764 506 107 18 s’introduit
1879 506 46 17 dans
1936 505 29 18 les

1492 527 82 18 oreilles.
1583 526 56 19 Entre
1644 532 26 13 un
1678 528 100 19 Monsieur.

1518 562 30 20 Le
1557 562 121 21 Monsieur.
1687 573 27 3 —
1722 563 102 25 Pardon,
1838 563 127 21 Mademoi-

1491 587 62 24 selle,
1564 588 151 21 excusez-moi
1728 589 30 20 de
1772 596 56 13 vous
1842 589 121 24 déranger.

1517 619 31 20 La
1562 619 154 22 Surveillante.
1729 630 27 5 —
1767 620 77 21 Hein!
1858 620 57 21 Vous
1930 619 35 20 di-

1492 647 34 18 tes
1537 644 13 21 ?
1966 650 4 21 \

1517 676 30 21 Le
1556 676 31 21 M.
1597 675 22 27 (à
1631 676 57 26 part)
1695 689 27 4 —
1730 677 51 21 Elle
1789 677 50 19 doit
1847 678 47 18 être
1901 682 64 14 sour-

1491 702 37 20 de.
1543 700 80 28 (Haut)
1642 703 58 20 C’est
1716 702 54 21 bien
1783 701 31 21 ici
1829 700 77 21 l’école
1922 700 42 20 des

1491 734 123 14 nouveaux
1622 735 64 14 cours
1693 727 147 21 secondaires
1845 726 13 20 ?

1517 758 30 21 La
1554 759 24 21 S.
1586 771 28 4 —
1619 759 62 21 Mais
1688 759 70 25 enfin,
1767 757 122 23 Monsieur,
1895 756 68 21 dites-

1491 785 47 20 moi
1544 791 26 14 ce
1581 791 47 19 que
1643 791 56 14 vous
1712 784 97 20 désirez.
1823 782 57 26 (Elle
1897 782 66 21 retire

1491 810 114 21 vivement
1613 810 21 20 le
1643 814 64 17 coton
1717 810 28 20 de
1753 816 37 14 ses
1799 807 103 26 oreilles).

1517 841 30 20 Le
1554 841 32 21 M.
1596 840 113 26 (àpart)—
1715 840 90 22 Sourde
1810 845 30 15 ou
1846 839 117 22 distraite;

1488 868 114 23 peut-être
1609 866 34 21 les
1650 867 67 20 deux.

1516 898 30 20 La
1556 898 33 24 S.,
1599 898 38 25 qui
1649 904 13 14 a
1676 897 105 21 entendu.
1797 906 25 4 —
1835 895 56 22 Ah!
1902 895 61 21 dites

1490 923 66 24 donc,
1563 923 26 25 je
1597 930 30 14 ne
1634 923 48 21 suis
1689 923 27 20 ni
1723 922 83 21 sourde
1814 921 27 21 ni
1847 921 76 21 idiote.
1933 921 29 19 Je

1490 955 36 14 me
1531 951 59 18 mets
1597 948 143 26 simplement
1747 948 33 20 du
1788 949 66 18 coton
1860 946 61 21 dans
1928 946 34 20 les

1490 974 89 21 oreilles
1585 977 60 22 pour
1651 980 29 15 ne
1687 976 48 22 pas
1743 973 22 20 le
1772 972 100 21 devenir.

1516 1006 30 20 Le
1550 1005 35 23 JVL
1595 1015 26 4 —
1632 1005 23 21 Il
1666 1007 35 18 est
1709 1004 54 20 vrai
1774 1004 96 25 qu’avec
1879 1009 26 14 ce
1920 1008 40 14 va-

1490 1038 102 13 carme...
1601 1029 177 24 Mademoiselle,
1785 1029 26 25 je
1815 1029 49 20 suis
1872 1028 22 20 le
1904 1028 57 24 père

1490 1056 69 21 d’une
1567 1056 69 20 élève.
1645 1055 49 21 J’ai
1700 1061 32 14 vu
1737 1055 62 20 dans
1804 1054 34 20 les
1843 1054 118 24 journaux

1490 1088 44 19 que
1550 1081 35 21 les
1594 1081 110 25 plalonds
1720 1080 128 25 inquiètent
1863 1079 34 20 les
1907 1081 54 22 pro-

1487 1107 129 25 priétaires,
1626 1109 23 18 et
1653 1106 25 25 je
1685 1106 66 21 viens
1758 1105 73 21 voir...

1515 1138 30 20 La
1554 1138 25 20 S.
1590 1149 28 5 —
1630 1137 45 23 Ah,
1687 1137 54 20 oui!
1757 1137 45 20 Les
1816 1136 141 25 journaux...

1493 1163 57 21 Vous
1558 1163 109 20 tremblez
1674 1166 63 22 pour
1746 1162 34 20 les
1790 1160 113 26 plafonds
1907 1160 13 20 ?
1931 1159 29 21 Je

1489 1189 52 20 vais
1548 1195 59 14 vous
1609 1191 98 22 prouver
1715 1187 51 21 leur
1770 1187 96 21 solidité.
1879 1184 78 21 Tenez.

1489 1213 57 26 (Elle
1554 1220 26 14 se
1592 1217 47 17 met
1646 1214 13 20 à
1667 1212 90 26 danser)
1766 1212 121 24 Schimmy.
1902 1209 58 26 (Elle

1490 1238 85 27 danse).

1516 1270 31 20 Le
1558 1270 31 20 M.
1603 1281 27 5 —
1641 1270 36 20 De
1688 1270 78 24 grâce.
1781 1268 28 21 Si
1819 1268 34 20 les
1866 1268 94 24 poutres

1490 1295 131 21 cédaient...

1516 1326 31 20 La
1555 1326 33 24 S.,
1597 1326 84 25 change
1689 1326 28 20 de
1725 1332 48 20 pas,
1782 1324 71 21 croise
1861 1324 33 20 les
1900 1324 59 22 bras,

1491 1355 22 17 et
1526 1358 110 14 annonce.
1656 1362 25 4 —
1702 1351 37 21 La
1764 1350 112 22 matelote.
1903 1348 58 26 (Elle

1491 1376 86 26 danse).

1513 1407 34 21 Le
1552 1407 32 21 M.
1590 1417 27 4 —
1621 1408 61 20 Mais
1690 1413 109 19 voyons...
1811 1406 59 20 C’est
1877 1405 84 26 impru-

1490 1432 63 21 dent.

1516 1464 31 21 La
1553 1465 32 24 S.,
1591 1464 123 26 changeant
1719 1464 29 20 de
1757 1470 47 20 pas.
1810 1473 26 4 —
1844 1463 35 22 La
1882 1463 78 26 gigue.

1490 1488 56 26 (Elle
1554 1492 72 20 danse
1634 1490 21 20 la
1662 1489 83 27 gigue).

1516 1524 31 20 Le
1555 1523 31 21 M.
1595 1533 28 4 —
1629 1523 79 22 Assez,
1718 1522 179 21 Mademoiselle.
1904 1522 57 21 Son-

1488 1556 45 18 gez
1541 1550 16 20 à
1566 1552 65 18 notre
1638 1548 42 21 vie.

1516 1581 31 20 La
1553 1580 24 21 S.
1586 1592 28 4 —
1621 1579 52 22 Ah!
1683 1579 59 21 Vous
1749 1580 108 24 craignez
1862 1582 62 22 pour
1928 1579 34 20 les

1488 1606 113 25 plafonds
1605 1606 12 20 !
1623 1606 29 20 Je
1660 1605 52 21 vais
1719 1611 58 15 vous
1788 1605 62 25 faire
1862 1605 57 20 voir.
1928 1605 34 20 Le

1490 1631 88 21 chahut
1582 1631 12 21 !
1601 1630 56 26 (Elle
1665 1631 70 21 danse
1743 1638 31 13 un
1783 1631 83 20 chahut
1873 1631 88 20 écerve-

1490 1657 28 24 lé,
1536 1656 76 21 levant
1628 1657 33 20 les
1678 1657 88 25 jambes
1780 1660 24 16 et
1819 1659 94 18 mettant
1928 1656 32 20 les

1490 1681 62 27 pieds
1561 1689 40 14 sur
1606 1682 22 21 le
1633 1689 41 14 nez
1682 1682 31 20 du
1719 1682 114 21 Monsieur
1839 1682 39 26 qui
1890 1688 29 14 ne
1928 1682 33 20 dit

1490 1708 49 26 plus
1548 1707 65 26 rien).

1514 1739 50 21 Une
1571 1739 59 24 voix,
1636 1740 14 20 à
1657 1739 78 25 l’étage
1744 1739 139 20 au-dessous.
1888 1749 26 3 —
1920 1739 40 20 Ha

1489 1765 32 20 da
1528 1765 95 25 finiscia
1630 1767 37 18 sta
1675 1765 114 24 cumedia,
1798 1765 23 20 si
1827 1772 14 13 o
1849 1765 30 20 nò
1884 1763 13 22 ?

1514 1796 31 20 Le
1553 1795 31 22 M.
1593 1807 28 5 —
1630 1795 79 28 Quelle
1715 1798 36 18 est
1759 1798 57 18 cette
1823 1796 54 20 voix
1881 1796 13 20 ?

1514 1827 30 20 La
1558 1827 24 21 S.
1597 1839 26 5 —
1638 1827 59 21 C’est
1709 1827 49 20 l’île
1771 1827 43 25 qui
1826 1833 82 14 remue.
1924 1827 36 20 De

1488 1855 73 23 temps
1576 1859 30 14 en
1623 1855 72 23 temps
1711 1852 44 21 elle
1771 1859 17 13 a
1802 1852 42 21 des
1854 1852 104 25 frissons,

1488 1885 86 14 comme
1582 1885 29 19 ça
1618 1885 11 16 ;
1643 1879 59 20 mais
1710 1881 115 22 personne
1837 1879 38 24 n’y
1884 1878 78 25 prend

1486 1903 80 26 garde.
1580 1903 57 26 (Elle
1650 1903 109 26 annonce)
1775 1904 36 20 La
1820 1904 69 20 Java.
1902 1903 57 26 (Elle

1487 1929 70 21 danse
1563 1933 23 17 et
1594 1929 95 26 chante).

1623 1982 91 23 Qu’est-ee
1726 1983 34 22 qui
1770 1983 60 23 dégot’

1644 2005 35 18 Les
1687 2005 60 19 écoles

1623 2028 28 17 Du
1659 2027 124 23 département
1789 2033 5 17 ;

1623 2050 133 23 L’Institution,

1646 2073 34 18 Les
1685 2073 93 23 pensions.

1624 2095 24 18 Et
1652 2096 41 18 tout
1697 2096 143 18 rtremblement
1847 2095 10 19 ?

1646 2118 24 18 Ce
1678 2120 44 17 sont
1729 2123 35 14 nos
1772 2118 58 19 Cours

1623 2141 42 18 Aux
1671 2146 54 14 cours
1732 2141 84 23 toujours
1822 2142 66 18 courts-

1645 2163 27 19 Où
1682 2164 28 18 les
1721 2165 123 22 enseignants,

1645 2187 46 22 Trop
1702 2187 102 22 surmenés,
1810 2193 4 3 -

1623 2208 45 19 Sont
1674 2211 43 17 tous
1726 2210 99 22 remplacés

1644 2232 35 18 Par
1685 2233 33 18 des
1724 2233 126 18 surveillants.

1622 2278 106 19 Récréation
1733 2279 6 18 1
1745 2278 5 19 !

1643 2301 50 19 Nous
1700 2303 74 17 sortons

1622 2324 46 19 Tout
1673 2325 20 18 le
1698 2325 46 23 long
1749 2325 41 17 d’la
1796 2329 39 14 rue.

1644 2348 56 18 Matin
1707 2349 21 17 et
1734 2347 39 19 soir

1644 2369 31 19 Su’
1680 2370 96 19 l’trottoir

1622 2391 28 19 On
1659 2398 47 14 nous
1714 2397 55 20 passe
1777 2398 24 14 en
1807 2394 59 18 r’vue.

1644 2415 33 19 Les
1682 2417 61 18 beaux
1750 2420 83 20 garçons,

1623 2437 45 19 Sans
1676 2443 47 19 peur
1730 2440 21 18 ni
1759 2438 69 23 façons,

1642 2461 80 19 Défilent
1727 2463 69 18 devant
1801 2466 54 15 nous.

1643 2484 15 18 Y
1666 2489 23 14 en
1697 2490 12 13 a
1720 2486 33 18 des
1762 2486 82 21 blondes,

1621 2506 35 19 Des
1662 2509 72 17 minces
1739 2510 20 17 et
1765 2509 33 18 des
1804 2508 73 22 rondes,

1643 2530 23 18 Et
1671 2535 47 18 pour
1726 2532 44 17 tous
1775 2531 29 18 les
1810 2531 61 22 goûts.

1687 2563 23 3 —
1721 2554 55 22 goûts
1782 2553 5 18 !

1486 2631 22 22 in
1521 2638 70 23 paese
1604 2639 13 15 e
1625 2633 9 21 i
1642 2633 79 22 sullati
1732 2633 100 29 gridonu
1844 2633 111 23 all’arme.

1486 2664 24 23 Si
1523 2666 73 23 cridia
1620 2667 45 22 chi
1686 2667 91 29 parenti
1801 2667 23 22 di
1837 2666 118 24 Bernardu

1486 2700 108 23 avessinu
1609 2700 124 29 suppellitu
1752 2700 24 23 di
1787 2703 66 20 notte
1857 2704 79 26 tempu
1941 2709 14 15 u

1485 2737 136 20 sventuratu
1628 2734 98 29 fìgliòlu,
1743 2741 13 15 e
1768 2735 20 22 si
1799 2735 108 29 lamponu
1916 2742 39 16 su-

1485 2768 50 22 bitu
1544 2768 47 22 in’a
1603 2775 26 15 so
1642 2774 61 16 casa.
1714 2768 11 22 I
1737 2769 126 22 sf'urtunati
1873 2776 82 22 paren-

1486 2802 15 21 ti
1510 2801 57 23 funu
1576 2801 79 22 subitu
1667 2803 121 21 incatinati
1796 2809 14 16 e
1821 2802 75 23 chiosi
1910 2803 45 22 in’a

1484 2836 82 22 Torfa.
1586 2835 145 23 Cundannati
1747 2843 14 15 a
1776 2839 74 19 morte
1866 2840 89 25 prutes-

1485 2872 55 19 tonu
1549 2870 25 20 in
1591 2869 61 22 banu
1670 2869 36 22 d’a
1727 2876 28 15 so
1767 2870 150 27 innuncenza;
1931 2877 22 16 a-

1483 2903 69 22 vianu
1565 2902 30 22 da
1615 2905 68 26 passà
1696 2910 43 21 per
1749 2903 100 23 l’ullimu
1868 2904 88 29 suppli-

1483 2937 46 21 ziu.

1512 2969 95 27 Chiosa,
1622 2969 45 22 in’a
1679 2976 27 16 so
1719 2977 79 15 camer
1807 2971 149 27 a,MariaJen-

1485 3003 39 22 tile
1536 3009 73 23 seppe
1617 3002 95 23 l’affare.
1723 3004 73 22 Senza
1814 3004 23 22 di
1852 3012 46 15 una
1915 3012 41 22 pa-

1484 3036 57 22 rolla
1562 3042 67 16 corse
1650 3036 28 22 da
1697 3044 15 14 u
1724 3040 81 20 comte
1827 3039 30 21 de
1884 3039 72 22 Vaux

1483 3069 76 23 ch’era
1574 3070 25 21 in
1620 3069 87 23 Oletta.
1723 3071 26 22 Si
1769 3071 77 29 lampô
1872 3078 13 16 a
1894 3079 6 4 '
1908 3073 9 21 i
1928 3080 28 15 so

1484 3103 53 28 pedi
1545 3110 14 14 e
1572 3103 100 22 cunfìssò
1689 3111 14 15 u
1720 3111 28 15 so
1761 3104 80 22 delitu.

1510 3143 16 15 «
1536 3136 86 28 Aghiu,
1644 3137 69 27 dissé,
1721 3137 56 22 datu
1798 3144 13 15 a
1836 3139 120 28 sepultura

1484 3175 14 15 a
1511 3176 17 15 u
1539 3170 48 20 miò
1603 3170 155 27 innamuratu,
1769 3171 83 22 meritu
1871 3178 14 15 a
1896 3179 61 15 mor-

1484 3205 29 24 te,
1516 3203 160 26 eceummi,ma
1689 3204 106 28 cappiate
1802 3204 19 20 si
1836 3205 117 22 nucenti.»

1510 3235 22 22 U
1548 3237 78 20 comte
1635 3242 31 14 un
1677 3236 58 21 cridi
1748 3236 61 22 mica
1831 3236 80 23 subitu
1919 3244 14 15 a
1942 3244 14 15 e

1483 3268 90 29 parolle
1585 3268 24 22 di
1626 3274 14 16 a
1651 3268 143 28 giuvanotta,
1808 3268 16 22 li
1835 3270 65 27 paria
1912 3270 44 21 im-

1483 3302 113 28 pussibile
1609 3301 81 23 ch’una
1702 3302 76 22 donna
1799 3302 83 22 debule
1896 3302 59 22 fussi

1484 3341 84 22 capace
1580 3335 24 21 di
1613 3334 45 22 taie
1669 3336 110 25 eroismu,
1789 3342 30 15 ne
1830 3335 82 22 ch’ella
1931 3342 25 16 a-

1482 3368 62 21 vessi
1556 3375 15 14 a
1580 3367 65 22 forza
1655 3368 23 21 di
1691 3368 23 21 fà
1738 3369 37 21 ciò
1795 3368 89 22 ch’avia
1895 3369 61 22 fattu

1483 3402 81 21 Maria.
1571 3401 39 21 Ma
1622 3401 92 28 quandu
1726 3408 72 22 seppe
1814 3408 13 15 a
1836 3402 77 27 virità,
1930 3402 26 22 fù

1483 3434 193 29 prufundamente
1691 3440 111 16 eumossu
1825 3441 15 15 «
1851 3434 51 28 Vai,
1915 3443 40 15 no-

1483 3468 47 21 bile
1540 3467 143 29 giuvanotta,
1694 3467 71 27 disse,
1787 3468 37 21 vai
1850 3475 13 15 a
1883 3469 73 23 liberà

1483 3500 28 22 da
1523 3506 42 23 per
1576 3502 24 19 te
1610 3500 7 21 i
1629 3501 87 27 parenti
1729 3500 24 22 di
1765 3508 14 14 u
1792 3504 23 19 to
1827 3502 130 24 innamura-

1484 3536 31 23 tu,
1533 3540 13 15 e
1557 3539 79 23 possa,
1647 3540 15 14 u
1674 3534 101 28 signore,
1786 3535 145 30 ricumpensà
1941 3545 15 15 u

1484 3568 23 19 to
1519 3566 104 21 eroismu
1638 3573 13 13 »

1511 3598 107 22 Listessu
1630 3599 65 22 iornu
1713 3607 15 15 a
1741 3600 65 24 força
1817 3602 26 23 fù
1852 3606 103 22 caceiata

1484 3637 27 16 eu
1533 3631 72 22 l’altri
1621 3632 34 22 sei
1675 3634 107 23 eadaveri
1799 3636 29 29 ai^
1844 3639 64 27 quali
1928 3640 28 22 fù

1484 3664 53 22 data
1543 3671 46 16 una
1605 3666 118 28 sepultura
1736 3669 116 24 cristiana.

1626 3726 169 28 Gregorovius
1799 3731 11 28 (
1812 3732 115 31 Corsica)

1553 3757 123 26 Traduttu
1683 3762 32 22 da
1719 3763 175 27 Mattei-Torre

2018 280 30 21 La
2057 280 31 24 S.,
2098 281 88 21 s’arrête
2192 283 125 24 essoufflée.
2359 290 54 25 DUr

1991 312 59 14 nous
2058 313 29 13 ne
2098 313 97 15 sommes
2211 315 45 18 que
2269 313 157 26 sous-locatair
2434 305 8 16 f

1994 330 56 21 Tout
2057 331 49 21 eda
2114 333 97 24 regarde
2224 341 25 13 ce
2260 335 158 28 débrouillard
2429 352 13 13 w

1991 357 85 24 Philip.
2429 357 13 14 a

2018 386 30 21 Le
2056 387 29 20 M.
2095 397 25 5 —
2128 389 109 25 Philippe
2244 392 96 22 Daudet
2344 396 13 20 ?

1997 445 5 4 .
2055 418 24 31 S-.
2087 428 25 21 T
2115 420 66 35 jy072’
2197 422 60 21 celui
2262 424 44 24 qui
2314 432 58 16 nous
2383 438 16 13 a
2414 435 28 20 i„,

1991 444 70 20 talles
2069 450 34 14 ici.
2114 445 89 21 Comme
2220 449 42 23 qui
2276 449 75 22 dirait
2366 454 21 20 le
2402 444 25 33 ân

1990 469 139 21 manditaire
2154 472 30 19 de
2209 473 188 28 l’établissement
2425 488 17 16 p

1990 494 62 24 bien,
2061 495 64 24 qu’en
2139 496 125 23 dites-vous
2271 499 13 20 ?
2296 501 45 21 Les
2353 494 87 31 blafnïl

1990 520 89 20 sont-ils
2086 521 83 21 solides
2177 522 13 20 ?
2391 520 8 11 ‘
2415 517 27 16 n°

2016 550 31 20 Le
2055 551 30 20 M.
2091 563 26 5 —
2126 552 53 21 Très
2182 554 91 26 solides,
2281 557 161 29 Mademoiselh

1990 579 63 17 Mais
2060 583 28 13 ne
2094 580 151 22 pensez-vous
2253 584 48 22 pas
2312 583 83 26 qu'une
2407 587 35 22 dJ

1990 601 74 21 xième
2071 602 225 26 démonstration?...
2423 600 19 15 61

2016 632 30 20 La
2055 633 23 21 S.
2088 644 25 4 —
2120 634 58 22 Non.
2197 637 117 23 D’autant
2321 641 56 24 plus
2390 648 51 20 qu’u

1987 661 131 21 professeur
2121 663 109 21 pourrait
2237 665 66 20 venir
2307 669 49 21 par
2363 667 16 19 h
2379 675 16 13 a
2395 676 26 16 sa
2421 680 12 12 r
2431 682 11 14 a

1989 689 241 53 Ufp%fZsïLt?aU
2234 694 61 24 fai,;
2304 697 30 18 où
2342 702 52 17 son‘
2401 703 41 44 f»

2017 744 29 20 La
2068 744 23 21 S.
2112 756 26 3 —
2167 747 37 20 Où
2225 749 149 24 voulez-vaus
2393 760 49 18 a»’h

1989 772 75 18 soient
2068 770 13 20 ?
2088 771 61 21 Mais
2157 778 33 14 au
2198 773 85 26 collège
2287 775 13 20 !

2016 800 31 20 Le
2055 801 29 21 M.
2094 812 25 3 —
2126 803 31 20 Et
2164 804 85 24 quand
2255 805 146 27 viennent-ils
2409 815 29 21 ici

2016 832 30 20 La
2055 832 22 20 S.
2090 843 25 4 —
2131 834 36 20 Ici
2174 834 12 20 !
2199 834 132 28 (Chantant)
2347 840 95 26 Peut-êtr

1988 858 101 24 demain,
2095 861 112 22 peut-être
2212 860 115 25 jamais,..
2334 863 82 29 (Parlé)
2426 873 16 16 P

1988 884 51 18 tout
2045 889 46 16 cas,
2101 884 103 25 toujours
2211 892 52 14 vers
2268 893 60 15 onze
2337 889 85 27 heures.

2014 914 31 20 Le
2053 914 29 20 M.
2091 926 26 5 —
2127 915 32 20 Et
2171 916 17 20 à
2201 917 75 24 quelle
2290 918 71 23 heure
2374 929 68 18 sorfer

1987 945 42 14 vos
2042 940 72 20 élèves
2118 940 13 20 ?
2440 953 2 2 ■

2014 970 30 20 La
2053 969 24 22 S.
2082 982 26 4 —
2115 971 20 20 A
2145 972 43 20 dix
2196 972 81 22 heures
2285 978 25 18 et
2317 977 80 25 demie.

2013 1000 31 21 Le
2052 1001 30 20 M.
2091 1012 25 3 —
2124 1002 36 20 De
2172 1006 62 18 sorte
2249 1006 69 27 qnfils
2336 1016 29 14 ne
2383 1016 59 23 voien

1983 1032 89 19 jamais
2089 1027 33 20 les
2143 1028 75 21 élèves
2236 1033 61 21 pour
2314 1034 62 24 faire
2400 1039 35 19 D»

1985 1058 73 14 cours.
2420 1050 22 13 ut

2012 1082 30 20 La
2052 1083 96 38 n~rr/s
2158 1091 26 14 SB
2198 1092 145 28 ref.COnt^nt
2355 1094 59 23 dans
2427 1100 15 17 h

1985 1114 47 14 rue.
2047 1108 24 20 D
2077 1109 93 21 ailleurs
2186 1112 137 26 qu’importe
2330 1117 13 21 ?
2356 1108 86 34 Eesset

1985 1134 48 23 tiel,
2043 1140 138 18 voyez-vous,
2189 1137 55 21 c’est
2247 1140 30 20 de
2281 1144 99 22 pouvoir
2390 1148 52 21 affir

1985 1165 49 14 mer
2041 1164 32 15 au
2078 1163 100 19 ministre
2181 1168 47 19 que
2233 1164 77 23 l’école
2312 1168 129 28 fonctionne

2010 1190 20 20 A
2046 1196 25 14 ce
2084 1196 99 16 moment
2199 1201 30 13 on
2242 1199 82 21 entend
2345 1201 38 22 des
2402 1211 40 15 vor

1985 1216 56 20 dans
2065 1224 43 14 une
2129 1219 71 21 classe
2221 1221 85 23 voisine
2318 1232 7 14 :
2345 1227 97 23 Pousse?

1985 1242 118 22 Poussez!
2109 1244 44 21 Aie
2161 1246 12 20 !
2186 1246 52 22 Elle
2248 1251 37 18 est
2297 1252 54 24 trop
2364 1260 78 18 grosse

1985 1269 52 19 EUe
2044 1274 30 14 ne
2079 1272 97 22 passera
2181 1275 56 22 pas.
2253 1274 126 25 Laisse-toi
2388 1280 54 25 faire

1985 1293 105 21 Amehe!
2102 1296 34 21 Ne
2152 1299 96 21 résistez
2261 1303 54 22 pas,
2333 1303 109 26 Madem0i

1985 1323 62 19 selle,
2057 1323 148 21 laissez-vous
2217 1325 66 22 aller.
2298 1339 27 5 —
2337 1330 44 20 Aie
2390 1332 9 13 ’
2410 1333 32 19 Mr

1986 1346 72 20 man!
2065 1346 59 22 Aie!
2134 1348 36 21 On
2179 1356 37 14 me
2221 1351 49 24 fait
2274 1354 90 22 mal!...

2094 1390 27 5 ~
2130 1380 64 21 Mais
2203 1388 13 14 C
2221 1385 35 18 est
2264 1384 26 20 la
2307 1385 54 21 voix
2377 1388 30 20 de
2419 1397 22 14 m

1984 1402 65 24 fille!
2058 1403 48 27 Que
2113 1411 25 14 se
2143 1408 138 22 passe-t-H?

2013 1434 30 20 La
2052 1435 23 21 S.
2085 1448 25 4 —
2120 1436 61 22 C’est
2187 1438 23 20 le
2217 1439 89 22 chinois
2314 1442 31 20 de
2352 1443 90 25 l’établi

1986 1463 88 18 sement
2083 1462 41 25 qui
2134 1463 77 21 donne
2230 1465 16 20 à
2259 1472 38 15 ces
2318 1468 124 26 demoiselle

1986 1492 46 14 une
2039 1487 69 25 petite
2112 1489 107 22 séance...

2013 1517 31 21 Le
2051 1518 38 25 M.,
2098 1519 32 21 les
2142 1521 75 21 mains
2231 1523 56 21 dans
2299 1524 99 24 cheveux
2422 1530 20 22 le

1987 1550 58 19 yeux
2053 1544 99 27 hagards.
2167 1557 27 4 -
2213 1548 113 27 Qu’est-ce
2343 1559 44 19 que
2399 1544 43 33 ’vou

1986 1572 60 18 dites
2054 1572 12 18 ?
2071 1572 11 18 !
2086 1572 26 19 ?!

2013 1606 30 21 La
2052 1607 23 21 S.
2087 1618 26 4 —
2127 1608 50 22 Oui.
2189 1611 71 21 Notre
2269 1613 128 25 inspecteur
2405 1618 37 22 d’a

1986 1634 101 20 cademie
2095 1640 16 14 a
2118 1636 105 25 imaginé
2237 1644 31 14 un
2279 1641 96 23 système
2383 1643 29 20 de
2420 1644 22 21 la

1986 1665 88 14 minoir.
2094 1659 59 21 C’est
2166 1662 23 20 le
2207 1664 96 24 système
2320 1666 30 21 B.
2367 1667 30 21 D.
2417 1670 25 21 Oi

1983 1687 72 21 passe
2065 1685 33 21 les
2107 1686 73 22 élèves
2187 1695 33 13 au
2233 1689 110 23 laminoir
2350 1695 59 22 pour
2420 1695 20 21 le

1983 1709 62 25 faire
2057 1710 111 23 diminuer
2181 1714 30 20 de
2225 1715 96 22 volume.
2333 1718 36 21 On
2385 1726 16 14 a
2418 1722 24 20 di

1986 1735 94 25 qu’elles
2081 1738 107 24 pesaient
2192 1746 29 14 en
2230 1747 109 19 moyenne
2344 1745 98 25 cinquan

1987 1763 24 17 te
2020 1762 65 23 kilos,
2099 1769 25 14 ce
2137 1764 43 24 qui
2196 1768 61 22 pour
2268 1768 57 20 trois
2336 1773 62 18 cents
2410 1772 32 20 élè

1985 1792 41 14 ves
2029 1788 99 24 feraient
2134 1790 87 24 quinze
2225 1792 61 21 mille
2295 1794 67 22 kilos.
2376 1797 66 21 Alors

1984 1818 58 14 vous
2055 1816 138 24 comprenez,
2207 1819 70 23 après
2283 1820 63 21 deux
2357 1823 57 20 mois
2423 1824 19 20 d,

1984 1840 95 22 système
2088 1839 29 21 B.
2127 1840 30 21 D.
2170 1842 56 20 elles
2239 1850 29 14 ne
2278 1846 109 24 pèseront
2398 1849 44 23 plu.

1985 1869 46 19 que
2037 1866 126 26 vingt-cinq
2174 1867 74 27 kilogs
2255 1870 109 23 chacune.

2010 1903 31 21 Le
2053 1903 38 25 M.,
2109 1907 117 25 respirant.
2242 1920 26 4 —
2279 1911 40 21 Ah
2326 1912 13 20 !
2351 1913 29 20 Je
2393 1920 47 15 com

1981 1930 88 23 prends
2078 1945 5 5 .
2102 1931 52 21 Très
2169 1933 62 24 bien,
2249 1937 46 20 très
2311 1937 131 25 ingénieux.

1983 1955 40 24 (La
2032 1961 59 15 mam
2099 1963 28 14 au
2135 1958 72 26 coeur)
2223 1960 60 22 C’est
2292 1963 62 25 égal,
2364 1964 47 26 j’ai
2424 1972 18 15 et

1984 1986 45 14 une
2036 1982 59 20 belle
2099 1985 59 22 peur
2161 1984 37 21 !...

2010 2011 30 21 La
2049 2012 23 20 S.
2117 2014 39 21 Du
2161 2018 68 23 reste,
2238 2017 25 21 la
2271 2019 75 21 classe
2358 2028 16 14 a
2386 2029 56 15 assex

2082 2064 6 5 .
2109 2044 74 17 avant
2193 2045 61 21 pour
2270 2044 25 20 la
2313 2047 122 22 récréation
2439 2064 3 5 .

1982 2066 58 21 (.hile
2053 2068 57 21 agite
2126 2072 45 14 une
2187 2073 109 17 sonnette.
2316 2071 43 22 Les
2379 2073 63 22 élève!

1983 2092 130 29 sortentpar
2120 2094 73 19 foutes
2201 2094 34 20 les
2243 2094 80 23 issues.
2329 2097 112 28 Laplupar

1982 2120 26 14 se
2016 2116 130 25 précipitent
2154 2125 51 14 vers
2209 2119 22 21 la
2240 2122 73 20 même
2326 2127 70 21 porte,
2413 2131 29 19 qu

1983 2146 70 15 ouvre
2063 2147 39 15 sur
2110 2149 28 14 un
2147 2143 58 22 local
2218 2147 45 19 très
2274 2148 73 21 étroit.
2364 2149 35 21 On
2415 2157 26 13 en

1982 2167 54 19 tend
2041 2173 7 14 :
2084 2168 136 23 Laisse-moi
2220 2174 91 22 passer.
2323 2174 33 21 Tu
2360 2176 81 20 m’écra

1981 2198 45 14 ses.
2034 2193 29 19 Je
2070 2193 50 21 n’ai
2126 2198 48 21 pas
2183 2196 53 24 fini.
2250 2199 39 20 Ah
2297 2200 12 20 !
2322 2201 50 20 J’ai
2377 2201 45 21 mis
2429 2201 13 21 h

1979 2219 61 23 pied
2054 2219 107 22 dedans!
2173 2233 27 5 —
2216 2223 61 22 C’est
2289 2225 31 21 de
2331 2226 26 21 la
2371 2227 71 21 veine.

1982 2253 27 4 —
2024 2244 48 21 J’ai
2085 2245 26 20 la
2126 2246 100 22 chemise
2242 2251 105 21 mouillée
2362 2252 8 15 '
2393 2253 49 20 C’es.

1982 2270 132 21 Antoinette
2121 2273 43 24 qui
2170 2274 46 20 m’a
2222 2277 98 22 poussée
2327 2277 35 21 !...

2008 2306 31 20 Le
2047 2307 29 20 M.
2085 2320 26 4 —
2125 2310 60 20 C’est
2192 2311 33 21 ici
2231 2312 25 21 la
2266 2313 108 24 fontaine
2380 2314 14 21 ?
2409 2315 33 21 Cet

1982 2334 140 21 demoiselles
2130 2338 56 19 vont
2192 2337 64 22 boire
2263 2338 13 21 ?

2009 2362 31 21 La
2048 2364 24 20 S.
2078 2374 26 5 —
2110 2366 62 22 Mais
2180 2374 55 15 non.
2241 2370 61 21 Cest
2306 2374 62 22 pour
2369 2378 17 19 y
2390 2372 52 25 fairt

1984 2390 22 18 le
2022 2391 118 21 contraire.
2151 2393 71 21 Alors
2238 2401 56 16 vous
2310 2401 132 21 comprenez,

1985 2420 84 15 comme
2077 2416 20 20 il
2101 2418 38 25 n’y
2146 2425 17 13 a
2171 2420 73 24 qu’un
2251 2421 65 21 local
2323 2425 61 23 pour
2396 2423 46 21 iroit

1983 2442 64 18 cents
2058 2441 96 23 élèves...

2010 2471 31 20 Le
2049 2472 29 20 M.
2122 2474 53 22 Oui.
2185 2477 61 21 C’est
2252 2478 22 21 le
2278 2480 107 26 principe
2389 2480 29 21 de
2424 2480 18 20 le

1983 2500 174 21 concentration.
2166 2500 29 26 (II
2203 2509 26 14 se
2237 2504 117 22 bouche-le
2365 2504 56 27 nez).

2081 2548 25 4 ~
2119 2538 26 20 ‘•S*
2159 2545 58 15 nous
2227 2542 82 21 voulez
2320 2542 122 22 descendre,

1983 2562 120 23 Monsieur,
2110 2569 56 16 vous
2173 2566 123 23 assisterez
2304 2568 138 26 aujourd'hui

1983 2591 17 13 a
2009 2592 32 14 un
2049 2588 76 21 match
2132 2592 65 19 entre
2210 2598 43 14 nos
2267 2594 76 21 élèves
2351 2597 23 18 et
2384 2593 58 21 céllet

2021 2612 11 19 l
2037 2613 60 20 école
2104 2614 51 21 d’en
2161 2615 63 25 face.
2239 2618 94 23 Chacun
2341 2620 41 21 des
2390 2620 52 20 deux

1982 2639 180 22 établissements
2178 2642 92 26 dispose
2280 2645 58 21 d’un
2355 2644 87 22 trottoir.

1982 2663 36 19 La
2026 2670 41 14 rue
2073 2667 47 18 sert
2126 2666 29 20 de
2161 2667 55 25 fron
2216 2669 56 21 tière
2273 2685 6 6 .
2294 2671 87 27 Quand
2387 2671 20 20 il
2409 2677 17 19 y
2432 2676 10 13 e

1982 2690 52 23 trop
2039 2689 19 20 d
2064 2690 117 26 incidents,
2192 2700 30 14 on
2228 2695 80 21 décide
2313 2701 129 16 unerencon-

1982 2715 95 35 tf.e‘j~es
2084 2716 72 22 élèves
2162 2724 27 14 se
2197 2719 84 22 livrent
2284 2722 17 20 à
2309 2723 44 20 des
2359 2722 83 21 assauti

1981 2740 31 18 de
2016 2740 65 20 boxe.
2087 2741 43 21 Les
2132 2749 102 19 garçons
2238 2746 30 20 de
2271 2747 79 22 l’école
2355 2755 28 14 en
2388 2747 54 25 face,

1982 2769 41 19 qui
2031 2768 35 17 est
2072 2772 44 15 une
2123 2768 61 21 école
2195 2771 76 25 mixte,
2283 2776 93 18 servent
2391 2773 51 20 d’ar-

1981 2791 71 19 bitres
2053 2800 10 10 s
2079 2792 70 22 Celles
2164 2795 31 20 de
2211 2803 42 14 nos
2265 2798 75 21 élèves
2361 2798 42 26 qui
2421 2803 21 15 ni

1981 2816 117 21 matchent
2102 2821 53 22 pas,
2163 2821 50 20 s’en
2222 2822 61 21 iront
2290 2830 54 15 vers
2348 2824 25 21 la
2376 2824 66 25 grotti

1981 2846 88 16 voisine
2076 2845 23 17 et
2105 2844 33 20 les
2142 2845 107 23 buissons
2255 2850 44 23 qui
2307 2850 134 20 Ventourent

1984 2868 42 18 Ces
2039 2868 103 22 bmssons
2149 2874 43 17 ont
2196 2872 137 28 Vavantage
2341 2875 30 20 de
2376 2873 66 27 facili-

1981 2893 37 17 ter
2024 2893 11 18 l
2041 2893 60 21 école
2107 2895 163 24 buissonnière.

2008 2922 31 20 Le
2052 2923 30 21 M.
2149 2927 56 21 Tout
2218 2929 50 21 cela
2284 2934 37 18 est
2337 2932 45 20 très
2397 2930 45 21 biei

1981 2950 104 22 compris.

2162 2997 74 22 Scène
2246 3000 26 20 U

2009 3034 60 21 Dans
2081 3036 21 20 la
2113 3044 46 15 rue.
2174 3040 43 20 Les
2229 3041 72 21 élèves
2313 3043 129 21 matcheuse!

1982 3064 25 14 se
2015 3066 92 19 rangent
2115 3069 38 14 sur
2161 3064 22 21 le
2192 3066 55 20 bord
2255 3067 31 20 du
2298 3069 94 20 trottoir.
2408 3067 34 21 Su:

1981 3086 23 17 le
2014 3086 53 20 bord
2076 3089 81 23 opposé
2165 3094 53 17 sont
2227 3093 92 23 rangées
2327 3093 35 20 les
2377 3093 65 20 élève;

1982 3111 29 17 de
2018 3111 8 18 1
2033 3114 61 18 autre
2102 3114 61 20 école
2171 3115 47 24 qui,
2226 3116 49 23 elle,
2284 3117 91 23 dispose
2386 3118 56 19 d’un<

1982 3140 56 14 cour
2044 3135 125 26 intérieure,
2180 3139 57 20 mais
2249 3140 68 24 opère
2333 3147 27 13 ce
2369 3141 73 23 jour-li

1982 3164 46 14 une
2048 3162 73 20 sortie.
2135 3163 35 20 Au
2185 3163 76 20 milieu
2281 3164 22 20 le
2316 3165 126 24 professeur

1982 3183 113 22 Monsieur
2102 3186 114 25 Nuageux,
2227 3188 48 20 lève
2280 3195 26 14 sa
2315 3196 78 16 canne.

2010 3214 112 22 Monsieur
2138 3216 114 26 Nuageux.
2315 3221 37 21 En
2368 3225 73 19 avant

1980 3240 94 19 marche
2082 3240 6 19 !

2008 3269 42 20 Les
2059 3270 71 22 élèves
2138 3278 25 14 se
2170 3272 81 25 jettent
2258 3275 34 22 les
2305 3285 56 15 unes
2373 3282 69 19 contrf

1981 3294 34 20 les
2024 3298 80 18 autres.
2119 3296 30 21 Le
2158 3299 75 21 match
2242 3308 129 18 commence
2380 3314 6 12 :
2398 3304 44 22 Crê-

1981 3325 57 18 page
2054 3320 28 20 de
2098 3321 114 27 chignons.
2228 3326 101 24 Pendant
2340 3337 26 14 ce
2377 3334 65 21 temps

1982 3345 66 19 celles
2057 3352 37 18 qui
2103 3353 28 15 ne
2138 3355 111 19 prennent
2262 3360 41 18 pas
2313 3360 50 21 part
2375 3358 14 19 à
2402 3356 40 20 l’as-

1981 3374 84 36 Snt?
2081 3372 97 38 ÿngen^
2189 3382 51 16 vers
2253 3378 32 22 Ies
2299 3381 104 22 buissons
2417 3380 25 20 du

1982 3393 55 21 haut
2042 3395 30 21 du
2081 3397 69 23 Cours
2159 3400 100 28 Petitval,
2269 3407 154 21 enchantant:

1981 3435 48 24 Non,
2035 3437 19 22 je
2059 3443 25 14 ne
2090 3442 70 19 matche
2167 3448 41 19 pas,
2216 3445 40 19 Non
2261 3447 19 23 je
2285 3453 26 14 ne
2315 3450 73 18 matche
2393 3452 49 20 pas...

2015 3460 11 17 J
2037 3465 41 15 suis
2084 3462 16 19 la
2106 3465 51 22 p’tite
2164 3466 52 19 Nana
2226 3468 140 26 d’Amérique...

2009 3501 30 21 Le
2047 3502 29 22 M.
2094 3510 93 19 prenant
2193 3512 70 23 congé
2268 3512 28 20 de
2303 3512 22 21 la
2333 3513 25 21 S.
2369 3522 25 5 —
2399 3510 43 22 Ma-

1982 3531 134 23 demoiselle,
2119 3531 26 25 je
2147 3534 51 20 suis
2205 3536 116 22 enchanté
2326 3538 30 21 de
2364 3539 49 20 tout
2424 3540 18 15 ce

1982 3558 45 19 que
2029 3560 24 18 je
2061 3561 62 16 viens
2130 3558 30 20 de
2168 3560 56 20 voir.
2231 3561 51 22 Non
2289 3564 126 21 seulement
2424 3559 18 26 fi

1981 3582 105 19 laisserai
2092 3589 37 14 ma
2134 3584 50 24 fille
2195 3586 60 21 dans
2263 3591 64 19 votre
2334 3588 108 22 établisse-

1981 3607 69 21 ment,
2066 3607 28 19 où
2111 3608 42 21 elle
2166 3616 31 14 ne
2207 3614 59 22 peut
2273 3617 49 22 pas
2338 3615 104 23 manquet

1981 3632 18 16 d
2006 3633 126 22 apprendre
2151 3637 51 19 tout
2220 3644 26 14 ce
2264 3640 85 24 qu’elle
2364 3640 78 25 ignore,

1981 3662 61 14 mais
2046 3663 12 18 j
2064 3664 16 18 y
2089 3662 105 20 enverrai
2205 3664 75 20 toutes
2288 3666 70 21 celles
2364 3665 29 21 de
2402 3665 40 19 me*

1978 3683 103 23 parents,
2098 3686 59 20 amis
2173 3690 25 17 et
2213 3691 177 21 connaissances

1980 3709 114 20 voudront
2100 3711 51 21 bien
2160 3713 91 22 écouter
2257 3722 49 14 mes
2314 3714 100 24 conseils.

2202 3773 72 23 Franc
2288 3771 134 26 BARTOLL
