2550 3846
123 443 137 47 Dannu
284 441 163 47 murtale

13 543 144 33 Intenneritu,
165 541 91 26 feghiu,
266 547 16 14 a
291 546 82 14 mezza
380 540 100 24 piazza,

16 582 30 22 Un
52 575 61 23 stolu
121 573 28 20 di
159 571 77 21 zitelli
248 571 24 20 in
286 571 19 20 li
316 571 32 19 so'
355 569 70 26 joghi
429 576 10 16 ;

16 608 57 26 falle
85 610 65 15 sane,
164 605 118 21 speranza
295 601 27 20 di
333 601 26 20 la
372 607 85 15 razza,

15 642 18 23 U
42 633 100 27 coricelli
155 632 97 21 ardenti
259 638 65 14 cume
337 631 74 25 foghi.

17 695 141 27 Circheranu,
168 691 23 20 in
200 690 25 21 la
235 690 58 23 vita,
308 696 15 14 a
331 689 63 25 fassi
399 689 99 25 piazza,

16 731 18 23 U
45 733 26 16 ne
86 723 86 26 fermer
172 722 15 19 à
200 721 87 25 quindi
299 720 58 21 belli
367 720 74 25 pochi
445 726 9 15 ;

15 753 117 31 Intusicati
145 752 33 20 da
192 751 72 20 l’idea
277 754 89 21 pazza,

20 787 55 26 Tutti
81 784 23 21 si
110 782 145 22 scurderanu
263 782 27 19 di
296 781 33 20 sti
336 780 72 25 loghi.

17 850 46 22 tfun
76 844 22 21 si
110 842 81 21 videra
205 841 42 24 pii/
260 840 42 21 che
317 839 97 26 qualchi
427 838 102 22 vecchiu,

19 877 118 25 festimone
150 873 126 24 impotente
289 870 41 21 d’u
343 869 149 26 spavecchiu,

18 910 80 23 piegne
111 904 26 20 la
151 902 92 21 scimità
256 902 27 19 di
294 901 65 20 Vomi
368 901 59 24 forti
435 901 10 19 !

20 970 30 21 Un
60 963 101 28 ghiornu
169 961 132 21 maladettu
309 961 94 22 venerà,

20 1001 18 20 U
35 998 21 22 fi
56 997 23 21 in
88 995 24 20 lu
119 996 73 22 paese
200 998 49 15 nun
257 992 22 20 si
285 991 93 21 truverà

17 1030 80 23 plancu
108 1024 45 25 più
159 1023 97 25 ghiente
262 1026 31 21 pe
301 1022 87 20 ’nterra
397 1021 20 20 li
424 1020 85 21 morti!

347 1063 30 23 G.
390 1063 28 21 di
429 1063 26 21 la
468 1062 98 22 Grotta.

195 1188 29 49 1}
244 1188 145 47 Mulinu

17 1290 77 22 Prima
102 1289 112 19 cantava,
224 1285 33 21 ed
263 1285 68 25 oghie
339 1284 148 25 singhiozzu.

16 1322 64 21 Ancu
89 1318 19 20 li
114 1317 52 25 topi
173 1317 45 20 m'h
219 1323 16 14 a
236 1323 32 14 nu
277 1315 183 21 abbandunatu.

19 1352 18 20 U
43 1348 165 23 cursacchiolu,
222 1347 40 21 chi
273 1347 68 20 unn'è
350 1346 43 24 più
406 1352 40 14 cor
445 1351 37 15 su.

17 1382 37 21 Ha
61 1381 96 20 sarratu
169 1379 25 20 la
204 1380 72 23 porta
289 1378 31 20 ed
331 1378 13 19 è
356 1379 126 22 scappatu.

18 1441 83 21 Granu,
115 1445 65 16 orzu,
194 1437 110 25 castagni
315 1444 14 13 e
339 1442 118 19 granonu,

17 1470 89 25 Sempri
116 1469 124 20 dumandu
253 1475 13 13 e
279 1474 48 14 nun
339 1467 28 20 ni
374 1467 65 25 poss'
447 1467 53 20 avè.

18 1503 68 20 Comu
98 1501 59 19 sarà
163 1499 12 21 ?
186 1498 127 26 M'affaccu
321 1505 16 14 a
345 1498 26 20 lu
383 1498 104 19 balconu
492 1503 9 16 ;

16 1533 38 21 Ma
66 1531 109 25 ch'aghiu
183 1529 81 22 vistu?
273 1529 95 25 Signori
372 1528 10 21 !
393 1528 114 21 Ohimé!..

18 1592 81 21 Card’e
110 1590 99 25 mucchj,
223 1589 110 25 lamaghj
339 1595 30 14 eu
381 1587 115 22 mureddi,

19 1623 43 21 Che
76 1621 72 26 coppj
162 1621 56 20 rotti
229 1627 14 13 e
253 1620 72 25 pezzi
336 1620 27 20 di
375 1618 121 25 cunceghj,

16 1654 21 21 E
46 1653 24 20 lu
83 1654 116 23 castagnu
213 1651 103 25 tagliatu
330 1651 25 20 in
370 1649 115 21 museddi.

19 1713 60 21 Guai
90 1713 25 20 in
129 1719 31 13 un
174 1714 80 19 cantu,
268 1718 13 13 e
293 1711 25 20 in
332 1710 82 21 l’altru
431 1707 132 27 sfatteghj!

20 1744 100 24 Ognunu
131 1745 69 23 parte
213 1749 14 13 e
239 1742 26 20 ni
274 1742 88 24 franco
375 1741 25 20 lu
410 1743 87 22 pozzu.

16 1775 86 21 Prima,
117 1773 109 21 anch’eiu
239 1775 112 19 cantava,
367 1772 47 20 avà
427 1770 147 25 singhiozzu.

313 1814 27 21 S.
352 1813 28 21 di
392 1813 52 22 San
455 1811 116 26 Jorghiu.

230 1937 131 60 Àprile

21 2039 130 25 Affaccasti
157 2045 62 14 ancu
227 2041 33 20 tu,
271 2043 62 16 mese
338 2037 91 25 jentile,

23 2071 68 21 Cume
103 2070 21 20 ti
135 2070 93 20 chiama
242 2075 16 13 a
269 2068 98 21 vecchia
378 2067 143 25 filastrocca.

24 2102 69 20 Cerca
106 2107 100 14 omancu
215 2100 57 20 d’un
283 2099 60 25 fatti
351 2099 73 24 purtà
438 2098 25 19 in
477 2097 71 20 bocca

25 2132 47 21 Cun
83 2132 171 25 ghiurnatacce
266 2136 46 14 non
323 2128 153 26 primaverile
483 2128 11 20 !

26 2192 28 20 Ci
59 2192 37 20 n'è
106 2194 67 18 statu
185 2191 153 20 abbastanza
346 2189 123 20 catarroni

26 2223 32 20 Cu
66 2222 109 21 Catarzu.
187 2222 94 20 ’ssu-io’
291 2222 45 19 ben
349 2221 28 19 di
385 2219 114 26 fratellu!

24 2253 34 22 Me
65 2253 63 21 tensi
139 2260 47 13 unit
194 2264 28 5 —
231 2252 31 21 'lu
271 2253 37 19 sia
321 2251 73 21 niellu
399 2250 12 21 !
419 2261 27 5 —

25 2285 37 19 Da
75 2285 20 20 li
105 2284 87 24 capelli
202 2284 23 20 si
224 2284 41 20 n’a
278 2283 11 20 i
300 2281 154 22 scamberoni,

26 2343 48 24 Chi,
89 2344 78 22 credu,
180 2343 33 20 da
226 2343 21 20 li
257 2342 82 25 sporni
350 2348 13 13 e
375 2341 23 20 le
409 2342 106 19 sternute

26 2375 49 20 Avè
86 2375 106 20 susciatu
207 2374 69 20 tutt’e
288 2373 46 20 miò
346 2371 114 21 cerbelle!

25 2401 23 24 È
58 2412 26 14 or
83 2412 16 14 a
111 2406 97 24 dunque
220 2403 136 26 d’acquistà
369 2403 66 20 salut
435 2409 20 15 e,

26 2465 133 20 D’unn'avè
169 2465 43 24 più
224 2464 23 20 le
259 2463 86 25 gambe
360 2469 15 13 a
389 2460 145 26 dispanelle,

26 2495 75 21 D’avè
113 2502 17 13 a
146 2496 64 19 vista
224 2495 92 20 chiara.
332 2493 106 20 orecchie
451 2494 77 21 acute,

30 2526 22 20 E
60 2529 72 21 gustu
147 2533 15 13 a
178 2532 67 14 move
261 2532 33 13 un
305 2527 62 22 pocu
381 2524 23 20 le
417 2522 121 21 manselle.

29 2622 48 20 Beh
81 2622 11 21 !
100 2622 30 21 Si
134 2622 73 25 parla
215 2622 28 20 di
247 2621 103 25 jugnene
359 2627 15 13 a
381 2626 13 14 e
402 2621 98 19 manute
505 2618 11 21 !

28 2652 28 20 Si
60 2656 72 21 possa
140 2653 95 20 almenu
244 2653 27 19 di
268 2652 72 25 fende
345 2651 27 20 la
377 2650 72 25 pelle.

348 2693 23 21 U
383 2690 200 27 Sampetracciu.

649 435 140 29 Sempre
799 443 21 16 a
829 435 96 25 Moda

653 513 18 18 A
679 514 54 17 moda
742 514 19 17 in
770 514 22 17 lu
800 514 67 17 noslru
875 514 51 19 locu,

654 537 62 22 Oghie
723 538 11 17 è
743 538 50 17 bista
801 538 51 17 bella
863 537 64 17 chiara
934 541 6 16 ;

655 562 60 18 Unn’è
722 562 80 18 adurata
810 566 48 18 pocu
868 560 4 18 !

655 586 82 23 Ognunu
746 588 19 16 la
774 588 43 17 lene
826 591 50 15 cara,

632 611 84 24 Chiughi
724 616 11 14 e
744 612 74 22 grandi,
828 611 31 18 chi
868 611 33 22 più
911 612 30 22 pô,

656 637 105 22 Seguilanu
770 638 24 16 ad
803 642 38 13 una
849 641 53 17 para.

656 701 21 18 Si
685 702 56 18 sente
750 706 38 13 una
796 705 47 14 voce
852 701 40 18 sola

635 726 35 18 Chi
679 726 15 17 ri
697 727 68 17 bomba
772 726 21 17 in
802 727 29 16 sla
840 729 104 18 campagna

657 751 14 17 E
679 751 42 18 dice
728 755 5 13 :
745 751 47 18 viva
800 751 19 17 la
827 750 55 18 moda
889 749 6 18 1

635 776 26 17 Da
669 776 18 17 la
695 775 77 23 piaghia
781 780 12 13 a
800 776 19 17 la
828 776 104 21 munlagna

657 801 25 17 La
690 800 56 23 grida
754 804 81 13 mamma
843 804 11 13 e
863 799 80 22 figliola,

657 825 15 18 E
680 825 72 18 nisunu
760 825 18 17 si
786 829 24 13 ne
819 825 63 21 lagna.

657 890 46 17 Incu
712 890 50 17 tulle
770 889 19 17 le
798 889 27 17 so’
834 888 55 17 mode

657 914 104 18 Arrizzanu
769 913 126 20 l’anticristu,

657 939 15 18 E
680 939 19 18 le
708 940 65 16 nostre
781 938 101 22 pullizzole

635 964 99 18 Mostranu
744 964 29 17 ciò
782 964 58 17 ch’un
848 962 96 22 s’èvislu;

658 989 107 18 Sinameut’
773 993 11 13 a
793 987 138 24 spassighiassi

638 1015 30 17 Pa’
677 1015 18 18 le
705 1014 65 18 strade
778 1013 56 23 guasi
842 1013 20 18 in
877 1013 68 17 crislu.

659 1079 24 18 Se
693 1079 46 18 tirai
741 1083 11 14 e
760 1083 26 13 un
795 1082 59 18 passu
864 1077 42 18 fora

658 1104 80 22 Qualchi
747 1103 84 23 ghiornu
838 1102 21 18 di
867 1102 79 21 festinu,

658 1130 58 17 Altru
724 1129 36 18 che
767 1132 45 14 cose
820 1133 11 12 a
839 1128 19 17 la
869 1127 55 17 moda

658 1154 44 19 Nun
710 1154 66 18 videte
785 1154 21 17 in
815 1154 31 17 stu
859 1152 88 19 cunfinu.

637 1180 77 21 Quantu
722 1184 11 13 a
742 1180 66 17 vostra
817 1178 51 18 vista
881 1181 67 18 scopre

659 1206 22 17 ln
688 1205 21 17 lu
719 1205 81 17 luntanu
808 1208 12 13 e
828 1203 73 18 vicinu.

659 1269 90 18 Viderete
757 1269 30 17 ste
795 1267 95 20 bambine,

659 1294 83 18 Giovine
750 1293 19 18 di
779 1293 62 22 primu
850 1292 58 21 fioré,

638 1319 85 19 Marchià
730 1323 37 14 cun
775 1323 57 17 passu
841 1322 11 12 a
860 1318 19 17 la
887 1317 41 18 fine

659 1346 37 17 Par
705 1345 19 17 fà
732 1344 33 22 più
774 1348 50 18 pocu
832 1343 77 21 rimore,

660 1369 81 20 Denduli
747 1374 26 13 un
781 1369 84 18 virsetlu
873 1369 66 16 stranu

659 1396 22 17 ln
690 1395 66 18 tenuta
764 1394 20 18 di
793 1394 86 22 signore.

660 1461 48 22 Capi
716 1461 50 17 nude
774 1464 11 13 o
791 1460 22 16 in
821 1458 126 22 eappell’allu,

661 1487 22 17 Li
690 1485 69 23 capelli
767 1485 21 17 in
794 1483 114 24 papigliotli,

661 1512 37 17 Par
706 1511 19 18 fà
733 1511 32 22 più
775 1510 52 18 bellu
836 1509 79 18 trasaltu

661 1537 16 17 E
684 1535 101 19 ’nuamurà
793 1534 120 24 giuvauotti:

662 1562 22 18 In
691 1561 67 21 faccia,
765 1560 55 18 molti
829 1559 62 19 culori

663 1587 61 18 Ch’un
733 1586 103 23 ghiettanu
844 1585 36 18 che
888 1584 61 18 odori.

662 1652 99 18 Manc’una
768 1651 42 18 fora
819 1655 40 13 nun
867 1651 53 17 sorte

663 1677 79 18 S’unn’è
750 1677 20 17 in
779 1678 30 16 ste
818 1675 121 21 cundizione,

664 1702 27 19 Cu
701 1703 19 17 le
727 1707 23 12 ru
753 1702 23 17 ha
779 1701 47 18 relie
834 1701 52 18 corle

663 1729 18 16 A
688 1728 22 17 lu
718 1727 109 22 dinocchj’e
834 1726 98 20 l’armone,

664 1752 28 19 Cu
700 1753 20 17 la
727 1753 67 17 labbra
801 1751 122 22 chiarasgina

665 1778 15 18 E
687 1783 28 13 un
722 1778 42 18 ditu
772 1777 21 18 di
801 1777 80 18 calcina.

665 1845 17 18 A
691 1843 84 19 triunicà
784 1847 47 17 capu
840 1846 10 14 e
859 1841 59 22 spinu

667 1870 21 18 Ci
696 1870 54 18 hanu
758 1869 51 17 tutte
818 1868 49 17 bona
874 1870 68 17 manu;

666 1894 112 19 Marchianu
787 1893 30 22 pa’
826 1893 20 17 lu
855 1891 75 19 caminu

667 1920 59 18 Senza
735 1918 45 23 sapé
786 1918 52 17 duve
845 1922 50 13 vanu
901 1921 6 17 ;

666 1945 27 18 Ne
701 1948 73 18 parenu
783 1948 11 13 a
802 1943 47 17 dilla
857 1942 74 20 franca,

667 1970 23 18 Di
699 1969 75 18 minuta
785 1972 27 13 un
820 1972 49 13 veru
877 1971 56 13 zanu.

667 2031 86 19 Un’altra
760 2030 57 17 moda
825 2029 32 22 più
866 2029 51 17 bella

667 2057 15 18 E
689 2056 32 19 chi
729 2055 54 23 quici
791 2055 60 22 pigiia
858 2055 63 20 avale,

667 2083 57 16 Tutle
732 2081 19 18 ci
758 2081 84 17 credenu
850 2079 21 18 in
880 2079 44 21 ella,

667 2107 84 18 Nissuna
760 2106 19 17 la
788 2107 55 16 trova
851 2105 49 17 male
907 2109 5 12 :

668 2128 15 22 È
690 2132 21 17 di
720 2131 60 23 taglià
788 2131 14 17 li
811 2130 76 22 capelli,
909 2141 7 5 .

647 2157 86 23 Chiughe
742 2161 10 13 e
757 2156 72 22 grande
833 2155 21 17 in
859 2154 97 23 generale.

671 2221 20 19 Ci
700 2222 44 17 vole
751 2226 11 12 a
770 2221 21 17 di
799 2220 32 18 chi
838 2220 18 17 la
865 2220 54 17 moda

669 2248 57 17 Tutte
733 2247 20 17 le
761 2246 64 17 donne
833 2244 88 23 pussede,

670 2272 49 18 Ghià
726 2271 32 18 chi
774 2274 77 19 ognuna
861 2269 97 22 l’approda

648 2297 76 19 S’ell’ha
732 2301 39 13 una
780 2300 58 13 manu
847 2299 12 13 o
868 2299 25 13 un
902 2294 54 22 pede.

672 2322 27 18 Ha
708 2321 78 19 scimitu
795 2325 10 13 e
813 2321 67 17 nostre
887 2320 70 20 donne,

672 2347 48 18 Cose
727 2347 24 17 da
759 2351 28 12 un
795 2345 76 23 pudelle
882 2345 64 17 crede.

682 2384 128 20 Ghiuvanni
820 2384 23 17 di
853 2383 80 19 Curzu.

1325 116 260 51 Mémoires

1096 196 52 46 du
1171 197 46 46 R.
1235 195 43 46 P.
1302 195 47 46 de
1373 194 217 58 Singlande,
1616 192 206 47 Aumônier

1136 261 210 34 (Spedizione
1365 262 31 23 di
1414 260 180 25 Maillebois
1612 256 167 34 1738-1741)

1382 329 148 34 (Seguitti)

1001 397 31 21 Sa
1042 396 104 28 Majesté
1156 397 34 21 lui
1200 403 13 14 a
1223 393 82 24 donné
1314 394 22 21 &
1346 394 99 29 octroyé

974 431 22 20 la
1016 429 90 28 charge
1127 428 172 24 d’Aumônier,
1318 427 13 21 à
1349 429 22 20 la
1383 428 63 21 suite

974 463 32 21 du
1019 462 134 28 Régiment
1164 460 135 23 Infanterie
1316 459 29 22 de
1360 461 84 24 Bearn,

976 497 111 22 vacante,
1100 495 22 20 &
1135 500 50 16 non
1198 493 124 28 pourvue;
1332 499 62 20 pour
1404 493 42 21 do-

975 526 118 22 rénavant
1104 532 30 15 en
1148 526 61 21 faire
1227 527 36 20 les
1281 525 133 25 fonctions,
1425 524 22 21 &

975 566 31 14 en
1026 558 63 28 jouir
1108 564 51 15 aux
1178 558 134 25 honneurs,
1333 556 113 25 autorité,

976 591 181 28 prérogatives,
1182 591 80 22 droits
1281 590 22 22 &
1323 590 126 28 appointe-

975 631 79 20 mens,
1063 625 47 21 tels
1119 624 23 22 &
1151 624 148 21 semblables
1307 624 61 21 dont
1373 623 75 27 jouis-

977 660 55 20 sent
1043 663 62 16 ceux
1117 657 43 27 qui
1173 659 57 20 sont
1241 663 111 21 pourvus
1364 657 29 21 de
1406 662 41 21 pa-

977 691 82 21 reilles
1071 690 103 28 charges
1183 696 6 15 ;
1202 690 107 28 m’ayant
1321 689 29 21 Sa
1364 689 85 27 Majes-

976 723 33 27 té,
1023 729 60 22 pour
1094 722 160 29 témoignage
1266 723 30 21 de
1306 728 25 15 sa
1342 721 105 25 volonté,

978 755 145 23 commandé
1142 756 31 21 de
1193 756 34 21 lui
1245 761 31 16 en
1294 754 117 28 expédier
1426 755 23 20 le

979 789 99 28 présent
1090 789 99 24 Brevet,
1209 787 92 28 qu’Elle
1313 793 13 15 a
1338 786 70 28 signé
1419 787 30 20 de

978 828 26 15 sa
1017 822 65 21 main
1092 828 6 19 ;
1112 821 46 21 fait
1169 821 173 27 contresigner
1350 825 43 22 par
1400 819 49 22 moi

978 860 46 17 son
1042 854 149 25 Conseiller,
1211 853 136 22 Secrétaire
1365 851 84 26 d’Etat,

978 888 22 21 &
1008 888 30 21 de
1048 893 39 16 ses
1098 886 153 22 Commande
1254 892 38 15 me
1295 892 28 15 ns
1332 885 22 22 &
1367 884 84 22 Finan-

979 920 138 28 ces.Signé,
1124 919 106 25 LOUIS;
1238 920 54 26 plus
1302 917 148 27 bas,Chavin

979 952 220 29 d’Angervilliers.

1007 986 40 22 Ma
1060 985 127 28 réception
1199 985 69 26 faite,
1281 985 24 21 le
1322 983 130 28 Régiment

979 1022 69 20 entra
1061 1019 61 22 dans
1134 1020 24 20 la
1170 1018 77 25 Ville,
1258 1017 22 22 &
1289 1017 93 22 chacun
1395 1017 34 21 fut
1438 1016 13 21 à

979 1059 46 16 son
1035 1053 136 28 logement.
1180 1051 82 27 Après
1271 1051 71 21 avoir
1351 1049 39 22 été
1398 1049 56 22 voir

980 1087 23 21 le
1016 1086 76 26 mien,
1112 1085 26 28 je
1158 1084 123 28 rejoignis
1292 1085 23 21 le
1327 1088 72 22 corps
1411 1083 41 20 des

981 1119 124 26 Officiers,
1126 1118 23 22 &
1169 1120 58 19 tous
1245 1116 127 23 ensemble
1392 1121 61 16 nous

981 1153 79 22 fûmes
1079 1151 61 23 faire
1161 1153 71 20 notre
1252 1150 77 21 visite
1347 1149 58 21 chez
1418 1147 34 22 M.

980 1187 31 21 de
1034 1185 117 27 Larnage,
1176 1183 184 23 Commandant
1383 1182 29 21 de
1430 1182 23 20 la

982 1220 80 23 Place,
1087 1217 98 22 ensuite
1208 1222 63 16 nous
1295 1215 80 22 fûmes
1397 1214 58 21 chez

982 1252 136 22 Messieurs
1137 1252 37 20 les
1193 1249 115 22 Officiers
1323 1249 43 21 des
1381 1247 73 28 Régi-

981 1291 71 17 mens
1064 1285 30 21 de
1107 1283 114 23 Chaillou
1233 1283 23 21 &
1269 1282 78 21 Forêt.

1010 1319 31 22 Le
1061 1317 143 23 lendemain
1223 1317 25 27 je
1267 1322 39 15 me
1320 1314 109 28 disposai
1440 1313 13 21 à

980 1353 92 22 visiter
1078 1353 84 20 toutes
1171 1352 37 20 les
1217 1349 239 27 Compagnies,pour

982 1385 128 23 connoître
1133 1390 43 22 par
1198 1383 142 22 moi-même
1362 1381 93 28 quelles

981 1419 96 22 étoient
1088 1419 23 20 la
1124 1418 42 21 vie
1177 1417 22 21 <&
1211 1417 37 21 les
1260 1421 91 16 moeurs
1361 1415 29 21 de
1400 1413 55 22 cha-

982 1458 46 22 que
1039 1451 85 23 Soldat
1136 1457 30 15 en
1177 1449 143 29 particulier
1330 1454 5 19 ;
1353 1447 101 28 j’appris

982 1485 75 28 qu’un
1070 1483 101 23 nommé
1183 1484 88 22 Barbu,
1286 1481 64 22 natif
1364 1482 30 20 de
1413 1479 42 23 Nî-

982 1525 53 15 mes
1056 1524 31 16 en
1108 1517 157 28 Languedoc,
1287 1515 82 22 soldat
1385 1515 29 20 de
1432 1514 24 21 la

983 1551 157 28 Compagnie
1153 1551 30 21 de
1195 1550 34 22 M.
1240 1549 82 22 Barot.
1333 1547 62 23 étoit
1403 1547 54 22 Cal-

982 1586 93 21 viniste
1085 1591 6 16 :
1107 1585 26 27 je
1151 1583 129 22 demandai
1293 1582 13 21 à
1317 1582 35 21 lui
1367 1582 88 27 parler,

983 1620 22 21 &
1011 1618 145 28 j’entrepris
1165 1618 31 21 de
1203 1618 24 20 le
1236 1616 61 22 faire
1306 1617 83 20 entrer
1396 1614 60 22 dans

983 1654 22 20 le
1024 1652 59 24 sein,
1099 1651 31 21 de
1151 1650 101 27 l’Eglise
1263 1655 6 19 ;
1288 1654 63 22 pour
1362 1648 59 22 cela,
1431 1647 26 28 je

984 1685 151 28 commençai
1155 1690 43 22 par
1214 1684 34 21 lui
1267 1681 156 29 représenter
1433 1681 24 21 le

985 1720 93 27 danger
1098 1718 30 21 de
1148 1723 46 16 son
1211 1717 59 25 état,
1288 1715 23 22 &
1322 1716 136 26 l’avantage

984 1752 69 22 infini
1066 1751 64 28 qu'il,
1138 1757 19 22 y
1167 1751 83 21 auroit
1261 1755 63 22 pour
1333 1749 42 25 lui,
1386 1747 73 22 d’em-

984 1787 98 21 brasser
1093 1786 23 20 la
1128 1784 109 28 religion
1250 1783 31 21 de
1298 1788 44 16 son
1362 1782 95 24 Prince,

984 1820 23 21 la
1018 1819 107 27 religion
1135 1818 31 21 de
1174 1823 46 16 son
1230 1822 83 22 corps,
1322 1815 23 22 &
1353 1816 31 21 de
1393 1820 67 22 pres-

986 1858 46 22 que
1042 1854 57 19 tous
1117 1857 40 15 ses
1176 1850 173 27 concitoyens.
1362 1847 98 23 Touché

987 1886 30 21 de
1028 1891 41 16 ces
1082 1883 93 27 motifs,
1195 1884 19 21 il
1229 1889 40 15 me
1280 1884 110 26 protesta
1401 1880 58 28 qu’il

986 1918 88 23 n’étoit
1085 1918 72 27 point
1168 1917 135 27 opiniâtre,
1320 1915 23 22 &
1360 1914 57 28 qu’il
1429 1919 31 16 ne

987 1951 146 23 demandoit
1145 1950 55 27 qu’à
1212 1949 129 22 connoître
1357 1949 24 21 la
1398 1947 63 22 véri-

986 1985 34 25 té,
1040 1990 65 22 pour
1124 1983 38 29 s’y
1180 1983 89 22 rendre
1279 1988 7 15 :
1307 1981 120 22 là-dessus
1435 1980 25 28 je

987 2017 142 23 l’instruisis
1141 2017 32 21 de
1185 2021 58 17 mon
1256 2016 86 21 mieux
1352 2020 42 16 sur
1405 2016 55 20 tous

987 2053 38 21 les
1035 2051 100 22 articles
1147 2048 127 23 contestés
1285 2051 71 19 entre
1368 2053 61 16 nous
1439 2047 22 21 &

987 2086 38 21 les
1048 2083 154 23 Calvinistes
1213 2089 6 20 ;
1246 2082 84 27 quand
1351 2081 65 22 enfin
1436 2080 25 28 je

988 2118 61 22 l'eus
1061 2118 49 21 mis
1121 2117 63 21 dans
1195 2117 37 20 les
1243 2115 165 27 dispositions
1421 2113 41 22 né-

989 2151 127 26 cessaires,
1129 2150 25 28 je
1164 2149 35 22 lui
1210 2150 29 21 fis
1252 2149 63 21 faire
1323 2147 138 29 abjuration

989 2186 61 21 dans
1067 2184 100 28 l’Eglise
1187 2182 147 22 Cathédrale
1350 2181 112 28 d’Ajacio

989 2220 24 21 le
1025 2225 27 20 24
1067 2217 110 22 Février.
1197 2217 23 21 A
1241 2218 65 20 cette
1327 2215 135 28 abjuration

989 2252 145 22 assistèrent
1151 2252 56 20 tous
1227 2251 38 20 les
1286 2249 135 22 Messieurs
1431 2248 32 21 du

991 2285 126 28 Chapitre-,
1130 2285 38 21 les
1180 2282 137 29 Régimens
1334 2283 30 21 de
1384 2281 80 22 Chail-

990 2320 51 25 lou,
1062 2318 81 25 Forêt,
1164 2317 23 21 &
1205 2316 89 26 Bearn,
1313 2316 24 21 la
1347 2315 116 28 garnison

982 2352 129 25 -Génoise,
1132 2356 64 17 avec
1216 2355 49 16 une
1287 2349 66 22 aussi
1374 2348 90 28 grande

991 2384 111 29 quantité
1113 2385 30 21 de
1156 2383 146 28 Bourgeois,
1312 2388 47 21 que
1368 2381 97 28 l’Eglise

992 2421 45 26 put
1055 2418 117 22 contenir
1182 2423 6 20 ;
1208 2417 24 21 la
1247 2415 141 23 cérémonie
1398 2414 66 27 faite,

991 2451 137 30 j’entonnai
1142 2457 31 15 en
1185 2451 85 21 action
1282 2449 31 21 de
1321 2454 71 22 grâce
1401 2450 22 20 le
1435 2448 31 21 Te

993 2486 90 25 Deum,
1094 2485 42 28 qui
1147 2484 35 22 fut
1194 2481 166 29 accompagné
1373 2482 43 21 des
1427 2487 40 16 or-

993 2525 61 22 gues
1062 2519 22 22 &
1094 2519 44 21 des
1145 2518 153 21 instruirons
1306 2515 31 22 de
1345 2515 120 27 musique:

994 2554 55 21 tout
1065 2551 69 22 étant
1148 2551 53 25 fini,
1219 2550 28 26 je.
1262 2549 31 22 fis
1307 2555 30 15 en
1350 2548 117 28 présence

994 2586 30 21 de
1035 2583 156 24 l’assemblée
1202 2584 24 21 la
1236 2584 94 21 lecture
1345 2582 30 21 de
1388 2582 21 20 la
1421 2582 46 21 let-

993 2622 39 19 tre
1043 2619 126 21 suivante.

1024 2659 14 14 «
1046 2651 33 22 Le
1099 2650 67 28 Pape
1187 2649 114 26 accorde,
1319 2653 58 17 mon
1396 2648 30 21 R.
1439 2647 28 21 P.

995 2691 49 16 aux
1064 2684 133 23 militaires
1220 2684 22 20 la
1266 2681 149 29 permission
1438 2681 29 21 de

1471 400 104 21 manger
1590 399 56 22 gras
1666 399 31 15 en
1719 392 112 24 Carême,
1852 393 54 19 tout
1923 390 22 21 le

1472 430 81 25 temps
1573 427 22 21 &
1615 429 56 19 tous
1692 427 37 20 les
1746 425 71 27 jours
1832 423 71 28 qu’ils
1916 429 29 15 ne

1473 462 121 25 pourront
1613 465 41 21 pas
1676 459 153 24 facilement,
1850 456 23 21 &
1891 461 56 16 sans

1473 495 145 25 augmenter
1636 493 54 20 leur
1709 490 116 28 dépense,
1845 491 102 20 trouver

1474 526 33 20 du
1527 525 95 26 maigre
1631 531 6 14 :
1658 530 65 15 vous
1744 523 110 21 n’userez
1874 522 31 20 de
1925 521 22 20 la

1475 556 148 29 permission
1635 555 113 28 qu’après
1761 561 30 15 en
1806 554 72 22 avoir
1891 558 58 16 con-

1475 590 51 22 féré
1545 596 63 15 avec
1627 589 35 22 M.
1675 590 24 21 le
1712 588 111 28 Marquis
1836 588 31 21 de
1880 586 84 22 Mail-'

1475 623 89 22 lebois.
1584 623 27 27 Je
1632 623 61 25 suis,
1716 627 58 17 mon
1796 621 31 21 R.
1842 621 26 21 P.
1889 625 60 16 avec
1959 636 5 12 (

1475 658 69 20 toute
1554 655 135 22 l’affection
1702 655 118 27 possible,
1831 654 23 20 le
1863 652 86 22 Cardi-

1475 690 41 21 nal
1528 689 29 21 de
1570 688 94 22 Tencin
1675 694 5 19 ;
1697 694 29 15 en
1742 688 57 21 date
1812 687 31 21 du
1854 692 29 15 20
1893 685 55 27 Juin

1480 727 52 22 1741
1543 729 21 13 ».

1503 754 80 27 Après
1595 755 23 20 la
1629 755 95 20 lecture
1741 753 30 21 de
1789 754 63 20 cette
1867 753 80 23 lettre,

1474 787 26 27 je
1510 787 62 27 priai
1584 786 13 22 à
1610 787 72 21 dîner
1694 792 46 15 une
1751 786 80 27 partie
1840 785 32 21 du
1885 783 66 22 Cler-

1476 819 40 29 gé,
1528 820 21 21 &
1559 819 143 27 j’emmenai
1721 819 23 21 le
1763 823 117 16 nouveau
1895 822 56 16 con-

1478 853 64 21 verti
1553 859 6 15 :
1573 854 65 19 cette
1650 851 153 22 conversion
1812 856 32 16 ne
1852 850 100 21 demeu-

1477 892 26 15 ra
1514 892 42 21 pas
1570 886 176 23 infructueuse,
1760 885 49 20 elle
1821 889 30 15 en
1864 883 27 22 fit
1902 882 51 21 naî-

1478 922 38 19 tre
1527 918 123 28 plusieurs
1661 920 92 23 autres,
1775 918 98 19 surtout
1891 915 62 21 celle

1479 953 32 20 du
1520 957 79 16 neveu
1607 950 56 22 d’un
1675 950 114 22 Ministre
1799 949 30 21 de
1841 948 111 25 Genève,

1479 985 83 22 soldat
1573 984 32 21 du
1618 983 133 28 Régiment
1763 983 31 22 de
1809 982 78 22 Forêt.

1506 1017 65 22 Vers
1583 1023 28 15 ce
1622 1019 84 25 temps
1717 1017 22 21 le
1751 1016 62 22 mari
1826 1015 22 22 &
1856 1016 25 20 le
1890 1014 63 22 frère

1479 1052 31 20 de
1522 1050 111 22 Madame
1644 1049 113 22 Colonna
1772 1048 140 22 arrivèrent
1924 1047 29 21 de

1479 1084 93 22 Gènes.
1593 1083 74 22 Cette
1686 1083 78 21 Dame
1782 1081 85 22 s’étoit
1883 1079 71 22 attiré

1479 1114 139 24 Festime'&
1629 1117 23 20 la
1664 1114 184 23 considération
1861 1114 30 21 de
1902 1115 53 19 tou-

1480 1152 25 19 te
1522 1151 23 20 la
1562 1149 119 28 garnison
1699 1147 140 28 Françoise,
1856 1152 46 22 par
1918 1147 37 20 les

1479 1183 124 21 manières
1613 1181 151 28 généreuses
1777 1186 61 15 avec
1851 1179 104 27 lesquel-

1480 1216 38 21 les
1536 1216 48 20 elle
1607 1214 113 22 recevoit
1743 1213 213 21 indistinctement

1480 1250 56 20 tous
1547 1248 37 21 les
1596 1246 125 25 Officiers,
1734 1246 22 21 &
1769 1247 97 20 surtout
1878 1250 43 21 par
1932 1245 23 20 la

1480 1281 119 22 conduite
1611 1280 90 27 qu’elle
1712 1279 81 21 tenoit
1804 1278 13 21 à
1829 1277 69 22 l’abri
1913 1277 43 21 des

1480 1320 125 22 soupçons
1620 1313 23 22 &
1660 1314 31 21 de
1707 1313 23 21 la
1741 1310 137 29 malignité.
1893 1310 64 22 Mes-

1480 1348 81 21 sieurs
1573 1347 31 21 de
1616 1347 79 21 Bearn
1707 1345 82 22 furent
1801 1351 29 15 en
1840 1350 74 21 corps
1922 1343 33 22 lui

1481 1381 61 21 faire
1553 1381 66 21 leurs
1632 1379 168 28 complimens
1820 1383 41 16 sur
1879 1378 23 20 le
1919 1382 39 16 re-

1481 1416 58 20 tour
1556 1414 31 21 de
1606 1413 65 21 deux
1693 1417 138 22 personnes
1852 1411 41 27 qui
1916 1410 42 21 dé-

1483 1447 90 22 voient
1582 1447 36 21 lui
1629 1447 53 20 être
1694 1446 21 20 si
1727 1445 88 21 chères
1824 1450 6 15 :
1843 1444 49 21 elle
1905 1444 54 20 leur

1481 1480 126 28 répondit,
1619 1479 90 27 qu’elle
1726 1478 63 21 étoit
1807 1478 57 21 bien
1883 1476 76 21 sensi-

1484 1514 40 21 ble
1538 1513 13 22 à
1570 1514 54 21 leur
1642 1512 131 25 attention,
1793 1509 166 29 qu’effective-

1483 1550 69 19 ment
1563 1547 48 21 elle
1622 1545 119 29 revoyoit
1758 1550 46 16 son
1821 1543 65 22 frère
1898 1549 62 15 avec

1484 1581 96 27 plaisir,
1601 1579 61 22 mais
1683 1578 58 28 qu’il
1763 1577 56 22 n’en
1837 1577 64 21 étoit
1916 1582 43 21 pas

1483 1615 64 22 ainsi
1557 1620 46 22 par
1611 1614 104 27 rapport
1722 1612 13 22 à
1746 1618 46 16 son
1803 1611 90 28 époux.
1904 1610 55 22 Cet-

1483 1651 26 19 te
1532 1647 106 28 réponse
1670 1646 92 27 surprit
1797 1645 165 21 entièrement

1484 1687 62 17 ceux
1557 1680 15 22 à
1580 1681 43 27 qui
1631 1680 49 21 elle
1689 1679 63 22 étoit
1761 1678 59 22 faite
1828 1685 6 19 ;
1847 1679 49 20 elle
1907 1678 55 21 leur

1486 1716 71 26 parut
1569 1713 87 23 cacher
1669 1720 31 14 un
1709 1712 107 29 mystère
1822 1711 72 28 qu’ils
1907 1710 54 22 n’o-

1486 1749 82 21 soient
1585 1746 176 28 approfondir;
1784 1745 33 22 ils
1836 1751 25 15 se
1875 1744 88 21 retirè-

1485 1783 64 23 rent,
1559 1781 63 21 mais
1635 1781 30 21 ils
1686 1786 32 15 ne
1729 1779 83 22 furent
1829 1784 43 21 pas
1882 1777 80 28 plutôt

1486 1815 91 22 rendus
1588 1814 60 21 chez
1658 1819 57 20 eux,
1723 1812 74 28 qu’ils
1807 1817 38 16 me
1854 1811 109 27 prièrent

1486 1848 86 23 d’aller
1586 1849 104 20 trouver
1708 1848 65 19 cette
1790 1845 88 24 Dame,
1898 1843 23 22 &
1931 1845 32 20 de

1486 1882 33 21 lui
1533 1881 69 22 offrir
1610 1880 31 21 de
1652 1880 56 21 leur
1725 1881 54 25 part
1799 1880 53 19 tous
1863 1878 37 21 les
1914 1883 50 15 ser-

1488 1915 68 22 vices
1575 1914 41 27 qui
1636 1912 183 29 dépendroient
1840 1911 82 21 d’eux.
1934 1910 28 27 Je

1487 1954 40 16 me
1539 1947 116 27 chargeai
1669 1946 30 21 de
1723 1947 66 20 cette
1802 1943 161 23 commission

1488 1987 61 16 avec
1560 1980 110 22 d’autant
1681 1980 55 26 plus
1745 1979 31 21 de
1785 1977 97 29 plaisir,
1891 1976 72 28 qu’el-

1487 2016 24 20 le
1523 2020 40 16 me
1575 2012 150 23 fournissoit
1735 2011 133 22 l’occasion
1888 2011 31 20 de
1929 2009 36 21 té-

1488 2048 116 27 moigner
1615 2052 39 16 ma
1666 2046 213 21 reconnoissance
1890 2043 12 22 à
1917 2045 48 20 cet-

1488 2084 25 19 te
1527 2081 86 25 Dame,
1627 2079 42 27 qui
1683 2085 31 16 en
1725 2080 83 20 toutes
1819 2079 147 20 rencontres

1489 2114 104 23 mfavoit
1602 2112 98 23 comblé
1712 2112 30 21 de
1754 2112 135 27 politesses
1901 2110 20 22 &
1934 2111 31 20 de

1489 2147 126 23 bienfaits.
1627 2145 28 27 Je
1667 2146 35 21 lui
1720 2144 137 29 témoignai
1871 2143 93 28 l'impa-

1489 2181 82 22 tience
1598 2179 144 28 qu’avoient
1768 2177 136 22 Messieurs
1928 2178 36 20 les

1490 2214 118 22 Officiers
1627 2212 31 21 de
1678 2213 71 20 notre
1770 2210 141 29 Régiment,
1935 2210 31 21 de

1490 2247 99 29 sçavoir
1601 2246 56 27 quel
1667 2245 105 27 chagrin
1782 2243 106 29 pouvoit
1895 2244 72 21 avoir

1490 2287 49 16 une
1551 2280 78 22 Dame
1642 2280 42 27 qui
1696 2278 142 22 méritoitsi
1851 2283 47 21 peu
1913 2276 54 22 d’en

1491 2314 137 28 éprouver:
1648 2313 50 21 elle
1719 2317 39 16 me
1779 2310 118 28 répondit
1920 2315 47 22 que

1492 2353 44 17 son
1555 2346 84 28 époux
1655 2346 70 21 avoit
1744 2344 39 22 été
1796 2345 51 27 pris
1858 2343 15 21 à
1884 2344 22 21 la
1919 2343 48 21 tête

1492 2382 43 21 des
1547 2379 101 26 Corses,
1661 2378 176 23 commandant
1848 2383 30 15 en
1891 2376 78 27 quali-

1491 2413 25 23 té
1528 2414 30 21 de
1572 2412 107 23 Colonel
1688 2418 6 20 ;
1707 2411 58 28 qu’il
1777 2411 69 22 avoit
1857 2409 40 22 été
1909 2415 59 16 con-

1493 2448 52 21 duit
1566 2446 144 28 prisonnier
1721 2444 13 22 à
1751 2445 22 21 la
1785 2443 94 29 grande
1902 2442 67 22 Tour

1494 2482 31 21 de
1533 2479 84 23 Gênes
1624 2485 5 20 ;
1639 2479 75 27 qu’on
1722 2484 29 15 ne
1759 2477 90 22 l’avoit
1856 2475 113 29 renvoyé

1494 2520 42 16 sur
1546 2519 28 16 sa
1585 2513 85 27 parole
1685 2511 148 25 d'honneur,
1847 2509 53 28 qu’à
1912 2514 57 17 con-

1495 2547 79 22 dition
1594 2545 61 28 qu’il
1675 2544 166 25 reviendroit,
1862 2542 23 22 &
1910 2541 59 29 qu’il

1495 2580 181 22 l’emmeneroit
1694 2579 60 20 vive
1772 2583 32 16 ou
1821 2578 77 20 morte
1909 2581 60 16 avec

1495 2613 33 22 lui
1540 2619 6 20 ;
1559 2612 116 28 qu’ayant
1682 2609 128 29 témoigné
1825 2609 13 22 à
1850 2614 46 17 son
1908 2608 61 22 mari

1495 2648 23 21 la
1531 2645 159 28 répugnance
1699 2644 90 28 qu’elle
1797 2643 65 22 avoit
1874 2647 62 22 pour
1947 2642 22 21 le

1496 2679 85 22 suivre
1593 2679 60 21 dans
1662 2684 27 15 sa
1698 2677 96 28 prison,
1808 2677 46 20 elle
1862 2681 30 16 en
1902 2674 67 22 avoif

1974 107 33 22 Hé
2019 105 180 24 extrêmement
2208 101 147 25 maltraitée.
2369 101 22 21 A
2404 104 39 17 ces

1975 142 57 20 nots
2047 140 47 21 elle
2107 137 132 23 découvrit
2253 142 46 16 son
2314 136 65 23 bras,
2397 132 47 22 elle

1976 181 32 15 ne
2016 175 22 20 le
2051 173 27 21 fit
2085 173 58 22 voir
2151 173 55 21 tout
2212 169 102 24 meurtri
2325 169 31 21 de
2366 172 79 22 coups

1974 206 83 28 qu’elle
2070 205 69 22 avoit
2152 210 77 23 reçus.
2252 204 28 26 Je
2296 200 124 29 rapportai
2433 198 13 22 à

1974 242 135 21 Messieurs
2120 241 36 21 les
2174 239 119 23 Officiers
2307 244 27 15 ce
2348 243 48 21 que
2405 235 43 28 j’a-

1974 276 53 20 vois
2047 275 107 21 entendu
2168 274 21 21 &
2203 279 31 14 vu
2247 278 5 19 ;
2267 277 31 16 on
2312 277 30 14 en
2358 270 36 21 fut
2405 267 43 28 pé-

1974 307 65 22 nétré
2051 308 31 21 de
2095 308 104 21 douleur
2209 311 6 20 ;
2229 311 31 15 ne
2273 304 114 27 pouvant
2398 307 51 16 em-

1974 341 89 27 pêcher
2084 346 45 16 son
2151 339 95 28 départ,
2269 343 33 16 on
2320 336 78 22 retint
2409 341 39 15 ses

1974 377 66 21 effets
2052 383 60 14 sous
2124 375 110 28 prétexte
2244 380 48 22 que
2300 374 22 21 la
2330 372 118 28 garnison

1974 409 47 21 s’en
2036 409 130 27 emparoit,
2179 408 23 21 &
2214 408 59 27 puis
2294 406 13 22 à
2318 406 88 27 l’insçu
2418 405 30 21 de

1974 448 44 16 son
2030 442 71 25 mari,
2121 447 33 16 on
2166 441 34 21 lui
2211 447 29 15 en
2254 440 27 21 fit
2293 440 117 21 remettre
2426 438 23 21 la

1974 475 92 22 valeur.
2079 475 31 21 Le
2123 474 70 21 triste
2201 472 49 23 état
2258 472 32 22 où
2301 479 26 14 se
2339 470 111 23 trouvoit

1974 509 63 20 cette
2049 506 141 23 infortunée
2198 506 87 25 Dame,
2297 505 100 27 parvint
2403 508 48 16 aux

1975 540 101 21 oreilles
2096 540 44 21 des
2157 539 149 27 principaux
2325 536 79 29 parmi
2429 536 23 21 la

1974 572 123 22 Noblesse
2109 572 21 21 &
2142 572 22 21 la
2176 571 165 28 Bourgeoisie
2356 570 78 21 Corse
2445 574 6 20 ;

1974 609 24 28 je
2010 609 38 21 fus
2060 614 90 16 encore
2163 607 89 29 chargé
2265 608 31 21 de
2309 607 33 21 lui
2357 607 96 21 donner

1975 642 53 21 avis
2037 642 32 21 du
2077 641 66 23 désir
2152 642 110 21 extrême
2272 640 73 28 qu’ils
2351 640 110 23 avoient.

1977 675 30 21 de
2024 675 34 21 lui
2078 675 90 21 rendre
2189 675 112 24 service;
2317 672 136 23 l’occasion

1977 707 51 22 s’en
2040 707 114 28 présenta
2171 714 47 20 peu
2232 707 31 21 de
2285 708 71 27 jours
2371 705 80 27 après,

1977 744 22 20 <&
2010 744 48 21 elle
2071 749 32 16 en
2114 743 264 28 profitaadroitement
2389 748 5 20 ;
2407 742 47 21 elle

1977 778 87 20 trouva
2078 782 90 22 moyen
2180 776 31 21 de
2223 775 114 22 s’évader
2345 775 110 28 pendant

1977 810 24 21 le
2012 809 78 26 dîner,
2104 809 22 21 &
2135 810 30 20 de
2177 815 27 15 se
2220 809 91 22 rendre
2323 808 57 28 près
2395 807 57 22 d’un

1980 842 117 21 Couvent
2108 842 29 21 de
2151 842 133 28 Cupucins.
2298 841 13 22 à
2324 842 65 21 deux
2401 841 54 22 mil-

1979 876 23 20 le
2013 875 30 21 de
2060 876 24 20 la
2101 875 76 22 Ville.
2200 875 31 21 Là
2243 876 49 21 elle
2313 877 88 19 trouva
2414 880 42 20 400

1981 907 91 22 Corses
2093 908 41 26 qui
2155 908 172 21 l’attendoient
2348 913 64 22 pour
2434 908 22 20 la

1981 946 88 19 mettre
2079 943 13 22 à
2108 946 102 19 couvert
2222 945 31 20 de
2273 945 23 20 la
2309 943 122 28 captivité
2443 943 14 21 à

1980 977 104 27 laquelle
2101 983 44 16 son
2158 977 61 21 mari
2233 977 99 22 vouloit
2340 978 23 20 la
2376 976 81 22 rédui-

1980 1016 35 19 re,
2032 1010 22 21 &
2067 1010 44 21 des
2123 1011 114 26 outrages
2256 1010 60 27 qu’il
2329 1010 34 21 lui
2376 1010 81 21 auroit

1981 1042 43 22 fait
2035 1049 103 22 essuyer
2147 1049 5 16 :
2163 1043 26 28 je
2209 1043 47 21 n’ai
2270 1050 32 21 pu
2316 1043 99 28 sçavoir
2429 1049 28 15 ce

1982 1075 88 27 qu’elle
2082 1079 38 19 est
2137 1077 114 21 devenue
2264 1077 62 21 dans
2346 1078 23 20 la
2383 1077 72 24 suite,

1982 1112 18 21 il
2011 1114 36 19 est
2067 1113 93 21 certain
2182 1118 46 21 que
2246 1118 45 16 son
2313 1115 53 19 sort
2378 1113 79 20 auroit

1981 1144 38 22 été
2032 1145 44 21 des
2088 1146 56 26 plus
2153 1145 113 22 heureux
2272 1145 39 22 s’il
2322 1145 40 22 eût
2370 1145 87 27 répon-

1982 1178 31 21 du
2025 1177 14 22 à
2051 1184 27 15 sa
2086 1180 81 20 vertu.

2011 1213 19 21 Il
2036 1220 17 21 y
2058 1220 14 14 a
2080 1214 13 20 à
2102 1214 86 27 Ajacio
2198 1215 126 26 beaucoup
2334 1215 30 20 de
2371 1214 85 25 Grecs,

1983 1252 28 15 au
2032 1247 63 27 sujet
2115 1246 43 22 des
2169 1248 70 26 quels
2249 1247 43 28 j’ai
2306 1247 45 22 fait
2365 1247 43 21 des
2421 1253 39 15 re-

1983 1279 118 22 cherches
2120 1280 40 27 qui
2178 1286 32 15 ne
2227 1282 86 20 seront
2331 1280 71 27 point
2421 1280 38 21 in-

1983 1312 142 23 différentes
2142 1319 63 21 pour
2228 1314 37 21 les
2283 1314 107 21 lecteurs
2401 1320 5 15 :
2430 1320 28 15 ce

1984 1355 46 21 que
2037 1349 23 28 je
2071 1351 163 26 rapporterai,
2246 1350 48 22 m'a
2304 1350 39 21 été
2352 1356 108 16 commu-

1983 1383 74 27 niqué
2070 1389 45 21 par
2126 1384 42 21 des
2190 1389 137 21 personnes
2339 1384 58 21 bien
2411 1384 50 20 ins-

1984 1418 96 24 truites,
2094 1416 23 22 &
2128 1419 105 19 sur-tout
2245 1423 45 21 par
2298 1423 33 15 un
2341 1417 45 21 des
2395 1417 66 26 prin-

1984 1451 90 26 cipaux
2082 1450 31 21 de
2124 1456 40 15 ces
2172 1449 89 26 Grecs,
2272 1449 100 22 nommé
2382 1449 79 22 Théo-

1984 1484 97 24 dorico,
2102 1484 29 20 de
2143 1484 22 20 la
2187 1483 96 22 maison
2295 1483 44 21 des
2360 1482 101 28 Stepha-

1986 1517 95 27 nopoli,
2100 1523 48 15 une
2166 1517 44 21 des
2229 1517 55 27 plus
2306 1515 156 28 distinguées

1986 1554 76 26 parmi
2077 1554 75 20 celles
2161 1553 41 27 qui
2213 1551 27 23 sê
2252 1557 58 17 sont
2317 1552 105 22 établies
2431 1558 31 15 en

1987 1586 86 22 Corse.
2098 1607 3 2 .

2014 1623 72 22 Cette
2099 1623 107 22 Colonie
2219 1622 116 28 Grecque
2348 1623 74 21 vient
2433 1622 30 21 de

1987 1657 22 21 la
2021 1656 95 26 Morée,
2128 1656 32 22 où
2173 1656 36 22 fut
2217 1656 179 26 Lacédémone,
2409 1655 55 22 Vil-

1987 1691 23 20 le
2015 1689 119 23 autrefois
2144 1690 20 21 si
2177 1689 148 26 fameuse,&
2334 1690 42 27 qui
2387 1689 11 21 à
2408 1688 56 28 pré-

1988 1726 54 19 sent
2053 1723 65 22 n’est
2132 1723 73 28 qu’un
2219 1729 59 22 gros
2290 1723 84 27 Bourg
2386 1729 79 16 connu

1989 1766 57 16 sous
2057 1762 24 20 le
2091 1766 57 17 nom
2162 1761 30 21 de
2205 1760 109 22 Misitra.
2327 1760 47 21 Les
2388 1759 79 22 Grecs

1989 1795 42 27 qui
2053 1794 142 21 habitoient
2214 1799 28 16 ce
2266 1794 65 27 petit
2364 1795 101 24 canton,

1989 1827 172 27 s’appelloient
2190 1828 60 20 dans
2281 1828 39 20 les
2344 1827 122 25 derniers,

1989 1866 89 24 temps,
2101 1863 125 26 Menotes,
2244 1863 22 21 &
2286 1869 60 16 sous
2366 1869 29 15 ce
2406 1867 60 17 nom

1990 1896 116 29 étranger
2122 1896 12 22 à
2151 1897 55 21 leur
2222 1902 70 23 pays,
2317 1897 151 21 conservant

1989 1932 55 20 tout
2055 1931 24 20 le
2095 1935 107 22 courage
2223 1930 30 21 de
2265 1931 67 20 leurs
2345 1930 122 24 ancêtres,

1990 1968 80 20 même
2082 1966 71 28 après
2170 1966 24 21 la
2212 1966 68 27 prise
2302 1966 31 21 de
2346 1965 122 22 Constan-

1990 2000 106 27 tinople,
2117 2000 31 21 ils
2169 2002 102 19 osèrent
2294 1999 62 22 faire
2375 2000 51 21 tête
2438 2005 31 15 au

1991 2033 71 26 Turc,
2084 2033 22 21 &
2119 2032 12 22 à
2142 2034 24 21 la
2178 2033 86 21 faveur
2279 2033 31 21 de
2321 2033 68 21 leurs
2400 2038 75 18 mon-.

1991 2067 131 27 tagnes,ils
2131 2072 26 15 se
2166 2067 142 21 soutinrent
2317 2067 154 26 long-temps

1992 2102 85 19 contre
2097 2102 70 20 toute
2187 2100 23 21 la
2230 2099 136 27 puissance
2391 2099 30 21 de
2442 2104 28 16 ce

1992 2133 148 22 formidable
2164 2133 111 25 ennemi;
2308 2132 62 22 mais
2394 2131 73 26 enfin,

1993 2168 83 29 obligé
2095 2170 30 20 de
2140 2169 85 21 suivre
2242 2169 23 21 le
2279 2170 98 20 torrent
2396 2167 23 22 &
2438 2168 32 21 de

1993 2203 73 22 céder
2077 2202 13 22 à
2100 2203 22 21 la
2134 2203 68 21 force
2217 2202 57 21 d’un
2287 2201 100 28 Empire
2400 2201 71 22 élevé

1993 2243 43 15 sur
2044 2237 36 21 les
2092 2236 84 21 ruines
2191 2236 30 21 de
2235 2238 55 19 tant
2305 2235 128 26 d’autres,.
2440 2235 31 21 ils

1994 2273 121 22 aimèrent
2134 2273 85 20 mieux
2241 2271 149 27 s’expatrier
2412 2277 59 16 eux-

1994 2307 101 24 mêmes,
2104 2311 46 22 que
2162 2305 31 22 de
2205 2306 116 20 recevoir
2331 2306 24 20 la
2363 2305 36 21 loi
2411 2305 61 21 dans

1994 2345 47 16 une
2051 2341 66 20 terre
2135 2338 32 22 où
2180 2339 66 20 leurs
2261 2338 72 27 pères
2351 2337 123 22 l’avoient

1994 2373 108 22 donnée:
2117 2372 93 22 réduits
2221 2372 14 21 à
2247 2372 109 28 prendre
2368 2373 24 20 la
2401 2372 71 25 fuite,

1996 2411 30 21 ils
2047 2409 165 27 n’aspiroient
2235 2408 55 28 qu’à
2313 2411 106 19 trouver
2440 2413 33 16 un

1996 2443 87 22 Prince
2103 2441 119 23 Chrétien
2245 2443 43 26 qui
2314 2442 84 21 voulût
2420 2442 54 21 leur

1996 2477 94 21 donner
2100 2482 32 15 un
2144 2476 59 21 azile
2215 2475 62 22 dans
2290 2481 40 15 ses
2340 2475 76 21 Etats.

2167 2531 163 29 (Cuntinua)

1999 2635 97 22 Aiacciu
2105 2646 28 4 —
2144 2633 134 29 Stamparia
2290 2633 25 21 di
2329 2634 22 21 A
2363 2633 30 22 M
2393 2639 74 20 livra,

1999 2682 14 15 u
2025 2669 205 24 DirelLore-Geren
2233 2672 21 19 Le
2257 2676 7 15 :
2273 2669 71 22 Pelru
2355 2668 111 22 ROCCA.

14 2803 48 24 luca
73 2806 65 22 délia
149 2805 211 26 Rochefoucauld,
373 2805 18 21 il
402 2804 74 27 quale

14 2841 91 20 :antava
126 2841 26 21 in
172 2840 62 22 iima
255 2840 47 21 alla
321 2838 156 28 principessa

14 2871 15 21 li
51 2872 161 29 Longueville
224 2879 5 16 :
252 2878 45 22 per
316 2871 118 23 meritare
459 2870 19 21 il

14 2909 74 20 mstro
100 2913 84 20 cuore,
196 2913 46 21 per
252 2907 98 27 piacere
363 2905 21 21 ai
394 2903 83 22 vostri

14 2939 60 22 3cchi
87 2940 33 22 ho
130 2940 60 22 fatto
199 2941 22 21 la
234 2945 90 22 guerra
332 2939 22 21 ai
366 2943 34 21 re,
409 2943 14 16 e
435 2936 43 22 l’a-

14 2973 43 20 ■^rei
75 2973 61 22 fatta
153 2973 77 22 anche
244 2973 23 22 ai
286 2972 77 23 numi.
382 2971 49 22 Vol
452 2971 25 20 lo

14 3005 98 28 oedrete,
122 3007 110 21 madama
242 3013 5 20 ;
257 3006 98 27 quando
362 3009 61 17 anco
433 3004 45 21 do-

14 3040 55 20 oessi
80 3041 121 21 attirarmi
211 3041 39 21 sul
258 3045 62 21 capo
333 3037 145 27 laindigna-

14 3070 59 24 ûone
85 3073 25 22 di
123 3073 147 23 suamaestà
279 3071 197 25 cristianissima,

17 3109 13 16 0
42 3106 78 26 giuro.
130 3119 29 4 —
168 3107 18 21 E
196 3107 44 27 qui
252 3108 65 21 stese
328 3106 23 21 la
364 3109 74 18 mano
450 3104 26 21 in

14 3138 41 21 itto
67 3145 63 21 poco
143 3141 23 21 di
170 3145 74 16 verso
250 3140 30 21 da
289 3139 84 28 quello
385 3137 27 22 di
424 3137 54 21 An-

14 3169 71 24 tibale
98 3173 97 27 quando
209 3173 17 22 il
251 3173 75 27 padre
349 3171 128 22 Amilcare

53 3205 30 21 fe’
95 3207 97 27 giurare
205 3212 28 16 su
245 3207 24 20 le
289 3205 96 22 viscere
397 3204 81 27 palpi-

14 3238 52 22 ;a.nti
77 3239 65 22 délia
154 3240 99 22 vittima
274 3239 59 21 odio
354 3240 88 19 eterno
454 3237 26 21 ai'

14 3266 106 28 R-omani.

35 3314 26 5 —
70 3304 180 24 Conducetemi
263 3306 108 26 dunque.

35 3346 27 6 —
69 3337 55 23 Non
138 3340 34 26 io,
192 3340 123 21 madama:
334 3338 45 21 voi
397 3336 82 27 capite

14 3371 81 22 Tianto
115 3373 103 22 sarebbe
230 3374 110 20 scortese
360 3370 121 22 indiscre-

14 3399 54 25 ts
79 3407 92 21 cotesta
179 3413 6 19 ;
199 3412 32 15 un
245 3405 122 22 cavalière
385 3403 95 22 france-

14 3436 23 16 se
48 3435 19 21 si
78 3438 102 28 rispetta
191 3439 146 22 abbastanza
361 3443 45 21 per
416 3438 64 19 aste-

14 3469 59 21 nersi
92 3472 31 21 da
141 3473 112 21 mettersi
275 3472 24 21 in
327 3473 66 19 terzo
413 3470 67 21 nelle

16 3500 130 26 conferenze
155 3518 28 4 —
194 3509 72 18 se'nza
274 3504 94 22 dubbio
374 3514 28 4 —
410 3504 71 20 tene-

16 3533 24 17 re
50 3532 31 24 fra
92 3543 78 22 sposo
183 3544 13 15 e
209 3543 85 23 sposa.

39 3575 26 7 —
75 3568 56 24 Fate
155 3577 70 16 corne
249 3571 91 24 volete,
366 3568 115 22 ordinate

14 3595 40 23 che
64 3603 31 21 mi
108 3605 144 21 conducano
261 3604 23 20 al
295 3608 43 15 suo
345 3601 134 28 quartiere.

14 3627 70 29 Spero
97 3637 46 22 che
154 3637 112 22 uscendo
284 3635 26 22 vi
329 3634 74 28 potrò
414 3635 67 20 salu-

14 3662 54 30 tare,
75 3679 28 6 —

36 3707 27 7 —
67 3701 62 23 Anzi
141 3704 28 21 vi
181 3703 113 22 dichiaro
306 3705 116 24 espresso
434 3699 46 21 che

504 2808 27 15 se
543 2802 103 27 partiste
658 2799 160 30 privandomi
841 2798 136 22 dell’onore

504 2836 24 21 di
552 2835 107 22 baciarvi
683 2835 23 20 la
718 2838 82 21 mano,
824 2838 32 16 ne
867 2830 109 29 porterei

503 2869 116 27 lagnanza
638 2868 47 21 alla
696 2866 147 23 cancelleria
861 2865 63 21 délia
939 2869 39 16 ur-

505 2901 82 23 banité
595 2908 6 19 ;
615 2902 80 26 quella
709 2900 64 21 dello
787 2904 82 17 amore
881 2903 50 16 non
943 2897 33 22 mi

503 2934 178 23 ascolterebbe.
689 2945 31 4 —

530 2968 91 22 Serena
635 2972 49 17 non
697 2972 73 22 porse
784 2964 116 23 orecchio
912 2970 12 15 a
937 2968 41 17 co-

503 3004 64 19 teste
590 2999 180 30 sguaiataggini
783 3005 6 20 ;
814 3004 40 16 era
875 2997 103 28 proprio

503 3035 61 22 roba
587 3035 94 20 buttata
708 3033 55 24 via;
792 3029 187 29 Paccompagnô

504 3067 141 25 Onorato,il
654 3067 71 26 quale
737 3065 146 21 c.onfidatala
896 3064 23 21 al
929 3068 50 16 car-

503 3102 95 21 ceriere
610 3101 130 26 disparve;
758 3098 79 27 qüesti
851 3097 81 27 giusta
944 3096 34 27 gli

504 3135 82 22 ordini
600 3135 22 20 le
634 3138 88 23 aperse
732 3133 24 20 la
768 3131 127 28 prigione.

530 3167 92 23 Serena
636 3172 70 16 corne
718 3166 23 21 le
750 3162 229 30 consiglial’atfetto

503 3203 69 20 stava
585 3206 43 22 per
639 3198 183 23 abbandonarsi
836 3197 65 22 nélle
912 3196 68 22 brac-

504 3235 37 22 cia
554 3234 41 22 del
606 3238 132 21 suosposo,
750 3229 183 30 impercioccliè
944 3229 35 22 sia

504 3269 86 20 natura
610 3266 66 27 degli
695 3265 76 21 animi
792 3263 121 28 gagliardi
931 3261 50 22 fre-

506 3300 66 22 narsi
584 3295 333 26 nelmanifestamentodelle
929 3299 52 17 me-

506 3333 79 22 diocri
609 3330 119 29 passioni,
750 3329 143 22 traboccare
915 3327 66 21 nelle

506 3371 129 23 suprême;
654 3363 101 28 quando
775 3362 29 21 ad
817 3367 32 16 un
862 3365 80 17 cenno
953 3359 25 22 di

506 3399 126 23 Altobello
655 3397 22 22 si
696 3398 125 20 tratienne
840 3401 15 15 e
872 3393 107 29 girando

507 3434 101 21 intorno
626 3435 104 23 paurosa
752 3429 34 27 gli
806 3427 72 22 occhi
891 3426 60 21 vide
962 3425 18 22 il

507 3465 135 24 carceriere
666 3463 58 22 ritto
742 3467 73 21 sopra
836 3462 18 20 il
872 3459 108 22 limitare

507 3500 64 22 délia
584 3500 70 26 porta
662 3503 7 16 :
689 3501 73 22 presa
775 3495 30 21 da
827 3498 128 23 vergogna
966 3497 14 16 e

507 3534 31 21 da
551 3533 108 27 dispetto
673 3530 35 27 gli
717 3529 68 21 disse
793 3527 172 22 acerbamente
972 3531 6 14 :

533 3578 30 4 —
568 3565 52 21 Che
628 3564 51 21 fate
686 3561 68 23 costà
762 3562 13 20 ?
782 3560 99 21 Andate
890 3559 52 20 via.
951 3569 30 4 —

533 3599 21 21 Il
575 3598 145 23 carceriere,
742 3594 45 22 che
805 3593 113 21 francese
930 3597 49 19 era,

507 3630 202 28 comprendendo
727 3627 44 29 piò
790 3627 38 21 dai
849 3625 64 28 gesti
936 3624 44 21 che

506 3665 64 21 dalle
582 3663 83 27 parole
678 3663 23 20 le
714 3660 130 25 domande,
869 3658 110 27 rispose:

507 3697 45 22 che
565 3697 23 21 ci
600 3698 70 19 stava
681 3694 91 28 perché
785 3693 23 21 ci
822 3692 100 22 doveva
933 3692 49 19 sta-

1003 2801 36 20 re,
1060 2795 106 22 esserido
1185 2799 45 16 suo
1249 2793 86 22 ufficio
1352 2791 123 22 avvertire

1003 2829 84 27 quello
1099 2828 47 21 che
1158 2827 130 22 dicessero
1298 2826 7 21 i
1317 2825 123 22 visitatori
1453 2824 22 21 ai

1003 2861 157 29 prigionieri,
1173 2866 14 15 e
1200 2861 137 26 sopratutto
1343 2858 80 28 quello
1429 2857 46 22 che

1003 2896 35 28 gli
1050 2897 152 25 portassero.
1218 2893 110 28 Ognuno
1337 2891 48 29 può
1392 2891 84 22 imma-

1003 2930 86 27 ginare
1100 2927 46 22 che
1158 2928 24 20 la
1194 2932 120 22 presenza
1326 2924 150 27 dell’impor-

1002 2965 63 20 tuno
1077 2961 103 22 custode
1194 2959 157 22 abbreviasse
1364 2958 25 21 di
1399 2958 76 21 molto

1004 2997 18 21 il
1042 2994 127 28 colloquio
1189 2993 40 22 dei
1249 2993 103 28 giovani
1365 2998 6 19 ;
1394 2991 50 22 anzi
1463 2996 12 15 a

1004 3029 186 28 propriamente
1207 3027 55 21 dire
1282 3025 126 22 Altobello
1425 3029 50 16 non

1004 3062 59 22 fiatò
1073 3068 5 19 ;
1100 3061 82 27 quella
1198 3059 46 22 che
1266 3059 54 22 fece
1340 3059 23 21 le
1376 3060 63 19 carte
1451 3057 25 21 fu

1005 3095 101 25 Serena,
1118 3095 24 20 la
1154 3094 73 26 quale
1246 3094 85 26 presto
1342 3092 83 26 presto
1436 3090 41 21 nel

1005 3129 104 22 dialetto
1121 3127 43 27 più
1176 3132 62 22 puro
1252 3126 24 21 di
1289 3124 140 23 oltremonti
1441 3123 35 28 gli

1005 3162 74 21 fruîlô
1090 3166 51 17 non
1155 3165 28 17 so
1196 3159 46 22 che
1267 3159 92 28 parole,
1375 3157 39 22 cui
1426 3157 50 28 egli

1005 3193 144 24 acconsenü
1160 3192 158 23 accennando
1325 3192 39 21 col
1374 3196 69 22 capo.
1456 3189 21 23 Il

1006 3228 144 25 carceriere,
1163 3226 124 22 trovando
1301 3227 85 20 contro
1407 3224 23 21 le
1441 3229 36 16 re-

1005 3262 58 27 gole
1076 3261 25 21 di
1118 3265 51 16 non
1191 3259 91 27 capire,
1306 3258 51 21 usci
1370 3257 63 21 fuori
1448 3257 29 21 ad

1005 3298 140 19 osservare,
1166 3291 46 22 clie
1232 3297 42 16 era
1293 3296 58 17 cosa
1371 3290 107 21 inaudita

1006 3326 115 25 servirsi,
1135 3331 47 22 per
1193 3325 148 24 discorrere,
1354 3323 26 22 di
1394 3323 84 28 lingua

1006 3360 100 21 diversa
1126 3359 65 21 dalla
1210 3357 113 22 francese
1334 3362 6 20 ;
1360 3356 40 22 ciò
1422 3357 57 21 dare

1006 3392 93 22 indizio
1112 3392 65 21 délia
1190 3392 132 26 ignoranza
1335 3395 13 15 e
1359 3391 121 26 sopratut-

1006 3427 26 19 to
1044 3425 66 21 délia
1122 3424 114 21 barbarie
1245 3423 40 22 dei
1295 3421 71 22 Côrsi
1378 3429 5 15 :
1391 3423 88 26 parlas-

1006 3463 57 16 sent
1075 3458 26 21 in
1113 3457 119 25 francese,
1240 3460 97 18 ovvero
1347 3457 131 22 tacessero,

1007 3490 118 22 correndo
1136 3490 54 21 loro
1202 3490 18 21 il
1231 3489 95 22 dovere
1338 3488 24 21 di
1376 3488 55 22 farsi
1443 3488 37 20 in-

1006 3524 112 21 tendere.
1131 3521 93 23 Serena
1240 3522 48 21 che
1306 3526 78 16 aveva
1394 3520 86 23 termi-

1006 3558 61 20 nato
1079 3556 25 21 di
1116 3555 54 22 dire
1183 3556 93 26 quanto
1288 3555 24 20 le
1332 3553 146 28 importava,

1007 3589 92 22 strinse
1110 3589 23 20 la
1145 3593 74 16 mano
1231 3588 48 21 allô
1292 3591 76 21 sposo
1384 3593 13 14 e
1409 3586 71 27 quin-

1007 3623 25 21 di
1044 3621 92 22 voltasi
1149 3621 22 20 al
1184 3620 96 22 soldato
1291 3619 34 27 gli
1338 3619 69 21 disse
1417 3625 6 15 :

1034 3666 29 4 —
1068 3653 50 22 Voi
1131 3654 64 21 siete
1206 3659 33 15 un
1252 3652 126 22 insolente
1385 3658 5 19 ;
1396 3651 84 22 andia-

1007 3693 72 16 mo...

1530 2791 16 21 E
1557 2790 118 28 fmgendo
1688 2795 47 15 una
1746 2793 88 23 grossa
1854 2787 88 21 collera
1954 2785 21 22 si

1503 2824 53 22 fece
1567 2830 14 15 a
1592 2825 101 20 trovare
1706 2823 18 20 il
1736 2821 115 27 capitano
1868 2819 108 22 Rinaldo

1503 2856 174 28 querelandosi
1704 2855 63 22 délia
1796 2853 122 28 grosseria
1936 2853 40 20 del

1503 2889 144 24 carceriere.

1530 2935 28 5 —
1572 2922 116 27 Capisco,
1708 2921 95 27 riprese
1826 2920 17 21 il
1863 2919 113 27 capitano

1503 2956 153 29 ghignando,
1679 2954 98 27 capisco
1799 2954 22 20 la
1841 2952 135 22 zotichezza

1503 2991 25 21 di
1540 2992 88 25 questo
1636 2987 124 29 gaglioffo,
1770 2993 13 15 e
1793 2987 98 27 capisco
1903 2991 74 21 quan-

1503 3026 28 20 to
1547 3023 97 22 abbiate
1664 3022 95 21 dovuto
1777 3019 106 22 stridere
1903 3025 13 15 a
1927 3023 50 16 non

1504 3056 95 28 potervi
1611 3058 101 19 trovare
1725 3054 52 21 sola
1784 3054 39 21 col
1836 3054 143 20 vostroma-

1504 3091 49 21 rito
1564 3097 6 19 ;
1584 3089 110 22 davvero
1707 3093 30 15 ne
1745 3086 77 22 soffro
1831 3086 43 26 più
1882 3085 24 21 di
1917 3084 60 21 voi..

1504 3129 39 16 ma
1555 3122 46 23 che
1615 3122 84 21 volete
1707 3121 12 21 ?
1728 3120 28 22 Io
1766 3125 50 16 non
1828 3123 75 23 posso
1915 3117 63 22 mica

1504 3157 58 22 dare
1574 3155 81 23 ordini
1665 3153 121 23 contrarii
1797 3152 21 21 ai
1827 3151 154 28 regolamen-

1504 3191 18 21 ti
1533 3197 5 19 ;
1551 3191 67 20 certe
1631 3193 60 17 cose
1709 3187 107 27 bisogna
1828 3184 48 22 che
1898 3184 19 21 il
1928 3189 52 16 car-

1505 3223 96 22 ceriere
1612 3220 151 28 comprenda
1771 3220 31 21 da
1811 3218 26 22 sè
1849 3223 14 17 0
1876 3217 105 28 piuttos-

1505 3260 26 18 to
1539 3256 104 27 bisogna
1648 3254 77 28 glielo
1732 3253 112 21 facciano
1851 3255 130 22 compren-

1505 3289 59 22 dere
1577 3289 7 21 i
1597 3286 152 29 prigionieri
1758 3290 15 17 o
1782 3284 75 28 quelli
1868 3283 45 22 che
1920 3288 61 15 van-

1506 3328 32 16 no
1544 3328 13 15 a
1570 3320 128 23 visitarli..

1533 3367 28 4 —
1568 3355 128 21 Insomma
1723 3351 91 29 poichè
1833 3355 51 17 non
1908 3349 34 21 mi
1967 3348 13 21 è

1506 3388 104 22 riuscito
1629 3385 129 29 parlargli,
1779 3389 75 22 spero
1874 3383 44 21 che
1929 3387 51 16 non

1506 3420 53 23 sarà
1572 3426 56 16 caso
1641 3420 23 21 di
1680 3421 64 19 stato
1756 3420 87 25 potere
1865 3415 117 22 mandare

1507 3455 24 21 al
1540 3453 51 22 mio
1605 3458 76 22 sposo
1693 3453 23 20 la
1727 3451 167 28 provvisione
1908 3449 29 20 da
1944 3453 39 16 ca-

1507 3493 54 15 sa...

1533 3531 28 4 —
1571 3519 73 21 Circa
1655 3524 13 16 a
1690 3519 85 25 questo
1796 3517 51 27 poi.
1861 3515 119 24 madama,

1507 3553 26 21 io
1544 3553 35 21 mi
1591 3557 65 16 sono
1670 3551 68 21 detto
1749 3557 6 14 :
1769 3550 14 21 è
1800 3549 131 28 possibilé,
1946 3553 37 16 ca-

1507 3586 85 27 pitano
1615 3584 152 27 Cassagnac,
1788 3582 45 22 che
1844 3583 24 19 la
1880 3582 71 26 legge
1963 3580 19 20 ti

1506 3619 97 26 stringa
1615 3616 52 22 cosi
1688 3616 60 21 duro
1762 3615 31 21 da
1815 3619 50 16 non
1877 3613 107 21 lasciare

1506 3651 27 21 in
1543 3649 105 28 qualche
1659 3649 74 21 modo
1746 3648 47 21 che
1801 3648 23 20 la
1830 3649 42 19 tua
1884 3645 99 27 profon-

1506 3684 32 20 da
1548 3683 177 21 riconoscenza
1736 3686 51 16 non
1800 3680 21 21 si
1845 3677 116 23 dimostri
1969 3678 13 20 ?

2002 2783 46 24 No,
2061 2782 119 22 délibérai
2191 2787 71 16 meco
2269 2783 90 23 stesso,
2366 2781 19 20 il
2392 2781 86 27 signor

2002 2816 99 21 Alando
2113 2814 115 29 pranzerà
2241 2815 44 20 alla
2300 2814 50 21 mia
2364 2814 113 21 tavola...

2003 2848 54 23 ciòè
2069 2848 53 23 farò
2134 2850 98 25 portare
2245 2848 19 21 il
2276 2848 51 21 mio
2350 2852 91 22 pranzo
2453 2847 26 20 in

2004 2882 95 22 caméra
2112 2887 50 16 sua.

2029 2915 92 22 Serena
2147 2914 170 28 impazientita
2345 2915 133 26 percoteva

2004 2949 38 21 col
2060 2949 74 26 piede
2153 2949 22 20 la
2196 2950 74 23 terra,
2290 2946 85 22 sicchè
2395 2951 49 17 non
2458 2946 20 21 si

2004 2982 113 27 potendo
2128 2981 283 28 piùreggereproruppe
2420 2985 5 15 :
2433 2979 48 22 Per

2005 3015 76 22 carità
2093 3020 49 16 non
2151 3015 26 21 vi
2190 3014 51 21 dite
2251 3013 44 28 più
2305 3013 98 22 nulla...
2417 3013 63 20 eris-

2005 3049 109 27 pondete
2127 3054 12 15 a
2151 3053 54 16 me:
2217 3052 77 23 posso
2306 3052 15 16 o
2333 3051 34 16 no
2380 3046 101 21 manda-

2005 3087 25 16 re
2042 3081 157 28 provvisioni
2213 3081 31 20 da
2256 3085 57 16 casa
2326 3080 23 21 al
2361 3079 52 21 mio
2426 3084 57 22 spo-

2005 3115 47 22 so?
2072 3114 51 21 Voi
2142 3113 208 28 comprenderete
2368 3112 46 21 che
2437 3111 42 22 noi

2005 3150 74 26 gente
2090 3147 117 27 seniplice
2220 3152 52 16 non
2284 3146 80 21 siamo
2377 3145 103 26 abituati

2006 3182 45 21 alla
2063 3181 88 21 cuciua
2166 3182 101 22 vostra;
2292 3185 14 15 e
2319 3179 50 27 poi,
2392 3179 38 20 sia
2442 3184 41 15 su-

2007 3215 93 27 perbia,
2119 3214 36 21 sia
2166 3212 106 29 dignité,
2292 3218 33 15 un
2339 3211 81 22 Côrso
2431 3217 50 16 non

2007 3246 140 23 consentirà
2170 3246 49 22 mai
2243 3246 24 21 di
2283 3245 129 28 mangiare
2435 3245 47 20 aile

2007 3283 84 20 vostra
2104 3280 87 27 spalle.

2034 3325 28 5 —
2075 3313 33 22 Vi
2127 3312 88 22 cliiedo
2229 3312 146 21 umilmente
2394 3311 89 27 perdo-

2007 3353 40 20 no,
2069 3347 120 24 madama,
2209 3351 40 16 ma
2269 3347 98 25 questo,
2389 3345 95 20 mentre

2008 3387 43 21 per
2061 3386 40 16 me
2115 3379 102 22 sarebbe
2229 3377 173 29 grandissimo
2424 3382 60 16 onc-

2008 3419 34 20 re,
2062 3418 53 16 non
2134 3417 79 22 penso
2233 3411 46 21 che
2301 3409 184 28 apporterebbe

2008 3447 95 27 scapito
2121 3446 46 20 alla
2185 3443 97 29 dignité
2300 3444 40 21 del
2360 3443 123 27 gentiluo-

2008 3485 53 17 mo:
2074 3485 41 15 ma
2126 3479 41 27 poi
2179 3477 50 22 fate
2240 3477 84 26 quello
2334 3476 47 21 che
2398 3476 85 20 volete

2009 3519 13 15 e
2033 3512 116 22 mandate
2158 3516 60 22 pure
2231 3509 40 21 ciò
2281 3509 47 21 che
2339 3509 26 20 vi
2375 3508 109 27 piace.—

2176 3646 162 28 (Cuntinua)
