2556 3862
59 143 110 24 jeunesse
178 144 128 25 catholique
314 137 226 27 française),déclara

63 172 13 18 à
86 171 30 19 M.
126 171 89 20 Ricklin
229 178 46 18 que
284 172 41 19 des
333 168 120 21 sanctions
461 166 80 18 seront

64 198 75 24 prises
148 202 78 16 contre
234 199 42 19 lui.
290 214 7 4 .
512 217 6 5 .

89 225 28 19 Et
126 225 110 25 quelques
243 226 67 24 jours
324 223 75 24 après,
415 217 126 22 l’adminis-

61 256 87 15 trateur
154 253 28 19 de
188 253 20 19 la
215 249 191 25 circonscription
415 244 124 22 d’Altkirch

63 279 31 20 M.
104 279 67 20 Paul
176 280 113 19 Jourdain
298 276 95 25 expulsa
402 274 22 19 le
439 272 41 20 Dr.
490 271 50 19 Ric-

62 307 48 20 klin
117 307 31 19 du
155 314 62 17 pays.
224 308 18 18 Il
248 310 40 16 eut
295 306 22 19 la
324 300 137 28 permission
468 298 14 18 d
492 302 47 14 em-

64 338 79 21 porter
157 340 87 14 comme
253 333 65 20 effets
334 336 26 14 ce
374 328 56 25 qu’il
445 330 89 26 pouvai^

63 365 79 19 porter
150 368 40 13 sur
202 361 31 20 lui
243 365 22 15 et
275 366 46 14 une
336 361 87 16 somme
432 353 29 19 de
475 356 39 19 400
525 356 13 13 a

62 389 38 19 500
109 388 41 21 frs.
160 389 32 19 Au
202 392 55 21 pont
265 388 30 19 de
304 384 69 22 Kehl,
380 383 17 19 il
412 381 36 19 fut
456 384 83 18 empri-

62 417 74 18 sonné
150 416 101 24 pendant
259 421 32 13 un
306 411 87 21 certain
406 412 84 19 temps.
499 406 38 20 La,

62 443 114 24 quelques
184 443 124 19 messieurs
314 439 93 20 vinrent
414 438 98 16 trouver
517 434 22 17 le

64 470 39 20 Dr.
113 470 91 20 Ricklin
219 475 59 19 pour
287 465 101 22 l’inviter
397 464 13 18 à
424 462 51 19 dire
489 466 19 13 si
517 461 22 17 le

64 497 177 20 Reichskanzler
249 497 58 19 dans
316 494 40 19 des
369 491 111 20 réunions
488 492 52 14 con-

62 524 136 21 fidentielles
207 530 40 14 sur
254 524 22 19 la
285 521 52 26 paix
345 516 125 23 mondiale,
478 516 62 18 avait

63 552 106 20 déclaré:
185 551 128 21 «Caillaux,
330 548 56 19 c'est
401 547 66 17 notre
476 543 63 19 hom-

66 586 35 13 me
109 588 21 11 ».

88 607 124 20 Président
217 613 8 12 :
243 605 59 21 Mais
319 602 49 20 cela
385 600 91 20 n'entre
497 601 41 19 pas

64 634 58 20 dans
131 638 65 16 notre
209 633 88 20 affaire.

88 662 36 20 M*
132 661 100 20 Berthon
239 667 9 13 :
255 659 35 20 Ah
300 658 20 20 si
329 658 6 19 !
342 656 50 21 cela
401 655 67 29 gêne,
475 653 64 23 peut-

64 691 48 18 être
127 689 111 19 certaines
247 689 135 23 personnes,
396 681 58 20 mais
462 679 17 20 il
490 678 49 20 faut

67 723 45 18 que
121 720 51 16 tout
180 715 43 20 soit
231 715 43 19 dit.

90 744 42 20 Dr.
142 743 89 22 Ricklin
238 749 9 13 :
254 742 29 20 Je
298 737 99 23 refusais
411 742 28 14 en
453 741 26 14 ce
493 739 46 14 mo-

63 774 65 18 ment
137 774 62 17 toute
208 771 106 23 réponse;
328 763 148 27 aujourd’hui
485 767 30 13 ou
522 761 16 18 il

64 799 68 25 s’agit
140 798 29 20 de
177 804 35 14 ma
221 796 82 21 liberté
309 798 23 17 et
340 793 30 20 du
377 792 61 20 salut
446 790 29 20 de
483 794 53 15 mon

64 833 64 19 pays,
136 826 24 24 je
170 825 50 25 puis
228 824 85 25 parler.
319 819 118 22 Jamais,le
446 816 95 21 Reichs-

64 854 95 20 kanzler
167 851 112 22 allemand
295 851 35 19 n’a
338 848 42 20 fait
389 849 60 18 cette
457 850 84 15 remar-

65 888 52 18 que.
136 881 19 19 Il
172 887 13 13 a
202 883 50 17 tout
268 877 151 25 simplement
432 872 106 21 dit:«M.

65 909 105 21 Caillaux
186 908 40 19 fait
239 907 40 20 des
297 903 136 22 démarches
447 907 59 19 pour
518 900 21 19 la

65 937 31 20 fin
109 937 31 19 de
154 936 22 20 la
189 941 91 20 guerre.
297 933 18 20 Il
330 930 106 22 travaille
449 934 58 20 pour
519 928 21 19 la

65 965 60 25 paix.
133 964 33 20 Ne
174 964 120 23 l’attaquez
303 961 59 19 donc
371 965 41 19 pas
420 963 39 14 car
467 959 74 17 autre-

65 995 65 17 ment
139 997 57 14 vous
204 991 21 19 le
233 990 171 23 découragerez
418 988 22 17 et
448 990 58 14 vous
519 984 21 19 le

65 1020 98 20 rendrez
171 1017 133 26 impossible
312 1022 29 13 en
351 1015 95 19 France.
453 1020 11 11 »

90 1048 35 19 Au
135 1049 99 18 moment
242 1045 41 20 des
292 1043 126 26 premières
426 1040 116 21 élections

65 1075 148 25 législatives,
222 1074 22 18 le
254 1073 40 19 Dr.
304 1070 93 21 Ricklin
407 1075 13 14 a
428 1068 114 20 demandé

65 1103 22 20 la
95 1102 137 25 permission
241 1101 29 19 de
280 1103 91 16 rentrer
379 1098 59 19 dans
447 1096 22 20 le
478 1101 61 20 pays.

66 1131 38 20 On
116 1131 23 19 la
153 1129 32 20 lui
203 1128 77 21 refusa
295 1132 56 15 sous
368 1125 104 26 prétexte
485 1123 56 25 qu'il

66 1157 152 26 représentait
231 1159 51 17 tout
297 1161 31 14 un
344 1158 152 20 programme.
511 1151 29 20 La

67 1186 116 20 Chambre
196 1188 68 21 ayant
279 1181 131 27 cependant
426 1179 76 21 ratifié
520 1179 22 20 le

67 1214 70 21 traité
145 1214 28 19 de
182 1211 131 23 Versailles,
323 1208 123 22 M.Ricklin
456 1211 40 21 put
504 1214 38 13 en-

66 1242 32 21 fin
108 1245 89 17 rentrer
206 1241 56 19 dans
268 1245 42 14 son
320 1244 56 18 pays
382 1236 71 21 natal.
460 1235 19 21 Il
490 1241 52 15 vou-

66 1271 42 20 lait
120 1276 27 13 se
161 1269 79 21 retirer
247 1268 29 19 de
285 1269 64 18 toute
364 1265 120 25 politique,
497 1267 24 16 et
528 1264 13 19 à

67 1302 36 17 cet
110 1297 62 23 effet,
181 1297 16 19 il
206 1295 64 21 allait
281 1294 52 20 voir
340 1294 23 20 le
371 1293 39 20 Dr.
419 1291 128 21 Kleinkne-'

67 1326 39 20 cht
114 1326 14 19 à
137 1324 118 21 Mulhouse
264 1329 59 18 pour
331 1327 25 14 se
370 1321 57 20 faire
437 1319 105 21 recevoir

67 1353 58 20 dans
134 1353 22 20 le
164 1351 102 25 syndicat
274 1351 42 19 des
325 1348 126 21 médecins.
461 1347 32 20 Le
501 1348 39 19 Dr.

67 1380 153 21 Kleinknecht
236 1378 33 20 lui
278 1377 86 26 promit
377 1382 46 20 que
432 1379 60 17 cette
504 1376 38 19 ad-

67 1408 98 21 mission
174 1413 49 14 sera
232 1406 77 25 réglée
318 1411 55 14 sous
381 1411 53 18 peu.
444 1403 58 21 Mais
509 1403 33 20 les

68 1435 106 22 ennemis
188 1433 138 27 personnels
340 1433 31 20 du
393 1432 39 20 Dr.
452 1431 89 20 Ricklin

67 1464 70 21 firent
144 1469 46 14 une
198 1461 132 26 opposition
338 1460 113 21 acharnée
459 1463 24 16 et
491 1459 16 20 il
514 1465 28 14 en

68 1492 68 21 sortit
151 1492 23 19 le
189 1490 91 21 fameux
298 1489 81 25 procès
394 1488 40 20 Dr.
453 1487 90 20 Ricklin

67 1524 82 16 contre
163 1518 106 25 Syndicat
284 1517 41 20 des
334 1516 126 23 médecins,
474 1514 68 26 qu’on

69 1548 95 20 connaît
173 1546 173 21 suffisamment.

93 1576 94 21 Parlant
195 1581 27 13 en
232 1573 71 21 détail
317 1574 30 19 du
363 1571 100 22 Malaise
476 1570 68 21 Alsa-

68 1604 50 21 cien
119 1618 8 9 ,
134 1603 98 21 l'accusé
246 1601 91 21 déclare
348 1606 45 19 que
409 1605 26 14 ce
449 1605 30 14 ne
491 1602 53 17 sont

69 1638 42 19 pas
128 1632 34 20 les
179 1629 165 21 autonomistes
361 1631 22 17 et
400 1627 22 20 le
427 1634 12 12 «
444 1626 100 21 Heimat-

69 1660 64 20 bund
143 1667 11 12 »
164 1659 39 23 qui
211 1661 40 17 ont
265 1657 54 20 créé
335 1656 23 20 le
366 1656 104 21 malaise,
485 1654 58 20 mais

69 1694 38 14 ces
116 1694 23 13 01
144 1686 143 26 ganisations
296 1688 52 17 sont
363 1683 82 20 sorties
454 1682 31 20 du
498 1688 46 13 ma-

68 1715 67 20 laise.
145 1713 93 24 Celuifci
246 1719 13 13 a
269 1711 135 22 commencé
416 1710 41 20 dès
466 1710 22 20 le
494 1715 50 19 pre-

566 135 59 20 mier
637 135 54 23 jour
704 133 29 19 de
747 131 140 21 l’armistice,
904 135 29 13 en
947 133 43 14 vue
1003 126 41 19 des

567 160 124 21 différends
708 160 30 18 du
756 158 148 24 bilinguisme
925 156 41 18 des
982 154 63 19 fonc-

566 187 138 22 tionnaires,
717 186 29 19 de
760 185 88 22 l’école,
863 184 29 18 de
901 182 21 20 la
938 179 107 22 nouvelle

565 213 159 25 organisation
741 212 29 19 de
789 208 219 32 l’administration,^
1022 206 22 19 la

566 239 178 22 «classification
751 243 11 11 »
770 238 40 19 des
819 236 119 21 Alsaciens
947 241 29 13 en
984 233 60 20 série

568 269 26 19 A.
605 268 26 19 B.
641 266 28 20 C.
678 266 66 20 selon
753 266 51 19 leur
812 264 130 20 naissance.

591 294 107 20 L’accusé
715 292 90 20 déclare
819 297 45 18 que
878 290 58 19 dans
945 288 21 20 le
979 293 65 14 mou-

564 324 94 17 vement
682 319 164 22 autonomiste,
874 321 115 20 personne
1013 320 30 12 ne

564 348 107 25 poursuit
679 347 40 19 des
728 346 125 19 tendances
861 342 157 25 séparatistes.

589 376 35 19 Au
631 374 122 21 contraire,
760 373 21 19 lè
788 373 148 19 mouvement
941 367 101 22 alsacien

565 409 29 13 ne
598 402 81 20 tentait
684 401 29 19 de
719 400 74 24 régler
801 400 34 18 les
841 398 96 20 intérêts
946 395 98 26 particu-

564 430 56 20 liers
628 429 29 19 de
665 428 98 20 l'Alsace
772 427 98 23 qu'avec
879 427 94 17 entente
985 427 57 15 avec

564 458 22 20 la
594 457 93 19 France.
697 454 42 20 Les
748 453 118 20 Alsaciens
875 450 125 21 défendent
1007 449 35 19 les

564 484 97 21 intérêts
670 482 139 20 eux-mêmes
822 483 24 17 et
853 479 122 23 l’étranger
984 477 36 23 n’y
1029 482 13 13 a

565 513 49 19 rien
620 512 12 18 à
637 509 149 24 voir.«Quant
790 509 13 18 à
807 507 102 23 l'argent
913 503 127 22 allemand,

562 540 25 25 je
595 539 60 20 tiens
664 539 13 18 à
690 537 104 20 déclarer
811 541 45 18 que
870 537 67 17 notre
950 537 93 16 mouve-

565 569 65 18 ment
639 565 51 20 n’en
699 571 14 13 a
719 563 84 25 jamais
812 561 85 21 touché
906 561 21 19 la
936 558 105 22 moindre

564 600 96 15 somme,
676 596 23 16 et
707 592 20 20 si
736 598 30 13 on
775 591 32 19 lui
819 596 28 14 en
858 589 62 20 avait
928 588 73 23 offert,
1010 592 30 14 on

564 621 91 21 l’aurait
664 619 83 21 refusé.

590 649 23 20 Si
623 649 88 19 d’autre
720 649 51 21 part
778 652 30 13 on
822 643 98 26 prétend
930 649 45 19 que
983 643 59 19 l’au-

564 676 139 21 tonomisme
712 674 67 19 mène
787 671 198 21 nécessairement
994 671 13 18 à
1019 670 22 19 la

564 709 90 20 guerre,
663 703 21 19 le
694 702 40 20 Dr.
744 700 92 20 Ricklin
844 699 60 20 tient
913 700 13 18 à
940 698 102 19 déclarer

565 738 46 19 que
636 731 55 19 c’est
715 729 63 25 juste
795 728 21 20 le
835 726 125 21 contraire.
977 725 25 20 Si
1020 725 21 20 la

565 760 87 20 France
669 756 98 21 accorde
776 757 13 19 à
807 755 97 20 l’Alsace
921 760 32 13 un
970 755 72 18 statut

565 786 134 26 régional,la
707 784 106 26 question
818 781 223 22 d’Alsace-Lorraine

565 822 31 13 ne
602 820 50 15 sera
661 814 53 24 plus
718 812 83 25 jamais
809 810 109 22 soulevée
927 813 24 16 et
958 809 22 20 la
988 808 53 25 paix

566 849 51 14 sera
626 842 101 19 d’autant
745 840 53 25 plus
814 838 102 21 assurée-
936 836 105 21 L’accusé

566 870 104 25 rappelle
674 870 14 19 à
697 872 60 16 cette
771 867 108 21 occasion
897 866 23 19 le
937 865 104 20 discours

566 898 117 24 prononcé
696 902 42 19 par
755 895 166 24 Monseigneur
947 892 64 21 Ruch
1029 892 13 19 à

566 927 79 23 Nancy
653 928 23 17 et
683 924 91 20 déclare
782 930 15 19 y
805 922 98 21 adhérer
920 920 123 25 complète-

567 957 71 17 ment.
653 953 148 20 Concernant
816 951 22 19 la
854 949 105 20 fameuse
974 948 67 20 lettre

566 983 31 19 du
608 986 10 12 «
626 981 70 21 cadre
704 980 30 20 de
746 979 25 20 la
786 979 90 21 France
882 981 12 11 »
913 976 107 21 adressée
1028 976 13 19 à

566 1011 85 24 l’agent
659 1011 151 22 provocateur
819 1005 67 21 Riehl
901 1005 29 20 de
938 1004 105 21 Mulhou-

566 1044 35 17 se,
610 1038 23 19 le
642 1037 39 19 Dr.
691 1035 90 21 Ricklin
797 1035 34 20 dit
853 1039 46 20 que
916 1039 28 14 ce
960 1038 29 14 ne
1006 1031 35 20 fut

567 1072 41 19 pas
614 1071 45 14 une
667 1063 141 21 déclaration
817 1062 29 20 de
855 1061 114 25 principe,
984 1059 57 21 mais

567 1100 47 14 une
622 1092 103 24 tactique
734 1098 57 18 pour
799 1090 94 21 évincer
907 1089 22 20 la
938 1088 103 25 pression

567 1121 110 21 continue
685 1120 30 20 de
730 1120 84 24 l’agent
827 1117 40 26 qui
874 1117 61 20 dans
948 1122 37 14 ces
1001 1116 42 20 let-

568 1154 47 16 tres
628 1149 78 20 donna
728 1146 155 25 l’impression
910 1145 28 20 de
955 1143 88 21 vouloir

567 1179 93 23 séparer
665 1176 96 21 l’Alsace
767 1175 28 20 de
801 1175 22 20 la
830 1174 94 20 France.
932 1173 35 20 Du
973 1175 69 19 reste,

558 1207 33 20 .le
608 1206 40 19 Dr.
667 1203 92 21 Ricklin
768 1209 13 14 a
791 1202 91 21 déclaré
896 1202 13 19 à
918 1201 31 20 M.
967 1199 75 24 Riehl,

567 1233 172 21 formellement
747 1234 22 17 et
777 1237 42 18 par
827 1230 64 23 écrit,
901 1228 57 27 qu’il
966 1227 77 22 refusa

568 1265 65 17 toute
639 1260 114 21 tendance
766 1257 138 26 séparatiste
921 1260 24 17 et
960 1263 46 19 que
1022 1256 22 19 la

568 1289 100 21 réforme
676 1288 28 20 de
712 1288 21 19 la
743 1286 151 21 constitution
904 1292 31 13 ne
943 1284 101 26 pourrait

567 1324 27 14 se
600 1317 59 20 faire
667 1316 95 25 qu’avec
767 1317 93 18 entente
869 1313 112 25 complète
989 1317 55 15 avec

568 1346 22 19 la
600 1345 94 20 France.

593 1373 86 24 Malgré
687 1375 64 17 toute
759 1371 22 20 la
788 1371 92 24 loyauté
885 1369 31 20 du
924 1368 121 21 manifeste

568 1402 30 19 du
609 1399 198 23 «Heimathund»,
816 1398 90 23 la.lutte
914 1401 131 18 commença

568 1429 99 23 bientôt,
677 1431 23 16 et
708 1433 27 14 ce
743 1427 35 20 fut
786 1427 22 19 le
825 1426 91 20 fameux
924 1424 122 20 dimanche

569 1456 109 26 sanglant
686 1455 30 20 du
726 1460 26 15 22
759 1455 56 20 août
823 1454 58 25 1926,
891 1453 13 20 à
914 1450 132 23 Colmar.Ce

566 1485 64 25 jour,
640 1484 21 20 le
669 1484 85 24 député
761 1481 127 22 d'Altkirch
894 1480 153 25 accompagné

569 1513 57 20 d’un
635 1511 101 21 invalide
745 1511 28 20 de
782 1516 85 19 guerre
881 1509 36 20 fut
933 1507 115 21 assommé

569 1544 24 17 et
600 1540 77 20 blessé
686 1545 42 18 par
736 1539 41 20 des
791 1537 67 21 civilë
877 1543 28 14 en
924 1536 103 20 arrivant
1035 1536 13 18 à

568 1569 23 19 la
606 1574 55 19 gare
677 1567 30 20 de
724 1566 93 21 Colmar
836 1569 23 16 et
876 1565 48 20 cela
940 1570 27 14 en
985 1563 62 26 plein

567 1596 62 25 jour.
638 1594 97 26 Jusqu’à
744 1595 102 24 présent,
851 1598 92 15 aucune
951 1591 97 25 enquête

570 1625 37 19 n’a
617 1623 36 20 été
662 1622 55 21 faite
725 1628 40 14 sur
773 1628 39 14 ces
820 1620 172 26 agressions.Le
1000 1620 50 23 pré-

569 1651 73 23 fet,M.
660 1650 92 23 Gasser,
759 1649 63 21 avait
837 1647 167 22 connaissance
1020 1646 29 20 de

570 1686 27 14 ce
604 1679 50 20 fait.
664 1678 18 20 Il
691 1678 36 20 n’a
737 1678 49 20 rien
800 1677 50 20 fait.
861 1675 57 21 Mais
935 1675 23 20 le
974 1674 74 25 grand

570 1706 114 26 coupable
693 1712 26 14 ce
727 1706 36 20 fut
777 1711 31 14 un
819 1708 66 17 autre
898 1703 41 25 qui
956 1702 92 25 aujour-

1071 123 65 20 d’hui
1146 129 13 13 a
1168 122 60 21 trahi
1236 120 179 21 honteusement
1423 117 31 20 M.
1464 116 85 20 Gasser

1071 150 127 20 lui-même.
1224 149 132 20 Protestant
1378 145 13 19 d
1401 150 47 14 une
1465 143 83 25 phrase

1071 180 115 17 contenue
1194 177 58 19 dans
1261 174 115 23 l'enquete
1384 172 29 19 de
1417 170 31 21 Aï.
1456 170 90 21 Aïitton,

1071 205 78 19 disant
1161 210 45 18 que
1228 202 30 20 Aï.
1277 200 90 20 Ricklin
1382 198 56 21 était
1456 198 90 19 devenu

1071 231 63 20 l'ami
1144 231 28 19 de
1189 228 99 23 Zadock,
1306 232 69 19 parce
1392 232 46 18 que
1455 231 26 13 ce
1498 224 50 19 der-

1070 258 51 20 nier
1145 258 57 19 était
1219 261 72 15 «sans
1308 253 109 24 scrupule
1423 259 19 16 »,
1452 252 95 19 l’avocat

1069 284 83 24 Jaeglé
1178 283 102 26 rappelle
1302 281 70 24 qu'on
1390 279 65 20 avait
1471 278 75 20 arrêté

1069 310 94 22 Zadock
1178 312 13 19 à
1208 310 130 21 Mulhouse,
1348 308 71 24 qu’on
1435 306 34 19 lui
1485 305 61 20 avait

1069 338 93 21 ensuite
1177 338 42 20 fait
1244 342 80 19 passer
1349 335 22 19 la
1393 333 112 20 frontière
1522 336 22 16 et

1069 365 137 25 qu’aujourd
1214 364 40 21 hui
1272 370 29 13 on
1319 363 23 19 le
1365 360 106 26 poursuit
1487 366 58 18 pour

1069 393 65 20 fuite.

1094 420 32 20 Le
1136 420 40 20 Dr.
1195 418 90 22 Ricklin
1303 417 34 19 dit
1353 416 92 20 ensuite
1462 421 45 18 que
1523 414 21 19 le

1069 448 144 24 patriotisme
1227 452 30 14 ne
1270 444 129 24 s’inculque
1424 449 42 18 pas
1488 442 55 19 d’un

1066 476 55 24 jour
1134 475 14 19 à
1157 474 79 21 l’autre
1253 478 89 14 comme
1350 478 31 12 on
1399 470 88 24 change
1498 475 46 14 une

1068 502 112 23 chemise,
1189 502 58 20 mais
1264 499 57 26 qu’il
1337 499 49 19 faut
1399 497 67 20 avoir
1480 496 27 20 de
1523 496 21 20 la

1068 530 109 25 patience
1200 534 58 15 avec
1274 527 21 20 la
1312 526 87 25 grande
1413 530 78 14 masse
1503 524 41 20 des

1070 557 127 21 Alsaciens.
1217 554 128 22 «Attendez
1360 554 60 19 deux
1440 559 29 13 ou
1486 552 57 20 trois

1067 584 157 27 générations,
1241 586 24 16 et
1289 582 98 20 l’Alsace
1412 586 51 14 sera
1481 580 62 20 aussi

1068 613 100 25 patriote
1176 617 46 19 que
1229 611 21 20 la
1260 610 87 20 France
1355 612 63 16 toute
1427 608 87 20 entière
1523 615 19 12 ».

1092 640 32 20 Le
1133 639 118 26 président
1262 641 83 16 trouve
1362 642 55 18 que,
1426 641 42 19 par
1485 638 59 17 cette

1068 673 129 19 remarque,
1214 666 21 19 le
1250 666 96 19 docteur
1363 662 91 21 Ricklin
1471 662 74 19 aurait

1068 696 88 20 insulté
1163 695 33 19 les
1203 693 121 20 Alsaciens
1334 691 88 20 tombés
1437 690 59 19 dans
1509 689 34 20 les

1068 729 70 19 rangs
1145 721 109 24 français.

1092 751 32 20 La
1133 749 95 22 défense
1236 752 110 22 proteste,
1362 747 58 20 mais
1437 753 47 14 une
1500 745 44 20 fois

1067 779 29 20 de
1103 778 84 27 plus,le
1195 775 227 25 Présidentrappelle
1428 781 46 18 que
1481 777 63 17 toute

1068 805 172 22 manifestation
1251 808 35 16 est
1295 803 116 21 interdite.

1092 834 108 21 L’avocat
1208 832 93 25 général
1310 831 35 20 dit
1352 837 45 19 que
1406 836 25 14 sa
1440 829 105 27 patience

1067 867 37 16 est
1111 862 97 25 grande,
1219 860 58 20 mais
1295 859 55 25 qu’il
1368 865 29 13 ne
1418 861 127 21 permettra

1068 897 41 19 pas
1118 891 30 19 de
1156 888 122 21 continuer
1290 894 40 13 sur
1336 893 27 14 ce
1379 890 49 17 ton.
1447 885 99 21 S’adres-

1068 922 53 17 sant
1128 919 14 19 à
1152 917 36 21 Aïe
1197 916 110 22 Berthon,
1316 915 18 20 il
1343 915 65 20 ditau
1414 913 130 21 défenseur:

1069 947 45 20 «Je
1122 952 59 14 vous
1190 945 47 20 dis:
1249 943 143 21 Halte-là...»

1092 974 38 21 Me
1148 972 114 22 Berthon:
1286 971 79 21 «Vous
1383 971 80 20 n’avez
1476 976 41 19 pas
1532 971 13 19 à

1069 1009 36 14 me
1112 1002 51 21 dire
1173 1000 92 21 halte-là
1275 1001 6 20 !
1289 999 24 21 Si
1332 1005 58 14 vous
1407 999 83 20 voulez
1506 1005 40 13 en-

1068 1030 84 21 tendre
1160 1030 40 19 des
1208 1028 83 21 choses
1309 1028 53 24 plus
1379 1033 92 19 graves,
1489 1032 57 15 vous

1069 1064 90 20 pouvez
1166 1056 129 22 continuer.
1303 1062 11 11 »

1094 1086 32 20 Le
1152 1086 38 20 Dr.
1209 1084 91 21 Ricklin
1322 1083 98 21 termine
1438 1081 62 22 enfin
1517 1088 28 15 en

1068 1115 79 20 disant
1156 1113 55 25 qu’il
1220 1112 79 20 attend
1308 1118 28 14 en
1354 1114 65 18 toute
1436 1110 111 25 tranquil-

1069 1143 42 20 lité
1119 1142 35 20 les
1162 1141 93 20 fameux
1270 1145 10 11 «
1286 1140 137 20 documents
1429 1146 12 11 »
1459 1144 88 15 annon-

1069 1172 40 19 cés
1116 1176 44 20 par
1168 1169 21 20 le
1197 1168 132 21 Procureur
1339 1166 105 21 Généra!.
1464 1166 19 20 II
1492 1170 35 16 est
1534 1167 13 19 à

1069 1200 22 19 la
1099 1199 48 20 tête
1161 1197 51 20 d’un
1229 1199 149 18 mouvement
1395 1195 114 25 politique
1525 1197 23 17 et

1070 1233 46 14 non
1124 1226 55 20 d’un
1187 1225 108 24 complot.
1305 1224 17 20 Il
1332 1223 56 20 était
1395 1222 153 21 autonomiste

1070 1258 72 18 avant
1147 1253 51 25 1918
1205 1256 23 17 et
1235 1253 17 20 il
1258 1253 50 20 l’est
1315 1250 144 26 aujourd’hui
1465 1256 83 15 encore

1070 1284 60 20 dans
1139 1282 85 20 intérêt
1232 1281 31 20 du
1277 1280 83 26 peuple
1378 1279 109 20 alsacien.
1510 1278 36 20 On

1071 1312 29 21 l’a
1107 1310 120 21 incarcéré
1234 1315 59 19 pour
1302 1308 121 26 empêcher
1437 1313 26 14 sa
1472 1307 77 20 candi-

1071 1340 92 20 dature.
1173 1338 19 20 Il
1201 1344 12 13 a
1223 1338 36 20 été
1268 1337 36 20 élu
1322 1336 77 25 quand
1408 1336 84 19 même.
1501 1334 45 20 Son

1072 1367 75 21 crime
1169 1365 69 21 serait
1263 1364 88 21 d’avoir
1376 1367 51 21 trop
1444 1363 60 19 aimé
1521 1367 26 14 sa

1072 1395 73 25 petite
1154 1394 81 25 patrie.
1255 1393 30 20 Le
1302 1397 11 11 «
1320 1391 155 21 Heimatbund
1483 1397 12 12 »
1512 1389 35 21 n’a

1070 1423 86 26 jamais
1164 1422 73 25 pensé
1242 1422 30 19 de
1280 1420 128 21 combattre
1417 1419 19 20 le
1453 1423 95 20 gouver-

1072 1454 98 18 nement
1177 1456 40 19 par
1225 1450 23 20 la
1256 1448 71 22 force,
1343 1447 54 20 telle
1415 1453 45 19 que
1469 1446 14 20 1’
1493 1446 56 20 «Ac-

1073 1480 48 20 tion
1132 1478 125 24 Française
1267 1483 9 10 »
1294 1477 30 19 l’a
1343 1475 50 25 déjà
1411 1475 42 20 fait
1469 1475 13 19 à
1500 1474 49 25 plu-

1073 1508 77 20 sieurs
1176 1506 106 24 reprises.
1309 1504 37 20 On
1373 1509 28 14 ne
1418 1502 132 21 demandait

1073 1535 89 26 qu’une
1170 1533 100 21 réforme
1277 1532 101 21 honnête
1385 1538 29 13 en
1423 1530 127 21 collabora-

1074 1563 49 21 tion
1130 1569 58 14 avec
1200 1562 22 20 la
1231 1562 94 20 France.

1100 1591 18 20 II
1127 1594 91 17 montra
1227 1588 92 21 ensuite
1327 1588 21 20 la
1357 1587 105 21 fameuse
1468 1585 81 21 affiche

1075 1619 59 20 dans
1160 1618 34 20 les
1210 1617 107 21 couleurs
1334 1615 148 22 allemandes,
1492 1620 58 19 pour

1075 1652 103 19 prouver
1185 1646 28 20 de
1221 1645 78 25 quelle
1312 1643 67 25 façon
1388 1650 31 13 on
1435 1641 113 22 travaille.

1076 1673 110 22 L’affiche
1199 1679 58 15 avec
1278 1678 46 15 une
1341 1670 167 26 photographie
1521 1669 29 21 de

1075 1701 157 22 l’automobile
1249 1701 40 25 qui
1309 1701 53 20 s’est
1376 1699 62 26 jetée
1453 1699 57 20 dans
1527 1698 21 20 la

1575 113 86 20 rivière
1686 112 28 20 de
1736 108 138 26 Hagenbach
1891 109 35 18 est
1941 103 105 22 montrée

1574 146 44 14 aux
1623 140 97 24 jurés,et
1728 139 22 19 le
1756 138 39 19 Dr.
1809 135 90 21 Ricklin
1909 133 29 20 de
1945 130 99 22 s’écrier:

1575 166 57 21 «J’ai
1642 168 35 19 été
1686 167 38 20 élu
1743 171 40 20 par
1801 164 22 19 la
1840 161 134 27 population
1989 158 53 20 alsa-

1574 195 82 19 cienne
1673 199 90 15 comme
1779 197 41 14 son
1838 189 167 26 représentant,
2023 188 23 16 et

1570 222 24 24 je
1602 222 104 24 garderai
1715 219 62 21 aussi
1785 219 129 23 longtemps
1923 222 52 13 mon
1983 219 62 15 man-

1573 249 39 20 dat
1629 256 45 18 c[ue
1681 249 22 20 le
1710 247 83 26 peuple
1802 252 35 13 me
1847 245 104 20 donnera
1960 248 24 14 sa
1993 247 53 13 con-

1572 276 81 23 fiance,
1667 276 44 20 afin
1722 275 29 20 de
1759 273 74 21 servir
1842 279 36 13 ma
1896 271 68 21 chère
1985 272 60 17 terre

1571 304 110 23 d’Alsace,
1691 310 27 13 ce
1727 308 56 18 pays
1792 307 59 18 pour
1859 298 75 26 lequel
1943 298 37 25 j’ai
1995 298 50 18 tant

1572 331 101 20 souffert.
1682 336 10 10 »

1571 369 35 21 Le
1618 369 102 21 dernier
1727 366 116 22 incident
1852 365 31 22 de
1894 365 27 21 la
1926 361 116 29 journée.

1594 405 35 19 Au
1640 407 102 17 moment
1751 404 29 19 où
1789 403 22 20 le
1820 402 118 26 président
1948 403 54 18 veut
2014 399 31 20 le-

1571 438 41 14 ver
1625 432 21 19 la
1655 433 90 20 séance,
1761 430 31 21 Mc
1800 430 77 20 André
1892 428 101 21 Berthon
2008 427 36 19 de-

1571 459 83 20 mande
1661 459 22 20 la
1692 458 88 24 parole.
1787 458 17 20 Il
1813 458 34 19 dit
1855 457 71 24 qu’on
1935 459 55 21 peut
1998 456 47 19 être

1570 493 31 13 un
1623 486 90 20 homme
1735 486 47 19 très
1809 484 136 23 honorable,
1971 484 74 19 même

1570 514 78 24 quand
1662 520 30 13 on
1709 513 57 20 était
1780 516 69 17 avant
1864 516 24 16 et
1904 511 104 25 pendant
2023 510 21 20 la

1570 548 83 18 guerre
1661 540 87 21 officier
1753 540 113 21 allemand
1876 543 23 16 et
1907 539 77 24 quand
1993 545 30 13 on
2032 544 12 14 a

1571 570 112 24 peut-être
1691 569 118 24 prononcé
1816 568 40 20 des
1864 567 105 20 discours
1977 572 29 14 en
2014 566 32 19 fa-

1571 603 57 14 veur
1649 597 28 19 de
1696 596 160 24 l’Allemagne,
1878 600 42 18 par
1934 593 110 24 exemple,

1570 631 44 13 aux
1629 624 56 20 fêtes
1701 624 31 19 du
1742 623 88 20 Kaiser.
1841 622 30 20 Aï.
1880 622 22 19 le
1912 621 56 24 juge
1982 620 62 20 Coen

1570 652 40 24 qui
1619 651 81 20 assiste
1710 651 31 19 Aï.
1751 651 22 19 le
1781 649 118 26 président
1907 648 106 24 Mazoyer
2021 654 25 14 se

1570 683 82 16 trouve
1660 678 58 20 dans
1726 678 23 20 le
1758 678 73 19 même
1842 683 47 14 cas.
1895 676 34 20 En
1938 675 60 23 effet,
2008 676 37 19 l’a-

1570 710 67 17 vocat
1644 706 27 20 lit
1678 713 30 13 un
1718 706 104 20 discours
1839 711 47 19 que
1893 704 22 20 le
1929 704 33 20 dit
1967 703 57 26 juge
2032 709 12 14 a

1571 735 116 25 prononcé
1700 734 23 20 le
1736 733 26 21 27
1773 733 94 25 janvier
1881 731 51 26 1918
1947 732 59 20 dans
2023 732 21 19 la

1571 763 56 20 salle
1643 762 39 21 des
1704 761 169 21 Catherinettes
1895 760 29 20 de
1944 759 100 21 Colmar.

1571 791 57 20 Mais
1642 791 16 20 il
1672 790 91 20 déclare
1787 789 56 25 qu’il
1856 789 51 20 n’en
1925 792 55 16 veut
1989 787 57 21 faire

1570 826 76 14 aucun
1655 818 58 26 grief
1722 819 13 19 à
1744 818 31 21 M.
1785 817 71 21 Coen.
1867 817 19 20 Il
1895 823 31 14 ne
1938 820 55 16 veut
2001 822 44 19 que

1571 851 118 17 constater
1702 853 46 19 que
1765 846 30 21 M.
1811 845 92 21 Ricklin
1922 851 24 14 se
1963 848 83 17 trouve

1571 876 56 20 dans
1635 876 22 19 le
1666 875 74 20 même
1749 880 38 14 cas
1796 877 22 17 et
1827 880 46 18 que
1881 873 59 20 dans
1948 872 99 25 l’enquê-

1572 908 21 17 te
1608 904 31 20 du
1651 903 56 25 juge
1722 901 162 22 d’instruction
1899 907 30 14 on
1946 900 41 21 fait
2005 900 40 20 des

1572 932 123 24 reproches
1708 932 47 19 très
1769 936 82 20 graves
1866 935 60 20 pour
1939 935 27 14 ce
1980 928 42 21 fait
2033 929 13 19 à

1572 961 107 20 l’accusé.
1688 960 18 20 Il
1715 960 85 24 dépose
1809 958 90 21 ensuite
1907 958 41 19 des
1957 956 90 21 conclu-

1572 989 65 20 sions
1655 987 139 22 demandant
1811 987 34 20 s’il
1867 993 29 13 ne
1918 985 69 21 valait
2007 991 40 19 pas

1573 1017 76 21 mieux
1665 1023 44 19 que
1723 1016 31 20 M.
1764 1015 62 21 Coen
1835 1021 25 14 se
1873 1014 69 20 retire
1959 1019 88 14 comme

1572 1051 158 17 assesseur,ou
1736 1043 55 25 qu’il
1798 1041 249 22 avoue'officiellement

1572 1074 22 20 la
1601 1073 92 25 loyauté
1701 1072 29 20 de
1738 1071 31 21 M.
1779 1071 100 20 Ricklin.

1596 1101 66 20 Cette
1670 1099 141 21 déclaration
1820 1098 27 21 fit
1855 1098 125 21 sensation.
1990 1097 57 20 Mais

1573 1133 52 17 tous
1633 1129 34 20 les
1676 1127 120 21 Alsaciens
1805 1126 40 26 qui
1859 1130 40 17 ont
1907 1127 58 19 vécu
1979 1129 67 16 avant

1573 1158 21 20 la
1602 1163 82 19 guerre
1696 1156 58 20 dans
1771 1158 66 17 nGtre
1850 1160 56 20 pays
1918 1161 29 13 ne
1966 1154 82 19 s’éton-

1573 1188 55 17 nent
1635 1185 65 25 point
1707 1184 30 19 de
1742 1189 27 14 ce
1777 1182 48 21 fait.
1831 1182 109 21 Combien
1948 1182 99 19 d’autres

1573 1219 29 14 ne
1610 1219 26 14 se
1643 1211 168 22 trouvaient-ils
1819 1216 42 19 pas
1873 1210 58 20 dans
1938 1209 23 20 le
1974 1209 73 20 même

1574 1247 38 15 cas
1620 1240 12 21 ?
1646 1240 29 21 M.
1686 1239 90 21 Ricklin
1786 1239 60 20 tient
1858 1238 116 20 lui-même
1983 1244 14 13 a
2010 1237 38 20 dé-

1574 1270 74 20 clarer
1669 1268 56 26 qu’il
1740 1268 52 20 n’en
1808 1266 43 21 fait
1867 1266 129 21 nullement
2015 1272 31 14 un

1574 1297 60 27 grief
1640 1298 13 19 à
1661 1297 29 20 Aï.
1697 1296 71 24 Coen;
1773 1302 29 14 au
1811 1294 158 25 contraire,lui
1976 1294 70 24 aussi,

1574 1326 15 20 il
1598 1332 13 14 a
1620 1325 68 25 passé
1701 1331 43 18 par
1752 1324 29 20 là.
1798 1323 17 20 Il
1824 1329 13 14 a
1852 1326 66 17 toute
1931 1321 116 21 confiance

1574 1360 29 14 en
1611 1359 43 14 son
1664 1353 57 24 juge
1736 1352 54 24 qu’il
1809 1351 94 20 connaît
1918 1356 89 14 comme
2015 1355 31 14 un

1574 1381 100 20 honnête
1683 1380 99 20 homme.

1599 1409 31 20 Le
1638 1408 118 25 président
1764 1407 88 25 répond
1861 1413 44 19 que
1911 1409 53 18 tous
1971 1405 35 21 les
2012 1405 35 26 ju-

1574 1443 40 20 ges
1628 1440 54 17 sont
1696 1436 115 24 Français,
1830 1435 14 20 à
1861 1435 121 25 n’importe
1995 1433 52 25 quel

1574 1465 91 21 endroit
1686 1464 72 26 qu’ils
1771 1464 76 20 soient
1860 1464 49 19 nés.
1924 1462 30 21 Aï.
1964 1462 84 20 Fachot

1575 1494 34 20 dit
1623 1499 46 19 que
1676 1493 20 20 si
1710 1492 31 21 Aï.
1752 1492 62 20 Coen
1829 1491 57 21 était
1893 1490 89 22 officier
1995 1489 53 21 alle-

1575 1521 76 23 mand,
1661 1521 16 20 il
1686 1527 13 14 a
1707 1520 42 21 fait
1757 1526 41 15 son
1808 1519 88 24 devoir,
1906 1519 18 20 il
1938 1518 56 21 était
1998 1518 51 25 jeu-

1573 1557 38 16 ne,
1627 1549 17 20 il
1658 1547 36 22 n’a
1708 1555 42 19 pas
1759 1555 75 14 connu
1843 1549 22 19 la
1883 1548 94 20 France.
1991 1546 56 21 Mais

1575 1578 82 25 depuis
1667 1577 23 20 le
1697 1577 101 25 premier
1808 1577 54 25 jour
1869 1576 29 20 de
1908 1575 138 23 l’armistice,

1575 1607 16 20 il
1600 1613 12 14 a
1621 1606 36 20 été
1665 1612 31 14 un
1704 1606 46 20 bon
1760 1605 115 22 Français,
1886 1608 22 16 et
1922 1604 19 21 si
1950 1603 47 20 l’on
2009 1609 13 14 a
2034 1603 13 19 à

1575 1634 85 22 choisir
1668 1638 66 16 entre
1742 1633 31 21 M.
1779 1632 62 21 Coen
1849 1636 24 17 et
1879 1639 45 14 «un
1933 1631 113 23 Ricklin»,

1575 1670 30 14 on
1613 1662 96 21 n’hésite
1717 1668 50 19 pas.

1738 1693 13 25 (
1751 1691 126 26 Cuntinua)

2068 106 183 48 MTIZIE
2278 106 52 47 D!
2359 112 155 72 CÛHSlcji

2090 208 98 22 Ajacciu
2193 217 24 4 —
2222 208 59 17 Morte
2306 209 20 17 di
2343 215 14 13 u
2374 212 42 23 Sgiô
2429 219 32 16 PtK.

2069 233 92 22 Agostini,
2166 232 23 18 G4
2200 233 51 17 anni.
2456 229 60 28 lasePpu

2090 267 23 4 —
2120 258 61 17 Morte
2190 257 20 18 di
2215 257 84 19 Madama
2306 260 76 20 vednva
2389 264 71 20 Marini?

2070 287 20 13 ca
2099 283 46 21 Fini,
2152 283 23 18 54
2180 283 51 17 anni.
2461 279 55 25 raBce$.

2090 317 23 4 —
2116 308 62 18 Morte
2185 308 20 18 di
2212 313 15 13 u
2238 308 44 23 Sgiò
2295 308 61 20 Paulu
2368 312 63 22 Natale
2444 320 23 14 r.

2069 332 22 19 33
2099 333 51 18 anni.

2091 367 21 4 —
2118 358 60 18 Morta
2184 358 19 18 di
2209 358 45 19 Sora
2267 358 86 20 Catalina
2360 361 92 26 Geronimi
2466 373 19 15 Rn

2069 383 27 18 ni.
2453 383 5 9 ’
2466 378 19 15 00
2495 385 22 17 an.

2091 418 22 3 —
2121 409 60 18 Morte
2189 409 21 18 ûi
2217 414 13 12 u
2239 409 44 22 Sgiò
2297 409 81 20 Ernestu
2392 414 92 24 Corbellin-

2069 433 50 18 anni.
2466 429 24 19 0l>
2502 432 16 20 63

2091 467 22 4 —
2118 459 60 18 Morte
2186 459 20 17 di
2214 464 13 12 u
2236 459 44 23 Sgiò
2288 459 58 19 Carlu
2359 461 87 24 Bastelica
2463 471 20 18 gc

2069 483 26 18 ni.
2448 482 4 8 ’

2090 518 23 4 —
2121 509 60 19 Morte
2189 510 19 17 di
2219 515 13 12 u
2241 509 43 23 Sgiò
2293 510 59 18 Petru
2358 511 73 26 Coggia,
2439 519 21 18 41

2091 543 22 4 —
2118 533 61 19 Morte
2185 535 19 17 di
2209 535 83 18 Madama
2300 535 80 19 Paulina
2388 538 92 26 Battistein

2090 566 130 24 Barbaggiu
2229 577 21 4 -
2255 569 61 17 Morte
2323 569 21 17 di
2352 574 14 13 u
2371 570 43 24 Sgiò
2421 575 69 24 Agnulu
2498 585 11 14 p

2070 594 31 17 tru
2106 592 101 18 Antonini.
2481 591 11 9 u

2091 626 79 18 Bastia
2177 635 24 4 —
2205 626 121 19 Matrimoniu
2334 628 21 17 di
2362 629 122 27 Madamicella
2495 642 15 13 v

2070 652 65 17 dalena
2143 651 106 23 Rongiconi
2254 655 24 14 en
2286 656 12 13 u
2308 652 107 23 giandarme
2423 658 79 25 CharlUet

2090 685 24 4 —
2118 676 121 18 Matrimoniu
2253 676 20 18 di
2288 677 126 22 Madamicella
2429 684 58 22 Ghhry

2069 701 92 18 Dominici
2168 706 23 14 eu
2200 707 13 12 u
2221 701 44 23 Sgiò
2273 701 98 21 Fernandu
2379 705 85 23 Dellazari
2487 696 35 19 ^

2091 736 23 4 —
2118 727 61 18 Morte
2187 727 21 18 di
2223 726 84 18 Madama
2314 728 112 23 Antunietta
2432 734 63 23 Massei

2070 752 63 18 anni..
2471 750 8 6 -
2496 754 5 9 >
2507 747 15 17 *3

2091 787 22 4 —
2121 778 61 18 Morte
2190 778 20 17 di
2219 783 13 13 u
2240 777 82 23 giovanu
2334 778 102 23 Dumenicu
2444 786 73 22 Fredian-

2070 802 22 19 18
2097 803 52 18 anni.

2091 837 23 4 —
2121 828 61 18 Morte
2197 828 19 18 di
2232 828 58 18 Maria
2306 829 101 21 Francesca
2420 833 82 26 Grimaldi
2513 845 9 13 R

2071 854 49 18 anni.
2503 849 19 14 ’8

2092 889 22 3 —
2122 878 62 19 Morte
2191 879 20 17 di
2219 878 56 19 Prete
2283 879 106 20 Risterucci
2397 883 30 17 chi
2442 886 59 23 desser
2510 894 5 5 '

2071 909 11 14 a
2089 905 83 22 cappella
2185 904 20 18 di
2213 909 12 12 u
2232 903 58 19 Santu
2300 909 56 14 nome
2364 906 19 18 di
2391 907 60 21 Maria.
2509 899 15 14 18

2093 938 155 18 Calenzana—
2255 938 61 18 Morte
2323 939 21 17 di
2352 939 80 21 Madama
2444 944 73 25 PasqUai-

2071 968 23 14 na
2100 963 97 22 Laurenli,
2206 963 22 18 57
2235 963 51 18 anni.
2477 957 11 13 H
2512 958 12 13 l'

2093 997 65 19 Calvi
2163 1007 24 3 —
2192 997 120 18 Matrimoniu
2320 997 21 18 di
2349 998 121 24 Madamicella
2479 1006 36 21 paui

2070 1023 57 18 Maria
2136 1022 133 23 Guglielmacei
2280 1027 24 13 eu
2313 1028 12 12 u
2332 1022 44 24 Sgiò
2390 1025 86 23 Lisandru
2489 1017 36 36 FUr!

2071 1049 66 18 tunatu
2145 1047 122 19 Bernardelli.

2093 1081 107 19 Cozzanu
2207 1091 23 4 —
2238 1081 58 19 Morte
2304 1082 20 17 di
2332 1082 83 20 Madama
2423 1085 96 28 Bianchinet

2072 1110 18 17 ta
2097 1107 90 22 Renucci,
2196 1106 23 19 88
2225 1107 51 18 anni.

2093 1141 87 20 Cuttoli
2188 1141 157 19 Curticchiatu
2351 1151 23 4 —
2382 1143 104 23 Assassiniu
2491 1151 17 18 di
2516 1159 7 13 a

2071 1168 80 23 giovane
2165 1167 114 22 Giorgiaggi,
2288 1166 25 18 10
2323 1167 53 22 anni,
2386 1169 22 18 da
2421 1169 65 22 Cuttoli
2497 1176 30 20 Do-

2071 1193 81 21 menicu,
2167 1197 12 13 a
2186 1192 50 23 colpi
2248 1192 19 17 di
2284 1192 67 18 îueile.
2367 1193 111 23 L’assassinu
2492 1201 32 20 tene

2072 1223 73 18 sempre
2152 1223 12 13 a
2172 1218 89 18 macchia.

2092 1252 56 19 Luri
2156 1261 24 4 —
2185 1252 59 18 Morte
2249 1252 21 18 di
2278 1257 12 13 u
2299 1251 45 24 Sgiô
2350 1252 55 18 Petru
2410 1253 65 26 Luiggi
2481 1258 42 21 Fran-

2072 1278 68 19 ceschi.

2093 1312 141 23 Morosaglia
2241 1321 23 4 —
2270 1311 59 19 Morte
2337 1311 21 18 di
2366 1316 12 13 u
2388 1312 74 21 Duttore
2468 1316 56 23 Moruc-

2072 1338 23 21 ci,
2103 1337 116 22 cunsigliere
2226 1337 88 23 generale
2322 1336 21 18 di
2350 1341 14 14 u
2372 1339 84 19 cantone.

2092 1370 117 18 Pietralba
2213 1379 24 4 —
2244 1370 60 18 Morte
2312 1370 18 18 di
2337 1375 15 13 u
2360 1370 44 24 Sgiô
2412 1372 77 22 Lucianu
2502 1378 21 19 Fj.

2071 1396 62 22 lidori,
2146 1395 89 23 ghiudice
2239 1395 119 23 suppleente.

2093 1430 53 18 Sari
2154 1429 106 19 d’Orcino
2266 1438 22 5 —
2292 1429 62 19 Morte
2367 1430 20 18 di
2394 1430 79 22 Madama
2482 1435 41 21 Save-

2073 1456 28 18 ria
2108 1455 81 18 Morelli.

2093 1489 94 18 Venacu
2194 1498 23 4 —
2222 1489 64 21 Morte,
2300 1489 20 18 in
2328 1489 82 23 Algeria,
2426 1491 19 18 di
2456 1493 66 22 Madama

2073 1515 68 18 Helena
2149 1514 65 19 Mattéi
2227 1515 44 17 nata
2283 1514 93 23 Rognoni.
2384 1515 16 18 A
2413 1518 66 21 spoglia
2492 1525 30 15 sera

2073 1541 85 18 sbarcata
2165 1540 64 21 marli,
2238 1539 22 18 12
2268 1539 67 23 jugnu,
2350 1540 20 18 in
2377 1541 80 22 Ajacciu.
2465 1543 58 21 Cundo-

2074 1566 79 23 glianze.

2073 1649 99 22 Aiacciu
2182 1661 29 4 —
2222 1648 134 29 Slamparia
2368 1648 24 22 di
2404 1650 22 21 A
2437 1650 104 27 Muvra.-J

2074 1693 13 15 u
2099 1685 231 23 Diretlore-Gerenle
2339 1691 7 16 :
2359 1685 69 23 Petru
2437 1687 83 26 ROCCA

72 1831 172 48 Libraria
267 1829 40 47 di
322 1827 31 48 k
375 1825 168 50 MU¥1A

123 1915 119 24 ULTIME
254 1912 239 24 PUBLICAZIONE

92 1969 97 19 Carîotti
194 1969 38 22 (D):
241 1978 24 4 —
272 1966 143 20 Manualettu
422 1965 24 18 di
450 1964 93 18 Parlata

138 1997 74 18 Corsa.
221 1997 18 17 A
246 1996 61 22 prima
315 1994 120 24 grammatica
446 1991 97 19 dialettale

138 2029 52 13 corsa
197 2024 100 22 publicata.
308 2022 85 18 Cuntene
404 2026 11 13 e
424 2020 68 23 régulé
502 2019 21 17 di
532 2023 11 13 a

138 2052 70 22 parlata
215 2051 123 20 eismuntana,
345 2049 11 18 1
365 2049 39 18 vol.
412 2047 24 19 80
444 2052 19 18 p.
497 2045 14 19 S
520 2055 23 4 —

93 2090 134 19 Codaccioni
235 2090 30 23 (G.
271 2090 31 22 P.)
308 2099 22 4 —
336 2088 111 19 Canzone.
455 2086 88 18 Raccolta

137 2119 20 18 di
165 2123 11 13 e
182 2118 32 22 più
221 2118 90 22 populare
323 2117 65 22 puesie
402 2115 19 18 di
428 2114 88 19 l’anfarte
523 2113 19 18 di

137 2146 101 23 Proprianu
255 2145 80 23 (Satare,
352 2144 91 21 Lamenti,
458 2142 84 18 Canzone

137 2174 89 22 pulitiehe
242 2177 33 14 ecc
284 2173 21 23 ..)
324 2173 43 18 c’un
384 2171 81 18 introilu
485 2170 19 16 di
523 2167 19 19 U

138 2202 174 23 Sampetracciu.
328 2200 10 18 1
347 2200 41 17 vol:
399 2198 41 19 in-8
450 2199 21 17 di
481 2196 22 19 96
511 2201 31 17 pa-

137 2230 51 23 gine.
497 2224 13 18 ^

91 2268 117 20 Alaistrale
213 2277 23 4 —
240 2267 92 19 Lettare
351 2271 16 13 a
383 2265 159 22 Lumbrigone.

138 2297 79 18 Gronaca
224 2296 76 18 satirica
306 2295 63 22 d’ogni
376 2293 122 19 evenimentu
504 2295 40 14 cor-

137 2329 30 16 su,
179 2325 81 21 attempu
271 2323 113 18 documentu
396 2321 87 23 preziosu
490 2325 11 13 e
510 2319 34 18 mi-

136 2353 54 18 niera
195 2351 101 19 scaccani.l
301 2350 60 19 vol.di
365 2348 35 19 220
405 2349 74 23 pagine.
496 2347 48 18 10—

91 2392 85 18 L’Orsu
183 2390 108 20 d’Orezza
294 2400 20 3 —
319 2389 113 19 Primizie.
433 2388 87 18 Raccolta
525 2387 19 17 di

140 2425 11 14 e
159 2420 32 22 più
200 2420 49 17 belle
257 2419 67 22 puesie
331 2418 19 17 di
358 2417 88 18 l’anfarte
453 2416 19 18 di
481 2420 11 13 a
500 2415 43 18 Cas-

71 2462 3 4 .
106 2453 2 3 •
140 2447 94 24 tagniecia.
248 2448 23 17 Di
285 2447 15 18 A
310 2444 111 20 Cullezzione
432 2444 21 18 di
459 2444 37 18 Van
495 2441 50 25 fard

138 2481 33 14 cor
170 2475 22 19 si.
204 2475 10 17 1
223 2476 37 17 vol.
270 2475 21 18 di
299 2474 22 18 64
330 2479 18 17 p.
509 2471 36 18 5—

95 2516 89 19 JViatteu
198 2514 103 18 Cirneasx
318 2512 73 24 (Mattéi
405 2512 56 18 Torre
467 2521 23 4 —
495 2510 48 23 Que

142 2543 54 18 veut
211 2542 23 18 la
251 2541 70 19 Corse
327 2541 6 18 !
352 2540 59 19 Tutt’i
426 2539 57 23 punti
497 2539 21 17 di
533 2543 11 13 a

141 2573 13 8 “
161 2570 94 22 Quistione
263 2569 72 19 corsa”.
342 2568 64 18 Difesa
414 2572 10 14 e
432 2566 112 19 illustrazio-

140 2603 27 14 ne
174 2599 18 17 di
199 2603 14 12 u
220 2597 105 18 Gursismu.
334 2596 10 18 1
352 2596 39 19 vol-
401 2595 22 18 64
431 2600 19 17 p.
521 2603 23 4 —

91 2638 66 19 Paoli
163 2636 182 24 iliTagiio—Eisa
350 2639 13 14 e
367 2633 158 20 Pianti.Sunetti
529 2637 11 13 e

139 2665 64 18 Poesie
208 2665 52 17 varie
266 2665 44 17 c’un
316 2663 79 18 introitu
402 2663 18 17 di
426 2660 118 20 Maistrale

138 2693 90 22 (Cuntene
241 2697 14 12 u
268 2692 92 18 Lamentu
371 2691 20 17 di
402 2695 13 13 u
429 2689 94 22 Castagnu
533 2693 11 13 a

137 2725 14 13 u
160 2720 70 22 Corsu).
236 2720 11 17 1
255 2720 40 18 vol.
302 2718 40 19 in-8
350 2719 20 17 di
377 2718 35 18 112
419 2723 20 18 p.
501 2716 13 18 5
522 2725 23 4 —

93 2763 23 4 —
124 2753 63 19 Fiori
193 2757 13 13 e
214 2751 76 24 Spine,
296 2752 66 18 Puesie
370 2751 50 18 varie
427 2752 45 17 c’un
479 2750 65 18 introi-

138 2782 22 17 lii
168 2781 18 18 di
193 2780 68 18 Petru
268 2780 83 18 Rocca.
363 2779 11 18 1
381 2779 39 18 vol.
433 2779 18 17 di
462 2777 24 19 86
493 2777 51 23 pagi-

137 2813 32 15 ne.
497 2805 16 17 4
521 2814 22 4 —

92 2849 19 18 U
120 2847 170 24 Sampetracciu
299 2846 146 23 (GMamiettu
450 2844 92 23 Notini.)

137 2877 64 17 Rime
209 2875 75 22 (Puesie
289 2875 58 20 varie,
354 2873 120 21 Strufulelte,
483 2872 60 18 Punie

138 2905 20 17 di
165 2904 72 17 Minutu
245 2903 78 20 Grossu,
335 2901 89 22 Canzone,
436 2900 107 19 Induvinel-

115 2937 8 8 »
137 2932 33 22 le).
187 2931 45 18 C’un
248 2931 82 18 introitu
340 2930 20 17 di
378 2929 71 18 Petru
461 2928 82 18 Rocca.

140 2960 10 17 1
160 2959 36 18 vol.
211 2959 19 17 ûi
241 2958 35 18 160
287 2958 74 23 pagine.
500 2955 14 20 8
522 2964 23 4 —

92 3009 23 4 —
123 2999 12 18 I
143 2998 104 19 Successi
254 2997 24 18 di
284 2997 82 18 Natale
372 2996 111 18 Zuccone.
490 2994 56 19 Cum-

137 3026 61 19 media
204 3026 21 17 in
232 3025 12 18 4
252 3026 43 18 atti.
300 3025 27 18 Ba
333 3025 18 17 fà
358 3024 42 18 ride
406 3028 48 13 ancu
463 3027 12 14 e
483 3023 63 21 sporte

138 3059 11 14 e
156 3055 23 17 da
185 3054 23 17 dà
214 3058 37 13 una
259 3054 51 18 bella
317 3053 73 18 lezione
397 3056 13 13 a
416 3051 49 19 certi
473 3051 66 22 parent

137 3081 96 19 inlusicati
244 3082 23 17 da
278 3079 143 24 l’impiegheria.
433 3079 23 17 Di
463 3077 83 19 a^Culle-

137 3109 51 18 zione
195 3108 20 18 di
222 3114 13 12 u
247 3108 66 19 Teatru
320 3107 21 18 di
347 3107 16 18 A
372 3107 72 17 Huma.
455 3106 11 18 1
476 3106 40 17 vol.
525 3106 20 21 di

138 3137 34 18 106
180 3137 72 22 pagine.
496 3131 14 19 6
521 3142 22 4 —

91 3187 23 3 —
129 3176 21 18 A
163 3175 102 19 Pulitica,
284 3174 109 19 Cummedia
410 3174 20 17 in
445 3173 11 17 4
470 3172 43 18 atti.
530 3172 14 17 E

137 3203 104 24 spurchizie
252 3203 20 17 di
284 3208 12 12 a
305 3201 120 19 Puliticaccïa
436 3200 109 22 d’impurta-

137 3233 53 16 zione
201 3234 60 14 messe
272 3235 12 13 a
295 3230 52 18 nudu
357 3233 11 14 e
378 3229 110 18 scurticate.
499 3228 24 17 Di
532 3232 11 13 a

140 3258 98 19 Cullezione
244 3257 21 18 di
269 3263 14 12 u
291 3257 65 18 Tealru
362 3256 20 17 di
386 3257 15 16 A
408 3255 72 19 Muera.
487 3256 10 17 1
505 3256 37 17 vol.

139 3287 20 17 di
167 3285 21 19 96
199 3285 73 23 pagine.
498 3282 14 17 6
521 3291 22 4 —

96 3335 111 19 Dumandale
214 3339 13 12 u
234 3333 65 19 listinu
306 3333 21 19 di
334 3334 58 17 noslre
398 3331 126 24 publicazionc

156 3426 3 3 .
189 3408 34 24 Per
239 3407 78 30 iscopre
334 3404 93 32 Surgenti,

151 3443 58 29 Acpe
228 3443 128 29 Sutterranee,
373 3440 94 26 Minerali.

139 3499 107 29 Frets
272 3499 208 33 Casanova

143 3541 140 25 Pievanu
299 3542 34 24 di
348 3540 125 26 Zicavu

103 3590 25 16 dà
135 3594 12 13 a
154 3589 145 19 cunuscimentn
306 3591 20 17 di
335 3590 58 22 quelli
403 3590 30 17 chi
439 3590 17 17 ci
462 3594 52 18 ponu

126 3614 56 17 truvà
189 3618 14 12 n
210 3617 20 14 so
238 3613 102 23 interessu,
347 3615 70 18 ch’ellu
425 3619 66 18 scopre

126 3638 90 22 surgenti,
222 3642 59 17 acque
290 3640 114 21 sutteranee,
411 3640 80 17 minière

188 3663 145 21 metallurgiche
340 3665 24 16 ed
372 3665 54 18 altre.

105 3694 118 19 Infailibile
233 3704 24 4 —
269 3696 99 18 Pruvate
377 3701 13 13 e
399 3696 115 20 vidarete!

567 1835 477 157 piÛliÎÈi

569 1992 43 37 g'
621 1988 132 31 CRÈME
773 2000 40 18 PB
831 1982 159 34 BEJLUTÊ
998 1971 46 62 jjj

569 2021 58 43 §jjk
657 2037 74 20 REND
739 2037 34 19 LA
783 2035 74 20 PEAU
864 2032 95 22 DOUCE
987 2018 57 44 Jjjj

569 2054 95 45 gjjlp^
675 2065 115 22 FRAICHE
796 2054 248 46 PARFUMÉE^AEÊÊk

714 2160 184 28 FRATACCI

685 2213 122 31 Bandagiste,
819 2211 114 32 Spécialiste

639 2263 113 21 'Avenue
765 2262 35 21 du
813 2267 44 16 1er
871 2260 100 22 Consul

756 2300 105 27 Ajaccio

630 2381 105 26 Strumenti
746 2379 88 27 Musicali
845 2380 65 30 d’ogm
921 2379 70 26 Généré

619 2438 58 51 Y.
707 2436 296 53 Meracciole

602 2516 142 23 Prufessore
750 2517 24 21 di
788 2515 94 22 Musica
891 2521 14 16 e
917 2514 102 22 Viulinu

674 2561 60 20 9-19,
748 2556 40 20 Via
796 2555 65 21 Jules
872 2555 73 21 Cazot

739 2587 52 20 Alès
803 2585 80 26 (Gard)

629 2645 78 21 Yiulini,
713 2644 114 22 Manduline,
833 2643 104 24 Urganetti,
943 2643 49 18 Fono

680 2677 65 22 Piano,
753 2677 64 23 Banjo,
826 2677 64 18 Jazz...
899 2681 39 14 ecc.

647 2725 86 24 Catalogu
740 2724 71 25 gralisi,
819 2725 61 23 sopr’a
887 2723 89 20 cwnanda

647 2811 110 27 Contru
774 2820 17 17 a
804 2812 68 25 Vita
885 2811 73 27 Cara
966 2812 6 24 !

648 2860 103 34 GRtZE
768 2860 19 33 E
810 2859 164 35 CIIiZETTE

668 2913 13 12 “
688 2909 97 24 Inusable
803 2909 49 23 Mail
869 2908 82 27 fìder’'

754 2948 42 23 Filu
814 2955 52 23 puru

701 3001 111 31 Eieganza,
827 3000 90 25 Solicita

655 3059 67 29 Mma
750 3060 217 36 Pasqa&Imi

616 3107 39 25 El
665 3106 144 26 ArroucE
824 3105 177 28 Cusiantina

740 3145 137 34 (Algeria)

619 3242 215 59 Slamparia
855 3242 40 47 di

777 3306 32 49 A
831 3307 167 49 MOVRA

627 3393 101 21 Lettere
737 3404 27 4 —
771 3392 106 22 Fatture
888 3404 27 5 —
927 3392 73 22 Carte

621 3425 116 25 Biglietti
755 3436 29 5 —
797 3425 164 22 Mèmoranda
965 3437 30 4 —

619 3457 91 23 Affîssi
720 3470 29 4 —
760 3457 73 22 Libri
847 3469 30 5 —
886 3458 118 22 Giurnali

725 3497 73 16 ecc...
813 3497 73 16 ecc...

592 3562 26 29 P
621 3563 108 27 resta
745 3560 95 31 fattu

742 3615 22 20 e
783 3614 24 20 a
824 3605 78 30 bon.
919 3608 108 33 pattu

590 3666 207 22 Cunsultateei
804 3671 16 16 e
836 3667 193 21 dmnandate-

695 3696 14 20 i
716 3697 98 21 nostri
820 3698 96 23 prezzi

1227 1838 158 39 MODE

1466 1895 17 15 /

1189 1949 243 73 Santa

1130 2090 7 16 :
1148 2089 33 18 22
1196 2081 91 25 Corsu
1299 2080 168 35 Napulione
1493 2088 12 8 '

1238 2132 142 30 Ajacciu

1156 2283 83 24 Grande
1256 2283 85 24 Fabrica
1355 2283 21 24 di
1387 2282 73 25 Mobili

1104 2356 160 25 MARTINu
1294 2355 216 26 BERNARDINI

1148 2394 38 19 San
1197 2395 56 18 Petru
1264 2395 20 18 di
1298 2395 69 18 Venacu
1378 2394 89 24 (Corsica)

1145 2462 81 19 Generi
1234 2463 105 22 semplici
1347 2467 13 14 e
1367 2463 24 18 di
1397 2462 75 19 Lussu

1246 2525 60 22 Legni
1315 2525 56 18 scelti

1178 2558 53 23 Noce,
1243 2557 100 24 Castagnu,
1355 2558 84 19 Laricciu

1086 2616 115 24 Aperture
1212 2621 13 15 e
1233 2618 54 18 aïtri
1295 2618 75 19 favori
1377 2622 42 19 per
1425 2618 103 19 fabriche

1211 2652 75 22 sopr’a
1294 2652 112 18 cuxnanda

1139 2712 68 15 Prezzi-
1210 2712 67 15 ridutti
1284 2717 34 14 per
1326 2716 43 12 case
1378 2714 102 14 cumercali

1197 2740 80 15 Facilità
1284 2741 20 14 di
1315 2741 105 19 pagamenti

1162 2869 38 21 An
1203 2869 55 21 date
1269 2875 13 15 a
1293 2872 70 19 veste
1364 2870 25 22 vi
1405 2870 64 21 duve

1220 2914 41 25 DI
1279 2915 126 25 FABIO

1187 2963 26 16 12
1227 2958 72 21 Corsu
1310 2959 131 26 Napulione

1137 2998 32 19 Pè
1177 3004 16 13 u
1204 2998 97 24 “chic”,
1313 3004 14 14 e
1339 2999 150 24 Stofejscelte,

1177 3033 9 17 i
1197 3033 76 21 prezzi
1283 3033 166 24 raggiuaevuli.

1114 3179 4 3 •
1141 3167 84 24 Fabrica
1242 3168 108 24 d’Articuü
1369 3169 122 23 Orezzinchi

1146 3229 35 29 O
1206 3229 28 29 F
1265 3230 213 30 PÎAZZOLI

1109 3273 32 19 Val
1141 3274 17 18 le
1166 3275 92 23 d'Orezza,
1265 3281 34 18 per
1307 3276 105 19 Piedicroce
1420 3276 88 23 (Corsica)

1152 3333 45 22 Pipe
1205 3334 20 17 di
1231 3334 61 22 lussu,
1303 3335 69 21 Galiffi,
1379 3335 89 18 Bucchini

1190 3361 58 23 Scopa
1256 3362 20 18 di
1283 3363 61 22 prima
1352 3362 71 22 quaiità

1129 3408 97 25 Calamari,
1237 3412 57 18 Porta
1301 3417 67 17 penna,
1378 3412 63 22 Taglia
1449 3414 50 17 carta

1179 3466 109 24 Articuii
1300 3467 28 22 di
1339 3467 94 22 Tavula

1087 3513 98 19 Cucchiare
1195 3521 10 12 e
1212 3517 77 18 Furcine
1300 3525 20 5 —
1326 3516 95 23 Ovaghioli
1425 3525 25 5 —
1454 3517 77 18 Zucche-

1099 3541 79 17 riere—
1186 3542 87 24 Chiarchj
1279 3549 12 13 a
1301 3543 93 23 luvaglioli
1400 3544 117 19 —Salinére.

1128 3594 142 21 Assurtimen-tu
1280 3597 22 17 di
1309 3596 72 18 scatule
1388 3597 104 18 sculturate

1087 3631 34 17 per
1129 3627 83 24 tabaccu,
1221 3631 77 21 polvera
1309 3630 20 17 ûi
1342 3629 62 22 risn,..
1420 3635 53 13 ecc...
1482 3635 46 14 ecc..

1112 3689 60 16 Laeor-i
1179 3696 46 14 îopra
1231 3693 79 14 currjinda
1319 3693 20 13 in
1346 3696 50 14 seapa,
1403 3693 54 17 bustti,
1463 3694 42 14 oli-cv.

1586 1836 112 34 U#|!|Î
1953 1828 84 27 avok
2052 1828 130 35 toujours
2201 1827 49 26 des
2268 1827 133 35 produits
2418 1828 95 28 aliraen

1951 1866 86 31 tajres
2061 1872 55 24 tTgS
2135 1870 92 35 frais,
2256 1870 35 25 de
2314 1872 65 23 tout
2400 1872 114 32 premier

1587 1917 95 33 ehoix,
1697 1920 29 23 et
1741 1917 69 26 bien
1830 1916 132 26 meilleur
1977 1915 117 27 marché
2110 1923 56 27 que
2183 1918 115 32 partout
2316 1915 165 26 ailleurs?...

1971 1980 94 37 Faites
2089 1991 52 26 vos
2167 1980 102 37 achats
2293 1979 19 37 â
2337 1980 29 36 la

1649 2088 3 3 .
1667 2048 150 49 Grande
1845 2048 168 61 Epicerie
2044 2046 150 50 CêSTÂ
2222 2046 232 51 ET-NEGRI

1851 2123 190 25 Boulevard
2058 2123 58 25 Roi
2131 2123 135 26 Jérome

1625 2228 92 26 Vous
1734 2228 177 25 réaliserez
1929 2228 74 25 ainsi
2020 2227 108 35 chaque
2146 2227 74 27 mois
2237 2235 67 18 une
2321 2228 166 25 économie

1801 2276 55 25 très
1876 2275 125 27 sensible
2019 2284 72 26 pour
2109 2278 80 24 votre
2209 2275 109 35 budget

1859 2369 189 26 Livraisons
2065 2370 20 25 à
2104 2370 156 26 domicile

1675 2467 5 3 '
1764 2466 32 49 â
1818 2467 223 49 UBMEIA
2063 2468 47 48 il
2131 2467 223 58 A.MUVRA

1656 2547 111 35 compta
1779 2548 11 25 ;

1574 2601 143 29 VECCHJ
1734 2604 256 28 MANUSCRITTI
2006 2620 34 4 —
2057 2606 231 28 INCUNABULI
2309 2622 35 5 —
2357 2602 157 32 EDIZIONE

1652 2642 4 3 ‘
1668 2643 283 28 INTERESSANTE
1962 2658 35 7 —
2011 2645 168 27 VECCHJE
2192 2646 150 28 STAMPE
2355 2655 76 18 ecc...

1687 2701 62 30 Un
1767 2705 179 27 mancate
1966 2703 38 30 di
2020 2705 166 31 scriveci
2202 2708 127 35 prima
2348 2707 39 30 di

1855 2771 3 3 ■
1903 2754 126 30 vende
2047 2755 48 30 ad
2119 2756 95 31 altrL

1674 2904 148 27 Antichità
1840 2905 87 27 Corse

1583 2970 213 49 FraEcessti
1838 2972 180 49 FïETEI

1594 3036 23 26 8,
1630 3037 83 21 Corsu,
1727 3036 131 23 Grandval
1871 3049 29 5 —
1916 3039 104 22 Aiacciu

1583 3099 73 32 Cispre,
1679 3100 50 32 Stili,
1740 3101 77 33 Pistole,
1828 3102 109 34 FiancMne,
1946 3105 74 31 Stampe

1619 3138 58 26 Piatti
1688 3144 10 20 e
1708 3140 60 26 Tazze
1779 3146 25 21 eu
1813 3141 8 25 i
1832 3142 89 31 proverbj
1932 3144 52 25 corsi

1669 3178 71 26 Zucche
1752 3185 24 20 eu
1784 3180 71 30 sugetti
1865 3180 60 28 local!

1607 3343 389 103 Tomasi

1710 3505 205 66 Fôlôgrafu

1581 3613 449 69 Aiacciu-Bastia

2153 2926 129 55 Casa
2316 2923 155 57 RICCI

2106 3020 43 35 38,
2181 3021 90 28 Corsu
2287 3014 202 44 Napulione,38

2178 3091 35 5 —
2234 3078 144 25 Aiacciu
2396 3088 33 6 —

2122 3139 164 28 RICORDI
2310 3130 175 37 AIACCINI.

2105 3183 102 28 ART1CULI
2224 3184 112 27 RBLIGIQSI
2360 3195 35 7 —
2402 3173 107 54 JDHO^

2428 3279 29 9 ■v'-"
2471 3284 7 10 p,

2187 3321 85 22 L’Arte
2286 3320 129 29 Religiosu
2431 3334 9 5 ..

2121 3361 147 26 Bamasu
2283 3353 188 33 Maestracci

2095 3403 85 21 Artista
2188 3403 193 24 scuItore,allievu
2389 3400 22 21 di
2419 3405 12 13 a
2438 3392 54 24 scola

2112 3431 29 20 d’i
2151 3431 15 11 “
2174 3432 75 21 Beaux
2257 3432 71 20 Arts”
2336 3430 25 21 di
2368 3424 111 26 MarsegU»

2143 3461 160 24 Occhiatana
2326 3462 13 26 (
2343 3453 110 29 Corsica)

2077 3508 65 20 Statue
2147 3511 88 22 religiose
2241 3510 64 24 d’ogni
2310 3512 69 21 généré
2384 3511 11 14 e
2398 3497 103 27 dûnensioaf

2085 3534 35 19 Via
2127 3536 59 22 eruci,
2195 3537 83 21 cunsole,
2286 3533 102 20 battisteri,
2396 3529 86 21 mon^rs.

2092 3560 105 23 fumerarii,
2208 3562 21 18 in
2237 3561 94 24 ghiesgiu,
2341 3560 70 17 stueen,
2423 3553 44 19 ciiae

2103 3588 80 21 armatu,
2192 3587 59 18 simOi
2257 3588 61 21 petra,
2326 3585 75 18 cartone
2407 3581 58 33 ru®Sp
2480 3584 4 8 ’
2498 3604 4 5 .

2082 3611 90 19 st’nltima
2177 3613 79 18 materia
2265 3612 12 18 è
2281 3607 127 22 rienmandata
2412 3605 22 23 pè
2443 3606 11 13 c

2092 3654 116 20 Monument!
2214 3660 12 14 a
2230 3656 9 17 i
2243 3655 57 19 morti
2305 3654 20 18 di
2330 3655 72 21 guerra,
2409 3645 74 20 jn^roD'

2152 3685 11 13 0
2171 3686 101 16 marmaru,
2279 3680 62 22 sopr’a
2351 3672 92 24 cumanda.

2087 3721 67 16 Prezzi
2160 3723 91 15 muderati
2262 3721 79 16 Dnmanàâ
2346 3724 12 10 n
2362 3717 58 17 catalog
2419 3717 11 11 11
