2536 3814
95 93 258 57 déchaînement
372 91 44 46 de
438 92 35 47 h
488 93 102 58 f&rce
610 95 138 51 brutale
771 115 42 32 en
830 101 129 48 àhase

218 164 74 30 Les
311 163 177 31 derniers
509 166 251 35 événements

86 257 143 27 événements
238 252 39 25 qui
286 258 24 13 se
319 252 121 19 déroulent
448 258 29 13 en

44 275 157 36 ^..Lorraine
210 283 52 18 sont
268 280 67 19 d’une
341 279 88 25 gravité
438 280 41 19 tel-

28 304 48 27 ^S*C
88 304 57 36 'nous
152 318 27 14 ne
185 314 104 21 pouvons
295 313 58 14 nous
358 307 121 24 dispenser

29 330 165 36 *eqUC<>x:aminer
201 343 28 14 en
237 335 77 20 détail.
319 334 159 25 Aujourd’hui,

30 357 80 38 deleSya
118 366 106 31 pr0vince
234 363 100 20 rhénane
342 366 34 16 est
382 368 45 14 aux
436 362 44 24 pri-

30 391 27 21 se°
64 387 45 35 C,'c
117 392 175 27 l'impérialisme
302 390 105 24 français.
423 390 57 20 Mais

30 413 64 38 sesfN't
102 432 39 22 pas
150 419 128 24 nécessaire
286 419 38 24 d'y
335 418 109 25 regarder
452 417 29 20 de

31 440 84 40 ilfeSrès
121 457 55 22 pour
182 447 151 25 comprendre
340 452 44 19 que
389 446 21 20 le
418 452 63 13 mou-

31 470 49 24 VeS?
95 490 9 16 t
112 483 77 20 breton
199 480 39 17 est
247 475 84 24 exposé
340 480 43 14 aux
395 474 86 20 mêmes

32 494 104 41 ventes
150 504 91 27 qu’e!ie-
256 503 71 20 °utre
335 508 44 18 9ue
393 497 89 23 àonnb.r

31 524 181 40 P°urJvéneinents
227 529 220 22 d’AIsace-Lcrraine
460 528 22 20 la

80 571 44 19 .gre
132 563 62 26 place
215 560 57 19 dans
288 564 42 14 nos
343 558 139 25 précccupa-

32 579 164 39 P-TËTactuelles,
207 588 56 20 c'est
271 586 63 20 obéir
343 586 13 19 à
365 589 66 16 notre
445 585 38 19 de-

31 610 12 27 tt
43 613 15 24 0.
54 610 12 14 0
77 619 94 27 vfs-à-vis
179 616 29 20 de
216 615 23 20 la
247 614 73 20 vérité
329 617 22 16 et
364 613 13 20 à
386 619 43 14 nos
444 619 39 13 en-

33 636 111 40 v°^Qients
152 644 101 22 vis-à-vis
261 643 29 20 de
299 648 42 14 nos
351 641 71 22 alliés,
429 642 55 19 c’est

31 666 65 39 g2gore
104 681 55 17 nous
172 675 82 17 mettre
266 677 27 13 en
308 676 90 13 mesure
407 669 29 20 de
450 669 33 20 ré-

32 694 50 38 e.DCer
90 707 49 25 plus
147 700 154 22 efficacement
310 698 89 19 demain
414 698 13 18 à
442 697 41 19 des

32 718 122 38 s!stLu*vres
167 728 39 25 qui
221 730 76 17 seront
312 725 102 25 répétées
429 725 55 19 chez

91 763 42 21 très
142 754 243 24 vraisemblablement,
397 756 23 16 et
428 753 56 19 dont

32 777 45 38 c°Ug
91 787 141 25 connaîtrons
244 786 50 17 tout
302 782 22 19 le
338 780 145 21 mécanisme.

34 804 31 36 r°U
77 819 44 23 cela
126 818 33 18 est
166 813 47 20 très
222 813 123 20 rassurant,
352 809 66 20 l’Etat
425 808 57 21 fran-

51 839 21 34 cs’
87 850 61 18 assez
161 846 86 21 pauvre
261 837 180 26 d'imagination,
455 843 29 13 ne

36 862 29 34 i!;t
71 876 66 20 o-uère
145 877 23 14 se
176 867 144 22 renouveler.

51 893 54 35 NTo°us
115 907 27 14 ne
151 895 153 27 rappellerons
313 900 41 18 pas
362 897 63 17 toute
438 892 47 21 l’af-

35 941 7 11 r
50 938 4 5 •
64 941 11 13 e
83 932 26 20 dë
122 929 20 20 là
156 923 148 26 suppression
319 922 40 20 des
372 922 113 24 journaux

54 957 131 28 tonomistes,
195 951 58 21 mais
261 957 58 14 nous
328 953 157 17 remonterons

35 973 9 30 fl
44 973 22 30 8.
79 984 98 24 jemiers
192 979 114 22 incidents
320 979 28 19 de
364 985 26 13 ce
407 977 78 20 conflit

35 1003 42 39 ?our
84 1013 123 24 embrasser
215 1009 22 20 la
246 1007 83 25 genèse
334 1007 28 20 de
369 1007 22 20 la
398 1007 88 24 répres-

35 1051 38 21 sion
80 1040 97 25 actuelle.

43 1094 36 17 les
87 1079 211 28 autonomistes
307 1082 71 17 nors
385 1079 34 18 la
432 1079 42 17 loi

55 1123 24 19 La
98 1111 100 27 Zukunft
218 1117 29 14 en
272 1110 95 20 dialecte
385 1108 100 21 alsacien

44 1151 44 22 Yant
103 1143 35 21 été
153 1140 68 21 saisie
235 1139 32 20 le.
273 1143 24 20 19
315 1137 132 22 novembre,
465 1136 21 19 le

35 1176 46 27 partj
101 1168 155 25 Autonomiste
275 1164 211 23 Alsacien-Lorrain

36 1205 52 23 fonda
96 1207 30 15 un
140 1202 104 17 nouveau
255 1195 100 24 journal,
367 1193 121 25 régulière-

86 1224 153 31 4éclaré,écrit
244 1229 28 14 en
278 1222 94 20 dialecte
378 1221 109 22 alsacien,

35 1265 22 20 du
62 1264 45 17 nom
113 1256 28 20 de
148 1250 163 25 Gerecktigkeit
315 1248 172 26 (Justice).Paru

36 1288 41 24 ,el7
85 1282 123 25 décembre,
220 1279 17 20 il
251 1278 35 21 fut
294 1277 195 21 immédiatement

36 1317 48 23 saisi-
94 1314 29 20 La
130 1314 97 17 mesure,
236 1306 143 21 absolument
390 1304 98 25 illégale,

36 1343 71 26 n’avait
121 1339 71 21 même
209 1342 41 19 pas
264 1335 36 20 été
317 1334 74 21 dictée
399 1339 42 20 par
457 1338 31 14 un

36 1371 96 25 semblant
138 1366 28 21 de
176 1364 115 21 formalité
300 1362 120 26 régulière,
430 1367 59 14 com-

37 1408 27 16 me
70 1404 38 21 par
115 1393 100 26 exemple
220 1393 22 20 la
250 1391 101 21 décision
360 1390 29 20 du
397 1388 92 22 Conseil

37 1432 30 20 aes
74 1425 107 23 Ministres
195 1420 122 26 précédant
324 1419 35 20 les
366 1418 124 26 premières

37 1452 147 30 suppressions.
192 1449 44 20 Les
244 1447 161 22 communistes
412 1448 77 23 ayant,

38 1488 21 19 ae
70 1485 44 19 leur
122 1479 56 23 coté,
192 1477 70 20 fondé
271 1483 29 13 un
317 1481 104 14 nouveau
430 1474 60 25 jour-

38 1513 28 23 nal
72 1512 31 21 la
111 1507 97 23 Liberté,
218 1504 88 21 celui-ci
315 1503 35 21 fut
362 1503 128 25 également

39 1540 47 23 saisi.
96 1538 28 20 Le
131 1533 122 27 régime-de
266 1532 136 21 l’arbitraire
410 1537 44 19 pur
468 1533 22 16 et

40 1567 64 26 simple
119 1562 117 23 s’étendait
249 1561 59 20 donc
322 1559 168 21 officiellement

40 1602 16 17 et
65 1602 24 15 au
102 1592 68 27 grand
181 1591 57 25 jour
245 1589 57 20 dans
315 1593 63 16 toute
386 1587 103 21 l’Alsace.

40 1628 31 19 Les
77 1619 159 25 autonomistes
249 1617 85 21 étaient
346 1616 43 20 mis
402 1616 55 19 hors
469 1615 20 19 la

40 1654 28 23 loi,
75 1655 82 17 comme
165 1648 41 20 des
215 1645 90 22 bandits
314 1645 28 20 de
356 1644 61 20 droit
431 1649 60 14 com-

40 1687 47 17 mun-
95 1679 29 20 Us
133 1676 85 21 étaient
226 1674 74 26 privés
309 1673 28 20 de
345 1676 49 17 tout
407 1677 82 20 moyen

40 1711 46 19 aese
93 1705 112 22 défendre.
213 1703 27 20 Et
248 1703 21 20 le
277 1704 180 23 gouvernement
462 1700 28 19 de

41 1735 90 24 Poincaré
144 1743 25 4 —
183 1732 109 21 l’homme
305 1730 39 25 qui
358 1728 105 21 s'entend
477 1728 13 19 à

40 1766 41 20 faire
94 1763 70 21 naître
181 1761 41 20 des
239 1758 89 22 conflits
342 1769 24 5 —
381 1756 109 25 comptait

40 1799 38 15 sans
85 1792 65 20 doute
158 1796 40 14 sur
206 1789 50 20 leur
265 1786 158 25 exaspération
432 1791 58 19 pour

40 1822 36 20 voir
86 1819 80 21 éclater
179 1818 43 19 des
237 1815 113 22 incidents
364 1813 126 26 sanglants.

40 1850 31 21 Car
77 1853 54 16 nous
136 1853 28 14 en
173 1850 100 16 sommes
281 1844 22 20 là
312 1849 28 14 en
351 1841 140 22 Alsace-Lor-

40 1878 54 21 raine.
99 1876 18 20 Il
125 1882 28 14 en
162 1874 34 20 fut
204 1879 58 19 pour
270 1878 37 14 ses
313 1871 62 20 frais.
381 1869 46 21 Dès
435 1869 54 23 lors,

39 1906 11 21 il
52 1904 85 22 chercha
142 1909 31 14 un
179 1902 103 26 prétexte
285 1899 143 26 quelconque
434 1903 57 19 pour

38 1935 43 24 jeter
87 1939 26 14 en
120 1931 76 25 prison
203 1936 43 14 nos
254 1927 138 22 camarades.
399 1926 63 21 Dans
470 1925 21 20 le

40 1968 40 19 pays
88 1962 27 18 de
122 1960 22 20 la
152 1958 88 23 liberté,
249 1957 16 20 il
274 1955 63 21 suffit
349 1955 142 20 maintenant

40 1990 19 20 it
69 1989 108 26 prétextes
189 1992 59 19 pour
262 1983 112 22 enfermer
388 1979 34 23 l’es
437 1981 54 20 cito-

40 2024 47 19 yens.
93 2017 18 20 11
119 2020 49 16 crut
172 2021 30 14 en
209 2018 92 16 trouver
310 2018 31 13 un
350 2011 56 20 dans
414 2009 77 21 I'aflài-

40 2046 46 21 rede
93 2045 21 20 la
121 2044 24 20 S.
154 2044 26 19 A.
191 2042 26 21 P.
227 2042 26 20 A.
263 2040 27 21 R.
299 2040 36 23 T.,
345 2043 29 18 et,
384 2045 59 18 pour
454 2037 38 20 l’e-

40 2074 85 20 xécution
134 2072 28 20 de
169 2071 21 20 la
198 2070 67 21 basse
270 2069 101 24 besogne
379 2066 56 26 qu'il
442 2071 50 20 pro-

38 2101 76 26 jetait,il
121 2104 79 17 trouva
209 2105 42 14 son
259 2097 100 22 homme,
367 2095 22 20 le
398 2094 94 25 renégat

41 2136 49 14 corse
103 2128 81 23 Susini,
204 2133 40 19 qui
260 2129 35 16 lut
312 2130 88 19 pourvu
417 2129 41 14 sur
470 2121 22 20 le

42 2158 64 24 champ
119 2157 29 20 du
162 2159 66 21 poste
242 2154 28 20 de
287 2152 74 26 préfet
374 2152 31 19 du
423 2150 70 20 Haut-

42 2186 51 20 Rhin.
105 2185 35 21 On
149 2191 27 14 va
191 2183 51 20 voir
250 2184 113 18 comment
375 2179 79 21 Susini
467 2177 25 20 fit

43 2220 29 14 son
78 2214 71 20 entrée
157 2219 28 14 en
200 2212 89 20 Alsace.

60 2256 93 21 Susini
162 2254 19 21 à
189 2255 123 20 l’oeuvre

59 2287 143 21 L’instituteur
215 2285 71 20 Rossé
300 2284 56 19 était
368 2282 82 24 depuis
464 2280 28 19 de

41 2315 77 25 longues
130 2315 84 21 années
229 2312 116 27 président
353 2311 28 20 de
389 2311 21 19 la
425 2309 68 20 Fédé-

42 2344 56 21 ration
105 2344 38 20 des
151 2341 181 22 fonctionnaires
342 2340 29 19 du
380 2338 70 20 cadre
461 2337 32 20 lo-

42 2371 24 20 cal
70 2371 184 25 alsacien.Malgré
259 2376 24 13 sa
289 2365 205 25 révocation,après

43 2405 17 14 sa
65 2401 107 25 signature
180 2400 31 19 du
226 2397 120 25 manifeste
357 2399 137 16 autonomis-

43 2432 21 19 te,
71 2429 78 24 malgré
157 2434 45 14 une
211 2425 131 22 redoutable
351 2428 103 21 pression
464 2421 29 19 du

43 2460 168 20 gouvernement,
230 2455 16 20 ii
263 2454 61 20 avait
340 2457 103 20 toujours
460 2450 35 19 été

44 2484 48 20 réélu
99 2485 14 20 à
120 2491 25 14 ce
150 2488 63 22 poste
219 2490 40 19 par
268 2488 36 15 ses
313 2481 122 24 collègues.
439 2477 56 21 Vers

43 2510 16 20 la
65 2513 157 23 mi-décembre,
229 2512 21 20 la
257 2510 125 22 fédération
389 2508 40 19 des
434 2509 62 17 fonc-

43 2539 107 22 tionnaires
156 2542 28 20 du
191 2539 130 22 Haut-Rhin
327 2543 25 15 se
358 2535 75 22 réunit
439 2540 57 19 peur

43 2569 94 22 procéder
145 2570 13 20 à
165 2575 37 14 ses
210 2568 110 21 élections
324 2564 127 22 annuelles.
456 2562 41 20 Su-

45 2596 37 18 sini
88 2598 96 24 apprend
192 2603 45 18 que
245 2597 21 19 le
275 2598 51 17 vote
334 2600 25 13 se
367 2592 92 21 dessine
468 2596 28 13 en

44 2621 63 23 faveur
112 2625 27 20 de
145 2624 79 21 Rossé-
230 2624 18 21 Il
254 2623 42 21 fait
300 2628 43 14 son
352 2620 79 21 entrée
439 2619 58 20 dans

45 2650 16 20 la
70 2652 58 25 salle,
136 2657 29 20 et,
179 2653 101 25 pendant
291 2651 23 20 le
321 2648 177 26 dépouillement

46 2678 21 20 du
74 2682 87 23 scrutin,
170 2673 16 28 iî
195 2681 58 20 tient
261 2686 44 14 aux
319 2675 178 23 fonctionnaires

48 2712 22 14 oa
76 2708 95 22 discours
179 2710 73 23 inouï,
261 2708 57 20 dont
332 2705 58 21 voici
398 2710 21 15 la
435 2704 64 24 péro-

48 2735 64 21 raison
118 2744 6 13 :

64 2772 41 19 •••le
112 2778 83 14 nouveau
202 2774 61 22 préfet
274 2773 25 18 du
307 2769 106 20 Haut-Rhin
421 2772 25 14 ne
457 2771 43 14 con-

48 2794 47 18 naîtra
103 2801 32 17 que
143 2798 47 17 deux
199 2797 58 23 partis
264 2801 6 12 :
283 2794 49 20 celui
347 2794 32 17 des
388 2791 48 19 amis
444 2790 24 18 de
481 2790 19 17 la

49 2814 61 26 fiance,
114 2820 46 17 celui
166 2820 34 18 des
205 2819 118 19 adversaires
327 2817 24 18 de
358 2816 18 18 la
381 2815 77 18 France.
466 2812 34 18 Ces

49 2837 69 23 derniers
125 2843 50 18 n’ont
182 2843 44 18 rien
234 2843 11 17 à
252 2841 86 19 attendre
345 2840 22 17 de
378 2837 121 18 moi.aucune

50 2859 57 27 faveur,
114 2869 59 14 aucun
180 2865 132 23 ménagement
320 2864 24 16 de
356 2861 81 23 quelque
450 2859 51 17 sorte

51 2886 26 18 Pe
83 2890 19 14 ce
109 2888 40 18 soit.
158 2889 25 18 Ils
192 2893 21 13 se
221 2888 77 18 verront
306 2885 96 23 appliquer
409 2886 46 15 avec
463 2884 38 15 une

51 2905 63 22 sévérité
121 2910 118 24 impitoyable
246 2912 63 17 toutes
317 2909 28 18 les
353 2907 87 22 rigueurs
449 2905 24 17 de
483 2904 19 17 la

52 2926 23 20 loi.

67 2957 7 10 2
79 2952 19 19 Je
103 2955 135 23 m’emploierai,
244 2956 37 22 j’en
286 2955 37 18 fais
328 2954 19 17 le
352 2951 82 19 serment
442 2949 61 18 solen-

53 2974 21 16 «el
81 2980 20 13 en
108 2979 50 18 votre
166 2979 95 22 présence,
271 2978 23 18 de
307 2977 53 18 toute
368 2979 43 13 mon
415 2995 6 5 _
426 2971 77 23 énergie

54 2996 12 16 ^
71 3001 38 16 avec
116 3001 40 18 tous
164 3002 29 18 les
201 3005 77 19 moyens
286 3000 68 22 légaux
362 2997 45 18 dont
414 2995 20 23 je
440 2995 62 22 dispo-

54 3020 18 19 se:
78 3020 10 17 à
94 3024 63 18 mettre
163 3025 29 17 les
201 3024 85 19 mauvais
300 3021 87 21 Français
395 3020 48 17 dans
455 3018 49 17 l'im-

54 3042 85 23 possibilité
145 3047 23 18 de
172 3048 83 21 nuire,et
259 3047 12 18 à
276 3046 47 18 îaix'e
331 3048 62 14 cesser
401 3042 50 18 cette
456 3044 48 14 cam-

53 3065 70 25 pagne....
136 3069 105 24 Campagne
254 3069 82 19 odieuse,
352 3064 118 20 abominable
484 3063 20 17 et

53 3086 86 24 criminelle
146 3093 32 22 qui
186 3094 31 17 n’a
225 3097 36 18 que
270 3094 41 19 trop
317 3089 53 18 duré.
375 3086 104 20 Messieurs,
483 3089 22 19 je

53 3111 32 16 :r'Us
91 3116 72 17 annonce
170 3120 35 13 nue
212 3116 18 17 le
237 3115 48 18 sieur
292 3111 56 20 liossé
355 3111 47 18 vient
410 3110 56 17 d’être
476 3112 30 13 ar-

53 3130 32 20 rêté.
91 3140 8 10 »

70 3163 37 23 Ces
114 3170 86 22 paroles
206 3168 157 22 s’adressaient
370 3170 44 16 aux
419 3162 87 22 honnê-

53 3190 27 24 tes,
89 3199 50 19 gens
152 3198 39 25 qui
209 3198 109 20 venaient
333 3195 28 20 de
377 3192 129 26 proclamer

53 3215 38 24 *eur
98 3224 111 22 solidarité
214 3232 56 14 avec
279 3224 72 21 Rossé
359 3228 29 14 en
396 3221 22 20 le
428 3222 79 18 remet-

54 3247 38 21 tent
98 3250 12 20 à
118 3252 46 21 leur
171 3255 53 19 tête.
234 3254 28 20 Le
270 3253 41 20 fait
320 3255 35 17 est
362 3250 30 23 là,
401 3248 52 26 plus
462 3246 46 20 élo-

54 3277 57 21 quent
117 3286 41 18 que
166 3286 52 16 tous
225 3282 33 20 les
264 3278 243 23 discours.Rarement,

55 3304 34 18 une
97 3310 118 20 assemblée
230 3309 34 20 fut
276 3308 58 21 ainsi
347 3305 118 22 souffletée
478 3308 29 14 en

24 3337 2 31 |
54 3328 50 29 PIein
112 3335 80 28 visage,
203 3338 57 20 dans
268 3344 31 14 un
309 3335 58 26 style
374 3334 30 20 où
419 3333 22 19 la
453 3337 56 19 gou-

52 3359 66 23 jaterie
125 3363 115 28 l’emporte
248 3370 98 21 presque
354 3369 39 14 sur
401 3360 107 21 l’odieux,

55 3383 119 33 désormais,
183 3400 30 14 on
224 3395 34 19 n’a
267 3394 51 25 plus
327 3398 14 14 a
353 3391 115 20 s’étonner
480 3386 29 19 de

55 3415 46 20 r!en.
110 3418 41 21 Sur
158 3421 38 24 438
205 3425 99 19 votants,
309 3429 26 19 7-
341 3420 14 19 à
363 3422 67 17 noter
438 3420 25 20 77
472 3414 37 20 ab-

55 3442 95 25 lutions
156 3458 24 5 —
185 3450 34 20 les
228 3450 37 20 3oo
274 3448 108 22 bulletins
391 3446 91 24 portant
488 3442 21 19 le

56 3470 44 20 ^UIÏI
107 3473 26 21 de
146 3475 71 23 Rossé
231 3480 53 18 sont
295 3475 105 22 déclarés
411 3471 62 22 nuis,
488 3476 21 13 ei

55 3497 24 17 Un
93 3499 126 26 instituteur
237 3505 122 21 socialiste,
377 3507 41 19 par
433 3498 76 21 censé-

55 3525 59 38 ment
119 3533 92 20 patriote
218 3533 106 21 français,
333 3534 68 22 ayant
408 3525 101 23 recueilli

66 3554 7 14 1
145 3565 30 15 un
190 3562 87 20 certain
286 3561 124 20 Hermann,
426 3558 35 17 est
474 3553 35 20 dé-

55 3580 10 13 e
72 3582 34 19 aré
113 3585 40 20 élu.
163 3587 166 27 Respectueuse
338 3593 27 14 en
374 3587 135 23 apparence,

55 3607 49 21 mais
111 3617 117 23 exaspérée
237 3624 27 13 en
271 3617 92 20 dedans,
369 3609 140 25 l'assemblée

55 3635 79 42 ^Perte
144 3642 60 22 alors
217 3651 37 14 ses
267 3645 53 20 voix
330 3649 39 15 sur
382 3639 68 22 Melle
467 3636 42 21 iéi-

79 3668 70 25 ^ann,
164 3676 138 19 protestante
316 3676 22 16 et
352 3669 157 22 autonomiste,

503 260 56 14 avec
564 262 30 12 un
601 259 115 20 ensemble
722 259 254 25 impressionnant.Jus-

504 286 82 23 qu'aux
592 291 74 14 soeurs
672 286 27 20 de
706 287 141 21 Ribea.uvillé
853 288 38 24 qui
896 291 79 16 votent

504 319 57 18 peur
569 313 55 20 elle!
635 313 64 21 Cette
708 315 97 20 élection
815 316 57 19 n’est
887 322 40 18 pas
942 322 34 13 re-

505 346 94 15 connue,
607 344 24 16 et
636 344 62 17 toute
704 343 20 19 la
732 349 78 18 presse
816 342 161 24 française,de-

507 374 71 14 venue
587 368 20 19 la
614 375 76 18 presse
697 370 29 19 du
733 376 132 19 mensonge,
872 376 104 14 annonce

506 402 55 13 avec
574 396 88 24 orgueil
677 403 43 18 que
736 398 70 19 Rossé
821 402 34 15 est
865 398 60 19 vomi
935 405 40 17 par

507 430 36 14 ses
551 424 113 24 collègues
670 425 5 19 !

531 464 21 20 à,
558 465 33 19 la
599 465 157 20 reeîiereSie
765 466 69 20 d’un
843 465 132 25 prétexte

532 495 139 20 Maintenant
679 502 44 18 que
731 497 21 19 la
767 497 163 20 connaissance
943 500 35 15 est

508 522 53 21 faite
577 530 56 13 avec
649 524 22 19 le
687 524 125 24 proconsul
829 523 99 24 français
949 523 28 20 de

509 550 96 25 Colmar,
616 558 111 13 revenons
735 552 13 19 à
757 551 22 20 la
787 551 23 20 S.
816 552 28 19 A.
851 551 25 20 P.
882 552 27 19 A.
916 551 28 19 R.
950 550 27 20 T.

509 578 63 21 Cette
580 580 85 19 société
680 579 34 20 fut
731 579 128 20 constituée
867 585 57 19 pour
934 584 45 14 ras-

508 608 96 20 sembler
617 607 34 21 les
660 607 104 25 capitaux
773 607 164 20 d’instituteurs
949 606 31 20 al-

509 636 95 23 saciens,
621 640 23 16 et
657 643 57 18 pour
731 636 98 23 donner,
847 641 88 14 comme
949 640 29 14 on

509 668 53 20 peut
570 664 22 20 le
599 670 90 19 penser,
700 670 45 14 une
759 664 55 20 base
823 663 71 21 solide
902 664 13 19 à
930 663 50 19 leur

509 692 153 25 organisation
671 692 123 25 syndicale.
801 691 51 21 Une
859 692 27 19 de
895 697 38 14 ses
939 690 41 20 cir-

510 720 94 19 culaires
619 720 29 20 de
663 720 145 25 propagande
818 731 27 4 —
853 720 47 24 qui,
915 718 65 20 d’ail-

510 747 69 24 leurs,
585 754 29 13 ne
622 747 35 20 fut
663 748 84 24 jamais
752 748 125 20 distribuée
888 752 91 14 —com-

510 776 82 24 portait
599 782 45 13 une
652 776 83 25 phrase
741 779 96 17 mettant
845 782 28 13 en
881 775 70 19 doute
958 773 22 20 la

511 803 77 20 valeur
595 804 41 19 des
642 804 138 25 placements
785 810 30 13 en
823 803 67 20 fonds
899 801 81 21 d’Etat.

511 831 56 20 Rien
585 832 27 19 de
630 832 51 20 bien
703 832 131 25 dangereux
855 830 124 21 là-dedans.

511 859 59 20 Tous
584 860 33 19 les
630 860 114 24 journaux
752 866 28 13 en
793 862 42 17 ont
848 859 33 19 dit
893 861 87 19 autant,

512 891 140 17 notamment
659 888 25 20 &
687 887 165 22 Ouest-Eclair,
862 886 67 20 sinon
938 885 41 24 pis.

511 915 55 20 Mais
575 916 21 20 le
602 917 100 24 prétexte
708 916 55 19 était
768 915 80 20 trouvé
852 921 6 12 :
865 919 10 10 «
880 914 101 19 Atteinte

511 950 28 14 au
549 944 70 20 crédit
628 944 28 20 de
665 944 65 20 l’Etat
739 951 18 12 ».
768 943 27 20 Et
803 941 136 26 l’opération
947 944 35 17 est

512 972 191 20 immédiatement
710 970 144 21 déclanchée.
862 970 30 19 Le
905 973 27 21 24
944 969 38 19 dé-

512 1000 95 23 cembre,
614 1001 21 19 la
649 1000 72 25 police
730 998 98 27 procède
836 998 13 20 à
858 997 24 21 60
891 997 91 25 perqui-

512 1029 86 21 sitions,
609 1034 98 19 presque
719 1031 75 16 toutes
803 1026 56 21 chez
867 1026 39 19 des
919 1024 63 21 fonc-

512 1057 124 20 tionnaires
645 1061 23 16 et
681 1056 40 20 des
735 1061 56 19 gens
805 1054 91 25 n’ayant
904 1053 50 20 rien
969 1054 12 18 à

513 1085 48 20 voir
569 1091 55 14 avec
633 1085 21 20 la
663 1084 23 21 S.
692 1085 26 19 A.
726 1082 89 21 P.A.R.
825 1082 27 20 T.
859 1082 59 20 Pour
928 1081 54 19 n'en

512 1114 54 19 citer
575 1112 109 25 qu’un,M.
695 1111 79 23 Pinck,
784 1117 31 14 un
828 1110 40 20 des
876 1108 62 21 chefs
952 1108 30 20 du

514 1141 58 20 Parti
583 1140 165 21 Autonomiste.
761 1139 31 20 Le
803 1139 180 24 gouvernement

513 1176 28 13 ne
547 1169 95 20 cherche
648 1169 81 24 qu’une
734 1167 75 20 chose:
813 1166 41 19 des
859 1165 124 20 semblants

514 1198 28 19 de
550 1203 96 19 preuves
654 1197 28 19 de
695 1197 21 19 la
731 1194 127 26 prétendue
871 1192 111 21 collusion

513 1227 276 23 germano-autonomiste,
798 1221 45 20 afin
857 1220 86 21 d'avoir
955 1220 28 19 de

515 1259 118 14 nouveaux
650 1253 112 24 prétextes
780 1255 58 19 pour
851 1255 28 13 en
896 1248 87 20 arriver

515 1287 43 14 aux
566 1281 43 20 fins
617 1281 40 25 qui
663 1281 115 22 comptent
784 1283 57 19 pour
850 1277 30 19 iui
886 1283 6 13 :
902 1274 81 25 empri-

514 1314 83 15 sonner
600 1309 35 20 les
638 1308 163 20 autonomistes
807 1307 75 18 avant
887 1304 33 20 les
929 1302 55 21 élec-

516 1338 67 19 tions.

539 1366 32 20 Le
583 1365 100 21 Journal
695 1365 29 20 du
743 1364 32 23 25,
793 1367 51 21 trop
862 1361 84 25 pressé,
962 1362 22 17 et

516 1398 94 21 prenant
623 1400 38 14 ses
673 1393 73 20 désirs
758 1398 58 19 pour
831 1391 39 20 des
884 1388 99 23 réalités,

517 1423 57 20 vend
582 1423 20 20 la
612 1421 87 21 mèche.
709 1421 18 20 Il
737 1420 56 21 écrit
800 1427 6 13 :

539 1458 42 18 «En
589 1458 53 18 effet,
655 1462 24 13 on
687 1462 11 12 a
711 1456 108 20 découvert,
830 1459 25 14 on
867 1455 19 18 le
900 1454 43 18 sait,
952 1453 33 18 des

516 1485 79 18 preuves
600 1480 114 19 matérielles
719 1483 37 18 que
764 1479 80 22 l’argent
852 1478 23 17 de
882 1475 102 23 YErwinia,

516 1505 19 16 et
540 1505 23 17 de
574 1504 19 17 la
609 1502 120 19 Volksslimme
737 1501 99 24 provenait
849 1502 23 16 de
885 1499 101 22 l’étranger

516 1530 44 15 sous
567 1526 60 18 forme
635 1526 24 18 de
667 1525 127 18 subventions.
798 1524 38 17 Par
843 1522 91 23 exemple,
940 1521 46 21 99%

517 1550 32 17 des
557 1553 80 14 sommes
643 1549 81 22 globales
733 1547 86 18 utilisées
825 1550 23 14 en
855 1546 90 22 dépenses
953 1548 33 18 par

516 1571 82 19 Erwinia
603 1571 122 23 provenaient
733 1571 25 17 de
765 1570 105 22 l’étranger.
876 1574 9 11 »

541 1607 125 24 Mensonge
673 1609 23 17 et
704 1611 56 19 pure
774 1605 127 20 invention,
915 1608 32 19 qu
956 1608 29 13 on

517 1635 47 20 doit
571 1635 46 20 vite
634 1635 79 20 laisser
721 1633 103 20 -tomber.
842 1631 33 21 En
884 1630 60 21 effet.
954 1629 32 21 Le

517 1663 74 20 Matin
599 1663 30 19 du
636 1662 26 21 28
668 1668 24 14 se
698 1665 105 17 contente
812 1660 29 20 de
850 1658 137 22 révélations

517 1692 51 20 bien
577 1691 74 20 moins
659 1689 201 22 sensationnelles:

538 1733 9 11 «
557 1727 35 18 Les
603 1727 64 22 pièces
679 1725 68 20 saisies
761 1723 142 24 permettraient
916 1721 72 19 d’avoir

517 1755 37 13 non
561 1750 96 18 seulemen
660 1750 7 17 t
672 1754 26 13 un
704 1752 68 19 aperçu
777 1747 40 18 très
822 1748 34 17 net
860 1747 22 17 de
889 1745 98 22 l’ampleur

517 1774 24 17 du
550 1774 120 17 mouvement
677 1771 132 20 autonomiste,
816 1770 47 17 mais
871 1768 53 19 aussi
932 1768 56 17 d’éta-

517 1796 37 18 blir
557 1796 28 18 les
589 1795 96 19 curieuses
689 1794 135 18 ramifications
828 1792 67 23 queles
900 1794 87 15 meneurs

517 1819 25 18 du
555 1819 121 18 mouvement
689 1817 75 18 avaient
773 1816 62 18 créées
843 1816 46 17 dans
903 1813 84 19 certaine

517 1846 69 18 presse,
592 1842 47 17 dans
645 1840 81 19 certains
734 1839 78 18 milieux
820 1837 105 23 politiques.
934 1842 9 11 »

542 1880 58 20 C’est
613 1879 23 20 la
652 1879 75 20 bonne
745 1876 105 21 méthode
867 1874 119 25 policière:

517 1915 55 18 pour
583 1907 57 20 faire
646 1911 10 11 «
667 1910 94 22 passer”
771 1905 33 20 les
817 1902 170 26 perquisitions,

517 1942 86 15 comme
616 1935 53 26 plus
676 1934 50 21 tard
741 1939 56 20 pour
806 1932 58 20 faire
869 1939 11 11 «
889 1936 79 19 passer
977 1937 10 11 »

517 1965 33 19 les
557 1963 156 22 arrestations,
723 1968 30 13 on
762 1960 128 24 enveloppe
897 1959 22 19 la
934 1964 55 13 nou-

519 1992 56 20 velle
583 1991 27 20 de
618 1990 99 26 quelque
722 1988 128 21 révélation
859 1985 130 21 scandaleu-

517 2026 25 14 se
555 2020 38 25 qui
606 2019 129 20 déshonore
747 2017 34 20 les
789 2016 113 20 victimes.
912 2013 32 20 Le
952 2013 37 19 ré-

517 2048 69 21 sultat
594 2050 34 17 est
637 2046 92 23 obtenu,
739 2044 219 25 l’opinion?accepte,
968 2043 21 17 et

518 2083 29 14 on
556 2079 53 22 peut
619 2078 124 17 «rentrer»
752 2073 22 20 la
783 2072 77 20 fausse
874 2069 114 21 nouvelle.

518 2105 60 20 C’est
583 2103 107 25 ainsique
696 2108 58 19 pour
758 2100 59 21 faire
823 2107 9 10 «
839 2105 78 20 passer
923 2104 10 11 »
941 2097 48 20 l’ar-

519 2132 107 21 restation
641 2131 29 20 de
684 2129 98 21 Charles
791 2128 127 21 Baumann,
933 2132 30 13 on
976 2131 12 13 a

518 2167 28 14 eu
555 2160 49 21 soin
610 2160 29 19 de
645 2165 26 14 se
676 2158 68 21 saisir
749 2157 29 20 de
783 2163 25 14 sa
814 2160 113 21 personne
933 2154 55 19 dans

518 2189 34 20 les
564 2193 96 20 parages
675 2187 29 19 du
717 2190 57 21 pont
787 2185 29 19 de
825 2183 57 21 Xehl
891 2181 64 26 (d’où
968 2182 20 19 la

518 2217 59 20 fable
582 2216 27 20 de
615 2214 85 21 la'fuite
705 2220 28 14 en
740 2211 149 26 Allemagne),
895 2210 94 25 etqu’on

518 2246 28 19 l’a
554 2244 81 21 accusé
643 2243 169 24 d’espionnage.
821 2240 30 21 La
857 2243 134 17 manoeuvre

518 2273 60 20 avait
583 2271 62 21 aussi
651 2277 58 19 pour
714 2271 42 20 but
763 2269 29 20 de
800 2269 90 20 donner
896 2273 30 14 un
933 2272 58 14 sem-

520 2302 62 20 blant
590 2301 27 20 de
622 2300 76 20 raison
706 2299 12 19 à
725 2298 23 20 la
754 2298 67 20 lettre
827 2297 28 20 de
864 2295 127 20 reniement

519 2330 30 20 du
561 2329 71 22 Zorn,
641 2327 67 26 passé
716 2326 31 21 du
761 2332 67 18 camp
837 2322 154 22 aisacien-lor-

519 2358 48 20 rain
576 2357 58 20 dans
642 2355 59 21 celui
711 2356 29 19 de
747 2354 22 20 la
784 2352 128 26 préfecture
919 2357 32 14 ou
964 2356 27 13 ae

519 2387 22 20 la
551 2386 78 25 police.
638 2384 48 20 Une
692 2383 45 20 fois
745 2383 118 19 Baumann
870 2387 28 14 en
904 2385 86 20 prison,

520 2415 50 24 plus
580 2420 29 13 un
617 2412 93 26 journal
717 2412 37 19 n’a
762 2409 81 22 soufflé
854 2412 47 17 mot
909 2407 30 20 de
947 2405 45 21 l’af-

520 2442 56 21 faire
585 2441 170 24 d’espionnage,
771 2442 22 16 et
807 2443 59 20 peur
879 2442 22 14 ia
915 2436 77 19 benne

522 2471 75 20 raison
615 2468 84 26 qu’elle
710 2467 62 20 avait
784 2466 36 20 été
833 2464 118 21 machinée
964 2462 28 19 de

521 2503 73 16 toutes
602 2498 76 25 pièces
687 2502 59 19 pour
750 2495 34 20 les
792 2495 175 19 circonstances.

546 2542 42 20 Le
594 2543 74 21 coup
677 2539 35 20 de
719 2538 78 20 for-ee

546 2575 63 21 Voilà
613 2574 61 21 donc
678 2573 22 20 le
702 2573 55 25 juge
762 2570 80 21 Mitton
849 2570 52 21 bien
907 2568 86 20 embar-

522 2603 69 21 rassé.
600 2602 64 20 Tous
672 2601 34 20 les
711 2600 118 25 journaux
842 2601 39 17 ont
889 2595 105 22 annoncé

523 2637 45 19 que
575 2631 21 20 la
613 2635 87 20 preuve
716 2628 42 20 des
776 2625 149 22 subventions
943 2623 52 20 alle-

523 2659 92 21 mandes
625 2657 56 21 était
687 2656 102 23 trouvée,
799 2659 24 16 et
837 2654 16 20 il
860 2654 36 20 n’a
911 2657 44 15 mis
972 2651 21 19 la

524 2687 60 21 main
598 2693 40 13 sur
661 2685 49 20 rien
725 2684 31 20 du
771 2687 58 18 tout,
847 2681 95 25 malgré,
965 2685 27 13 au

524 2716 62 23 total,
593 2715 34 20 les
635 2713 112 25 quelques
754 2715 54 17 cent
821 2709 171 27 perquisitions,

524 2745 19 20 il
551 2743 47 21 faut
606 2743 106 20 inventer
719 2744 67 17 autre
802 2739 76 22 chose,
902 2736 46 21 afin
965 2736 28 20 de

525 2771 94 28 pouvoir
624 2770 79 21 lancer
710 2769 36 20 les
754 2767 105 21 mandats
875 2765 91 20 d’arrêt.
977 2764 16 20 Il

525 2802 57 19 n’est
597 2805 42 20 pas
663 2796 142 22 embarrassé
831 2800 57 20 pour
905 2793 18 20 si
943 2799 50 19 peu.

525 2828 109 22 L’Action
642 2825 132 25 Française,
782 2823 53 21 bien
841 2821 118 22 oublieuse
965 2821 29 19 du

526 2856 100 25 complot
634 2855 41 20 des
680 2853 128 26 panoplies,
820 2856 58 15 nous
895 2849 99 26 apprend

526 2886 91 20 l’astuce
627 2890 6 13 :

551 2928 8 9 «
564 2920 32 21 Or,
604 2924 26 13 au
638 2922 55 15 cours
699 2918 57 17 d’une
763 2915 126 24 perquisition
897 2913 99 22 précéden-

527 2945 20 17 te
560 2942 66 23 opérée
644 2941 47 18 dans
713 2941 29 16 les
757 2939 86 18 bureaux
859 2937 22 18 de
897 2937 18 17 la
927 2935 69 18 société

527 2964 135 24 d’imprimerie
667 2962 87 20 Erwinia,
762 2962 20 17 la
787 2961 61 23 police
861 2959 50 18 avait
930 2957 65 19 trouvé

527 2990 42 17 tout
576 2992 26 13 un
611 2986 83 23 système
706 2986 23 17 de
738 2984 97 19 barricade
842 2983 24 17 de
881 2981 33 19 fils
928 2981 24 18 de
968 2981 29 17 fer

527 3010 84 20 barbelés
619 3015 9 11 »

555 3043 26 20 Et
589 3041 61 21 voilà
658 3040 21 20 le
688 3039 100 26 complot
795 3041 51 17 tout
851 3036 81 21 chaud.
942 3035 18 20 Il
969 3037 28 17 n’e

529 3071 65 25 s’agit
599 3070 52 25 plus
660 3074 45 19 que
713 3067 30 20 de
749 3065 95 22 î’étofler
850 3071 30 14 un
896 3070 45 19 peu
958 3068 39 19 par

530 3100 99 20 d’autres
637 3097 147 20 découvertes
800 3091 196 23 sensationnelles.

531 3127 60 21 C’est
598 3126 62 19 alors
668 3129 43 20 que
718 3123 46 20 l’on
780 3122 88 19 déterre
876 3121 22 19 le
906 3119 92 21 Scbutz-

531 3154 69 23 bund,
610 3153 58 20 dont
675 3153 116 23 pourtant,
800 3149 81 25 depuis
889 3154 31 14 un
930 3153 30 14 an
977 3149 21 16 et

531 3182 60 22 demi
599 3181 55 25 qu’il
663 3180 80 22 existe,
756 3184 29 14 au
800 3183 28 14 su
846 3180 23 17 et
884 3182 28 14 au
930 3181 29 13 vu
971 3174 27 19 de

531 3216 50 16 tout
587 3210 20 20 le
611 3208 93 23 monde,
714 3211 115 21 personne
837 3211 15 14 n
860 3203 61 21 avait
929 3202 70 24 songé

531 3241 14 20 à
554 3237 139 25 s’inquiéter.

558 3269 36 22 On
620 3274 25 14 se
668 3266 105 21 souvient
797 3264 67 24 qu’en
887 3262 36 20 été
941 3260 57 24 1926,

533 3298 111 24 Quelques
674 3299 98 20 groupes
804 3289 194 21 d’autonomistes,

534 3326 81 21 s’étant
632 3322 80 22 réunis
728 3322 14 19 à
758 3319 93 21 Colmar
875 3322 59 20 pour
955 3321 45 14 une

534 3353 135 22 conférence
677 3349 118 25 publique,
804 3347 77 20 furent
896 3343 104 25 attaqués

535 3384 56 20 dans
603 3381 23 20 la
647 3385 50 16 rue,
713 3378 14 19 à
743 3376 59 20 main
821 3374 84 22 armée,
918 3378 42 19 par
973 3370 27 20 de

535 3408 122 23 véritables
681 3410 95 19 troupes
792 3402 140 26 organisées,
949 3399 51 23 cinq

535 3439 43 20 fois
586 3435 145 26 supérieures
736 3439 27 13 en
768 3431 103 22 nombre,
880 3427 121 21 encadrées

536 3473 40 15 oar
584 3465 19 20 la
613 3460 160 28 gendarmerie
782 3457 105 22 achevai.
897 3456 37 20 On
944 3461 59 14 com-

537 3492 70 28 prend
624 3497 46 19 que
685 3490 23 19 la
722 3489 67 22 leçon
802 3487 33 19 ait
854 3484 60 21 servi
931 3484 13 19 à
961 3488 42 14 nos

536 3519 133 24 camarades
677 3513 229 24 alsaciens-Iorrains.
915 3511 33 19 Ils
956 3510 47 20 fon-

537 3551 78 20 dèrent
633 3553 31 14 un
680 3551 68 18 corps
759 3544 29 19 de
804 3541 73 26 police
894 3539 89 20 destiné
990 3539 13 18 à

537 3577 79 22 veiller
625 3576 13 19 à
646 3575 22 19 la
676 3573 78 20 sûreté
762 3571 29 20 de
797 3571 62 19 leurs
871 3567 131 21 adhérents,

537 3608 62 19 étant
610 3602 77 21 donné
696 3601 20 20 ia
726 3604 96 16 carence
831 3596 127 21 volontaire
965 3594 38 19 des

537 3636 79 23 agents
633 3631 29 19 de
684 3628 83 21 l’ordre
787 3625 85 26 public.
886 3622 32 20 Ce
933 3621 35 19 fut
983 3627 20 13 ie

537 3657 160 25 Schutzbund.
707 3657 35 19 Au
751 3654 64 26 point
823 3652 29 20 de
857 3656 43 15 vue
914 3650 89 19 militai-

1101 100 330 58 Açcampu
1471 97 60 48 df
1557 95 57 48 A
1639 94 216 49 Muvra

1027 186 124 27 Stamane,
1160 188 16 20 3
1188 186 138 26 ferraghiu,
1336 192 16 15 a
1360 186 16 22 9
1385 192 42 16 ore
1434 190 132 17 emezzu.a
1575 189 59 16 casa
1642 182 116 23 miivrina
1767 188 13 15 s
1790 182 66 21 stata
1864 184 96 17 accam-

999 221 68 23 pata.

1027 252 47 22 Chi
1085 253 45 27 c’è,
1145 254 76 21 ch-’un
1235 252 83 23 c’è?...

1027 286 87 21 Difesa
1121 292 17 16 a
1148 287 126 25 cMu.nc|u.e
1286 285 27 21 di
1325 286 112 22 scuscicà
1453 286 61 21 d’un
1528 284 73 27 pede,
1612 284 32 21 nè
1660 282 102 23 cMuclii
1772 282 32 22 nè
1817 280 99 28 grandi,
1930 285 32 16 ne

1000 319 58 24 capi
1067 319 32 21 nè
1113 319 71 26 code,
1194 320 32 21 nè
1235 319 97 22 disottu
1339 320 32 21 nè
1383 319 112 26 disopra.
1508 318 67 26 Ogni
1584 317 82 26 nsciu,
1683 316 61 26 ogni
1751 316 85 21 tafone
1848 315 14 21 è
1873 314 91 21 curatu

1001 350 33 22 da
1043 357 37 15 un
1091 354 91 23 agente
1191 353 28 21 di
1226 359 16 15 a
1254 352 68 22 forza
1332 352 110 25 publica.

1027 384 74 26 Dopu
1113 391 14 15 e
1133 384 182 27 prisentazioni
1323 384 75 23 d:una
1408 385 88 22 civiltà
1504 385 83 25 degna
1598 391 14 14 e
1619 385 68 21 tutta
1695 382 110 27 spéciale
1813 388 16 14 a
1839 382 11 20 i
1857 379 108 27 puntelii

1001 416 28 21 di
1039 423 16 15 a
1065 418 46 25 più
1121 419 140 21 civilizzata
1271 418 130 25 repubiica
1412 419 27 21 di
1448 418 148 25 Funiversu,
1606 416 189 23 s’introducenu
1803 421 8 15 :

1030 450 41 21 Un
1080 451 118 25 ghiudice
1206 451 167 26 d’istruzione,
1377 458 35 15 un
1418 451 121 25 capitanu
1545 451 28 21 di
1578 449 197 27 giandarmaria,
1782 448 16 22 3
1805 446 161 24 cummissari

1004 483 105 24 speciali
1121 491 14 14 e
1146 491 36 15 un
1193 484 176 25 çummissariu
1377 486 28 20 di
1410 484 105 26 pulizza,
1525 490 16 15 a
1549 490 18 15 u
1574 484 85 25 primu
1669 483 80 26 pianu
1757 488 8 21 ;

1028 516 51 21 Dui
1086 517 119 25 ispettori
1214 517 27 22 di
1248 517 104 28 pulizza,
1361 524 35 16 un
1405 517 147 27 giandarme
1564 523 13 15 e
1585 523 35 15 un
1629 516 68 22 altru
1705 517 92 24 agente
1805 514 28 22 di
1840 521 15 15 a
1861 513 103 27 pulizza,

1003 554 16 15 a
1027 554 15 15 a
1052 550 145 24 stamparia.

1031 581 68 22 Aìtri
1112 583 87 25 agenti
1210 590 14 15 e
1241 583 142 26 giandar-mi
1396 589 96 16 curanu
1501 589 19 15 u
1530 584 108 24 purtoue
1649 581 141 26 principale
1801 587 15 16 e
1829 587 16 15 a
1855 582 74 24 porta
1939 579 28 21 di

1003 621 18 15 u
1029 615 128 27 giardirm,
1171 616 104 23 darretu
1286 617 23 21 a’
1318 623 68 16 casa.

1031 649 69 22 G’era
1110 650 186 26 per-quisizione
1307 650 149 22 cumandata
1467 649 34 21 da
1508 650 28 21 in
1544 650 54 21 aitu
1607 655 48 20 per
1668 649 128 25 iscopre...
1805 655 18 14 u
1834 649 98 20 secretu
1941 647 27 21 di

1004 688 18 15 u
1034 688 72 21 zanu,
1119 690 14 14 e
1148 683 33 21 dà
1187 689 19 15 u
1218 684 75 25 colpu
1303 683 106 22 murtale
1417 690 16 14 a
1444 690 16 14 a
1469 682 239 27 Gorn’inturcMata,
1718 688 47 19 per
1774 681 72 22 salvà
1856 687 16 15 a
1890 681 76 21 Fran-

1005 716 40 21 cia
1055 716 27 21 in
1093 716 115 26 Ajacciu.

1032 750 74 25 Bopu
1116 752 40 19 tre
1167 756 44 15 ore
1223 757 14 15 e
1249 750 47 28 i/2
1305 751 28 21 di
1343 750 141 26 sbuligume
1497 749 126 27 generale,
1634 749 164 25 l’impunente
1814 748 68 21 forza
1893 747 23 21 si
1929 746 41 22 n’è

1005 782 98 23 bultata
1113 783 150 22 cum’ell’era
1270 784 83 26 junta,
1365 789 45 19 per
1416 783 79 21 rende
1510 784 85 24 contu,
1602 789 15 15 a
1628 783 11 20 i
1647 787 64 21 gran
1720 781 118 25 padroni,
1847 781 28 21 di
1885 779 18 23 ü
1914 785 56 17 suc-

1006 822 74 16 eessu
1088 817 28 22 di
1126 824 16 15 a
1149 817 96 26 grande
1254 817 142 26 intrapresa
1403 817 144 25 pulizziera,
1557 816 69 25 dopu
1632 815 72 22 d’avè
1711 816 109 24 pussutu
1831 813 63 23 :-;ode
1904 813 23 28 (o
1934 819 36 15 un

1007 850 64 25 gode
1082 850 16 29 ï)
1107 851 28 21 di
1143 857 16 15 a
1166 851 67 21 vista
1245 851 27 21 di
1281 849 199 24 tant’affarerelii
1492 856 14 14 e
1520 849 108 22 affaroni
1639 847 89 27 appesi
1736 854 16 15 a
1766 847 78 26 quelli
1854 847 74 25 mûri,
1935 852 36 17 un

1007 883 31 21 de
1048 884 73 21 Paoli
1131 884 173 25 intrunizzatu,
1314 891 18 14 u
1339 883 95 26 grande
1446 882 141 22 stendardu
1595 882 94 21 biancu
1697 887 15 15 a
1719 882 67 20 testa
1798 880 27 22 di
1835 886 73 15 moru
1918 880 28 21 di
1953 885 18 16 u

1007 917 28 20 P.
1050 917 25 21 G.
1085 917 31 21 A.
1130 923 32 15 e..
1170 923 36 16 un
1216 918 96 24 paghiu
1323 917 27 21 di
1364 916 61 21 belli
1436 915 72 22 corni
1525 915 92 22 marini
1628 915 44 21 chi
1683 919 99 16 sunonu
1793 920 15 15 a
1824 913 99 22 ritirata
1936 918 36 16 un

1005 952 129 20 momentu
1145 950 77 26 dopu.

1034 983 24 21 U
1069 983 65 22 danr
1138 990 18 15 u
1163 983 171 23 unn’essendu
1339 984 68 21 statu
1415 981 104 27 grande,
1531 982 25 21 ci
1563 982 33 21 ha
1604 980 102 23 lasciati
1712 982 162 24 quantunque
1881 979 91 22 distur-

1007 1016 54 23 bati
1070 1017 88 28 (mieca
1169 1017 174 26 muralmente,
1357 1016 32 21 eh
1396 1015 8 21 l
1417 1022 35 15 un
1463 1016 69 21 femu
1543 1021 86 16 errore
1637 1015 25 27 !),
1676 1021 14 14 e
1698 1014 60 21 tutti
1771 1014 11 21 i
1790 1014 81 21 nestri
1886 1013 85 25 amici,

1007 1050 181 22 cuilaburatori
1202 1057 14 15 e
1230 1049 121 23 abbunati
1360 1055 31 15 ne
1400 1050 188 24 suppurtaranu
1599 1054 15 15 a
1626 1053 181 19 cunsequenza.
1817 1047 24 22 U
1847 1045 126 27 travagliu

1008 1083 109 22 essendu
1125 1086 68 19 statu
1199 1084 136 21 inter-rottu
1343 1089 14 15 e
1366 1082 65 21 tutt’i
1438 1081 84 22 scritti
1529 1081 79 22 znessi
1616 1083 69 19 sottu
1693 1082 153 23 sopra,tuttu
1854 1080 47 26 què
1910 1079 24 21 ci
1940 1079 34 22 ha

1007 1117 165 22 occasiunatu
1179 1123 35 16 un
1221 1116 101 23 ritardu
1328 1115 132 22 a’seconda
1467 1115 109 21 tiratura
1585 1121 14 14 e
1605 1114 74 21 inviu
1685 1113 27 22 di
1719 1119 16 15 a
1743 1113 98 26 Muvra,
1850 1119 19 16 u
1875 1113 99 21 ritardu

1008 1150 96 22 d’inviu
1112 1151 35 21 d’i
1158 1150 50 22 100
1218 1149 155 23 almanacchi
1381 1147 85 26 d’ogni
1472 1147 87 27 jornu,
1565 1154 14 14 e
1587 1154 19 14 u
1613 1146 101 22 ritardu
1722 1146 27 20 di
1757 1152 16 15 a
1782 1146 191 25 eurrispunâen-

1007 1190 37 15 za.
1053 1184 144 26 Preghemu
1208 1184 101 25 dunque
1318 1189 16 15 a
1343 1180 61 23 tutti
1412 1182 27 20 di
1450 1180 116 22 scusacci
1572 1180 24 21 si
1617 1180 45 21 noi
1670 1185 36 16 un
1725 1179 67 22 simu
1799 1179 117 26 puntuali
1935 1181 40 20 sta

1009 1217 140 21 settimana.

1036 1249 109 26 Sapemu
1156 1250 42 21 chi
1210 1249 106 22 l’or-dine
1326 1248 145 25 d’accampu
1483 1247 14 21 è
1505 1248 105 24 partutu
1618 1245 41 22 d’a
1667 1245 138 26 prefettura
1816 1245 66 22 duve
1890 1252 18 15 u
1915 1251 60 20 pru-

996 1272 2 33 !
1009 1285 115 20 curatore
1135 1283 27 22 di
1173 1289 16 16 a
1206 1282 138 26 Bepublica
1356 1287 14 15 e
1380 1287 18 16 u
1411 1280 89 27 judice
1520 1279 162 22 d’istruzione
1705 1279 28 22 sò
1751 1279 61 21 stati
1823 1279 152 22 cunvuncati

1009 1317 38 21 eri
1055 1322 64 17 sera.

1038 1350 152 23 Prutistemu
1200 1350 27 22 di
1235 1356 17 16 a
1259 1354 102 17 manera
1371 1354 15 15 a
1397 1347 45 26 più
1450 1348 105 21 sulenne
1563 1348 89 20 contru
1661 1345 131 23 st’abbusu
1803 1345 27 22 di
1838 1352 15 15 a
1865 1346 67 21 forza
1940 1346 5 21 !

1037 1385 42 21 Ma
1091 1391 49 15 cun
1150 1386 69 20 tutiu
1230 1390 14 15 e
1258 1381 132 26 maigradu
1401 1381 39 22 ciò
1448 1387 8 15 :

1037 1418 49 22 Più
1096 1418 57 22 fîeri
1163 1424 30 16 ca
1204 1417 52 22 mai
1265 1417 5 20 !

1037 1452 50 22 Più
1095 1452 72 22 Gorsi
1178 1458 29 15 ca
1218 1451 51 21 mai
1279 1450 6 21 1

1037 1486 21 21 E
1069 1492 97 20 sempre
1180 1484 99 23 avanti!

1752 1522 7 7 ‘
1775 1515 31 23 A
1818 1514 121 26 Muvra.

1012 1629 32 17 re,
1054 1623 22 20 la
1085 1622 78 20 valeur
1168 1621 28 19 de
1204 1626 27 14 ce
1239 1625 66 18 corps
1314 1618 56 20 était
1383 1616 71 21 nulle.
1461 1615 19 21 II

1012 1658 29 13 ne
1049 1650 101 21 recevait
1157 1654 91 15 aucune
1255 1646 133 21 instruction
1397 1649 22 16 et
1426 1645 55 20 était

1012 1685 53 15 sans
1074 1684 83 15 armes.
1176 1676 75 22 Enfin,
1268 1675 18 20 il
1302 1674 108 24 comptait
1422 1680 60 18 pour

1012 1711 136 21 toutpotage
1156 1706 38 20 300
1209 1704 121 21 membres.
1348 1702 54 20 Cela
1419 1701 63 20 suffit

1012 1727 138 33 amplement
1166 1735 14 19 à
1193 1733 84 24 Helseÿ
1295 1737 56 20 peur
1368 1736 114 15 annoncer

1013 1771 26 14 ce
1047 1764 40 25 qui
1096 1763 47 20 suit
1149 1769 6 14 :

1036 1803 10 11 «
1050 1797 23 18 Et
1081 1797 30 17 cet
1119 1796 68 21 argent
1193 1795 88 22 (l’argent
1289 1793 59 18 boche
1354 1792 14 22 !)
1373 1796 25 14 ne
1411 1792 61 18 servai
1474 1792 9 17 t

1012 1825 35 18 pas
1055 1819 106 19 seulement
1166 1818 13 17 à
1185 1818 19 17 la
1212 1816 124 24 propagande.
1350 1815 16 18 Il
1382 1816 30 17 est
1424 1816 42 17 tout
1470 1814 12 18 à

1013 1843 36 18 fait
1057 1843 54 18 exact
1118 1845 38 19 que
1167 1841 30 18 les
1205 1840 86 18 forcenés
1299 1839 33 22 qui
1340 1839 33 17 ont
1379 1837 42 24 juré
1434 1838 48 17 d’ar-

1014 1866 67 17 racher
1087 1865 81 18 l’Alsace
1173 1863 11 18 à
1191 1864 21 17 la
1218 1863 72 18 France
1305 1862 21 17 et
1342 1862 24 17 de
1378 1864 104 19 provoquer

1013 1893 39 13 une
1056 1887 89 19 nouvelle
1153 1890 69 20 guerre
1226 1890 26 14 ne
1260 1884 103 20 reculaient
1373 1888 33 19 pas
1413 1884 70 17 devant

1013 1911 56 18 l’idée
1076 1911 23 17 de
1114 1910 93 18 fomenter
1223 1909 34 18 des
1272 1907 86 19 troubles
1373 1907 67 18 armés.
1453 1905 29 18 On

1014 1933 110 19 constituait
1128 1933 34 18 des
1170 1932 79 21 équipes
1260 1931 24 18 de
1300 1931 76 20 troupes
1392 1929 88 18 d’assaut.

1014 1956 28 17 On
1058 1955 89 18 bâtissait-
1162 1955 34 17 des
1217 1954 54 20 plans
1288 1951 149 18 d’insurrection.
1452 1951 28 18 On

1014 1977 90 19 caressait
1110 1978 19 16 le
1139 1976 64 23 projet
1208 1976 23 17 de
1249 1975 48 18 faire
1310 1974 74 21 éclater,
1395 1974 52 18 selon
1462 1974 20 17 la

1013 2000 81 18 formule
1101 2000 46 17 d’un
1154 1999 34 18 des
1196 1998 111 18 documents
1315 1997 62 22 saisis,
1384 1996 31 19 des
1421 1997 61 22 vêpres

1014 2022 107 19 siciliennes.
1129 2027 10 12 »

1039 2056 108 22 Avec3oo
1154 2056 104 20 hommes
1264 2055 74 20 armés
1355 2054 28 20 de
1399 2059 84 14 cannes

1014 2085 55 26 (une
1074 2084 112 21 véritable
1191 2083 84 23 armée,
1286 2082 89 20 déclare
1379 2082 32 20 Le
1417 2082 67 20 Jour-

1014 2113 60 26 nal),
1083 2114 34 19 les
1126 2111 165 22 autonomistes
1304 2110 105 20 devaient
1424 2110 60 20 donc

1015 2147 127 16 massacrer
1149 2144 53 16 tous
1211 2140 33 19 les
1256 2138 115 25 Français,
1389 2138 95 25 s’empa-

1015 2177 38 14 rer
1061 2170 41 20 des
1119 2169 77 25 places
1211 2167 70 20 fortes
1296 2166 29 21 de
1340 2166 143 25 Strasbourg,

1015 2199 67 22 Metz,
1096 2196 131 21 Thionville
1240 2195 88 22 Bitche,
1338 2198 24 17 et
1370 2194 115 21 Neuf-Bri-

1016 2227 62 23 sach,
1088 2229 22 17 et
1115 2224 127 26 proclamer
1255 2224 21 19 la
1294 2222 148 26 République.
1453 2222 31 21 Le

1013 2256 56 25 juge
1077 2254 79 20 Mitton
1165 2253 122 20 l’annonce
1296 2254 146 22 gravement..
1452 2250 32 21 La

1016 2289 79 20 presse
1100 2281 116 24 française
1221 2280 23 19 le
1252 2279 77 25 répète
1344 2283 140 20 gravement.

1016 2312 60 20 C’est
1081 2311 13 20 à
1103 2316 25 14 se
1132 2308 125 21 demander
1261 2307 21 20 si
1290 2307 22 20 la
1323 2307 92 23 France,
1430 2307 56 20 mal-

1016 2340 42 25 gré
1074 2344 36 15 ses
1124 2336 119 21 ineffables
1266 2335 148 25 prétentions,
1428 2335 58 20 n’est

1017 2374 42 18 pas
1067 2367 105 20 devenue
1181 2365 21 19 le
1217 2364 50 20 seul
1285 2369 55 19 pays
1357 2363 29 20 du
1403 2363 83 20 monde

1017 2397 118 24 dépourvu
1145 2394 31 19 du
1184 2399 53 14 sens
1255 2392 31 20 du
1302 2391 103 20 ridicule.
1421 2391 28 20 Et
1464 2391 22 20 le

1018 2425 100 24 Parquet
1126 2423 78 20 donne
1213 2421 41 20 des
1262 2419 134 26 précisions.
1406 2419 40 20 L’«
1452 2425 35 14 as-

1018 2456 51 17 saut
1075 2460 11 11 »
1095 2451 77 20 devait
1178 2449 65 21 avoir
1249 2449 46 20 lieu
1302 2448 23 20 le
1332 2452 20 16 2i
1369 2448 117 20 décembre

1018 2480 101 21 dernier.
1136 2479 35 20 Un
1197 2477 118 20 ministère
1336 2476 55 20 était
1407 2477 50 23 prêt
1472 2475 14 20 à

1018 2508 96 26 prendre
1121 2507 23 20 le
1152 2505 104 27 pouvoir,
1265 2508 43 17 etc.
1319 2503 26 21 Et
1363 2504 23 24 je
1395 2510 28 14 ne
1440 2503 46 21 sais

1019 2536 103 21 combien
1133 2535 98 20 d’autres
1250 2532 96 21 bobards
1368 2532 30 20 du
1413 2532 74 20 même

1019 2565 82 22 acabit,
1110 2563 69 26 qu’on
1183 2562 94 20 invente
1285 2566 57 19 pour
1350 2560 33 20 les
1395 2560 92 20 besoins

1019 2594 29 19 de
1056 2593 21 19 la
1086 2597 77 17 cause,
1174 2596 27 13 en
1219 2589 34 20 les
1269 2592 114 21 appuyant
1400 2594 38 13 sur
1458 2588 29 19 de

1019 2620 53 21 faux
1081 2619 100 26 papiers,
1190 2621 23 16 et
1221 2622 52 20 que,
1283 2616 97 23 demain,
1390 2622 28 13 on
1435 2615 53 20 lais-

1019 2655 50 14 sera
1076 2647 97 21 tomber.

1044 2676 57 21 Mais
1109 2681 32 14 on
1149 2673 101 21 n’oublie
1266 2678 40 19 pas
1321 2671 130 23 ressentie!,
1464 2671 23 20 le

1020 2702 145 28 «pourquoi»
1176 2702 27 19 de
1218 2703 60 18 cette
1295 2700 56 20 mise
1369 2705 27 14 en
1411 2700 74 19 scène.

1020 2732 34 21 En
1069 2731 114 26 quelques
1196 2730 75 24 jours,
1296 2729 63 24 vingt
1370 2727 71 25 parmi
1453 2727 35 20 les

1019 2759 166 22 autonomistes
1192 2757 34 20 les
1231 2757 53 25 plus
1298 2758 129 23 marquants
1436 2758 52 17 sont

1019 2787 135 25 empoignés
1167 2791 89 14 comme
1264 2784 41 20 des
1319 2783 138 21 malfaiteurs
1465 2786 24 16 et

1018 2817 60 24 jetés
1087 2821 28 14 en
1124 2814 90 24 prison.
1224 2812 70 20 L’ami
1303 2812 55 20 Paul
1367 2811 74 20 Schall
1454 2814 35 16 est

1020 2845 30 20 du
1060 2842 103 21 nombre.
1172 2840 23 20 Il
1201 2847 16 13 a
1220 2840 63 24 fallu
1291 2840 21 20 le
1320 2840 43 20 lier
1375 2842 23 17 et
1406 2839 20 20 le
1431 2841 57 22 por-

1021 2875 35 18 ter
1072 2875 100 22 presque
1195 2868 94 25 jusqu’à
1313 2869 22 19 la
1352 2867 87 26 prison.
1456 2865 33 21 Ce

1021 2899 77 23 détail,
1116 2898 46 21 soit
1188 2897 34 19 dit
1236 2902 36 15 .en
1293 2899 99 22 passant,
1408 2894 82 20 éveille

1021 2928 160 24 étrangement
1186 2928 68 17 notre
1261 2923 116 21 méfiance.

1047 2954 142 25 Cependant,
1195 2952 35 21 les
1239 2952 52 24 plus
1296 2958 53 19 gros
1358 2956 118 15 morceaux
1482 2955 6 13 :

1022 2983 78 21 l’Abbé
1107 2982 88 24 Haegy,
1200 2980 23 21 le
1231 2980 42 19 Dr.
1284 2979 97 23 Rîcklin,
1391 2978 29 20 M.
1436 2978 55 20 Bro-

1022 3012 53 26 glie,
1098 3013 54 18 sont
1168 3008 83 21 laissés
1275 3014 28 13 en
1320 3007 87 20 liberté.
1424 3005 66 21 Cette

1022 3040 45 20 fois
1076 3044 91 16 encore,
1178 3043 29 13 on
1222 3036 36 19 n’a
1272 3042 41 18 pas
1331 3035 46 20 osé.

1048 3082 59 20 Les
1120 3079 164 21 salisseurs

1049 3112 94 21 Comme
1156 3110 29 20 de
1198 3110 70 23 juste,
1288 3112 61 17 toute
1366 3109 21 19 la
1404 3114 85 18 presse,

1024 3140 54 21 sauf
1084 3141 34 19 les
1136 3142 98 21 organes
1252 3136 168 22 communistes,
1438 3137 53 20 s’est

1024 3168 106 21 attachée
1138 3167 13 20 à
1159 3165 56 21 salir
1223 3164 34 19 les
1264 3164 104 26 inculpés
1380 3163 45 25 qui,
1435 3164 56 21 dans

1024 3198 50 19 leur
1078 3201 63 20 pays,
1151 3199 54 16 sans
1214 3192 127 25 exception,
1345 3192 113 24 jouissent
1466 3193 29 19 de

1025 3225 95 21 l’estime
1128 3219 145 29 générale.Sa
1282 3220 91 23 lecture,
1378 3221 13 18 à
1398 3225 24 14 ce
1427 3220 66 24 sujet,

1025 3257 35 16 est
1065 3258 46 15 une
1120 3251 102 23 besogne
1229 3248 149 25 répugnante.

1051 3283 113 23 L’intègre
1174 3279 56 21 Paul
1253 3278 84 22 Schall,
1360 3279 135 24 «poursuivi

1025 3311 57 20 trois
1090 3309 53 22 fois,
1153 3307 91 21 déclare
1261 3312 32 14 un
1305 3306 160 25 communiqué
1482 3307 12 19 à

1026 3339 21 20 la
1056 3343 87 20 presse,
1152 3342 59 19 pour
1219 3333 167 26 pornographie
1393 3341 9 10 »
1421 3342 11 11 «
1439 3340 56 14 con-

1026 3366 107 21 damné»,
1138 3363 171 21 renchérissent
1314 3361 114 24 plusieurs
1433 3362 61 25 jour-

1026 3400 69 15 naux.
1104 3391 116 26 Pourquoi
1227 3396 41 19 pas
1272 3389 62 20 aussi
1342 3389 22 20 la
1370 3390 125 24 pédérastie

1027 3426 24 16 et
1062 3422 22 20 la
1090 3421 68 20 traite
1177 3420 41 19 des
1232 3416 127 23 blanches?
1375 3418 42 20 Ces
1434 3417 61 21 diffé-

1027 3453 64 17 rents
1097 3448 99 25 exploits
1205 3450 54 16 sont
1264 3445 114 25 peut-être
1391 3446 104 19 réservés

1028 3484 58 19 pour
1091 3475 99 21 Marchai
1198 3471 165 28 etpourmoi...
1372 3473 123 23 «Traîtres,

1028 3505 125 21 individus,
1171 3503 153 20 scélérats...»
1336 3500 35 20 les
1385 3501 110 20 honnêtes

1028 3538 58 20 gens
1100 3531 41 25 qui
1153 3530 123 20 défendent
1296 3528 49 20 leur
1371 3529 71 23 patrie
1465 3535 30 13 en

1028 3559 204 22 Alsace-Lorraine
1250 3559 52 18 sont
1314 3559 51 16 tout
1379 3557 56 20 cela.
1452 3556 43 20 Les

1029 3590 118 22 reporters
1159 3585 31 20 du
1206 3583 100 22 Journal
1318 3589 24 14 se
1360 3583 135 25 distinguent

1029 3615 65 21 selon
1106 3615 54 19 leur,
1180 3612 117 21 habitude.
1318 3610 177 26 «Escroquerie»

1029 3649 45 19 que
1083 3642 21 20 la
1116 3640 177 22 S.A.P.A.R.T.,
1306 3637 86 21 affirme
1407 3639 88 24 Helsey.

1507 1615 28 20 Et
1539 1621 71 19 voyez
1614 1618 59 17 cette
1681 1614 66 25 façon
1761 1615 180 25 machiavélique
1948 1616 29 21 de

1506 1644 104 25 torpiller
1617 1650 43 18 par
1666 1649 46 14 une
1716 1643 97 21 allusion
1829 1644 149 25 d’apparence

1506 1673 100 20 anodine
1614 1678 59 14 ceux
1680 1672 186 24 contre.îesqueîs
1881 1679 29 14 on
1923 1677 54 16 veut

1507 1701 75 20 varier
1594 1701 22 20 la
1625 1700 113 21 calomnie
1745 1707 7 13 :

1533 1729 93 21 Parlant
1638 1729 29 20 de
1676 1729 169 20 l’autonomiste
1862 1729 29 21 M.
1901 1729 78 22 Schle-

1507 1759 37 25 gel
1555 1765 6 14 :
1570 1765 9 10 «
1588 1758 56 20 ...M.
1654 1758 114 24 Schlegel,
1777 1762 84 16 autour
1866 1759 28 20 de
1902 1759 40 24 lui,
1952 1765 25 14 sa

1507 1787 91 23 femme,
1606 1793 45 14 une
1656 1786 70 25 jeune
1738 1785 163 22 Allemande...

1534 1815 55 20 Puis
1602 1821 29 14 au
1649 1814 61 26 sujet
1725 1814 66 21 deM.
1808 1815 65 20 René
1889 1815 88 21 Hause:

1510 1843 71 20 «...II
1599 1843 61 20 avait
1678 1847 24 21 17
1719 1849 42 14 ans
1777 1844 77 24 quand
1872 1844 70 20 éclata
1955 1844 23 20 la

1507 1878 93 19 guerre;
1612 1872 18 19 il
1638 1872 128 25 s’engagea,
1779 1872 39 20 dès
1827 1872 34 20 les
1869 1872 109 26 premiers

1505 1901 75 24 jours,
1586 1900 63 20 dans
1657 1899 95 21 l’armée
1760 1900 158 21 allemande...
1937 1900 28 21 Et
1970 1908 7 13 :

1508 1933 11 11 «
1529 1928 32 21 Le
1569 1928 33 21 Dr
1608 1928 69 24 Roos,
1686 1928 125 25 ex-officier
1824 1930 134 24 prussien...
1966 1935 11 10 »

1518 1965 3 3 ■
1533 1957 18 20 Il
1563 1960 35 17 est
1614 1957 142 25 impossiblèj
1773 1957 96 21 n'est-ce
1884 1964 48 19 pas,
1950 1958 29 20 de

1507 1985 79 20 traiter
1594 1985 28 20 de
1637 1991 11 11 «
1655 1985 102 20 Boches»
1771 1985 41 20 des
1824 1986 102 20 hommes
1939 1987 39 24 qui

1508 2016 53 17 sont
1575 2013 29 20 de
1617 2019 58 19 purs
1691 2013 117 20 Alsaciens
1827 2018 22 16 et
1862 2014 116 25 Lorrains,

1508 2041 58 20 dans
1574 2042 22 19 la
1604 2041 132 25 proportion
1741 2041 28 21 de
1778 2042 64 24 99%,
1851 2046 24 17 et
1883 2043 40 25 qui
1929 2047 49 20 ont,

1508 2076 58 19 pour
1582 2069 127 25 beaucoup,
1733 2076 75 14 connu
1825 2071 34 20 les
1876 2071 103 25 rigueurs

1508 2098 41 20 des
1557 2098 77 25 geôles
1642 2098 151 24 prussiennes
1801 2105 58 19 pour
1875 2100 70 20 crime
1951 2100 29 20 de

1508 2126 162 25 francophilie.
1683 2127 74 22 Alors,
1771 2133 31 14 on
1806 2134 15 18 y
1828 2133 27 14 va
1860 2134 28 14 au
1896 2134 82 19 moyen

1509 2154 29 21 de
1558 2155 80 25 petites
1655 2155 153 20 insinuations
1823 2156 117 25 gratuites,
1958 2160 22 17 et

1510 2183 21 20 la
1537 2183 90 25 plupart
1632 2182 30 21 du
1668 2186 73 21 temps
1746 2185 168 24 mensongères.
1918 2184 62 21 C’est

1509 2211 60 21 ainsi
1577 2217 46 20 que
1637 2211 41 20 des
1691 2211 116 21 médecins
1815 2212 166 21 alsaciens-Ior-

1510 2240 69 22 rains,
1589 2239 39 26 qui
1637 2243 42 17 ont
1695 2239 41 20 fait
1753 2240 50 20 leur
1815 2241 89 20 service
1920 2241 61 20 mili-

1510 2268 58 20 taire
1576 2267 138 25 obligatoire
1730 2268 56 20 chez
1798 2269 34 20 les
1847 2269 133 20 Allemands

1511 2302 88 15 comme
1607 2296 93 25 majors,
1715 2297 139 20 deviennent
1871 2297 40 20 des
1933 2297 48 21 offi-

1511 2325 59 20 ciers
1578 2325 120 24 prussiens
1704 2329 19 15 ».

1536 2354 64 19 Nous
1612 2359 153 14 connaissons
1782 2359 29 14 ici
1830 2354 34 20 les
1880 2360 100 18 origines

1512 2382 40 19 des
1566 2381 52 24 plus
1632 2381 112 25 bruyants
1761 2381 40 20 des
1817 2381 164 26 fransquillons

1512 2409 230 20 d’Alsace-Lorraine.
1749 2409 61 20 Nous
1820 2416 29 14 en
1864 2411 117 24 parlerons

1512 2443 30 14 un
1549 2437 54 24 jour
1608 2438 117 23 peut-être.
1733 2437 58 20 Mais
1796 2443 42 15 nos
1851 2438 97 20 lecteurs
1952 2445 29 13 ne

1512 2466 200 24 s’étonnerontpas
1725 2466 29 19 de
1762 2471 26 14 se
1802 2465 50 20 voir
1866 2472 116 15 emmener

1512 2499 28 14 en
1547 2493 103 24 Bavière,
1660 2500 29 13 en
1695 2493 59 21 Saxe
1762 2497 24 16 et
1794 2500 28 13 en
1839 2494 141 21 Poméranie.

1512 2521 60 21 C’est
1588 2522 22 20 le
1627 2522 52 24 plus
1693 2522 119 20 succulent
1826 2522 29 20 de
1863 2522 118 21 l’histoire.

1513 2550 42 20 Les
1559 2550 160 20 lèches-bottes
1727 2550 30 19 du
1766 2554 74 20 temps
1846 2550 28 20 de
1882 2549 101 22 Guillau-

1512 2584 37 14 me
1558 2581 53 17 sont
1618 2579 73 19 restés
1706 2578 32 20 les
1755 2578 159 20 lèches-bottes
1928 2585 54 14 sous

1514 2605 118 20 Poincaré.
1642 2606 112 19 Demême
1770 2611 45 19 que
1831 2606 34 20 les
1878 2607 104 19 ennemis

1513 2634 27 20 de
1549 2633 180 25 l’impérialisme
1746 2640 28 14 en
1791 2639 83 19 casque
1878 2634 13 20 à
1906 2634 77 24 pointe

1513 2665 53 17 sont
1584 2662 72 20 restés
1674 2668 56 14 ceux
1751 2662 30 20 du
1800 2662 137 24 despotisme
1953 2668 28 14 en

1514 2690 176 25 bourguignete.

1538 2717 32 21 Ce
1578 2718 40 24 qui
1625 2717 134 25 n’empêche
1771 2724 40 19 pas
1830 2724 51 18 que,
1900 2719 83 24 quinze

1512 2746 64 24 jours
1585 2746 66 25 après
1659 2746 34 20 les
1702 2746 25 20 60
1735 2746 171 25 perquisitions,
1915 2753 69 14 aucu-

1514 2780 28 14 ne
1556 2779 86 19 preuve
1651 2773 36 20 n’a
1694 2780 82 14 encore
1794 2774 36 20 été
1847 2774 138 21 découverte

1514 2802 28 20 de
1559 2802 21 19 la
1598 2802 109 24 présence
1726 2801 31 20 du
1774 2802 118 20 soi-disant
1905 2806 80 21 argent

1514 2830 115 20 allemand
1638 2830 59 20 dans
1703 2830 33 20 les
1744 2829 86 21 caisses
1838 2830 40 21 des
1890 2835 95 16 autono-

1515 2858 86 20 mistes.
1610 2858 44 20 Pas
1662 2864 32 14 un
1704 2857 109 24 fusil,non
1823 2858 59 26 plus,
1890 2864 42 20 pas
1939 2865 46 14 une

1515 2886 122 20 cartouche
1653 2886 38 20 n’a
1708 2886 36 20 été
1761 2887 96 19 trouvée
1881 2886 58 21 dans
1951 2887 34 19 les

1515 2914 101 24 repaires
1625 2913 30 20 du
1663 2913 177 21 Schutzbund...

1576 2954 48 19 La
1632 2953 129 20 eomedie
1769 2953 150 26 juridique

1541 2988 18 19 il
1568 2991 36 16 est
1611 2993 67 14 assez
1686 2987 97 20 curieux
1791 2987 77 20 déliré
1884 2988 34 20 les
1934 2988 53 20 arti-

1516 3016 49 19 cles
1577 3015 29 20 de
1612 3015 31 20 loi
1652 3015 57 20 dont
1717 3015 54 20 s’est
1780 3015 101 20 autorisé
1896 3016 21 19 le
1932 3016 55 25 juge

1516 3043 81 21 Mitton
1606 3049 59 19 pour
1674 3043 117 20 ordonner
1799 3043 34 20 les
1849 3047 26 16 20
1891 3048 90 16 arresta-

1516 3071 61 20 tions
1600 3071 123 20 dernières.
1746 3070 62 21 Voici
1838 3071 22 20 le
1889 3072 98 24 premier

1517 3100 87 19 d’entre
1612 3105 44 14 eux
1663 3105 7 13 :

1538 3138 9 11 «
1552 3132 41 17 Art.
1600 3130 31 19 87.
1638 3140 23 5 —
1666 3131 101 18 L’attentat
1774 3132 47 17 dont
1828 3132 18 17 le
1854 3132 35 18 but
1901 3133 36 20 est,
1946 3132 39 18 soit

1520 3156 23 17 de
1548 3154 85 19 détruire
1638 3159 25 13 eu
1672 3154 23 18 de
1709 3154 82 22 changer
1806 3154 20 18 le
1841 3156 154 20 gouverneir.cnL

1521 3182 24 13 ou
1562 3177 68 18 l’ordre
1646 3178 26 17 de
1685 3176 138 20 successibilité
1838 3181 24 14 au
1876 3178 59 20 trône,
1951 3177 38 18 soit

1521 3200 88 18 d’exciter
1616 3200 30 17 les
1653 3200 84 21 citoyens
1751 3203 24 14 ou
1790 3199 95 18 habitants
1892 3199 11 18 à
1911 3200 77 18 s’armer

1520 3223 63 17 contre
1591 3222 95 18 l'autorité
1700 3221 103 24 impériale,
1821 3223 30 16 est
1866 3222 46 22 puni
1928 3223 24 17 de
1969 3222 19 18 la

1520 3245 95 18 détention
1624 3245 47 17 dans
1678 3249 39 14 une
1727 3244 85 19 enceinte
1819 3244 100 19 fortifiée.»

1546 3276 19 20 Il
1572 3282 14 19 y
1595 3282 13 13 a
1617 3276 29 19 de
1654 3276 55 24 quoi
1724 3276 47 19 rire
1779 3276 14 19 à
1810 3276 51 19 voir
1874 3276 21 19 la
1912 3276 77 20 démo-

1521 3303 110 20 mocratie
1646 3302 58 21 faire
1720 3303 68 24 appel
1812 3309 45 13 aux
1873 3303 116 24 principes

1521 3332 29 19 de
1567 3330 94 21 défense
1678 3331 31 20 du
1734 3331 67 19 trône
1816 3334 24 16 et
1855 3330 30 20 du
1902 3331 87 24 régime

1521 3359 104 24 impérial
1634 3364 59 19 pour
1701 3364 75 14 armer
1784 3364 24 14 sa
1821 3358 91 25 justice.
1928 3357 61 21 C’est

1521 3387 52 20 bien
1581 3387 83 23 l’aveu,
1673 3393 29 14 ou
1709 3386 24 25 je
1741 3386 45 24 m’y
1795 3386 94 20 connais
1903 3392 49 18 pas,
1961 3386 28 20 de

1521 3415 22 20 la
1550 3415 138 25 disparition
1706 3414 127 23 définitive,
1848 3421 30 13 au
1893 3420 97 19 gouver-

1522 3447 100 19 nement,
1632 3443 28 19 de
1669 3446 49 17 tout
1726 3442 112 20 véritable
1846 3442 71 24 esprit
1925 3442 65 24 répu-

1522 3471 92 20 blicain.

1548 3500 49 19 Une
1605 3499 30 20 loi
1645 3504 88 14 comme
1741 3497 96 24 celle-ci,
1845 3497 144 25 aujourd’hui

1521 3526 145 20 absolument
1679 3526 101 22 désuète,
1796 3531 29 14 ne
1842 3525 93 25 pouvait
1948 3530 42 19 pas

1523 3554 50 24 plus
1582 3554 48 19 être
1637 3553 114 24 invoquée
1759 3556 79 16 contre
1848 3553 33 19 les
1889 3553 102 19 Autono-

1522 3581 79 20 mistes
1608 3580 223 20 alsaciens-Iorrains
1841 3580 84 25 qu’elle
1932 3586 31 14 ne
1968 3579 22 20 le

1523 3609 71 20 serait
1600 3615 54 14 sans
1662 3608 98 20 ridicule
1775 3611 80 17 contre
1871 3608 120 25 n’importe

1523 3636 54 25 quel
1602 3636 60 25 parti
1687 3635 112 25 politique
1830 3635 159 28 d’opposition.

1986 86 85 26 Depuis
2079 85 31 21 M.
2120 81 121 23 Millerand
2247 81 95 25 jusqu'à
2348 83 30 20 M.
2386 83 74 20 Maur-

1985 121 37 14 ras
2030 118 23 16 et
2062 113 32 21 M.
2109 110 95 22 Cachin,
2223 115 29 14 en
2269 114 97 20 passant
2383 117 42 18 par
2437 110 22 20 le

1987 142 177 20 Redressement
2173 136 108 25 Français
2290 140 24 17 et
2322 138 23 20 la
2355 138 107 21 Victoire,

1988 175 53 16 tous
2049 170 35 20 les
2093 167 79 27 partis,
2182 172 30 14 ou
2226 171 110 19 presque,
2347 170 40 16 ont
2404 172 60 19 pour

1987 199 41 19 but
2036 198 29 20 de
2081 196 118 24 «changer
2216 193 22 20 le
2252 198 210 19 gouvernement».

1988 227 33 19 De
2030 227 82 21 même,
2128 227 52 17 tous
2198 228 30 14 ou
2246 227 103 19 presque
2366 225 53 17 tous
2435 228 26 13 se

1988 258 51 16 sont
2047 253 52 20 créé
2107 252 40 20 des
2152 250 86 26 polices
2244 249 49 24 qui,
2303 256 13 13 a
2325 250 90 20 l'instar
2423 249 40 20 des

1986 282 83 24 jeunes
2089 279 82 27 gardes
2185 277 128 21 socialistes
2328 281 22 16 et
2364 284 102 14 commu-

1990 309 124 24 nistes,des
2122 306 109 22 camelots
2238 305 31 19 du
2279 305 43 23 roi,
2333 306 133 25 deslégion-

1990 338 76 19 naires
2074 336 105 20 fascistes
2188 338 22 16 et
2219 333 40 20 des
2266 332 122 25 jeunesses
2397 335 69 23 patri-

1990 369 56 19 otes,
2052 366 62 19 n’ont
2122 364 48 19 rien
2177 362 76 20 moins
2259 361 71 24 quela
2336 362 126 23 prétention

1991 394 27 19 de
2028 400 24 13 se
2066 393 108 25 préparer
2182 390 13 19 à
2205 395 30 14 un
2245 388 49 20 rôle
2302 389 165 21 insurrection-

1992 422 45 19 nel.
2047 420 25 20 Et
2082 417 152 27 plusieurs.de
2242 422 39 14 ces
2296 417 169 24 organisations

1991 449 121 24 possèdent
2117 445 109 25 d’amples
2232 444 132 24 provisions
2369 445 32 20 d’a
2405 452 59 13 rmes

1992 480 22 17 et
2022 477 28 19 de
2059 475 136 21 munitions.
2202 473 62 20 Elles
2274 479 30 13 ne
2312 473 48 20 s’en
2370 473 97 20 cachent

1992 510 49 20 pas.
2050 504 32 20 Ce
2095 503 80 20 n’était
2184 508 40 18 pas
2232 501 22 20 le
2272 507 40 14 cas
2329 501 29 19 de
2375 501 91 20 l’infime

1993 531 155 22 Schutzbund,
2166 536 45 14 aux
2228 529 39 20 300
2281 529 116 20 membres
2416 530 51 24 plus

1992 560 38 19 3oo
2043 565 86 14 cannes
2139 558 6 20 !
2158 558 42 19 Les
2210 557 94 19 articles
2313 556 29 20 de
2355 557 31 20 loi
2403 557 65 20 invo-

1995 588 56 24 qués
2058 590 81 17 contre
2152 591 42 14 nos
2211 584 59 21 amis
2287 591 30 13 ne
2334 588 54 17 sont
2408 585 59 19 donc

1994 614 69 26 qu’un
2073 615 109 25 prétexte.
2190 613 18 20 Il
2218 619 29 14 ne
2253 612 116 25 justifient
2380 619 27 14 en
2418 612 49 21 rien

1993 643 90 20 l’action
2093 641 127 26 entreprise
2226 644 80 17 contre
2316 647 52 17 eux,
2383 641 55 20 dont
2446 641 21 19 ia

1994 671 63 20 seule
2066 671 77 20 raison
2152 673 23 17 et
2180 669 22 20 la
2212 669 76 20 bonne
2309 672 36 17 est
2362 669 57 20 celle
2435 668 31 20 du

1995 699 51 24 plus
2051 698 54 21 fort.

1994 741 47 19 La
2047 740 74 24 «joie
2126 744 17 16 »
2148 744 38 15 en
2193 738 272 21 Alsace-Lorraine

2020 770 225 21 L’Alsace-Lorraine
2252 773 36 17 est
2297 769 127 20 enchantée
2429 770 40 19 des

1996 805 103 14 mesures
2107 799 72 25 prises
2192 805 41 17 par
2250 798 23 20 le
2280 802 189 21 gouvernement,

1996 827 89 20 déclare
2094 827 21 20 la
2122 833 79 19 presse
2207 826 136 24 stipendiée.
2359 826 111 20 Donnons

1997 855 112 25 quelques
2117 854 115 25 exemples
2241 855 29 19 de
2278 857 61 17 celte
2345 854 48 24 joie
2400 861 6 13 :

2021 882 36 21 On
2067 889 105 14 annonce
2180 888 46 19 que
2232 882 33 20 les
2280 882 74 20 édiles
2372 882 28 20 de
2421 882 49 20 l’ar-

1998 910 168 20 rondissement
2180 910 113 20 d’Erstein
2312 913 41 17 ont
2372 911 96 24 envoyé.

1998 939 15 19 à
2030 938 154 22 l’unanimité,
2207 938 62 20 leurs
2292 937 149 21 félicitations
2458 939 13 19 à

1999 966 121 20 Poincaré.
2130 966 30 20 La
2169 965 72 20 vérité
2247 969 36 17 est
2292 972 53 18 que,
2357 966 75 20 seuls:
2438 973 31 13 un

1998 994 120 20 conseiller
2123 994 94 25 général
2224 1000 41 14 sur
2273 994 64 24 cinq,
2349 998 23 16 et
2388 997 83 22 quatre

1998 1022 85 20 maires
2092 1029 39 13 sur
2140 1023 127 24 cinquante
2279 1026 42 16 ont
2332 1023 76 20 donné
2419 1023 50 19 leur

1999 1050 118 25 signature
2124 1051 14 20 à
2146 1050 116 21 l’adresse.
2271 1050 63 20 Tous
2349 1051 33 20 les
2395 1055 77 16 autres
2479 1067 4 3 .

1999 1081 39 17 ont
2047 1078 84 21 refusé.

2023 1106 46 20 Des
2075 1106 110 21 élections
2194 1107 154 25 municipales
2357 1111 41 16 ont
2407 1106 44 21 lieu
2458 1107 13 19 à

1999 1133 193 26 Sarreguemines,
2198 1135 101 20 seconde
2306 1135 54 20 ville
2365 1135 106 20 lorraine.

2000 1161 57 25 Cinq
2069 1162 119 21 candidats
2201 1162 59 23 élus,
2269 1163 60 20 soit:
2339 1162 58 21 deux
2413 1169 60 14 com-

2000 1189 274 26 munistes-séparatistes,
2283 1191 58 20 trois
2349 1194 125 21 opposants

2000 1217 133 25 bourgeois,,
2148 1218 55 20 dont
2226 1218 101 22 Schaaff,
2345 1218 128 24 vice-prési-

2001 1245 90 20 dentdu
2101 1246 162 21 Heimatbund.

2025 1273 31 20 Le
2063 1274 26 20 3o
2099 1274 129 24 décembre,
2241 1275 23 20 le
2277 1275 87 20 conseil
2377 1275 96 20 munici-

2001 1302 36 24 pal
2042 1302 147 25 d’Haguenau
2195 1304 106 24 s’oppose
2306 1309 29 14 au
2345 1303 128 20 rétablisse-

2001 1334 62 16 ment
2079 1331 40 20 des
2131 1331 126 20 anciennes
2274 1332 108 20 couleurs
2407 1332 28 19 de
2449 1332 21 19 la

2001 1358 53 20 ville
2062 1365 7 13 :
2076 1359 62 22 bleu,
2147 1360 76 23 blanc,
2239 1366 79 19 rouge.

2028 1387 43 19 Les
2085 1387 116 24 journaux
2216 1391 134 17 annoncent
2372 1394 46 18 que
2440 1388 33 19 les

2002 1415 82 20 maires
2090 1415 103 20 d’Alsace
2200 1419 42 16 ont
2249 1416 75 20 invité
2342 1415 111 21 Poincaré
2461 1417 12 19 à

2002 1449 29 13 un
2040 1443 75 24 grand
2123 1443 120 25 banquetà
2256 1443 145 26 Strasbourg,
2417 1450 58 18 pour

2002 1470 133 21 manifester
2139 1471 51 21 leur
2202 1472 129 25 loyalisme.
2352 1472 41 23 Or,
2416 1478 58 14 nous

2001 1504 131 19 apprenons
2138 1506 44 18 que
2188 1500 179 20 cetteinitiative
2378 1500 62 20 vient
2446 1500 28 20 de

2002 1528 21 19 la
2034 1527 136 25 préfecture,
2186 1531 23 17 et
2231 1534 46 18 que
2299 1528 21 20 la
2335 1528 91 25 plupart
2433 1528 40 20 des

2002 1558 105 19 adresses
2114 1560 41 16 ont
2160 1557 36 19 été
2202 1556 130 20 inventées.
2347 1556 37 20 On
2401 1556 44 19 cite
2454 1556 20 19 le

2002 1591 38 15 cas
2048 1585 29 20 de
2082 1584 148 25 Weinbourg,
2239 1585 30 19 où
2275 1590 32 14 un
2315 1584 50 20 seul
2380 1584 95 20 conseil-

2002 1614 34 20 ler
2041 1619 40 14 sur
2090 1613 72 20 douze
2167 1616 93 21 accepta
2267 1612 29 20 de
2304 1612 172 25 signerl’adres-

2002 1648 32 18 se,
2044 1641 39 26 qui
2092 1641 35 20 fut
2135 1640 77 26 quand
2229 1641 75 20 même
2318 1641 103 24 envoyée
2434 1645 42 19 par

2002 1671 22 20 le
2030 1670 79 21 maire.
2115 1669 43 20 Les
2163 1675 58 14 onze
2227 1669 143 23 conseillers,
2376 1668 97 22 furieux,

2001 1699 32 20 lai
2042 1697 185 21 administrèrent
2243 1703 47 14 une
2309 1697 97 20 tournée
2422 1697 13 19 à
2450 1696 22 20 la

2003 1727 97 20 réunion
2110 1726 105 20 suivante
2227 1725 30 20 du
2263 1725 96 21 conseil.

2027 1755 194 23 Gouvernement,
2244 1753 96 25 préfets,
2352 1756 121 20 reporters,

2003 1789 59 15 vous
2072 1783 73 20 n’êtes
2153 1786 60 20 tous,
2221 1782 94 20 suivant
2322 1782 22 20 le
2353 1785 47 16 mot
2421 1781 54 20 heu-

2003 1818 57 15 reux
2068 1812 53 20 d’un
2130 1811 29 20 de
2177 1817 43 14 nos
2233 1810 126 24 confrères,
2367 1816 46 18 que
2432 1810 42 20 des

2003 1840 106 25 tartufes.

2036 1875 47 22 Où
2091 1876 69 21 sont
2167 1876 46 20 les
2222 1873 172 23 défenseurs
2403 1875 41 20 du.

2003 1907 102 22 droit?

2032 1938 33 22 Le
2078 1938 50 21 seul
2141 1936 102 30 journal,
2264 1943 28 15 en
2310 1935 164 26 l’occurrence,

2003 1969 113 22 soucieux
2126 1968 30 22 de
2164 1968 88 28 justice
2267 1963 23 26 ei
2303 1966 29 22 de
2343 1967 82 25 vérité,
2440 1969 37 18 est

2003 2001 25 22 U
2029 1999 149 26 Humanité,
2192 1998 164 22 communiste.
2377 1997 46 22 Son
2442 2003 35 16 re-

2003 2034 88 27 porter,
2104 2029 86 23 Marcel
2200 2029 120 26 Fourrier,
2330 2032 36 18 est
2377 2028 48 22 allé
2434 2034 43 15 sur

2004 2063 67 28 place
2085 2063 118 27 enquêter.
2216 2060 48 22 Son
2276 2059 97 30 opinion
2385 2062 37 19 est
2431 2065 46 23 que

2004 2094 22 22 le
2038 2095 148 20 mouvement
2193 2091 106 22 alsacien
2307 2098 14 13 «
2328 2094 37 19 est
2376 2097 28 15 en
2417 2090 59 22 Irain

2007 2125 29 21 de
2049 2123 97 24 devenir
2157 2129 30 15 un
2199 2122 67 29 large
2283 2124 149 20 mouvement
2449 2121 28 22 de

2005 2162 88 16 masses
2102 2162 22 15 ».
2134 2154 19 23 Il
2166 2160 28 16 en
2206 2154 50 22 voit
2265 2154 22 21 la
2297 2154 82 21 raison
2387 2153 59 22 dans
2455 2153 22 21 la

2005 2187 113 29 politique
2129 2185 101 23 actuelle
2242 2185 31 22 du
2285 2186 191 28 gouvernement,

2005 2219 39 29 qui
2055 2219 110 28 exaspère
2175 2217 111 28 l’opinion
2295 2223 43 22 par
2349 2215 23 23 la
2384 2216 92 21 basses-

2005 2256 26 16 se
2042 2249 30 22 de
2083 2255 38 16 ses
2134 2248 112 29 procédés
2254 2256 7 13 :

2028 2295 9 11 «
2047 2288 35 19 Car
2090 2293 22 13 ce
2120 2288 48 23 qu’il
2174 2288 41 17 faut
2224 2287 42 18 dire
2272 2287 46 18 bien
2326 2287 54 22 haut,
2388 2287 46 17 c’est
2442 2291 37 18 que

2005 2316 21 14 ce
2040 2312 43 18 sont
2090 2312 29 17 les
2130 2311 95 18 sanctions
2238 2310 34 22 qui
2286 2311 34 17 ont
2335 2309 60 18 donné
2408 2309 32 18 vie
2454 2314 24 13 au

2005 2335 120 18 mouvement
2137 2333 135 19 autonomiste.
2281 2332 52 19 C’est
2341 2333 18 17 la
2371 2332 107 22 répression

2005 2357 35 23 qui
2046 2362 12 13 a
2066 2357 72 20 assuré,
2147 2356 69 23 auprès
2224 2356 34 17 des
2266 2359 80 17 masses,
2355 2356 19 17 le
2382 2354 65 19 succès
2455 2355 24 17 de

2005 2381 19 17 la
2031 2380 117 22 propagande
2155 2379 131 18 autonomiste.
2296 2377 25 19 Ce
2332 2378 44 17 sont
2384 2377 51 18 enfin
2451 2377 27 18 les

2006 2407 84 14 mesures
2098 2402 90 18 actuelles
2196 2401 34 22 qui
2237 2401 89 18 dressent
2335 2401 64 18 contre
2407 2399 72 23 l’impé-

2005 2426 85 17 rialisme
2095 2425 81 21 français
2181 2425 18 17 la
2202 2424 71 23 grande
2277 2423 87 22 majorité
2369 2423 33 18 des
2407 2426 72 15 masses

2006 2447 221 20 alsaciennes-lorraines.
2235 2453 9 10 »

2033 2481 87 22 Marcel
2134 2480 110 23 Fourrier
2254 2481 93 27 prévoit
2358 2486 46 15 una
2415 2480 64 20 brus-

2007 2519 44 22 que
2061 2511 119 23 évolution
2190 2511 29 22 de
2227 2510 190 23 l’autonomisme
2425 2516 52 16 vers

2006 2543 187 28 leséparatisme.
2210 2541 92 27 C’était,
2312 2541 83 28 depuis
2416 2541 66 28 long-

2007 2576 82 25 temps,
2103 2576 66 18 noire
2180 2573 59 21 avis.
2249 2571 76 28 Qu’on
2335 2578 26 15 se
2369 2571 111 22 souvien-

2007 2610 28 15 ne
2047 2603 30 22 de
2085 2603 98 22 l’article
2192 2603 29 21 de
2232 2602 106 22 Marchai
2352 2609 5 15 :
2367 2609 14 14 «
2389 2602 37 22 Du
2434 2602 46 21 Na-

2008 2634 131 22 tionalisme
2147 2640 29 16 au
2188 2633 212 29 Séparatisme».M.
2413 2632 67 23 Poin-

2008 2667 62 25 caré,
2079 2665 40 28 qui
2130 2664 96 29 prélend
2243 2663 121 23 travailler
2383 2671 59 22 pour
2457 2663 23 22 la

2009 2696 61 28 paix,
2096 2695 104 22 travaille
2223 2701 28 16 en
2272 2695 82 22 réalité
2374 2701 59 23 pour
2458 2694 23 22 la

2007 2733 93 23 guerre,
2113 2733 28 15 en
2151 2728 125 27 préparant
2288 2732 46 16 une
2347 2725 132 29 répression

2008 2764 14 15 «
2030 2757 183 28 coloniale»(Le
2225 2760 48 19 mot
2284 2759 37 20 est
2333 2756 28 22 de
2373 2755 109 22 M.Four-

2010 2788 63 28 rier),
2096 2794 44 15 une
2159 2788 89 22 révolte
2266 2787 110 29 générale
2410 2786 28 21 de
2459 2785 24 23 in

2009 2819 137 22 conscience
2162 2817 263 26 Alsaciennc-lorraine,
2438 2823 47 21 que

2010 2850 34 21 les
2065 2849 72 29 partis
2162 2848 130 23 allemands
2312 2847 30 22 de
2367 2847 116 22 revanche

2008 2880 117 22 voudront
2132 2879 179 23 naturellement
2323 2878 121 29 exploiter.

2037 2910 85 23 Marcel
2149 2910 111 22 Fourrier
2288 2916 12 15 a
2323 2908 105 23 recueilli
2449 2909 34 22 les

2010 2948 87 22 propos
2111 2941 67 22 d’une
2190 2939 159 30 personnalité
2370 2940 113 29 politique

2010 2979 47 15 non
2078 2974 107 26 suspecte
2208 2970 203 28 d’autonomisme,
2444 2971 40 28 qui

2011 3003 122 28 s’exprime
2144 3002 63 22 ainsi-
2217 3009 6 14 :

2034 3051 8 10 «
2048 3045 16 17 Il
2072 3045 41 18 faut
2120 3044 118 19 reconnaître
2245 3044 143 18 effectivement
2395 3043 48 22 qu’il
2452 3043 32 22 n’y

2011 3072 12 13 a
2029 3067 49 23 plus,
2094 3071 24 14 en
2130 3066 169 22 Alsace-Lorraiiie,
2315 3070 73 13 aucune
2398 3065 86 23 garantie

2012 3091 24 17 de
2042 3090 69 18 liberté
2117 3089 124 19 individuelle
2248 3089 20 18 ni
2273 3090 25 16 de
2303 3088 119 18 démocratie.
2427 3088 58 17 N’im-

2011 3114 54 21 porte
2072 3113 34 22 qui
2113 3113 45 22 peut
2165 3112 40 18 être
2213 3111 61 19 arrêté
2282 3116 46 13 sous
2336 3111 99 22 n’importe
2440 3111 44 21 quel

2011 3135 85 23 prétexte
2104 3136 19 17 et
2130 3135 57 22 gardé
2197 3139 26 14 en
2235 3135 66 22 prison
2314 3133 53 18 aussi
2378 3133 106 23 longtemps

2012 3158 57 22 qu’on
2075 3158 20 17 le
2103 3159 52 17 veut.

2251 3185 69 22 Olier
2331 3183 121 23 Mordrel.

2035 3224 74 23 (Breiz
2116 3224 68 21 Atao,
2192 3224 90 19 Giurnale
2290 3224 20 17 di
2316 3229 15 12 u
2339 3223 133 23 P.A.Bretone)

2040 3291 23 26 È
2073 3297 99 21 surtitu

2030 3335 211 26 LAlmanaceu
2257 3335 32 25 di
2301 3335 31 25 A
2350 3336 117 28 Mtsvra

2178 3377 55 31 per
2246 3374 70 29 1928

2037 3418 34 18 214
2076 3419 69 22 pagine
2149 3417 61 18 —160
2223 3418 77 24 disegai
2307 3424 12 14 e
2327 3420 106 23 fotografie,
2443 3422 47 17 arli-

2013 3443 45 21 cnli,
2067 3443 72 22 puesie,
2145 3447 87 14 canzone.
2238 3443 45 23 foie,
2288 3446 81 21 ïaeonti,
2375 3447 112 23 stabaloghj.

2014 3468 109 21 calindariu,
2133 3468 53 21 mesi,
2196 3468 87 23 stagione
2292 3475 46 13 ecc..
2344 3475 61 14 ecc....

2036 3501 70 18 Prezzu
2113 3506 6 5 •
2136 3501 21 18 In
2165 3501 106 22 Stamparia
2276 3503 13 18 7
2296 3504 25 18 fr.
2330 3504 24 23 pè
2361 3510 12 12 a
2380 3507 56 20 posta
2442 3505 14 18 S
2462 3506 24 17 fr.

2014 3527 67 17 contru
2087 3526 95 19 rioeborsu
2188 3526 12 20 9
2206 3526 26 18 fr.

2014 3590 100 22 Aîacciu
2121 3602 30 4 —
2161 3590 135 31 Stamparia
2308 3594 25 22 di
2341 3596 23 21 A
2375 3596 106 22 Muvra.

2015 3629 22 21 U
2045 3630 241 26 Direltore-Gerente:
2297 3634 73 23 Petru
2379 3635 103 24 ROCCA
