2616 3894
151 97 184 26 Sest’annata
347 112 34 5 -
397 97 131 27 Numaru
542 106 48 25 3j3
632 92 21 41 ?
699 89 10 28 ^
1108 104 86 25 Esce
1215 112 20 17 a
1254 105 182 28 Dumenica
2022 115 169 34 Dumenica,
2211 127 32 16 3o
2262 118 149 27 Dicembre
2430 128 64 27 I9.5

556 196 337 257 A
988 204 1553 265 MUVRA

874 498 242 37 GIURNALE
1153 502 48 34 DI
1238 504 25 33 E
1301 504 137 36 PIEVE
1466 508 47 33 DI
1540 509 216 36 CORSICA

374 606 213 18 ABBUNAIViENTf
597 611 6 12 :

126 631 27 17 In
177 629 99 18 Corsica
694 629 33 18 12
752 630 97 18 franchi

127 662 27 17 In
180 660 103 18 Francia
694 660 33 19 15
797 668 9 9 a

129 693 17 17 A
181 691 109 18 l’Esteru.
306 703 6 5 .
337 703 4 5 .
694 691 33 19 25
797 700 9 8 »

377 722 17 18 U
409 722 99 18 Mumaru
515 722 29 18 :4-
555 722 60 18 soldi

1101 660 140 28 Direttore
1258 671 7 18 :
1290 664 93 26 Petru
1396 666 140 27 ROCCA

1996 633 41 18 AIVl
2041 634 21 18 m
2066 635 27 17 IN
2097 635 145 19 ISTRAZIOW
2246 637 25 17 E:

1874 670 38 23 38,
1938 672 78 18 Corsu
2046 674 125 18 Grandval
2184 675 39 18 38.
2238 685 24 4 —
2284 677 125 19 AIACCIU

1830 726 74 19 Contu
1920 728 105 19 currente
2038 734 29 13 eu
2083 734 15 14 a
2118 732 68 20 posta
2203 741 24 4 —
2243 732 122 24 Marseglia
2381 734 65 23 45,S2

217 807 53 69 A
331 807 595 75 SANQUETTA

115 968 29 26 A
183 966 185 36 Cumpagnia
393 967 160 27 Fraissinet

82 1010 153 29 aumentaa
243 1009 149 36 tariffad’i
399 1010 153 35 viagghia-

84 1052 65 31 tori,
163 1050 35 26 di
215 1050 127 27 Francia
354 1060 19 17 a
397 1052 119 26 Corsica
537 1061 16 16 e

83 1095 58 26 vice
152 1102 87 17 versa.

116 1137 114 26 Contru
240 1137 34 25 sf
275 1138 135 24 aumentu
420 1136 133 36 inghjus-

86 1180 121 33 tificatu,
222 1178 49 27 chi
278 1180 120 25 metterà
406 1187 38 17 un
450 1181 40 33 pb
496 1179 57 35 piü

81 1222 33 26 di
122 1222 118 26 miseria
251 1221 80 27 inda
347 1223 100 24 nostra
466 1221 84 31 isula,

77 1265 177 35 prutestemu
262 1272 54 18 cun
328 1263 126 35 energia>
462 1265 91 32 epru-

82 1308 115 25 testemu
212 1306 161 26 dalironde
393 1305 48 26 chi
453 1304 100 26 Frais-

78 1350 84 31 sinet,
176 1358 39 17 un
223 1348 236 35 ebreiupinçutu,
474 1346 78 26 ravi-

79 1401 40 18 na
129 1401 19 18 a
161 1392 120 26 Corsica
297 1391 90 35 dapbi
407 1390 146 35 cinquanf

80 1434 82 26 anni.

113 1477 117 31 AvemUy
250 1478 36 32 pè
313 1475 157 35 disgracia,
497 1483 19 17 a
531 1483 22 16 u

80 1516 188 26 Parlamentu
274 1515 142 35 francese,
439 1514 58 26 bmi
519 1514 34 26 di

77 1561 76 33 pocu
162 1558 151 35 curaggiu,
326 1557 133 35 deputati
466 1558 28 25 et
510 1565 43 17 se-

81 1600 300 36 natoridmbruglioni
388 1608 15 17 o
412 1599 140 27 macchia-

81 1643 76 27 velli.

117 1685 105 35 Oghie,
235 1684 83 36 femu
345 1693 116 20 cunosce
481 1693 18 17 a
511 1693 42 17 se-

79 1729 104 35 guente
193 1729 134 33 prutesta
348 1727 147 27 diramata
514 1727 38 25 da

83 1770 19 27 V
107 1770 113 27 Unionè
249 1770 238 35 départimentale
510 1769 43 26 d3i

83 1812 146 27 Sindicati
240 1813 99 34 opérai
350 1813 47 25 d'à
411 1812 120 26 Corsica
543 1820 7 17 :

109 1868 14 14 «
131 1861 33 22 La
176 1860 165 24 Commission
363 1861 189 26 administrative

82 1895 30 22 de
120 1895 101 23 l’Union
229 1895 209 29 Départementale
443 1895 42 21 des
491 1894 61 29 Syn-

81 1929 75 22 dicats
167 1930 110 22 ouvriers
288 1930 31 21 de
327 1930 23 22 la
359 1929 77 22 Corse
446 1935 6 20 ;

102 1971 21 17 .«
132 1963 41 22 Vu
183 1964 36 21 les
230 1969 128 17 nouveaux
373 1963 56 28 prix
445 1962 43 22 des
498 1968 55 22 pas-

80 2003 75 23 sages,
161 1996 124 29 appliqués
295 2003 44 21 par
355 1997 25 22 la
402 1996 150 28 Compagnie

80 2030 131 23 Fraissinet
218 2030 84 28 depuis
327 2031 23 21 le
377 2031 27 21 icr
425 2029 127 23 décembre

82 2070 53 24 1925
146 2070 13 22 ;

107 2104 16 16 «:
132 2097 160 23 Considérant
294 2104 47 22 que
348 2098 36 22 les
387 2099 107 22 services
498 2104 54 16 ma-

79 2133 100 22 ritimes
190 2135 66 20 entre
264 2134 24 21 le
304 2134 124 22 continent
449 2132 103 28 français

81 2169 24 20 et
112 2168 23 21 la
147 2166 77 24 Corse
233 2169 58 21 sont
297 2174 50 16 une
358 2166 118 23 nécessité
489 2166 64 23 d’or-

81 2201 42 22 dre
131 2201 107 23 national
249 2203 25 20 et
283 2207 50 23 que
352 2201 78 22 VEtat
447 2201 55 22 doit
520 2206 32 16 en

81 2241 104 17 assurer
195 2235 29 23 la
243 2236 81 22 bonne
342 2235 103 22 marche
457 2236 24 20 et
495 2234 57 22 Ven-

79 2270 93 22 tretien
183 2275 94 17 comme
283 2269 18 22 il
316 2275 82 16 assure
417 2268 134 23 l’entretien

79 2304 43 21 des
133 2305 82 21 routes
226 2304 134 22 nationales
375 2310 6 20 ;

107 2344 14 14 «
131 2336 167 28 Considérant,
319 2337 91 22 d’autre
425 2338 60 26 part,
505 2342 47 22 que

78 2372 23 21 la
113 2371 149 29 Compagnie
288 2371 131 22 Fraissinet
442 2378 15 14 a
467 2369 85 30 essayé

80 2405 30 22 de
120 2404 122 30 légitimer
252 2406 63 21 cette
326 2405 179 29 augmentation
520 2410 31 16 en

78 2441 101 21 mettant
190 2445 38 16 ses
239 2439 68 22 tarifs
319 2445 31 16 au
363 2439 89 22 niveau
456 2439 30 21 de
489 2444 63 17 ceux

80 2473 43 21 des
135 2473 108 22 chemins
254 2473 31 22 de
291 2473 37 23 fer
339 2473 33 21 du
382 2472 29 22 P.
424 2473 25 21 L.
463 2473 33 22 M.
511 2479 6 20 ;

107 2513 14 14 «
134 2506 62 22 Mais
207 2512 47 22 que
263 2509 62 20 cette
337 2507 165 28 comparaison
514 2508 38 20 est

78 2540 154 28 injustifiable
247 2546 6 16 :

106 2581 14 14 «
131 2575 21 21 i°
161 2574 75 22 Parce
247 2573 72 29 qu’on
331 2580 31 16 ne
383 2576 60 26 peut
462 2580 90 22 songer

79 2607 173 23 sérieusement
262 2614 14 16 a
285 2614 126 22 comparer
417 2614 36 16 un
460 2608 90 22 bâteau

79 2642 140 22 Fraissinet
240 2643 107 22 mettant
373 2643 120 27 toujours
522 2642 29 22 18

80 2676 89 22 heures
177 2678 71 26 pour
258 2676 106 22 couvrir
374 2675 37 23 les
427 2676 47 29 387
485 2675 66 23 kilo-

79 2710 91 23 mètres
179 2711 45 28 qui
234 2710 119 29 séparent
366 2710 131 22 Marseille
520 2710 30 22 de

79 2744 95 26 Bastia,
185 2750 60 16 avec
255 2750 33 16 un
299 2744 64 22 train
374 2744 83 28 rapide
463 2750 32 16 ou
506 2750 43 16 ex-

78 2784 67 21 press
153 2778 41 28 qui
203 2778 43 22 fait
255 2778 36 22 les
299 2777 44 23 862
362 2778 139 22 kilomètres
518 2778 31 22 de

79 2811 67 23 Paris
158 2812 15 22 à
187 2812 120 22 Marseille
321 2818 31 15 en
373 2818 24 15 11
420 2812 87 22 heures
525 2813 25 21 et

78 2846 78 22 demie
167 2852 31 17 ou
212 2853 24 21 17
249 2846 86 22 heures
343 2852 6 15 :

104 2887 14 15 «
128 2883 24 25 30
160 2880 55 27 Que
224 2882 61 20 cette
300 2880 166 27 comparaison
482 2885 30 16 ne
521 2886 27 15 se

78 2914 156 22 soutiendrait
249 2919 45 23 que
315 2913 20 22 si
355 2912 14 22 à
391 2912 109 22 l’arrivée
517 2914 30 21 de

78 2948 90 28 chaque
179 2948 61 23 train
255 2948 30 21 de
297 2946 68 22 Paris
382 2945 14 22 à
418 2946 127 27 Marseille,

77 2988 30 16 un
135 2982 83 22 bateau
235 2981 85 29 partait
344 2980 203 22 immédiatement

78 3022 61 16 pour
152 3017 22 21 la
187 3016 84 22 Corse.

103 3050 129 22 «Proteste
251 3048 198 28 énergiquement
464 3049 82 20 contre

77 3083 33 22 les
122 3089 135 17 nouveaux,
266 3082 67 22 tarifs
354 3082 29 21 de
402 3082 21 21 la
442 3080 100 28 Compa-

75 3118 56 26 gnie
153 3117 136 25 Fraissinet,
310 3118 25 19 et
351 3117 93 19 surtout
463 3117 83 20 contre

76 3150 192 30 l’augmentation
293 3149 33 22 du
332 3149 54 27 prix
401 3149 42 21 des
466 3154 80 22 passa-

75 3189 40 22 ges
128 3191 41 16 sur
182 3185 23 21 le
224 3185 60 27 pont
294 3183 41 27 qui
349 3181 115 23 intéresse
473 3182 70 28 parti-

76 3218 154 23 culièrement
241 3218 21 21 la
266 3218 76 21 classe
354 3216 138 22 ouvrière...
502 3222 14 15 »

106 3258 83 25 Simu
218 3256 151 26 dîaccorda
400 3264 33 17 eu
458 3256 12 25 i
484 3255 60 26 scio

78 3299 123 26 Castello
218 3307 16 17 e
255 3298 127 34 Pe^ini,
419 3298 67 34 capi
511 3298 34 24 di

75 3339 145 26 Sindicati
232 3338 99 36 opérai
347 3338 83 32 corsi,
452 3347 15 16 e
473 3337 70 35 feli-

76 3381 100 27 citemu
187 3381 61 26 VU.
261 3381 39 26 D.
309 3381 78 26 d'ave
400 3380 83 35 fattu
494 3388 48 18 cu-

75 3429 76 21 nosce
162 3432 19 18 a
191 3424 90 25 verità
293 3432 19 17 a
328 3432 18 17 u
365 3423 94 32 Paese,
474 3431 46 18 ma
526 3432 16 16 e

73 3465 207 36 prutestaçione
301 3465 169 35 platoniche
491 3474 15 17 e
529 3466 13 25 i

73 3504 118 30 discorsi
201 3509 199 26 unbastanu...
421 3508 34 26 Si
477 3508 64 26 deve

72 3549 126 34 tmpiegà
218 3552 120 34 Vaqione
360 3551 147 26 cullettiva
525 3560 15 16 e

68 3589 54 30 per
134 3590 97 31 a^ione
242 3594 110 27 bulemu
364 3594 31 26 di
418 3593 48 27 chi
480 3595 58 25 tut-

73 3628 31 25 Vi
115 3628 85 27 Corsi
208 3632 86 35 degni
307 3637 48 25 du
376 3646 89 24 nome,
474 3636 65 36 fac-

72 3669 60 57 C^ar
234 3683 19 16 a
274 3684 20 17 u
316 3676 97 29 Cuver
412 3688 48 23 nu,
485 3688 18 17 a
526 3679 13 26 i

75 3736 29 25 ta
143 3716 137 27 ^**lentar'î
283 3717 44 26 chi
327 3726 40 18 an
373 3724 165 32 rappresen-

73 3777 26 20 s-
262 3762 175 33 cumpagnia
440 3763 97 26 Frais-

87 3783 58 24 met
158 3786 51 30 (un
210 3798 19 17 a
242 3793 94 26 dé’sf-u
373 3806 14 11 ^
396 3805 7 6 •
443 3805 10 14 7

242 3803 108 22 aestrtte
365 3805 110 35 piaghe
490 3805 46 26 da

583 968 139 33 Corsica),
732 969 51 26 che
793 970 53 25 noi
855 970 77 26 simu
944 970 103 27 stanch

578 1010 136 36 daspettà
744 1020 39 18 un
817 1012 236 35 miglioramentu

580 1053 83 26 ch’un
676 1052 65 28 béne
752 1055 61 25 mai
824 1064 15 16 e
847 1055 51 26 chi
905 1056 60 25 mai
975 1064 78 17 véné-

579 1104 45 17 ra.

613 1138 16 25 E
645 1139 162 33 propriuuna
823 1147 49 17 ver
888 1147 81 27 gogna
985 1139 68 26 d'es-

578 1188 30 17 se
619 1180 123 34 obligati
753 1183 68 23 astà
833 1181 32 26 in
874 1181 178 26 maredicia-

579 1224 108 24 nòvòre
693 1225 56 31 per
761 1223 75 25 andà
846 1223 32 25 in
890 1223 127 26 Francia
1027 1224 25 32 (i

580 1264 92 33 primi
694 1264 123 32 battelli,
843 1265 141 25 cent'anni
1002 1265 47 34 fà,

578 1305 158 26 mettivanu
746 1305 63 26 sòlu
820 1306 160 26 diciotfore
996 1309 57 31 per

579 1355 21 17 u
611 1347 110 26 listessu
732 1348 142 35 viagghiu
886 1349 22 30 !)

613 1390 26 25 E
646 1390 129 35 propriu
786 1399 58 17 una
858 1399 145 27 vergogna
1019 1391 33 26 di

579 1432 64 25 vede
654 1433 13 25 i
683 1433 96 26 nostri
793 1433 104 35 povari
918 1433 86 26 Corsi
1012 1448 38 5 —

579 1474 103 33 vecchi,
692 1475 93 26 donne
795 1484 15 17 e
820 1475 130 35 %itélluci
960 1491 38 4 —
1008 1485 43 17 cu-

579 1517 95 25 drassi
682 1518 99 34 sopr’u
798 1519 98 33 ponte,
911 1518 31 26 in
958 1518 92 34 pienu

579 1558 137 34 imbernu,
725 1568 15 17 e
744 1559 38 35 fà
792 1568 19 18 a
828 1562 157 24 tracersata
1003 1569 48 18 cu-

580 1610 44 17 me
635 1602 76 26 tanti
722 1602 156 27 animdli...
888 1596 27 32 È
922 1611 59 17 una
992 1611 60 18 ver-

576 1652 100 27 gagna
684 1644 42 26 chi
726 1653 41 18 un
784 1645 27 26 si
830 1645 65 26 vede
915 1645 31 26 in
964 1645 87 26 nisun

579 1686 168 36 altrupaese
755 1686 16 27 ?
781 1688 52 26 Ma
853 1696 19 17 a
881 1687 127 26 Francia
1019 1688 33 25 di

579 1729 89 26 Moru
677 1739 14 16 e
702 1730 35 25 di
744 1730 161 26 Fraissinet
916 1730 28 26 ci
954 1730 39 26 dà
1005 1732 47 24 stu

578 1772 162 34 spettaculu
754 1773 11 24 !

617 1814 26 26 O
655 1816 104 33 quante
766 1815 184 35 poverejente
956 1815 97 26 ch3ha-

579 1857 176 35 nupigliatu
763 1856 150 28 brunchite
918 1858 135 34 epulmu-

578 1899 58 32 nie,
641 1899 91 35 sopr’i
743 1899 113 27 battelli
865 1900 33 26 di
908 1908 18 18 a
938 1903 115 32 cumpa-

576 1941 76 34 gnia
661 1943 162 33 sanguetta.

616 1982 110 35 Opérai
729 1984 75 25 corsi
816 1984 118 26 trattati
940 1984 113 34 peghiu

580 2024 58 27 ch’i
649 2025 169 35 Senegalesi,
830 2026 223 35 cittatiniepai-

578 2068 67 25 sani
656 2067 48 26 chi
714 2068 118 35 suffrite
845 2068 46 26 du
898 2069 154 26 caru-vive=>

578 2110 41 33 ri,
630 2110 172 26 industriali
812 2119 15 17 e
849 2112 203 26 cummercian-

580 2153 27 25 ti
618 2152 48 27 chi
676 2153 92 26 bedite
774 2162 20 17 u
800 2153 112 35 francu
923 2154 129 26 andassi-

578 2204 45 24 ne,
637 2196 68 34 ogni
711 2195 103 35 jornu,
837 2204 18 18 a
872 2196 161 36 catafasciu
1040 2207 11 22 ;

578 2238 178 34 agricultori
766 2247 15 16 e
787 2239 192 35 çappaghibli
1003 2248 20 18 a
1039 2240 13 25 i

579 2280 82 35 quali
672 2280 159 27 fraissinet
841 2281 144 35 pruibisce
991 2282 61 26 Ves-

578 2323 175 35 porta^ione,
782 2332 40 17 un
839 2325 77 25 avete
938 2324 51 26 che
1012 2332 39 19 un

577 2366 64 25 sblu
651 2366 125 26 rimediu
785 2367 102 25 contru
907 2375 18 17 a
943 2367 107 35 puliti-

579 2416 35 18 ca
632 2408 155 26 disastrosa
806 2408 110 27 cEomu
933 2409 69 35 face
1018 2410 32 25 in

579 2458 65 18 casa
653 2452 109 24 nostra.

614 2493 53 27 Stu
677 2494 126 26 r'imediu
814 2504 15 16 e
844 2494 204 33 ZJAutonomia,

577 2544 17 16 e
606 2536 121 26 Vautono
730 2536 43 26 mi
773 2545 18 17 a
802 2537 31 25 bi
851 2537 74 26 dard
936 2546 10 17 :
965 2546 22 17 u
1007 2537 43 26 be-

577 2580 88 30 nestà,
676 2587 18 16 a
704 2578 120 35 dignità
830 2588 15 16 e
856 2579 14 25 i
875 2579 176 35 portifran-

578 2619 51 27 chi
639 2620 58 26 cioè
702 2629 19 17 a
731 2621 197 35 suppressione
938 2622 47 25 d’a
996 2622 54 25 du-

573 2670 103 27 ganae
692 2671 19 18 a
731 2663 105 27 libertà
855 2664 34 26 di
909 2664 144 36 viagghjà

576 2705 94 35 sopr’à
681 2706 158 34 n3importa
853 2706 50 26 chi
925 2706 108 27 battelu
1039 2708 11 24 !

614 2748 92 32 Corsi,
715 2748 81 26 seboi
803 2749 91 26 vulete
900 2748 38 36 fà
950 2750 64 25 cala
1029 2758 20 17 u

572 2792 107 33 pre^ju
689 2791 47 26 da
758 2791 70 32 vita,
846 2800 30 17 se
890 2791 46 26 boi
958 2792 92 26 vulete

575 2833 316 32 andàinCuntinente,
912 2834 32 25 in
956 2834 93 34 poche

575 2875 143 32 ore,seboi
728 2875 91 25 vulete
824 2874 38 36 fà
875 2884 73 17 cessa
959 2876 89 26 i'nos-

576 2917 45 25 tri
631 2917 81 34 guai,
738 2917 174 26 dumandate
930 2917 14 26 i
961 2918 87 33 porti

569 2955 145 37 franchise
725 2958 195 26 Vautonomia.

668 3001 160 29 Pasqtsale
840 3001 170 25 Manfred!.

625 3082 22 37 U
665 3083 108 36 Teafru
784 3083 30 36 di
830 3083 24 36 Â
866 3082 129 38 MUVKA

601 3164 25 21 A
640 3163 98 22 siconda
755 3163 216 27 rapprisentazione
991 3163 54 21 data

572 3198 27 21 in
611 3197 98 22 Venacu
729 3196 38 22 d’a
782 3197 111 21 valurosa
903 3196 76 22 banda
994 3196 51 22 No-

570 3231 48 22 tini
630 3231 14 22 è
663 3232 67 24 stata,
740 3236 69 16 cume
829 3229 150 23 noTaviamu
994 3230 50 27 pri-

570 3265 96 27 veduta,
681 3271 32 15 un
722 3265 62 21 altru
797 3270 136 19 successu,e
944 3270 32 15 un
989 3270 54 15 suc-

571 3305 71 15 cessu
652 3304 59 16 ancu
725 3297 45 28 più
782 3298 91 28 grande
890 3303 27 15 ca
929 3303 18 15 u
954 3297 87 27 prima.

600 3332 29 22 In
644 3338 29 16 eu
683 3331 104 23 l’istessu
802 3336 153 23 prugramma
965 3331 8 21 i
986 3336 56 16 nos-

568 3367 33 22 tri
612 3366 68 22 bravi
695 3365 80 22 artisti
785 3364 82 22 hannu
877 3364 114 22 riesciutu
1011 3365 32 21 ad

569 3401 80 28 empie
660 3399 116 28 inzzupita
789 3405 47 15 una
844 3399 63 21 bella
918 3398 55 22 sala.

598 3435 83 22 L’altra
698 3433 69 22 volta
788 3439 88 15 avemu
898 3432 56 22 datu
972 3431 69 23 tutt’e

567 3466 161 32 particularité
740 3467 26 21 di
786 3473 16 15 u
824 3472 152 23 prugramma
989 3472 14 15 e
1015 3466 25 22 di

566 3500 98 26 ì’attori.

597 3537 31 22 Ci
639 3536 151 22 cuntintemu
801 3536 37 20 sta
848 3535 68 21 volta
926 3534 24 22 di
962 3533 78 23 félici-

566 3571 25 22 té
604 3570 119 29 quant’elli
733 3576 15 15 a
759 3569 118 22 miretanu
894 3569 8 21 i
914 3568 125 28 guardiani

566 3606 26 21 di
615 3612 14 14 a
651 3605 135 21 litterutura
797 3609 14 15 e
832 3603 24 22 di
864 3602 71 22 l’idea
946 3603 93 21 nustra-

565 3646 41 20 ne,
633 3639 24 22 di
673 3636 116 30 ringrazié
817 3637 189 22 calurosamente
1029 3636 9 21 i

564 3673 85 29 gentili
657 3671 125 23 vinachesi
793 3671 26 22 di
830 3670 209 28 l'incuraggimen-

563 3708 20 22 ti
591 3707 77 23 ch’elli
679 3707 63 21 danu
756 3711 37 16 au
802 3705 89 22 Teatru
900 3704 77 22 Corsu
989 3710 14 14 e
1012 3703 26 21 di

563 3742 25 21 fa
607 3748 60 15 ancu
681 3740 50 26 noi,
753 3745 70 15 cume
833 3738 56 22 tutti
904 3737 71 27 quelli
997 3736 39 22 chi

562 3776 146 25 l’ascoltanu,
721 3780 49 16 una
780 3773 153 22 sciaccamata
942 3777 13 15 a
970 3777 17 14 u
1001 3773 36 19 ta-

563 3810 113 22 lentuosu
683 3807 184 28 Sampetracciu.

1309 811 201 52 Brève
1539 821 273 55 réponse

1193 881 39 44 à
1262 894 126 34 une
1425 884 33 21 44
1482 881 154 51 Note
1663 885 203 52 Brève
1894 888 30 19 59

1105 981 70 27 B.-J.,
1191 981 13 23 é
1221 988 58 17 onze
1290 990 43 15 ans
1351 986 25 20 et
1396 985 71 27 demi,
1487 986 60 22 rédi-

1077 1016 65 26 geait
1152 1022 34 15 un
1195 1016 95 28 journal
1307 1017 33 23 où
1356 1019 19 21 il
1393 1018 58 23 était
1462 1021 50 21 seul
1533 1020 14 22 é

1078 1047 76 23 écrire
1161 1049 43 22 des
1216 1050 101 27 articles,
1329 1051 57 28 qu’il
1402 1052 58 23 était
1475 1054 50 21 seul
1533 1061 14 15 a

1076 1082 52 22 lire.
1142 1082 21 22 Il
1173 1083 36 22 les
1225 1084 95 28 signait,
1339 1091 62 16 nous
1420 1088 125 26 conte-t-il,

1077 1115 55 22 d’un
1143 1122 60 16 nom
1214 1118 41 27 qui
1275 1117 83 23 n’êtait
1374 1126 43 21 pas
1433 1126 76 17 corse.
1526 1121 21 22 Il

1077 1148 38 22 n’a
1128 1156 43 21 pas
1182 1150 76 28 perdu
1269 1153 80 20 toutes
1360 1158 39 16 ses
1413 1152 132 24 habitudes.

1105 1187 20 23 Il
1141 1195 27 15 se
1184 1189 77 27 plaint
1271 1190 149 28 aujourd’hui
1433 1198 47 22 que
1499 1200 13 14 «
1523 1194 24 20 A

1077 1221 87 22 Muvra
1175 1228 15 16 »
1201 1222 58 22 n’ait
1270 1224 72 27 qu’un
1353 1224 125 24 rédacteur
1488 1232 59 22 pour

1076 1255 33 21 lui
1130 1254 130 29 répondre.
1284 1256 22 23 Il
1327 1258 34 22 lui
1379 1259 117 27 reproche
1517 1260 30 22 de

1076 1294 117 21 manquer
1212 1289 159 29 d’arguments
1392 1294 25 20 et
1438 1293 63 21 aussi
1517 1294 30 20 de

1077 1324 141 20 commettre
1227 1323 25 28 je
1263 1330 32 15 ne
1306 1324 48 22 sais
1363 1326 92 27 quelles
1464 1326 83 22 obscu-

1076 1362 38 15 res
1123 1356 173 29 incongruités.

1102 1389 29 27 Je
1142 1396 32 16 ne
1183 1391 49 22 suis
1241 1398 42 21 pas
1294 1392 24 22 le
1326 1391 125 25 rédacteur
1460 1394 86 28 unique

1076 1425 24 19 et
1121 1424 156 27 protéiforme
1299 1426 31 22 de
1349 1433 10 14 «
1380 1427 23 21 A
1420 1428 86 22 Muvra
1523 1435 21 14 ».

1076 1456 62 23 Mais
1149 1458 24 26 je
1184 1459 31 21 lis
1231 1459 188 28 Bastia-Journal
1438 1464 32 24 et,
1489 1468 58 16 avec

1075 1490 173 25 l'autorisation
1266 1494 31 21 de
1317 1494 82 23 Pierre
1417 1495 87 27 Rocca,
1521 1496 25 28 je

1075 1526 115 22 voudrais
1205 1526 52 23 dire
1276 1528 32 21 ici
1321 1534 60 16 mon
1392 1530 100 27 opinion
1508 1536 39 15 sur

1075 1559 23 21 la
1109 1566 14 14 «
1134 1559 66 23 Note
1212 1560 78 23 Brève
1301 1569 13 14 »
1327 1562 30 22 du
1372 1569 27 15 io
1407 1562 73 23 Xbre.

1102 1592 27 28 Je
1138 1600 32 15 ne
1176 1600 41 16 me
1227 1595 117 27 plaindrai
1351 1602 45 22 pas
1406 1597 34 21 du
1448 1597 61 29 style
1518 1597 29 21 de

1077 1626 60 28 B.-J.

1104 1660 25 23 Si
1142 1661 111 29 étranger
1264 1668 47 23 que
1319 1664 27 27 je
1354 1664 50 22 sois
1413 1670 44 22 par
1464 1664 83 22 l'héré-

1077 1694 49 22 dité
1138 1697 25 20 et
1177 1696 24 22 la
1214 1697 122 27 tradition,
1354 1697 14 22 è
1376 1698 23 21 la
1407 1699 87 28 langue
1502 1700 24 20 et
1533 1697 14 23 è

1076 1729 23 21 la
1106 1730 91 21 culture
1205 1730 136 28 françaises,
1349 1731 198 29 l’enseignement

1077 1763 109 23 artificiel
1201 1765 41 27 qui
1261 1764 48 22 m’a
1326 1764 39 23 été
1383 1765 83 29 infligé
1488 1772 59 22 pour

1077 1797 134 27 apprendre
1217 1798 23 22 la
1248 1800 102 27 syntaxe
1357 1801 25 20 et
1392 1800 23 22 la
1422 1800 125 28 grammai-

1077 1836 26 16 re
1122 1831 44 21 des
1185 1838 15 15 «
1210 1838 61 22 gens
1287 1833 59 22 d'oil
1356 1840 22 20 »,
1402 1840 40 16 me
1456 1836 92 26 permet

1077 1864 142 23 néanmoins
1243 1866 153 29 d’apprécier,
1416 1868 30 22 de
1464 1868 83 28 goûter

1077 1900 63 20 cette
1151 1900 94 22 aisance
1262 1903 26 19 et
1307 1903 62 20 cette
1390 1901 112 29 élégance
1517 1902 29 21 de

1076 1933 52 21 vrai
1138 1933 101 29 français
1249 1933 106 23 écrivant
1363 1936 60 21 dans
1431 1942 26 15 sa
1462 1936 85 28 langue

1077 1968 176 26 maternelle.Je
1259 1969 121 27 proclame
1389 1975 56 16 sans
1452 1969 94 22 détours

1077 2006 26 15 sa
1111 2000 145 28 supériorité
1268 2002 79 26 quand
1355 2003 27 27 je
1390 2008 112 22 compare
1508 2009 39 15 ma

1076 2039 73 22 prose
1155 2034 134 22 laborieuse
1296 2036 30 21 de
1331 2036 128 22 naturalisé
1467 2036 14 22 à
1489 2037 58 21 celle

1077 2067 30 21 de
1118 2073 29 15 ce
1157 2068 135 28 vainqueur
1301 2069 65 23 deux
1377 2070 47 22 fois
1438 2070 106 29 français.

1104 2107 63 22 Mais
1178 2114 63 21 pour
1250 2109 36 21 les
1298 2112 145 26 arguments,
1454 2110 25 28 je
1493 2116 53 16 con-

1077 2147 54 16 sens
1146 2140 14 23 à
1171 2142 101 22 devenir
1282 2143 66 22 franc
1356 2144 103 22 comtois
1470 2150 32 16 ou
1511 2144 36 25 pi-

1152 2175 6 7 ,
1482 2168 10 8 N
1513 2164 8 7 A

1077 2177 62 24 card,
1149 2182 14 15 a
1172 2182 81 17 renier
1262 2183 58 16 mon
1329 2183 65 22 pere,
1407 2184 58 16 mon
1473 2178 73 29 grand

1075 2209 58 28 père
1145 2211 25 20 et
1180 2212 55 20 tous
1247 2217 61 16 ceux
1319 2211 60 23 dont
1394 2212 26 27 je
1438 2212 49 22 suis
1506 2212 38 26 né,

1076 2244 36 21 s'il
1120 2243 52 23 s’en
1184 2244 121 23 découvre
1311 2246 25 21 le
1347 2248 70 26 quart
1424 2246 56 22 d’un
1489 2246 57 22 dans

1075 2277 99 23 l’article
1184 2278 152 29 dédaigneux
1353 2281 25 20 et
1393 2280 97 22 railleur
1501 2286 45 22 que

1073 2311 26 28 je
1111 2312 32 22 lis
1154 2311 14 23 à
1179 2313 23 21 la
1213 2313 118 27 première
1340 2313 32 22 du
1385 2320 11 14 «
1403 2313 74 23 'Tout
1487 2320 60 21 pour

1075 2346 23 21 la
1110 2345 77 23 Corse
1195 2352 15 16 »
1221 2346 30 29 (?)
1264 2347 32 21 du
1310 2353 27 16 io
1345 2347 134 23 décembre.

1103 2380 121 22 Peut-être
1241 2387 31 15 en
1283 2382 163 22 trouvera-t-il
1456 2388 33 15 un
1506 2382 39 27 qui

1074 2415 73 21 vaille
1156 2414 59 22 dans
1226 2415 23 21 le
1260 2414 44 23 fait
1320 2421 46 21 que
1376 2416 26 27 je
1417 2414 128 23 m’évertue

1075 2447 14 23 à
1101 2454 55 16 user
1164 2454 50 16 non
1222 2455 43 21 pas
1272 2449 31 21 de
1313 2455 40 16 ma
1363 2450 88 28 langue
1461 2452 85 19 mater-

1075 2483 64 21 nelle
1147 2483 61 21 mais
1220 2483 29 21 de
1258 2483 60 22 celle
1329 2484 41 27 qui
1382 2483 46 23 m’a
1449 2483 38 22 été
1501 2483 44 22 im-

1075 2516 82 28 posée,
1170 2516 15 22 à
1197 2517 76 22 Ponte
1283 2516 80 28 Novo,
1382 2518 36 21 les
1435 2523 77 17 armes
1531 2517 13 22 à

1074 2551 23 21 la
1115 2552 75 25 main,
1213 2557 31 16 en
1264 2553 98 20 versant
1379 2552 24 21 le
1422 2557 61 22 sang
1504 2551 40 22 des

1074 2585 87 21 miens.
1174 2585 202 22 Assimilation...!

1103 2619 115 21 Pourtant
1235 2625 42 16 sur
1296 2625 27 15 ce
1346 2620 63 27 sujet
1427 2619 66 28 plein
1514 2619 30 21 de

1075 2652 112 22 douleurs
1199 2654 25 20 et
1234 2653 31 21 de
1272 2654 99 27 regrets,
1382 2653 27 22 B.
1416 2653 21 27 J.
1446 2659 40 16 me
1493 2659 50 21 per-

1074 2688 86 20 mettra
1172 2687 30 21 de
1224 2692 32 16 ne
1278 2692 42 22 pas
1338 2686 131 23 m’étendre
1488 2688 24 20 et
1526 2687 17 21 il

1073 2720 93 22 voudra
1173 2720 57 23 bien
1237 2726 40 17 me
1288 2721 45 21 lire
1344 2726 55 16 sans
1410 2721 60 21 tirer
1480 2719 63 23 d’ex-

1074 2754 83 22 cessifs
1168 2756 129 26 avantages
1317 2754 31 22 de
1359 2761 27 15 sa
1393 2754 85 22 double
1490 2760 50 21 qua-

1073 2788 41 22 lité
1126 2789 31 21 de
1166 2788 147 29 conquérant
1332 2790 24 20 et
1371 2787 130 23 d’écrivain
1513 2788 29 21 de

1073 2828 61 16 race.

1101 2856 40 21 Au
1152 2856 95 27 surplus
1261 2856 18 21 il
1285 2855 42 28 n’y
1335 2862 14 15 a
1358 2854 24 22 là
1400 2854 73 28 qu’un
1490 2853 51 23 côté

1072 2889 30 21 de
1113 2889 24 21 la
1148 2890 111 26 question
1270 2895 7 16 ;
1291 2888 41 22 Un
1343 2888 71 22 débat
1424 2887 57 22 s'est
1494 2888 48 20 ins-

1071 2921 60 22 titué
1140 2928 29 15 en
1184 2921 75 23 Corse
1267 2934 32 6 —
1303 2921 81 29 (débat
1394 2921 86 27 auquel
1487 2920 54 22 Bas-

1071 2955 140 26 tia-Journal
1218 2956 124 20 lui-même
1358 2954 39 22 n’a
1413 2960 43 22 pas
1473 2954 67 27 rougi

1072 2988 29 22 de
1113 2994 27 15 se
1148 2989 82 25 mêler,
1242 2990 52 20 tant
1302 2988 17 22 il
1328 2986 164 30 s’impose),—
1502 2993 40 16 sur

1071 3022 23 21 le
1102 3022 66 21 droit
1179 3021 53 28 qu’à
1240 3024 70 20 notre
1318 3022 88 27 peuple
1412 3020 129 28 d’évoquer

1071 3060 44 16 son
1123 3054 109 26 histoire,
1245 3061 39 15 ses
1296 3054 133 25 traditions,
1437 3060 38 15 ses
1481 3054 60 28 gloi-

1070 3094 45 19 res,
1126 3088 31 21 de
1165 3088 59 22 faire
1236 3088 97 22 revivre
1344 3094 26 15 sa
1387 3087 87 28 langue
1486 3088 24 21 et
1514 3093 26 15 sa

1069 3121 170 29 personnalité,
1265 3128 30 15 en
1315 3127 93 16 somme
1423 3122 53 20 tout
1495 3126 44 16 son

1070 3157 58 24 être,
1146 3155 86 28 qu’une
1250 3155 117 27 politique
1390 3154 146 26 ambitieuse,

1070 3188 161 29 impérialiste,
1242 3195 14 15 a
1267 3187 110 29 opprimé
1388 3194 44 21 par
1444 3188 24 21 la
1487 3187 52 21 vio-

1068 3223 69 21 lence
1146 3224 25 20 et
1182 3222 71 28 qu’on
1259 3223 66 21 tente
1345 3220 131 22 d’anéantir
1498 3227 41 21 par

1068 3256 176 23 d’intolérables
1257 3255 183 22 machinations.

1096 3290 35 22 Ce
1143 3289 72 23 débat
1224 3289 155 27 dramatique,
1392 3290 26 20 et
1439 3288 59 22 dont
1515 3288 23 21 la

1067 3330 97 16 rumeur
1173 3322 81 23 s’enfle
1263 3322 91 28 chaque
1370 3322 55 27 jour
1434 3328 32 15 ne
1487 3327 50 16 sera

1067 3364 41 22 pas
1119 3357 82 23 résolu
1219 3363 44 22 par
1278 3357 36 21 les
1332 3356 152 22 conclusions
1497 3354 40 29 pé-

1066 3392 142 28 remptoires
1228 3397 33 16 ou
1275 3388 157 29 impérieuses
1445 3389 29 22 de
1491 3388 26 22 B.
1526 3400 10 4 -

1065 3426 21 28 J.
1099 3426 21 22 Il
1130 3427 60 27 peut
1199 3425 62 22 m’en
1268 3424 85 22 croire.

1093 3459 158 28 Répétons-le
1263 3463 62 23 pour
1341 3456 192 28 Bastia-Journal.

1066 3493 62 23 Tout
1136 3493 69 23 arbre
1217 3499 26 15 se
1252 3492 58 28 juge
1318 3490 15 22 à
1341 3496 39 16 ses
1391 3490 77 22 fruits.
1476 3489 59 23 Voi-

1065 3528 30 26 ci,
1110 3530 69 19 entre
1189 3529 52 20 tant
1249 3526 108 24 d'autres,
1368 3524 65 22 deux
1444 3525 91 21 consta-

1064 3562 88 22 tations
1163 3561 41 28 qui
1216 3567 31 15 ne
1259 3560 83 21 seront
1349 3564 43 22 pas
1408 3557 124 23 discutées.

1091 3595 80 28 Après
1186 3594 38 29 156
1233 3600 43 16 ans
1283 3593 30 21 de
1318 3592 39 21 vie
1362 3594 131 19 commTune
1499 3590 32 30 (/),

1064 3630 161 22 vantera-t-on
1232 3629 36 21 les
1277 3625 113 23 bienfaits
1409 3626 31 21 de
1459 3625 74 21 l’assi-

1063 3664 109 22 milation
1180 3661 116 29 française
1311 3659 58 21 dans
1381 3660 23 21 le
1423 3659 110 22 domaine

1063 3696 166 27 économique,
1239 3695 63 21 alors
1310 3698 46 22 que
1372 3693 24 21 la
1412 3692 63 28 plaie
1496 3692 36 21 hi-

1063 3731 80 24 deuse,
1155 3730 24 21 la
1187 3728 63 28 plaie
1262 3726 111 22 mortelle
1379 3726 31 21 de
1416 3725 124 27 l’émigra-'

1063 3764 50 22 tion
1123 3769 78 21 ronge
1212 3759 149 30 aujourd’hui
1372 3761 71 20 notre
1451 3764 60 20 race,
1518 3757 14 22 à

1063 3804 27 15 ce
1097 3797 71 28 point
1174 3802 47 21 que
1229 3795 42 21 nul
1279 3793 59 28 père
1346 3793 30 21 de
1385 3792 88 22 famille
1481 3797 50 16 cor-

1560 990 2 28 I
1572 994 27 15 se
1611 995 31 15 ne
1652 992 58 25 peut
1721 991 97 28 espérer
1827 994 129 22 maintenir
1964 1001 30 15 au
2008 995 37 22 fo-

1571 1028 52 21 yer,
1634 1028 40 16 sur
1684 1024 23 21 la
1717 1025 64 21 terre
1791 1027 87 25 natale,
1895 1034 32 15 un
1944 1029 53 21 seul
2015 1029 30 21 de

1572 1060 40 16 ses
1617 1056 100 27 enfants,
1725 1058 25 22 ni
1760 1059 78 22 même
1845 1060 74 27 hélas,
1923 1062 23 20 le
1951 1062 94 21 souhai-

1571 1090 39 20 ter
1619 1090 14 23 ?
1645 1089 65 23 Dans
1722 1094 55 20 tous
1789 1093 35 21 les
1835 1100 61 22 pays
1914 1094 14 22 à
1948 1095 98 22 natalité

1571 1122 87 22 vivace
1667 1126 109 26 et,saine,
1790 1126 58 22 c'est
1864 1128 24 21 le
1904 1130 54 26 trop
1970 1129 74 27 plein,

1572 1156 23 20 le
1607 1157 79 21 moins
1698 1158 49 22 bon
1762 1161 141 27 contingent
1914 1162 38 27 qui
1974 1162 72 22 aban-

1572 1189 82 22 donne
1672 1191 23 21 la
1712 1191 86 23 Patrie.
1818 1194 43 26 Ici,
1881 1201 27 15 ce
1933 1197 56 20 sont
2010 1197 35 21 les

1571 1223 123 22 meilleurs
1706 1226 42 26 qui
1756 1228 96 25 partent
1861 1228 37 21 les
1920 1230 123 26 premiers,

1572 1261 60 16 avec
1642 1263 33 15 un
1686 1257 94 24 funeste
1801 1265 196 23 empressement.
2018 1264 28 21 Et

1573 1290 41 26 qui
1627 1289 134 24 s’étonnera
1775 1298 46 22 que
1836 1296 70 20 notre
1924 1296 119 27 jeunesse,

1572 1322 59 22 dont
1641 1324 35 21 les
1684 1325 92 27 projets
1796 1326 109 24 d’avenir
1924 1331 42 20 ont
1983 1336 63 21 pour

1572 1357 125 23 condition
1719 1359 119 27 préalable
1854 1361 75 28 Yexil,
1953 1363 93 23 frémis-

1572 1396 27 16 se
1612 1392 24 20 et
1647 1392 117 30 s’insurge
1775 1397 83 19 contre
1867 1402 48 16 une
1935 1398 18 21 si
1967 1397 78 23 détes-

1571 1424 65 22 table
1648 1425 125 24 nécessité.

1602 1458 32 22 Le
1642 1460 47 21 mal
1711 1460 124 30 s’aggrave
1847 1462 14 23 à
1883 1465 53 21 tout
1946 1465 97 23 instant.

1573 1492 63 22 Mais
1649 1494 17 21 il
1677 1496 37 20 est
1722 1501 87 17 encore
1829 1503 49 21 peu
1898 1498 33 22 de-
1939 1499 74 23 chose
2031 1500 14 22 à

1573 1525 55 23 côté
1639 1527 31 21 du
1676 1527 106 24 désarroi
1791 1532 77 21 moral
1884 1531 32 23 où
1928 1539 26 15 se
1974 1533 72 23 débat

1571 1560 24 20 la
1606 1562 140 26 population
1758 1564 41 26 qui
1822 1565 120 23 demeure.
1955 1567 29 22 Et
1993 1568 53 21 voi-

1572 1594 22 21 ci
1609 1600 41 16 ma
1665 1595 126 23 deuxième
1809 1600 167 22 constatation.
2001 1601 44 22 Les

1572 1629 99 27 peuples
1678 1630 36 21 les
1725 1631 55 27 plus
1790 1631 127 24 farouches
1936 1634 30 22 de
1986 1635 59 21 l’Eu-

1572 1667 61 22 rope
1638 1664 153 23 connaissent
1796 1666 150 28 aujourd’hui
1956 1669 24 21 la
1988 1669 58 27 paix

1572 1695 74 22 civile
1657 1698 24 20 et
1691 1697 36 21 les
1742 1698 111 24 bienfaits
1862 1700 43 22 des
1916 1701 46 22 lois
1979 1708 66 23 sage-

1571 1731 69 20 ment
1650 1730 154 28 préventives
1815 1736 85 20 contre
1910 1735 23 21 la
1951 1736 95 22 violen-

1572 1768 29 16 ce
1610 1765 25 19 et
1645 1764 121 23 l'effusion
1777 1766 31 22 du
1819 1773 69 23 sang.
1900 1768 35 22 Ici
1944 1775 57 16 sous
2012 1776 33 16 un

1572 1795 92 29 régime
1698 1798 166 31 d’indulgence
1900 1802 145 29 méprisante

1571 1831 55 21 tout
1639 1832 23 20 le
1667 1833 90 21 monde
1768 1837 38 19 est
1816 1835 74 28 armé,
1909 1837 65 22 armé
1984 1844 63 21 pour

1572 1865 55 21 tuer
1637 1871 44 16 son
1692 1866 71 23 frère.
1776 1868 28 22 Et
1814 1874 48 22 que
1867 1876 62 16 nous
1940 1877 105 16 sommes

1571 1898 53 22 loin
1633 1899 29 21 de
1670 1902 62 20 cette
1738 1901 128 31 Giusti^ia
1870 1904 110 22 Paolina
1987 1904 59 23 dont

1571 1938 35 15 un
1614 1932 57 22 haut
1678 1935 125 28 magistrat
1810 1936 110 29 français,
1931 1938 58 22 dans
1997 1946 49 14 une

1572 1966 115 22 audience
1699 1969 139 28 solennelle,
1854 1970 121 29 évoquait,
1990 1973 56 22 l’au-

1571 2000 39 21 tre
1615 2000 62 27 jour,
1690 2002 24 21 le
1726 2004 115 22 souvenir
1848 2005 158 27 majestueux.

1601 2033 63 23 Mais
1682 2035 63 27 B.-J.
1755 2039 37 20 est
1808 2038 109 22 satisfait.
1929 2039 60 28 B.-J.
2008 2046 38 16 es-

1571 2067 60 22 time
1643 2074 46 22 que
1702 2069 54 29 1769
1763 2077 99 22 marque
1884 2079 48 16 une
1950 2074 41 22 ère
2015 2075 30 21 de

1571 2101 110 23 bonheur
1693 2105 24 20 et
1736 2104 31 22 de
1784 2106 133 28 prospérité
1941 2114 61 22 pour
2021 2109 24 21 la

1572 2134 78 23 Corse
1662 2136 6 21 !

1601 2170 36 21 Ce
1649 2170 109 29 Français
1769 2179 66 16 aune
1853 2174 62 22 belle
1926 2176 75 22 santé.

1945 2221 29 21 B.
1988 2221 26 22 G.

1672 2327 15 25 1
1695 2328 128 26 Prefetti
1835 2329 55 25 d’a
1907 2329 138 27 Corsica

1627 2407 48 37 M
1699 2408 175 38 CÂMBIÂNÜ
1893 2410 95 37 MAL.

1600 2493 11 14 «
1625 2486 33 22 Le
1668 2493 107 17 nouveau
1786 2488 75 29 préfet
1884 2489 28 22 de
1928 2490 22 21 la
1971 2490 73 22 Corse

1570 2522 45 25 est,
1628 2520 81 28 dit-on,
1722 2528 33 15 un
1772 2522 94 22 homme
1887 2522 46 23 fort
1944 2523 99 23 honora-

1569 2553 48 23 ble.
1630 2554 20 22 Il
1661 2555 76 22 arrive
1761 2562 55 16 avec
1826 2556 36 22 les
1875 2557 118 22 meilleurs
2007 2557 34 22 in-

1570 2588 137 22 tentions....
1726 2588 60 23 Mais
1805 2589 35 22 les
1859 2590 88 22 bonnes
1967 2591 76 22 inten-

1570 2621 62 21 tions
1651 2628 29 15 ne
1691 2621 108 23 suffisent
1815 2623 75 29 point.
1902 2623 85 23 Lisons
2007 2624 35 22 les

1568 2654 182 30 proclamations
1768 2659 23 19 et
1810 2656 36 23 les
1862 2656 107 24 discours
1989 2665 52 22 pro-

1569 2690 87 20 noncés
1667 2689 172 23 annuellement
1851 2690 85 23 devant
1950 2691 23 22 le
1985 2698 57 15 con-

1568 2722 44 22 seil
1624 2723 95 28 général
1728 2723 7 21 !
1745 2722 63 23 Tous
1820 2724 36 22 les
1864 2724 87 29 préfets
1959 2725 82 29 depuis

1568 2755 162 23 Sainl-Genest
1741 2756 89 30 jusqu’à
1842 2758 33 21 M.
1892 2758 88 22 Aubert
2000 2761 41 20 ont

1567 2789 58 29 pris,
1638 2791 14 20 à
1660 2789 29 24 lia
1707 2789 52 23 face
1781 2790 33 22 du
1829 2798 60 22 pays
1911 2794 24 20 et
1953 2792 30 22 de
2002 2795 38 19 sès

1568 2822 174 27 mandataires,-
1758 2823 34 22 les
1811 2828 166 26 engagements
2005 2826 35 22 les

1567 2855 54 29 plus
1629 2856 118 22 solennels
1759 2857 28 21 de
1799 2858 120 22 travailler
1935 2866 56 16 avec
2003 2866 37 16 ar-

1567 2889 66 27 deur,
1647 2896 56 15 avec
1719 2893 168 25 persévérance
1908 2894 15 20 à
1944 2893 96 22 l’oeuvre

1566 2922 30 22 de
1632 2925 67 19 notre
1736 2923 132 24 bonheur...
1905 2925 135 30 Cependant

1566 2956 118 28 qu’ont-iis
1696 2957 42 21 fait
1749 2964 59 22 pour
1819 2958 115 23 favoriser
1951 2960 88 22 l’avan-

1565 2991 93 19 cement
1674 2989 32 22 du
1725 2997 58 22 pays
1794 2991 59 22 dans
1870 2992 35 22 les
1918 2993 65 23 voies
2007 2994 31 22 du

1565 3022 115 29 progrès?
1691 3023 95 27 Quelles
1794 3028 55 18 sont
1856 3025 36 23 les
1898 3029 77 20 routes
1981 3034 57 16 nou-

1564 3056 75 22 velles
1647 3058 12 20 ?
1681 3056 95 28 Quelles
1798 3061 55 19 &ont
1872 3060 34 22 les
1918 3061 119 23 améliora-

1565 3089 63 22 tions
1639 3089 159 29 importantes,
1811 3092 35 22 les
1858 3100 113 23 ouvrages
1988 3095 50 22 d’u-

1564 3122 61 22 tilité
1640 3123 111 29 publique
1762 3125 39 29 qui
1821 3127 141 29 témoignent
1974 3128 30 22 de
2014 3128 23 22 la

1564 3156 105 28 capacité
1677 3157 30 22 de
1715 3158 205 24 l’administrateur
1927 3164 23 19 et
1960 3161 30 23 de
1999 3169 38 16 ses

1564 3190 143 28 sympathies
1716 3198 60 22 pour
1787 3192 23 23 la
1822 3192 117 25 Corse?...
1951 3203 12 14 »

1785 3229 96 27 Ar-rigo
1895 3231 112 27 Arrighi.

1564 3271 85 25 {UEre
1660 3272 128 29 Nouvelle,
1801 3275 20 21 1*
1835 3275 86 23 février
1933 3276 64 31 1849)

1591 3355 38 22 Un
1644 3356 33 22 c’è
1688 3357 65 22 nulla
1765 3358 23 21 di
1797 3359 125 28 cambiatu,
1936 3368 13 14 e
1963 3362 9 22 i
1984 3369 51 21 pre-

1564 3388 50 23 felti
1625 3389 38 22 chi
1677 3390 93 23 benenu
1778 3392 24 22 in
1813 3392 96 24 Corsica
1920 3396 27 20 sò
1959 3395 8 22 i
1981 3402 54 16 nos-

1564 3423 27 21 tri
1603 3423 86 29 peghiu
1700 3425 109 22 nemichi.

1589 3456 39 22 Un
1642 3456 62 23 femu
1715 3458 70 22 nisun
1796 3464 132 19 commentu
1948 3463 86 28 perché

1564 3490 168 29 im’esperienza
1745 3491 23 22 di
1780 3496 69 19 centu
1860 3494 125 30 cinquanta
1997 3497 35 22 sei

1564 3523 52 22 mni
1630 3524 23 22 ci
1666 3531 31 15 ne
1712 3524 102 24 furnisce
1826 3534 14 14 a
1852 3529 80 27 prèva.

1588 3557 67 22 Corsi
1665 3559 6 20 !
1687 3558 30 22 Se
1738 3558 39 22 boi
1792 3560 78 22 vulete
1886 3561 54 23 boni
1951 3564 81 22 ammi-

1564 3591 121 26 listratori,
1704 3592 141 24 dumandate
1859 3595 155 24 I'Autonomia
2024 3598 7 21 !

1586 3624 170 23 Dumandatela
1768 3627 97 28 parchi,.
1875 3628 23 22 di
1920 3636 69 16 menu
2007 3631 24 21 in

1564 3664 71 20 nenu,
1649 3665 14 14 u
1674 3665 106 21 guvernu
1795 3660 21 22 si
1833 3664 88 20 mostra
1936 3662 95 23 difficile

1564 3698 22 14 îe
1598 3699 13 14 a
1624 3698 27 15 so
1662 3691 82 22 scella.

1584 3724 23 22 U
1619 3725 50 28 sgiô
1678 3724 79 23 Leone
1771 3726 92 22 Daudet
1883 3727 57 23 deve
1956 3732 73 25 pensà

1564 3764 60 15 :ume
1635 3758 85 22 noi?...

1926 3795 25 22 S.
1962 3796 37 22 M.

2069 820 151 24 Litteratura

2093 898 79 49 Dus
2195 900 134 51 Puêiie
2351 905 171 52 Ëumem

2097 1025 21 22 A
2130 1025 129 25 litteratura
2272 1029 105 25 francese
2393 1041 31 15 un
2436 1037 14 20 è
2470 1038 74 22 micca

2070 1058 51 22 sòla
2141 1063 101 20 maestra
2261 1062 23 22 di
2297 1071 14 14 u
2324 1067 94 22 mondu.
2430 1068 65 24 Eccu
2507 1072 35 22 cio

2071 1091 84 24 ch’ellu
2175 1094 21 21 ci
2216 1095 77 23 volera
2306 1097 24 22 di
2341 1105 14 16 e
2367 1107 14 15 a
2396 1102 83 28 ripete,
2490 1112 53 21 pos-

2071 1127 23 19 ta
2104 1126 83 22 ch’una
2197 1134 80 17 mansa
2289 1131 149 26 d’incrocculi
2447 1138 28 20 sò
2484 1144 59 17 sem-

2071 1165 40 22 pre
2132 1161 76 27 pronti
2220 1169 13 14 a
2246 1167 72 25 pruvà
2330 1173 14 14 u
2357 1170 129 23 cuntrariu.

2099 1192 60 30 Ogni
2174 1195 86 29 pòpulu
2270 1197 30 22 ha
2311 1202 92 21 avutua
2412 1209 28 15 so
2452 1203 90 25 littera-

2072 1227 50 21 tura
2135 1229 101 27 propria,
2255 1230 24 22 in
2288 1234 84 22 sirettu
2385 1240 113 25 rapportu
2507 1240 35 22 c’u

2070 1260 70 27 geniu
2156 1261 23 21 di
2194 1268 14 15 a
2221 1270 67 16 razza
2300 1272 13 14 e
2325 1266 23 22 di
2360 1274 13 15 a
2386 1268 89 30 lingua.
2493 1272 49 23 Una

2071 1292 129 25 litteratura
2210 1296 189 31 d’importazione
2408 1305 32 26 pò
2451 1305 91 23 suddis-

2071 1325 23 22 fà
2106 1326 53 23 fin’a
2176 1335 31 15 un
2219 1333 65 20 certu
2298 1336 74 25 puntu
2383 1335 8 21 i
2403 1336 95 31 bisogni
2509 1340 33 22 in-

2071 1359 121 24 tellettuali
2204 1363 25 22 di
2241 1371 29 15 un
2286 1367 95 29 pòpulu;
2389 1371 31 27 pò
2432 1378 54 16 esse
2494 1374 49 22 cul-

2071 1395 71 21 tivata
2162 1402 28 16 eu
2199 1397 141 27 abbastanza
2363 1409 113 19 successu
2488 1407 29 23 da
2527 1416 15 15 u

2070 1428 87 28 populu
2164 1430 131 25 mduv’ell’è
2303 1436 191 27 stat’inlrodotta.
2504 1442 38 23 Ma

2070 1467 21 15 si
2119 1461 93 25 firmarà
2241 1470 150 29 quantunque
2412 1472 130 27 litteratura

2071 1494 195 30 d’importazione.
2280 1501 19 22 E
2311 1507 84 25 questu
2413 1508 14 20 è
2438 1513 104 25 appuntu
2571 1510 4 6 '

2071 1535 15 14 u
2097 1536 57 16 easu
2173 1531 24 22 di
2209 1540 14 14 a
2236 1533 130 27 litteratura
2387 1539 109 26 francese
2518 1545 24 22 in

2071 1562 102 24 Corsica.

2098 1596 166 31 Proseguendu
2273 1609 13 15 a
2295 1606 148 30 nostr’opera
2455 1610 25 22 di
2490 1618 53 22 pro-

2070 1631 106 28 paganda
2201 1633 24 22 in
2245 1637 80 23 favore
2344 1639 24 22 di
2380 1647 14 15 e
2413 1642 130 27 littérature

2072 1667 98 20 irustere
2176 1666 59 24 altre
2247 1676 28 15 ca
2282 1677 13 15 a
2304 1671 113 32 francese,
2429 1677 35 22 c’è
2472 1686 71 21 parsu

2070 1704 15 15 a
2104 1701 122 27 prupositu
2236 1702 24 22 di
2272 1704 29 22 dà
2310 1706 70 29 oghie
2386 1716 14 15 a
2409 1711 135 25 traduzione

2071 1733 24 20 di
2114 1733 46 21 due
2170 1736 82 26 puesie
2265 1744 102 19 rumene.
2381 1742 162 28 Ghiuvendusi

2071 1764 24 23 di
2107 1773 14 15 u
2134 1768 61 22 testu
2204 1770 122 30 originale,
2337 1776 55 22 òmu
2412 1779 83 24 vidarà
2506 1782 37 22 chi

2072 1801 34 21 tra
2118 1800 99 24 Rumeni
2226 1810 13 15 e
2249 1804 66 25 Corsi
2327 1809 35 21 c’è
2374 1817 45 17 una
2432 1817 64 20 certa
2504 1823 40 15 su-

2071 1833 130 31 imghenza,
2224 1837 87 25 duvuta
2330 1849 46 16 non
2393 1846 53 22 sôlu
2459 1849 84 23 a’eum-

2071 1870 88 20 mumtà
2166 1869 24 22 di
2201 1870 114 31 Sterpa—
2327 1882 13 16 a
2348 1880 79 28 slerpa
2437 1881 106 25 iatina—

2071 1907 38 15 ma
2120 1908 59 16 ancu
2197 1904 163 29 a’cummanità
2380 1912 163 31 d’ispirazione

2070 1937 99 26 poetica.
2352 1958 9 5 ^
2430 1949 6 3 -

2299 1988 13 18 ï

2161 2021 52 20 Zori
2222 2024 28 19 de
2261 2026 53 20 zina
2324 2033 25 14 se
2358 2035 95 17 revarsa

2179 2056 57 16 Puema
2243 2058 17 15 di
2270 2060 68 17 Costachi
2346 2063 59 17 Konaki
2412 2067 21 19 (i)

2095 2115 53 21 Zori
2156 2117 29 21 de
2193 2118 51 22 zina
2260 2128 25 14 se
2293 2130 91 16 revarsa

2095 2144 24 19 Si
2128 2145 51 21 ochî
2191 2154 56 15 anca
2264 2158 60 15 nam
2332 2154 82 27 închis,

2095 2172 58 21 Cum
2165 2175 42 20 sa-i
2215 2176 84 28 inchid,
2312 2184 57 20 cand
2386 2185 21 20 ei
2417 2193 66 15 varsa

2096 2207 72 16 rarae
2179 2204 29 20 de
2215 2204 38 22 foc
2269 2209 77 25 aprins
2354 2212 36 21 ?...

2094 2228 37 21 Me
2149 2231 52 25 vait,
2217 2235 57 25 strig
2289 2244 28 14 eu
2325 2241 123 27 suspinuri,

2095 2260 46 17 Oar
2149 2265 31 14 nu
2192 2267 80 18 gasesa
2279 2265 96 25 ajutoriu
2388 2277 9 17 ;

2095 2286 32 19 Ce
2139 2291 40 20 pot
2191 2289 94 27 lacrimi,
2303 2300 26 15 ce
2341 2300 40 20 pot
2393 2299 97 27 chinuri,

2095 2316 64 19 Cand
2171 2316 110 24 durerea-î
2295 2322 166 28 deamoriu?...

2093 2344 36 18 Ah
2145 2349 86 17 moarte
2240 2347 6 20 !
2262 2352 74 20 numai
2349 2353 23 20 la
2384 2355 48 22 tihe

2094 2373 110 23 Scaparea
2215 2382 50 14 mea
2282 2383 66 20 poate
2364 2382 24 20 fi.

2095 2397 46 21 Dar
2155 2400 21 20 la
2193 2408 70 16 necaz
2276 2412 99 18 meartea
2384 2411 53 22 vine
2445 2414 13 20 ?

2094 2429 24 17 Si
2127 2430 61 19 omul
2206 2436 67 19 poate
2289 2437 58 20 mûri
2357 2438 13 20 ?

2094 2454 115 29 Repizi-te,
2218 2459 66 23 dulce
2297 2470 52 15 raza

2095 2482 42 21 Dm
2153 2485 37 21 doi
2204 2488 50 20 ochi
2267 2494 139 23 mangaitori.

2093 2513 24 17 Si
2134 2519 53 15 VIno
2195 2516 28 20 de
2233 2517 97 24 invicaza

2094 2539 31 20 Pe
2133 2541 38 20 ait!
2188 2543 46 25 doi,
2243 2552 46 16 ce-s
2297 2551 102 22 muritori
2409 2553 6 14 »

2093 2569 109 22 Aceasta-i
2210 2578 13 14 a
2233 2577 20 16 ta
2264 2581 83 20 putere,

2093 2596 95 23 Acesta-i
2197 2600 63 22 darul
2271 2606 41 19 ce-I
2320 2607 29 23 ai,

2093 2623 31 21 Ca
2142 2628 76 20 numai
2233 2631 93 23 printrb
2341 2637 83 22 vedere

2095 2655 60 19 Viata
2171 2662 27 13 iei
2208 2657 19 20 si
2243 2659 58 22 viata
2314 2663 44 21 dai.

2093 2680 94 34 bjecazul
2206 2692 51 14 meu
2271 2694 47 16 este
2326 2698 69 19 mare,

2093 2710 50 20 Este
2162 2717 46 18 reu,
2227 2719 48 17 este
2291 2721 92 24 cumplit

2092 2738 23 19 Si
2125 2744 41 15 sa-i
2176 2742 80 21 vmdee
2273 2751 29 14 nu
2318 2753 35 15 am
2363 2754 67 20 stare,

2091 2769 32 16 Ca
2138 2770 24 17 tu
2172 2769 37 20 I-îii
2225 2771 112 25 pricinuit.

2092 2793 45 21 Dar
2152 2800 91 20 puterea
2261 2802 37 20 ta-i
2315 2805 42 20 mai
2370 2813 69 19 mare,

2091 2825 24 16 Si
2132 2825 44 19 de-i
2192 2832 39 14 vre
2245 2827 73 23 indata
2327 2833 55 24 poti,

2090 2850 79 21 Numai
2183 2859 33 15 co
2240 2857 144 25 imbratosare

2090 2878 43 20 Dm
2143 2879 58 22 focu!
2219 2882 31 21 lui
2259 2891 24 14 sa
2299 2893 35 15 ma
2355 2891 65 21 scoti.

2226 2928 34 22 Tr
2261 2930 123 30 adu^ione

2148 2965 81 25 Quand
2236 2969 116 24 ellafiacca
2371 2974 65 23 l'alba

2401 2997 9 8 /
2439 2992 5 6 *

2089 3008 58 21 Eccu
2161 3011 36 21 chi
2210 3013 17 20 ti
2245 3015 94 23 n’arriva
2357 3020 75 27 l'alba,

2089 3050 18 6 -
2112 3038 121 27 unn’aghiu
2244 3045 81 20 ancòra
2330 3046 72 23 chiusi
2408 3050 90 28 l'occhî,

2088 3067 72 19 Cume
2170 3074 6 13 1
2183 3068 187 30 chmdarìa,posta
2378 3077 72 23 ch’elli
2454 3087 76 19 sguar-

2088 3123 102 24 Torrenti
2204 3128 23 21 di
2240 3129 52 22 focu
2304 3134 92 22 ardente
2406 3137 36 21 ?...

2088 3152 31 21 Mi
2133 3154 75 26 Iagnu,
2217 3157 76 27 lampu
2307 3163 89 25 suspiri,

2087 3180 37 21 Ma
2140 3183 166 25 nissun'affacca
2318 3196 42 19 per
2375 3195 157 23 cunsulammî.

2088 3210 42 19 Chi
2134 3217 62 18 ponu
2202 3219 13 13 e
2220 3214 138 26 lagrime,chi
2363 3221 62 23 pônu
2433 3223 98 27 l’afanni,

2088 3237 81 25 Quand
2175 3247 14 13 u
2206 3241 79 23 dulore
2296 3246 14 19 è
2317 3246 98 23 d’amore
2424 3250 12 20 ?

2087 3266 21 19 O
2118 3267 6 19 !
2133 3271 79 21 morte,
2230 3270 24 20 in
2268 3275 22 17 te
2306 3274 48 21 sôla

2087 3293 33 21 Eu
2133 3302 69 18 possu
2210 3300 66 19 truvà
2283 3307 14 13 a
2305 3308 37 14 me
2349 3303 144 29 liberazione,

2086 3326 36 16 Ina
2138 3329 42 20 sog
2186 3332 14 13 a
2213 3331 72 17 morte
2296 3336 57 15 vene

2087 3350 139 25 Quand’òmu
2235 3356 14 19 è
2260 3356 113 24 affannatu
2378 3361 14 20 ?

2086 3378 59 25 Fala,
2160 3388 14 13 o
2183 3382 7 19 !
2199 3382 52 25 fala,
2260 3384 65 22 dolce
2341 3389 79 25 raggiu

2085 3408 29 20 Di
2127 3408 38 21 dui
2179 3410 63 21 occhi
2259 3418 156 24 accarezzanti,

2085 3436 18 20 E
2116 3437 76 21 ch’ella
2201 3440 55 20 scoli
2270 3448 14 13 a
2296 3445 23 17 to
2327 3443 51 22 îuce

2085 3464 64 21 Ind’u
2157 3468 97 23 sguardu
2268 3469 22 20 di
2303 3477 30 14 un
2347 3474 145 22 muribondu.

2084 3493 27 19 fc.'
2123 3498 81 20 questu
2215 3500 77 21 potere
2300 3499 53 23 tôiu,

2084 3520 26 20 E’
2122 3525 80 21 questu
2217 3524 61 21 donu
2290 3527 47 20 tòiu
2347 3535 7 12 :

2083 3548 56 21 C’un
2152 3550 50 21 solu
2214 3554 98 23 sguardu
2328 3555 31 20 d'i
2372 3560 23 17 to
2409 3558 66 20 occhi

2083 3576 33 20 Pô
2128 3578 69 25 toglie
2204 3586 15 12 o
2227 3582 66 18 turnà
2300 3588 14 13 a
2322 3583 29 20 dà
2359 3590 14 13 a
2381 3584 54 21 vita.

2082 3604 116 22 Cum’ell’è
2206 3611 107 20 tamantu,
2322 3617 15 13 u
2345 3618 38 13 me
2395 3612 93 21 afiannu
2497 3614 7 19 !

2082 3631 112 23 Cum'ell’è
2206 3639 75 19 acutu,
2291 3643 13 13 e
2317 3639 106 23 penibule
2431 3640 34 20 !...

2081 3660 36 20 Ma
2127 3668 31 13 un
2171 3668 67 18 possu
2253 3664 134 25 rimediaccî,

2081 3688 80 21 Parchi
2175 3694 25 16 tu
2209 3697 30 13 ne
2253 3692 25 19 sè
2286 3698 13 13 a
2308 3699 74 15 causa.

2079 3717 38 21 Ma
2128 3720 85 23 grande
2221 3722 14 18 è
2243 3728 15 13 u
2268 3726 22 16 to
2303 3726 78 21 potere
2389 3731 8 16 ;

2080 3745 17 19 E
2106 3748 125 22 quand’ella
2244 3749 17 19 ti
2272 3750 95 24 garbarà

2080 3772 34 20 Cu
2126 3775 49 19 sôlu
2193 3782 31 13 un
2242 3776 77 26 basgiu

2079 3801 31 20 Mi
2127 3805 116 23 strapparè
2250 3811 14 13 a
2273 3807 204 24 tamant'angoscie.
