2538 3960
371 189 299 55 GIURNALI
711 183 183 57 CORSI

145 327 38 21 La
204 326 104 21 Bataille
328 325 82 24 Corse,
431 329 25 15 n‘
473 322 34 21 du
530 326 95 17 10-1-25

248 360 268 26 BILAN-FAILLITE

174 446 25 6 ...
209 430 166 26 Qu'entends-je
384 429 12 20 ?
407 429 30 20 Je
454 428 62 20 viens
530 426 29 19 de
575 431 50 19 par-

147 462 78 20 courir
241 465 33 16 tes
294 463 72 18 monts
384 462 23 17 et
434 457 86 21 vallons
548 459 22 16 et
593 455 30 23 là,

148 492 108 20 l’humble
277 496 81 20 paysan
376 488 85 21 courbé
482 493 39 14 sur
539 489 41 17 ton
589 485 34 20 sol

147 521 150 26 improductif,
319 520 80 24 ingrat,
419 524 40 14 sur
472 517 22 20 la
510 520 61 17 terre
590 515 34 20 in-

147 552 120 21 habitable,
288 550 65 20 laisse
376 548 113 25 échapper
520 546 103 24 toujours

146 583 23 19 la
183 582 74 20 même
272 581 106 25 plainte...
394 579 23 20 le
434 579 73 19 même
535 582 42 14 son
595 575 29 20 de

147 612 80 20 cloche
236 617 6 13 :
252 619 10 11 «
270 611 35 20 On
322 613 33 17 est
373 608 82 21 fauché
471 613 41 19 par
528 607 24 19 la
578 612 46 13 ma-

147 643 57 20 laria
243 647 84 15 comme
359 640 33 20 les
424 638 48 25 épis
507 637 64 21 mûrs
602 636 22 19 le

147 677 54 16 sont
210 679 40 19 par
273 672 22 20 la
311 671 59 20 faulx
387 670 32 19 du
437 668 164 20 moissonneur.
611 674 11 11 »

146 703 44 20 J’ai
200 702 127 25 vagabondé
343 707 39 13 sur
407 702 36 16 tes
459 700 76 17 routes
559 702 65 14 enso-

147 733 93 23 leillées,
257 734 48 18 tout
315 731 59 24 juste
403 726 135 27 praticables
565 731 59 19 pour

148 764 33 19 les
195 763 61 20 bêtes
282 762 14 19 à
308 766 85 16 cornes,
413 762 23 16 et
452 758 38 24 j’ai
513 762 56 14 revu
587 759 35 16 tes

148 799 103 15 masures
268 791 97 21 tombant
388 796 30 13 en
428 788 83 22 ruines,
527 789 35 17 tes
574 786 50 20 éco-

148 824 35 19 les
206 823 91 20 infectes
310 825 22 17 et
347 821 101 20 désertes
457 826 6 16 ;
485 817 60 25 puis,
566 817 57 20 dans

147 852 169 26 l’impossibilité
329 851 28 20 de
377 852 131 18 rencontrer
518 847 35 20 les
571 847 52 19 fiers

148 884 89 25 visages
260 882 103 21 familiers
386 878 135 24 d’autrefois,
538 878 25 24 je
586 883 37 14 me

148 915 48 19 suis
220 913 113 21 acheminé
355 917 52 15 vers
425 911 22 19 la
464 909 52 20 ville
541 908 30 20 où
582 908 9 24 j
600 907 22 20 ai

146 951 57 13 revu
229 944 21 19 le
272 944 71 19 même
376 939 245 23 tortillard-colimaçon

148 975 41 24 qui
206 981 26 13 se
250 974 121 20 trémousse
390 970 155 27 péniblement
558 972 64 17 entre

147 1004 173 25 Ajaccio-Bastia
325 1002 87 21 etCalvi
419 1005 23 16 et
448 1001 56 20 dans
508 1000 34 20 les
549 1002 70 22 ports,

147 1041 54 14 sans
225 1034 88 20 défense
334 1034 33 20 les
384 1035 96 23 puantes
488 1030 89 25 galères
590 1029 31 20 du

147 1065 80 20 forban
246 1064 115 21 Fraissinet
371 1064 6 19 !
388 1064 6 19 !

173 1090 77 25 Quant
267 1096 27 13 au
312 1090 49 24 pain
387 1087 152 26 quotidien...,
556 1092 30 13 on
601 1085 20 20 le

148 1127 57 18 paye
224 1123 154 18 couramment,
404 1118 56 20 chez
474 1117 38 23 toi,
531 1122 8 14 1
556 1116 27 20 fr.
595 1116 26 19 80

146 1151 22 20 le
178 1139 56 32 "kilo
244 1151 6 19 !
261 1151 6 19 î
278 1151 6 19 î

677 319 103 21 Baccala
793 321 45 21 per
861 316 90 21 Corsica
961 314 11 20 !

677 348 136 26 Cependant,
837 347 34 20 les
887 345 80 23 forçats
978 349 11 14 s
996 342 109 20 écrieront
1115 353 6 5 .

653 387 9 10 «
673 381 31 19 Le
718 379 49 20 bloc
785 379 40 18 des
838 376 96 26 gauches
951 381 13 13 a
983 372 42 21 fait
1035 371 50 25 plus
1094 376 27 14 en

651 411 12 19 6
680 410 57 20 mois
754 415 58 18 pour
820 408 21 19 la
851 407 76 22 Corse,
936 410 46 20 que
999 403 8 20 1
1016 405 86 18 autre.,.
1109 404 12 12 u

676 440 41 20 Ah.
736 439 33 20 les
790 436 117 21 canailles!
926 435 33 20 De
976 434 74 25 grâce,
1066 437 56 20 pour

650 471 22 20 la
694 469 69 21 vérité
786 471 23 17 et
817 467 22 20 le
856 467 51 20 bien
925 465 27 20 de
970 470 54 14 mon
1042 468 80 20 pays...

652 501 67 24 qu’on
743 499 33 20 les
793 497 74 26 pende
874 497 6 19 !

676 531 57 22 Non,
753 527 137 23 misérables,
915 532 53 16 non,
991 524 76 25 piliers
1092 522 30 19 du

650 558 159 25 front-hospice
818 558 28 19 de
855 557 21 20 la
893 556 74 23 Santé,
978 555 21 20 la
1018 552 104 22 situation

650 591 29 20 de
693 594 63 17 notre
779 595 85 18 pauvre
887 587 69 20 Corse
980 588 35 17 est
1031 583 91 21 inchan-

650 623 42 23 gée
709 624 22 17 et
743 627 29 13 ne
787 619 76 21 subira
886 623 86 15 aucune
980 616 143 21 transforma-

650 653 48 20 tion
715 652 110 19 heureuse
846 651 13 18 à
881 648 72 21 moins
973 647 54 21 d’un
1058 646 65 21 mira-

650 683 41 22 cle,
715 682 51 19 d’un
784 683 90 17 sursaut
903 678 112 24 d’énergie
1035 678 40 19 des
1087 677 35 20 fils

650 712 29 20 de
701 710 159 21 Ponte-Nuovo
876 708 77 24 trahis,
968 708 153 23 cadenassées,

650 741 123 21 bâillonnés
783 741 6 19 !

676 792 24 6 ...
709 777 44 24 Oh,
763 776 86 26 quelles
858 776 94 20 nausées
962 773 5 20 !
978 775 142 20 Comment...

650 816 31 13 un
696 807 205 22 traître-charlatan,
918 812 30 14 un
957 805 97 20 familier
1068 805 27 20 de
1100 805 22 20 la

650 838 190 23 correctionnelle,
862 844 30 13 un
911 835 117 22 sacristain
1052 835 28 20 de
1100 835 21 20 la

650 877 40 13 rue
710 869 77 24 Cadet,
806 868 93 25 députés
916 867 12 20 ?
940 867 28 20 Et
982 866 58 26 puis,
1064 866 57 21 voici

649 901 22 20 la
692 900 67 20 honte
769 900 6 19 !
786 899 6 20 !
799 900 6 19 !
816 898 62 21 Voici
886 898 22 20 le
916 904 109 19 mangeur
1035 897 28 20 de
1075 903 47 19 gre-

649 931 102 23 nouilles,
776 931 105 19 sénateur
902 929 29 20 de
943 928 22 20 la
983 928 70 21 Corse
1070 928 14 19 à
1100 928 21 19 la

649 962 64 25 place
730 961 28 20 de
776 960 107 24 François
908 959 56 25 Coty
974 959 7 20 !
988 959 51 20 Non
1054 959 24 24 je
1089 959 33 20 rê-

649 999 28 14 ve
684 992 7 20 !
709 992 50 25 Que
767 991 67 25 dis-je
842 991 12 20 ?
859 990 59 21 C’est
929 993 107 22 pourtant
1048 989 22 20 la
1076 990 46 19 réa-

648 1023 39 20 lité
697 1023 6 19 !
722 1023 33 20 En
770 1022 60 21 voilà
855 1021 30 20 du
901 1021 46 20 sale
972 1020 87 23 travail,
1075 1026 47 14 mes

648 1053 65 21 chers
728 1052 158 25 compatriotes
891 1052 6 20 !
905 1051 151 23 Malheureux,
1064 1057 56 14 vous

649 1086 47 19 êtes
711 1084 32 20 les
760 1083 62 20 aides
836 1082 150 21 inconscients
1009 1082 40 20 des
1058 1081 65 21 bour-

649 1122 68 13 reaux
734 1114 29 20 de
784 1117 66 17 notre
866 1119 83 20 pauvre
974 1113 63 20 mère
1046 1113 6 20 !
1064 1112 57 25 Quel

650 1146 68 20 crime
724 1145 143 21 abominable
877 1144 6 20 !
893 1144 80 25 Quelle
981 1143 127 20 déchéance
1114 1143 6 21 !

1152 151 31 19 Le
1201 148 115 26 problème
1324 151 63 16 corse
1425 143 14 19 à
1455 139 96 26 quelque
1569 135 43 20 cho

1151 186 26 14 se
1194 180 54 24 près
1255 190 27 4 —
1294 182 33 17 est
1341 183 29 14 au
1390 173 72 21 même
1481 168 62 26 point
1558 172 30 19 qu
1594 170 29 14 en

1179 236 58 20 Mais
1256 241 28 14 ne
1313 230 146 24 désespérons
1482 230 73 19 pas....
1565 225 57 16 nous

1150 266 150 21 connaissons
1317 264 38 20 des
1372 257 101 26 énergies
1499 253 122 21 nouvelles,

1150 298 107 21 sincères,
1282 293 158 27 compétentes,
1456 286 39 26 qui
1507 283 116 22 attendent

1149 328 86 20 l’heure
1253 326 30 20 du
1305 327 116 20 nettoyage
1435 318 28 21 de
1477 317 20 20 la
1516 312 106 23 tranchée

1149 364 59 20 pour
1226 357 119 24 reprendre
1354 355 13 19 à
1375 352 50 21 leur
1433 350 87 22 compte
1534 345 22 20 la
1570 349 42 14 our

1149 389 29 20 de
1202 388 98 25 besogne
1318 391 44 20 que
1379 383 21 20 le
1411 379 81 21 fumier
1514 383 29 18 po
1552 379 69 20 itique

1149 426 13 14 a
1184 419 146 25 gangrené..,.

1307 446 148 25 Dominique
1476 438 115 26 Battesti.

1185 495 108 25 L’Eveil,
1301 501 25 16 n-
1336 493 35 22 du
1379 496 28 22 /7
1414 487 109 30 januier
1531 490 53 23 /9^5

1306 527 164 28 BULLETIN

1174 595 38 20 On
1228 600 25 14 se
1262 593 68 26 plaint
1344 588 92 28 parfois,
1451 592 54 14 avec
1511 584 61 26 juste
1578 588 43 15 rai-

1148 632 50 17 son,
1206 631 46 19 que
1256 624 33 20 les
1295 620 126 29 quotidiens
1426 616 118 23 insulaires
1548 614 73 21 soient

1148 657 44 20 mal
1213 655 135 24 renseignés,
1376 653 71 23 quant
1474 654 44 14 aux
1543 646 78 20 évène-

1148 690 76 17 ments
1242 686 84 20 locaux.
1333 683 109 20 Souvent,
1460 685 28 14 en
1497 677 58 20 effet,
1563 680 56 15 nous

1148 722 130 20 apprenons
1302 712 150 22 nous-mêmes
1478 714 40 19 par
1539 705 80 21 hasard

1148 748 70 25 qu’un
1236 747 68 21 crime
1311 751 13 13 a
1333 744 36 19 été
1377 740 94 22 commis
1479 739 56 20 dans
1543 737 21 21 la
1572 736 48 21 Cir-

1148 785 69 14 narca
1226 785 30 14 ou
1265 777 54 20 dans
1324 775 21 20 la
1355 772 101 23 Casinca,
1470 773 28 21 et,
1508 769 19 21 si
1536 769 21 20 la
1566 767 53 21 mal-

1148 810 86 20 chance
1258 809 51 19 veut
1322 811 44 19 que
1380 809 59 15 nous
1455 802 93 25 n’ayons
1580 805 39 20 pas

1148 841 30 20 de
1195 836 173 27 correspondant
1386 835 57 20 dans
1458 833 22 20 le
1498 831 80 25 village
1589 830 30 20 où

1148 871 53 20 s’est
1218 868 104 23 déroulée
1330 866 190 21 l’affaire—nous
1537 868 28 15 ne
1571 867 50 15 sau-

1148 902 63 20 rions
1229 907 28 14 en
1266 898 61 22 avoir
1343 899 91 24 partout
1438 907 27 5 —
1472 901 41 14 nos
1526 894 94 20 lecteurs

1148 939 30 14 ne
1203 932 155 24 l’apprennent
1383 933 88 15 comme
1494 931 58 15 nous
1573 929 47 20 ,que

1148 969 42 20 par
1209 967 96 16 raccroc.

1175 988 31 21 La
1220 986 70 22 vérité
1298 988 33 17 est
1343 991 45 18 que
1396 984 22 20 la
1424 983 65 21 tâche
1496 983 29 19 de
1539 983 8 18 1
1554 983 67 18 infor-

1148 1022 95 19 mateur,
1261 1018 14 19 à
1291 1015 96 26 Ajaccio,
1401 1018 36 17 est
1440 1013 182 26 singulièrement

1148 1050 97 25 ingrate.
1264 1048 43 20 Des
1324 1046 82 21 crimes
1420 1048 97 23 peuvent
1531 1050 24 14 se
1562 1048 59 15 com-

1148 1084 82 17 mettre
1247 1078 29 22 ici
1287 1085 29 14 ou
1332 1077 22 20 là
1361 1084 6 14 :
1383 1077 25 21 Si
1426 1082 58 15 nous
1505 1075 50 20 n’en
1563 1079 59 15 som-

1148 1118 50 14 mes
1215 1117 41 19 pas
1274 1109 105 20 informés
1397 1108 153 21 directement,
1568 1104 23 21 ni
1600 1104 22 20 le

1148 1143 107 24 Parquet,
1278 1140 23 21 ni
1318 1140 20 19 la
1351 1137 167 23 Gendarmerie,
1543 1143 29 14 ne
1596 1141 26 14 se

1650 129 125 21 donneront
1800 124 21 20 la
1836 122 66 25 peine
1917 120 27 20 de
1959 122 56 16 nous
2033 119 27 14 en
2070 110 47 26 pré-

1650 159 69 22 venir.
1732 157 31 21 Le
1781 155 98 23 Parquet
1896 153 22 18 et
1926 149 21 20 la
1956 145 144 23 Gendarmen

1649 197 29 15 ne
1686 195 24 15 se
1724 185 147 23 souviennent
1886 181 28 20 de
1926 178 125 22 l’existence
2059 173 28 20 de
2095 172 21 19 la

1649 226 74 21 presse
1746 223 44 19 que
1798 211 110 27 lorsqu’ils
1934 215 27 14 en
1974 210 40 18 ont
2031 206 84 20 besoin.

1649 252 30 20 Ils
1697 257 28 14 ne
1737 246 110 23 semblent
1867 249 40 19 pas
1924 241 140 23 soupçonner
2086 239 29 14 un

1648 281 48 22 seul
1714 280 83 20 instant
1823 281 44 20 que
1890 271 82 22 celle-ci
1990 275 12 13 a
2020 273 31 14 un
2070 264 46 21 rôle

1648 312 54 21 utile
1717 312 13 19 à
1745 307 98 26 remplir,
1863 308 22 17 et
1905 305 52 23 peut
1970 298 84 27 parfois
2072 302 44 14 me-

1648 350 35 14 me
1697 343 32 20 les
1746 339 62 22 aider
1825 335 148 23 efficacement
1994 331 57 19 dans
2065 331 8 17 1
2081 333 34 13 ac-

1647 372 183 27 compagnement
1850 368 28 20 de
1894 366 49 20 leur
1954 361 70 22 tâche.

1673 406 33 20 Au
1724 400 117 24 contraire,
1857 399 48 20 leur
1921 400 61 16 souci
2000 391 115 21 dominant

1648 436 83 22 semble
1748 435 53 21 être,
1820 431 39 20 dès
1872 435 44 19 que
1936 424 70 25 surgit
2024 427 44 15 une
2084 421 31 19 af-

1647 468 62 22 faire,
1724 466 28 20 de
1759 464 22 21 la
1794 465 80 19 mettre
1886 465 52 15 sous
1947 457 20 20 le
1981 455 103 20 boisseau
2093 453 22 18 et

1646 499 29 20 de
1691 495 107 23 l’étouffer
1812 494 22 20 le
1851 491 50 26 plus
1915 487 142 28 proprement
2065 488 50 20 pos-

1647 536 19 14 81
1674 554 43 20 Des
1736 551 80 21 crimes
1829 549 11 20 ?
1862 548 17 20 II
1897 553 28 14 ne
1948 546 45 19 s’en
2020 542 95 20 commet

1646 591 47 20 pas.
1721 583 44 21 Des
1781 579 114 22 incendies
1903 577 12 21 ?
1930 576 44 21 Des
1988 572 65 22 viols,
2075 571 39 19 des

1646 612 170 28 escroqueries?
1832 608 152 23 Connaissons
2009 609 40 21 pas
2065 603 6 20 !
2081 601 33 21 De

1646 650 61 18 toute
1723 645 72 24 façon,
1823 643 52 20 c’est
1897 643 64 17 notre
1983 635 77 24 affaire
2069 640 6 18 ;
2101 639 13 12 a

1646 683 55 15 vous
1722 676 69 19 d’être
1814 678 62 15 assez
1899 669 80 21 malins
1999 671 58 20 pour
2081 665 33 18 les

1645 706 122 23 découvrir.
2067 720 7 8 ,

1671 732 36 21 Oh
1716 731 6 20 !
1731 737 29 14 on
1766 736 29 14 ne
1804 734 57 15 nous
1870 726 124 26 opposerait
2002 727 53 16 sans
2061 724 53 17 dou-

1645 768 23 17 te
1682 769 39 20 pas
1729 768 31 15 un
1769 760 61 21 refus
1836 756 164 28 systématique,
2020 753 19 21 si
2057 757 56 15 nous

1645 793 146 24 demandions
1805 791 39 20 des
1862 787 197 26 renseignements,
2076 788 38 15 car

1646 834 26 14 ce
1688 824 66 23 serait
1770 823 50 27 plus
1834 827 75 20 grave.
1921 818 55 22 Mais
1992 823 30 14 on
2045 814 40 21 fait
2092 814 21 19 le

1646 862 58 17 mort
1720 863 29 14 on
1770 860 58 16 nous
1851 852 66 21 laisse
1931 855 56 16 nous
2004 845 110 23 débrouil-

1646 890 40 21 ler.
1702 889 33 21 La
1748 892 77 21 presse
1833 884 12 21 ?
1853 883 62 22 Peuh
1925 883 6 20 !
1946 887 25 19 ça
1986 879 37 21 n’a
2040 883 72 15 aucun

1646 920 85 23 intérêt,
1872 940 6 6 .
1926 938 19 8 ,T

1672 946 58 21 C’est
1746 949 45 15 une
1808 941 90 21 théorie.
1926 939 60 20 Nous
2013 939 98 18 verrons,

1646 979 14 19 à
1673 977 90 24 l’usage,
1781 980 27 15 ce
1831 971 80 27 qu’elle
1926 972 59 19 vaut.

1646 1023 41 21 Du
1699 1019 86 27 même,
1801 1025 26 16 ir
1844 1018 34 21 du
1895 1022 29 16 22
1934 1014 108 29 Janvier
2058 1016 54 24 1925

1799 1049 163 26 BULLETIN

1673 1106 46 21 Mon
1736 1104 97 21 excellent
1845 1101 88 22 confrère
1948 1099 84 20 Vincent
2039 1097 25 20 de
2077 1097 36 20 Pe-

1648 1132 49 24 retti,
1721 1131 46 20 dans
1789 1135 35 14 son
1845 1127 75 21 dernier
1939 1124 73 24 article,
2031 1123 63 21 relatif
2102 1127 11 14 a

2143 104 18 19 la
2178 101 73 22 clôture
2275 101 89 25 générale
2387 106 23 22 de
2426 110 17 22 la
2450 99 82 39 ch^i

2142 139 46 15 avec
2205 137 33 15 son
2257 131 59 21 talent
2330 137 103 24 coutumier
2445 126 62 41 iesa38e'
2513 131 21 32 %!

2142 164 60 27 grives
2218 165 19 17 et
2255 162 30 20 les
2301 165 89 23 pouvoirs
2409 158 100 42 public^
2509 159 24 37 1?

2166 195 35 19 Les
2216 193 74 20 raisons
2303 199 37 20 que
2357 196 69 26 fournit
2441 205 18 21 M
2476 197 5 6 *
2528 187 10 33 I

2142 232 46 21 pour
2198 224 84 27 justifier
2299 224 28 20 les
2344 231 83 21 mesures
2441 224 35 37 pr'is
2481 215 17 23 de
2512 215 26 43 i\J

2141 255 129 23 ministration,
2295 261 23 14 en
2336 262 22 15 ce
2376 261 31 23 qui
2424 249 69 42 conce^
2501 257 29 27 ^

2141 288 63 22 lection
2219 286 34 20 des
2275 286 62 26 grives
2345 292 21 17 et
2380 290 32 22 des
2421 282 73 42 merles"
2495 285 7 15 6
2524 313 3 4 ■

2141 320 91 20 dannnent
2254 316 45 21 d’un
2312 319 59 24 grand
2393 324 57 26 poids,
2467 315 21 38 g5-’
2495 316 25 23 80111
2523 337 5 4 •

2140 350 49 21 mine
2213 354 31 15 ces
2259 348 86 25 oiseaux,
2363 350 15 20 il
2395 354 40 22 n'eu
2479 341 5 14 '
2497 347 40 29 0luV

2140 382 32 23 Or,
2191 380 12 20 il
2227 380 81 25 importe
2325 381 49 24 qu’il
2392 389 23 16 eu
2437 370 96 46 reste^J

2140 413 29 20 les
2185 411 88 21 nemrods
2291 411 11 19 à
2320 412 59 25 venir,
2407 418 34 21 soit
2456 413 29 33 Po'

2139 443 57 28 grand
2218 442 45 20 bien
2279 441 23 21 de
2320 442 126 29 l’agriculture
2487 436 8 14 **
2525 441 9 30 ]•!

2172 468 27 22 Ce
2205 470 44 19 sont
2263 467 24 21 de
2296 468 80 26 grandes
2390 476 90 26 assodati0
2530 466 6 31 î

2139 506 52 15 seurs
2208 499 134 21 continentaux
2360 501 33 25 qui
2409 508 31 18 ont
2454 510 21 23 de
2490 491 47 35 8<M

2140 533 70 19 fussent
2225 530 62 26 prises
2303 535 32 15 ces
2352 537 84 20 mesures
2450 541 22 22 de
2490 523 31 23 ^
2529 541 3 13 '•

2140 562 75 25 «Mais,
2233 561 78 21 d’autre
2319 565 49 22 part,
2387 564 29 22 les
2428 552 109 48 chasse!^

2139 595 94 21 affirment
2259 597 38 21 que
2313 592 19 21 le
2346 595 61 21 merle
2423 602 18 18 et
2454 603 17 21 la
2484 587 21 43 /•
2517 594 18 23 %'-

2139 625 89 22 nuisibles
2254 625 12 19 à
2284 624 134 28 l’agriculture,
2435 635 18 17 et
2466 615 72 47 qi^N

2136 657 74 26 époque
2218 657 28 20 où
2255 655 39 20 l’on
2306 655 66 25 puisse
2381 656 28 23 les
2417 661 67 27 chasser
2495 658 41 27 3

2138 692 107 17 commence
2262 692 26 14 au
2304 691 83 17 moment
2404 692 24 19 où
2452 695 14 18 fo

2138 720 89 20 clôturée.
2451 698 87 39 McV

2163 760 22 6 ...
2195 746 101 21 Pourtant,
2311 749 83 22 puisque
2409 748 43 23 dans
2471 761 41 17 Cer..

2139 777 113 26 parlements
2269 780 25 15 on
2311 781 11 15 a
2335 776 91 29 prolongé
2439 781 61 31 jUSqu>a
2507 770 17 19 1Cs
2530 776 4 19 :

2139 809 55 23 vrier,
2203 818 25 4 —
2237 808 95 24 peut-être
2352 810 62 21 même
2435 813 39 25 plUg
2492 798 42 32 }$

2139 839 46 22 délai
2203 838 80 21 accordé
2306 844 48 19 pour
2369 839 18 21 la
2396 841 63 25 chasse
2471 855 20 16 au
2523 864 3 7 ,
2532 862 2 2 ■

2139 873 9 20 à
2165 871 20 21 la
2200 870 62 27 grive,
2279 871 93 25 pourquoi
2394 873 43 22 n’en
2452 883 35 20 pas-

2139 902 74 28 profiter
2232 901 108 26 également
2345 902 39 25 les.
2387 904 93 28 chasseurs
2487 914 16 22 de
2508 895 26 41 ?!

2139 936 19 19 Si
2173 940 21 15 ce
2208 934 49 20 mois
2288 933 24 20 de
2325 941 9 11 «
2344 934 63 23 rabiot
2415 946 10 12 »
2440 944 27 18 est
2486 939 48 33 a^l

2139 967 43 20 dans
2201 966 19 20 le
2235 964 55 26 midi,
2301 970 94 17 comment
2412 972 71 24 serait-il
2491 959 43 43 jDa?j

2139 999 28 20 ble
2183 997 44 21 chez
2244 997 70 21 nous?
2336 997 17 20 11
2368 1006 15 18 y
2399 1005 12 14 a
2427 991 103 40 peut-être?

2139 1035 35 16 une
2188 1029 108 21 excellente
2321 1029 74 25 raison,
2421 1035 44 21 mais

2139 1067 28 15 ma
2180 1060 109 24 confusion,
2303 1065 37 21 que
2358 1061 21 26 je
2393 1068 24 15 ne
2432 1065 19 21 la
2462 1053 68 40 discem^

2163 1087 24 20 Je
2202 1091 23 16 ne
2245 1085 100 24 demande,
2364 1087 26 21 du
2399 1093 48 18 reste
2462 1084 36 36 qu\
2508 1083 26 40 J?

2139 1120 58 20 naître
2211 1121 19 18 et
2243 1118 12 20 à
2268 1118 20 20 la
2302 1117 123 28 divulguer.,.
2524 1112 10 17 15

254 1303 196 53 TOMASI,
465 1304 122 48 Gorsu
611 1301 171 57 Nabuliè,
805 1316 162 32 numaru
993 1299 18 48 1

397 2209 63 26 Tut
463 2210 22 24 h
486 2229 9 12 j
513 2211 83 24 tntte.
619 2218 32 16 m
677 2211 56 24 tutt
742 2218 10 17 ï
771 2218 69 24 ccisiy

398 2249 29 25 O
429 2248 43 26 mi
487 2248 200 35 d’Aghjacciu
707 2257 15 17 0
739 2249 104 35 d’Afà,

397 2291 158 25 WLuccicosi
574 2299 15 16 e
608 2291 191 32 mustacciuti,

396 2330 177 31 A>.ndaranu,
598 2329 69 26 belli
684 2339 15 16 0
718 2330 87 32 bruti,

398 2369 95 34 Sen^a
522 2369 108 26 dubbiu
647 2378 18 17 a
688 2369 76 35 fassi
799 2370 47 35 fà.

396 2411 14 25 I
434 2419 30 17 s0
503 2411 89 26 tratti
617 2420 36 17 ne
674 2411 121 27 Tomasi.

235 2529 177 73 ûran
455 2531 189 71 Caffè
681 2533 65 69 di
783 2553 45 49 a
865 2533 171 71 Pace

238 2636 176 52 Piazza
435 2637 101 52 San
564 2637 174 52 Niculà
754 2669 33 7 -
805 2639 223 53 BASTIA

144 2727 326 44 APPERITÎVI
507 2729 37 43 E
574 2730 251 53 LIQUORÎ
855 2730 262 46 STRAFINÏ

1265 1294 241 32 Almanaccu

1365 1357 39 30 di

1267 1419 35 30 A
1320 1416 176 33 MUVRA

1294 1491 70 28 per
1381 1479 89 31 1925

1346 1570 73 32 200

1313 1635 135 36 Pagine

1347 1724 64 31 100

1302 1788 153 35 Disegni

1370 1878 24 31 8

1143 1940 183 31 Canzone
1343 1950 51 21 eu
1418 1950 25 21 a
1466 1941 151 29 musica

1180 2233 12 26 I
1206 2234 53 35 più
1271 2243 68 26 gran
1361 2238 86 31 pueta
1469 2243 15 18 e
1496 2235 122 26 scrivani

1145 2279 73 26 corsi
1234 2288 6 16 :
1261 2278 86 28 Santu
1372 2279 149 27 Casanova
1532 2295 34 5 —
1579 2280 37 27 G.

1146 2324 32 26 P.
1208 2324 146 27 Lucciardi
1372 2340 34 4 —
1424 2325 144 27 Maistrale
1585 2341 34 5 —

1146 2369 129 26 Martinu
1286 2363 200 42 Appinzapaîu
1499 2371 36 26 ed
1544 2371 73 27 altri.

1182 2431 126 35 Pre^u:
1330 2433 21 24 3
1362 2433 131 25 franchi
1505 2448 35 5 —
1551 2433 40 26 Pe
1600 2442 19 18 a

1147 2478 83 31 posta
1240 2477 378 29 ricumandatu:4fr&riGhi.

1912 1278 160 52 Mèmè
2095 1272 243 56 LUCIANI

2073 1361 107 27 Môbili

1947 1416 34 25 In
1994 1415 116 30 Borgu,
2123 1419 140 20 numaru
2271 1411 34 26 31

1879 2266 54 19 .fer
1944 2267 117 28 cumpra
2072 2266 60 22 ietti
2142 2271 14 18 e
2167 2266 183 32 guardarobe,

1881 2303 120 35 Corrini,
2015 2307 92 35 zoppi,
2121 2308 80 27 dritte
2213 2318 15 18 e
2239 2311 102 34 gobbe,

1880 2348 21 27 E
1913 2349 58 28 fani
1981 2352 67 26 tutti
2064 2361 6 17 :
2079 2361 16 17 «
2105 2353 27 27 A
2142 2356 45 25 mè
2198 2356 5 25 !
2217 2365 16 17 a
2245 2358 48 25 mè
2306 2358 5 25 !
2321 2367 16 17 »

1695 2515 36 52 lT
1750 2516 92 53 Pùi
1871 2518 136 55 Bellu
2050 2522 203 56 HOTEL
2288 2527 50 54 di
2362 2524 164 58 Corsica

1805 2605 455 59 CYKK©S—PA
2300 2619 141 47 ACE

1816 2677 200 31 PASOUALE
2047 2682 151 35 FILLIPI,
2224 2689 216 28 DIRETTORE

2011 2731 235 65 BASTIA

299 3055 7 3 -
405 3042 4 8 :
734 3044 3 7 :
784 3050 7 3 -
828 3039 81 18 Çî'.-îUS
1279 3043 9 4 ••

339 3065 117 123 Si
521 3105 153 85 vo
737 3073 99 119 ci
897 3077 383 125 vulete
1339 3083 325 123 aiutà

2155 3221 3 2 -

759 3277 575 105 Abbunatevi
1383 3315 61 69 a
1483 3289 75 95 A
1609 3291 443 111 MUVRA.

385 3427 3 3 ■
1264 3428 3 3 ■
2008 3431 4 3 -
2223 3430 2 2 ■
2294 3431 2 2 •
2333 3428 3 2 ■

795 3443 495 127 Cumprate
1337 3457 29 95 i
1403 3461 295 97 nostri
1749 3463 221 105 libri.

425 3591 225 75 Fâted
719 3603 271 89 stampà
1063 3611 211 73 ciochi
1343 3635 89 51 vo
1501 3617 141 75 fate
1709 3627 271 91 stampà
2031 3635 67 73 in
2143 3641 191 77 altrô.
