2518 3886
72 128 85 21 chctti.
169 127 42 21 Ce
221 127 28 21 da
258 126 54 21 beie
324 132 14 14 e
347 125 29 21 da
386 130 94 21 magna,
489 122 56 21 balli

72 167 13 14 e
94 160 63 25 soni,
172 160 38 21 chi
223 158 145 27 rispondenu
382 163 13 14 a
404 157 7 20 i
424 154 85 23 ronchi
522 154 23 20 di

73 194 6 20 i
96 193 89 20 sumeri
201 191 93 22 affunati
310 195 44 21 per
369 188 71 27 quelli
459 186 86 22 chiosi.

72 225 70 21 Prete
161 222 148 25 Franceschi,
325 228 17 14 u
353 221 96 20 valente
464 219 83 20 curatu

72 258 24 20 di
118 256 71 21 Santa
213 255 68 21 Lucia
301 255 65 20 disse
386 258 13 15 a
419 257 27 15 so
466 255 80 16 messa

72 289 62 21 vers’
142 288 87 22 ondeci
238 293 48 16 ore.
294 286 70 22 C'era
372 290 60 15 ancu
439 290 16 14 u
464 283 82 26 piuva-

71 328 32 15 nu
113 321 23 21 di
147 321 46 21 San
202 320 107 21 Niculaiu
319 325 14 14 e
343 317 80 28 quellu
431 316 24 20 di
464 321 14 14 u
489 314 56 20 Cas-

71 355 83 21 tellare
166 355 105 25 parente,
282 352 20 20 si
313 350 79 24 crede,
402 348 25 21 di
439 346 108 22 Mertinu

71 386 173 27 Appinzapalu.
264 383 97 22 M’hanu
378 381 65 21 dettu
459 378 30 20 ch.
498 378 46 20 ellu

71 420 53 21 fece
135 425 32 14 un
182 418 133 27 predicottu
323 421 6 19 ;
344 414 50 23 .eiu,
409 418 32 14 un
455 412 9 20 l
472 410 72 27 aghiu

71 453 79 20 intesu
158 451 39 21 chi
205 450 71 21 tandu
285 446 116 23 discurria
409 450 29 15 eu
445 443 36 21 trè
488 442 56 21 Fui-

72 484 87 21 ciaschi
173 483 38 20 chi
224 482 31 20 mi
269 480 128 27 parlavanu
407 477 24 20 di
440 482 16 14 u
466 475 79 21 diaule

71 517 24 21 di
106 517 8 20 i
124 516 78 20 Forci.
210 514 28 21 Bi
247 519 29 15 ne
284 509 151 30 parleraghiu
444 514 33 15 un
486 508 58 20 altra

71 550 87 21 volta.-
173 546 59 23 Cusi
249 544 157 23 cuminciamu
425 540 120 23 chiachie-

71 582 76 22 rendu
156 587 13 15 a
177 582 67 25 parte
253 579 24 20 in
285 576 156 28 prucessione
450 574 29 21 cù
489 573 56 21 duie

71 615 94 23 statule,
178 618 47 15 una
235 611 22 21 di
267 616 13 15 a
288 609 105 22 Madona
401 614 14 14 e
425 612 46 16 una
479 611 65 16 nova

72 648 115 21 tramante
196 645 25 21 di
231 643 31 22 St’
271 643 79 24 Anna,
360 641 66 21 donu
434 639 23 21 di
467 645 15 15 u
490 637 54 28 sgiô

71 678 99 23 Franchi
184 677 23 21 di
220 676 16 21 S
238 678 32 19 ta-
272 674 77 22 Lucia.

100 712 10 22 I
121 710 90 23 cantori
222 716 29 14 un
261 708 138 23 burlavanu,
409 706 22 21 ci
439 704 65 22 n’era
511 710 33 14 un

71 745 88 27 coppiu
169 744 24 20 di
203 743 83 23 trinca,
294 746 31 15 un
335 741 99 25 parente
442 738 24 20 di
476 738 68 26 prete

71 779 24 21 di
104 777 73 22 Leoni
185 782 14 15 e
206 781 46 15 unu
261 774 22 21 di
292 771 188 23 Santa-Lucia.A
488 776 57 21 pru-

71 811 77 24 cessip
158 809 13 21 è
179 808 137 22 beramente
325 812 33 14 un
365 803 177 28 tumbatoghiu,

70 851 14 15 a
93 844 80 27 quellu
183 842 59 24 sole,
252 840 25 21 in
284 841 88 20 troncu
379 838 23 21 di
412 837 132 22 meziurna-

70 878 32 25 le,
115 881 38 17 ma
165 875 21 21 ci
197 875 55 20 vole
261 878 58 16 ancu
331 878 14 15 a
354 870 59 23 sudà
422 876 14 16 e
443 869 23 22 fà
475 869 69 27 peni-

71 908 153 27 tenza.Eppoi
230 907 70 27 dopu,
308 911 57 16 omu
372 902 172 23 siristora.Cu-

70 943 21 22 si
103 942 88 22 fecimu
200 946 60 16 ancu
268 939 40 21 noi
316 939 64 20 sottu
390 936 39 22 un’
436 936 106 21 alivona.

71 976 84 22 Eramu
170 974 65 21 forse
248 972 68 25 vinti,
332 970 56 22 tutti
402 974 96 23 pusonu
517 968 26 21 in

70 1009 85 27 pianu:
168 1013 13 15 a
192 1012 40 16 me
243 1005 33 22 mi
287 1004 95 22 dedenu
395 1009 31 15 un
438 1002 105 21 imbastu

71 1043 24 21 di
104 1046 103 19 sumere,
214 1039 22 21 ci
245 1038 65 28 pusai
321 1042 69 16 cume
399 1036 26 21 in
433 1035 109 25 sedione,

71 1076 98 21 accantu
176 1079 14 15 a
195 1072 41 22 dui
242 1071 64 28 pueti
312 1071 23 20 lu
338 1070 54 22 cali,
396 1075 57 19 unu,
458 1068 86 22 Bon'al-

71 1109 25 21 di
105 1107 114 22 d’uttanta
228 1103 107 26 trè-anni,
343 1103 84 22 dirittu
434 1107 69 16 cume
510 1107 33 15 un

70 1142 25 27 pi
98 1148 40 18 nu,
147 1146 13 15 e
168 1139 77 22 l’altru
255 1138 24 21 di
287 1138 80 21 trenta
375 1137 61 20 sette
445 1142 14 14 e
467 1141 75 19 mezu,

71 1182 16 14 u
99 1174 53 28 sgiô
167 1172 133 24 Bonavita,
315 1170 80 22 zitellu
408 1174 70 19 punie
489 1168 57 22 l’ac-

71 1214 55 23 quâ.
141 1207 67 22 Dece
223 1204 105 29 pullastri
345 1209 72 16 eranu
433 1203 24 21 in
471 1202 72 30 taula?

72 1241 82 22 salami
164 1246 13 15 e
187 1238 108 23 cusciotti
304 1237 25 21 di
341 1236 111 22 muntoni
462 1242 13 15 e
484 1235 60 22 vinu

72 1274 148 27 chiaraginu.
228 1272 45 22 Tra
280 1277 47 15 una
335 1270 134 22 buccunata
475 1275 14 15 e
497 1268 48 22 Paî-

71 1310 40 20 tra'
119 1308 22 21 ci
151 1306 26 22 fù
188 1305 82 28 puesie
282 1310 13 15 e
307 1303 112 27 brindisi,
431 1303 117 27 surgente

71 1342 59 21 vive
141 1338 130 23 d’amicizia
282 1343 66 16 corsa
360 1336 110 27 simplice
481 1341 15 15 e
504 1335 41 21 du-

71 1375 77 22 reule.
164 1374 24 20 A
202 1378 39 16 me
254 1371 33 22 mi
301 1370 71 22 tuccô
387 1370 36 21 trè
434 1370 37 21 ale
482 1375 15 15 e
508 1368 37 22 trè

72 1407 110 29 parsiche
202 1405 136 23 muscatelle
354 1410 13 15 e
381 1409 34 16 un
429 1403 75 27 piattu
519 1402 25 21 di

73 1446 87 17 crema.
186 1439 35 22 Mi
233 1439 99 22 volsenu
347 1436 128 28 purtammi
499 1441 45 16 cun

62 1479 2 4 ■
72 1475 40 22 elli
122 1475 25 21 in
156 1473 72 22 Santa
238 1472 74 22 Lucia.
321 1470 42 23 C’è
372 1476 47 16 una
426 1470 62 22 bella
496 1470 48 21 cul-

71 1509 56 24 lata,
143 1507 49 22 Dio
206 1507 24 21 la
244 1504 127 23 benédica!
392 1503 41 22 Ma
447 1502 96 29 quassù,

72 1542 21 21 ci
107 1541 20 22 si
139 1541 35 22 sta
190 1539 112 26 dincanti,
316 1540 37 20 tra
364 1538 8 22 i
385 1537 101 28 pulloni.
503 1536 17 22 E
531 1542 13 16 a

71 1581 53 16 sera
136 1575 72 27 dopu,
221 1579 43 21 per
275 1571 107 23 cuntintà
389 1577 14 15 a
411 1571 64 26 tutti,
485 1570 59 22 feci-

72 1612 122 23 mu/ancu
206 1614 13 15 a
231 1606 160 27 mezapiazza,
404 1611 47 16 una
463 1603 82 23 cunfe-

72 1648 68 16 renza
153 1641 39 22 chi
204 1640 59 22 duré
271 1646 31 15 un
311 1645 44 22 par
362 1639 74 22 d’ore.
445 1638 101 22 Edami-

72 1676 61 21 celle
148 1674 139 25 cantedenu,
303 1673 108 21 Aiacciu
424 1671 76 27 bellu,
511 1677 34 16 un

71 1708 107 29 pezzujdi
191 1714 16 15 u
222 1707 91 26 Cuccu,
328 1705 192 30 Trinnïghellu:
529 1711 17 16 u

70 1741 129 29 fonografu
209 1739 212 24 dede.rintérméîi
430 1745 44 22 per
481 1739 65 22 rifîa-

70 1776 33 22 tà.
111 1776 17 21 E
133 1782 16 15 u
155 1775 124 27 parladore
285 1774 66 21 disse
358 1773 38 22 ciò
405 1772 86 23 ch’ellu
498 1773 47 22 dis-

71 1816 26 15 se
108 1815 34 15 au
154 1809 91 28 populu
256 1807 37 22 chi
305 1807 63 21 ridia
380 1813 13 15 e
403 1807 143 22 sciaccama-

71 1849 61 15 nava
142 1849 13 15 e
164 1848 34 16 un
207 1842 21 21 si
238 1843 111 20 stancava
360 1841 25 21 di
396 1842 69 20 sente
472 1847 73 22 prose

71 1882 14 15 e
99 1876 84 28 puesie
198 1876 24 20 di
237 1874 110 23 l’Anfarti
362 1874 96 22 fratelli.
474 1874 29 22 Ci
518 1874 28 23 fù

71 1916 61 15 ancu
149 1915 33 15 un
200 1911 70 20 toccu
289 1907 180 29 d’impruvisata
488 1908 65 22 d’un-;

71 1945 66 20 certu
154 1942 136 28 Guglielmu
307 1943 100 26 parente
422 1942 24 21 in
461 1942 84 27 puesia

71 1977 24 21 di
112 1976 70 22 Prete
198 1976 138 27 Guglielmi.
354 1975 23 23 U
391 1976 113 21 ribombu
518 1975 26 22 di

69 2010 174 28 l’aligramentu
250 2009 97 22 s’intese
353 2009 30 22 da
390 2015 13 15 a
409 2008 135 22 Castellana

70 2044 24 22 di
111 2043 46 23 San
175 2043 119 26 Niculaiu,
312 2049 14 15 a
345 2043 37 22 trè
398 2042 144 27 chilometri,

70 2077 106 22 duv’ellu
187 2077 35 22 stà
231 2076 93 22 l’amicu
336 2076 128 22 Marchetti
473 2076 70 22 chibi

70 2111 83 22 saluta.
168 2110 45 22 Per
225 2110 51 21 falla
289 2112 74 24 corta,
377 2110 23 21 bi
414 2110 75 22 salutu
503 2115 41 16 an-

69 2144 78 22 ch’eiu
156 2150 13 15 e
179 2144 87 21 chiudu
276 2146 36 19 slu
324 2143 114 29 fugliazzu
449 2145 93 24 scrittu,

69 2184 13 15 a
96 2183 77 22 penna
186 2178 90 25 sciolta,
289 2183 64 22 «per
364 2182 39 17 sse
415 2183 85 16 cose».

210 2221 109 23 Martinu
331 2221 182 27 Appinzapalu.

128 2309 50 48 On
201 2309 110 48 eaîciu
332 2310 38 46 in
393 2324 88 32 c.....

99 2394 24 22 U
140 2394 55 28 sgiô
216 2394 29 21 de
266 2393 75 22 Moro
366 2393 111 28 Giafferi
508 2393 33 22 ha

68 2423 116 21 ricevutu
196 2424 41 19 sta
254 2422 112 21 risbosta
379 2422 27 21 di
414 2425 24 18 'u
450 2421 91 22 Minis-

68 2452 65 24 teru,
149 2456 61 16 veru
222 2445 89 32 sciajfu
321 2452 48 25 per
379 2449 163 23 CursichelLa

68 2485 13 14 e
92 2478 54 22 exile
148 2479 27 21 iu
188 2479 26 21 in
228 2484 38 15 c...
277 2481 56 25 peu
345 2478 54 28 sgiô
407 2477 28 22 di
434 2480 48 26 put
483 2481 58 20 alu:

229 2521 62 23 Paris
301 2522 22 22 le
334 2521 29 22 20
375 2524 61 20 Août
449 2521 62 24 1926.

167 2566 116 23 Monsieur
295 2566 21 22 le
326 2566 113 23 Ministre.

97 2605 64 22 Vous
170 2613 56 14 avez
241 2605 49 21 bien
303 2606 70 21 voulu
394 2605 81 23 attirer
487 2612 52 15 mon

69 2633 112 22 attention
194 2640 41 15 sur
246 2633 98 22 l'intérêt
358 2640 45 22 que
425 2636 115 26 présenle-

68 2661 45 22 lait
125 2667 58 22 pour
195 2661 20 22 le
230 2661 161 28 Département
396 2661 30 22 de
435 2661 21 22 la
467 2664 73 20 Corse

69 2695 45 15 une
125 2689 105 22 dotation
242 2688 28 22 de
280 2688 118 23 véhiculés
407 2690 132 22 automobi-

68 2717 35 22 les
112 2716 101 23 destinés
222 2718 14 20 à
246 2716 101 23 faciliter
353 2717 137 23 l’exécution
498 2718 42 22 des

67 2745 103 22 services
188 2744 140 29 techniques.

93 2772 45 23 J’ai
150 2772 120 23 l’honneur
281 2773 29 21 de
319 2778 59 16 vous
398 2772 59 22 faire
479 2780 54 16 con-

68 2801 74 22 naître
163 2807 47 22 que
231 2800 34 23 les
286 2801 96 21 crédits
402 2802 49 20 mis
475 2801 16 22 à
513 2808 26 15 ce

69 2830 61 21 titre
142 2829 16 22 à
165 2836 43 15 ma
232 2830 152 26 disposition
401 2831 70 25 pour
481 2829 60 22 Vex-

68 2858 79 21 ercice
160 2857 54 27 1926
225 2859 57 20 sont
292 2857 165 22 entièrement
468 2858 72 28 épui-

67 2885 48 26 sés,
127 2885 52 22 leur
191 2884 131 29 répartition
335 2887 69 26 ayant
427 2887 37 19 été
482 2886 59 21 faite

68 2916 65 18 entre
156 2913 35 22 les
208 2913 75 22 divers
306 2913 102 22 services
431 2912 57 23 dont
505 2913 35 22 les

69 2940 134 28 demandes,
209 2940 82 23 forrnui
294 2943 38 21 é.es
336 2947 30 15 an
368 2940 42 23 téri
412 2947 27 15 eu
441 2947 26 15 re
469 2947 21 15 ni
492 2948 27 15 en
522 2943 17 25 l,

68 2969 128 22 revêtaient
215 2976 30 15 un
268 2971 118 20 caractère
404 2969 134 28 d’urgence.

84 2999 4 3 ‘
95 2996 29 22 Je
134 2996 86 29 prends
232 2999 52 20 note
296 2996 111 23 toutefois
424 2996 30 22 du
473 2996 65 23 désir

69 3024 110 28 exprimé,
198 3032 29 14 en
242 3031 44 16 vue
295 3024 29 22 de
335 3024 24 22 Le
369 3023 117 23 satisfaire
510 3031 29 15 en

70 3052 55 21 1927
136 3052 59 22 dans
206 3052 24 22 la
249 3058 90 16 mesure
358 3054 31 20 où
407 3050 23 23 le
440 3054 100 25 permet-

69 3081 62 20 tront
139 3080 34 21 les
187 3080 83 22 crédits
283 3080 90 21 alloués
393 3081 14 19 à
427 3082 38 18 cet
483 3079 58 22 effet

68 3110 23 18 et
99 3108 26 27 je
137 3108 110 27 prescris,
270 3107 41 22 dès
322 3107 151 25 maintenant,
495 3113 45 16 une

69 3135 69 22 étude
150 3134 31 22 du
193 3135 63 22 bilan
265 3135 27 21 de
306 3134 147 29 l'opération.

97 3162 35 21 En
153 3168 27 15 ce
199 3163 40 28 qui
258 3168 112 15 concerne
393 3161 23 21 îa
434 3162 106 21 création

68 3189 55 22 d’un
142 3191 84 20 réseau
238 3189 162 29 téléphonique
420 3190 120 21 aéro-sou-

69 3216 85 23 terrain
160 3218 13 20 à
180 3217 101 28 Ajaccio,
288 3223 54 16 mon
346 3216 194 23 Administration

68 3245 104 28 n'ignore
180 3251 42 22 pas
241 3245 116 28 l’urgence
368 3251 45 22 que
432 3247 109 26 présente

70 3274 60 20 cette
136 3279 99 20 mesure,
240 3274 64 21 mais
309 3273 26 22 la
339 3273 126 22 situation
477 3273 65 22 bud-

66 3300 98 26 gétaire
170 3307 32 15 ne
210 3303 98 25 permet
324 3303 50 26 pas
394 3300 144 29 d’engager,

68 3333 34 15 au
112 3333 76 16 cours
204 3329 34 21 du
248 3328 106 28 présent
373 3329 119 26 exercice,
514 3329 27 21 la

69 3355 105 26 dépense
186 3356 15 20 à
208 3356 106 27 prévoir
320 3359 73 25 pour
399 3356 140 22 saréalisa-

69 3383 64 20 tion.

96 3408 101 29 J'ajoute
207 3417 45 21 que
271 3417 48 15 mes
330 3411 104 22 services
455 3411 86 22 exami-

68 3438 56 20 nent
134 3436 24 21 la
167 3437 129 28 possibilité
311 3438 29 22 de
349 3438 153 28 comprendre
513 3438 24 22 la

67 3463 50 21 dite
125 3464 188 23 transformation
324 3466 60 21 dans
392 3463 22 24 le
420 3472 121 23 program-

69 3497 38 14 me
116 3491 39 26 qui
166 3498 52 15 sera
232 3492 67 22 établi
312 3500 29 14 au
352 3494 52 21 titre
413 3493 29 21 de
450 3493 91 23 l'année

71 3517 63 21 1927.

96 3544 90 21 Veillez
198 3548 86 25 agréer,
297 3549 64 24 etc..,

96 3586 47 22 Ma
164 3593 19 15 u
204 3588 54 27 sgiô
283 3588 88 27 Moru,
397 3594 143 25 anguciosu

70 3615 28 21 di
115 3614 58 21 vede
193 3615 98 27 stampà
311 3622 18 15 u
353 3623 28 15 so
403 3624 82 21 nome,
507 3620 35 21 ha

62 3642 76 27 Jattu
149 3642 104 27 pnblicà
264 3644 40 19 sta
313 3643 94 22 lettara
420 3645 32 21 da
470 3647 72 22 tutfi

64 3669 109 27 jurnali
187 3676 16 14 a
216 3675 28 16 so
257 3669 141 29 devoqione.

97 3696 127 22 Avajalla
235 3703 88 16 r.iancu
337 3698 78 22 letta?

742 132 240 51 DETTÏ
1035 130 51 47 E
1138 127 46 48 F
1186 123 194 51 ATT!

894 207 198 28 Commedia
1109 208 33 22 in
1162 206 19 23 2
1200 207 55 22 atti

954 301 107 27 Seguitu
1085 305 12 14 e
1115 298 56 27 fine

595 370 78 20 Maria
686 369 68 20 Dum.
760 379 27 4 —
796 367 36 20 Oh
839 365 5 18 !
853 373 13 13 a
879 364 112 21 Marseille
999 363 46 24 j’en

570 397 22 20 ai
601 403 81 14 encore
695 397 54 19 trois
763 402 29 13 ou
806 397 86 22 quatre.
915 393 80 24 Figure
1014 390 30 20 toi

571 430 44 19 que
629 430 57 18 pour
695 430 35 13 ma
746 423 52 22 fête,
813 420 165 21 Ours’Antoine
986 419 58 20 m’en

570 458 14 13 a
600 451 78 20 acheté
701 457 30 13 un
746 457 28 13 en
798 449 67 25 paille
881 447 86 20 d’Italie
989 452 56 13 avec

571 485 45 13 une
640 478 107 25 garnison
770 480 49 16 tout
844 482 28 14 au
890 479 53 16 tour
960 477 23 16 et
1005 474 40 18 des

570 506 69 20 fleurs
648 505 28 20 de
685 509 71 21 temps
765 511 29 13 en
804 508 80 20 temps;
903 503 18 20 si
928 506 24 16 tu
965 500 80 25 voyais

571 539 88 14 comme
672 533 17 20 il
703 539 36 13 me
751 536 60 16 reste
819 532 60 22 bien,
890 530 57 21 mais
956 533 25 16 tu
991 535 53 18 pen-

570 567 44 17 ses,
625 561 24 24 je
658 561 85 19 n’allais
756 566 40 18 pas
806 560 21 19 le
839 562 76 22 porter
928 557 37 21 ici.

597 588 120 20 Graziosa.
725 599 26 4 —
757 588 18 19 E
787 586 92 21 ha’fattu
897 586 35 20 bè.
950 585 50 22 Alò,
1014 583 29 20 mi

570 616 48 19 face
641 615 83 24 piaceri
750 614 91 20 d’avetti
856 613 68 23 vistu,
957 611 88 21 vinara-

569 643 54 24 ghiu
636 648 13 14 a
662 648 103 19 passame
779 648 31 13 un
819 643 115 18 momentu
943 639 23 20 di
980 642 64 16 tantu

570 670 24 20 in
610 673 64 17 tantu
692 676 13 13 e
722 669 161 20 discuraremu.
902 668 91 20 Ouante
1001 672 14 13 a
1028 672 16 13 u

570 697 144 21 matrimoniu
731 697 17 19 ti
762 696 76 25 vogliu
842 695 31 22 Ai
883 695 41 20 che
941 695 20 20 si
975 694 69 20 Petru

570 732 31 13 un
624 725 19 20 si
665 724 74 20 dicide
750 731 14 13 a
781 724 69 25 piglià
868 722 112 21 anch’ellu
999 728 45 14 una

570 753 75 25 piazza
659 759 31 13 un
708 753 13 19 è
738 758 57 14 ancu
811 751 104 21 maritatu
924 754 54 16 'cun
999 755 45 14 me.

570 780 36 20 Ma
618 780 50 20 sarà
685 786 57 14 ancu
752 779 69 21 tarde!
831 779 42 25 Çhi
888 785 39 14 ora
934 779 13 19 è
954 778 13 20 ?
981 777 63 21 N’hai

569 807 124 26 ariloghiu?

594 836 78 20 Maria
685 836 68 20 Dum.
763 845 26 4 —
798 835 65 20 Inon.
868 834 81 25 Figure
958 833 32 21 toi
999 839 45 19 que

567 863 24 25 je
607 863 35 20 l’ai
660 867 76 16 cassée
761 863 58 20 deux
833 863 65 25 jours
923 864 68 18 avant
1017 860 29 20 de

569 891 65 20 venir
646 895 23 16 et
680 890 122 26 l'horloger
811 891 43 20 m'a
861 891 33 19 dit
910 889 55 25 qu’il
974 888 72 21 fallait

569 918 50 21 huit
624 919 65 24 jours
703 925 58 18 pour
769 919 21 19 la
805 920 98 23 réparer;
912 921 24 16 tu
946 922 82 20 penses
1037 916 6 20 !

570 953 44 13 une
620 946 56 25 jolie
682 950 88 16 montre
776 953 29 13 en
818 953 35 13 or.

629 973 24 22 (A
658 974 32 17 slu
697 974 98 17 mumentu
803 974 53 17 entre
863 972 122 22 Ors’Antonu)
998 977 4 3 •

596 999 120 21 Graziosa.
727 1011 27 4 —
759 999 42 21 Ah!
820 1005 53 14 eccu
888 998 158 21 ad’Ors'Anto-

570 1033 38 14 nu-
618 1027 29 20 Sè
656 1027 23 19 di
686 1027 86 20 ritornu
781 1027 63 20 ed’eu
853 1028 26 19 sò
893 1032 91 19 sempre
1006 1026 39 24 qui

570 1054 43 20 Chi
620 1061 40 14 ora
668 1056 13 19 è
686 1054 12 21 ?

596 1082 146 21 Ors’Antonu
749 1082 10 26 (
767 1083 119 20 Caccendti
902 1087 16 16 U
934 1089 26 13 so
978 1082 69 20 arilo-

569 1109 64 27 ghiu)
647 1110 62 21 C'est
734 1111 56 21 trois
801 1111 90 24 heures,
909 1118 14 13 o
939 1114 25 16 tu
982 1116 26 14 as
1024 1110 22 20 le

570 1142 80 20 temps.

597 1166 119 21 Graziosa.
720 1179 26 4 —
751 1166 118 23 LJhîsalya!
878 1167 34 21 No
922 1166 68 21 ch'un
1000 1166 47 20 n'a-

570 1194 54 24 ghiu
646 1198 84 21 tempu.
742 1194 45 21 Tre
806 1196 41 20 ori!
857 1194 167 22 Lasciam’andà
1032 1199 13 14 a

570 1225 68 18 mette
655 1229 13 14 a
682 1229 37 14 me
731 1229 79 19 suppa.
829 1223 105 23 Avedaci,
951 1222 94 21 avedaci

571 1250 133 25 vinaraghiu
716 1252 95 20 un’altra
820 1251 67 20 volta.

669 1278 29 22 (Li
704 1279 51 18 tocca
763 1283 12 13 a
782 1283 55 14 mane
841 1283 11 14 e
860 1279 17 18 si
883 1283 24 13 ne
914 1279 32 22 và)

595 1303 80 21 Maria
683 1304 68 21 Dum.
758 1305 130 23 —Ailora,a
897 1304 76 25 quai'a
982 1309 65 15 scon-

571 1330 48 23 tru?
628 1333 66 20 Duva
699 1333 25 20 sè
732 1336 59 17 statu
800 1332 12 20 ?

598 1364 150 21 Ors’Antone.
755 1363 60 20 —Sò
828 1362 84 21 andatu
920 1362 47 20 fxna
976 1368 13 14 a
997 1361 50 20 Ful-

571 1398 38 14 mu
618 1392 22 20 di
650 1398 13 14 a
672 1392 75 24 piazza
756 1397 14 14 e
783 1391 68 25 aghiu
860 1391 59 20 vistu
940 1396 46 14 une
1009 1396 38 18 po-

571 1419 42 21 che
619 1420 22 20 di
648 1419 66 25 jenti,
722 1426 36 13 ma
768 1426 31 13 un
808 1419 33 20 sai
850 1418 71 21 micca
934 1417 74 22 ch’elli
1024 1417 21 21 si

571 1448 26 20 sè
606 1447 44 21 rise
659 1448 22 20 d?
692 1454 35 14 me
744 1447 84 25 parche
836 1447 86 25 parlaju
932 1446 113 21 francesu.

571 1475 36 21 Mè
615 1479 89 17 tuccatu
714 1482 13 13 a
736 1475 62 25 parla
806 1481 72 15 corsu.

595 1504 78 20 Maria
681 1504 68 20 Dum.
757 1514 26 5 —
790 1503 58 21 Cosa
865 1502 63 21 vole?
936 1509 31 14 un
983 1502 63 20 hanu

571 1535 44 19 mai
629 1535 60 20 vistu
700 1534 69 21 nulla.
787 1534 37 21 Ma
836 1533 55 21 l’hai
900 1534 60 20 detta
973 1533 37 21 chi
1016 1540 30 14 no

570 1569 77 14 eramu
654 1563 60 25 junti
731 1562 23 20 in
769 1563 61 20 autò.
848 1562 124 21 Cia'intesu
990 1562 57 20 nim-

571 1597 38 14 mu
615 1591 13 20 ?

599 1619 151 21 Ors’Antonu.
761 1629 27 4 —
796 1618 94 26 L'aghiu
910 1619 60 20 detta
984 1622 14 16 é
1016 1624 29 18 po

570 1647 69 25 quelli
653 1647 23 20 di
685 1648 8 19 i
701 1647 111 21 Trimacci
827 1647 129 26 vighiajanu
970 1646 77 20 ehan-

570 1675 98 21 ni’ntesu
677 1675 74 23 l’auto,
758 1676 28 20 sii
795 1675 181 25 pur'tranquilla.

595 1703 79 21 Maria
682 1704 68 20 Dum.
759 1715 28 5 —
794 1703 73 21 Tantu
876 1703 84 26 megliu
966 1703 5 18 !
980 1702 18 21 E
1004 1702 42 21 che

570 1732 142 25 era’mpicata
721 1732 51 20 l’hai
777 1732 60 20 detta
842 1731 13 21 ?

599 1760 150 21 Ors'Antouu.
755 1772 27 4 —
790 1760 88 21 Ouessa
884 1766 38 14 no.
930 1759 44 21 Chi
982 1758 63 21 vole?

571 1788 129 22 Ouand'elli
725 1788 92 23 m'hanu
835 1788 56 21 fattu
917 1788 64 25 parla
997 1793 48 15 cor-

572 1824 52 14 su...

632 1844 24 23 (A
664 1845 32 17 stu
704 1845 97 17 mumentu
806 1843 78 24 junghie
889 1842 86 24 Saveriu)

596 1871 105 21 Saveriu.
708 1880 26 4 —
739 1871 49 20 Bon
796 1870 105 25 ghiornu,
910 1869 45 21 bon
970 1868 75 26 ghior-

571 1906 39 15 nu.
619 1899 104 24 Aghiu'in
726 1903 48 16 tesu
796 1898 35 20 chi
849 1904 29 14 vo
893 1897 55 21 erati
967 1897 28 20 da
1014 1896 28 21 sti

570 1929 57 24 parti
636 1934 13 14 e
658 1927 31 21 mi
698 1928 26 20 sè
731 1927 80 21 vulutu
819 1925 84 22 affaccà
916 1924 128 27 (Bagendu-

569 1955 26 26 li)
598 1957 76 20 Allora
679 1962 89 19 sempre
780 1955 28 20 be
816 1961 13 13 a
837 1954 84 20 saluta?

597 1983 217 23 Ors’Antonu.—lé,
824 1988 57 15 nous
890 1987 104 15 .sommes
1008 1987 36 14 ve-

570 2019 44 14 nus
622 2013 14 20 à
645 2019 59 14 nous
711 2018 78 19 passer
797 2017 30 14 un
837 2010 66 23 mois,
912 2016 37 14 ma
960 2009 84 20 femme

569 2041 86 20 voulait
670 2040 51 21 voir
732 2040 34 20 les
779 2042 91 22 parents
887 2044 44 16 ma,
944 2037 25 25 je
984 2037 60 20 crois

570 2069 87 25 qu’elle,
659 2067 103 23 voudrait
765 2067 52 25 déjà
825 2067 46 20 s’en
880 2066 63 21 aller.

594 2097 79 20 Maria
682 2095 131 21 Dum.—Je
824 2098 24 17 te
856 2094 66 21 crois.
929 2093 29 21 Je
972 2099 71 19 pense

569 2125 51 23 déjà
631 2127 114 18 comment
750 2124 25 24 je
784 2123 49 20 vais
847 2122 57 20 faire
911 2128 58 19 pour
983 2122 60 19 m'en

570 2156 125 17 retourner.
713 2152 61 20 Pour
788 2151 65 20 venir
876 2156 83 14 encore
984 2155 59 14 nous

569 2187 71 15 avons
657 2181 47 25 pris
726 2180 67 20 l’auto
805 2185 14 14 a
833 2178 134 25 Propriano,
984 2177 59 20 mais

569 2215 57 19 pour
634 2212 117 17 retourner
759 2213 28 14 en
797 2206 115 24 cabriolet,
926 2205 78 26 quand
1013 2211 29 14 on

569 2237 58 20 n’est
634 2236 53 25 plus
696 2235 125 22 habituée..

578 2275 5 5 -
593 2263 215 22 Saveriu.—Ehîchi
814 2262 125 21 babbituha
947 2267 44 14 una
997 2261 47 20 bel-

567 2293 22 20 la
597 2292 73 21 mula..
684 2291 88 25 Dighià,
780 2290 135 23 oOrs’Antè,
925 2289 68 26 aghiu
1005 2295 40 14 an-

568 2320 63 21 ch'eu
638 2327 31 14 un
678 2319 125 21 zitellacciu
812 2318 36 21 chi
856 2318 19 20 si
881 2317 162 25 vurria'ingag-

567 2349 44 25 già.
621 2347 148 22 Chinedice?

594 2377 153 20 Ors’Antonu.
751 2387 27 4 —
783 2375 74 23 Pardi,
862 2373 96 21 faites-le
964 2374 78 25 partir.

568 2404 111 26 Qu’est-ce
696 2403 53 26 qu’il
764 2410 28 13 va
804 2402 57 21 faire
874 2402 110 20 ici?Avec
1001 2407 42 14 son

567 2433 133 20 instruction
709 2432 15 20 il
734 2435 54 22 peut
793 2431 104 25 toujours
902 2430 86 20 arriver
996 2435 48 14 ser-

566 2464 55 22 gent
626 2464 22 17 et
656 2461 66 24 après
728 2466 24 14 se
760 2463 93 17 trouver
861 2465 46 13 une
913 2459 75 19 bonne
996 2457 47 25 pla-

566 2495 33 15 ce,
606 2489 116 22 douanier,
735 2491 72 21 .agent
816 2487 28 19 de
853 2486 81 25 police,
948 2485 94 26 gardien

566 2517 29 20 de
600 2517 86 25 prison.
693 2516 32 20 Ce
733 2521 49 14 sera
790 2521 30 14 un
827 2521 43 19 peu
877 2514 75 20 mieux
961 2520 46 18 que
1015 2513 28 20 de

566 2545 115 20 travailler
689 2544 21 20 la
716 2547 67 20 terre;
790 2546 23 17 et
822 2542 51 26 puis
882 2542 16 20 il
907 2548 13 14 a
935 2548 24 14 sa
966 2541 78 20 retrai-

566 2576 30 17 te.
602 2572 24 20 Si
631 2573 74 20 c’était
710 2572 53 23 moi,
763 2571 25 25 je
796 2570 170 25 m’engagerais.
980 2569 62 21 Vous

566 2607 71 19 voyez
645 2601 54 20 moi.

591 2628 138 21 Saveriu.—
734 2627 25 21 In
769 2627 56 20 fâtti!
839 2628 13 19 è
861 2630 59 17 statu
938 2626 30 20 ai
986 2625 56 21 scoli

565 2663 46 14 nna
619 2663 13 13 a
649 2655 140 24 sedici'anni,
799 2662 31 13 un
841 2661 29 18 po
888 2654 70 20 micca
967 2653 23 21 fà
1011 2660 30 13 un

565 2684 157 26 zappaghiolu,
747 2683 71 20 allora
838 2683 24 19 ni
882 2682 158 25 parlaremmu.

565 2712 71 26 Speru
645 2712 36 20 chi
691 2711 125 25 quand’ellu
831 2710 78 20 vînarà
925 2717 14 13 a
960 2709 83 21 Marse-

565 2740 45 25 glia
622 2739 183 26 faretequalcosa
814 2745 41 18 par
860 2738 54 20 ellu.

593 2767 218 26 Ors’Antonu.—Ça
820 2772 56 15 vous
890 2772 87 19 pouvez
993 2765 49 20 être

565 2796 185 25 tranquille,avec
757 2795 35 20 les
800 2800 56 20 gens
863 2800 45 19 que
916 2800 60 14 nous
989 2799 53 14 con-

566 2824 113 20 naissons,
686 2822 25 26 (a
717 2822 72 21 Maria
799 2821 143 26 Dumenica')
946 2821 35 21 Tu
995 2821 47 20 sais

565 2852 22 20 la
596 2852 119 25 concierge
723 2851 30 19 du
759 2850 119 21 conseiller
886 2850 99 26 général.

592 2880 106 20 Saveriu.
705 2889 26 4 —
737 2878 18 21 E
760 2879 30 24 pè
797 2877 68 26 aghiu
869 2879 21 20 à.
899 2877 89 25 Landry
1004 2876 36 21 chi

566 2908 190 24 m’haprumessu.
767 2906 36 20 Un
810 2907 22 19 lu
847 2909 55 17 votu
915 2912 41 19 par
973 2905 67 20 altru.

566 2935 44 20 Tra
616 2936 54 19 un'e
676 2935 108 20 l’altru....

589 2961 129 24 (Ghiunghimi
726 2961 30 18 ziu
764 2961 103 18 Francescu
875 2965 11 13 e
892 2961 33 17 zia-
929 2960 89 23 Catalina)

590 2988 44 20 Ziu
641 2988 137 20 Francescu.
784 2999 27 4 —
815 2987 63 20 Bona
884 2993 58 16 sera,
952 2992 15 14 o
973 2986 66 23 Savé,

565 3016 58 19 seda
630 3015 30 21 sti
672 3014 70 26 parti?
750 3015 10 20 I
770 3015 57 20 vede
835 3014 20 20 ci
869 3015 26 19 sò
901 3014 113 21 anch’elli.

592 3042 234 21 Saveriu.—Esarete
839 3043 30 24 pè
881 3045 108 18 cuntente
1007 3045 33 16 tra

564 3074 26 17 tu
599 3077 13 13 e
621 3071 103 19 Catalina
731 3071 5 18 !

591 3098 44 20 Zia
646 3098 148 20 Catalina.—
803 3098 34 20 Un
847 3098 53 20 dieu
908 3098 79 23 micca,
1004 3104 37 13 ma

564 3125 60 20 saria
632 3129 57 16 stata
702 3126 39 24 piu
750 3129 107 17 cuntente
865 3126 125 20 s’ell’eranu
999 3128 45 18 sta-

565 3153 18 19 ti
590 3154 41 19 trè.
641 3153 31 20 Sò
682 3154 29 23 pè
720 3154 34 18 trè
763 3153 54 20 anni
829 3153 43 20 aile
890 3153 53 24 fine,
955 3153 36 20 chi
1014 3159 29 13 ne

565 3180 68 20 dice?

592 3208 154 20 Ors’Antonu.
752 3217 26 4 —
787 3207 34 21 Ne
826 3215 55 14 vous
887 3215 29 13 en
924 3208 66 20 faites
1000 3214 41 19 pas

565 3235 82 25 Quand
657 3241 57 14 nous
723 3235 115 21 voudrons
850 3242 59 15 nous
916 3243 28 14 en
958 3242 85 15 aurons

565 3263 40 20 des
621 3263 96 20 enfants.
728 3261 44 22 Sur
783 3263 22 20 le
820 3264 116 20 continent
957 3271 29 13 on
1001 3264 43 20 sait

565 3294 114 17 comment
687 3290 63 20 faire.

591 3318 153 20 Saveriu.—I
750 3319 65 22 vede,
823 3319 6 20 i
847 3319 140 24 francisacci,
1003 3319 41 20 im-

565 3352 87 19 paranu
666 3348 68 18 tuttu.
748 3345 33 20 Cu
793 3346 7 19 i
818 3347 56 19 soldi
890 3354 14 13 a
916 3354 36 13 me
964 3353 78 14 cara...

565 3374 43 20 Aîo
621 3373 36 20 chi
665 3373 32 20 mi
706 3373 24 20 ni
739 3373 75 25 vogliu
820 3374 126 25 andà,vegu
955 3375 36 20 chi
1002 3374 42 20 Ca-

566 3401 68 20 talina
640 3404 69 17 mette
717 3401 87 19 ataula.

591 3428 45 21 Ziu
642 3428 138 20 Francescu.
788 3428 53 20 —O
849 3428 102 24 Savé,stà
957 3429 86 24 pure,si

566 3460 24 16 tu
597 3456 51 20 vole
657 3462 45 13 una
710 3455 146 20 cucchiaradi
865 3462 72 19 suppa
945 3457 33 19 c’è
983 3462 59 14 ancu

567 3484 86 24 partèe
662 3484 50 19 sarà
721 3489 30 14 un
762 3483 91 24 piaceri.

592 3511 107 21 Saveriu.
714 3520 26 4 —
751 3510 27 21 Vi
798 3511 118 25 ringraziu,
939 3513 105 24 m'aspet-

565 3539 48 20 tani
637 3539 63 19 anc’a
722 3544 44 14 me.
788 3539 104 25 Magnete
909 3539 66 20 ch’un
1005 3545 39 17 ap-

566 3566 75 25 pitittu
651 3573 13 13 e
673 3566 100 20 avedaci.
782 3567 76 21 Allora
867 3572 87 14 semmu
966 3566 75 22 ïntesi,

567 3600 14 14 o
591 3593 125 21 Ors'Antè?

594 3622 183 20 Ors’Antonu.—
782 3621 59 21 C’est
858 3622 106 21 entendu,
978 3620 65 20 faites

565 3649 23 19 le
596 3649 65 20 venir
669 3650 14 19 à
692 3649 119 20 Marseille.

591 3674 75 25 (Tutti
673 3677 24 19 in
706 3675 89 26 serabu)
801 3677 63 19 Bona
872 3676 105 23 sera,bon
987 3675 54 19 soir.

566 3702 102 23 (Saveriu
678 3703 69 25 sorte)

1098 359 79 21 Maria
1186 359 70 20 Dum.
1263 368 25 5 —
1296 356 48 22 Ouf
1356 355 14 20 il
1380 358 34 17 est
1425 355 57 24 parti
1491 360 56 14 avec

1070 395 25 14 sa
1104 388 61 24 pipe.
1172 386 61 20 C’est
1242 393 38 17 pas
1289 389 49 19 trop
1345 384 38 19 tôt.
1395 382 17 20 II
1419 389 36 13 me
1464 383 84 24 dégoû-

1070 416 41 20 tait
1120 420 55 14 avec
1184 420 42 13 son
1235 414 63 20 tabac
1310 417 71 15 corse.
1391 410 40 20 S’il
1440 410 53 19 était
1502 416 45 13 res-

1070 444 23 19 té
1096 443 24 24 je
1128 448 28 14 ne
1162 442 115 23 mangeais
1283 446 47 20 pas;
1339 441 90 17 surtout
1446 437 52 25 qu’il
1513 440 34 16 est

1070 474 52 20 trop
1127 470 76 19 bonne
1212 468 76 21 heure.

1095 498 45 20 Zia
1150 496 145 21 Catalina.—
1300 495 30 20 Sò
1340 494 28 24 pò
1376 493 65 25 guasi
1446 493 100 22 sei’ore,a

1070 532 37 14 me
1116 524 93 26 figliola.

1095 553 79 20 Maria
1182 552 69 20 Dum.
1261 552 28 19 Je
1298 549 140 25 comprends,
1447 555 36 14 ma
1492 549 55 20 chez

1070 586 58 14 nous
1136 586 13 14 a
1158 578 112 21 Marseille
1277 583 58 14 nous
1350 583 122 18 mangeons
1487 576 59 20 tard.

1096 607 65 21 Enfin
1171 613 26 18 ça
1207 606 40 20 fait
1255 606 54 20 rien.
1321 605 33 19 De
1362 604 53 25 quoi
1427 604 42 20 elle
1482 607 35 17 est
1525 607 22 16 ta

1069 635 89 26 soupe?

1094 663 45 20 Zia
1150 662 117 21 Catalina.
1274 671 26 4 —
1306 659 28 20 Di
1343 659 83 25 fagiolu
1435 658 81 21 frescu.

1097 690 148 21 Ors’Antonu
1261 694 13 13 e
1286 687 79 20 Maria
1379 687 135 20 Dumenica.
1522 696 26 4 —

1071 718 128 25 Fagiolu!...

1096 746 78 20 Maria
1185 743 136 22 Dumenica.
1327 755 27 4 —
1361 743 96 21 J’aurais
1475 742 73 26 préfé-

1070 775 25 19 ré
1102 781 32 13 un
1149 772 101 22 bouillon
1260 771 28 20 de
1296 771 89 20 viande.
1397 771 43 21 Les
1449 771 99 20 haricots

1070 808 39 14 sur
1131 802 22 20 le
1171 800 123 22 continent,
1309 805 28 14 on
1357 806 27 13 en
1403 806 81 18 mange
1507 805 41 19 pas

1070 832 104 18 souvent.
1184 827 66 22 Enfin
1257 833 56 19 pour
1322 827 53 22 ici...

1098 856 180 22 Ors'Antonu.—
1287 855 62 20 Pour
1358 861 44 14 une
1408 853 50 26 fois,
1468 855 81 25 depuis

1069 888 49 18 tant
1127 885 28 20 de
1163 888 74 21 temps
1245 883 67 25 qu’on
1322 884 48 19 n’en
1380 890 14 13 a
1409 889 40 19 pas
1466 883 82 25 mangé

1070 922 26 18 ça
1104 914 111 22 nousfera
1225 920 40 20 pas
1273 914 52 23 mal,
1331 920 27 14 va
1375 913 38 25 (Si
1420 917 99 17 mettenu
1533 920 13 14 a

1069 944 76 20 tavula
1151 944 8 22 )

1094 972 45 21 Zia
1150 968 329 27 Catalina(Servendu\e).—Se
1483 970 65 20 I’avia

1069 999 200 21 induvinatà.Maè
1277 998 59 21 bona
1343 1005 14 14 e
1365 1005 29 18 po
1403 998 32 20 c’è
1443 1005 36 13 um
1491 1004 59 14 mez-

1069 1035 29 13 zu
1119 1027 60 25 gallu
1205 1027 114 23 arrustitu,
1340 1034 15 13 u
1373 1026 22 21 vi
1418 1029 131 22 magnarete

1070 1062 108 19 appressu
1201 1061 14 14 e
1227 1061 39 19 par
1275 1055 97 20 dumane
1389 1054 22 21 vi
1425 1054 125 25 priparara-

1070 1084 56 25 ghiu
1134 1090 31 14 un
1174 1083 80 20 brodu.

1095 1112 45 20 Ziu
1146 1111 137 21 Francescu.
1289 1120 27 4 —
1320 1110 18 21 E
1347 1114 103 22 magnete
1458 1110 35 20 chi
1500 1116 50 19 gra-

1070 1140 35 20 zia
1113 1146 14 14 a
1135 1140 44 20 Diu
1187 1146 31 13 un
1227 1139 21 20 ci
1256 1145 79 14 manca
1341 1139 28 20 da
1377 1139 82 25 magnà
1476 1139 30 20 nè
1519 1138 29 20 da

1072 1168 57 20 beve
1137 1166 22 27 (a
1166 1168 141 20 Ors’Antonu
1317 1167 134 20 varsendule
1459 1173 15 14 u
1483 1165 66 26 vinu)

1071 1196 39 23 Tè,
1130 1198 13 18 ó
1166 1195 120 24 Ors'Antè,
1304 1194 80 21 tastaia
1401 1198 37 17 stu
1452 1194 54 21 vinu
1524 1194 24 23 di

1071 1224 137 24 quatr'anni,
1223 1223 68 21 Chini
1300 1223 67 20 dice?

1098 1251 156 21 Ors’Antonu.
1259 1262 24 4 —
1288 1247 16 25 É
1314 1251 59 21 bonu
1383 1257 42 19 par
1440 1251 42 20 Diu
1492 1250 57 21 San-

1071 1279 31 21 tu!
1113 1280 42 20 Par
1164 1286 82 18 quessa
1256 1281 28 24 pf>
1293 1287 13 13 u
1318 1279 51 21 vinu
1384 1285 65 14 corsu
1460 1285 29 14 un
1497 1279 21 19 la
1527 1279 20 20 si

1071 1307 68 21 lascia
1149 1307 21 20 fà
1180 1308 29 20 da
1218 1308 104 20 un’altru.

1096 1335 44 21 Ziu
1151 1334 330 26 Francescu(ridendu)—Pare
1488 1341 58 14 ancu

1071 1363 79 20 ch’ellu
1165 1363 93 26 scioglie
1266 1370 12 14 a
1288 1364 75 25 lingua
1373 1369 13 14 o
1396 1363 79 20 ch’ellu
1497 1362 50 21 face

1072 1392 63 24 parlà
1145 1391 83 21 Corsu.

1097 1419 78 21 Maria
1190 1420 128 21 Dumenica
1330 1419 110 25 (Calendu
1459 1426 13 13 u
1488 1425 57 19 capu

1072 1454 30 13 un
1113 1453 58 19 pocu
1189 1447 182 27 vargugnosa—)
1380 1447 35 21 Ma
1435 1454 28 13 un
1478 1447 20 20 ci
1521 1447 23 20 ni

1071 1482 89 14 semmu
1168 1475 73 22 micca
1249 1476 97 24 sçurdati
1363 1476 63 20 tütt’a
1439 1475 56 21 fattu
1506 1482 38 18 no,

1071 1503 97 26 quâlche
1176 1504 116 25 parulefla,
1298 1511 14 13 e
1324 1505 29 24 pè
1362 1510 27 14 cu
1397 1510 71 14 vo.....
1493 1522 3 2 .

1096 1532 44 20 Ziu
1148 1531 209 22 Francescu.—Cu
1365 1532 38 20 noi
1411 1538 14 14 e
1442 1538 27 14 cu
1484 1532 60 23 tutti,

1071 1560 86 24 parlete
1172 1566 75 18 corsu,
1261 1561 8 19 i
1290 1567 38 14 me
1347 1560 78 25 figlioli
1447 1560 66 20 ch’un
1532 1561 14 19 è

1071 1594 151 19 vargugnosa.
1246 1588 9 20 I
1270 1589 70 20 nostri
1359 1588 88 26 parenti
1469 1588 76 21 I’hanu

1070 1622 91 19 sempre
1169 1616 63 25 parla
1233 1620 24 17 tu
1266 1623 12 13 e
1288 1623 29 14 vo
1326 1620 72 17 stessu
1406 1617 81 20 l'avete
1495 1622 51 19 par-

1070 1644 46 21 latu
1126 1645 73 24 prima
1212 1644 95 26 d’oghie.
1317 1645 26 20 In
1353 1644 92 21 Frâncià
1459 1651 31 14 un
1512 1644 33 21 di-

1070 1679 28 14 eu
1107 1672 81 24 micca,
1198 1679 37 14 ma
1241 1674 45 24 qui,
1291 1673 90 25 quânde
1390 1672 22 21 vi
1422 1675 65 18 sentu
1493 1679 51 19 par-

1070 1701 22 20 là
1100 1701 106 20 francesu
1216 1701 31 20 mi
1253 1707 53 19 pare
1318 1701 42 20 che
1368 1707 30 14 vo
1414 1701 57 20 siate
1487 1704 58 17 stra-

1070 1729 66 24 nieri;
1145 1735 71 14 senza
1224 1730 66 19 cuntà
1302 1729 61 20 ch'in
1372 1735 70 19 paesu
1448 1729 94 20 ridaria-

1070 1764 31 14 nu
1108 1758 24 19 di
1142 1764 37 14 vo.

1098 1786 164 20 Ors’Antoniu.
1268 1795 26 4 —
1301 1785 159 25 Aveteraggiè,
1471 1791 13 15 o
1490 1785 55 20 bab-

1069 1814 30 20 bu
1110 1821 7 17 ;
1127 1814 18 20 A
1154 1813 92 21 m’hanu
1254 1813 75 25 dighià
1335 1813 54 20 fatta
1398 1817 71 17 sente.

1094 1842 45 20 Ziu
1146 1841 164 21 Francescu.—
1319 1841 84 24 Videte,
1411 1841 69 20 allora
1488 1847 52 17 senr

1068 1869 41 21 tite
1117 1876 14 14 a
1139 1876 37 14 me
1189 1876 14 14 e
1211 1870 89 20 làsciate
1306 1876 16 14 u
1331 1869 105 21 francesu
1445 1869 28 20 da
1490 1876 51 18 par-

1069 1901 30 17 te.

1095 1925 125 21 Daltronde
1229 1926 93 25 bisogna
1334 1932 13 14 a
1355 1926 54 25 sapé
1417 1926 36 20 chi
1465 1925 77 26 quellu

1069 1953 36 22 chi
1112 1954 78 24 rinéga
1197 1954 14 19 à
1219 1960 26 14 so
1253 1954 76 25 lingua
1339 1954 77 24 rinega
1425 1961 15 13 u
1449 1960 26 14 so
1491 1956 53 22 paé-

1068 1983 27 18 sii
1110 1988 14 13 e
1140 1987 14 14 a
1163 1987 25 14 so
1204 1981 105 25 famiglia,
1320 1988 12 13 e
1349 1988 30 13 un
1393 1983 14 19 è
1423 1982 69 20 micca
1507 1982 35 20 bè.

1068 2009 90 24 Alè,chi
1167 2009 57 20 caffè
1233 2016 29 13 un
1272 2010 23 19 ni
1304 2009 78 25 pigliu;
1393 2010 126 25 vogîi’andà
1527 2016 13 14 a

1068 2037 95 21 fumami
1172 2043 47 14 una
1233 2038 51 24 pipa
1297 2037 182 25 primad'andàa
1491 2038 53 20 dor-

1068 2072 44 14 me.
1123 2065 33 21 Vo
1165 2065 108 25 piglietivi
1287 2072 13 13 u
1320 2069 76 17 vostru
1413 2065 56 21 caffè
1481 2069 63 17 tran-

1068 2093 65 25 quilli
1142 2099 13 14 e
1165 2093 46 20 fate
1219 2093 89 21 cos'ella
1317 2094 21 20 vi
1347 2100 62 19 pare.
1421 2093 34 21 No
1473 2094 19 20 ci
1508 2100 35 14 ar-

1068 2122 100 19 rizzemu
1176 2121 23 19 di
1209 2122 83 20 honora
1301 2121 134 21 ch’andemu
1444 2122 22 20 in
1481 2128 60 14 cam-

1067 2155 83 19 pagna.
1164 2149 24 20 Si
1203 2156 29 14 vo
1245 2156 30 13 un
1288 2153 61 17 erate
1366 2149 85 25 fatîgati
1466 2150 22 20 vi
1510 2151 33 19 di-

1067 2177 35 20 cia
1111 2177 23 20 di
1150 2177 108 20 ven’ancu
1274 2184 36 14 vo.
1330 2178 35 20 Ma
1373 2182 91 16 avarete
1481 2178 60 20 biso-

1067 2212 47 18 gnu
1124 2205 21 19 di
1154 2205 87 24 riposu.
1247 2206 75 20 AUora
1328 2206 58 20 bona
1396 2212 50 14 sera
1452 2212 14 14 e
1480 2207 60 24 ripo-

1068 2237 49 17 sete
1123 2233 35 24 bè;
1165 2233 176 25 mammata,farà
1349 2234 8 19 i
1366 2234 63 24 piatti
1436 2234 108 21 dumane.'

1069 2261 59 21 Dalîi
1136 2268 15 12 u
1158 2267 26 14 so
1194 2261 78 24 caffè,o
1281 2262 80 20 Catali.

1093 2289 80 21 Maria
1191 2289 129 21 Dumenica
1325 2301 27 4 —
1356 2290 42 23 No,
1422 2296 38 18 no,
1475 2297 28 13 va
1529 2297 14 14 e

1068 2317 80 20 dorme
1153 2323 15 14 o
1182 2324 97 14 mamma
1288 2317 37 21 chi
1339 2324 15 13 u
1363 2317 102 26 faraghiu
1479 2324 28 15 eu
1526 2325 15 13 u

1068 2345 65 21 caftè.
1157 2345 88 21 Avemu
1266 2346 129 20 l’abitudine
1419 2346 23 20 di
1466 2346 76 25 vighià

1068 2373 105 21 noi’altri.
1196 2393 6 3 .

1093 2401 45 21 Zia
1149 2401 111 22 Catalina
1266 2412 25 4 —
1296 2402 76 20 Allora
1381 2405 58 17 stete
1447 2402 7 20 i
1461 2402 46 21 mio
1518 2402 26 21 fi-

1065 2431 72 25 glioli.
1148 2430 51 24 Alo,
1206 2430 58 21 bona
1269 2436 50 14 sera
1327 2429 17 25 (i
1350 2430 64 25 bagia
1423 2436 13 14 e
1444 2430 19 20 si
1472 2430 24 21 hi
1506 2430 37 26 và)

1090 2457 164 20 Maria'Dumenica
1259 2462 10 14 e
1273 2457 115 19 Ors’Antona
1392 2456 83 20 ferinane
1480 2454 42 22 sofi.

1092 2485 80 21 Maria
1180 2483 190 22 Dumenica.—A
1382 2483 36 21 chi
1436 2490 78 18 pense,
1528 2490 15 14 o

1068 2511 127 22 Ors’Antè?

1095 2539 259 23 Ors’Antonu.—Pehsu
1363 2546 12 13 a
1382 2540 14 19 à
1405 2543 77 17 nostra
1490 2543 53 17 tun-

1067 2569 31 20 tia
1105 2571 15 18 è
1129 2575 12 14 a
1150 2575 8 14 x
1167 2568 64 26 paroi
1233 2568 6 20 i
1248 2568 22 20 di
1280 2567 100 21 babbitu.
1391 2567 68 21 Tuttu
1467 2568 75 20 riden-

1067 2598 31 19 du
1107 2597 21 20 ci
1136 2597 31 20 ha
1171 2595 58 21 fattu
1236 2598 44 19 unà
1288 2595 86 21 leziône
1383 2596 36 20 chi
1427 2596 30 20 mi
1463 2602 58 14 vene
1527 2602 16 15 u

1067 2629 66 17 rôssu
1138 2625 25 20 in
1171 2624 76 21 fronte
1255 2623 76 21 niente
1339 2624 41 20 che
1387 2623 23 20 di
1428 2624 112 24 pensacci.

1068 2653 40 20 Vai
1118 2653 37 20 chi
1167 2659 12 13 a
1189 2652 110 25 prossima
1308 2652 61 20 volta
1377 2658 33 14 un
1418 2652 31 20 mi
1458 2652 80 24 piglia-

1067 2688 31 13 nu
1105 2681 40 25 più
1150 2687 14 14 a
1172 2680 64 24 parla
1250 2679 108 25 francese,
1368 2679 82 21 maheu
1474 2686 25 14 se
1517 2680 26 21 sè

1067 2709 50 20 deci
1126 2709 62 20 anni.

1092 2737 80 21 Maria
1191 2735 137 22 Dumenica.
1333 2736 27 16 4*
1370 2735 70 21 Ed'eu
1457 2742 30 14 un
1515 2736 26 20 sè

1066 2765 117 21 cioch’ellu
1205 2764 31 20 mi
1252 2763 51 21 tehe
1316 2763 53 21 d’un
1386 2763 49 21 dilli
1452 2766 60 18 tuttu
1530 2770 14 14 a

1066 2793 83 21 babbu.
1159 2791 98 26 Quànde
1262 2797 71 19 pensu
1342 2797 13 14 a
1364 2791 87 21 riturnà
1460 2797 14 14 a
1482 2791 59 21 Mar-

1065 2821 71 26 seglia
1145 2819 141 25 duvequella
1297 2819 125 25 scimpiona
1431 2819 23 20 di
1466 2819 71 21 Picon

1066 2852 32 17 uxi
1106 2847 148 25 sè...Vardaja
1270 2847 19 20 si
1303 2853 30 15 no
1339 2854 31 13 un
1386 2847 31 21 fax
1421 2847 61 20 iamu
1498 2853 46 14 una

1066 2878 61 20 bona
1148 2876 47 20 vita
1209 2876 40 24 qui
1264 2881 28 14 eu
1306 2875 8 19 i
1329 2876 71 19 nostri
1416 2875 83 25 vecchj.
1519 2875 25 20 Si

1066 2911 98 14 mamma
1173 2910 25 14 sa
1200 2904 60 24 pisse
1264 2903 53 20 tutti
1321 2903 8 20 i
1333 2903 71 20 nostri
1409 2903 51 25 guai
1468 2909 75 14 scum-

1065 2936 72 17 mettu
1145 2932 80 20 ch’ella
1234 2931 29 20 du
1265 2934 68 17 venta
1344 2937 106 14 scemma.

1093 2959 153 22 Ors'.Antonu.
1252 2967 26 5 —
1282 2958 49 21 lé...
1360 2958 92 21 S’ell'un
1479 2958 63 21 fusse

1065 2988 61 20 chi.u
1136 2992 72 20 paésa
1217 2987 20 21 si
1247 2986 81 21 ridaria
1337 2987 23 19 di
1374 2993 38 16 no,
1423 2987 30 20 t'a
1454 2992 11 14 s
1466 2987 61 20 sieur
1528 2993 14 14 u

1067 3015 107 21 ch’ell'uh
1183 3015 33 20 mi
1225 3014 55 21 faria
1286 3014 62 21 nulla
1355 3014 21 21 di
1386 3014 69 25 piglià
1464 3018 15 16 ü
1493 3021 52 19 zap-

1067 3050 70 18 ponu,
1145 3049 64 14 ma...

1092 3071 79 21 Maria
1176 3071 71 20 Dum-
1252 3081 27 5 —
1285 3069 89 25 Quessa
1377 3076 33 14 un
1417 3070 23 20 la
1448 3069 94 25 pudem-

1067 3102 39 18 mù
1120 3099 22 20 fà
1151 3102 29 22 pà
1190 3105 15 14 u
1214 3100 124 22 moméntu;
1347 3098 61 24 dopu
1416 3098 66 19 d'avè
1494 3097 50 20 det-

1067 3131 26 17 tu
1098 3127 37 20 chi
1143 3133 31 14 no
1183 3132 79 15 eramu
1268 3126 48 20 cusi
1328 3126 29 20 bè
1364 3125 109 20 avarianu
1493 3131 51 19 rag-

1067 3155 37 25 giè
1113 3155 23 20 di
1141 3154 109 26 jucacçia
1259 3153 52 21 risa.
1321 3152 76 22 Allora
1406 3152 138 21 circhemmu

1067 3183 24 20 di
1099 3183 25 19 fà
1132 3182 100 25 figura...

1096 3210 187 21 Ors’A.ntonu.—
1289 3209 49 20 Dici
1349 3209 27 20 bè
1382 3211 32 21 tu,
1423 3214 36 14 ma
1466 3214 30 13 un
1506 3208 38 20 t’a-

1067 3238 57 26 ghiu
1136 3237 46 21 mai
1198 3237 62 20 dettu
1273 3240 60 17 tuttu
1348 3236 88 20 manc’a
1444 3238 29 17 té.
1477 3235 68 25 Aghi’

1067 3266 54 25 agiu
1130 3265 37 21 chi
1175 3264 24 20 fk
1208 3271 13 13 u
1228 3263 61 24 fïeru.
1295 3265 40 24 qui
1344 3270 28 14 cu
1380 3263 8 20 i
1398 3263 95 25 paisani,
1511 3270 32 13 un

1067 3300 71 18 possu
1147 3293 45 20 mai
1209 3291 135 21 scurdammi
1362 3291 22 20 di
1393 3297 14 14 a
1423 3290 120 21 facciaccia

1067 3322 25 19 di
1100 3320 167 26 queli’ufficiale
1276 3320 23 20 di
1306 3319 87 25 pulizza
1401 3318 23 20 di
1433 3325 13 13 a
1463 3323 11 11 «
1482 3319 63 20 Belle

1068 3349 29 19 de
1105 3348 45 20 Mai
1156 3355 18 12 ».
1187 3347 67 25 Sapie
1271 3347 42 20 che
1329 3353 31 13 un
1373 3346 27 19 sè
1416 3346 45 20 mai
1475 3346 69 24 juntu

1067 3382 47 14 una
1120 3375 61 20 volta
1189 3381 14 13 a
1213 3381 15 13 u
1237 3378 64 22 postu
1310 3379 66 15 sensa
1389 3373 101 20 ch’ell’un
1494 3377 52 17 .tru-

1067 3403 62 21 vassi
1149 3402 108 25 qualcosa
1268 3409 14 14 a
1298 3402 32 19 di.
1344 3405 12 11 «
1365 3401 115 22 Fainéant,
1497 3401 48 20 sale

1067 3437 73 17 corse,
1147 3429 71 21 crétin
1227 3436 10 11 »
1255 3429 51 22 tutti
1312 3429 9 20 i
1328 3428 61 25 jorni
1402 3428 31 20 mi
1446 3428 23 20 ni
1486 3428 60 21 dicia

1067 3464 55 15 una.
1130 3457 70 20 S’ellu
1209 3464 38 13 era
1254 3458 47 25 qui,
1316 3456 9 20 l
1330 3456 51 20 avia
1398 3455 117 25 sciappatu
1529 3463 15 13 u

1067 3492 75 18 rugnu
1151 3491 15 13 u
1175 3485 96 20 sicondu
1274 3485 77 25 jbrnu;
1362 3490 36 13 ma
1413 3483 75 25 quallà
1507 3484 38 20 chi

1067 3513 66 20 vole?
1142 3512 23 20 ci
1180 3512 53 20 vole
1241 3513 41 20 che
1293 3511 42 21 cali
1353 3517 16 13 u
1381 3517 65 18 capu,
1459 3517 38 14 ma
1514 3518 32 13 un

1067 3547 52 13 so...
1130 3546 13 13 o
1153 3546 28 13 eu
1200 3540 100 20 scambiu
1316 3538 22 20 di
1348 3538 87 25 brigata
1446 3544 13 14 o
1477 3539 19 19 si
1515 3546 31 12 no

1067 3568 79 20 s’hanu
1157 3566 132 22 da’mbruttà
1297 3565 87 21 l’affari.
1392 3566 19 19 E
1417 3572 31 13 un
1458 3572 25 14 so
1491 3566 57 20 mic-

1067 3602 28 13 ca
1104 3594 50 20 solu
1161 3600 75 17 corsu,
1243 3602 31 13 un
1280 3594 23 21 ni
1314 3600 29 18 po
1353 3593 56 20 vede
1420 3593 25 20 in
1453 3593 93 24 pittura,

1067 3623 21 19 si
1100 3621 93 20 diciaria
1203 3622 36 20 chi
1248 3629 29 14 no
1292 3622 17 19 li
1317 3621 84 20 livemu
1410 3628 16 12 u
1443 3627 58 18 pane
1522 3622 23 19 di

1067 3650 78 19 bocca.

1093 3673 79 21 Maria
1183 3674 71 20 Dum.
1262 3686 28 4 —
1298 3674 36 20 Un
1343 3673 22 20 la
1370 3673 34 20 sai
1414 3679 31 18 po
1455 3679 91 18 quessa.

1067 3701 74 20 Duve-
1151 3700 72 20 Picon
1248 3708 12 13 e
1268 3702 28 19 da
1311 3704 91 21 partutu
1418 3701 14 19 è
1449 3700 96 22 listesse.

1571 97 81 21 Avarai
1660 96 50 25 agiu
1718 95 41 21 che
1768 94 86 21 cambia
1861 93 21 20 di
1900 92 86 25 brigata
1995 98 13 13 e
2025 91 22 20 di

1572 132 79 18 paesu,
1669 122 92 22 sintarei
1784 122 83 24 sempri
1894 120 64 21 «sale
1975 125 71 17 corse,

1572 153 85 23 bandit,
1674 157 81 15 encore
1772 150 31 20 toi
1811 155 10 10 »
1836 156 12 13 e
1863 147 141 26 cumpagnia.
2019 147 29 20 A-

1572 184 71 21 puntu
1649 180 20 20 si
1678 179 7 20 i
1694 177 115 26 magazeni
1825 177 16 20 ti
1851 176 90 20 servinu
1959 181 27 13 eu
2004 175 8 19 i
2024 178 23 16 to

1572 208 67 20 soldi.
1655 207 41 21 No,
1707 206 162 21 franenmente,
1879 210 30 14 un
1928 203 25 20 sè
1970 202 77 21 cioche

1572 242 29 13 no
1611 240 108 19 pensemu
1729 234 7 19 i
1754 232 66 21 corsi.
1830 231 75 21 Màsai
1919 237 32 14 un
1964 231 13 19 è
1988 236 57 14 ancu

1571 262 61 20 detta
1642 262 62 20 ch’eu
1714 261 92 20 ritorne.

1599 287 214 23 Ors'Antonu.—lé
1830 286 84 21 s’ell’un
1930 292 38 14 era
1985 286 29 25 pè
2033 292 11 13 a

1571 317 101 20 ritirata.

1596 342 78 20 Maria
1682 341 96 20 Dum.—
1787 339 42 21 Chi
1838 339 103 20 ritirata!
1948 338 76 20 Babbu
2033 344 13 13 e

1572 376 96 13 mamma
1677 368 82 20 n’hanu
1767 367 93 20 ritirata
1869 374 12 13 e
1890 368 28 23 pè
1931 367 69 19 allora
2009 365 36 20 chi

1571 397 15 20 li
1597 395 168 25 mancà?Dipiù
1775 399 59 16 tostu
1844 395 41 20 che
1895 401 29 13 un
1936 394 22 20 ni
1969 393 75 25 vogliu

1572 425 21 19 fà
1603 424 48 20 rida
1658 430 14 13 u
1682 430 76 18 paesu,
1769 429 81 19 quessa
1863 423 27 19 si.
1901 422 35 20 Un
1957 422 15 19 li
1990 421 56 20 vede

1572 452 50 20 tutti
1633 451 126 25 sti’xnpigati
1769 457 64 14 corne
1842 450 45 20 noi:
1895 450 23 19 in
1928 449 117 25 Marseglia

1572 479 60 20 famé
1649 479 125 25 e’nghiurii.
1784 478 99 21 Ghiuntu
1899 478 38 24 qui
1951 478 26 19 sè
1994 476 50 21 tutti

1572 507 91 24 listessi,
1679 507 73 24 furnu;
1771 507 71 20 allora
1860 512 65 14 comu
1952 505 37 20 vol
2014 504 29 20 fà.

1572 536 91 20 Semmu
1677 535 92 25 ubligati
1784 535 23 19 di
1828 534 21 20 fà
1860 533 130 21 comed’elli.
2002 533 44 24 Ap-

1572 563 74 25 pres’a
1663 566 58 16 tuttu
1749 562 20 21 ci
1786 569 37 13 ne
1840 568 56 13 ancu
1909 560 83 26 peghiu
2004 560 42 20 che

1572 598 37 13 no.

1600 616 150 20 Ors'Antonu.
1756 614 101 23 —Ié,ma
1864 620 27 14 eu
1900 613 146 25 n’aghi'abas-

1572 647 72 16 tanza.
1655 643 20 19 O
1684 642 77 21 laffari
1770 642 130 20 scambianu
1910 647 12 14 a
1929 648 15 12 u
1958 641 86 20 ritornu

1572 678 13 13 a
1595 670 116 25 Marseglia
1721 670 41 20 che
1771 670 19 20 si
1799 676 38 17 no,
1847 676 13 13 a
1868 669 17 20 ti
1894 669 60 22 dieu,
1963 668 31 21 mi
2001 668 45 20 fac-

1573 699 35 20 ciu
1624 698 99 21 rifurmà.
1742 698 75 25 Suppa
1835 698 22 20 di
1875 697 83 25 fagiolu
1972 703 31 14 un
2021 697 23 20 ni

1573 733 79 15 manca
1661 732 81 15 mancu
1754 727 48 24 qui;
1809 732 14 14 e
1831 726 89 20 almenu
1930 725 20 21 si
1964 731 81 19 magna

1573 754 114 26 tranquilli
1696 753 249 26 senz’essa'inghiuriati
1954 753 29 20 da
1997 759 48 14 unu

1573 783 46 21 eda
1629 783 101 24 l'altru;e
1739 784 28 24 pè
1781 789 15 14 u
1805 782 64 21 furnu
1883 789 15 13 u
1913 781 131 21 lasciaremu

1573 811 41 21 fàa
1628 811 37 20 chi
1671 811 57 20 vole.
1738 810 30 21 Sè
1777 810 115 21 un’ommu
1901 810 44 20 aile
1962 809 53 24 fine,
2032 815 13 13 e

1573 846 31 14 un
1613 839 83 25 voghiu
1711 839 39 25 più
1759 838 41 21 fàu
1809 845 58 14 canu
1884 838 64 21 sott’a
1965 843 81 15 crava-

1573 868 42 20 che
1623 867 108 22 francesa.
1748 867 54 20 Farà
1812 874 14 13 u
1840 873 58 14 canu
1911 866 36 21 chi
1957 865 59 22 vole.
2028 859 18 26 É

1573 896 61 20 detta
1642 902 69 14 esaia
1724 895 62 21 fatta.

1598 924 79 20 Maria
1688 924 70 20 Dum.
1763 935 27 4 —
1795 922 89 21 Rifletfe
1891 922 57 21 bèin
1957 928 30 14 na
1996 924 50 17 nut-

1573 955 46 17 tata
1628 958 13 14 e
1654 952 97 20 dumane
1763 951 23 21 ni
1795 951 126 25 parlaremu
1934 952 14 19 à
1962 949 82 21 babbu.

1574 980 74 21 Credu
1662 980 78 21 ch’ellu
1753 980 51 21 sarà
1825 982 113 18 cuntente.
1960 978 35 20 Ma
2014 983 30 14 un

1573 1008 86 21 dimmu
1671 1008 160 25 nulla’npaesu.

1601 1036 178 21 Ors’Antonu.—
1788 1036 35 20 Un
1832 1036 32 19 c’è
1872 1041 69 20 paesu
1954 1034 36 20 chi
1998 1037 48 17 ten-

1573 1064 129 25 ghe,vogliu
1711 1064 97 23 dx'tuttu;
1816 1063 72 20 es’elli
1898 1063 29 20 mi
1940 1065 103 19 sentenu,

1573 1098 14 14 a
1600 1092 94 21 Francia
1712 1092 84 23 çircarà
1810 1091 7 20 i
1831 1097 26 15 so
1871 1091 49 20 câni
1939 1090 23 21 in
1979 1090 65 20 altrè.

1573 1118 161 23 Àndemucin’a
1748 1120 85 23 dorme,
1861 1119 98 21 dumane
1983 1118 61 20 vo’n-

1573 1154 123 20 campagna
1705 1154 27 14 eu
1742 1147 100 21 babbitu;
1849 1145 111 27 (sortenu)

1681 1190 48 21 Fai
1726 1197 17 14 a
1752 1196 15 15 u
1775 1190 98 20 tindonu

1708 1229 89 22 Marcu
1808 1227 207 24 Troncarrochia.

1692 1307 234 31 GIURNALI

1571 1364 153 23 Autonomia

1593 1398 22 18 Je
1623 1398 36 18 n’ai
1675 1398 65 22 jamais
1747 1398 58 18 voulu
1822 1398 78 22 prendre
1911 1401 25 14 au
1951 1397 91 23 tragique,

1571 1424 50 18 cette
1629 1427 99 19 eampague
1736 1422 117 23 régionaliste
1870 1423 32 22 qui
1909 1422 67 23 depuis
1991 1422 53 22 quel-

1571 1453 46 18 ques
1626 1449 68 18 années
1709 1453 11 13 a
1728 1449 44 18 ému
1788 1449 43 22 plus
1838 1453 37 18 que
1890 1448 24 18 de
1925 1448 64 18 raison
1996 1452 47 14 ceux

1571 1474 32 22 qui
1611 1475 43 17 sont
1662 1473 77 23 chargés
1755 1474 24 18 de
1786 1473 68 19 veiller
1862 1478 23 13 au
1893 1474 51 18 salut
1951 1474 24 17 de
1984 1474 17 17 la
2008 1473 35 18 Ré-

1570 1499 96 23 publique.
1682 1499 23 18 Je
1720 1499 33 22 n’y
1760 1499 18 18 ai
1785 1499 66 22 jamais
1867 1504 27 13 vu
1901 1504 49 17 pour
1956 1504 32 13 ma
1994 1500 47 21 part,

1570 1525 69 22 qu’une
1643 1524 138 19 manifestation
1785 1525 45 17 d’un
1836 1524 78 23 profond
1919 1524 124 19 attachement

1570 1555 24 13 au
1602 1550 29 18 soi
1638 1550 50 18 natal
1704 1551 20 17 et
1739 1550 19 22 je
1765 1554 24 14 ne
1796 1548 49 20 crois
1853 1554 32 18 pas
1901 1549 143 19 véritablement

1570 1580 36 18 que
1613 1575 67 18 l’unité
1688 1576 23 17 de
1718 1576 20 17 la
1744 1575 70 18 France
1829 1575 53 23 exige
1889 1575 123 18 l’uniformité
2019 1576 24 17 de

1570 1605 30 14 ses
1607 1601 105 22 provinces.
1751 1619 4 4 ,
1898 1619 4 3 .
1918 1614 3 3 •
1938 1620 3 2 .

1592 1625 60 23 Qu’on
1667 1626 18 18 le
1693 1626 77 21 veuille,
1779 1630 25 14 ou
1812 1631 44 17 non,
1874 1630 47 14 nous
1930 1630 58 14 avons
2004 1630 38 14 une

1568 1651 79 19 histoire
1653 1655 68 19 propre
1731 1655 42 19 -que
1787 1656 48 14 nous
1849 1656 25 14 ne
1880 1656 85 18 pouvons
1973 1651 67 22 renier,

1569 1682 27 13 un
1603 1677 55 23 passé
1666 1678 45 17 dont
1717 1681 49 14 nous
1774 1681 80 14 sommes
1862 1677 52 22 fiers,
1923 1677 33 18 des
1964 1681 76 18 moeurs,

1568 1707 27 13 un
1603 1702 140 22 caractère,-des
1749 1702 99 19 habitudes
1857 1703 32 22 qui
1896 1706 48 14 nous
1952 1703 43 18 sont
2001 1707 42 18 par-

1568 1728 91 18 ticuliers.

1591 1752 51 19 C’est
1648 1754 79 17 l’erreur
1735 1754 25 17 du
1775 1752 149 19 Gouvernement
1931 1753 24 18 de
1971 1753 71 18 n’avoir

1568 1783 33 18 pas
1609 1779 81 22 compris
1698 1778 46 23 qu’il
1751 1778 60 19 fallait
1827 1779 12 18 à
1843 1776 56 21 hotrè
1906 1783 46 18 pays
1958 1779 43 18 tout
2017 1783 23 14 au

1568 1804 62 18 moins
1645 1809 38 13 une
1708 1804 105 18 autonomie
1829 1804 156 18 administrative.
2002 1804 40 22 Quç

1569 1830 93 18 d’erreurs
1670 1829 84 18 auraient
1762 1829 29 18 été
1798 1829 78 22 évitées,
1885 1834 36 18 que
1927 1830 25 17 de
1959 1829 82 19 millions

1568 1855 91 23 dépensés
1667 1856 24 17 èn
1698 1859 48 18 pure
1752 1856 53 21 perte
1812 1855 86 18 auraient
1904 1855 31 18 été
1946 1855 94 23 épargnés.

1590 1880 47 18 Mais
1645 1885 25 13 en
1676 1880 70 19 France
1753 1880 14 18 il
1775 1880 42 19 faut
1824 1881 42 18 tout
1873 1880 84 18 sacrifier
1964 1885 38 15 non
2008 1885 33 18 pas

1568 1910 24 14 au
1600 1906 84 22 principe
1691 1905 71 19 d’unité
1770 1906 47 18 mais
1825 1910 24 14 au
1857 1906 110 18 sacro-saint
1974 1906 68 22 princi-

1568 1935 24 19 pe
1599 1931 133 19 d’uniformité.
1738 1931 49 18 Pour
1793 1931 60 22 Paris,
1859 1932 18 17 la
1885 1931 57 18 Corse
1947 1933 95 17 se:trouve

1568 1961 24 14 au
1599 1956 54 23 point
1661 1957 23 17 de
1691 1960 38 15 vue
1737 1956 133 18 administratif
1876 1957 46 17 dans
1934 1957 28 18 les
1971 1956 70 19 mêmes

1568 1981 104 19 conditions
1680 1986 36 18 que
1723 1982 30 17 les
1759 1981 173 23 Alpes-Maritimes,
1945 1982 19 18 lé
1971 1982 38 18 Yar
2017 1987 24 13 ou

1567 2007 29 18 les
1603 2006 196 19 Bouches-du-Rhône.

1583 2034 87 24 (L’Eveil)
1848 2034 28 19 H.
1884 2034 135 24 Pierangelï.

1566 2072 135 22 Economie

1990 2097 5 8 ;

1589 2106 101 22 Lorsqu’on
1698 2110 47 13 aura
1751 2105 94 23 supprimé
1851 2106 90 22 quelques
1949 2106 92 23 sous-pré-

1566 2131 38 18 fets
1612 2135 26 14 on
1644 2135 46 14 aura
1698 2131 119 22 simplement
1824 2131 54 22 privé
1884 2132 29 17 les
1929 2132 113 18 arrondisse-

1567 2157 63 18 ments
1637 2156 45 18 d’un
1689 2155 91 20 élément.
1785 2156 86 19 créateur
1877 2157 95 18 d’activité
1980 2166 22 4 —
2010 2161 31 14 car

1567 2182 43 18 tous
1617 2182 30 17 lés
1663 2181 122 23 sous-préfets
1793 2186 24 14 ne
1834 2183 44 17 sont
1884 2186 33 18 pas
1925 2182 24 18 de
1965 2183 76 22 simples

1566 2207 116 23 organismes
1689 2207 25 17 de
1725 2207 136 18 transmission.

1590 2232 107 23 L’orsqu’on
1703 2236 47 15 aura
1766 2232 103 22 supprimé,
1877 2233 29 18 les
1916 2232 86 19 Conseils
2018 2234 24 17 de

1567 2257 114 22 préfectures
1697 2257 164 23 départementaux
1876 2262 48 18 pour
1941 2258 52 19 créer
2008 2259 33 18 des

1567 2283 80 18 conseils
1655 2283 107 22 régionaux,
1774 2284 26 16 ori
1807 2288 46 12 aura
1860 2283 34 18 fait
1901 2288 39 13 une
1948 2283 94 19 économie

1567 2307 129 24 insignifiante
1705 2313 6 12 :
1728 2309 21 17 et
1755 2308 47 18 dans
1809 2308 19 18 le
1836 2312 31 14 cas
1875 2309 24 17 de
1906 2309 19 18 la
1937 2308 61 22 Corse,
2008 2313 34 18 par

1567 2331 91 24 exemple,
1677 2334 48 17 cètte
1732 2337 75 14 mesure
1814 2338 25 14 ne
1856 2338 41 14 sera
1910 2338 33 18 pas
1957 2335 85 22 acceptée

1567 2363 32 14 car
1605 2358 67 22 jamais
1679 2363 48 14 nous
1735 2359 137 22 h’accepierons
1883 2359 59 19 d’être
1950 2360 91 19 rattachés

1567 2384 11 17 à
1587 2388 37 14 une
1633 2384 62 23 région
1705 2384 129 18 continentale.

1591 2408 100 23 Lorsqu’on
1708 2414 45 13 aura
1767 2409 94 22 supprimé
1877 2410 90 22 quelques
1984 2411 58 18 tribu-

1568 2435 75 21 naux,la
1652 2435 51 18 seule
1708 2435 137 23 augmentation
1854 2435 33 18 des
1896 2435 45 18 frais
1949 2436 92 23 généraux

1567 2460 23 17 de
1606 2459 75 23 justice,
1698 2461 74 17 surtout
1789 2462 19 16 et
1825 2461 84 22 toujours
1925 2462 47 17 dans
1985 2462 17 17 le
2011 2466 30 14 cas

1568 2485 107 22 particulier
1683 2486 23 17 de
1715 2486 17 17 la
1741 2484 62 22 Corsé,
1813 2486 85 18 couvrira
1906 2488 19 16 et
1934 2487 59 18 même
2001 2491 41 17 pas-

1568 2514 41 14 sera
1618 2511 102 22 largement
1729 2510 106 19 l’économie
1847 2511 82 18 réalisée.

1568 2537 65 23 (Jeune
1642 2537 58 23 Corse)

1569 2578 107 22 Baccalà
1685 2577 7 22 !

1591 2611 46 18 ...M.
1646 2611 62 23 Meyer
1724 2612 29 17 n’a
1762 2612 131 19 certainement
1908 2617 33 18 pas
1948 2613 59 22 quitté
2024 2614 17 18 la

1569 2636 71 18 Marine
1649 2637 109 18 marchande
1767 2641 43 14 sans
1827 2637 56 22 esprit
1901 2638 23 17 de
1942 2640 69 17 retour.
2027 2639 13 17 11

1569 2663 66 21 peut.y
1643 2662 73 17 revenir
1724 2671 22 4 —
1755 2664 39 15 tout
1800 2662 68 18 arrive.
1876 2662 26 18 En
1908 2663 43 18 bien
1958 2663 4 18 !
1973 2663 13 18 il
1995 2664 48 18 n’est

1568 2690 34 19 pas
1610 2687 84 18 mauvais
1711 2682 45 27 qu’ii
1772 2691 22 14 se
1801 2687 38 18 soit
1844 2686 4 3 ‘
1854 2688 66 18 trouvé
1938 2690 70 17 comine
2024 2690 19 17 le

1569 2712 129 21 commun.des
1706 2712 84 22 mortels,
1797 2715 36 16 Sur.
1840 2717 27 14 un
1875 2719 9 10 «
1891 2713 91 18 Nantais»
1996 2718 47 15 avec

1568 2738 43 22 sept
1624 2741 24 14 ou
1657 2737 42 18 huit
1707 2738 52 17 cents
1767 2742 97 18 passagers
1872 2738 11 18 à
1891 2738 53 22 bord,
1959 2739 84 19 entassés

1568 2762 107 23 pêle-mêle,-
1682 2766 72 15 comme
1761 2763 34 18 des
1802 2764 87 17 moutons
1898 2767 33 14 sur
1938 2764 33 18 les
1979 2769 64 18 cargos

1569 2787 74 18 d’Oran.
1660 2787 130 19 Evidemment
1797 2788 47 18 c’est
1860 2789 59 18 moins
1931 2789 112 19 confortable

1569 2816 36 18 que
1613 2812 21 18 le
1640 2812 145 23 Pierre-Loti,
1794 2813 48 18 mais
1850 2814 46 18 c’est
1911 2814 43 22 plus
1967 2815 77 18 couleur

1568 2838 66 19 lo.cale.
1697 2846 3 9 :
1894 2853 3 3 .
1981 2849 4 3 -

1592 2862 135 22 Enfin,comme
1733 2863 26 18 M.
1767 2863 64 23 Meyer
1839 2865 30 18 est
1876 2869 27 13 un
1910 2865 59 22 esprit
1976 2865 66 23 averti,

1569 2888 15 17 il
1598 2892 47 14 aura
1652 2888 133 18 certainement
1798 2890 19 17 la
1825 2889 89 19 curiosité
1920 2890 25 18 de
1959 2895 22 14 se
1988 2891 56 18 docu-

1569 2913 73 18 menter
1650 2917 34 14 sur
1690 2914 53 21 place
1749 2918 35 13 sur
1791 2914 19 18 le
1819 2915 54 18 trafie
1881 2915 24 18 de
1912 2919 35 14 nos
1955 2917 58 21 ports.
2022 2917 22 18 Je

1568 2938 85 23 l’engage
1661 2938 96 18 vivement
1764 2939 12 18 à
1784 2939 40 18 s’en
1840 2940 46 18 aller
1894 2940 60 18 flâner
1970 2945 33 14 sur
2015 2941 28 19 les

1569 2963 54 22 quais
1631 2964 24 16 de
1663 2963 61 18 Bastia
1732 2966 24 15 Ou
1764 2964 98 22 d’Ajaccio,
1871 2969 26 13 un
1910 2965 42 22 joui?
1959 2966 25 18 de
1991 2971 53 13 cour-

1568 2988 39 18 îûer
1624 2989 20 17 et
1659 2988 12 18 à
1678 2988 100 18 demander
1793 2989 13 18 à
1821 2994 38 14 une
1867 2994 69 18 agence
1951 2991 93 18 maritime

1568 3013 155 18 communication
1731 3014 45 17 d’un
1784 3015 103 18 manifeste.
1897 3015 29 18 Un
1934 3015 66 23 simple
2007 3016 38 19 cal-

1569 3038 31 19 cul
1616 3038 30 17 lui
1661 3038 116 18 démontrera
1785 3043 38 18 que
1830 3040 49 18 cette
1887 3040 60 18 année
1961 3041 43 22 plus
2021 3042 23 17 de

1569 3064 44 17 cent
1621 3063 52 18 mille
1680 3067 105 19 voyageurs
1793 3066 68 17 auront
1868 3065 54 22 passé
1934 3070 33 17 par
1975 3066 67 22 Bastie,

1569 3089 14 17 il
1592 3093 12 17 y
1612 3088 84 18 relèvera
1704 3093 37 17 que
1749 3089 67 22 quinze
1824 3090 52 18 mille
1890 3094 106 19 voyageurs
2012 3096 33 13 au-

1568 3114 43 17 ront
1620 3114 97 22 emprunté
1722 3114 20 18 la
1746 3114 44 19 voie
1794 3115 24 18 de
1823 3115 116 22 Livourné,il
1946 3120 99 18 apercevra

1569 3139 46 17 dans
1623 3140 54 17 notre
1684 3140 43 21 port
1733 3140 34 17 des
1774 3140 80 18 bateaux
1859 3140 73 18 battant
1939 3141 18 17 le
1961 3141 83 22 pavillon

1568 3163 66 18 italien
1641 3164 42 17 tout
1689 3163 53 23 prêts
1756 3164 12 18 à
1775 3165 81 21 prendre
1863 3166 19 17 la
1889 3166 53 21 place
1950 3166 34 18 des
1991 3167 54 18 navi-

1568 3192 32 14 res
1608 3188 81 21 français
1697 3188 105 19 défaillants
1808 3194 6 17 ;
1824 3190 11 18 à
1842 3190 95 20 Bonjfacio
1945 3191 14 17 il
1976 3196 69 13 remar-

1569 3217 58 18 quera
1635 3213 57 21 qu’un
1700 3213 83 18 courrier
1799 3215 96 21 quotidien
1909 3213 45 21 relie
1961 3216 20 18 la
1988 3216 56 19 Corse

1569 3239 20 17 et
1596 3238 19 17 la
1624 3237 104 23 Sardaigne,
1745 3239 48 18 mais
1808 3243 45 15 sous
1861 3240 83 22 pavillon
1951 3241 91 24 étranger,

1569 3264 51 17 etc...
1638 3262 65 22 Quand
1710 3263 15 18 il
1733 3268 46 14 aura
1786 3263 35 19 fait
1828 3265 18 18 le
1854 3264 44 19 tour
1905 3266 31 17 de-
1945 3266 40 18 File
1992 3266 27 19 il.
2024 3270 21 14 se

1569 3288 111 19 demandera
1687 3288 93 22 peut-être
1786 3294 36 17 par
1829 3290 61 22 quelle
1898 3290 105 19 aberration
2011 3291 15 18 il
2033 3296 12 13 a

1569 3318 26 17 pu
1612 3313 64 22 signer
1683 3314 19 18 la
1718 3314 75 22 stupide
1803 3315 113 18 convention
1933 3316 46 22 qu’il
1994 3316 51 19 avait

1569 3337 80 23 déposée
1656 3342 34 13 sur
1696 3338 98 19 le'bureau
1802 3340 26 17 du
1836 3340 112 18 Paxiement.

1591 3363 17 17 A
1616 3363 62 18 moins
1686 3363 45 22 qu’il
1739 3368 25 13 ne
1771 3364 67 18 trouve
1845 3365 42 17 tout
1902 3365 40 18 cela
1949 3365 39 19 fort
1999 3366 45 18 bien

1570 3388 20 17 et
1597 3387 91 18 suffisant
1695 3392 48 18 pour
1750 3392 54 14 nous,

1592 3409 99 18 Baccalà
1700 3414 42 18 per
1750 3410 100 21 Çorsîca.

1570 3436 163 23 (Bastia-Journal)
1826 3438 72 18 Henri
1908 3438 136 24 Pierangelï.

1571 3473 103 22 Battelli

1592 3506 31 18 Au
1631 3506 81 18 moment
1720 3506 25 18 où
1758 3506 19 18 le
1783 3507 96 18 Parlemnt
1894 3508 41 18 doit
1950 3510 64 17 entrer
2022 3514 23 13 en

1570 3535 98 17 vacances,
1685 3532 20 17 et
1711 3532 12 17 à
1730 3531 20 18 la
1757 3531 28 18 fin
1793 3532 24 18 dè
1833 3533 19 18 la
1860 3533 48 18 crise
1915 3533 130 19 ministérielle

1570 3556 36 21 qnï
1611 3556 52 17 avait
1670 3555 61 19 arrêté
1738 3556 29 18 les
1774 3557 80 18 travaux
1862 3558 182 22 parlementaires,M.

1559 3590 2 9 :
1570 3581 19 17 le
1597 3580 87 18 sénateur
1691 3580 59 18 Emile
1758 3580 46 23 Sari,
1823 3587 24 13 en
1855 3587 21 13 sa
1883 3583 70 22 qualité
1966 3584 24 17 de
2003 3588 43 18 rap-

1559 3607 2 16 !
1570 3606 77 21 porteur
1655 3606 23 18 de
1685 3606 20 18 la
1710 3604 70 20 Mariné
1787 3606 111 19 Marchande
1904 3612 11 13 a
1922 3608 91 18 demandé
2021 3613 23 13 au

1571 3632 147 21 gouvernement
1734 3631 71 22 quelles
1822 3632 69 18 étaient
1898 3636 31 14 ses
1943 3632 102 19 intentions

1571 3660 25 13 au
1612 3655 51 22 sujet
1678 3656 24 17 de
1717 3656 19 17 la
1744 3656 116 22 préparation
1875 3657 24 17 de
1914 3657 20 17 la
1945 3658 100 21 prochaine

1571 3680 112 18 convention
1690 3681 33 17 des
1731 3681 82 18 services
1824 3681 102 18 maritimes
1934 3683 80 21 postaux
2021 3683 24 17 de

1571 3705 20 17 la
1597 3704 63 18 Corse.

2095 91 54 18 Noire
2165 91 130 23 représentant
2302 98 10 13 a
2329 99 42 16 reçu
2380 98 17 17 la

2072 118 56 17 vante
2136 121 5 13 :
2423 106 60 24 éponse
2492 121 26 19 sui.

2303 140 48 18 Paris,
2359 142 15 15 le
2379 144 18 15 19
2404 146 46 21 jnület

2138 169 9 11 «
2154 166 75 14 Monsieur
2237 166 15 15 le
2256 166 76 18 Sénateur,

2089 189 9 10 «
2105 185 21 14 Eu
2133 185 60 17 réponse
2199 185 10 14 à
2217 186 43 14 votre
2267 186 44 15 lettre
2316 187 21 14 du
2341 188 10 14 9
2355 189 48 18 juillet
2408 198 33 12 cour

2072 208 20 11 au
2100 204 46 18 projet
2151 205 18 14 de
2174 204 20 15 loi
2199 205 62 17 portant
2265 207 88 15 convention
2360 209 26 15 des
2391 202 78 27 servir/111’
2473 207 45 19 reIaüv-

2072 224 63 18 postaux
2140 224 17 14 de
2161 224 16 14 la
2181 224 51 17 Corse,
2237 224 27 17 j’ai
2268 224 79 16 l'iionncar
2354 228 19 14 de
2379 233 37 13 vous
2421 234 6 14 f
2436 236 4 4 •
2457 224 61 24 marilio/

2072 244 44 18 qu'un
2122 243 63 15 avenant
2190 247 21 10 au
2218 243 77 18 précédent
2300 245 49 18 projet
2353 247 20 15 de
2377 240 79 28 ConveniT

2071 263 36 18 posé
2114 263 26 14 dûs
2144 266 28 14 que
2183 263 56 17 j'aurai
2251 267 21 14 pu
2285 267 23 11 me
2313 265 54 16 mettre
2371 267 64 20 d’accord

2071 286 37 11 avec
2112 282 14 14 le
2131 282 100 18 département
2236 282 26 14 des
2267 282 76 19 Finances,
2351 286 19 14 de
2377 287 50 19 l'autre
2436 282 48 22 ’,QOe
2491 288 24 18 Psq

2071 302 54 18 pagnie
2129 301 85 15 Fraissinet.
2427 302 5 6 ’
2437 297 34 15 avec
2473 300 14 16 la
2490 299 28 25 c0/

2088 325 9 10 a
2104 321 16 14 Je
2126 321 32 18 puis
2164 321 76 14 d'ailleurs
2245 324 38 11 vous
2288 322 57 15 donner
2349 324 87 21 l’assurance

2071 341 16 14 la
2092 340 36 15 miso
2132 343 19 12 en
2157 340 55 18 viguer
2217 340 19 15 de
2241 341 37 14 celte
2285 343 94 18 convention,
2394 346 22 16 le3
2425 354 8 11 s
2441 337 30 22 'In.e’
2476 339 40 24 insqu’i

2071 360 63 14 nueront
2138 364 10 10 u
2152 359 32 15 être
2189 359 114 18 régulièrement
2310 363 65 15 exercés.
2433 355 50 18 ervìces
2487 356 31 26 con/

2088 383 9 11 «
2105 379 62 14 Veuillez
2175 379 57 18 agréer.
2239 379 74 15 Monsieur
2318 381 15 14 le
2343 382 70 18 Sénlaeur
2427 389 26 15 pn-

2071 403 25 10 ma
2100 399 45 14 liante
2149 398 109 15 considération
2266 403 14 10 ».
2413 397 4 7 ’
2446 395 57 21 38Qt'âtic4

2093 422 14 17 Il
2124 426 23 13 ne
2154 421 60 23 s’agit,
2226 422 43 21 plus
2285 422 23 18 de
2324 427 86 19 nouvelle
2423 436 52 17 conYP

2072 447 46 17 mais
2126 447 103 17 seulement
2244 447 44 18 d’un
2296 451 79 17 avenant
2383 452 12 17 à
2401 453 49 22 l’anci
2465 443 53 27 enll0tl.

2071 472 96 22 montagne
2175 471 33 22 qui
2217 472 90 18 accouche
2315 473 56 19 d’une
2378 480 59 18 souris
2501 470 17 21 ^

2093 497 60 21 Enfin,
2160 501 48 13 nous
2216 497 126 19 devons-nous
2349 500 68 22 réjouir
2430 512 9 11 «
2444 508 5 13 ;

2072 522 46 18 mise
2126 526 22 14 en
2156 522 82 22 vigueur
2244 522 23 17 de
2275 522 93 20 l’avenant
2375 528 66 22 projeté
2461 517 57 35 iÜ'àïa

2070 547 51 18 vices
2138 547 128 18 continueront
2281 547 11 17 à
2308 547 40 20 être
2372 556 9 11 «
2398 542 87 27 rè«i,î;'es
2491 546 27 17 Ser'

2071 572 74 18 exercés
2152 578 18 11 ».
2417 558 101 31 SU,leremeaf

2093 597 85 18 Heureux
2186 601 46 18 pays
2241 596 6 18 !

2071 622 33 22 (La
2114 621 57 23 Corse)
2481 638 16 19 ^

2070 661 119 21 Vittiroi
2197 661 32 21 di
2238 662 116 21 G-uerra

2093 692 47 18 Tous
2145 692 28 18 les
2177 696 42 17 ans,
2225 696 25 13 au
2258 694 82 17 moment
2347 694 26 18 du
2381 696 62 24 départ
2449 704 20 18 de

2071 718 41 19 nies
2119 718 23 17 de
2150 721 95 17 vacances,
2252 717 28 18 les
2288 717 82 23 Pupilles
2377 720 87 26 indigents
2468 736 10 13 o

2071 744 61 18 disant
2138 743 36 18 tels
2182 743 44 17 sont
2234 742 77 19 habillés
2319 748 37 14 aux
2362 744 45 21 frais
2411 749 22 19 de
2436 737 52 34 l’0ffU
2492 740 21 16 S°*

2093 768 49 18 C’est
2149 768 47 18 ainsi
2207 772 44 18 que,
2262 768 73 18 l’année
2345 770 88 27 dernière,
2443 762 58 35 di*166-'

2071 794 61 18 francs
2139 793 78 19 environ
2225 792 63 18 furent
2298 793 95 23 dépensés.
2404 799 70 23 Aucune

2071 818 78 19 dication
2156 818 76 22 n’ayant
2240 822 23 14 eu
2269 818 45 22 lieu,
2321 823 30 14 ces
2357 821 63 21 achats
2424 830 20 14 se
2450 828 31 21 fire
2490 836 6 14 ,
2512 824 6 4 "

2071 844 33 23 gré
2111 845 32 17 des
2154 843 123 23 préférences,
2290 844 19 17 et
2316 844 39 19 le...
2364 855 23 4 —
2394 851 74 21 mettons
2474 857 15 18 le
2494 860 9 15 h

2071 870 42 17 sard
2121 869 97 18 —voulut
2225 873 37 17 que
2272 869 52 18 seuls
2332 874 23 14 en
2366 873 110 25 profitassent
2483 884 6 16 t
2504 887 4 5 •

2070 894 105 23 négociants
2182 894 47 22 juifs
2237 894 24 18 de
2269 894 18 18 la
2294 894 57 22 place.
2489 889 26 17 F°'s

2093 920 34 18 Les
2131 919 106 23 négociants
2241 919 96 23 ajacciens,
2342 922 60 21 parmi
2406 924 72 24 lesquels
2480 933 13 18 d’

2071 945 50 18 ciens
2128 945 128 21 combattants,
2262 949 20 13 se
2288 945 63 18 turent
2356 951 33 17 par
2393 948 87 25 déférence

2071 971 41 18 sant
2119 971 56 22 qu’un
2184 971 43 17 tour
2235 970 23 18 de
2270 970 105 20 roulement
2389 975 49 18 avait
2444 978 26 19 été
2475 962 36 37 étn-

2070 996 42 18 d’où
2119 1000 91 18 personne
2217 994 70 19 n’avait
2295 995 29 19 été
2332 998 60 18 exclu.
2451 1001 4 4 '
2484 988 27 18 ^

2092 1021 46 18 Mais
2147 1021 49 18 voici
2207 1025 37 18 que
2255 1021 48 18 cette
2313 1022 60 18 année
2380 1022 78 23 d’erreur
2466 1035 41 17 recom

2071 1051 69 13 mence.
2151 1045 76 19 Comme
2234 1046 72 19 l’année
2316 1048 86 19 dernière
2411 1055 31 18 pas
2449 1054 59 22 d’adind-

2070 1072 66 21 cation,
2147 1071 52 21 mais;
2211 1072 49 17 cette
2267 1071 43 23 fois,
2322 1072 39 19 seul
2368 1078 26 14 un
2402 1074 37 20 Juif
2448 1067 66 32 ljénéfir.''

2070 1098 24 17 de
2100 1096 89 19 l’aubaine
2470 1109 3 4 .
2502 1091 13 14 le

2093 1122 77 23 (L’Eveil
2177 1122 23 18 de
2208 1122 20 18 la
2237 1122 66 23 Corse.)

2070 1157 31 20 A.
2108 1156 81 22 seola
2195 1154 152 22 nàvaledi
2353 1158 104 24 Bastia

2092 1186 117 19 Un-mauvais
2217 1191 35 13 son
2257 1187 23 17 de
2285 1187 63 18 cloche
2355 1192 48 15 nous
2409 1191 55 20 arrive
2468 1194 20 20 de
2491 1197 20 19 pa

2069 1213 34 18 ris.
2109 1212 27 19 On
2141 1217 23 13 en
2168 1212 54 21 veut,
2229 1212 86 22 parait-il,
2324 1212 12 18 à
2342 1213 104 21 l’existence
2452 1219 20 18 de
2477 1224 39 19 notre

2069 1238 53 18 Ecole
2129 1238 23 18 de
2161 1237 111 23 Navigation
2283 1238 23 17 de
2313 1236 68 20 Bastia.
2392 1239 25 19 Ce
2423 1242 44 20 n’est
2472 1250 26 17 pas
2503 1249 13 18 la

2069 1263 88 23 première
2167 1262 37 19 fois
2216 1262 55 23 qu’on
2282 1265 64 20 essayé
2354 1264 24 18 de
2387 1269 46 15 nous
2442 1271 70 19 arracher

2069 1293 46 19 pour
2122 1289 32 18 des
2162 1288 72 19 raisons
2242 1287 111 19 d’économie
2360 1290 38 17 mal
2405 1292 81 21 entendue
2497 1303 19 14 un

2069 1314 102 24 organisme
2181 1314 50 20 dont,
2244 1313 126 23 l’importance
2383 1320 25 13 ne
2418 1319 63 19 saurait
2488 1322 29 20 être

2069 1339 96 19 contestée.

2092 1378 34 5 .....
2135 1364 87 19 Combien
2230 1365 24 18 de
2261 1364 36 18 fois
2308 1364 103 20 faudra-t-il
2420 1368 64 22 répéter
2488 1377 28 17 que

2069 1392 52 17 notre
2128 1390 98 19 insularité
2234 1394 47 14 nous
2286 1390 52 23 place
2344 1391 46 18 dans
2395 1392 31 18 des
2433 1396 83 21 conditions

2070 1417 52 18 telles
2130 1420 35 18 que
2173 1420 48 14 nous
2232 1416 70 18 devons
2313 1416 91 23 échapper
2413 1422 23 15 en
2442 1419 74 27 beaucoup

2068 1443 24 18 de
2099 1442 64 18 choses
2171 1442 11 17 à
2189 1441 20 18 la
2217 1441 26 18 loi
2251 1445 97 15 commune
2353 1441 10 19 ?
2371 1442 90 21 Comment
2465 1445 6 19 !
2477 1446 39 21 Sous

2068 1472 57 13 avons
2130 1467 53 18 mené
2188 1467 105 18 d’ardentes
2299 1471 110 19 campagnes
2413 1470 43 21 pour
2460 1472 56 20 obtenir

2068 1498 24 13 en
2097 1492 54 19 Corse
2155 1493 55 17 notre
2215 1492 113 22 Université,
2334 1497 72 15 comme
2408 1494 17 18 la
2429 1494 86 27 Sardaigne,

2068 1523 72 13 comme.
2145 1518 55 18 Malte
2206 1518 34 18 ont
2243 1518 19 18 la
2266 1518 50 22 leur;
2327 1519 19 17 et
2353 1519 38 18 l’on
2399 1523 45 15 nous
2450 1521 65 21 chicane-

2069 1544 35 18 rait
2111 1548 32 14 sur
2150 1544 54 17 notre
2214 1543 54 18 Ecole
2275 1544 24 17 de
2309 1543 136 24 Navigation?...

2090 1569 75 18 Pareille
2172 1569 83 18 décision
2262 1570 29 17 est
2298 1569 127 23 inacceptable.
2432 1570 25 19 On
2462 1576 20 14 ne
2485 1574 26 18 doit

2068 1599 32 18 pas
2106 1595 75 18 toucher
2185 1595 11 18 à
2202 1594 66 19 l’Ecole
2273 1594 24 19 de
2303 1594 108 24 Navigation
2416 1596 22 18 de
2445 1596 53 20 Bastia.

2090 1619 173 23 (Baslia-Journal.)

2069 1689 32 22 Sò
2112 1689 89 21 surtiti

2215 1731 18 17 J.
2243 1730 20 18 B.
2271 1729 119 20 MARCAGGI

2067 1787 156 27 LAMENTI,
2235 1787 127 27 VOCERI,

2106 1821 168 23 CHANSONS
2288 1821 197 23 POPULAIEES

2225 1854 32 23 de
2267 1855 25 22 la
2303 1855 76 22 Corse

2067 1894 23 13 eu
2109 1893 10 14 a
2143 1889 106 18 traduzione
2271 1888 88 21 francese,
2377 1888 138 19 un’introduzione

2068 1915 57 22 sopr’a
2139 1915 60 22 poesie
2214 1915 87 21 populare
2314 1918 53 14 corsa
2379 1919 10 13 e
2405 1913 22 18 20
2438 1914 57 22 pagine
2502 1915 13 17 di

2068 1940 74 18 musica.

2130 1972 9 17 1
2148 1971 38 18 vol.
2195 1971 19 18 di
2223 1970 34 18 400
2265 1970 67 23 pagine
2337 1975 5 13 :
2367 1970 21 18 15
2399 1969 66 19 franchi

2078 1996 100 19 Rombaldi.
2188 1996 30 18 edi
2220 1997 45 17 tore.
2276 1995 32 21 48,
2318 1996 56 18 Corsu
2381 1995 100 24 Mapulione,
2489 1995 20 18 48

2222 2033 22 4 -
2253 2023 92 19 AIACCIU
2357 2034 22 3 -

2268 2064 49 17 -«SgB

2123 2100 50 37 Les
2184 2101 98 36 Corses
2286 2102 64 35 sont
2356 2101 104 44 partis.,

2132 2172 12 13 A
2151 2173 33 12 tous
2190 2172 22 13 les
2218 2171 54 15 Corses
2277 2173 48 13 morts
2333 2175 21 10 au
2362 2171 52 14 milieu
2419 2170 18 14 de
2447 2170 37 13 leurs
2489 2168 25 14 Lut-

2133 2194 20 11 tes
2158 2193 15 12 et
2178 2191 33 14 loin
2217 2191 19 14 de
2240 2192 35 13 leur
2278 2191 57 14 Patrie.
2336 2192 38 13 Aux
2379 2190 52 15 Cônes
2437 2189 25 18 qui
2467 2192 18 10 ne
2491 2188 24 14 dor-

2132 2212 56 13 miront
2194 2212 47 17 point
2246 2210 39 15 dans
2292 2211 15 14 la
2314 2213 41 12 terre
2364 2209 91 16 maternelle,
2465 2208 50 14 delouU

2132 2230 79 15 éternité...

2148 2267 37 15 Bien
2190 2267 52 18 planté
2247 2271 26 11 snr
2278 2267 21 15 les
2305 2267 43 15 louds
2356 2266 57 15 marins

2083 2287 19 14 Le
2109 2287 37 18 golfe
2154 2291 47 10 ouvre
2206 2291 24 11 ses
2236 2287 34 15 bras
2276 2290 34 12 vers
2319 2287 21 14 Tes
2346 2287 50 14 onests
2402 2287 20 13 da
2426 2285 49 15 monde

2084 2307 26 14 Les
2120 2307 65 15 hommes
2190 2307 19 15 de
2215 2311 24 10 ses
2247 2307 45 14 bords
2297 2307 13 14 le
2320 2307 31 14 soir
2357 2307 49 14 fixent
2413 2305 15 15 la'
2433 2304 41 15 ronde

2083 2326 27 15 Des
2115 2330 37 11 nues
2157 2330 16 11 se
2182 2327 80 14 détachant
2267 2330 31 11 aux
2306 2327 71 14 lointains
2385 2325 81 19 purpurins.

2083 2367 26 14 Les
2114 2366 64 15 hommes
2182 2367 20 14 de
2207 2366 36 15 chez
2249 2369 37 12 nous
2293 2366 32 15 font
2330 2366 26 14 des
2361 2366 46 14 .rêves
2413 2365 71 14 immenses

2150 2386 55 18 Depuis
2213 2386 41 15 leurs
2258 2386 35 17 âges
2299 2386 81 14 enfantins.

2083 2405 28 15 Dis
2115 2406 22 15 les
2142 2406 42 17 vingt
2189 2410 30 11 ans
2227 2409 47 12 venus
2279 2405 19 15 ils
2304 2406 37 14 vont
2346 2409 35 11 vers
2386 2405 23 14 les
2413 2404 73 15 démences:

2084 2425 20 15 Iis
2110 2426 36 14 vont
2151 2429 34 12 vers
2190 2426 14 14 le
2211 2426 46 14 cahos
2262 2425 62 15 vérifier
2331 2426 33 14 leur
2368 2424 53 15 destin.

2084 2459 18 15 Lé
2108 2460 38 17 golfe
2152 2459 47 15 excite
2205 2459 34 15 leur
2243 2459 37 15 folie.

2084 2479 12 14 Il
2102 2480 44 17 prend
2153 2480 34 13 tour
2191 2480 17 13 et
2213 2480 70 14 contours
2288 2479 47 14 aimés
2339 2479 19 14 de
2364 2479 56 14 chacun
2424 2477 46 14 d'eux.

2083 2499 13 14 I!
2102 2503 15 10 se
2121 2499 70 14 camoufle
2196 2502 20 11 en
2221 2499 45 18 jaune
2270 2500 16 13 et
2291 2499 18 14 de
2314 2499 42 14 vient
2362 2498 32 15 baie
2400 2497 51 15 d’Asie.

2084 2519 33 14 Baie
2122 2518 70 15 d’Islande
2197 2519 11 13 il
2214 2519 56 14 s'ouate
2274 2519 33 14 etse
2311 2519 42 18 grise
2358 2518 76 15 brumeux.

2083 2552 30 15 Sur
2116 2555 27 12 son
2146 2552 26 15 ciel
2178 2552 61 18 lorsque
2245 2552 14 14 la
2263 2552 40 18 pluie
2308 2553 31 14 met
2342 2552 28 15 des
2373 2551 77 15 hachures,

2084 2572 18 14 Et
2107 2576 28 14 que
2140 2572 13 15 le
2158 2572 42 14 soleil
2207 2572 20 14 rit
2232 2576 31 10 aux
2269 2572 47 15 voiles
2323 2572 36 14 d'un
2366 2571 37 15 trois
2408 2571 42 15 mâts,

2085 2591 38 16 C’est
2128 2592 15 14 la
2149 2591 72 18 Bretagne
2226 2591 39 15 tiède
2270 2595 30 11 aux
2306 2591 56 15 relents
2366 2592 17 14 de
2388 2590 50 15 salure

2085 2611 28 15 Sur
2117 2611 62 18 laquelle
2184 2611 62 18 s'épand
2252 2612 42 14 l'âme
2300 2611 43 15 triste
2348 2611 35 14 d’un
2388 2610 38 18 glas.

2150 2645 10 14 E
2164 2645 35 14 c'est
2204 2645 43 14 aussi
2250 2645 15 14 la
2272 2645 47 18 gloire
2323 2645 71 14 orientale

2084 2665 28 16 Qui
2117 2665 28 14 met
2150 2668 24 11 ses
2178 2665 66 17 dragons
2250 2665 40 14 noirs
2295 2669 18 10 au
2318 2665 34 14 bleu
2358 2665 18 14 de
2382 2664 64 14 Valinco.

2084 2684 37 15 C'est
2125 2685 39 14 toute
2169 2687 28 11 une
2204 2684 54 18 épopée
2263 2688 30 11 aux
2299 2688 42 11 noms
2344 2687 41 12 rares
2390 2682 61 19 qu'étale

2085 2704 19 14 Le
2109 2704 38 18 golfe
2152 2703 34 15 d'où
2193 2704 50 17 surgit
2250 2704 62 18 quelque
2317 2704 66 18 archipel
2386 2703 20 14 de
2411 2702 32 15 Cos.

2085 2737 19 15 Ce
2109 2738 33 14 sont
2147 2736 21 16 lés
2174 2738 67 17 temples,
2250 2738 21 15 les
2278 2738 53 15 casbas
2336 2739 15 14 et
2358 2737 21 15 les
2384 2736 68 19 pagodes.

2087 2757 25 14 Les
2118 2757 61 18 pépites,
2184 2757 23 15 les
2212 2758 56 14 ivoires
2274 2759 17 13 et
2298 2758 22 14 les
2325 2758 45 14 soies:

2085 2777 20 14 Ce
2112 2779 34 12 sont
2150 2777 21 14 les
2180 2777 45 14 fruits
2230 2777 75 18 d'Afrique
2310 2778 15 14 et
2334 2781 37 11 ceux
2378 2777 28 14 des
2411 2773 75 20 antipodes.

2085 2797 27 14 Les
2117 2796 68 17 Femmes,
2191 2797 23 14 les
2217 2797 66 15 contrées
2289 2798 36 14 dont
2330 2801 19 10 on
2355 2797 35 18 peut
2395 2796 31 15 être
2431 2794 33 15 rois.

2086 2830 18 15 Le
2111 2831 34 14 rêve
2150 2833 34 12 sous
2188 2830 14 15 le
2208 2831 27 14 ciel
2239 2831 60 15 déroule
2303 2835 18 11 sa
2327 2831 55 14 volute.

2085 2852 33 13 Aux
2125 2854 38 15 yeux
2173 2850 88 15 Kallistéens
2266 2851 14 14 le
2286 2851 35 14 rêve
2327 2851 30 14 met
2363 2850 19 15 de
2386 2850 33 14 l'or.

2085 2870 13 14 Il
2103 2871 40 17 porte
2147 2870 8 14 à
2161 2870 29 15 s'en
2196 2870 39 15 aller
2240 2873 34 12 vers
2277 2871 22 14 les
2302 2870 42 15 Joins
2348 2871 17 13 et
2370 2870 20 14 les
2400 2869 48 14 luttes.

2085 2890 19 15 Et
2108 2890 25 14 des
2137 2890 24 14 fils
2166 2890 18 14 de
2191 2890 59 18 Cymos
2255 2890 28 15 fait
2288 2890 25 15 des
2319 2889 124 19 consquistadors.

2085 2923 19 14 Et
2111 2924 21 15 les
2137 2923 50 15 Corses
2193 2923 31 14 s’en
2232 2924 38 14 vont
2275 2927 35 11 vers
2313 2923 23 15 les
2341 2923 41 14 mille
2386 2921 84 17 Amériques

2085 2943 20 14 De
2110 2943 15 14 la
2129 2944 42 15 terre,
2177 2946 36 11 vers
2218 2943 22 14 les
2245 2943 68 18 dangers,
2318 2943 23 14 les
2345 2943 77 15 inconnus,

2086 2962 36 15 Vers
2126 2963 21 14 les
2154 2962 45 14 forêts
2206 2962 26 18 qui
2238 2963 48 16 tuent,
2290 2962 21 15 les
2316 2963 60 14 climats
2380 2962 27 18 qui
2412 2957 68 21 étriquent

2085 2982 29 14 Sur
2118 2982 22 15 les
2144 2982 75 14 chantiers
2224 2982 21 14 du
2251 2982 57 16 monde,
2314 2982 19 15 ils
2338 2983 37 14 sont
2379 2980 70 20 premiers
2453 2978 43 14 venus-

2086 3013 39 14 Dans
2129 3013 22 14 les
2156 3013 75 16 brousses,
2237 3013 22 14 les
2265 3013 45 14 foré-ts
2316 3013 64 18 vierges,
2385 3012 23 14 les
2413 3011 64 14 savanes,

2085 3031 29 16 Sur
2118 3032 21 15 les
2142 3032 55 14 déserts
2204 3032 48 15 froids
2256 3036 19 11 ou
2280 3033 74 16 brôlauts,
2362 3032 21 15 les
2387 3031 58 15 océans.

2084 3052 38 14 Dans
2127 3052 21 14 les
2152 3051 54 19 palais,
2211 3055 31 11 aux
2248 3052 78 17 miradors,
2330 3053 39 14 dans
2373 3052 23 14 les
2402 3050 63 15 cabanes,

2084 3072 23 14 Eu
2111 3071 70 17 Autralie,
2186 3075 21 11 au
2212 3071 87 18 Cameroun,
2304 3075 28 12 sur
2334 3072 24 15 les
2361 3072 75 16 sampans:

2086 3106 30 15 Sur
2120 3106 22 16 les
2147 3106 59 15 voiliers
2212 3107 38 15 salis
2254 3107 61 15 suivant
2319 3107 23 15 les
2346 3106 60 15 vieilles
2410 3104 62 15 routes,.

2086 3126 28 15 Sur
2120 3127 22 14 les
2146 3130 65 15 vapeurs
2215 3127 103 18 gigantesques
2324 3127 16 15 et
2344 3126 51 18 peints
2401 3125 18 14 de
2422 3124 40 14 frais;

2086 3147 33 13 Aux
2126 3147 45 14 mines
2176 3147 21 14 du
2206 3147 49 17 Natal,
2260 3151 30 11 aux
2296 3147 56 18 plaines
2361 3146 46 14 drues
2411 3144 18 15 où
2436 3140 59 17 hrûâte:-

2086 3166 27 14 Les
2117 3167 80 17 troupeaux
2202 3170 37 11 sans
2244 3167 63 18 lesquels
2312 3166 65 18 Chicago
2381 3162 66 21 périrait:

2086 3199 65 17 Partout,
2156 3203 34 11 sous
2196 3201 35 14 tous
2235 3200 22 15 les
2261 3201 43 14 cieux
2309 3201 17 14 et
2330 3203 27 12 sur
2361 3198 71 16 toutesles
2437 3195 47 15 terres.

2086 3219 26 14 Les
2118 3219 64 15 coutrées
2190 3221 56 15 vertes,
2252 3220 22 15 les
2277 3220 66 15 contrées
2349 3221 60 16 rouges,
2415 3217 21 14 les
2442 3215 34 18 payâ

2087 3238 105 17 Hallucinants,
2197 3243 21 11 ou
2222 3240 54 16 beaux,
2285 3240 21 14 les
2311 3237 130 20 pays-cimetières,

2151 3259 28 15 Les
2185 3260 53 14 Corses
2241 3260 34 14 sont
2284 3259 51 18 partis.

2086 3291 18 16 Et
2110 3292 57 19 lorsque
2173 3296 25 11 sur
2205 3292 22 15 les
2232 3293 66 14 surfaces
2303 3292 75 15 illimitées

2086 3311 63 16 L’ombre
2153 3312 27 18 qui
2185 3312 43 15 vient
2235 3315 42 12 cerne
2282 3312 22 14 les
2309 3313 40 14 êtres
2353 3310 51 17 isolés,

2087 3331 26 14 Les
2116 3331 25 15 fils
2146 3332 18 14 de
2169 3335 34 11 mon
2208 3335 39 14 pays
2253 3331 99 15 consomment
2358 3331 32 14 leur
2394 3327 50 17 nuitée

2070 3363 2 4 .
2078 3355 5 3 -
2087 3351 12 13 A
2103 3354 63 11 caresser
2170 3354 20 11 un
2195 3351 37 14 rêve
2237 3351 38 14 aimé
2280 3352 26 14 des
2310 3350 54 15 exilés.

2087 3384 20 14 La
2111 3387 33 12 case
2148 3384 18 14 de
2171 3384 64 14 bambou
2245 3384 40 15 alors
2289 3387 39 15 pour
2332 3387 30 11 eux
2368 3382 68 15 s'éclaire,

2087 3403 20 15 La
2114 3407 33 11 case
2151 3407 19 11 ou
2176 3403 14 15 le
2194 3403 39 14 liant
2238 3405 35 17 pont
2279 3404 19 14 où
2303 3404 70 14 l’homme
2377 3402 29 15 lait
2410 3403 26 12 sou
2442 3398 44 18 quar>-

2087 3423 20 14 La
2114 3423 67 14 chambre
2186 3424 94 17 somptueuse
2286 3427 18 11 ou
2311 3424 16 13 la
2333 3423 43 14 hutte
2379 3421 53 18 légère,

2087 3442 18 14 Et
2109 3442 30 15 111e
2143 3443 91 16 doucement,
2239 3446 16 11 se
2259 3443 68 18 présente
2332 3445 31 12 aux
2367 3440 65 19 regards.

2087 3476 34 15 Puis
2127 3476 49 18 quand
2181 3476 20 15 ils
2207 3477 35 14 sont
2251 3480 18 11 au
2274 3477 31 14 soir
2309 3477 20 14 de
2335 3476 33 14 leur
2372 3473 62 17 carrière

2087 3495 51 16 Lassés
2141 3499 18 11 ne
2165 3496 63 14 voulant
2234 3500 27 14 pas
2264 3496 57 14 mourir
2327 3495 30 15 loin
2362 3495 18 14 de
2384 3494 36 15 chez
2424 3492 34 14 eux.

2087 3515 38 15 Tous
2130 3515 18 15 ils
2153 3515 88 15 reviennent
2246 3519 20 11 au
2270 3516 39 17 golfe
2314 3516 20 13 de
2339 3514 62 15 lumière

2087 3534 27 17 Qui
2119 3534 22 15 lés
2146 3535 22 14 vit
2173 3535 31 14 s'en
2210 3535 38 14 aller
2252 3538 18 12 eu
2276 3535 26 14 des
2306 3535 43 18 jours
2354 3533 67 15 radieux.

2086 3568 70 18 Toujours
2162 3569 66 14 ouvrant
2233 3571 24 12 ses
2262 3569 35 14 bras
2303 3572 31 11 aux
2340 3568 46 14 terres
2392 3562 64 22 ignorées

2086 3590 50 15 Cahne
2141 3590 39 16 bleu,
2186 3590 58 15 tacheté
2250 3591 19 14 du
2275 3591 34 18 plus
2315 3590 38 18 petit
2359 3588 51 16 écueil,

2088 3610 18 14 Le
2111 3609 38 17 golfe
2154 3610 33 14 voit
2189 3611 60 13 rentrer
2254 3610 14 14 la
2273 3613 38 11 nave
2316 3608 72 17 Destinée,

2086 3629 40 14 Cette
2130 3632 37 12 nave
2172 3629 67 15 alourdie
2244 3629 91 18 quelquefois
2339 3628 37 14 d'un
2381 3624 61 17 cercueil
2449 3632 9 4 -

2359 3655 57 19 Jean

2103 3685 33 15 (Au
2143 3684 35 18 long
2185 3684 19 15 de
2208 3688 32 11 mes
2242 3684 66 15 marches
2318 3683 77 16 militaires
2407 3683 25 12 sur
2444 3678 20 14 le*

2070 3705 17 14 de
2093 3705 14 14 la
2112 3706 140 18 Courtine,Creuse.)
