2553 3879
100 120 57 30 per
173 115 65 25 ella.
261 113 95 35 Infine
370 120 15 17 e
400 112 109 32 infatti
524 112 48 25 chi

100 155 36 24 ni'
137 153 162 33 affiiavanu,
349 148 223 35 latnpéiidnriiisi

99 191 75 26 tutti
181 190 120 26 addossu
311 191 54 32 per
371 187 80 35 pudè
463 185 109 34 meghu

99 228 93 34 coglie
201 227 124 26 tutti'ssi
335 225 124 26 versetti.

137 265 61 27 Chi
208 274 34 17 ne
252 267 62 24 dite
325 265 34 24 di
370 272 19 17 u
399 260 172 36 spruposihi

99 306 35 24 di
153 304 137 25 diversità
317 302 103 26 ch'ellu
440 300 37 25 c’è
491 306 49 17 as
541 299 31 23 tu

99 342 128 27 mondu?
240 342 101 32 Qiiesti
351 340 43 26 mi
405 339 166 32 strappauu

99 390 15 15 e
122 381 112 34 pagine
249 381 33 25 di
299 381 49 24 stu
368 378 78 26 libru
461 378 57 31 per
534 375 37 24 te-

101 419 90 25 nesile
207 427 73 17 corne
295 417 140 34 reliquie:
453 412 118 35 quelliu

99 457 186 33 lampar'umu
304 456 31 24 in
354 455 32 25 lu
398 453 74 35 focu
490 450 80 27 s'ellu

100 495 27 25 li
138 502 81 18 casca
231 495 31 24 in
274 501 97 18 manu.

133 533 50 25 Mi
194 540 34 17 ne
246 532 117 25 cunsolu
373 527 108 37 perche
497 527 74 27 Vuni

101 572 29 24 ci
148 572 119 24 trovanu
281 578 59 18 iina
353 569 125 34 leqçione
496 575 77 18 ama-

99 617 35 17 ra
143 617 8 17 :
158 609 138 34 ghiuvitìi
303 618 12 21 ;
331 608 96 26 Valtri
439 607 28 25 ci
478 608 93 22 trova-

99 656 40 17 nu
148 647 115 33 piacere
273 656 15 15 e
296 645 209 26 divertimeniu
514 652 6 16 :
530 643 42 24 ul-

100 688 49 23 tra
160 685 104 32 jiraiiìi.
274 684 178 26 Primizïzun
460 683 30 23 sò
500 682 71 24 dun-

99 723 143 34 querobba
252 723 114 32 jettata%

134 761 171 26 CuirielVun
315 761 43 25 mi
365 768 36 18 ne
407 759 100 35 ferma
520 757 50 26 che

99 809 40 16 un
145 802 99 31 pezgu,
251 800 68 33 paie
326 807 20 17 u
355 798 126 35 piacere,
501 804 70 18 caru

100 839 72 28 Sgiô
193 839 157 24 Direttore.
371 837 34 25 di
420 835 149 26 mandam-

100 877 79 25 mine
188 884 56 17 unu
258 895 29 7 ...
303 875 50 25 chi
363 875 78 31 dieu,
453 872 114 27 unu?...

98 914 211 26 mandatemine
344 921 39 18 un
402 911 165 36 pacchettu,

99 954 34 25 di
143 960 117 18 nianera
273 952 74 26 chHo
364 954 127 31 nepossa
504 952 66 31 cap-

95 993 57 33 pià
164 999 115 17 macaru
296 998 69 17 unu■
374 992 141 31 appressu
531 988 39 25 ad

99 1030 72 34 ognî
178 1038 90 16 mer-re
274 1028 51 27 chi
328 1029 42 25 mi
375 1028 27 25 si
405 1031 90 31 parer
495 1030 19 22 à
515 1029 54 32 po-

99 1077 35 17 cu
143 1067 193 27 cunvenevule.

131 1107 29 26 E
183 1106 46 26 hoi
249 1105 84 32 altri,
359 1114 14 17 o
387 1104 180 35 giuvanotti,

99 1146 210 33 cumprate'ssu
330 1143 78 27 libru
416 1152 7 22 ;
441 1150 17 18 a
472 1144 94 25 vostra

98 1191 135 20 amurosa
247 1182 136 27 sentendu
394 1182 44 26 sti
444 1182 125 26 serinati

97 1232 41 17 un
149 1225 38 32 pò
201 1225 99 23 mancà
312 1221 34 26 di
353 1222 98 34 spiccà
459 1228 40 17 un
510 1220 58 26 sal-

99 1265 33 24 tu
141 1270 17 18 e
167 1260 172 35 lampabbisi
347 1268 18 17 a
376 1269 19 16 u
408 1259 102 28 collu...

131 1300 28 27 E
168 1302 40 30 tu,
219 1308 69 17 caru
299 1299 47 25 Or
344 1307 44 23 su,
402 1298 149 35 curaggiu
558 1299 10 23 !

98 1339 143 34 A'’prima
247 1338 242 30 occasione,contu
495 1338 73 24 d’or-

95 1378 126 34 gani%{à
239 1376 141 35 unafesta
398 1384 34 19 eu
450 1375 117 35 rappri-

98 1417 157 34 seutaqioni
270 1424 87 18 corse.
380 1415 37 28 Ti.
429 1414 138 35 spedisce-

98 1455 110 36 raghiu
218 1463 19 17 u
253 1455 142 34 prudottu
410 1454 33 25 di
454 1462 18 16 a
488 1462 79 26 ques-

100 1495 64 26 tula
178 1494 38 25 da
232 1494 48 25 chi
295 1495 33 24 tu
342 1496 87 30 possa
453 1493 115 25 almenu

98 1535 120 33 cumprà
231 1541 17 17 u
259 1532 160 26 necessariu
429 1535 55 31 per
494 1531 81 27 scrù.

98 1581 40 17 ve.

248 1606 29 26 U
283 1607 29 24 to
322 1604 105 27 amicu.

324 1643 100 26 Ficca
432 1643 101 26 Nasu.

120 1699 26 23 (1)
155 1699 11 17 1
180 1698 40 18 vol.
227 1699 21 17 di
260 1697 22 19 64
294 1696 76 24 pagine,
384 1701 68 18 prezzu
461 1695 11 19 3
485 1696 81 21 franchi,

98 1723 106 22 Slamparia
211 1723 19 17 di
238 1722 20 18 A
264 1722 90 19 Muvra.

224 1804 69 30 Chi
311 1803 101 31 Sara
424 1803 20 30 ?

119 1867 30 19 Un
158 1866 62 19 stridu
224 1866 50 18 assai
281 1865 36 24 'più
322 1865 50 19 forte
379 1869 23 14 ca
409 1866 23 17 lu
439 1866 46 16 tonu

119 1892 27 18 Mi
151 1891 74 19 discitò,
233 1891 110 21 insisehitu,
351 1891 61 18 l’altra
417 1890 60 18 notte.

119 1918 58 17 L’ecu
184 1917 29 17 ris
214 1921 10 13 a
226 1921 24 13 na
250 1921 23 13 va
284 1919 36 20 per
327 1919 44 14 mon
373 1915 15 18 li
396 1920 11 13 e
414 1915 63 22 grotte
483 1919 6 17 ;

119 1941 25 19 Or
152 1942 32 17 chi
193 1942 41 17 sarà
241 1940 10 18 ?
256 1946 46 17 gran
311 1941 37 17 Diu
357 1941 19 18 di
384 1940 32 17 Pal
418 1941 20 17 tu
443 1939 63 18 îronu
512 1939 7 18 !

118 1980 47 18 Sara
171 1980 78 21 mughxu
256 1979 20 17 di
282 1980 52 20 toru,
340 1983 12 13 o
357 1983 49 18 paru
414 1983 28 13 un
447 1982 48 13 sonu

119 2005 95 18 Prodattu.
221 2004 24 18 da
248 2009 28 12 un
281 2005 109 17 strumentu
394 2003 97 21 musicale,

120 2030 15 18 0
143 2034 28 13 un
178 2030 58 22 lagnu
244 2033 105 14 cavernosu
357 2033 11 14 e
375 2026 118 25 sépulcrale?

119 2055 69 18 Tremu
193 2053 13 19 à
211 2054 91 23 pensacci,
308 2058 12 13 e
325 2058 27 13 un
357 2055 21 17 sò
386 2053 51 18 duve
444 2056 48 15 sonu
498 2052 5 18 !

118 2103 24 4 —
147 2092 79 19 Galmati
235 2092 26 18 !...
271 2092 51 18 m'ha
329 2092 94 19 cunvintu
430 2096 27 14 un
465 2092 37 17 ami
503 2095 47 15 cône

118 2118 36 19 Chi
160 2122 77 14 conosce
244 2118 7 18 i
259 2117 72 19 seereli
338 2117 22 19 di
367 2118 33 18 stu
407 2116 71 19 mondu
484 2121 5 17 ;
505 2130 4 2 -

118 2144 30 19 Un
157 2144 30 18 stà
192 2144 53 17 tantu
252 2144 21 17 in
280 2147 82 19 pensera
370 2147 11 13 e
389 2142 112 18 cunfusione
508 2142 6 17 !

119 2184 37 17 Per
165 2187 36 17 me,
211 2187 10 13 a
229 2182 65 18 Muvra
298 2181 100 23 imbelapè
405 2186 13 13 u
426 2181 97 18 Rutondu.

118 2208 50 23 Soga
175 2207 11 18 è
194 2207 86 19 sbarcatu
284 2207 78 23 qualchi
369 2207 115 22 nivaghione

118 2233 36 18 Chi
159 2234 44 17 voie
211 2233 65 17 manda
284 2233 52 17 tuttu
344 2233 37 17 alu
389 2231 94 23 prufondu
489 2230 11 19 ?

350 2259 66 19 Paoli
425 2259 24 18 di
456 2258 89 25 Tagliu.

240 2298 184 28 RISPOSTA

310 2369 49 19 Caru
367 2369 74 22 Tasliu,

117 2403 56 18 L’ecu
181 2402 20 18 di
209 2407 13 13 u
230 2401 73 18 fromhu
311 2401 32 17 chi
349 2401 21 18 tu
375 2399 92 21 ricevisli,

118 2428 15 18 0
142 2428 74 22 Tagliu,
222 2427 19 17 in
249 2427 14 17 li
271 2428 18 16 to
297 2425 39 23 elpi
345 2425 103 22 silenziosi,

116 2453 62 18 Mosse
186 2453 24 17 da
219 2451 6 18 i
231 2451 95 22 puliziotli
333 2451 73 22 operosi

119 2481 171 21 Ch’accampavanu
298 2484 12 13 a
319 2480 45 17 tana
372 2478 25 18 d’i
403 2478 97 22 miiyrisli.

117 2519 82 19 Scalonu
205 2519 19 17 in
229 2519 60 17 banda
296 2522 56 13 eume
361 2517 47 19 lanti
415 2517 41 23 lupi
461 2522 6 12 :

116 2545 32 18 Un
156 2549 27 18 gu
183 2549 34 13 ver
217 2548 26 14 nu
250 2543 85 19 d’indule
345 2543 112 22 sterpatrk-e

118 2570 85 22 Sperava
208 2568 48 19 siccà
262 2568 83 18 Pullima
354 2568 63 18 radice

116 2595 24 18 Di
147 2594 58 18 l’idea
211 2594 86 18 ch’ann’è
305 2593 37 22 pèi
351 2593 85 19 ebiocchi
442 2592 50 22 cupi.

117 2635 30 18 Ma
155 2638 15 13 u
178 2633 74 18 fromhu
259 2631 168 23 dist’ocionijunti
435 2632 21 17 in
464 2631 75 18 sehiera

117 2659 30 18 Un
155 2659 22 17 fù
185 2663 23 13 ca
215 2658 27 22 pè’
249 2662 20 14 so
275 2657 59 23 spesi.
342 2657 18 18 U
368 2658 63 18 slessu
438 2656 48 19 vulu
495 2670 3 3 .

118 2684 11 18 I
137 2684 17 18 si
163 2684 56 22 purtô
227 2688 23 13 eu
257 2683 19 17 la
284 2687 21 14 so
314 2683 49 18 coda
372 2682 21 18 in
404 2687 41 13 c...-.

118 2709 36 18 Chi
164 2713 12 13 a
182 2708 62 19 caeda
251 2709 31 17 fera
291 2708 49 18 stata
349 2712 49 19 pocu
406 2707 54 19 fiera-

116 2748 55 19 E’ssu
177 2748 121 23 guvernuchi
307 2747 38 18 l’ha
355 2747 92 22 suggerili

116 2773 100 19 Credendu
225 2774 19 17 ds
253 2772 55 18 truvà
318 2772 68 19 l’affavi
395 2771 72 21 aveaui,

116 2799 22 18 Ci
147 2799 57 18 lescia
212 2798 30 23 più
251 2802 21 14 ca
282 2797 36 19 mai
326 2797 51 19 Corsi
385 2797 59 18 ardili

116 2823 62 19 Ch’un
187 2825 66 17 voieuu
262 2823 98 19 l’ossacciu
368 2827 54 13 cuae
431 2822 6 18 i
446 2821 41 18 cani
495 2822 4 17 !

431 2849 20 18 A
458 2848 88 19 Muvra.

117 3204 25 4 —
148 3194 36 17 Chi
192 3192 120 24 prumetümu
322 3196 12 12 a
340 3189 89 21 l’elettori
439 3190 21 17 in
467 3190 32 17 stu
507 3189 62 23 perio-

96 3223 25 16 du
127 3221 11 18 ?

117 3258 25 5 —
147 3248 63 18 Centu
216 3246 100 20 chilomitri
325 3246 18 18 di
351 3246 63 18 slrade
421 3245 69 18 ferrale
496 3250 11 13 e
515 3244 54 19 mille

95 3276 56 19 ettari
158 3276 21 18 di
186 3275 67 23 padule
260 3275 122 22 asciutte’per
388 3277 48 14 voce
443 3272 37 19 dia
487 3274 79 19 stampa:

96 3310 32 12 e...
136 3308 39 14 une
181 3303 149 22 piazzareîla,per
336 3302 74 18 lettera.

118 3375 50 18 Chez
176 3381 55 16 nous,
239 3375 57 18 l’Elat
303 3375 32 17 est
347 3373 108 21 souverain,
469 3374 20 16 et
504 3376 63 14 aucun

97 3402 84 19 obstacle
188 3404 32 17 n’a
232 3403 30 18 été
269 3402 66 18 dressé
342 3402 66 18 contre
417 3405 35 13 son
466 3399 102 20 absolutis-

97 3434 29 13 me
133 3435 6 16 ;
148 3430 30 17 les
186 3430 93 22 majorités
287 3434 21 14 se
317 3430 72 18 croient
403 3429 43 18 tout
453 3428 78 22 permis,
547 3427 21 17 et

96 3461 75 14 aucune
177 3457 61 18 limite
246 3456 174 20 constitutionnelle
434 3456 21 18 et
467 3455 61 23 légale
542 3458 25 13 ne

98 3485 88 22 s’oppose
192 3484 13 18 à
217 3485 50 18 leurs
274 3485 84 21 caprices
367 3485 19 18 et
393 3484 13 17 à
412 3484 52 18 leurs
480 3482 87 24 passions

97 3512 109 21 politiques,
223 3511 59 18 même
298 3514 64 19 quand
378 3511 46 18 elles
442 3511 74 18 foulent
530 3514 38 13 aux

98 3539 54 21 pieds
159 3539 30 17 les
198 3538 59 17 droits
263 3539 64 18 sacrés
335 3540 24 18 de
373 3539 19 18 la
408 3537 119 22 conscience,
543 3537 25 17 de

100 3566 19 17 la
125 3566 89 22 religion,
222 3566 24 17 de
253 3566 18 17 la
277 3566 80 22 famille,
366 3567 23 17 de
397 3567 19 16 la
422 3566 103 22 propriété.

366 3598 58 19 Jean
433 3597 109 20 Guiraud.

118 3626 34 22 (La
161 3625 63 24 Croix)

754 115 76 56 La
862 110 255 60 Nouvelle
1162 107 255 70 Qüestion

813 191 530 58 d9A!sace=Lorraiiie

1029 291 109 31 (Suite)

623 370 32 21 Le
662 369 100 26 général,
772 368 39 25 qui
821 367 59 21 avait
888 367 44 20 fait
938 367 22 19 la
966 366 104 20 connais-

597 404 69 15 sance
674 397 28 21 de
710 395 74 21 l’abbé
792 396 78 22 Haegy
879 401 28 13 au
924 396 103 18 moment
1040 394 28 19 de

597 427 22 20 la
628 425 90 21 rentrée
726 424 40 19 des
784 422 109 23 Français
911 428 29 13 en
958 421 89 23 Alsace,
1056 427 12 13 a

598 453 34 21 dit
639 454 141 19 notamment
790 450 47 21 ceci
846 456 6 13 :

623 482 43 20 «Je
673 486 38 15 me
716 479 48 20 suis
776 478 116 25 plusieurs
909 476 54 21 fois,
980 477 14 19 à
1009 479 60 17 cette

597 510 98 24 époque,
721 510 122 17 entretenu
869 511 56 14 avec
950 504 30 20 M-
997 503 73 21 l’abbé

598 537 86 25 Haegy,
694 536 57 19 dont
759 538 53 16 tous
821 539 57 15 ceux
886 532 40 26 qui
936 532 22 19 le
966 532 105 20 connais-

598 569 52 17 sent
657 563 132 27 apprécient
799 562 23 20 la
838 561 70 20 haute
924 559 146 25 intelligence

597 597 24 17 et
627 594 23 19 Je
658 599 44 18 pur
708 591 224 20 désintéressement.

624 621 51 19 «Au
693 623 68 15 cours
782 618 29 18 de
835 622 38 13 ces
896 613 173 22 conversations

597 648 101 20 intimes,
725 650 57 14 nous
807 648 72 15 avons
896 640 174 21 naturellement

597 673 117 24 envisagé,
724 677 40 14 sur
777 671 21 19 le
816 669 53 25 plan
887 669 73 20 moral
980 671 23 16 et
1019 668 51 20 reli-

597 702 76 26 gieux,
686 700 35 20 les
739 697 130 21 conditions
886 697 29 19 de
931 696 22 18 la
964 696 106 19 nouvelle

599 730 37 20 vie
643 730 30 19 de
689 727 100 20 l’AJs3ce
806 725 58 20 dans
880 724 22 20 le
919 723 68 19 cadre
1004 722 29 20 de
1048 724 22 20 la

597 754 146 27 mère-patrie
751 752 125 21 retrouvée.
887 751 44 20 Les
940 755 130 20 promesses

596 782 192 24 solennellement
812 779 131 22 formulées,
978 781 22 17 et
1024 784 45 19 que

597 812 87 22 chacun
693 809 93 21 connaît
793 808 39 23 ici,
846 806 164 21 constituaient
1024 806 46 20 évi-

596 840 117 21 demment
720 837 23 20 la
752 836 54 19 base
817 836 42 19 des
875 839 57 16 vues
949 839 44 19 que
1010 839 59 15 nous

596 866 141 25 échangions
745 870 40 14 sur
792 863 22 20 la
824 862 99 21 solution
941 861 29 19 de
983 866 27 14 ce
1018 867 52 17 pro-

596 895 82 21 blème.
685 893 28 20 Ni
727 892 30 20 M.
775 890 75 21 l’abbé
868 889 86 24 Haegy,
972 888 23 20 ni
1013 889 53 21 moi,

595 921 145 23 «'émettions
748 925 74 14 aucun
831 918 69 20 doute
908 923 41 13 sur
956 917 22 19 la
990 916 78 21 réalité

596 954 23 18 et
627 951 22 20 la
659 949 78 21 valeur
745 947 40 20 des
790 946 152 21 déclarations
947 943 122 21 formulées

595 982 24 18 et
628 976 151 22 renouvelées
788 981 42 18 par
838 974 33 19 les
884 972 109 21 autorités
1009 971 60 21 fran-

595 1006 75 25 çaises
677 1003 164 25 compétentes.
851 1001 56 20 Mais
913 1000 58 25 jene
979 999 89 21 laissais

595 1040 42 20 pas
642 1034 93 25 ignorer
742 1031 14 20 à
764 1036 54 14 mon
836 1029 164 20 interlocuteur
1016 1029 52 24 qu’à

595 1068 54 15 mon
658 1060 57 23 avis,
724 1059 33 20 les
766 1058 74 20 forces
849 1056 107 21 sectaires
961 1056 39 20 des
1004 1055 63 26 loges

595 1087 172 27 maçonniques,
776 1086 70 20 mises
854 1091 28 13 en
889 1083 102 22 sommeil
1000 1089 29 14 ou
1038 1091 28 14 en

596 1118 109 20 veilleuse
717 1114 101 26 pendant
827 1114 21 19 la
856 1118 90 19 guerre,
956 1118 29 14 ne
994 1112 75 21 tarde-

594 1145 75 21 raient
677 1149 40 20 pas
727 1144 13 18 à
754 1142 90 21 relever
857 1141 20 19 la
886 1142 46 19 tête
946 1146 28 14 au
991 1140 77 21 lende-

595 1174 63 20 main
667 1171 56 21 delà
732 1170 61 25 paix,
811 1173 24 17 et
850 1169 14 19 à
876 1168 126 26 reprendre
1018 1168 50 21 leur

594 1207 80 15 oeuvre
682 1200 29 19 de
725 1196 223 22 déchristianisation
966 1201 41 20 par
1023 1202 45 15 une

593 1230 59 19 lutte
660 1233 54 16 sans
722 1227 64 19 trêve
795 1226 23 19 ni
828 1224 69 21 merci
906 1228 80 16 contre
993 1223 75 27 l’Egli-

593 1263 27 14 se
638 1255 139 24 catholique.
803 1253 60 20 Leur
879 1252 76 21 action
977 1251 92 22 viserait

593 1284 167 21 certainement
769 1282 21 19 la
800 1281 37 20 vie
846 1280 165 26 religieusedes
1017 1287 51 18 pro-

593 1312 78 20 vinces
697 1310 135 20 recouvi-ées
853 1312 22 16 et
888 1309 178 24 s’appliquerait,

594 1340 46 20 soit
646 1337 193 22 sournoisement,
849 1336 43 19 soit
901 1340 166 19 ouvertement,

593 1369 14 19 à
615 1365 106 23 anéantir
729 1365 34 20 les
776 1364 219 24 libertés-promises
1003 1363 14 20 à
1025 1369 43 16 nos

593 1395 72 20 frères
672 1393 144 24 catholiques
822 1391 29 21 de
859 1391 97 21 l’Alsace
964 1395 24 16 et
1003 1391 29 20 de
1045 1392 24 20 la

595 1423 119 20 Lorraine.

619 1455 12 11 «
637 1451 35 23 Et,
682 1454 89 15 comme
779 1446 142 24 conclusion,
937 1447 24 24 je
969 1446 35 21 dis
1013 1447 13 19 à
1035 1447 31 21 M.

593 1478 75 21 l’abbé
676 1477 89 24 Haegy:
775 1475 127 25 Croyez-en
920 1479 68 16 notre
1003 1476 67 24 expé-

594 1506 87 24 rience,
691 1511 29 13 ne
729 1510 58 14 vous
804 1503 126 20 endormez
946 1509 49 18 pas,
1010 1505 58 19 mais

593 1534 81 21 veillez
682 1537 23 16 et
713 1530 141 26 criez—(j'ai
865 1532 75 19 même
954 1531 112 26 employé,

593 1562 35 21 s’il
637 1562 59 20 m’en
705 1560 107 21 souvient
821 1559 61 23 bien,
892 1565 58 19 pour
956 1559 113 23 exprimer

594 1596 37 15 ma
640 1589 93 26 pensée,
742 1594 31 14 un
793 1587 94 21 vocable
902 1588 121 24 emprunté
1038 1594 29 14 au

593 1619 58 20 rude
658 1619 97 23 langage
764 1616 40 20 dès
814 1614 93 27 camps).
919 1615 54 24 Oui,
987 1615 81 21 veillez

594 1650 23 18 et
625 1647 59 21 criez
689 1645 21 20 si
719 1650 58 15 vous
786 1645 50 19 êtes
848 1644 133 20 menacés...

620 1681 10 11 «
638 1675 24 20 Si
689 1679 58 14 vous
773 1671 118 21 consultez
913 1671 22 20 la
953 1671 58 21 série
1027 1672 41 20 des

594 1709 70 15 voeux
671 1701 58 22 émis
737 1705 24 15 et
764 1700 97 25 adoptés
876 1706 41 17 par
929 1699 22 20 le
964 1699 105 21 Couvent

594 1730 31 24 du
641 1729 171 22 Grand-Orient
829 1733 28 14 en
873 1727 59 25 1923,
957 1726 39 26 qui
1014 1727 54 21 lésa

594 1759 116 20 d’ailleurs
724 1755 176 24 communiqués
915 1756 13 18 à
945 1755 21 20 la
981 1761 86 19 presse,

595 1787 20 21 si
622 1793 58 14 vous
688 1785 83 20 voulez
787 1784 54 20 bien
859 1788 56 15 vous
929 1782 106 26 rappeler
1046 1784 23 20 la

593 1813 142 22 déclaration
744 1811 159 22 ministérielle
911 1811 30 19 de
948 1810 51 26 juin
1008 1811 58 26 1Ù24,

593 1848 58 16 vous
657 1841 156 21 reconnaîtrez
821 1844 46 20 que
877 1838 35 21 les
920 1839 148 21 événements

594 1871 65 20 n’ont
666 1876 46 19 que
719 1872 51 21 trop
774 1866 89 27 justifié
868 1866 200 26 mesprévisions.»

619 1897 74 24 Ainsi,
702 1896 23 20 le
733 1895 94 26 général
836 1894 29 20 de
873 1894 123 21 Castelnau
1008 1901 30 14 ne
1043 1902 26 14 se

593 1926 79 21 faisait
691 1930 42 19 pas
749 1924 53 25 plus
828 1922 130 21 d’illusions
974 1928 45 20 que
1034 1924 35 20 Jes

584 1954 3 13 :
594 1954 144 23 catholiques
772 1950 223 22 aîsaciens-îorrains
1016 1957 53 15 euxr

584 1992 2 7 :
594 1983 86 19 mêmes
689 1986 40 13 sur
738 1979 23 21 le
768 1983 48 16 sort
834 1978 92 21 réservé
947 1984 29 14 au
992 1979 77 20 catho-

594 2009 89 21 licisme
691 2014 29 13 en
729 2006 208 21 Alsace-Lorraine.
944 2005 64 24 Mais,
1014 2006 17 20 il
1038 2013 31 14 ne

595 2037 87 21 voulait
699 2041 42 19 pas
758 2041 29 14 en
802 2035 58 20 tirer
876 2034 29 21 de
922 2033 147 22 conclusions

593 2065 58 21 dans
668 2065 22 20 le
705 2069 54 15 sens
776 2063 56 20 d’un
849 2061 155 22 relâchement
1027 2063 41 20 des

593 2093 60 21 liens
674 2095 65 18 entre
763 2091 15 19 T
779 2089 203 22 Alsace-Lorraine
1006 2095 23 15 et
1045 2091 22 20 la

594 2120 95 23 France,
700 2123 23 16 et
732 2119 47 20 cela
789 2124 47 15 non
845 2117 127 21 seulement
981 2123 87 16 comme

594 2148 106 25 Français
707 2147 29 20 de
747 2146 130 21 l’intérieur
894 2146 40 25 qui
951 2145 72 20 tenait
1038 2152 30 14 2u

594 2177 111 20 maintien
722 2176 30 19 de
768 2174 79 20 l’unité
871 2174 124 22 nationale,
1011 2174 58 20 mais

593 2208 75 20 même
689 2211 89 14 comme
801 2203 139 26 catholique.
955 2203 33 21 En
1004 2204 63 23 effet,

592 2241 91 15 comme
687 2233 140 24 catholique,
832 2231 122 22 démettait
959 2231 109 24 l’opinion

594 2264 104 20 suivante
705 2267 6 14 :

619 2291 88 22 «Nous,
725 2288 151 25 catholiques,
894 2294 61 15 nous
971 2293 97 19 croyons

594 2325 46 19 que
648 2319 23 19 la
679 2317 144 20 Providence
832 2316 92 24 préside
942 2322 43 14 aux
1002 2316 68 21 desti-

594 2347 54 20 nées
657 2347 41 19 des
707 2344 102 25 peuples.
828 2342 61 21 C’est
906 2343 163 26 providentiel-

593 2376 86 19 lement
687 2379 46 19 que
740 2372 96 20 l’Alsace
853 2375 34 16 est
896 2377 101 15 revenue
1009 2372 58 21 dans

593 2403 22 21 le
623 2403 67 25 giron
700 2401 29 19 de
738 2401 20 19 la
771 2400 86 20 France
866 2406 7 17 ;
882 2404 31 20 et,
928 2406 40 14 sur
976 2400 21 20 le
1013 2401 54 24 plan

594 2430 118 25 religieux,
722 2429 39 24 qui
771 2428 49 20 seul
831 2431 35 16 est
880 2428 21 20 le
919 2428 74 21 nôtre,
1010 2434 58 15 nous

594 2456 197 27 pexxscnsquei.es
811 2455 128 24 Alsaciens,
953 2456 20 20 si
987 2454 82 23 ferme-

593 2490 63 16 ixxent
673 2484 101 21 attachés
799 2485 13 19 à
830 2483 21 20 la
869 2482 44 22 fois
927 2482 139 27 catholique,

594 2516 104 18 nousont
707 2512 38 20 été
752 2512 86 20 rendus
855 2516 58 20 pour
929 2512 65 19 aider
1005 2511 62 22 leurs

593 2542 75 20 frères
676 2540 28 19 de
715 2539 126 20 l’intérieur
850 2538 14 20 à
873 2539 146 24 reconquérir
1034 2541 34 20 les

594 2569 94 21 libertés
695 2567 41 25 qui
746 2567 50 20 leur
804 2569 41 18 ont
851 2567 37 19 été
894 2567 130 21 arrachées.
1031 2573 11 11 »

620 2597 50 21 Une
680 2595 53 20 telle
742 2595 95 25 opinion
847 2596 30 18 né
888 2599 56 21 peut
959 2596 109 24 procéder

594 2632 46 18 que
648 2625 69 20 d’une
724 2623 32 20 foi
763 2622 112 26 intégrale
884 2628 23 15 et
916 2623 121 25 profonde.
1048 2625 19 20 A

594 2654 41 24 qui
649 2651 121 22 considère
777 2652 33 19 les
817 2650 81 21 choses
912 2657 57 14 avec
981 2651 52 25 plus
1039 2653 29 19 de

594 2682 113 21 réalisme,
717 2679 23 23 il.
747 2679 88 20 semble
850 2678 57 25 qu’il
916 2685 15 19 y
939 2685 13 14 a
967 2679 52 24 plus
1030 2681 37 21 .de

596 2707 148 27 probabilités
753 2713 58 20 pour
816 2712 46 19 que
870 2712 25 14 ce
903 2706 45 21 soit
955 2706 21 20 la
984 2706 84 22 France

594 2738 77 24 laïque
679 2735 41 25 qui
728 2735 112 20 détourne
848 2734 97 21 l’Alsace
953 2735 30 19 du
991 2736 76 20 catho-

594 2765 96 22 licisme,
698 2763 128 24 plutôt.que
832 2768 26 13 ce
866 2764 46 19 soit
919 2763 96 20 l’Alsace
1027 2764 39 25 qui

594 2799 15 19 y
616 2793 94 20 ramène
717 2791 23 19 la
750 2791 94 20 France.

620 2821 34 20 De
660 2825 42 15 son
712 2818 105 25 opinion,
824 2819 22 20 le
859 2818 93 25 général
969 2819 27 19 de
1013 2819 56 22 Cas-

594 2848 79 21 telnau
680 2846 91 21 tirailla
780 2845 135 22 conclusion
923 2846 119 22 suivante:

619 2881 12 11 «
639 2876 27 20 El
675 2880 58 14 vous
743 2874 81 20 voulez
833 2879 57 14 vous
907 2874 79 24 isoler,
1003 2881 65 15 mon-

594 2903 62 21 sieur
663 2902 84 23 l’abbé,
756 2902 58 19 dans
822 2902 23 19 le
861 2901 92 21 confort
969 2904 99 23 supposé

594 2931 29 20 de
646 2929 185 22 l’autonomisme
858 2934 29 14 ou
912 2929 47 21 fuir
975 2929 57 22 dans
1045 2932 24 19 le

594 2959 157 21 déchirement
764 2958 29 19 du
809 2957 157 24 séparatisme,
987 2963 27 14 en
1036 2966 32 14 un

593 2991 51 17 mot
665 2986 103 20 déserter
791 2985 21 19 la
831 2984 69 21 lutte!
918 2984 33 21 Ce
968 2986 60 20 n’est
1043 2987 24 20 ni

593 3019 139 21 courageux,
740 3013 23 19 ni
769 3012 116 23 fraternel,
895 3013 24 20 ni
928 3013 139 26 catholique;

593 3042 55 21 c’est
653 3040 74 22 trahir
749 3041 21 19 la
787 3039 94 21 mission
896 3040 172 24 providentielle

593 3076 46 18 que
646 3074 58 16 vous
712 3068 71 20 devez
790 3068 127 24 accomplir
929 3068 59 21 dans
1002 3074 65 16 votre

594 3097 78 21 Patrie
677 3096 135 20 recouvrée.
819 3102 11 11 »

619 3125 31 20 La
659 3123 129 25 déposition
798 3128 46 20 que
858 3124 112 24 comptait
984 3122 85 24 fairelé

593 3152 33 21 Dr
636 3151 100 22 Ricklin,
743 3155 24 16 et
773 3152 53 24 qu’a
836 3150 89 24 publiée
930 3151 137 27 laZukunft,

593 3185 60 16 nous
662 3179 121 24 renseigne
794 3184 66 14 assez
873 3183 143 16 exactement
1028 3187 40 14 sur

592 3208 35 20 les
633 3206 164 22 tendances-de
803 3207 183 20 l’autoncmisn-.e
998 3210 23 16 et
1036 3209 30 19 du

594 3234 173 22 «Heimatbund
774 3240 19 13 ».

604 3266 5 13 ;
617 3263 21 20 II
646 3267 133 16 commence
791 3267 43 19 par
851 3262 107 25 rappeler
971 3268 52 19 que,
1037 3269 29 14 en

592 3291 96 20 octobre
700 3288 59 25 1918,
768 3289 95 25 lorsque
868 3288 21 20 le
895 3289 105 25 Landtag
1007 3290 60 22 d’Al-

593 3317 174 22 sàce-Lorrainè
773 3323 25 14 se
806 3317 36 20 fut
848 3317 115 21 constitué
971 3324 29 13 en
1008 3317 59 22 Con-

593 3346 43 20 seil
644 3344 113 24 national,
766 3345 16 20 il
791 3345 32 20 lui
841 3345 62 20 avait
920 3345 98 25 proposé
1039 3347 29 19 de

592 3377 69 17 voter
669 3373 21 20 la
699 3373 88 19 motion
797 3372 119 21 suivante:

618 3406 12 10 «
637 3398 229 23 L’Alsace-Lorraine
883 3403 76 17 rentre
972 3399 58 21 dans
1045 3401 23 20 le

592 3429 51 19 sein
657 3428 30 20 de
699 3427 23 19 la
736 3427 94 22 Frauce,
844 3426 57 21 dans
915 3427 20 19 la
956 3427 73 20 ferme
1036 3432 32 16 at-

591 3459 66 17 tente
665 3460 46 20 que
721 3454 31 20 lui
762 3457 80 17 seront
850 3454 104 24 garantis
967 3455 23 20 le
997 3456 72 20 main-

593 3483 50 21 tien
648 3484 29 19 de
684 3488 27 13 sa
716 3482 91 25 langue,
813 3487 39 15 ses
859 3481 143 21 institutions
1018 3484 51 19 reli-

591 3511 101 25 gieuses,
702 3515 43 14 son
754 3509 183 21 administration
955 3515 84 19 propre
1046 3514 24 17 et

592 3544 38 15 ses
642 3537 96 21 intérêts
751 3537 172 24 économiques.
931 3543 12 12 »

618 3569 34 20 Ce
675 3574 46 18 que
745 3567 118 21 contenait
887 3571 60 18 cette
973 3569 95 22 motion,

591 3595 79 25 ajoute
675 3596 22 20 le
706 3595 32 20 Dr
747 3595 98 23 Ricklin,
855 3595 57 21 c’est
924 3595 144 24 aujourd’hui

592 3625 171 24 leprogramme
768 3623 186 21 autonomistedu
959 3622 111 22 «Heimat-

1095 363 65 21 bund
1167 372 18 11 ».
1205 364 78 24 Quant
1306 370 29 13 au
1362 361 142 25 patriotisme
1528 359 40 21 des

1095 392 169 21 autonomistes
1272 398 41 19 par
1325 392 94 22 rapport
1427 390 13 18 à
1446 388 22 19 la
1482 388 86 19 France

1096 424 23 15 et
1124 420 13 19 à
1142 418 51 20 leur
1199 425 54 18 pays
1259 426 30 14 ou
1295 418 70 26 petite
1369 415 73 26 patrie
1446 413 121 26 (Heimciî),

1096 447 16 20 il
1122 447 22 19 le
1152 446 80 20 définit
1241 448 28 19 de
1276 447 23 20 la
1308 444 103 21 manière
1425 443 106 20 suivante
1537 448 5 12 :

1121 473 43 21 «Si
1180 474 23 19 le
1219 481 10 11 «
1237 471 152 23 Heimatbund
1397 477 9 10 »
1436 476 25 15 se
1478 469 89 20 déclare

1096 508 59 19 pour
1163 502 22 19 le
1195 501 108 20 maintien
1315 500 42 19 des
1377 498 58 20 liens
1452 497 41 25 qui
1509 502 58 15 nous

1096 529 130 21 rattachent
1235 526 144 28 aujourd’hui
1391 526 14 20 à
1411 526 21 20 la
1442 526 94 21 France,
1550 524 15 20 il

1097 564 31 14 ne
1133 558 24 19 le
1164 556 42 21 fait
1214 562 41 16 pas
1262 562 42 19 par
1313 562 31 13 un
1358 554 126 21 sentiment
1498 552 69 26 patri-

1097 585 80 23 otique
1185 581 207 27 particulièrement
1406 581 136 21 chaleureux
1554 580 12 20 à

1095 608 236 28 l’égarddelaFrance.
1336 610 35 19 Au
1377 607 187 22 «Heimatbund»,

1097 645 59 14 nous
1171 646 29 13 ne
1216 638 101 20 sorntnes
1337 642 41 17 pas
1401 635 40 20 des
1458 635 109 23 patriotes

1096 668 59 19 dans
1164 667 22 19 le
1194 670 53 16 sens
1255 669 44 19 que
1307 664 34 19 les
1351 663 107 22 Français
1465 662 102 19 donnent

1096 695 13 19 à
1123 694 21 19 la
1162 694 78 19 notion
1254 691 29 19 de
1304 689 151 26 patriotisme,
1474 689 57 20 dont
1543 688 23 20 le

1096 722 61 19 culte
1167 724 33 17 est
1209 720 89 20 devenu
1313 723 59 19 pour
1386 723 44 14 eux
1445 722 46 14 une
1505 716 62 20 vraie

1096 747 108 25 religion.
1213 747 62 21 Nous
1288 751 108 16 sommes,
1405 750 54 14 sous
1476 751 26 13 ce
1516 749 51 18 rap-

1095 779 60 23 port,
1174 776 117 21 beaucoup
1317 773 50 25 plus
1384 772 139 24 sceptiques,
1540 777 26 15 ce

1096 802 57 27 qu’il
1159 802 51 21 faut
1217 800 112 22 attribuer
1342 806 55 14 sans
1413 799 70 21 doute
1491 800 13 19 à
1517 803 50 17 tout

1096 834 67 17 notre
1171 830 66 25 passé
1245 828 120 25 politique.

1100 872 4 3 -
1121 859 46 20 Par
1183 860 88 19 contre*
1288 862 57 14 nous
1364 861 98 15 sommes
1480 855 86 21 animés

1094 887 53 20 d’un
1156 891 81 15 amour
1253 883 81 21 ardent
1352 889 58 19 pour
1426 887 68 17 notre
1510 889 56 20 pays

1094 912 122 27 (Heimaï),
1225 912 47 25 qui,
1283 917 57 19 pour
1348 917 66 17 nous,
1421 911 74 24 prime
1508 915 56 19 tout,

1095 946 22 16 et
1126 942 83 24 auprès
1223 940 84 24 duquel
1324 940 16 19 il
1354 946 15 18 y
1377 945 14 14 a
1399 940 64 20 aussi
1481 945 44 19 peu
1538 939 29 21 de

1095 970 65 25 place
1169 974 57 20 pour
1236 974 30 13 un
1283 967 140 25 patriotisme
1441 968 126 20 exubérant

1093 1005 29 13 en
1132 996 81 21 faveur
1219 995 54 20 delà
1281 994 86 22 France
1375 995 66 25 qu'en
1449 995 82 20 faveur
1538 995 28 20 de

1094 1024 157 26 l’Allemagne.
1275 1023 34 20 De
1334 1024 75 20 même
1429 1029 54 20 que,
1503 1024 62 20 aussi

1093 1054 129 24 longtemps
1231 1058 44 18 que
1284 1057 59 15 nous
1351 1057 71 14 avons
1440 1055 125 21 appartenu

1094 1083 12 20 à
1115 1081 156 24 l’Allemagne,
1282 1085 58 15 nous
1349 1085 30 15 ne
1387 1079 31 20 lui
1426 1085 74 15 avons
1515 1078 49 22 rien

1094 1110 98 20 accordé
1215 1108 83 25 qu’une
1321 1107 97 21 attitude
1435 1108 82 24 loyale,
1538 1107 28 21 de

1093 1139 75 20 même
1177 1143 57 15 nous
1240 1142 29 14 ne
1278 1136 88 20 devons
1375 1141 41 18 pas
1423 1139 66 17 autre
1497 1136 68 20 chose

1094 1167 13 20 à
1114 1167 23 20 la
1147 1165 87 21 France
1242 1170 46 20 que
1300 1164 30 20 de
1343 1169 61 15 nous
1416 1163 149 21 conformera

1095 1201 37 14 ses
1140 1194 53 24 lois,
1203 1197 22 17 et
1233 1193 29 20 de
1270 1199 31 14 ne
1309 1192 49 21 rien
1368 1191 57 20 faire
1433 1192 40 26 qui
1488 1191 78 25 puisse

1095 1226 80 22 porter
1182 1223 23 20 la
1213 1221 105 21 moindre
1332 1220 93 21 atteinte
1434 1221 13 20 à
1454 1226 41 14 son
1510 1219 56 21 exis-

1095 1255 67 16 tence
1167 1254 24 17 et
1198 1251 14 19 à
1219 1255 25 14 sa
1257 1249 107 20 sécurité.
1370 1256 10 11 »

1119 1280 64 20 Dans
1189 1281 62 18 cette,
1256 1276 118 21 définition
1383 1276 30 20 du
1423 1277 144 25 patriotisme

1094 1307 109 23 alsacien,
1211 1302 36 28 iïÿ
1254 1311 15 14 a
1282 1311 87 14 comme
1377 1304 21 20 ia
1407 1304 158 22 confirmation

1095 1341 46 19 que
1154 1334 35 20 les
1204 1333 119 21 Alsaciens
1339 1339 29 13 ne
1393 1337 54 16 sont
1467 1333 24 19 ni
1508 1332 59 20 Alle-

1095 1363 84 20 mands
1190 1362 24 20 ni
1239 1360 116 26 Français,
1374 1360 57 20 mais
1448 1360 118 21 Alsaciens

1095 1394 71 20 ayant
1174 1393 57 17 tout.

1120 1419 46 20 Sur
1173 1419 21 19 la
1204 1418 104 25 question
1324 1417 41 21 des
1381 1423 131 18 promesses
1526 1417 39 24 qui

1094 1450 41 17 ont
1143 1446 37 21 été
1185 1446 66 21 faites
1264 1452 46 13 aux
1324 1444 240 24 Alsaciens-Lorrains,

1095 1478 143 17 notamment
1245 1474 59 20 dans
1317 1474 21 19 la
1353 1473 167 25 proclamation
1535 1472 31 21 du

1094 1502 95 26 général
1197 1501 79 24 Joffre,
1286 1505 71 21 quant
1374 1506 29 14 au
1417 1501 112 21 maintien
1538 1501 29 21 de

1094 1531 63 20 leurs
1163 1530 122 20 traditions
1296 1533 24 16 et
1327 1530 28 19 de
1363 1528 61 21 leurs
1433 1534 132 20 croyances,

1094 1559 22 20 le
1125 1559 33 20 Dr
1167 1558 90 21 Ricklin
1265 1561 120 16 estencore
1391 1557 52 24 plus
1449 1557 118 25 sceptique

1095 1593 46 19 que
1146 1586 21 21 le
1176 1586 91 25 général
1276 1585 29 20 de
1313 1585 133 21 Castelnau.
1458 1585 63 20 Pour
1524 1584 42 26 lui,

1094 1622 30 13 on
1134 1620 30 15 ne
1173 1617 54 22 peut
1235 1620 40 19 pas
1288 1614 105 20 attendre
1401 1613 28 20 de
1445 1613 23 20 la
1482 1613 85 21 France

1096 1642 84 26 qu’elle
1193 1649 25 14 se
1232 1641 120 21 considère
1367 1647 89 15 comme
1470 1641 44 20 liée
1527 1647 42 18 par

1095 1677 38 14 ces
1140 1676 137 19 promesses.
1289 1670 60 20 C’est
1367 1670 114 25 pourquoi
1497 1670 17 20 il
1530 1670 38 19 de-

1094 1699 85 22 mande
1184 1699 69 26 qu’on
1258 1699 50 19 leur
1323 1697 113 22 substitue
1450 1705 33 13 un
1498 1701 71 18 statut

1095 1726 68 26 légal.

1119 1754 34 20 En
1162 1761 27 14 ce
1197 1754 39 27 qui
1246 1760 114 15 concerne
1370 1754 163 24 spécialement
1545 1753 22 22 la

1096 1784 109 24 question
1223 1782 132 25 religieuse,
1365 1782 22 20 le
1396 1781 32 21 Dr
1437 1782 90 21 Ricklin
1539 1789 30 14 ne

1095 1811 59 20 croit
1159 1817 42 19 pas
1209 1816 44 19 que
1260 1809 215 22 l’Alsace-Lorraine
1491 1810 78 24 puisse

1095 1839 49 20 rien
1152 1839 92 24 espérer
1253 1838 53 20 d’un
1319 1842 80 17 retour
1406 1838 29 21 de
1451 1838 22 20 la
1482 1838 86 21 France

1095 1867 13 20 à
1124 1872 41 15 ses
1183 1866 124 21 anciennes
1330 1872 131 19 croyances.
1483 1866 86 21 Autant

1096 1894 114 24 vaudrait,
1226 1894 67 22 selon
1316 1894 41 24 lui,
1373 1895 92 24 espérer
1479 1900 46 19 que
1534 1894 35 21 les

1095 1922 87 21 fleuves
1190 1926 132 17 remontent
1331 1928 52 15 vers
1391 1922 52 21 leur
1453 1928 91 15 source.

1118 2009 98 20 Comme
1220 2008 96 21 iHâilait
1330 2010 33 24 s’y
1379 2009 115 24 attendre,
1512 2016 28 14 on
1555 2017 12 13 a

1095 2038 99 22 cherché
1202 2038 14 19 à
1237 2037 109 25 exagérer
1376 2037 20 19 la
1415 2037 152 26 signification

1094 2064 113 26 politique
1223 2083 3 3 .
1245 2065 29 20 de
1312 2065 79 21 l’issue
1435 2065 133 21 inattendue

1095 2097 21 17 et
1142 2100 32 13 un
1198 2098 42 19 peu
1262 2092 111 22 théâtrale
1398 2095 53 23 qu’a
1477 2100 44 14 eue
1545 2094 23 21 le

1095 2122 82 24 procès
1185 2122 29 19 de
1222 2121 100 21 Colmar.
1333 2122 60 20 Pour
1401 2122 100 20 certains
1506 2122 63 26 jour-

1096 2156 68 17 naux,
1171 2150 40 25 qui
1227 2151 29 18 rie
1270 2150 118 24 croyaient
1402 2151 112 24 peut-être
1527 2156 40 20 pas

1096 2178 188 20 sincèrement'ee
1293 2178 69 24 qu’ils
1371 2177 107 24 disaient,
1492 2185 29 14 on
1531 2179 37 20 eût

1095 2207 32 20 dit
1142 2212 46 18 que
1204 2205 161 21 l’embrassade
1378 2206 110 25 publique
1504 2210 64 18 entre

1094 2234 75 21 l’abbé
1177 2234 76 24 Haegy
1261 2237 24 16 et
1294 2233 30 21 M.
1334 2233 84 27 Helsey
1432 2235 91 21 mettait
1534 2234 33 21 fin

1095 2263 12 20 à
1113 2263 22 19 la
1149 2262 105 25 question
1275 2261 232 26 d’Alsace-Lorraine,
1524 2268 44 19 que

1095 2293 50 18 tout
1150 2290 56 20 était
1214 2290 77 20 rentré
1299 2290 57 20 dans
1363 2290 89 23 l’ordre,
1462 2291 55 25 qu’il
1531 2291 37 26 n’y

1095 2318 63 21 avait
1166 2317 103 26 plusîiéu
1289 2318 27 20 de
1338 2317 75 25 parler
1427 2319 31 20 du
1475 2319 94 21 malaise

1093 2347 70 20 alsaci
1165 2345 106 21 en-Iorrài
1273 2352 15 13 n
1291 2359 6 5 -

1119 2374 65 21 Dans
1193 2386 4 3 -
1209 2373 20 21 la
1250 2374 95 20 Volonté
1364 2374 30 20 du
1413 2379 25 21 17
1454 2375 67 24 avril,
1535 2375 30 22 M.

1095 2402 79 21 Victor
1180 2401 80 25 Basch,
1267 2402 175 25 présidentdela
1448 2402 71 26 Ligue
1527 2403 40 21 des

1094 2429 74 22 droits
1177 2430 28 20 de
1214 2429 113 25 l’homme,
1337 2436 12 14 a
1359 2436 27 14 eu
1395 2430 22 20 le
1429 2437 100 20 courage
1539 2431 29 21 de

1094 2458 143 21 remettreles
1246 2457 82 21 choses
1335 2465 29 13 au
1375 2458 73 25 point,
1454 2465 28 14 au
1489 2459 78 25 risque

1094 2487 28 20 de
1130 2491 81 20 passer
1219 2491 55 19 pour
1279 2492 30 15 un
1316 2486 154 21 trouble-fête.
1478 2487 18 20 Il
1508 2493 60 14 com-

1094 2514 100 23 mençait
1200 2519 40 20 par
1245 2514 101 25 signaler
1349 2514 23 20 la
1378 2515 117 20 mauvaise
1500 2519 67 17 tenue

1094 2543 41 20 des
1143 2542 132 24 audiences.
1286 2542 51 20 «Ce
1350 2545 54 18 sont
1417 2542 30 25 là,
1464 2542 103 24 disait-il,

1095 2571 40 19 des
1143 2575 85 15 moeurs
1233 2570 231 23 intqlérablescontre
1470 2571 98 26 lesquel-

1093 2598 34 21 les
1133 2597 40 26 j’ai
1182 2598 129 20 demandée
1317 2598 23 20 ia
1349 2598 71 25 Ligue
1436 2599 42 20 des
1494 2599 73 21 droits

1094 2627 27 19 de
1133 2619 146 27 ï'homoeetde
1296 2629 113 21 protester
1424 2627 144 24 vigoureuse-

1094 2656 63 18 ment
1159 2668 26 6 ...
1195 2653 63 21 Noùs
1276 2654 169 21 demanderons
1454 2655 13 20 à
1476 2654 31 21 M.
1514 2654 54 21 Bar-

1093 2682 56 20 thou
1158 2682 35 20 s’il
1202 2687 27 15 va
1238 2685 123 21 permettre
1370 2682 52 25 plus
1437 2683 130 26 longtemps

1095 2716 45 19 que
1161 2710 35 20 les
1210 2709 122 21 audiences
1345 2710 134 26 judiciaires
1495 2711 74 20 soient

1093 2737 164 22 transformées
1274 2743 28 14 en
1316 2739 251 26 meetings.politiques

1093 2772 29 14 ou
1132 2770 28 15 en
1171 2766 69 20 salles
1246 2765 28 19 de
1280 2766 124 23 spectacle.
1412 2772 10 12 »
1432 2766 80 25 Quant
1524 2767 13 19 à
1544 2766 23 20 la

1094 2793 302 25 prétenduescumissionde
1401 2794 72 22 l’abbé
1480 2795 85 25 Haegy,

1094 2821 16 20 il
1117 2820 79 22 faisait
1204 2826 131 20 remarquer
1340 2828 52 20 que,
1399 2823 96 21 aussitôt
1501 2830 36 19 api
1542 2824 25 21 ès

1093 2850 35 19 les
1153 2849 92 24 procès,
1254 2864 4 3 .
1270 2854 42 15 son
1328 2850 101 25 journal,
1446 2850 123 23 YElsâsser

1092 2876 94 24 Kurier,
1206 2876 64 22 avait
1284 2878 93 20 «révélé
1393 2878 174 25 publiquement

1094 2905 105 21 l’inanité
1216 2905 28 19 de
1268 2907 65 18 toute
1346 2909 60 17 celte
1419 2907 103 21 comédie
1537 2913 29 15 en

1094 2935 131 23 protestant
1231 2938 45 20 que
1283 2933 74 21 l’abbé
1372 2937 21 16 et
1407 2940 37 15 ses
1454 2935 113 24 partisans

1094 2967 29 14 ne
1131 2961 142 25 comptaient
1290 2961 103 21 modifier
1410 2968 27 15 en
1453 2963 50 20 rien
1517 2963 51 20 leur

1093 2988 113 26 politique
1214 2995 17 13 ».
1255 2988 61 24 Bref,
1334 2990 21 20 le
1370 2990 153 21 dénouement
1536 2990 30 21 du

1093 3017 82 24 procès
1183 3016 62 20 avait
1251 3016 35 20 été
1294 3016 41 20 «du
1342 3017 86 21 théâtre
1434 3022 24 17 et
1465 3019 30 20 du
1504 3024 63 15 mau-

1094 3044 49 20 vais
1148 3044 139 23 théâtre»,et
1296 3050 26 14 ce
1328 3046 79 20 n’était
1415 3052 41 20 pas
1464 3047 103 20 enchan-

1093 3075 51 16 tant
1148 3071 23 21 la
1176 3071 153 22 Marseillaise
1335 3073 57 20 dans
1396 3080 46 14 une
1446 3074 57 20 salle
1506 3073 61 21 d’au-

1093 3099 82 21 dience
1183 3100 67 25 qu’on
1260 3100 94 24 pouvait
1367 3102 77 23 guérir
1455 3102 23 20 le
1491 3101 77 21 malai-

1092 3133 26 14 se
1124 3126 110 22 alsacien.
1243 3129 20 13 »-

1116 3154 32 21 M.
1157 3155 78 21 Victor
1244 3154 75 21 Basch
1337 3157 128 25 expliquait
1478 3157 89 21 ensuite

1092 3183 22 20 la
1121 3183 145 25 complexité;
1273 3183 31 20 du
1322 3184 116 25 problème
1458 3184 109 21 alsacien-

1092 3210 96 23 lorrâin,
1198 3214 23 17 et
1225 3212 123 20 constatait
1356 3218 54 20 que,
1418 3212 67 21 dèsle
1489 3212 76 25 début,

1094 3238 53 20 «les
1161 3238 119 21 méthodes
1298 3240 195 25 qu’employèrent
1509 3240 60 21 mili-

1091 3266 71 20 taires
1171 3270 25 16 et
1201 3266 74 23 civils,
1285 3266 246 22 hauts-commissaires
1537 3273 29 16 ou

1090 3297 180 21 gouvernement
1274 3295 85 21 central
1364 3294 204 26 furentégalement

1092 3321 164 20 détestables».
1264 3321 16 3 ~-

1118 3348 34 20 En
1170 3355 27 14 ce
1221 3349 45 25 qui:
1286 3356 114 15 concerne
1414 3350 154 24 l’importante

1093 3376 108 24 question
1211 3376 153 27 des-langues,
1373 3377 17 20 il
1395 3378 113 25 rappelait
1515 3384 52 18 que,

1090 3403 111 24 jusqu’en
1223 3403 57 26 1870,
1298 3405 21 20 le
1335 3405 100 23 français
1452 3406 64 20 avait
1531 3406 37 20 été

1093 3431 144 24 !’«apanage
1265 3433 29 20 de
1316 3433 23 19 la
1354 3433 173 25 bourgeoisie».
1548 3433 19 20 Il

1093 3458 134 20 demandait
1234 3460 57 24 qu’il
1299 3459 35 21 fût
1346 3459 80 26 appris
1442 3460 127 21 désormais

1094 3491 42 19 par
1157 3489 65 16 toute
1238 3487 39 20 'ia-:
1290 3487 144 25 population,
1450 3488 57 19 mais
1524 3494 45 18 que

1094 3512 89 20 celle-ci
1201 3514 41 24 pût
1258 3521 127 15 conserver
1404 3515 87 24 l’usage
1500 3516 29 18 de
1542 3521 26 15 sa

1094 3546 86 19 propre
1187 3540 90 26 langue.
1287 3543 45 20 Sur
1347 3541 92 21 l’utilité
1455 3542 32 20 du
1503 3542 66 21 bilin-

1093 3567 92 25 guisme
1193 3574 29 15 au
1230 3570 65 23 point
1300 3570 28 20 de
1338 3575 44 15 vue
1395 3569 172 26 international,

1094 3595 18 20 il
1116 3594 72 21 disait
1194 3603 6 13 :

1119 3627 11 11 «
1136 3621 64 22 C’est
1207 3624 22 20 le
1235 3624 148 25 bilinguisme
1398 3625 39 24 qui
1455 3625 49 20 doit
1520 3626 49 20 être

1599 97 22 21 la
1628 97 72 19 forme
1709 92 148 27 linguistique
1871 90 29 19 de
1910 88 106 20 l’Alsace,
2035 88 30 15 un

1599 121 145 27 bilinguisme
1750 120 47 25 qui,
1807 125 28 13 au
1845 117 64 24 point
1915 116 29 19 de
1958 119 43 16 vue
2017 117 49 14 eco-

1599 151 107 23 nomique
1715 153 21 15 et
1745 154 29 14 au
1784 146 63 25 point
1856 145 28 18 de
1891 149 44 13 vue
1942 141 125 21 intellectu-

1599 178 29 23 el,
1635 181 35 16 est
1677 182 30 14 un
1716 177 111 20 avantage
1836 169 177 25 incomparable,
2027 170 38 20 qui

1596 212 13 13 a
1618 204 76 20 donné
1702 205 13 18 à
1724 204 22 19 la
1752 202 86 19 France
1847 198 40 20 des
1896 197 103 20 hommes
2008 199 59 15 com-

1597 239 36 13 me
1642 231 101 21 Edmoud
1758 228 124 21 Schereret
1891 224 96 22 Neffzer,
2004 227 39 19 qui
2052 225 12 14 a

1597 259 41 20 fait
1643 259 106 24 jusqu’en
1756 256 58 23 1870.
1824 257 22 16 et
1853 253 39 24 qui
1901 251 74 20 refera
1983 250 28 19 de
2024 253 41 15 nos

1593 287 66 25 jours
1667 285 27 20 de
1703 285 95 20 l’Alsace
1806 281 22 20 le
1837 280 53 20 trait
1898 278 93 21 d’union
2001 279 64 17 entre

1596 314 20 20 la
1623 311 137 22 civilisation
1772 307 112 24 française
1901 310 22 16 et
1940 306 21 20 la
1978 304 87 20 culture

1595 340 152 20 allemande».

1620 367 103 20 L’Alsace
1732 365 115 20 devenant
1855 368 30 13 un
1900 361 54 19 trait
1970 360 93 20 d’union

1594 398 64 16 entre
1666 395 21 19 la
1697 394 87 19 France
1796 394 23 16 et
1832 390 156 22 l’Allemagne,
1997 386 67 25 après

1595 422 65 20 avoir
1668 421 36 19 été
1717 422 66 18 entre
1796 417 56 20 elles
1869 423 45 14 une
1928 421 91 19 pomme
2036 413 28 18 de

1594 447 146 24 discorde,tel
1750 449 44 17 est,
1807 451 28 13 en
1852 445 61 22 effet,
1931 443 22 19 le
1968 441 95 22 résultat

1593 483 45 18 que
1645 476 117 23 beaucoup
1774 474 29 18 de
1820 471 107 26 Français
1944 475 23 16 et
1982 470 14 19 d
2003 468 60 20 Alle-

1594 503 80 22 mands
1679 501 118 21 attendent
1805 500 31 20 du
1850 499 82 21 nouvel
1950 498 68 21 ordre
2034 495 28 20 de

1593 531 88 20 choses.
1694 530 58 20 Mais
1760 535 58 19 pour
1830 533 45 20 que
1880 527 96 21 l’Alsace
1985 524 78 25 puisse

1591 559 67 25 jouer
1668 564 27 14 ce
1701 558 56 22 rôle,
1763 557 17 19 il
1788 556 49 20 faut
1843 560 148 19 quon,ce£se
1998 553 29 19 de
2040 551 22 19 la

1594 586 130 20 considérer
1741 589 89 15 comme
1844 589 31 13 un
1892 589 21 17 p-
1923 599 8 7 ,
1937 588 12 13 s
1965 578 98 25 français

1592 613 39 24 qui
1639 613 75 19 aurait
1730 612 38 19 été
1782 608 215 26 superficiellement
2012 612 51 18 ger-

1593 639 88 22 manisé
1689 645 41 19 par
1738 644 30 14 un
1787 635 139 21 demi-siècle
1946 635 117 23 d’occupa-

1593 668 47 19 tion
1653 666 138 20 allemande,
1810 667 22 17 et
1846 664 54 24 qu’il
1918 661 145 26 s’agiiait-de

1593 693 136 22 refranciser
1735 695 12 18 à
1756 696 50 16 tout
1814 692 59 25 prix.

1618 722 49 20 Une
1675 722 98 20 solution
1781 719 118 21 favorable
1907 718 30 20 du
1947 717 116 26 problème

1592 749 193 22 alsacien-Iorrain
1803 748 88 20 est-elle
1909 746 115 25 possible?
2037 744 24 21 Si

1592 784 29 14 on
1631 785 29 13 ne
1669 777 76 21 devait
1758 776 120 20 l’attendre
1894 781 46 18 que
1956 775 29 20 de
2001 774 61 20 l’une

1593 806 40 21 des
1649 805 56 21 trois
1730 804 119 22 méthodes
1872 802 114 26 signalées
2010 802 52 25 plus

1592 834 67 21 haut:
1669 832 168 27 régionalisme,
1854 831 169 20 autonomisme
2040 832 22 17 et

1592 861 156 26 séparatisme,
1757 860 34 20 "il
1807 860 70 20 serait
1903 859 86 24 permis
2011 857 52 21 d’en

1592 891 88 20 douter.
1695 890 33 20 En
1745 888 97 23 théorie,
1864 888 22 20 le
1902 886 161 25 régionalisme

1592 923 35 16 est
1635 917 72 21 admis
1716 918 57 20 dans
1783 916 99 21 certains
1890 914 95 21 milieux
2001 913 62 20 fran-

1593 947 56 25 çais.
1673 946 64 20 Dans
1762 944 99 21 XAction
1884 942 126 25 française
2031 941 30 21 M.

1593 975 94 21 Charles
1696 974 104 20 Maurras
1808 979 12 13 a
1829 972 56 21 écrit
1894 978 31 13 un
1939 971 55 24 jour
2007 976 54 18 que,

1591 1004 47 20 loin
1655 1003 28 20 de
1705 1002 50 21 rien
1776 1001 109 20 redouter
1905 999 42 20 des
1968 998 94 21 libertés

1592 1031 142 21 alsaciennes
1743 1032 24 18 et
1773 1029 120 23 lorraines,
1907 1027 15 19 il
1940 1026 123 22 souhaitait

1592 1066 27 15 au
1627 1063 60 16 reste
1696 1058 28 20 de
1732 1059 22 19 la
1763 1057 87 20 France
1858 1056 22 20 la
1891 1055 121 25 contagion
2031 1055 29 19 du

1592 1086 158 27 régionalisme
1758 1085 89 20 deMetz
1852 1088 24 17 et
1881 1085 28 20 de
1915 1083 144 25 Strasbourg.

1592 1114 162 24 Monarchiste,
1763 1114 17 20 il
1797 1119 25 14 se
1839 1116 131 22 représente
1988 1111 21 21 le
2027 1111 34 20 roi

1591 1144 28 21 de
1634 1144 86 20 Fi-ance
1729 1148 89 15 comme
1833 1148 9 10 «
1851 1142 21 19 le
1885 1140 116 27 président
2020 1140 41 20 des

1592 1171 154 26 Républiques
1754 1170 129 24 française»
1893 1172 23 18 et
1927 1169 23 19 la
1966 1168 95 22 France,

1592 1206 41 20 par
1641 1200 148 25 conséquent,
1798 1204 89 15 comme
1895 1203 46 15 une
1958 1196 103 22 confédé-

1593 1229 73 20 ration
1676 1227 94 21 d’Etats.
1779 1227 108 25 Apropos
1895 1225 29 21 du
1934 1225 81 25 precès
2033 1225 29 19 de

1593 1256 101 23 Colmar,
1703 1256 22 21 le
1735 1255 80 25 Temps
1823 1255 30 20 du
1863 1259 25 20 14
1901 1253 57 20 avril
1976 1256 87 22 protes-

1592 1286 43 20 tait
1650 1290 80 16 contre
1745 1284 21 21 la
1791 1283 137 21 «confusion
1955 1288 45 20 que
2016 1282 44 20 i’en

1592 1314 70 20 créait
1679 1317 64 16 entre
1773 1312 33 19 les
1823 1311 62 21 idées
1902 1309 159 25 régionalistes

1592 1341 141 25 acceptables
1739 1343 23 17 et
1770 1339 138 20 discutables
1917 1338 76 24 quand
2007 1337 56 20 elles

1592 1368 147 22 s’étendentà
1752 1368 21 19 la
1795 1367 86 20 France
1897 1370 51 16 tout
1966 1365 95 23 entière,

1592 1402 22 16 et
1622 1404 38 14 ces
1667 1397 63 20 idées
1742 1395 166 21 autonomistes
1916 1400 59 19 peur
1983 1394 77 20 l’Alsa-

1592 1432 26 14 ce
1626 1424 89 22 seule».
1730 1424 65 23 Mais,
1810 1424 175 25 pratiquement,
1999 1423 64 19 étant

1592 1454 76 21 donné
1672 1452 21 21 le
1697 1452 102 26 principe
1804 1453 28 20 de
1839 1450 224 26 la«Républiqueune

1593 1487 23 16 et
1623 1479 134 23 indivisible
1765 1486 20 19 »,
1795 1480 39 25 qui
1844 1487 12 13 a
1866 1481 33 19 été
1911 1480 56 24 pesé
1984 1485 41 19 par
2040 1478 22 20 la

1594 1510 134 22 Révolution
1738 1513 24 17 et
1770 1509 38 25 qui
1818 1512 36 18 est
1870 1507 119 22 considéré
2003 1513 62 19 pres-

1592 1546 46 18 que
1645 1545 87 15 comme
1738 1544 30 14 un
1778 1538 82 25 dogme
1868 1536 111 26 politique
1989 1536 74 20 intan-

1592 1567 69 26 gible,
1684 1567 15 20 il
1717 1566 73 25 paraît
1808 1566 47 20 très
1880 1563 93 22 difficile
1993 1564 69 24 qu’on

1593 1596 77 24 puisse
1674 1594 147 21 transformer
1824 1593 61 20 aussi
1890 1591 174 27 profondément

1593 1624 22 21 le
1622 1624 86 25 régime
1716 1623 29 20 de
1758 1622 21 20 la
1785 1622 95 22 France.

1619 1652 78 24 Quant
1704 1650 213 22 àl’«autonomie»,
1924 1649 54 21 telle
1988 1655 45 19 que
2040 1649 22 20 la

1593 1679 111 22 demande
1712 1680 22 20 le
1744 1686 10 10 «
1762 1677 179 24 Heimatbund»,
1951 1682 22 16 et
1984 1678 13 19 à
2011 1677 51 25 plus

1594 1708 58 22 forte
1666 1709 76 20 raison
1760 1707 22 20 le
1799 1707 156 25 séparatisme,
1978 1712 29 14 on
2024 1706 39 24 n’y

1594 1737 130 21 consentira
1746 1735 84 26 jamais
1856 1735 29 20 de
1907 1734 46 20 bon
1977 1735 40 24 gré
2034 1739 28 15 en

1594 1765 94 22 France.
1706 1764 56 21 Bien
1780 1769 46 19 que
1843 1762 151 27 l’Angleterre
2009 1762 55 20 n’ait

1594 1800 49 20 pas,
1651 1799 29 15 a»
1688 1794 74 20 même
1767 1792 69 25 degré
1845 1798 45 19 que
1898 1791 21 21 la
1934 1790 94 23 France,
2041 1790 22 20 la

1595 1822 91 24 passion
1695 1821 29 20 de
1732 1820 80 21 l’unité
1825 1824 23 16 et
1861 1820 29 20 de
1906 1819 155 22 l’uniformité,

1594 1850 32 20 ila
1631 1850 54 20 fallu
1692 1856 44 18 que
1742 1848 135 21 l’Irlandese
1883 1848 95 21 révoltât
1984 1851 79 16 contre

1595 1878 43 20 elle
1646 1883 58 19 pour
1713 1876 82 25 qu’elle
1800 1877 114 20 consentît
1923 1876 12 19 à
1945 1876 31 21 lui
1988 1881 77 14 accor-

1594 1911 35 16 ter
1634 1905 156 23 l’autonomie,
1799 1911 28 15 en
1834 1911 27 14 en
1872 1904 84 21 faisant
1972 1910 30 15 un
2012 1903 52 21 Etat

1595 1935 58 21 libre
1660 1935 59 20 dans
1727 1935 21 19 le
1757 1933 67 20 cadre
1830 1934 29 20 de
1872 1933 115 24 l’Empire.
2008 1947 3 3 -

1619 1963 35 20 Un
1672 1962 40 20 des
1727 1961 134 27 principaux
1883 1960 115 21 obstacles
2011 1961 14 19 à
2038 1960 21 20 la

1594 1991 98 21 solution
1701 1990 29 20 de
1738 1991 22 19 ia
1768 1989 106 25 question
1883 1989 112 20 d’Alsace-
2011 1988 53 21 Lor-

1595 2020 64 20 raine
1667 2018 100 21 consiste
1775 2024 29 14 en
1814 2017 46 20 ceci
1868 2023 7 13 :
1889 2024 30 14 on
1936 2016 127 26 s’imagine,

1595 2054 27 14 en
1632 2048 94 22 France,
1735 2047 68 25 qu’en
1812 2046 102 20 donnant
1922 2044 141 22 satisfaction

1593 2083 44 14 aux
1646 2074 238 22 Alsaciens-Lorrains
1898 2080 29 13 on
1942 2073 121 21 donnerait

1594 2111 28 14 en
1632 2105 74 19 même
1714 2107 74 20 temps
1797 2101 142 22 satisfaction
1949 2108 44 14 aux
2005 2102 59 20 Alle-

1595 2133 89 22 mands,
1693 2138 28 14 en
1730 2137 26 15 ce
1765 2137 54 14 sens
1827 2131 70 25 qu’on
1904 2130 97 21 créerait
2018 2135 45 15 une

1594 2159 198 23 Alsace-Lorraine
1800 2159 50 25 qui,
1862 2159 200 22 éventuellement,

1594 2187 102 27 pourrait
1701 2188 52 25 plus
1758 2186 131 21 facilement
1893 2186 58 21 faire
1967 2190 76 17 retour
2050 2187 14 20 à

1593 2218 155 23 l’Allemagne.
1759 2215 40 24 Or,
1812 2216 54 19 c’est
1883 2215 72 25 plutôt
1973 2216 22 19 le
2011 2221 53 15 con-

1594 2246 71 20 traire
1671 2245 39 24 qui
1717 2244 70 21 serait
1801 2244 56 20 vrai.
1876 2243 42 21 Les
1932 2243 132 21 Allemands

1593 2277 82 18 savent
1698 2272 56 21 faire
1780 2278 44 14 une
1850 2271 123 21 différence
1999 2275 65 17 entre

1593 2300 161 24 Deutschland
1769 2303 23 17 et
1807 2299 157 24 Deutschtum,
1977 2298 87 22 c’est-à-

1593 2331 50 20 dire
1650 2333 66 17 entre
1729 2328 151 25 l’Allemagne
1895 2331 24 18 et
1933 2328 24 20 le
1973 2327 91 21 Germa-

1593 2360 83 20 nisme.
1686 2357 31 21 Ils
1725 2356 127 22 admettent
1864 2362 44 19 que
1917 2356 41 21 des
1971 2362 54 20 pays
2034 2356 28 20 de

1593 2388 89 20 culture
1689 2384 128 22 allemande
1822 2384 194 26 n'appartiennent
2022 2390 41 20 pas

1593 2416 13 21 à
1620 2415 67 21 l’Etat
1694 2413 123 21 allemand.
1829 2412 58 21 Mais
1903 2412 20 20 si
1937 2412 23 20 la
1976 2413 87 20 culture

1593 2443 126 22 allemande
1727 2445 35 17 est
1768 2441 107 21 menacée
1883 2441 56 20 dans
1948 2447 37 15 ces
1999 2447 63 19 pays,

1593 2472 62 20 alors
1662 2471 29 20 ils
1702 2473 101 22 peuvent
1807 2469 88 20 désirer
1903 2469 70 24 qu’ils
1984 2475 80 19 appar-

1592 2500 104 20 tiennent
1704 2500 14 19 à
1726 2501 37 17 cet
1774 2497 58 21 Etat.
1845 2497 163 24 Inversement,
2029 2497 34 20 les

1593 2527 142 28 populations
1750 2525 28 20 de
1799 2531 38 15 ces
1859 2531 55 20 pays
1939 2529 123 20 penseront

1593 2557 101 19 d’autant
1705 2554 75 21 moins
1792 2554 13 19 à
1819 2554 107 24 regarder
1943 2560 52 15 vers
2011 2554 53 20 l'Al-

1593 2584 111 25 lemagne,
1713 2588 45 19 que
1768 2582 49 20 leur
1833 2582 89 20 culture
1935 2582 128 21 allemande

1592 2619 29 14 ne
1635 2617 51 16 sera
1702 2617 41 20 pas
1758 2611 109 19 menacée
1890 2616 40 19 par
1949 2610 34 21 les
2000 2610 61 20 Etats

1592 2639 110 26 auxquels
1711 2639 56 20 elles
1782 2638 177 24 appartiennent
1975 2643 88 15 comme

1592 2668 124 25 allogènes.
1726 2667 17 20 Il
1753 2672 30 14 ne
1793 2672 100 18 manque
1900 2671 41 19 pas
1950 2667 29 20 de
1996 2672 64 19 gens,

1594 2703 29 13 en
1627 2696 95 22 France,
1731 2694 40 24 qui
1780 2697 166 22 comprennent
1957 2700 38 15 ces
2010 2694 54 20 cho-

1593 2730 45 15 ses.
1648 2723 76 21 Maisil
1732 2729 15 19 y
1756 2728 27 14 en
1792 2722 102 25 apeuqui
1901 2726 66 17 osent
1974 2722 23 21 le
2004 2722 58 20 dire.

1616 2751 72 22 Ainsi,
1696 2752 21 19 la
1724 2750 106 21 nouvelle
1836 2749 105 25 question
1948 2750 114 21 d’Alsace-

1593 2780 108 21 Lorraine
1709 2782 36 17 est
1753 2777 66 21 d’une
1828 2778 99 20 solution
1940 2779 52 24 plus
2002 2785 60 14 com-

1592 2809 93 26 pliquée
1697 2813 45 19 que
1764 2806 134 21 l’ancienne.
1917 2805 144 25 L’ancienne,

1592 2843 29 13 en
1634 2836 60 23 effet,
1707 2834 55 21 était
1775 2834 90 26 simple,
1883 2840 24 15 se
1925 2834 116 21 réduisant
2048 2836 13 20 à

1593 2864 153 25 anequestion
1753 2862 29 20 de
1799 2862 70 22 force,
1885 2865 22 17 et
1914 2868 30 14 ne
1962 2869 101 19 compor-

1592 2896 50 16 tant
1651 2892 83 25 qu’une
1747 2890 107 23 solution,
1874 2889 100 22 solution
1992 2895 70 17 catas-

1591 2920 130 25 trophique,
1730 2919 16 19 il
1755 2921 36 16 est
1799 2918 58 23 vrai,
1865 2918 21 20 si
1895 2924 29 14 on
1942 2919 87 21 voulait
2040 2919 21 21 la

1592 2948 108 21 résoudre
1712 2953 41 18 par
1761 2946 147 20 l’annulation
1915 2946 30 20 du
1960 2947 65 20 traité
2034 2948 28 20 de

1593 2974 117 23 Francfort
1745 2973 30 21 La
1790 2974 113 24 nouvelle,
1921 2980 44 19 par
1975 2979 86 20 contre,

1592 3007 117 21 comporte
1725 3003 41 19 des
1784 3001 100 22 facteurs
1906 3002 114 27 multiples
2039 3007 23 17 et

1592 3032 84 21 divers,
1683 3035 22 16 et
1711 3030 98 26 dépend,
1815 3034 72 22 quant
1894 3031 13 20 à
1919 3037 23 14 sa
1953 3032 107 23 solution,

1592 3060 29 20 de
1627 3059 162 25 l’intelligence
1798 3058 73 25 plutôt
1880 3064 45 19 que
1930 3059 29 21 de
1966 3059 94 21 laforce.

1838 3094 89 23 Alcide
1937 3096 94 27 Ebray.

1608 3131 54 15 Revue
1669 3130 20 15 de
1695 3130 75 19 Hongrie,
1778 3130 18 15 ia
1803 3131 86 15 Juillet—lo
1895 3131 41 15 Août
1941 3132 40 15 1927.

1794 3162 66 29 (Fin)

1718 3279 25 37 A
1759 3280 88 37 Pétris
1856 3281 95 37 Rossa

1593 3376 17 19 U
1617 3376 83 23 punpulu
1707 3376 90 19 Muvrimi
1805 3378 48 19 ’esse
1865 3374 79 27 tuppâtu
1952 3380 11 18 ?

1593 3404 26 18 Or
1625 3404 61 18 curn’è
1691 3404 31 18 chi
1727 3404 52 23 quist
1784 3410 51 14 aniiu
1840 3411 27 12 un
1876 3406 56 18 m’hai
1939 3409 33 20 pîû
1976 3408 22 18 in
2002 3407 59 20 cicca?

1593 3431 65 19 Cum’è
1667 3430 31 19 chi
1706 3433 124 18 d’almanaccu
1840 3438 26 13 un
1874 3434 18 17 ci
1900 3434 31 17 n’è
1937 3436 59 19 micca
2002 3435 9 19 ?

1593 3459 66 18 Gum’è
1665 3458 32 18 chi
1703 3460 26 17 da
1735 3465 15 12 u
1757 3463 22 14 so
1785 3460 49 19 latte
1841 3461 59 18 m’hai
1906 3465 95 21 spnppata
2008 3464 9 18 ?

1594 3511 46 19 Sera
1647 3512 51 18 forse
1705 3513 103 18 scurdanza
1819 3518 11 14 0
1838 3515 41 21 pur’
1888 3514 71 21 rilerdu
1965 3516 9 19 ?

1592 3539 37 19 Per
1637 3540 194 24 ch’uttvogim-pensa
1838 3542 24 17 ch
1861 3543 6 8 1
1868 3543 38 18 ellu
1914 3547 28 14 sia
1950 3550 66 19 segnu.

1594 3566 35 19 Chi
1637 3568 20 17 di
1664 3569 63 22 leghie
1734 3573 12 13 a
1753 3569 20 17 to
1781 3570 73 22 stampa
1861 3575 26 13 un
1896 3570 28 19 sia
1935 3573 33 21 più
1977 3574 62 23 degnu

1593 3595 74 18 Perehi.
1676 3597 46 17 natu
1730 3596 101 20 insitalu...
1845 3603 25 13 un
1879 3599 21 18 sò
1907 3599 89 21 basterdu
2005 3601 5 18 !

1865 3631 27 19 A.
1901 3632 23 18 F.
1933 3633 106 21 Tristani.

2137 79 362 58 PILÂ-CÀ^ALÊ

2158 135 327 45 UNABELLAFESTA

2117 196 122 23 Tult’omu
2266 196 38 22 chi
2330 203 66 19 cerca
2415 205 22 22 di
2458 211 23 22 di

2091 231 138 21 sanamente
2241 229 9 21 i
2262 234 28 17 so
2303 230 92 26 paisani
2414 243 40 20 per
2483 220 52 34 y.erte

2091 262 52 23 tanà
2155 261 104 23 l’istintu
2271 263 105 22 nucificu
2385 267 23 21 di
2420 276 12 16 u

2091 302 14 16 0
2119 296 69 22 -altre
2207 295 159 28 dissenzioni,
2379 305 13 15 e
2412 309 87 26 manten
2516 293 19 20 Ca

2090 328 85 27 vecchj
2189 328 104 24 custumj
2308 329 25 21 di
2353 327 112 38 Ì’anìichi,
2485 323 27 42 g6
2529 330 6 15 *

2090 368 54 16 omu
2154 362 31 20 da
2196 362 70 25 bene,
2280 367 33 15 un
2325 368 55 17 omu
2392 367 37 23 chi
2440 377 48 20 ama
2512 357 22 20 ^

2090 400 78 22 paese,
2183 400 31 16 un
2226 400 62 16 veru
2305 401 81 18 corsu.
2413 400 21 23 jj
2455 386 80 45 \er)Us°

2090 426 87 29 Filippi
2190 426 25 23 di
2226 428 50 22 Pila
2284 427 91 24 Canale
2385 435 82 25 mérita
2478 419 58 47 o?

2089 462 29 21 sti
2140 461 74 25 tituli,
2233 461 8 21 i
2254 461 47 22 soli
2325 462 39 22 chi
2384 467 39 21 no’
2447 451 59 48 p0S!f
2519 456 17 18 le

2088 493 56 23 dalli
2156 500 44 21 per
2221 497 82 20 nostra
2321 499 76 25 parte,
2411 507 64 19 corne
2495 486 42 47 ^

2087 528 62 22 sisti.
2507 520 30 17 Ur-

2114 558 112 22 Ghiuntu
2236 559 25 21 di
2273 564 64 23 pocu
2346 561 31 22 da
2388 563 63 24 lochi

2088 592 32 25 ni,
2133 592 75 21 lascia
2215 597 74 20 ;corre
2301 593 97 28 iguanti
2412 604 12 14 e
2435 605 13 16 a
2458 585 81 48 canneî

2087 628 23 18 ta
2121 630 44 22 per
2180 624 30 22 dà
2232 626 25 21 di
2280 631 73 17 manu
2366 634 14 15 a
2402 630 8 21 i
2427 633 72 28 lavori
2512 625 26 39 d!*

2089 658 86 26 campi.
2188 656 119 24 Vedendu
2320 659 39 23 chi
2371 661 94 27 l’anima
2482 653 46 44 cors
2532 653 7 15 1

2088 691 19 20 si
2119 696 31 16 ne
2162 696 70 17 more
2244 693 29 20 da
2298 698 13 15 e
2331 695 92 26 gattive

2088 724 67 22 zione
2169 726 119 22 straniere
2298 727 127 25 ech’ell’un
2432 732 20 21 si
2460 738 57 23 sviiu

2088 763 28 22 pa
2128 763 26 16 ca
2167 765 16 14 u
2194 762 89 25 gativu
2303 760 94 28 istintu,
2418 768 88 26 prufitta
2517 749 21 50 ^

2088 796 15 16 u
2113 797 26 17 so
2151 793 80 26 primu
2242 799 128 22 permessu
2381 802 42 20 per
2433 798 72 29 furmà
2514 814 23 16 un

2089 825 114 22 cumilatu
2226 827 25 21 di
2274 827 63 22 feste
2352 829 66 28 dopu
2446 839 13 15 e
2476 842 62 22 moite

2088 858 118 23 difficultà
2216 860 156 23 riscuntrate.

2114 889 40 22 Stu
2167 891 126 26 cumitatu,
2306 897 29 16 eu
2349 893 9 21 i
2367 894 66 28 sgiò:
2445 896 93 33 ïenente

2088 921 97 29 Filippi,
2199 925 148 27 présidente,
2368 926 72 25 Santu
2459 932 72 29 Guelfi

2088 955 67 23 M.A.
2175 957 114 27 Paoletti,
2318 959 99 24 Bartolu
2441 957 97 36 Ciccada’

2088 989 71 23 Carlu
2171 990 93 27 Brumi,
2277 991 130 24 Pancraziu
2416 990 123 37 FeljcWj’

2088 1023 141 23 Ghiuvanm
2263 1024 140 30 Giancardi,
2439 1029 101 32 Lisandru

2088 1055 140 30 Feliciaggi,
2242 1059 21 21 si
2273 1062 76 19 mette
2362 1062 79 23 subilu
2450 1070 13 16 a
2478 1067 63 30 Tope-

2087 1097 33 15 ra.
2132 1090 150 24 Prulittendu
2293 1093 24 21 di
2328 1099 14 15 e
2354 1093 60 24 feste
2426 1097 24 21 di
2465 1098 76 28 Carna-

2089 1126 59 24 vale,
2159 1126 185 28 organizzeghia
2355 1128 32 27 pè
2399 1130 141 31 nDumemca

2088 1159 25 21 16
2125 1158 124 29 ferraghiu
2258 1159 89 23 tut*'un
2357 1168 147 23 programma
2521 1172 19 22 di

2088 1193 166 22 divertimenti
2264 1193 32 28 pè
2309 1200 13 15 a
2342 1198 163 26 popuiazióne.
2524 1206 18 21 A

2087 1226 59 22 festa
2154 1221 33 27 iia
2198 1229 74 19 avutu
2282 1233 31 15 un
2326 1234 60 17 veru
2404 1236 115 21 successu.

2115 1257 74 28 Dopu
2198 1264 13 15 a
2219 1263 78 16 massa
2306 1258 25 22 in
2343 1262 73 20 tronu
2427 1262 24 22 di
2458 1263 84 32 Majes-

2088 1291 87 22 tàCarn
2179 1293 77 24 avale,
2260 1298 29 15 un
2293 1298 13 15 a
2310 1298 60 22 gran
2373 1294 23 22 di
2399 1296 70 22 ssima
2477 1299 65 26 s.fijata

2088 1326 23 21 di
2123 1326 140 21 maschere:
2282 1326 136 27 glandarmi
2430 1335 13 16 e
2455 1331 85 26 uffîciali

2088 1365 13 15 a
2118 1359 57 28 pedi
2198 1365 15 15 e
2229 1365 13 16 a
2262 1361 102 27 cavallu,
2389 1368 31 16 un
2440 1365 101 30 prefettu,

2088 1393 136 25 cumissari,
2232 1393 101 28 guardia
2347 1400 138 25 campestra,
2498 1407 45 16 mu-

2088 1426 94 27 sicanti,
2200 1428 127 21 travestuti
2348 1428 26 22 di
2393 1430 42 27 più
2456 1436 78 21 comici

2087 1461 62 21 hanu
2160 1460 80 28 giratu
2250 1468 14 14 u
2276 1466 80 23 paese.

2116 1491 122 22 Passendu
2248 1493 79 21 subitu
2349 1493 31 22 da
2403 1501 14 15 u
2435 1501 72 22 regnu
2524 1501 17 21 a’

2088 1527 85 24 morte,
2192 1530 29 17 so
2232 1525 93 23 Maestà
2339 1526 12 21 è
2373 1533 168 26 accumpagnata.

2089 1559 19 22 a'-
2119 1560 131 27 sepultura,
2265 1560 151 23 cundannata
2427 1563 35 21 da!
2474 1565 48 23 folia
2531 1574 10 15 a

2089 1600 13 15 u
2115 1593 104 27 supliziu
2232 1593 25 22 di
2270 1600 14 15 u
2296 1593 65 28 focu,
2376 1595 13 21 è
2406 1596 106 25 cundotta
2521 1601 20 21 in

2089 1628 77 27 piazza
2178 1627 25 22 di
2218 1632 14 16 a
2252 1632 107 18 caserma
2382 1629 70 27 duve,
2474 1633 69 26 pienta

2090 1662 26 21 da
2126 1661 57 22 duie
2203 1660 134 30 sbilliganli
2358 1666 152 27 vuceratrice,
2528 1669 13 20 li

2088 1696 20 21 si
2117 1697 75 20 mette
2203 1695 98 22 miccia.
2316 1695 24 23 U
2348 1696 95 23 ritornu
2454 1698 44 23 dia
2506 1700 35 22 fol-

2088 1730 23 21 ia
2126 1729 14 22 è
2151 1730 122 27 stupendu
2293 1730 25 20 di
2335 1731 110 22 scaccani
2465 1737 13 16 e
2486 1735 56 26 gioia

2088 1764 120 28 generale.

2115 1796 23 20 A
2150 1794 14 21 S
2179 1799 44 17 ore
2234 1795 22 21 di
2278 1800 54 17 sera
2352 1797 93 28 grande
2462 1800 82 27 rappri-

2089 1828 137 22 sentazione
2233 1829 117 21 astistica.

2117 1859 19 23 U
2147 1862 87 19 nostru
2251 1859 179 28 Sàmpetraccru
2447 1868 26 16 eu
2486 1864 59 22 Zara-

2088 1891 48 22 finu
2148 1890 82 22 Rocca
2244 1891 126 23 unn’hanu
2382 1896 96 24 pussulu
2489 1894 54 23 rifiu-

2090 1922 23 22 tà
2122 1929 13 15 u
2153 1927 28 16 so
2205 1927 119 17 cuncorsu
2349 1930 13 15 a
2380 1930 14 15 u
2420 1921 91 26 frateiïu
2525 1927 20 21 di

2090 1953 68 25 Fede,
2168 1960 17 15 u
2197 1952 109 23 Tenente
2324 1954 101 29 Filippi,
2445 1962 14 14 e
2480 1962 65 23 quan-

2087 1984 91 25 tunque
2198 1983 96 33 uvisatp
2308 1984 173 22 tardivamenle
2491 1988 54 20 hanu

2089 2014 100 25 pussutu
2198 2017 103 22 prépara
2313 2018 32 16 un
2355 2014 134 27 répertoria
2504 2015 41 22 suï-

2089 2041 97 21 ficiente
2197 2040 31 21 da
2237 2040 98 23 incantà
2345 2042 101 22 tutt’una
2457 2044 88 27 popula-

2087 2070 69 22 zione
2176 2070 91 21 riunita
2290 2069 25 21 in
2333 2076 13 15 u
2348 2077 31 15 na
2397 2072 148 27 grandissima

2089 2100 56 20 sala.

2116 2129 10 22 I
2138 2126 363 31 sgiôPancrazi,Colonna,bella
2511 2136 34 17 vo-

2089 2164 28 16 ce
2126 2157 25 21 di
2167 2158 76 22 .bassa
2254 2160 122 24 cantante,
2393 2158 117 29 Sergente.
2525 2159 19 21 L

2090 2185 74 26 Bozzi,
2182 2189 85 20 tenore
2295 2187 106 28 leggere,
2422 2188 123 23 Dumenicu

2088 2215 89 22 Santon
2181 2215 17 26 i,
2208 2213 100 25 Simone
2321 2215 110 28 Santoni,
2456 2216 88 24 Simone

2090 2243 83 26 Decui,
2185 2244 159 22 intercallanu
2354 2247 7 21 i
2373 2251 28 17 so
2412 2246 57 22 beili
2490 2245 53 23 canti

2089 2278 13 16 a
2113 2273 74 28 quelli
2195 2272 24 23 di
2228 2280 15 14 u
2252 2272 219 29 Sampetracciu,cu
2480 2280 13 17 a
2501 2280 44 17 mu-

2089 2302 47 22 sica
2148 2301 24 22 di
2185 2302 9 21 i
2213 2302 40 21 dui
2271 2302 80 22 artisti
2362 2310 6 14 :
2380 2302 56 29 Sgiò
2448 2302 96 26 Bertelli,

2090 2330 92 22 viuJinu
2194 2336 13 15 e
2215 2328 330 31 Fancelii,accumpagnamen-

2088 2362 33 19 tu.

2117 2393 18 18 U
2159 2390 149 27 cunsigliere
2327 2391 152 28 municipale,
2500 2395 45 23 sgio

2089 2417 138 29 Feliciaggi,
2245 2418 128 23 s’incarica
2395 2420 25 22 di
2434 2419 24 23 fà
2480 2417 66 31 regnà

2088 2446 103 23 Tordine
2202 2448 27 20 in
2239 2450 77 24 puntu
2328 2454 14 16 e
2354 2449 95 28 virgula
2459 2454 5 20 ;
2476 2447 69 23 d’altri

2089 2475 70 23 amici
2169 2475 147 23 l’assistenu.

2115 2507 66 23 Fallu
2195 2508 96 22 curiosu
2301 2513 13 15 e
2326 2507 82 29 degnu
2419 2507 23 22 di
2454 2506 92 24 félicita-

2088 2536 79 22 zione:
2180 2536 20 21 U
2211 2537 116 21 cumitatu
2341 2537 59 23 offre
2410 2536 57 28 ogni
2486 2536 59 22 taàtu

2089 2572 13 14 a
2113 2565 8 21 i
2132 2566 127 26 spettatori
2267 2565 88 22 fritelie
2361 2572 15 15 a
2383 2563 96 25 vuluntà
2491 2571 13 15 e
2511 2563 34 21 be-

2090 2595 75 20 vande
2185 2598 45 23 per
2248 2593 39 22 chi
2308 2599 32 16 ne
2361 2596 66 21 vole.
2446 2593 39 22 Ma
2505 2596 40 24 per

2088 2621 123 26 st’ultime,
2223 2627 64 23 pocu
2303 2619 221 31 successu,'perché
2532 2625 13 15 a

2088 2650 156 28 pôpulazione
2253 2651 14 21 è
2276 2656 33 17 un
2317 2653 107 21 mudellu
2433 2648 111 24 disobrie-

2088 2679 31 26 tà,
2130 2684 13 15 e
2155 2679 26 20 in
2194 2679 49 28 più,
2257 2680 87 22 ordine
2354 2687 73 16 seccu
2438 2685 39 16 eia
2487 2679 56 22 statu

2089 2709 53 21 datu
2157 2707 40 22 chi
2208 2710 61 20 tutta
2277 2714 106 23 persona
2395 2710 61 22 vista
2468 2714 30 15 un
2508 2711 37 24 po-

2088 2743 27 16 cu
2127 2736 124 23 riscaldata
2264 2744 18 15 e.
2292 2738 177 22 occasiunendu
2480 2742 16 15 u
2504 2734 40 23 mi-

2087 2766 64 22 nimu
2163 2765 120 27 disturbu,
2296 2766 74 23 duvìa
2382 2773 53 16 essa
2444 2770 73 17 messa
2530 2768 12 14 a

2088 2793 95 24 i’indice
2191 2799 13 16 e
2213 2796 104 26 espulsa.

2115 2826 21 20 A
2144 2824 159 28 populazione
2315 2826 105 22 acclama
2430 2831 14 15 u
2456 2822 86 23 tènehte

2089 2853 87 27 Filippi
2192 2852 39 23 chi
2246 2854 31 22 ha
2287 2857 103 25 pussutu
2407 2855 75 21 riesce
2501 2848 42 25 cusi

2088 2883 35 26 bè,
2137 2887 71 16 senza
2229 2888 32 16 un
2278 2884 54 21 solu
2352 2883 168 22 mancamentu,
2530 2883 10 15 a

2088 2911 113 22 diverteli
2210 2910 26 22 in
2247 2917 59 17 sana
2316 2913 101 21 unione.

2115 2940 21 21 A
2145 2938 93 23 l’Hôtel
2248 2940 25 21 di
2285 2939 108 27 Francia,
2404 2937 75 25 duvei
2494 2939 47 19 nos-

2088 2968 31 21 tri
2134 2968 72 22 amici
2227 2969 100 27 ajaccini
2349 2969 93 23 s’eranu
2465 2963 76 25 ritiraü

2088 3003 42 21 per
2136 2998 177 27 restaurassi,U
2318 2995 175 30 Sampetracciu
2498 2990 44 25 fub-

2087 3026 29 22 be
2124 3025 58 22 dinò
2194 3025 88 24 furzatu
2296 3033 14 15 a
2321 3026 108 28 cantàpè
2443 3029 13 16 a
2467 3022 74 29 padro-

2088 3060 29 16 na
2127 3053 151 24 ch'unn’avia
2285 3057 102 26 pussutu
2399 3053 104 23 assiste-a
2515 3052 26 17 n-

2088 3081 179 30 presentazione
2279 3090 13 16 e
2315 3090 48 22 per.
2376 3081 76 24 d’altri
2470 3079 70 22 ciTum

2089 3111 92 23 n’eranu
2198 3112 139 23 suddisfatti
2354 3111 100 24 d’avellu
2473 3108 70 22 intesn

2087 3146 44 16 una
2140 3140 66 22 voita
2217 3142 59 21 sola.

2115 3167 140 24 Canalinchi
2266 3169 27 22 sô
2309 3169 49 22 bon
2370 3167 63 23 corsi
2442 3171 13 15 e
2466 3164 76 22 amann

2087 3202 13 16 a
2111 3202 26 17 so
2145 3198 92 27 lingua.
2249 3199 24 21 A
2290 3203 85 21 prova,
2388 3197 60 21 tutte
2459 3199 13 15 e
2493 3194 48 26 can;

2087 3230 58 17 zone
2165 3226 27 21 di
2210 3230 17 17 u
2245 3229 86 20 nostru
2352 3226 89 22 artista,
2450 3228 14 15 e
2474 3226 30 15 un
2517 3220 24 17 so

2088 3255 86 26 quantu
2187 3253 145 24 almanacchi
2346 3255 23 22 di
2384 3254 22 21 A
2421 3251 82 23 Muvra
2518 3248 24 16 so

2087 3282 52 22 stati
2148 3284 116 26 strappati
2273 3283 29 21 da
2312 3289 12 15 e
2333 3282 65 23 mani
2408 3280 30 22 d’i
2446 3276 52 29 sgiô
2506 3278 36 17 re-

2087 3311 106 28 liciaggi,
2203 3309 101 25 Cluelfìe
2313 3311 103 23 Pianelii
2428 3303 113 28 incarlcati

2088 3339 158 22 diavendita.
2433 3364 4 5 _
2533 3352 5 7 .

2114 3367 45 23 San
2169 3368 139 25 Pancraziu,
2320 3367 24 21 di
2357 3364 105 30 magbiùj

2088 3402 13 14 u
2105 3396 33 22 n’a
2140 3397 45 21 lira
2192 3397 63 22 Testa
2267 3396 100 22 cursista
2381 3398 60 18 ancu
2452 3388 40 30 più
2508 3389 33 18 su-

2087 3425 77 21 lenne.
2174 3425 25 22 U
2209 3427 99 20 tenente
2320 3423 90 28 Filippi

2088 3458 101 21 messa,e
2198 3459 16 16 u
2227 3452 179 28 Sampetracciu
2415 3454 32 17 un

2088 3481 31 21 du
2129 3481 78 23 rifiutà
2221 3489 15 14 u
2247 3488 29 16 so
2285 3486 120 18 cuncorsu
2415 3485 15 15 a
2439 3474 45 24 ssùi
2494 3474 29 19 l>o

2088 3509 218 27 fratellu,affaccarà
2316 3509 101 22 un’altra
2428 3504 70 23 voita,
2506 3504 11 21 ?

2088 3544 28 16 eu
2126 3538 43 28 più
2182 3540 112 27 pruvistu
2316 3538 25 21 di
2353 3537 76 23 risate
2434 3561 6 5 _
2455 3535 43 39 p^r

2086 3566 68 28 passà
2172 3573 14 16 a
2207 3572 38 17 ssa
2262 3566 147 24 bravissima
2431 3560 64 30 jente

2088 3598 123 20 momentu
2224 3597 92 28 alegru.

2336 3633 23 23 U
2374 3627 144 31 Spettatore#
