2574 3814
40 401 183 38 Quisfannu
232 401 20 17 e
262 393 196 30 Quìst’annu
468 397 56 25 chi
534 398 85 26 bene

240 432 11 26 (
254 431 158 28 Cuntrastu)

110 506 106 24 Quisl'annu

42 549 47 23 Seuti
96 545 38 24 qui,
143 542 38 19 miò
189 542 114 16 successore,

25 569 118 32 Citivogüu
150 567 24 18 dà
180 570 26 13 un
213 562 102 23 cunsigliu.

69 622 102 25 Quist’annu
183 615 30 19 chi
221 614 44 18 bene

44 661 70 23 Cridite,
123 655 37 19 miù
169 652 90 23 genitore,

45 683 76 25 Cbialu
130 678 50 20 seriu
186 678 19 16 lu
214 675 67 23 pigliu.

44 750 21 6 _
71 737 23 18 Or
99 728 95 25 dunque,ti
200 725 115 23 diceraghiu,

44 751 50 32 Tgarà
101 759 19 18 lu
129 755 38 19 miò
173 751 120 21 testameutu)

27 786 70 22 riaccbè
138 782 55 17 trovu
204 778 20 17 in
232 775 85 23 biaghiu,

46 815 19 19 Di
73 812 23 20 »,
104 803 81 23 l’ultîmu
191 802 104 20 muraentu,

47 840 33 18 Cbc
89 834 13 18 ti
114 830 57 20 lasciu
181 828 24 19 sti
215 825 92 25 guerrieri
312 831 5 12 :

46 864 77 20 L’acqua,
132 862 12 12 u
153 854 46 21 sole,
208 853 20 17 lu
241 852 66 18 ventu.

45 917 53 19 _Ma
105 913 48 20 tutte
161 911 18 17 le
188 910 62 18 vostre
261 908 42 18 idee

47 947 25 18 Eu
79 938 68 24 l’aghiu
155 935 52 23 digià
215 934 80 18 sundate
303 937 5 17 ;

47 972 21 17 Sò
75 964 51 27 guasi
135 961 53 24 guasi
196 961 18 17 le
220 959 55 21 meie,

47 995 20 20 Di
75 989 82 22 vindette
166 984 120 20 tutt’armate.

48 1021 26 19 >ia
81 1014 73 21 lasciate
163 1016 47 18 puru
219 1014 59 16 eorre,

51 1044 31 20 Cbi
90 1039 61 23 bogliu
161 1037 54 17 fanne
225 1035 69 17 furore.

47 1105 22 7 __
76 1094 28 18 jja
112 1089 48 21 senti
167 1088 28 18 cio
204 1087 34 18 che
246 1086 16 18 ti
270 1085 49 18 dieu.

46 1118 62 26 Eppur’
116 1117 19 17 la
142 1113 56 19 m’hai
212 1115 97 19 prumessa
315 1110 5 19 !

47 1148 15 18 X
69 1150 12 13 u
89 1144 56 17 Corsu
154 1140 29 17 sia
191 1137 77 19 nimicu.

73 1197 16 18 A
96 1197 42 15 cosa
146 1191 26 18 mi
181 1190 37 23 par’
230 1188 80 21 listessa,

47 1209 33 33 Ma*
88 1219 53 24 postu
150 1216 35 18 che
193 1216 21 17 sô
222 1214 72 20 zitellu,

47 1249 25 18 Lu
77 1244 61 24 vogliu
144 1241 58 24 piplià
207 1240 20 18 in
232 1238 89 19 mudeilu.

52 1299 75 20 Dunque
134 1294 14 18 ti
154 1292 58 19 lasciu
218 1291 8 18 i
231 1289 91 24 guerrieri

49 1323 80 20 Cb’banu
139 1319 47 18 fattu
194 1318 21 17 lu
224 1317 25 18 so’
259 1315 63 19 studiu

49 1350 14 18 E
69 1352 45 15 soau
123 1343 64 21 struiti
197 1348 11 13 e
217 1342 49 18 fieri.

31 1412 21 5 —
57 1401 22 18 Sò
84 1400 20 18 di
112 1396 62 25 quessi
182 1394 60 20 ch’eiu
247 1393 64 23 vogliu
317 1397 5 17 ;

48 1427 47 19 Sanu
101 1423 54 24 purtà
160 1422 64 17 l’arme
232 1420 20 17 in
261 1423 62 16 manu,

47 1452 32 18 Cbi
89 1447 109 21 l’abitudine
209 1446 70 17 l’hanu.

46 1518 22 5 —
73 1507 53 23 Eppo’
134 1505 14 18 ti
160 1503 58 20 lasciu
230 1503 18 17 la
260 1505 53 16 neve,

49 1534 33 18 Cbi
90 1537 33 18 per
128 1528 107 26 guerriggià
241 1527 11 18 è
257 1532 11 13 a
273 1530 50 15 vera.

49 1558 67 20 Ch’ella
124 1556 49 22 falga
181 1555 23 17 da
212 1554 21 17 lu
241 1553 40 18 cele

49 1585 14 18 E
71 1581 100 21 s’accatasti
181 1580 19 18 in
208 1580 19 17 la
235 1580 56 16 terra.

50 1609 37 20 Che
94 1606 83 20 cumenci
186 1605 19 18 di
213 1603 101 25 jannaghiu

49 1635 19 18 Si
70 1635 29 18 n’a
106 1633 15 18 li
130 1631 47 19 tanti
186 1631 19 17 di
214 1630 84 23 maghiu.

49 1702 22 4 —
77 1691 49 19 Sin’a
132 1688 86 25 maghiu?
223 1686 90 20 vulinteri
318 1686 5 18 !

49 1718 28 18 Ma
88 1716 107 19 murerianu
206 1713 52 21 tutti,

49 1744 15 17 E
74 1734 112 30 cusO’altri
195 1738 91 25 guerrieri

47 1769 27 18 Un
83 1767 101 23 puderianu
192 1765 24 18 dà
224 1763 56 19 frutti
286 1763 5 17 !

48 1793 88 23 Saragbiu
146 1797 25 12 un
185 1795 46 18 pocu
246 1788 66 23 jentile
319 1793 5 13 :

49 1819 50 18 Sin’a
106 1818 14 18 li
128 1817 47 18 tanti
184 1815 82 23 d’aprile.

48 1885 23 5 —
76 1875 53 23 Eppo’
138 1874 15 18 ti
161 1873 57 18 lasciu
226 1872 21 18 lu
261 1872 53 17 cotru

49 1902 36 17 Per
92 1898 120 23 inchiappellà
220 1898 18 17 le
252 1897 72 18 strette.

49 1926 21 18 Ci
79 1930 24 13 ne
111 1925 29 18 sia
147 1928 72 18 sempre
224 1928 27 12 un
256 1923 68 19 metru,

50 1951 16 18 U
73 1951 53 22 jornu
134 1954 54 13 cume
196 1949 19 17 la
222 1949 59 17 notte.
297 1954 5 4 •

51 1976 64 22 Quellu
124 1974 40 18 ferà
171 1973 21 18 lu
199 1973 26 18 so’
233 1977 58 19 pezzu
298 1977 5 12 :

51 2001 49 18 Belle
109 2000 62 18 tambe
180 1998 19 18 di
208 1999 78 21 tupezzu
293 1996 5 18 î

50 2068 21 4 —
76 2058 35 18 Per
116 2059 28 17 ste
150 2057 55 22 logbe
213 2054 111 23 inalpellate,

48 2084 15 18 U
70 2085 51 17 cotru
130 2088 42 13 sera
181 2082 19 17 lu
208 2085 47 14 veru
262 2079 6 18 !

47 2111 16 16 A
70 2108 97 21 mumenti,
176 2112 11 13 o
195 2111 51 16 caru,
252 2106 73 19 andate,

50 2135 82 18 Cunoscu
140 2134 20 17 lu
170 2132 38 18 mio
217 2131 86 18 mistieru
310 2129 4 17 !

48 2162 16 16 A
71 2165 13 13 u
92 2160 58 18 Corsu
158 2157 85 24 feraghiu
249 2160 67 19 guerra
320 2160 6 13 :

49 2186 78 21 Freddu,
136 2184 54 19 caldu
199 2188 11 13 e
216 2183 49 18 famé
270 2185 45 14 nera
320 2180 6 18 !

31 2252 23 5 —
59 2242 75 23 Quandu
139 2243 18 17 la
161 2246 47 13 neve
212 2241 24 18 ha
240 2241 24 17 da
270 2241 57 21 parte,

54 2268 24 18 Fa
85 2268 55 23 piove
148 2271 34 19 per
190 2267 61 18 trenta
258 2265 49 23 jorni

52 2294 15 17 E
74 2293 62 23 sappia
145 2292 79 23 ’mpiegà
229 2291 24 18 bè
262 2291 52 17 Tarte
322 2295 6 12 :

54 2319 60 18 Parati
122 2317 68 19 mulini
198 2322 11 12 e
218 2316 55 21 forni,

55 2344 14 18 E
76 2345 15 17 li
99 2344 49 18 mûri
155 2344 21 17 di
185 2343 18 18 le
211 2342 63 18 chiose

52 2369 75 18 Partinu
136 2374 23 13 eu
168 2369 59 17 Paître
236 2371 48 14 cose.

51 2436 23 5 —
79 2428 51 17 Peru
139 2426 76 18 mesedi
222 2424 108 23 jennaghiu,

54 2452 114 21 Prufessore,
181 2451 66 18 andate
258 2454 49 18 puru
315 2448 4 18 !

55 2478 14 18 E
76 2483 34 18 per
117 2478 64 23 quellu
190 2477 19 18 di
219 2475 101 23 ferraghiu,

56 2504 21 17 Li
85 2508 67 18 quessa
160 2507 24 14 ne
193 2503 21 17 sò
222 2501 71 18 sieuru.

57 2530 17 17 A
81 2530 29 17 stà
118 2529 20 18 in
146 2533 43 14 casa
197 2528 80 19 sarratu,

58 2554 15 19 U
81 2554 58 19 Corsu
148 2553 19 23 jè
175 2552 125 19 cundannatu.

59 2613 77 23 D’aprile
142 2611 104 19 cumincerà

59 2639 16 17 A
83 2639 56 18 mette
152 2641 47 14 nasu
207 2641 12 13 a
226 2641 13 13 u
246 2634 82 24 purtellu

58 2664 29 17 Ma
95 2669 38 13 nun
141 2663 18 18 ci
167 2662 69 23 puderà
245 2661 35 21 stà,

60 2688 45 23 Ellu,
114 2689 85 17 manc’un
207 2685 107 24 suppulellu
320 2689 5 17 ;

60 2713 49 19 Sin’a
116 2714 21 18 lu
145 2713 55 23 jornu
208 2713 19 17 di
233 2712 73 21 Pasqua

60 2739 80 18 Trimerà
148 2743 54 14 cume
213 2742 37 13 una
262 2737 64 17 frascà.

361 511 24 4 —
391 502 104 22 D’istatina,
504 509 12 13 u
526 506 60 17 calorc

363 526 31 18 Sià
402 532 73 18 sempre
484 533 11 13 a
503 531 55 16 centu
567 530 52 22 gradi
626 535 5 16 ;

363 551 28 18 Un
400 552 16 17 si
426 553 49 18 trovi
485 558 58 18 acqua
551 559 34 17 per
593 559 50 13 more

364 576 35 18 Per
409 578 44 17 tutti
462 579 63 22 questi
535 580 82 23 pughiali
625 584 4 17 ;

363 601 16 18 A
386 601 51 23 jente
446 608 62 14 mezza
520 605 78 22 scimita,

362 627 106 20 Abbiasete
476 634 11 13 e
496 630 29 18 sia
534 630 64 19 famita
605 631 4 18 !

362 687 24 4 —
391 678 26 19 Or
423 680 54 18 avale
485 681 57 22 aghiu
550 682 62 22 capitu

364 703 15 17 E
387 704 19 17 vi
415 704 58 18 facciu
483 706 134 22 cumplimenti.

364 757 24 4 —
394 748 25 18 Ed
428 749 32 18 eiu
470 750 58 23 aghiu
537 751 55 18 finitu

366 773 20 17 Li
395 774 38 18 miò
442 775 65 18 ultimi
516 777 97 18 mumenti.

365 827 24 4 —
394 819 58 18 Tuttu
460 821 70 21 questu
538 822 48 18 male
598 823 49 18 assai

367 843 27 18 Un
404 844 19 17 lu
432 846 134 22 scurderaghiu
575 847 43 18 mai.

346 897 22 4 —
374 888 20 18 Di
401 890 58 17 ventu
466 890 88 18 unn’emu
560 892 73 21 parlatu
638 891 11 19 ?

346 942 23 4 —
376 933 28 18 Un
413 938 23 13 ne
445 935 43 17 vale
494 940 65 14 mancu
569 941 11 13 a
585 941 47 17 pena
638 942 5 13 :

368 958 22 18 Di
398 959 30 18 ciò
436 960 30 17 chi
477 961 55 18 m’ete
541 961 93 23 insignatu

368 983 63 19 N’avia
440 985 85 18 anch’eiu
532 991 36 13 una
573 991 53 14 vena,

368 1038 23 4 —
396 1029 29 18 Ma
433 1034 11 13 e
454 1030 159 19 ricumandazione

370 1054 50 18 Sonu
429 1060 74 18 sempre
512 1056 54 18 bell’e
575 1057 52 18 bone.

370 1079 15 18 U
393 1081 59 17 ventu
461 1081 27 17 fia
497 1082 79 21 macelli,

369 1105 54 18 Assai
432 1105 43 18 fatti
485 1110 10 14 e
504 1107 53 22 pochi
567 1107 54 18 detti.

371 1130 68 18 Volinu
448 1135 55 14 cume
511 1132 74 21 l’acelli,

370 1154 14 19 E
392 1159 49 18 case,
452 1156 75 23 sulaghj
536 1161 10 14 e
555 1157 44 18 tetti
607 1157 5 18 !

370 1209 24 4 —
400 1200 31 19 Sia
440 1206 12 12 a
460 1202 59 17 dritta
527 1207 11 13 o
546 1207 11 13 a
567 1203 73 21 ritrosa,

371 1225 93 23 S’ampara
476 1231 73 18 sempre
560 1228 93 21 qualcosa.

370 1280 23 4 —
400 1271 85 18 L’arburi
494 1271 15 18 li
518 1272 32 22 più
559 1272 56 22 majô,

371 1296 39 18 Alti
419 1297 57 18 centu
486 1297 55 18 metri
550 1302 11 13 e
570 1297 40 23 più,

372 1321 34 18 Chi
416 1322 23 17 da
447 1327 14 12 u
472 1321 19 19 tè
500 1327 11 12 a
519 1322 20 18 lu
547 1323 32 18 mô

372 1346 58 19 Slanu
438 1352 13 13 a
459 1347 76 19 radiche
544 1348 49 21 insù,

374 1372 14 18 E
396 1373 25 17 da
429 1373 18 17 la
456 1377 43 14 sera
507 1378 11 12 a
527 1374 18 16 la
555 1378 55 13 mane

372 1397 92 19 Smarisca
473 1398 71 19 fureste
552 1403 44 13 sane
603 1398 6 18 !

374 1453 23 4 —
402 1443 38 18 Che
450 1444 46 18 resti
506 1444 19 17 lu
534 1443 100 23 campanile

354 1486 3 3 .
373 1468 26 19 Cu
409 1469 17 17 le
435 1470 27 17 so’
471 1473 86 18 campane
566 1469 87 18 addossu.

371 1523 24 4 —
401 1514 53 19 Saria
464 1515 66 21 troppu
540 1514 84 21 macellu,

373 1539 15 18 E
395 1539 59 19 mieca
470 1544 49 17 orse,
529 1545 25 12 un
563 1544 62 18 possu.

374 1564 19 19 Si
402 1569 45 14 sana
456 1570 27 12 un
497 1566 51 21 parte
556 1570 12 12 a
577 1565 76 21 furesta,

375 1590 54 18 Pochi
439 1590 48 23 largi
497 1590 16 18 ci
523 1590 16 17 si
548 1591 50 17 resta
604 1589 6 18 !

372 1645 24 4 —
401 1636 34 18 Eiu
445 1636 22 18 sô
476 1637 66 21 troppu
550 1636 73 23 gattivu

375 1662 14 17 E
397 1666 26 13 un
432 1661 82 23 rispettu
523 1661 63 18 nieute
592 1666 5 16 ;

374 1687 34 18 Eiu
417 1691 69 18 mengu
496 1692 11 12 a
515 1687 29 18 ciò
551 1687 35 18 che
592 1687 62 20 trovu,

374 1712 31 18 Sla
414 1712 57 18 robba
479 1712 28 18 sia
515 1712 72 22 jente...

374 1737 66 19 Ohimé
447 1737 5 18 !
462 1737 27 18 mi
499 1738 53 17 sentu
568 1737 86 18 more!...

374 1763 57 18 Conta
440 1765 58 21 quant
501 1768 11 12 u
522 1763 82 22 m’aghiu
615 1767 38 13 ore.

374 1808 58 19 Sentu
441 1808 49 18 sunà
498 1809 18 17 le
525 1812 107 18 campane...

374 1834 45 18 Sera
426 1838 34 18 per
469 1833 31 18 mè
508 1833 39 18 istu
559 1838 48 13 sonu
613 1832 9 19 ?

372 1889 25 4 —
402 1879 35 23 Ajò
444 1879 5 18 !
459 1879 71 18 datemi
538 1879 17 18 le
564 1883 54 13 mane

374 1905 39 18 Che
421 1905 43 18 colli
474 1905 42 17 ’nde
523 1904 19 18 lu
549 1904 38 18 miò
593 1905 62 16 tronu.

375 1950 30 18 Pe’
415 1955 12 12 u
436 1950 60 17 Corsu
505 1950 42 17 serà
555 1952 49 14 lame

375 1974 68 18 Sinchè
451 1979 66 17 campu
528 1974 52 18 eiu...

383 2023 13 4 -
600 2014 44 17 Ame
649 2013 8 18 !

511 2047 18 19 U
539 2047 118 18 Patriotta.

353 2138 130 25 Pedone
507 2138 151 24 Muvrinu

375 2198 148 22 P1ERANTONI,
527 2194 102 23 ORLÉANS
636 2207 24 4 —

353 2225 97 18 Indirizzu
458 2224 104 22 sbagliatu.
570 2223 60 18 Cumu
636 2222 24 19 è?

376 2260 244 20 BARTULUMEU.—Cume
626 2260 34 18 dui

354 2292 12 13 e
371 2287 34 18 dui
415 2287 43 18 face
467 2288 85 20 qualtru.
564 2286 98 18 Toccama-

355 2314 52 17 nala.

379 2346 22 19 G.
408 2346 20 19 F.
434 2355 25 4 —
468 2346 23 18 In
496 2345 76 18 slaffari
577 2350 12 12 u
600 2349 62 14 sonnu

356 2372 80 23 précédé
440 2376 76 18 sempre
522 2376 12 13 u
539 2371 123 17 tradimentu.

356 2397 115 23 C’èghiente
483 2396 74 18 ch’omu
570 2395 92 23 inganna;

357 2427 31 13 ma
393 2427 12 13 a
411 2422 64 18 verità
479 2421 69 18 finisce
552 2425 73 18 sempre
630 2425 34 18 per

358 2452 43 15 esse
408 2447 122 19 cunusciuta.

381 2483 148 20 CLANFARANI.
539 2493 23 4 —
570 2483 93 22 Ruspone,

358 2511 135 22 avà,impenna
499 2513 35 18 per
542 2510 26 16 “a
573 2508 55 18 Stella
632 2508 32 18 chi

359 2536 28 18 s’è
394 2536 62 17 alzata
460 2535 22 18 in
487 2535 20 17 lu
514 2534 42 18 celu
563 2534 19 17 di
587 2533 77 18 Cirnu”.

359 2561 36 18 Più
401 2560 67 23 inghiô
474 2565 27 12 un
507 2559 17 18 si
529 2559 23 22 pò
558 2559 73 17 trafalà.

384 2596 150 20 BARTOLETÏI.
539 2605 23 4 —
567 2595 99 18 Ricevere-

360 2625 21 16 te
384 2624 53 17 tuttu
443 2621 65 18 cio.éhi
513 2621 30 18 vo’
547 2622 57 17 avete
608 2620 59 17 chies-

362 2650 30 17 tu.

386 2680 184 21 F.STEFANI.—Ma
577 2679 19 18 di
604 2679 64 22 quessi

363 2713 28 13 un
398 2712 25 14 ne
432 2707 78 18 vulemu
522 2710 66 13 mancu
594 2704 6 18 !
612 2705 16 17 A
635 2709 33 13 ro-

364 2738 37 18 gna
410 2733 10 18 è
428 2730 157 24 appiccicaticcia.

741 408 161 32 Corsica

679 447 64 19 Bella
751 453 33 14 e...
796 450 166 19 Abbandunata

692 502 28 18 Un
729 503 66 18 chiaru
804 509 10 12 e
822 504 71 18 luccnti
902 506 42 20 soli,

692 526 81 18 Un'aria
782 528 63 17 fresca
853 534 10 12 e
872 533 48 17 pura

692 550 29 18 Un
729 551 36 18 bel’
774 552 70 18 vistitu
853 553 19 17 di
881 553 52 21 fiori,

692 574 28 19 Un
729 577 102 18 raanteddu
839 577 20 18 di
867 578 84 19 virdura:

692 600 63 22 Quisti
763 606 50 14 sonu
822 602 13 18 li
847 602 61 19 favori

693 625 36 18 Chi
739 626 37 18 t’ha
785 628 46 17 dalu
840 628 18 17 la
867 629 74 18 natura.

693 670 30 18 Sti
731 670 62 19 favori
802 672 90 19 suminati

694 695 27 17 Da
728 696 15 17 li
751 697 62 18 monti
821 702 11 12 a
841 697 13 18 li
863 697 71 19 marini

694 719 25 19 Sô
727 721 23 17 da
758 721 59 18 l’omu
825 722 95 23 calcigati,

694 745 78 19 Turnati
780 746 21 18 in
810 747 45 22 guai
863 751 11 13 e
883 748 63 18 ruvini
952 753 6 17 ;

694 769 23 18 Ti
726 770 36 18 faci
771 775 24 14 cu
803 771 15 18 li
827 772 24 17 to’
859 772 45 18 fiori

696 794 40 19 Una
744 800 71 14 curona
823 797 20 17 di
851 798 59 21 spini.

673 839 67 19 Corcia
748 845 82 13 mamma
838 842 132 20 abbandunata

696 866 53 17 Ancu
758 866 24 16 da
790 866 15 17 li
815 867 100 19 to’ziteddi
923 868 5 18 1

696 889 44 18 Tira
748 895 11 13 a
768 891 47 18 tutti
824 895 37 14 una
869 892 101 23 ehiamata,

697 914 15 18 E
721 915 80 23 raccogli
810 917 125 18 st’urfaneddi

697 940 53 18 Tutti
757 942 53 17 sottu
818 942 20 17 la
844 942 24 17 to’
877 943 30 17 ala

698 964 56 19 Corne
762 970 11 13 a
781 966 71 19 cioccia
862 967 14 18 li
887 968 91 22 piuleddi.

699 1010 71 22 Quand’
776 1012 43 18 eddi
829 1013 21 17 sô
860 1014 46 17 tutt’
912 1014 58 21 uniti,

699 1036 53 18 Metti
766 1041 11 13 a
785 1038 53 17 nudu
846 1038 20 17 lu
875 1039 25 17 to’
909 1039 58 18 amori
974 1044 5 17 ;

699 1061 85 18 Mostrali
792 1062 15 18 li
817 1063 25 17 to’
849 1063 60 22 feriti,

700 1086 84 23 Spiegali
793 1088 15 17 li
817 1089 25 16 to’
850 1089 63 18 dulori
920 1093 5 18 ;

700 1111 47 18 Falli
755 1113 55 18 tuccà
817 1113 43 18 culi
868 1114 35 17 diti

701 1137 20 17 Li
729 1137 64 23 piaghi
802 1138 20 17 di
830 1139 21 17 lu
859 1139 26 18 to’
893 1139 47 18 eoii.

679 1181 113 23 Ch’ognunu
801 1183 51 22 posai
861 1185 114 21 eumprenda

701 1215 24 4 —
728 1207 113 22 Sopratuttu
849 1208 14 18 li
871 1209 76 18 luntani
952 1219 23 4 —

702 1231 34 18 Chi
744 1232 19 17 la
771 1233 26 16 to’
807 1233 51 17 terra
866 1233 24 21 pô
898 1235 58 16 renda

702 1256 50 18 Vinu
762 1257 61 18 sceltu
832 1261 11 14 e
851 1258 52 18 bellu
917 1259 65 21 pani...

703 1282 29 17 Ma
739 1282 21 18 lu
768 1283 69 18 duveri
844 1283 20 18 di
873 1284 45 18 tutti

703 1303 15 22 È
725 1307 19 18 di
752 1308 77 22 stupass
835 1309 26 17 ’in
869 1309 15 18 li
892 1310 59 18 mani.

692 1345 94 19 Slmonu
795 1345 24 19 di
828 1345 45 19 San
882 1346 100 24 Jorghiu.

688 1440 68 22 Certi
766 1441 211 26 Impiegarelli!...

701 1500 76 23 M’ogliu
787 1503 60 17 mette
854 1507 11 13 a
875 1503 94 20 tavuliuu,
997 1494 6 26 I

702 1526 35 18 Chi
745 1527 49 18 sòin
800 1527 51 18 laziu
859 1528 21 17 di
887 1532 88 17 canzone,
997 1523 5 23 I

701 1551 15 18 E
724 1551 65 19 fammi
798 1553 78 22 qualchi
884 1553 75 18 sestinu

702 1576 59 23 Sopra
768 1578 21 17 lu
798 1578 53 18 biatu
859 1579 86 18 camione
950 1583 6 13 :

701 1602 37 18 Tre
746 1603 49 18 mesi
802 1603 26 21 fà,
838 1604 48 17 c’era
893 1603 81 22 inlrutu,
997 1599 6 30 j

701 1628 60 18 Avale
769 1628 65 19 l’hanu
841 1629 91 18 vindutu.

702 1679 129 19 Truvendumi
839 1681 42 18 cusì
890 1681 63 22 tristu,
997 1675 7 33 j

704 1704 29 18 Un
741 1705 51 18 saria
804 1706 24 17 da
835 1706 63 22 cantà,

703 1729 35 19 Chi
745 1730 24 18 da
777 1731 36 18 che
822 1736 32 12 era
862 1731 80 22 turistu,

702 1755 41 18 Avà
751 1760 26 13 un
785 1756 20 17 la
812 1761 57 17 possu
878 1757 33 21 più
920 1757 25 18 fà.

704 1780 109 19 Serveranu
821 1782 29 17 ste
857 1787 83 13 canzone
974 1794 6 4 -
998 1777 5 23 I

703 1805 36 18 Per
746 1806 67 22 spiegà
821 1807 18 17 le
848 1808 36 17 me’
893 1807 83 23 ragione.
997 1801 7 33 ]

703 1857 36 18 Tre
747 1858 53 17 voile
807 1862 11 13 a
826 1858 102 18 seltimana

704 1882 25 18 Mi
737 1887 25 14 ne
770 1883 64 17 falava
842 1883 19 18 in
869 1883 86 22 Ajacciu.
999 1877 6 24 I

705 1907 16 18 U
729 1912 55 18 paese
792 1908 112 22 Marignana

704 1933 158 19 Micunsiderava
867 1934 121 21 unstracciu,
1000 1928 5 23 I

705 1957 14 18 E
728 1958 65 18 ’nvece
802 1958 68 18 dicenu
879 1959 66 17 avale:

704 1982 75 21 Quessu
788 1983 72 18 nunn’è
867 1983 101 18 carnavale
973 1983 5 18 !
1000 1977 5 24 I

705 2034 15 17 E
728 2034 47 21 cusi,
784 2034 60 18 addiu
851 2035 73 18 l’onore
929 2034 5 18 !

705 2059 26 18 Mi
739 2059 41 18 face
788 2060 84 17 tamanta
880 2064 54 18 pena,

706 2085 26 18 Mi
739 2086 57 17 sentu
803 2085 95 22 stringhie
903 2085 21 18 lu
930 2089 49 16 core,
1001 2080 6 32 j

706 2109 24 18 Mi
736 2111 55 17 sentu
797 2111 75 21 strappà
878 2115 37 13 uns
920 2109 71 19 vena!..

706 2135 104 18 Maladiscu
818 2136 21 17 lu
848 2136 89 17 stradone

707 2161 54 18 Duve
768 2165 56 18 passa
832 2162 32 17 stu
873 2161 91 18 camione.

708 2212 48 18 Avia
764 2212 18 17 la
790 2212 71 22 grande
868 2211 88 23 spiranza
1005 2206 2 25 !

708 2238 22 17 Di
739 2237 19 18 fà
766 2241 77 19 sempre
850 2238 31 17 stu
891 2238 91 22 tragettu,
1004 2237 3 16 !

709 2262 73 19 Imbece
791 2262 21 18 fù
821 2264 19 16 la
851 2264 98 16 staccanza
955 2267 6 17 ;

709 2283 15 22 È
732 2287 20 18 in
760 2292 52 13 vanu
821 2288 35 17 che
864 2287 91 22 l’aspellu
960 2287 5 19 !

709 2314 26 17 Da
743 2313 64 18 ch’era
814 2313 41 18 cusi
862 2314 100 21 cunlentu,

710 2339 29 18 Un
746 2339 27 17 mi
781 2338 61 18 ferma
849 2338 35 18 che
892 2338 21 18 lu
922 2338 73 23 pientu.

712 2389 62 18 Parüa
782 2390 25 17 da
814 2389 21 17 lu
844 2393 62 18 paese,

712 2415 16 18 U
736 2415 75 21 piacere
822 2414 152 23 m’ingunfiava;

712 2440 66 18 Nant’a
787 2440 66 22 quellu
864 2439 123 21 bell’arnese,

713 2465 59 18 Cume
779 2466 22 17 lu
809 2466 60 17 ventu
878 2464 76 18 bulava.

713 2491 40 17 Avà
760 2491 19 17 la
787 2490 75 18 vedenu
871 2494 11 13 e
889 2494 12 13 a
908 2494 57 16 sanu,

692 2515 85 19 Marchiu
785 2520 12 13 a
806 2515 42 23 pedi
854 2515 74 22 epianu
934 2515 65 22 pianu.

714 2567 83 18 Unn’era
804 2567 24 16 da
836 2565 31 18 chi
875 2566 33 17 stu
917 2565 50 17 male

715 2591 55 19 Fussi
778 2592 55 17 dettu
842 2591 19 17 in
869 2589 74 23 puesia,

715 2617 35 22 Ma,
760 2620 55 14 cume
824 2620 48 14 vene
879 2615 73 20 Natale,

715 2643 25 17 Mi
746 2642 64 18 caceia
817 2642 20 16 la
845 2639 89 19 fantasia.

717 2668 26 17 Lu
752 2671 57 14 menu
820 2671 12 13 a
842 2665 89 23 qual’ella
940 2665 60 21 costa,

717 2693 25 17 Mi
749 2693 41 17 farà
799 2696 38 14 una
844 2691 90 21 risposta.

863 2723 114 23 Grigoriu.

1347 108 261 52 Mémoires

1120 190 51 46 du
1194 189 46 46 K.
1258 188 43 46 P.
1325 189 46 46 de
1395 187 218 58 Singlande,
1638 184 206 47 Aumônier

1160 254 209 34 (Spedizione
1387 254 32 25 di
1437 253 180 25 Maillebois
1634 249 168 33 1738-1741)

1405 324 148 34 (Seguitu)

1028 393 63 22 Mais
1104 393 87 22 cédant
1209 399 48 16 aux
1276 392 93 27 prières
1384 394 22 20 &
1421 398 48 16 aux

1000 426 122 21 instances
1130 427 44 20 des
1182 426 115 22 Officiers
1309 424 21 22 &
1338 426 100 25 soldats,
1451 425 18 21 il

1000 464 39 15 me
1050 459 73 21 laissa
1135 460 84 20 suivre
1234 460 37 20 les
1283 457 122 27 drapeaux
1415 464 5 15 :
1437 464 31 15 on

1000 491 68 20 avoit
1080 491 79 22 arrêté
1171 498 34 14 un
1216 490 95 22 rebelle
1323 491 40 26 qui
1378 490 92 28 portoit

1001 522 13 20 à
1036 528 40 15 ses
1099 524 142 20 camarades
1261 524 24 20 le
1306 524 101 21 nombre
1427 523 43 21 des

1001 553 116 29 François
1137 556 42 26 qui
1197 556 103 21 avoient
1317 554 111 24 renforcé
1442 560 28 16 ce

1001 589 78 25 poste.
1093 587 35 22 M.
1142 588 29 21 de
1184 587 110 23 Valence
1305 589 23 21 le
1336 589 27 21 fit
1371 588 100 22 condui-

1001 626 26 15 re
1039 626 44 21 par
1093 623 72 19 notre
1178 620 143 28 Régiment,
1339 620 95 28 jusqu’à
1448 622 23 20 la

1001 653 93 27 grande
1106 654 75 27 garde
1193 654 30 21 de
1235 653 99 23 l’armée
1345 654 30 21 de
1388 653 82 22 Corte.

1003 685 20 21 Il
1033 691 39 15 me
1084 685 104 28 chargea
1200 686 31 21 de
1249 687 23 20 le
1291 687 113 26 disposer
1414 691 58 22 pen-

1003 718 56 22 dant
1077 719 23 21 le
1122 719 108 26 chemin,
1252 718 12 22 à
1284 720 23 20 la
1325 721 73 23 mort,
1413 719 59 27 qu'il

1003 752 66 21 subit
1079 751 193 27 effectivement,
1283 753 72 28 ayant
1366 751 38 22 été
1416 757 56 16 con-

1003 783 87 23 damné
1110 791 44 21 par
1174 784 35 22 M.
1222 785 30 21 de
1265 784 111 23 Contade
1394 784 12 22 à
1422 786 50 20 être

1005 818 89 26 pendu.

1032 850 35 22 Ce
1086 850 36 21 fut
1142 850 110 27 pendant
1271 853 72 20 notre
1363 850 81 28 séjour
1460 850 13 21 à

1006 883 131 26 Bastelica,
1158 883 72 27 qu’on
1250 885 50 26 prit
1316 884 36 21 les
1366 884 109 21 derniers

1005 921 174 23 arrangemens
1191 922 63 22 pour
1272 917 113 26 l’attaque
1402 916 73 27 qu’on

1006 949 122 22 méditoit.
1142 949 33 22 M.
1185 949 31 22 de
1226 949 140 22 Maillebois
1374 949 101 27 chargea

1008 983 34 21 M.
1054 982 31 22 de
1099 982 108 28 Larnage
1218 983 32 21 de
1263 988 27 16 se
1301 984 86 26 porter
1400 988 43 20 par
1452 983 24 20 le

1007 1016 98 21 chemin
1126 1016 31 21 de
1177 1016 22 20 la
1220 1015 130 26 Rouslera,
1361 1015 22 21 &
1395 1015 82 21 d’atta-

996 1062 2 17 l
1007 1055 59 22 quer
1078 1049 30 21 de
1122 1048 66 23 front
1199 1050 21 20 la
1234 1049 79 21 Bocca
1325 1047 106 27 d’Olera,
1445 1048 30 22 où

996 1075 2 40 j
1007 1084 37 20 les
1054 1083 106 21 rebelles
1181 1082 97 22 étoient
1295 1081 149 26 retranchés,
1455 1081 22 21 &

1008 1116 31 22 de
1050 1121 94 22 gagner
1155 1116 35 21 les
1203 1115 113 28 Villages
1328 1115 29 21 de
1375 1114 104 23 Chama-

1009 1149 76 22 nache
1097 1148 22 22 &
1131 1149 30 21 de
1173 1148 102 26 Talavo,
1286 1148 40 27 qui
1339 1147 53 22 font
1401 1147 77 27 partie

1009 1184 31 21 de
1051 1184 23 20 la
1086 1183 77 21 Pieve
1174 1183 32 20 de
1216 1182 104 25 Talavo,
1337 1180 13 22 à
1366 1182 22 21 la
1399 1181 80 22 droite

1010 1216 32 21 du
1061 1216 92 20 Fleuve
1173 1216 33 20 du
1221 1215 80 21 même
1317 1220 68 19 nom,
1399 1214 80 21 tandis

1010 1249 59 27 qu'il
1080 1248 149 22 marcheroit
1237 1248 31 21 du
1278 1253 69 21 camp
1355 1247 123 26 Dornano,

1011 1288 41 16 sur
1069 1282 23 21 la
1110 1282 103 21 hauteur
1230 1278 30 24 dé
1281 1280 123 25 Franetto,
1419 1285 61 23 pour

996 1308 5 29 I
1011 1317 36 21 les
1066 1315 106 28 prendre
1193 1320 31 16 en
1246 1314 70 25 flanc,
1340 1319 60 16 avec
1423 1313 58 27 cinq

996 1341 6 29 I
1012 1348 167 28 Compagnies
1194 1348 30 21 de
1243 1346 152 22 Grenadiers
1406 1346 22 22 &
1444 1347 36 21 les

1012 1382 132 22 bataillons
1163 1381 31 22 de
1214 1382 23 20 la
1251 1380 73 21 Farre
1336 1379 112 23 Chaillou
1458 1379 23 21 &

996 1402 6 35 I
1012 1416 82 22 Forêt.

1040 1449 34 21 M.
1083 1449 31 21 de
1124 1449 107 26 Larnage
1239 1452 81 17 arriva
1331 1449 23 19 le
1365 1451 115 23 premier,

1014 1482 21 22 &
1044 1488 57 16 sans
1115 1482 89 27 perdre
1216 1481 31 21 de
1258 1482 90 24 temps,
1366 1479 13 22 à
1398 1480 23 21 la
1433 1480 48 21 tête

1014 1516 30 22 de
1054 1517 88 25 quatre
1157 1513 170 28 Compagnies
1346 1513 30 21 de
1391 1512 92 22 Grena-

1014 1549 73 25 diers,
1099 1548 39 21 les
1150 1547 183 27 Arquebusiers
1352 1546 21 21 &
1391 1547 36 20 les
1443 1546 39 21 ba-

1014 1582 99 23 taillons
1125 1581 31 22 de
1167 1581 80 28 Royal
1258 1579 153 26 Roussillon,
1424 1579 59 21 &de

1014 1616 76 21 Bearn
1100 1621 6 19 ;
1127 1617 99 24 attaqua
1237 1614 37 21 les
1286 1613 198 21 retranchemens

1014 1649 63 21 delà
1092 1649 78 21 Bocca
1181 1646 111 27 d’Olera,
1313 1651 60 16 avec
1387 1648 51 19 tant
1453 1645 31 22 de

1014 1681 118 26 vivacité,
1143 1687 47 22 que
1199 1681 36 21 les
1245 1679 123 22 séditieux
1380 1685 29 16 au
1418 1684 68 17 nom-

1014 1716 42 21 bre
1068 1715 30 21 de
1111 1715 40 21 six
1162 1719 33 17 ou
1206 1715 56 26 sept
1274 1715 76 24 cents,
1372 1719 30 15 ne
1413 1712 73 22 firent

1014 1754 106 22 presque
1130 1753 94 16 aucune
1234 1745 144 27 résistence,
1387 1745 22 21 &
1416 1745 70 28 après

1014 1782 73 22 avoir
1095 1781 48 22 tiré
1152 1787 29 15 au
1189 1780 88 22 hazard
1285 1780 118 27 quelques
1409 1784 78 23 coups

1014 1816 30 21 de
1064 1815 60 21 fusil
1143 1814 110 22 derrière
1274 1813 37 21 les
1331 1812 111 26 rochers,
1460 1818 26 15 se

1014 1848 133 23 retirèrent
1157 1848 61 21 dans
1236 1847 24 21 le
1281 1847 56 27 plus
1351 1846 76 27 grand
1445 1845 43 22 dé-

1015 1882 97 21 sordre.
1133 1881 30 21 La
1184 1880 67 28 prise
1272 1880 31 21 de
1323 1885 28 16 ce
1368 1880 71 26 poste
1456 1884 32 15 ne

1016 1921 62 16 nous
1097 1915 72 21 coûta
1190 1913 75 28 qu’un
1287 1912 142 22 Lieutenant
1445 1911 43 22 des

1017 1948 151 22 Grenadiers
1179 1947 33 20 du
1225 1945 135 28 Régiment
1374 1946 31 21 de
1421 1944 69 22 Flan-

1017 1982 65 25 dres,
1095 1980 23 22 &
1130 1985 32 16 un
1175 1978 143 23 Grenadier
1328 1978 31 21 de
1376 1979 23 20 la
1410 1978 79 21 même

1017 2013 156 28 Compagnie
1185 2012 44 28 qui
1242 2011 83 22 furent
1335 2010 63 22 tués.

1045 2048 35 21 M.
1092 2048 32 20 de
1138 2048 142 20 Maillebois
1298 2048 94 24 joignit
1412 2048 33 17 M.
1459 2049 31 16 ae

1018 2082 110 26 Larnage
1146 2080 24 21 le
1193 2078 25 22 16
1238 2077 145 29 Septembre
1405 2078 13 20 à
1438 2077 52 22 huit

1017 2115 91 22 heures
1120 2114 33 21 du
1164 2112 86 25 matin,
1264 2117 61 16 avec
1335 2112 37 20 les
1391 2113 100 24 troupes

1019 2148 59 28 qu’il
1089 2147 70 22 avoit
1170 2144 116 24 amenées
1298 2145 31 21 du
1341 2150 70 21 camp
1420 2143 73 23 d'Or-

1019 2187 72 19 nano,
1105 2180 34 22 où
1151 2180 16 21 il
1180 2179 72 22 avoit
1262 2177 73 23 laissé
1355 2178 35 21 M.
1402 2177 91 22 d’Ava-

1020 2216 44 25 rai,
1086 2219 63 17 avec
1165 2214 37 21 les
1216 2212 136 22 Bataillons
1364 2212 31 21 de
1405 2211 88 22 Niver-

1020 2249 56 22 nois
1087 2247 24 22 &
1122 2248 31 21 de
1173 2245 69 23 l'Isle
1262 2246 31 21 de
1313 2245 99 25 France,
1432 2250 63 22 pour

1021 2282 89 29 garder
1121 2281 24 22 le
1156 2281 71 27 poste
1239 2278 22 22 &
1273 2279 23 21 le
1309 2277 74 28 dépôt
1400 2277 44 22 des
1457 2277 38 22 vi-

1022 2321 57 16 vres
1090 2314 41 28 qui
1144 2320 17 22 y
1171 2312 65 23 étoit
1246 2311 88 22 établi.

1050 2347 83 29 Après
1151 2346 63 23 trois
1234 2345 89 22 heures
1344 2344 89 22 d’halte
1454 2349 42 16 sur

1023 2384 36 20 les
1071 2383 145 25 montagnes
1228 2379 31 21 de
1269 2378 66 25 Lera,
1347 2378 31 21 où
1388 2379 34 20 les
1429 2380 67 19 trou-

1012 2417 2 19 ;
1024 2421 44 23 pes
1087 2415 33 21 de
1146 2413 34 22 M.
1201 2413 31 21 de
1251 2412 109 26 Larnage
1382 2410 115 22 s’étoient

1012 2440 2 30 I
1024 2448 100 23 réunies
1135 2453 49 16 aux
1198 2449 91 22 autres,
1311 2444 35 22 M.
1359 2445 31 21 de
1401 2444 95 22 Maille-

1025 2483 54 21 bois
1091 2480 130 23 descendit
1232 2479 30 21 de
1270 2479 23 21 la
1303 2479 80 21 même
1394 2478 103 22 hauteur

1026 2521 61 17 avec
1097 2520 40 16 ses
1150 2514 56 26 cinq
1218 2512 140 25 bataillons,
1378 2512 37 21 les
1435 2510 63 22 Gre-

1026 2549 98 22 nadiers
1137 2548 23 21 &
1180 2547 100 28 piquets
1301 2544 59 28 qu’il
1381 2544 77 25 avoit,
1475 2544 23 20 &

1029 2588 42 16 100
1089 2580 134 23 Hussards.
1248 2579 20 21 Il
1292 2583 84 21 campa
1398 2583 42 15 sur
1461 2577 37 21 les

1027 2615 74 22 bords
1113 2614 32 21 du
1157 2613 91 22 Talavo
1258 2613 82 21 toutes
1351 2611 37 21 les
1396 2612 103 24 troupes

1027 2655 30 15 en
1076 2648 54 22 face
1152 2647 32 21 du
1205 2645 102 27 Village
1320 2644 30 22 de
1361 2643 99 25 Zicavo,
1477 2641 22 21 &

1012 2668 6 46 j
1028 2687 57 17 sous
1097 2680 66 23 celui
1174 2679 32 21 de
1218 2678 125 26 Quittera.
1357 2676 19 22 Il
1385 2675 115 29 séjourna

1012 2704 6 32 I
1028 2715 59 21 dans
1098 2715 25 21 le
1134 2718 70 21 camp
1220 2711 113 28 jusqu’au
1350 2715 28 16 20
1389 2709 112 28 Septem-

1494 392 53 26 bre,
1565 397 63 22 pour
1647 391 112 22 attendre
1780 389 44 21 des
1838 388 130 22 nouvelles

1495 425 31 21 de
1539 424 34 21 M.
1586 425 31 20 de
1630 424 118 24 Valence,
1769 422 88 27 auquel
1871 421 19 21 il
1900 420 69 21 avoit

1495 456 113 22 ordonné
1631 457 30 21 de
1689 456 78 28 partir
1796 455 31 21 de
1854 452 114 25 Cessoni,

1496 495 62 16 avec
1569 496 41 14 ses
1621 489 184 24 détachemens,
1827 492 64 22 pour
1909 487 61 20 atta-

1497 528 60 20 quer
1568 523 23 20 le
1606 522 24 20 16
1643 522 31 20 du
1687 522 80 21 même
1781 520 63 22 mois
1862 520 36 20 les
1918 524 52 15 mu-

1497 555 51 21 tins
1555 553 142 23 retranchés
1706 553 13 22 à
1728 554 22 21 la
1760 554 79 20 Bocca
1848 551 120 24 d’Iverde,

1497 587 22 22 &
1530 587 60 22 dans
1602 588 24 21 le
1638 587 100 28 Village
1749 587 31 21 de
1792 586 124 27 Pannega,
1928 590 43 14 en-

1498 621 66 21 suite
1577 620 115 28 pénétrer
1703 620 13 21 à
1729 620 63 21 celui
1805 620 31 21 de
1847 619 23 21 la
1886 617 83 25 Costa,

1498 654 42 26 qui
1551 652 63 23 étoit
1625 653 30 21 de
1668 652 88 23 l’autre
1768 651 54 23 côté
1831 652 32 20 du
1871 651 99 24 Talavo,

1499 692 42 15 sur
1559 687 23 20 le
1603 686 62 21 flanc
1684 686 94 27 gauche
1799 685 31 21 de
1848 684 98 24 Zicavo,
1958 681 14 22 à

1499 724 48 15 une
1557 719 80 21 bonne
1648 719 67 20 lieue
1727 719 29 20 de
1770 720 39 19 cet
1820 716 104 22 endroit.

1527 750 35 22 M.
1575 752 31 20 de
1619 751 109 21 Valence
1749 751 34 21 lui
1804 749 92 22 écrivit
1914 747 59 28 qu’il

1500 784 69 21 avoit
1591 789 31 16 en
1642 786 56 19 tout
1720 783 72 27 point
1813 781 101 23 exécuté
1934 786 39 16 ses

1500 816 95 26 ordres,
1608 816 69 22 forcé
1689 817 37 20 les
1737 816 107 21 rebelles
1855 814 13 22 à
1880 815 23 21 la
1915 814 58 20 Boc-

1501 855 27 16 ca
1540 848 123 27 d’Iverde,
1673 849 23 21 &
1705 848 112 22 désarmé
1826 854 30 15 en
1865 848 107 27 passant,

1501 883 37 20 les
1550 882 103 27 villages
1666 882 123 21 ci-dessus
1807 878 166 27 mentionnés,

1502 914 22 22 &
1536 914 58 28 qu’il
1615 914 63 22 étoit
1698 915 173 21 actuellement
1883 913 14 21 à
1910 912 64 22 celui

1503 947 30 22 dê
1545 948 22 21 la
1581 947 83 22 Costa.

1532 981 34 21 M.
1580 981 30 21 de
1623 980 140 22 Maillebois
1781 979 36 22 lui
1833 978 88 23 manda
1936 977 40 29 d’y

1503 1014 112 21 attendre
1634 1014 31 21 de
1685 1019 40 16 ses
1745 1013 127 21 nouvelles
1893 1011 22 22 &
1933 1011 43 21 des

1506 1047 93 25 vivres,
1620 1046 21 22 &
1658 1052 48 21 que
1719 1046 34 22 M.
1767 1046 30 21 de
1810 1045 109 28 Larnage
1935 1044 41 21 de-

1505 1080 53 21 voit
1570 1079 113 22 conférer
1695 1085 60 16 avec
1766 1079 33 22 lui
1813 1084 41 16 sur
1872 1079 36 20 les
1926 1083 52 16 me-

1506 1119 70 16 sures
1599 1112 59 28 qu’il
1684 1113 80 21 seroit
1789 1111 12 21 à
1828 1116 95 23 propos
1947 1110 30 21 de

1506 1146 105 27 prendre
1623 1151 64 22 pour
1697 1145 116 27 l’attaque
1830 1145 30 20 de
1876 1144 101 25 Zicavo,

1506 1179 61 21 dont
1578 1180 23 20 la
1614 1179 118 21 situation
1744 1177 64 22 étoit
1819 1177 49 22 très
1883 1178 96 20 avanta-

1506 1217 84 21 geuse,
1604 1211 31 22 où
1648 1211 17 21 il
1676 1217 18 22 y
1705 1210 70 22 avoit
1785 1215 90 16 encore
1886 1209 54 28 près
1948 1209 31 21 de

1507 1249 46 21 400
1564 1243 124 22 séditieux
1701 1249 57 15 sous
1770 1243 37 21 les
1821 1247 88 17 armes.

1535 1277 34 21 M.
1582 1277 31 21 de
1625 1276 109 28 Larnage
1746 1276 37 21 fut
1796 1275 185 22 effectivement

1507 1313 102 19 trouver
1630 1310 34 21 M.
1677 1310 31 21 de
1722 1309 117 26 Valence,
1861 1309 23 21 &
1900 1308 35 21 lui
1952 1307 28 22 fit

1507 1346 84 25 porter
1610 1344 45 21 des
1676 1343 95 22 vivres.
1792 1342 110 22 Pendant
1916 1342 65 21 deux

1507 1377 68 27 jours
1586 1376 156 22 d’intervalle
1754 1375 73 28 qu’on
1841 1376 82 21 donna
1934 1381 47 15 aux

1508 1411 114 24 rebelles,
1635 1415 63 16 ceux
1713 1410 31 21 de
1761 1408 172 23 Chamanache
1951 1408 30 21 de

1508 1443 73 22 Taslo
1589 1443 23 21 &
1621 1443 29 21 de
1660 1442 143 26 Gimicello,
1812 1443 41 26 qui
1862 1441 120 22 n’étoient

1508 1476 54 27 qu’à
1580 1478 86 25 quatre
1686 1476 68 21 mille
1773 1476 31 21 de
1824 1475 123 25 Guittera,
1959 1473 23 22 &

1509 1511 85 20 contre
1601 1509 108 27 lesquels
1718 1510 71 20 notre
1799 1507 108 22 Général
1914 1507 69 22 avoit

1510 1541 98 30 envoyé
1620 1543 43 20 des
1674 1541 176 22 détachemens
1859 1547 62 22 pour
1928 1541 54 21 brû-

1510 1576 37 21 ler
1564 1576 67 21 leurs
1650 1575 159 26 habitations,
1831 1575 101 21 vinrent
1953 1580 30 14 au

1511 1609 104 22 nombre
1634 1608 31 21 de
1685 1613 53 23 300,
1758 1607 117 28 précédés
1891 1608 30 21 de
1931 1608 53 20 leur

1512 1642 74 26 Curé,
1612 1641 135 22 demander
1769 1640 170 27 miséricorde,
1962 1640 22 21 &

1511 1677 117 21 remettre
1639 1676 55 21 leur
1705 1680 88 17 armes.

1541 1709 34 21 M.
1589 1709 31 21 de
1633 1708 109 27 Larnage
1762 1707 69 22 étant
1848 1713 92 16 revenu
1954 1707 31 21 de

1513 1741 114 23 conférer
1640 1747 63 16 avec
1721 1741 34 22 M.
1769 1741 30 21 de
1812 1740 117 27 Valence,
1950 1740 34 22 M.

1512 1776 32 21 de
1555 1775 144 22 Maillebois
1725 1774 82 22 donna
1832 1774 43 21 des
1901 1774 85 21 ordres

1513 1814 64 22 pour
1587 1810 111 25 attaquer
1706 1807 89 22 Zicavo
1803 1808 23 21 le
1835 1813 30 16 20
1874 1807 111 22 suivant.

1515 1841 199 27 L’arrangement
1722 1846 124 19 convenu,
1858 1840 71 22 M.de
1938 1839 50 22 Va-

1515 1875 69 21 lence
1607 1874 88 21 devoit
1715 1873 79 27 partir
1814 1873 29 21 de
1865 1873 75 22 Costa
1959 1879 28 15 ce

1513 1908 56 28 jour
1588 1907 32 26 là,
1641 1906 14 23 à
1675 1907 60 27 cinq
1753 1907 90 21 heures
1856 1907 32 21 du
1902 1907 85 25 matin,

1514 1942 105 21 laissant
1629 1940 221 22 continuellement
1861 1941 23 20 le
1897 1939 91 22 Talavo

1516 1974 13 22 à
1541 1980 26 16 sa
1579 1973 88 26 droite,
1683 1978 65 23 pour
1764 1972 135 28 s’emparer
1916 1973 30 21 de
1965 1974 24 21 la

1516 2008 104 21 hauteur
1630 2006 42 28 qui
1684 2006 124 22 dominoit
1820 2005 98 27 Zicavo,
1931 2012 59 21 pen-

1516 2041 59 22 dant
1586 2045 46 23 que
1652 2039 35 22 M.
1700 2040 31 20 de
1742 2039 110 28 Larnage
1868 2040 123 26 passeroit

1516 2074 24 22 &
1550 2073 135 23 monteroit
1704 2073 24 21 la
1746 2072 123 28 première
1888 2073 104 21 hauteur

1517 2108 32 21 de
1567 2107 100 25 Zicavo,
1691 2106 23 21 &
1737 2111 48 22 que
1809 2106 34 21 M.
1857 2106 31 21 de
1901 2106 89 21 Lussan

1518 2141 60 22 iroit
1588 2140 66 22 droit
1665 2145 30 16 en
1708 2141 82 22 avant,
1806 2138 22 22 &
1842 2140 151 26 attaqueroit

1507 2172 2 22 I
1518 2176 25 20 le
1554 2173 67 22 front
1631 2173 31 21 de
1673 2178 29 16 ce
1714 2172 101 28 village.
1837 2172 66 22 Pour
1915 2172 34 22 M.
1962 2172 31 21 de

1519 2207 151 24 Maillebois,
1684 2206 18 21 il
1713 2211 28 16 se
1752 2207 70 25 posta
1835 2211 42 16 sur
1894 2207 23 19 le
1934 2206 59 21 bord

1519 2241 33 22 du
1563 2241 101 24 Talavo,
1677 2245 61 16 avec
1748 2240 37 21 les
1797 2239 57 27 cinq
1865 2239 129 22 bataillons

1519 2275 24 21 &
1553 2275 37 21 les
1601 2274 133 26 drapeaux,
1755 2278 64 21 pour
1836 2273 112 21 soutenir
1958 2273 36 20 les

1521 2307 176 23 détachemens
1722 2305 41 27 qui
1790 2305 146 27 pourraient
1964 2311 30 16 en

1521 2341 72 22 avoir
1603 2339 99 23 besoin.
1723 2339 93 22 Toutes
1831 2345 41 15 ces
1890 2339 105 27 disposi-

1520 2375 69 23 tions
1600 2373 22 22 si
1633 2378 72 22 sages
1714 2372 23 21 &
1744 2372 21 21 si
1778 2372 57 21 bien
1848 2371 147 26 corcertées,

1522 2409 82 21 lurent
1615 2411 106 23 presque
1729 2405 103 22 inutiles
1842 2411 10 20 ;•
1860 2406 36 21 les
1905 2405 92 22 mutins

1522 2443 74 27 ayant
1606 2442 23 20 la
1641 2440 56 21 nuit
1708 2438 147 28 précédente
1873 2438 126 22 abandon-

1523 2474 31 23 né
1565 2476 81 21 toutes
1658 2473 68 21 leurs
1744 2472 112 22 maisons
1874 2472 60 21 dans
1951 2473 48 20 les-

1523 2509 95 27 quelles
1640 2512 32 16 on
1697 2512 32 16 ne
1752 2508 90 19 trouva
1866 2510 131 22 personne,

1524 2541 64 22 ainsi
1600 2546 47 21 que
1660 2541 61 20 dans
1734 2541 22 20 le
1770 2538 116 23 Couvent
1898 2539 42 21 des
1952 2538 45 22 Ré-

1524 2576 88 20 colets.
1627 2573 76 25 Tous,
1723 2572 98 21 Moines
1832 2572 23 21 &
1866 2571 132 26 Séculiers,

1524 2607 116 22 s’étoient
1651 2611 46 22 par
1708 2604 116 23 différens
1835 2605 115 27 pelotons
1962 2610 38 15 re-

1525 2639 61 23 tirés
1595 2645 44 16 sur
1649 2645 50 15 une
1710 2640 136 25 montagne
1860 2637 51 22 très
1927 2637 74 21 haute

1525 2673 23 22 &
1557 2673 51 22 très
1620 2672 117 25 étendue,
1753 2671 128 22 au-dessus
1893 2671 31 21 de
1934 2670 66 21 Zica-

1525 2712 43 21 vo,
1589 2705 112 28 appellée
1720 2706 23 20 la
1764 2703 132 23 Cosornio.
1918 2702 40 22 On
1971 2709 30 15 ne

1991 103 41 25 put
2042 99 56 22 voir
2117 98 91 28 qu’une
2228 99 89 24 troupe
2333 93 131 24 d’environ

1991 139 33 22 30,
2037 133 41 27 qui
2091 132 72 22 firent
2179 137 46 16 une
2238 129 124 28 décharge
2376 133 41 16 sur
2429 127 36 20 les

1991 168 117 29 premiers
2120 168 107 27 piquets,
2240 166 21 22 &
2275 172 42 15 sur
2328 166 23 20 le
2363 170 58 22 gros
2433 163 31 20 du

1991 201 171 23 détachement
2169 201 30 21 de
2209 200 33 22 M.
2253 200 30 20 de
2295 199 118 26 Valence,
2422 207 42 23 quj

1991 240 36 20 les
2046 239 123 22 suivirent
2188 245 57 15 sans
2266 240 68 25 perte
2353 238 114 27 jusqu’au

1992 274 210 20 commencement
2214 272 29 21 de
2255 272 22 20 la
2291 274 143 24 montagne,
2444 270 22 20 &

1992 315 30 14 en
2039 308 95 22 tuèrent
2145 308 64 27 cinq.
2225 307 49 22 Nos
2293 306 175 28 arquebusiers

1993 342 23 20 la
2029 342 74 20 veille
2122 347 28 15 en
2170 341 101 22 avoient
2283 339 140 28 enveloppé
2435 345 33 15 un

1994 376 181 27 détachement,
2188 377 12 21 à
2214 378 21 21 la
2247 378 50 21 tête
2311 377 31 22 du
2358 377 63 21 Pont
2438 376 30 21 de

1994 409 101 26 Talavo,
2105 410 22 21 &
2137 416 30 15 en
2176 411 101 21 avoient
2287 409 41 23 tué
2336 410 133 27 plusieurs,

1995 446 78 27 parmi
2095 447 107 26 lesquels
2222 446 63 23 étoit
2306 453 33 16 un
2355 447 29 21 de
2404 448 67 20 leurs

1996 479 147 27 principaux
2161 479 68 22 chefs
2240 486 6 16 :
2265 481 64 20 mais
2347 481 30 20 ils
2390 480 81 27 perdi-

1996 514 55 19 rent
2064 512 66 21 deux
2141 512 43 21 des
2195 513 75 25 leurs,
2289 513 23 21 &
2330 519 32 15 un
2376 513 95 21 Lieute-

1997 546 58 20 nant
2065 551 17 21 y
2095 545 35 21 fut
2141 544 88 26 blessé,
2243 546 34 21 M.
2289 546 31 20 de
2330 545 141 21 Maillebois

1997 580 138 22 déterminé
2146 580 13 22 à
2171 581 72 22 avoir
2253 582 24 21 le
2289 583 67 20 reste
2372 581 44 22 des
2433 587 39 15 re-

1998 615 84 25 belles,
2095 615 30 20 de
2138 615 104 27 quelque
2254 614 113 22 manière
2380 620 47 22 que
2444 620 28 15 ce

2000 651 42 25 fût,
2061 650 27 22 fit
2108 657 99 21 camper
2226 651 13 21 à
2258 652 94 21 Zicavo
2366 652 37 21 les
2414 652 60 26 cinq

2000 684 137 26 bataillons,
2149 685 37 21 les
2199 684 153 23 Grenadiers
2361 684 22 22 &
2392 687 82 19 autres

2005 719 168 22 létachemeus
2197 721 58 27 qu’il
2279 721 71 21 avoit
2375 720 99 22 amenés

2005 753 54 21 3ans
2070 753 23 21 le
2105 753 99 22 dessein
2216 754 31 21 de
2260 755 38 20 les
2313 754 161 27 poursuivre,

2005 788 17 21 &
2033 789 30 21 de
2075 790 37 20 les
2125 789 83 22 forcer
2218 790 61 21 dans
2290 791 56 20 leur
2360 790 114 21 dernière

2005 822 98 21 retraite
2114 828 5 20 ;
2133 823 106 27 quelque
2250 823 106 22 affreuse
2374 829 47 21 que
2439 822 37 22 fût

2005 856 59 20 :ette
2084 857 134 26 montagne
2242 856 30 21 de
2295 857 23 20 la
2340 855 135 23 Cosornio.

2005 890 60 22 Mais
2076 891 44 21 dès
2131 892 23 20 le
2166 892 139 21 lendemain
2319 893 30 20 de
2361 891 116 22 l’établis-

2005 926 92 19 sement
2117 925 44 21 des
2180 927 101 25 troupes
2302 925 13 21 à
2335 925 103 25 Zicavo,
2453 926 24 20 la

2005 960 94 27 plûpart
2110 961 30 20 de
2153 967 41 15 ces
2206 962 103 25 mutins,
2322 967 48 22 que
2382 962 23 21 la
2416 961 61 22 faim

2005 994 52 26 plus
2068 994 81 21 active
2161 993 22 22 &
2195 996 55 25 plus
2261 995 105 21 terrible
2376 1001 45 21 que
2432 1000 46 16 nos

2005 1029 149 22 Grenadiers
2171 1031 86 25 même,
2280 1031 72 22 avoit
2370 1030 54 28 déjà
2437 1037 42 21 ga-

2005 1062 58 28 gnés
2073 1069 41 15 sur
2126 1064 65 21 leurs
2203 1064 110 26 rochers,
2324 1064 155 28 envoyèrent

2005 1099 132 22 demander
2147 1100 74 27 grâce
2233 1105 44 22 par
2292 1105 33 16 un
2343 1100 84 21 Prêtre
2447 1100 31 20 de

2005 1133 22 20 la
2039 1132 83 26 Costa,
2135 1133 41 26 qui
2188 1135 117 19 retourna
2325 1134 37 20 les
2383 1138 98 16 assurer

2006 1168 30 21 de
2046 1169 21 20 la
2081 1167 125 22 clémence
2216 1169 32 21 du
2260 1169 49 21 Roi
2322 1175 6 16 :
2349 1175 29 15 en
2393 1168 86 22 consé-

2005 1206 105 21 quence,
2135 1201 17 21 il
2173 1207 30 15 en
2227 1202 57 21 vint
2304 1201 104 22 d’abord
2431 1208 49 15 une

2005 1233 123 21 trentaine
2139 1236 113 24 apporter
2264 1235 68 20 leurs
2352 1240 89 18 armes,
2455 1234 24 21 &

2006 1269 54 28 puis
2071 1270 215 21 successivement
2298 1269 13 22 à
2323 1271 22 20 la
2359 1271 64 21 suite
2437 1271 44 21 des

2007 1309 44 16 uns
2062 1303 22 21 &
2095 1303 38 21 les
2144 1306 90 22 autres,
2254 1304 31 21 ils
2304 1309 28 16 se
2344 1305 138 20 soumirent

2011 1346 101 22 presque
2133 1342 65 24 tous,
2217 1341 55 21 leur
2293 1340 93 22 Prévôt
2404 1340 13 22 à
2429 1342 54 21 leur

2011 1376 54 21 Lête.
2076 1374 41 22 On
2129 1374 28 22 fit
2169 1374 59 21 faire
2240 1374 13 21 à
2266 1375 99 21 celui-ci
2378 1375 104 21 amende

2011 1412 133 22 honorable
2165 1411 12 21 à
2201 1417 108 22 genoux,
2334 1412 93 21 devant
2446 1413 38 20 les

2011 1445 121 27 drapeaux
2144 1445 30 20 du
2186 1444 136 27 Régiment
2334 1445 31 21 de
2376 1444 67 22 l’Isle
2453 1446 31 20 de

2011 1478 89 22 France
2111 1484 5 19 ;
2137 1477 98 22 ensuite
2255 1478 18 20 il
2288 1477 38 22 fut
2338 1478 102 21 conduit
2451 1485 32 14 en

2011 1515 84 27 prison
2107 1513 13 22 à
2133 1514 111 27 Ajaccio,
2256 1513 23 22 &
2292 1513 32 26 là,
2346 1513 139 23 condamné

2011 1548 11 21 à
2031 1546 134 23 être’banni
2175 1547 30 21 de
2214 1546 74 27 l’Isle,
2295 1553 62 16 avec
2366 1548 118 27 quelques

2011 1586 80 20 autres
2103 1583 77 22 chefs.
2192 1583 30 21 Le
2235 1589 80 16 neveu
2329 1584 31 21 de
2371 1584 114 21 Théodo-

2011 1623 26 16 re
2048 1619 64 20 resta
2125 1618 52 20 seul
2190 1619 82 19 errant
2292 1617 61 21 dans
2373 1617 24 21 le
2415 1623 69 22 pays,

2011 1659 60 16 avec
2082 1659 28 16 22
2122 1658 31 17 ou
2166 1659 26 21 23
2202 1653 129 27 brigands,
2341 1652 73 28 qu’on
2424 1653 63 21 n’at-

2011 1690 68 24 trapa
2091 1687 61 21 dans
2162 1687 24 20 la
2199 1686 71 25 suite,
2291 1686 105 27 qu’avec
2414 1687 74 21 beau-

2012 1726 62 21 coup
2087 1720 31 20 de
2129 1719 82 28 peine,
2224 1719 14 21 à
2250 1725 75 15 cause
2340 1720 31 21 de
2385 1720 22 21 la
2425 1720 63 21 diffi-

2012 1755 63 23 culté
2088 1755 59 28 qu’il
2158 1761 17 23 y
2186 1755 68 22 avoit
2274 1755 31 22 de
2324 1755 102 28 joindre
2447 1762 42 15 ces

2013 1789 167 25 malheureux,
2203 1789 41 27 qui
2261 1789 91 27 jamais
2369 1788 121 23 n’étoient

2014 1824 142 26 assemblés,
2168 1824 71 28 &qui
2249 1831 27 15 se
2286 1825 133 22 reliraient
2427 1826 64 21 trois

2014 1859 13 21 à
2037 1859 71 25 trois,
2126 1860 86 25 quatre
2223 1857 14 22 à
2252 1860 94 25 quatre,
2369 1864 58 15 sous
2446 1859 44 21 des

2014 1892 100 22 rochers
2126 1892 121 21 inconnus
2264 1891 23 22 &
2308 1891 183 27 impraticables

2015 1928 13 22 à
2040 1930 54 20 tout
2104 1930 69 19 autre
2184 1927 99 27 qu’eux.
2304 1927 32 21 La
2348 1928 97 21 maison
2458 1929 32 20 du

2016 1960 92 23 Prévôt
2119 1961 31 21 de
2161 1960 97 26 Zicavo,
2269 1960 22 22 &
2304 1961 76 21 celles
2392 1961 30 21 de
2434 1967 57 21 qua-

2015 1998 38 19 tre
2062 1996 83 19 autres
2156 1994 150 27 principaux
2326 1994 68 22 chefs
2411 1994 83 22 furent

2016 2031 97 23 brûlées
2133 2031 23 21 <&
2175 2030 90 27 rasées,
2287 2037 65 21 pour
2371 2033 79 21 servir
2461 2033 31 21 de

2017 2065 114 27 punition
2143 2064 23 22 &
2177 2064 148 29 d’exemple,
2338 2067 63 22 ainsi
2414 2073 46 22 que
2470 2070 23 20 le

2018 2101 115 22 Couvent
2142 2101 43 21 des
2195 2100 125 28 Récolets,
2330 2103 42 27 qui
2382 2105 113 21 oubliant

2017 2135 37 22 les
2073 2135 102 21 devoirs
2195 2135 31 20 de
2247 2135 53 21 leur
2312 2135 59 27 état,
2394 2138 101 21 avoient

2019 2169 106 20 souvent
2136 2173 59 21 paru
2207 2167 13 22 à
2232 2168 22 21 la
2266 2169 51 21 tête
2329 2170 44 21 des
2391 2172 103 21 mutins.

2021 2203 31 22 Le
2064 2203 64 22 frère
2140 2204 97 25 Alacio,
2253 2205 24 20 le
2289 2205 56 27 plus
2357 2205 138 24 déterminé

2020 2237 30 22 de
2062 2242 41 17 ces
2116 2237 98 21 furieux
2226 2236 108 28 Moines,
2356 2238 36 23 fut
2410 2241 51 26 pris
2473 2240 22 22 &

2020 2270 103 22 conduit
2134 2269 13 22 à
2160 2270 84 26 Corle,
2260 2271 33 21 où
2313 2277 33 16 on
2366 2273 24 21 le
2401 2274 93 26 pendit.

2049 2306 33 22 M.
2096 2306 31 21 de
2140 2306 144 22 Maillebois
2295 2308 76 21 laissa
2383 2310 37 21 les
2432 2312 66 20 trou-

2022 2348 43 23 pes
2076 2342 114 28 campées
2203 2342 12 21 à
2227 2342 100 28 Zicavo,
2344 2351 48 16 aux
2412 2347 85 21 ordres

2023 2379 30 22 de
2066 2379 35 21 M.
2115 2379 30 21 de
2158 2378 108 28 Larnage
2276 2386 6 15 :
2298 2381 62 21 elles
2371 2387 18 22 3^
2400 2382 97 22 demeu-

2023 2415 83 22 rèrent
2123 2415 114 27 jusqu’au
2259 2422 28 17 10
2309 2417 120 27 Octobre,
2450 2424 48 22 que

2023 2454 54 19 tout
2086 2452 24 21 le
2122 2454 89 20 canton
2223 2453 37 22 fut
2272 2460 107 21 presque
2395 2455 102 29 nett03’é

2025 2488 31 21 de
2065 2488 114 26 rebelles,
2193 2488 23 22 &
2227 2489 88 22 devint
2326 2492 144 26 tranquille.

2191 2562 12 26 (
2206 2561 148 29 Cuntinua)

2026 2663 97 22 Aiaeciu
2132 2676 28 4 —
2172 2664 132 30 Slamparia
2318 2666 23 22 di
2357 2667 22 22 A
2391 2667 102 28 Muvra,

2028 2713 15 14 u
2060 2702 238 24 Direttore-Gerente:
2309 2705 70 22 Petru
2390 2705 109 24 ROCCA.

41 2844 104 23 Fuglittipu
152 2845 20 18 di
179 2846 20 16 A
205 2844 80 18 Muvra
294 2846 43 13 —fl.
345 2840 54 19 158—
406 2839 19 18 di
430 2835 81 21 u2-3-30

65 2907 245 55 PASQUALE
343 2899 145 53 PAOU

245 2983 66 19 OSSIA

87 3031 37 35 La
141 3029 81 38 Rotta
238 3028 32 37 di
284 3027 177 36 PûntenuôVô

48 3089 273 26 RACONTOCORSO
327 3081 188 29 DELSECOLO

236 3127 84 25 XVIII

271 3171 23 19 DI

141 3217 35 26 F.
190 3217 36 26 D.
242 3211 177 31 Guerrazzi

79 3282 30 21 Se
127 3282 47 22 mai
196 3282 189 26 t’ipterrogasse,
405 3274 34 29 gh
460 3270 62 23 dirai

56 3314 41 22 che
110 3316 17 22 il
141 3315 97 29 signore
250 3310 121 28 ARokello
390 3310 13 20 è
418 3304 104 25 ulficiale

54 3346 73 30 degno
152 3348 63 23 délia
237 3343 156 28 estimazione
419 3340 24 22 di
466 3337 57 29 ogni

56 3385 65 19 uomo
130 3382 107 24 dabbene
246 3387 6 20 ;
263 3376 114 32 aggiungi
389 3375 44 22 che
442 3372 24 22 lo
473 3371 50 22 fan-

56 3418 28 16 no
92 3415 75 29 degno
175 3415 25 23 di
208 3411 113 32 rîguardo
327 3405 197 30 ressereligliuo-

57 3445 22 23 io
91 3449 68 22 unieo
171 3449 80 22 adatto
263 3454 13 15 a
289 3448 138 20 soccorrere
443 3440 24 22 la
476 3444 49 17 ma-

58 3479 39 23 dré
117 3482 90 23 vedova
216 3489 6 20 ;
240 3477 104 33 parlagli
366 3475 64 23 délia
453 3478 72 23 sposa

58 3516 90 21 Bovella
165 3515 43 22 che
227 3513 76 23 laseia
321 3511 25 21 in
366 3514 57 17 casa
435 3513 14 15 e
460 3504 66 23 final-

61 3550 72 21 uiente
143 3555 47 15 non.
208 3548 34 28 gli
265 3541 157 28 nasconderai
434 3538 92 23 atnarlo

60 3577 20 23 io
91 3588 13 14 e
114 3581 109 23 stimarlo
242 3580 62 22 oltre
322 3576 58 29 ogni
397 3572 128 24 termine...

62 3610 45 25 Rhe
117 3615 40 22 bai
170 3615 44 22 che
226 3613 60 23 batti
299 3613 7 21 i
318 3609 82 31 piedi?

84 3648 53 22 -—Il
146 3648 82 22 dolore
240 3647 32 21 mi
281 3651 81 17 euoce.

86 3691 26 5 —
123 3680 53 23 Una
190 3681 80 21 buona
281 3678 85 23 sudata
384 3674 17 22 li
417 3671 109 30 guariià;

60 3716 13 14 e
82 3715 56 25 perô
150 3714 112 22 chiarirai
273 3712 17 22 il
302 3709 125 24 marcliese
438 3705 46 22 che
494 3703 34 21 ol-

61 3745 34 23 tre
107 3746 18 24 il
141 3747 101 27 cambio,
259 3746 18 22 il
287 3742 70 33 quale
381 3740 33 22 mi
431 3737 97 23 sembra

544 2835 115 30 iiiperiore
670 2841 14 15 a
703 2832 78 30 quello
806 2831 44 22 che
870 2829 21 22 si
915 2828 91 30 pralica

544 2868 200 25 jrdinariamenle,
770 2866 24 21 io
813 2865 34 29 gli
872 2862 135 30 professera

544 2908 87 23 sempre
638 2900 98 28 obbligo
744 2898 100 22 infinito.
855 2895 84 24 Ëccoti
946 2893 61 23 dieci

550 2935 50 29 uigi
611 2935 44 21 che
666 2934 18 21 ti
697 2933 144 21 basteranno
853 2936 13 15 e
878 2936 27 15 ce
914 2934 29 15 ne
954 2928 54 21 sarà

544 2969 19 23 H
576 2974 89 16 avanzo
679 2975 7 14 :
698 2967 133 21 rammenta
843 2963 43 22 che
898 2962 22 21 la
933 2961 76 29 patria

544 3005 9 20 b
566 3008 87 24 povera
665 3000 29 22 ed
707 2999 24 22 io
741 2998 40 29 più
793 2998 25 21 di
829 2997 39 22 lei.

568 3048 28 5 —
605 3035 86 28 Signor
701 3031 120 30 generale,
832 3027 114 31 risposeil
958 3028 53 28 gio-

544 3075 59 18 vane
614 3074 45 16 con
675 3071 58 18 voce
744 3064 111 25 alterata,
868 3063 24 21 io
904 3068 47 15 non
970 3066 41 17 vo-

544 3103 49 29 glio
607 3101 95 23 andare.

572 3148 28 5 —
610 3135 52 22 Non
674 3133 56 23 vuoi
740 3132 89 22 andare
837 3130 13 23 ?
858 3127 74 24 urlòil
944 3127 68 22 Paoli

545 3176 44 16 con
602 3169 47 22 taie
661 3174 31 15 un
704 3166 68 29 grido
783 3165 31 22 da
827 3164 50 22 lare
889 3161 125 23 arricciare

546 3205 7 21 i
566 3203 47 29 peli
623 3202 65 22 dalio
700 3201 123 28 spavento.

574 3248 29 5 —
611 3235 44 27 No,
668 3235 41 29 più
719 3232 93 23 stizzito
823 3231 44 22 che
880 3229 46 22 mai
942 3227 74 29 repli-

548 3276 58 17 cava
615 3269 15 22 il
642 3268 109 29 giovane.

576 3314 28 5 —
613 3302 41 25 Bè,
667 3297 135 29 Ambrogio
812 3296 36 22 !...

576 3348 28 6 —
616 3335 34 21 La
667 3331 101 31 guardia
791 3328 77 23 fedele
891 3331 127 23 comparve

548 3373 72 24 sopra
631 3365 23 22 la
667 3362 86 29 soglia.

613 3396 138 29 Ambrogio,
759 3394 131 22 eondueete
897 3391 25 21 in
930 3389 89 30 prigio-

550 3441 30 17 ne
590 3433 18 23 il
619 3432 83 28 signor
712 3426 110 25 Massesi.

617 3465 26 22 In
655 3461 110 31 prigione
776 3460 24 21 io
819 3460 13 20 ?
851 3457 26 22 Io
889 3456 44 22 che
943 3455 76 29 prima

551 3501 38 23 voi
605 3498 107 23 amavale
724 3494 148 21 unicamente
883 3490 13 20 ?

581 3544 28 6 _
616 3531 30 22 Vi
657 3527 62 25 amai
729 3525 77 23 fìnchè
816 3525 23 21 vi
851 3521 102 24 conobhi
964 3521 56 21 buo-

551 3574 40 19 no,
604 3572 80 16 ora....

579 3611 30 6 —
619 3598 47 21 Ora
675 3595 14 22 ?
893 3617 100 8 ...

580 3645 30 5 —
618 3631 52 22 Non
684 3628 23 23 vi
719 3632 52 16 amo
783 3624 41 29 più
835 3631 6 18 ;
860 3619 39 23 voi
912 3618 59 22 siete
986 3623 36 16 in-

552 3666 95 23 vidioso
656 3670 13 15 e
681 3659 86 31 peggio
787 3660 98 19 ancora,
898 3658 27 16 se
935 3649 87 31 peggio

552 3700 48 29 può
612 3696 73 25 darsi,
698 3693 38 23 voi
747 3690 103 23 esultate
860 3686 39 22 del
912 3684 61 22 male
983 3682 38 22 del

553 3730 128 33 prossimo.

1058 2837 30 4 —
1098 2824 89 28 Signor
1197 2821 122 29 generale,
1334 2826 47 16 non
1392 2819 31 22 mi
1441 2824 65 16 man-

1034 2858 54 22 date
1099 2857 24 22 in
1135 2856 116 28 prigione,
1265 2861 46 16 non
1322 2854 31 21 mi
1362 2851 145 23 discacciate

1034 2891 28 22 da
1074 2891 39 22 voi
1123 2898 7 19 ;
1144 2889 46 22 mia
1203 2888 80 22 madré
1292 2893 30 16 ne
1331 2884 134 24 morirehbe
1481 2884 25 21 di

1035 2924 83 22 dolore
1127 2931 7 19 ;
1147 2929 26 15 se
1185 2928 46 16 non
1241 2921 24 22 lo
1278 2921 48 22 fate
1337 2926 41 23 per
1390 2925 45 20 me,
1446 2917 61 22 fate-

1036 2958 22 21 lo
1070 2964 43 22 per
1124 2956 47 22 mio
1185 2954 80 30 padre.

1061 3002 30 5 —
1102 2989 62 22 Orsù
1177 2988 105 29 dunque,
1299 2986 87 30 parlite
1398 2991 5 20 ;
1417 2987 35 19 Ira
1476 2990 31 15 un

1037 3026 85 26 quarto
1133 3021 25 23 di
1169 3028 43 15 ora
1221 3020 114 23 a'cavalló
1346 3025 5 20 ;
1364 3025 13 15 e
1384 3024 98 22 procura
1484 3019 24 20 te

1039 3056 68 23 farmi
1127 3054 156 23 dimenticare
1306 3052 55 29 ogni
1382 3051 67 22 trista
1465 3050 45 22 im-

1039 3089 122 29 pressione
1174 3087 38 22 col
1225 3085 143 24 rieondurmi
1382 3084 16 22 il
1414 3085 95 28 signore

1039 3122 100 23 Alando.
1153 3120 72 22 D’ora
1235 3120 24 21 in
1272 3119 49 30 poi,
1330 3118 102 29 giovane
1440 3123 70 16 scon-

1040 3156 107 29 siglialo,
1160 3155 94 28 porrete
1267 3153 16 21 il
1295 3153 83 21 voslro
1395 3150 79 22 studio
1485 3149 24 22 in

1041 3189 114 25 emulare,
1177 3192 48 16 non
1247 3186 39 28 gia
1306 3184 28 23 ad
1347 3183 114 22 invidiare
1469 3182 40 22 chi

1042 3223 53 22 vale
1103 3225 85 25 troppo
1201 3219 89 28 meglio
1302 3218 24 22 di
1337 3216 48 22 voi.

1068 3256 90 21 Matleo
1169 3252 101 23 Massesi
1283 3249 109 30 figliuolo
1403 3249 37 21 de!
1452 3254 59 23 gran

1043 3287 144 23 cancelliere
1206 3285 25 22 fu
1244 3283 131 32 bel!is|iino
1394 3282 99 28 giovane
1504 3287 6 16 :

1044 3321 24 22 di
1079 3326 101 23 persona
1194 3320 65 20 lanto
1272 3317 58 21 héne
1343 3314 109 26 formato,
1468 3314 45 21 che

1045 3354 87 28 meglio
1141 3358 45 16 non
1196 3351 64 22 avria
1270 3349 82 29 potuto
1359 3347 155 29 tralteggiare

1045 3387 112 22 valoroso
1166 3386 97 24 pitlore;
1276 3384 13 20 é
1300 3380 63 22 nella
1379 3381 74 22 faecia
1467 3386 46 15 non

1045 3426 44 15 ave
1090 3426 30 15 va
1130 3420 69 27 parte
1213 3417 43 21 che
1271 3420 47 17 non
1333 3414 134 22 sembrasse
1482 3413 33 21 ri-

1046 3454 72 20 tratta
1129 3451 30 21 da
1172 3449 104 23 modello
1288 3452 82 23 greeo;
1385 3447 130 21 lenemente

1046 3484 127 29 squadrate
1184 3483 22 21 le
1217 3479 102 32 guancie
1329 3485 14 15 e
1352 3480 15 21 il
1378 3482 87 23 menlo,
1473 3478 43 22 do-

1046 3523 30 16 ve
1087 3524 13 14 a
1113 3517 114 21 cioccette
1238 3521 46 22 qua
1296 3519 14 14 e
1322 3511 22 22 la
1355 3513 20 21 si
1387 3512 129 22 arriceiava

1048 3550 23 21 la
1082 3549 57 22 rada
1150 3548 110 28 ealugine
1276 3545 60 22 dove
1354 3545 81 22 labbra
1449 3550 68 16 rosse

1047 3581 140 26 ranuncolo,
1199 3579 111 23 tumidee
1318 3583 26 15 se
1346 3578 46 22 mia
1394 3580 73 26 perle,
1470 3580 48 18 tra-

1047 3621 71 16 verso
1129 3615 24 21 le
1163 3613 75 29 quali,
1250 3618 42 22 per
1303 3612 50 19 cosi
1364 3611 60 26 dire,
1439 3610 79 28 splen-

1048 3648 60 21 deva
1118 3647 23 21 la
1153 3645 143 23 eandidezza
1308 3642 37 22 dei
1363 3643 72 26 deati,
1448 3650 14 14 e
1483 3642 33 28 gli

1048 3680 70 22 oeebi
1128 3677 94 30 limpidi
1233 3683 14 15 e
1258 3674 70 24 bruni
1339 3681 67 17 corne
1417 3677 65 20 notte
1493 3674 24 22 di

1049 3715 65 19 State
1124 3717 73 17 senza
1207 3710 57 22 luna
1275 3716 6 19 ;
1293 3708 10 22 i
1322 3708 102 30 eappelli
1442 3706 51 23 neri
1505 3713 13 14 e

1533 2816 69 23 lustri
1616 2816 28 21 da
1657 2814 142 30 digradarne
1823 2813 104 22 l’asfalto
1937 2820 6 19 ;
1958 2819 45 16 una

1533 2850 75 22 forma
1628 2849 82 22 divina
1733 2848 44 22 che
1795 2847 63 22 vista
1881 2853 90 22 appena
1986 2847 17 21 ti

1533 2882 191 30 padroneggiava
1743 2881 22 21 la
1786 2883 86 24 mente,
1894 2881 49 20 cosi
1960 2879 44 22 che

1534 2916 17 22 ti
1560 2916 111 22 sforzava
1683 2915 30 21 ad
1727 2913 89 23 amarla
1823 2920 5 19 ;
1842 2920 13 15 e
1866 2912 139 23 nondiman-

1533 2956 28 15 co
1573 2951 88 27 quanto
1671 2948 40 28 più
1720 2947 21 22 si
1749 2947 106 29 pigliava
1864 2952 87 17 usanza
1960 2952 45 15 con

1534 2982 42 27 lui,
1589 2984 65 20 tanlo
1671 2981 87 21 sentivi
1779 2986 108 16 scemare
1904 2979 102 22 l’affetto

1534 3015 44 22 che
1589 3015 18 21 li
1619 3020 72 16 aveva
1704 3013 65 23 vinto
1779 3013 29 21 da
1820 3014 84 28 prima,
1917 3019 46 15 non
1975 3012 30 22 ad

1535 3055 31 15 un
1579 3050 81 23 lratio,
1673 3053 40 20 no,
1727 3053 13 16 e
1751 3053 107 22 neppure
1873 3052 45 16 con
1938 3046 68 21 dimi-

1535 3082 98 21 nuzione
1645 3080 24 21 di
1689 3082 128 24 momento,
1838 3086 37 15 ma
1889 3085 13 15 a
1920 3085 61 22 poco
1992 3085 13 15 a

1536 3121 67 22 poco,
1617 3120 13 15 a
1654 3113 87 29 piccoli
1762 3112 135 23 frammenli
1910 3118 67 16 corne
1990 3112 16 21 il

1537 3151 78 25 tempo
1642 3145 167 29 nell’orologio
1832 3151 13 16 a
1868 3145 97 29 polvere
1986 3145 21 21 si

1536 3186 112 17 consuma
1661 3179 24 22 in
1696 3179 75 22 alomi
1782 3179 24 21 di
1817 3178 83 22 sabbia
1911 3185 6 19 ;
1929 3177 79 22 infatti

1537 3221 14 15 a
1560 3212 164 23 considerarlo
1746 3211 154 26 soltilmente,
1919 3211 22 21 la
1963 3217 45 16 sua

1538 3252 100 22 persona
1649 3245 113 22 incedeva
1774 3251 45 15 con
1831 3246 105 20 uncerlo
1944 3244 66 21 cion-

1538 3279 64 21 dolio
1611 3278 70 28 quasi
1694 3283 47 16 non
1752 3283 100 22 sapesse
1872 3276 137 28 imprimere

1539 3312 66 22 salda
1623 3316 65 16 orrna
1701 3310 38 22 sul
1752 3312 94 19 Lerreno
1854 3316 5 19 ;
1877 3315 86 16 ancora
1975 3309 33 29 gli

1540 3345 68 22 ocehi
1617 3350 56 22 pure
1681 3342 148 23 oscillavano
1838 3342 97 29 paurosi
1942 3342 69 22 difis-

1540 3377 61 23 sarsi
1624 3377 23 21 in
1658 3376 104 29 qualche
1781 3375 116 26 obbietto,
1909 3382 14 15 e
1932 3375 41 28 più
1985 3376 24 21 di

1541 3416 80 17 essere
1630 3409 56 22 lissa
1689 3409 17 22 ti
1718 3409 29 21 da
1756 3408 23 21 al
1782 3408 30 21 tri
1821 3408 68 22 ocehi
1898 3416 7 18 ;
1916 3408 22 22 le
1946 3409 63 21 mani

1542 3449 93 23 sempre
1650 3441 83 22 fredde
1752 3443 145 24 mellevano,
1916 3443 93 20 toccan-

1543 3476 62 25 dole,
1614 3475 106 21 ribrezzo
1729 3480 47 15 non
1787 3473 23 22 al
1815 3474 27 21 tri
1847 3477 77 18 mente
1935 3474 44 21 che
1986 3474 25 21 di

1544 3511 76 19 morlo
1630 3508 21 20 si
1664 3507 92 21 fossero
1768 3513 6 18 ;
1787 3506 23 21 la
1831 3506 77 22 Ironie
1931 3506 79 27 bassa,

1544 3541 21 22 la
1577 3546 57 17 voce
1646 3539 66 22 varia
1722 3545 7 20 ;
1742 3539 37 21 ciò
1791 3539 25 21 in
1827 3542 90 25 quanto
1928 3538 23 22 al
1960 3545 53 16 cor-

1544 3581 30 21 po
1584 3581 6 19 ;
1603 3580 42 22 per
1656 3572 24 21 lo
1696 3572 87 28 spirito
1793 3570 71 23 facile
1883 3572 30 21 ad
1932 3577 81 16 aniare

1544 3613 44 16 con
1599 3608 129 26 trasporlo,
1740 3611 12 15 e
1765 3604 70 22 facile
1843 3604 38 22 del
1893 3604 50 28 pari
1955 3611 15 15 a
1979 3605 34 21 di-

1544 3645 93 17 samare
1648 3644 68 16 corne
1734 3643 88 24 povero
1833 3637 25 21 di
1874 3637 114 22 alimento
1999 3644 14 15 a

1544 3671 120 24 nulrirela
1673 3671 81 22 divina
1763 3669 94 22 fìamma
1868 3669 64 22 dello
1949 3675 65 16 arao-

1545 3712 25 15 re
1579 3713 7 18 ;
1595 3711 39 15 ma
1645 3704 9 21 i
1673 3704 72 30 primi
1765 3702 115 30 trasporli
1892 3704 66 20 lanto
1973 3702 41 30 più

2030 2813 83 22 furiosi
2125 2817 88 25 quanto
2225 2822 69 16 meno
2307 2816 108 23 durevoli
2423 2825 7 20 ;
2440 2818 63 22 nella

2030 2846 88 22 invidia
2130 2848 127 27 pertinace,
2270 2849 90 28 perché
2373 2850 23 22 la
2405 2851 63 22 virlù
2479 2852 23 20 di

2030 2885 80 16 amore
2126 2880 36 22 sia
2181 2887 110 22 operosa,
2305 2886 93 19 mentre
2408 2884 24 21 la
2444 2884 60 22 invi-

2031 2911 37 22 dia
2078 2912 21 21 si
2111 2912 125 30 distrugga
2260 2915 77 22 inerte
2347 2924 7 18 ;
2367 2918 57 26 perô
2437 2923 67 16 corne

2031 2944 23 22 la
2065 2945 80 28 vipera
2154 2946 24 21 la
2188 2947 70 27 quale
2267 2949 132 22 stuzzicala
2408 2950 94 29 allunga

2031 2977 8 22 i
2051 2977 64 23 denli
2128 2986 12 14 e
2151 2980 124 27 avvelena,
2288 2981 23 22 la
2333 2982 88 23 invidia
2435 2984 22 21 in
2471 2985 33 21 lui

2031 3011 114 30 inasprita
2157 3013 126 23 diventava
2294 3016 57 21 odio
2372 3016 133 24 inimortale

2032 3051 13 15 e
2056 3045 149 24 inevitabile.
2222 3048 20 21 Il
2254 3049 116 27 generale
2394 3049 65 23 Paoli
2482 3051 23 21 in

2033 3082 66 25 parte
2110 3086 73 16 aveva
2195 3082 143 22 conosciuto
2354 3083 23 21 in
2391 3086 67 25 parle
2474 3085 34 20 in-

2033 3112 112 22 dovinato
2156 3113 97 22 l’animo
2264 3114 39 22 del
2317 3115 101 29 giovane
2428 3124 7 19 ;
2448 3123 59 22 pure

2033 3145 34 28 gli
2079 3152 74 16 aveva
2166 3147 134 27 diminuito,
2315 3155 47 15 non
2374 3152 58 24 perô
2444 3150 61 22 tolto

2034 3179 101 23 l’affetto
2143 3188 13 14 e
2168 3181 37 22 ciò
2216 3188 13 15 a
2243 3182 101 28 cagione
2356 3183 62 22 delle
2430 3185 78 28 quali-

2035 3215 21 20 té
2068 3213 78 22 buone
2157 3221 14 15 e
2183 3221 46 15 non
2239 3215 87 26 buone,
2337 3220 113 19 consuete
2459 3218 48 21 aile

2036 3246 55 22 forli
2100 3249 83 20 nature
2189 3255 7 18 ;
2210 3247 87 22 l'uomo
2310 3249 98 30 egregio
2419 3257 14 14 a
2446 3251 61 21 male

2035 3279 23 21 in
2070 3285 73 16 cuore
2150 3280 138 22 s'indueeva
2300 3288 15 15 a
2327 3287 118 23 supporre
2457 3284 53 21 fris-

2036 3314 24 19 10
2068 3312 80 27 allrui,
2159 3316 135 25 esupposto
2303 3315 80 27 trislo,
2392 3316 32 28 gli
2438 3316 72 23 lalen-

2036 3347 57 20 lava
2105 3345 108 22 crederlo
2225 3346 116 30 incapaee
2354 3348 62 22 delle
2428 3349 84 22 ultime

2036 3378 168 22 scelleratezze
2210 3387 7 18 ;
2226 3380 113 28 aggiungi
2349 3381 45 21 che
2402 3382 34 27 gli
2445 3382 65 22 dole-

2036 3417 29 15 va
2077 3411 141 22 confessare
2229 3412 24 21 di
2272 3414 90 21 essersi
2381 3414 133 29 ingannalo

2038 3443 74 22 molto
2125 3444 23 21 di
2161 3444 76 22 faecia
2256 3446 25 21 ai
2296 3447 55 21 suoi
2372 3446 139 30 famigliari,

2038 3476 73 21 molto
2124 3477 40 28 più
2180 3478 24 20 di
2222 3477 77 23 faecia
2314 3485 12 15 a
2336 3481 36 24 sè,
2386 3481 88 27 perché
2485 3488 26 14 se

2038 3509 16 21 11
2066 3515 30 15 ne
2107 3510 79 27 paliva
2200 3510 39 28 più
2252 3510 23 22 la
2287 3517 45 16 sua
2340 3513 121 28 superbia,
2473 3515 40 27 qui

2038 3541 32 29 gli
2083 3548 86 22 pareva
2180 3543 91 22 sinlirsi
2281 3551 112 22 spezzare
2404 3546 16 21 il
2430 3553 81 19 cuore.

2210 3633 10 25 (
2224 3632 148 28 Cuntinua)
