2640 3956
31 579 108 33 gjsposta
147 575 27 23 di
179 574 121 22 Minicale

60 617 22 23 A
92 614 11 22 i
114 609 57 24 Cari
180 607 86 23 Amici

40 706 51 21 Scntu
98 703 52 17 corre
156 701 39 14 una
202 696 94 22 timpesta.

39 733 52 20 Cume
99 731 24 13 un
131 727 47 15 neru
186 721 102 22 timpurale
295 725 5 17 ;

39 759 23 16 Ne
69 750 85 23 circonda
161 748 19 17 la
188 747 82 17 finestra

39 777 80 26 Dav’ellu
127 779 9 13 s
137 775 19 17 ta
163 771 94 19 Minicale.

40 810 40 18 Sara
87 801 65 24 questa
159 802 40 14 una
206 796 109 18 ’mbasciata

42 836 11 16 4
59 830 78 20 l’usanza
145 823 83 19 abituale
233 821 9 18 ?

39 889 22 19 iqi
67 885 70 21 chiaraa
144 879 65 20 Mattéi
217 879 63 21 Torre,

40 907 104 27 Cunsigüer’
152 906 19 17 di
178 905 20 18 la
206 903 85 19 Gustera.

41 940 19 20 pi
67 939 17 17 le
91 937 42 16 cose
141 937 11 12 6
192 930 39 18 bon
239 929 75 20 îatlore,

40 965 19 20 pi
66 956 88 28 sapienz’è
161 954 129 20 unaminiera.

39 991 14 19 U
60 983 91 25 ringraziu
158 982 24 17 da
189 981 86 19 luntanu,

40 1010 72 25 penduli
118 1009 19 18 la
145 1008 48 17 bona
198 1009 49 14 sera.

41 1072 27 19 G’è
74 1068 38 19 Mer
112 1065 14 18 G
128 1069 25 13 nu
160 1060 122 24 Appinzapali

41 1096 30 21 cbj
78 1092 26 20 mi
111 1090 72 19 cbiama
191 1088 24 17 da
228 1086 75 18 Marana
308 1090 5 17 ;

41 1122 46 22 Spira
94 1118 8 18 i
109 1114 51 20 sensi
166 1111 82 20 naturali

44 1146 85 20 411’acqua
137 1139 19 18 di
163 1139 20 17 la
191 1137 67 18 sulana
264 1141 5 17 ;

42 1174 17 19 Si
65 1174 23 15 ne
95 1167 28 19 stà
130 1165 21 18 in
158 1163 85 20 Furiani,

41 1200 44 19 Logu
93 1193 51 18 riccu
151 1194 10 14 e
168 1188 60 19 d’aria
236 1192 50 13 sana.

41 1255 44 20 5£’ha
92 1247 93 22 cbiamatu
193 1246 24 17 ad
224 1245 38 18 alla
268 1248 47 14 voce

43 1281 13 18 Ü
65 1276 41 24 Sgiò
114 1273 59 19 Paulu
181 1270 87 19 Graziani
274 1274 5 17 ;

41 1307 36 18 Cun
83 1299 69 26 parolïa
158 1296 51 19 assai
216 1296 65 18 veloce

41 1332 42 18 Face
89 1326 52 19 sente
148 1323 15 18 li
170 1321 77 19 luntani
252 1326 5 16 ;

41 1356 25 19 Un
72 1350 85 24 suggetlu
164 1346 98 24 superiore

41 1382 19 19 pi
66 1379 15 19 li
86 1376 32 24 più
125 1374 33 19 alti
166 1377 11 14 e
185 1372 84 23 suprani.

42 1439 53 19 Eocca
103 1434 10 18 è
121 1434 72 19 sempre
201 1434 12 14 a
219 1430 20 17 le
246 1429 67 21 difese,

42 1465 12 18 F
59 1462 26 19 frà
92 1458 45 19 tutti
145 1456 11 18 è
162 1460 29 14 un
199 1456 75 17 decoru.

31 1489 51 20 Tantu
86 1486 20 18 in
111 1487 53 15 corsu
169 1486 22 14 ca
197 1481 20 17 in
222 1481 90 20 francese,

41 1516 15 17 A
62 1509 116 24 so’pennaba
185 1507 61 23 punta
253 1505 60 18 d’oru.

41 1541 8 18 1
55 1539 24 18 so’
86 1535 42 20 fatti
136 1533 40 19 eus!
184 1532 59 23 degni

41 1565 65 19 Yalenn
112 1560 33 24 più
153 1559 46 18 d’un
206 1559 70 17 tesoru.

41 1623 13 18 U
61 1622 86 17 cuneorsu
152 1616 32 19 ebi
189 1615 27 19 s’è
224 1615 56 17 fatlu.

42 1649 18 18 In
66 1648 85 22 presenza
158 1642 46 17 d’un
211 1640 77 23 giuratu

41 1673 23 19 Ne
70 1672 19 17 fù
97 1668 109 25 ghiudicatu
214 1666 68 20 esattu,

41 1698 38 19 Taie
85 1694 69 20 cb’ellu
161 1692 27 19 s’è
195 1692 85 23 passatu.

33 1739 3 2 .
41 1724 25 18 Un
72 1722 17 18 ci
95 1721 23 23 pò
126 1723 41 15 esse
174 1718 92 22 prugettu

41 1749 19 19 Di
66 1746 67 24 megliu
140 1744 113 19 deliberatu.

42 1807 7 18 I
55 1807 26 16 tre
87 1803 31 19 chi
125 1802 47 18 îunu
181 1800 100 19 scuntente

42 1831 55 19 Usanu
104 1833 44 19 poca
155 1827 81 18 crianza.

42 1857 24 18 Un
73 1855 26 18 mi
106 1854 47 18 saria
160 1853 51 18 fattu
219 1851 60 21 sente,

41 1883 46 21 Dopu
93 1881 44 17 datu
144 1878 116 21 cunîidanza,

41 1908 60 18 Mancu
108 1905 64 19 ch’ella
179 1903 52 19 fussi
238 1906 54 19 persa

41 1933 21 19 Di
68 1937 28 14 me
102 1931 79 19 l’ultima
189 1933 96 19 speranza.

41 1993 26 19 Un
74 1992 75 23 Signore
153 1995 32 14 era
193 1989 87 24 présente
284 1993 5 13 :

42 2018 38 23 Sgiò
86 2017 78 21 Sabiani,
174 2016 98 22 deputatu,

43 2043 32 19 GM
80 2044 19 18 lu
106 2044 51 17 tuttu
162 2043 55 17 stava
225 2046 12 13 a
244 2041 61 17 sente.

42 2069 49 19 Gome
98 2074 14 14 u
119 2069 48 18 fattu
176 2072 33 14 era
219 2066 81 24 passatu,

41 2096 24 17 Ha
72 2095 72 23 gridatu
151 2094 23 18 ad
181 2094 39 18 alta
228 2096 45 14 voce
279 2096 5 13 :

41 2120 113 23 Impeceabile
161 2120 78 23 giuratu
246 2117 5 19 !

42 2178 26 18 C’è
75 2182 70 19 sempre
153 2177 77 23 qualchi
236 2180 78 19 persona

41 2203 31 19 CM
79 2204 17 18 si
103 2205 43 17 tene
153 2204 20 17 in
181 2204 55 22 parte
243 2205 70 15 ascosa.

25 2229 49 18 Tantu
81 2229 20 18 in
105 2234 54 18 prosa
163 2229 36 18 che
206 2228 22 18 in
235 2230 80 16 canzona

42 2255 50 18 Parla
100 2259 72 19 sempre
179 2259 13 13 a
199 2255 19 17 la
226 2254 77 18 ritrosa.

41 2280 61 19 Ch’elli
109 2280 109 23 rispondinu
226 2284 11 13 a
245 2283 35 17 me,

34 2305 53 22 Quelli
91 2307 79 18 ch’hanu
175 2310 13 14 a
193 2306 20 18 di
218 2304 87 24 qûalcosa
309 2302 5 18 !

42 2362 89 24 Saperanu
139 2365 33 18 che
181 2369 22 14 so
211 2364 65 22 Corsu,

42 2388 19 19 Di
69 2392 89 17 carattere
165 2391 87 18 onoratu.

42 2413 46 20 Sonu
95 2417 57 21 statu,
158 2415 92 19 nentr’au
255 2415 60 20 fossu,

42 2439 74 21 Suldatu
122 2442 109 18 mubilitatu
236 2446 6 17 ;

41 2464 12 19 E
59 2470 54 15 senza
120 2467 73 18 ritardu
200 2467 69 18 alcunu

41 2491 19 18 A’
67 2491 61 20 fronte
136 2493 28 17 fui
171 2493 98 18 mandata.

41 2547 21 19 Sô
69 2550 50 18 statu
127 2550 34 18 dui
167 2550 46 18 anni
221 2550 21 18 in
250 2552 68 20 guerra

41 2575 14 17 A
60 2574 19 19 la
85 2575 91 19 fruntiera
184 2576 21 18 di
211 2574 84 19 Francia.

42 2599 32 19 Per
81 2601 74 19 difende
162 2601 64 23 quelle
234 2602 51 16 terra

26 2622 16 19 Ci
47 2626 53 21 aghiu
109 2627 111 18 ’mbiancatu
228 2626 19 18 la
252 2624 65 22 faccia,

44 2649 12 19 E
64 2656 24 13 un
96 2652 27 18 mi
131 2653 21 18 sò
160 2652 60 18 tiralu
228 2652 20 17 in
256 2650 46 19 coda

26 2672 47 22 Came
78 2675 239 25 tal’eh’oghiemistraccia.

178 2715 117 20 Minicale.

449 579 31 24 A
492 579 122 32 Divota,
632 584 43 29 pè
687 591 21 16 u
727 583 139 27 Cambiu

360 660 24 18 Di
389 661 49 18 rima
445 667 48 17 pocu
502 664 81 19 fundatu

361 685 37 19 Per
405 689 117 20 pratendemi
530 691 65 21 puetu,

361 711 27 17 Da
395 712 19 17 la
422 714 69 17 natura
499 715 90 18 scurdatu

361 735 15 18 E
383 737 19 17 di
410 739 92 18 memoria
508 739 22 18 in
537 741 83 21 darretu,

361 761 106 20 Scusatemi
474 764 57 18 s’e’vi
539 765 75 18 chiamu

362 786 41 19 Cun
410 793 59 14 versu
474 794 48 17 pocu
527 791 102 21 cumpietu.

361 849 109 24 Oghie,nun
478 853 23 18 sò
509 853 101 21 cum’ell’è,

360 875 30 19 Un
398 878 153 22 estru,qui,m’ha
557 878 86 22 pigliatu.

361 900 21 22 E,
391 902 25 17 da
420 902 33 22 più
462 908 11 12 a
478 908 58 13 menu
543 903 30 21 bè,

361 927 26 18 Da
395 928 19 17 la
422 928 53 18 Musa
482 930 152 21 accumpagnatu.

360 952 70 23 Vogliu
439 954 151 21 parladilaffare

361 977 34 18 Chi
403 978 31 18 fra
442 979 33 18 noi
484 979 29 19 s’è
518 982 84 20 passatu.

361 1043 69 22 Quellu
438 1046 75 17 cambiu
521 1050 67 14 avemu
595 1046 51 18 fattu

361 1071 17 16 A
388 1070 19 18 la
415 1069 58 19 Santa
480 1071 20 17 di
507 1071 62 22 Nioiu,
578 1071 25 23 (1)

362 1095 37 21 (Un
406 1095 21 18 bi
433 1096 60 23 tengu
498 1096 53 18 nulla
558 1096 63 23 piattu

361 1120 15 18 E
384 1121 42 18 cusi
435 1121 27 17 mi
471 1126 25 13 ne
502 1122 87 21 cunsolu)

361 1146 31 18 Ma
399 1147 52 22 dopu
458 1147 131 23 lant’allegria,

361 1171 37 19 Per
405 1176 32 13 me
444 1172 58 18 fubbe
510 1173 53 17 tantu
572 1173 51 17 dota.

361 1234 81 22 Quandu
446 1235 41 18 rien
489 1235 41 20 Irai,
538 1240 11 13 a
557 1240 47 16 sera,

361 1260 17 17 A
386 1259 35 19 Ota
428 1260 21 18 lu
456 1261 35 17 me’
498 1265 61 18 paese,

360 1284 47 19 Ebbi
416 1286 66 17 contru
491 1291 12 12 a
510 1290 43 14 casa
559 1286 69 21 intera,

361 1310 15 18 E
383 1310 75 19 l’affare
466 1311 21 17 fù
496 1311 21 17 in
525 1311 92 17 francese.

360 1335 31 18 Un
399 1335 18 18 ci
423 1335 21 18 fù
450 1336 102 18 manc’unu
560 1336 42 17 solu

360 1361 37 18 Per
405 1360 59 24 piglià
471 1361 19 18 le
499 1361 36 18 me’
540 1360 66 19 difese.

360 1424 18 18 A
383 1424 37 18 me’
426 1424 71 23 moglia
503 1425 106 22 jastimava,

360 1449 87 19 Dicendu
456 1449 110 19 :«Chibellu
573 1448 69 24 pegnu!

360 1475 58 18 D’avè
426 1475 94 19 cambialu
528 1479 39 14 una
576 1474 57 19 Santa

361 1500 36 19 Per
405 1506 27 12 un
440 1501 97 22 pezzacciu
543 1500 18 18 di
569 1498 74 25 legnu!»

360 1526 39 18 Che
407 1526 54 23 perdi
468 1530 55 14 nome
528 1531 11 12 e
544 1526 61 18 casata

360 1549 21 21 Si
389 1557 11 13 a
407 1552 45 23 pipa
462 1556 27 14 un
496 1552 39 17 l’ha
543 1551 100 22 sciappata.

338 1615 49 18 M’ha
395 1620 65 14 messu
468 1615 44 18 ’nde
523 1614 119 23 I’addisperu,

360 1640 29 19 Un
397 1641 22 18 sô
427 1641 34 23 più
468 1644 55 14 cornu
530 1639 84 23 piglialla
620 1644 5 12 :

361 1668 28 16 «A
396 1666 64 19 Santa,
463 1666 41 22 jera
511 1670 34 18 per
552 1669 37 17 me,

359 1692 82 18 Unn’hai
447 1691 79 18 ch’andà
533 1695 12 13 a
552 1690 76 18 cirealla
636 1688 5 18 !

360 1717 14 18 E
383 1717 17 18 si
408 1718 24 17 tu
439 1722 41 13 nun
488 1717 20 18 la
515 1717 27 17 mi
549 1715 74 24 junghj,

338 1743 36 18 Per
383 1743 125 22 qualch’annu
514 1742 18 18 si
540 1746 23 14 ne
572 1740 71 24 parla!»

339 1805 133 23 Quand’om’ha
476 1805 21 18 la
504 1809 68 19 guerra
575 1804 20 18 in
600 1809 42 14 casa

359 1831 61 19 Unn’è
428 1831 42 18 cusi
478 1830 50 18 bella
533 1834 43 14 cosa

359 1857 60 18 Temu
427 1856 32 19 chi
463 1861 26 13 un
497 1856 20 18 di
525 1855 79 23 stijorni

359 1882 63 18 Ell’un
429 1881 88 19 m’accadi
525 1881 87 23 qûalcosa
618 1886 5 12 :

359 1905 17 21 À
384 1907 65 19 dillavi
457 1907 64 18 franca
528 1906 69 22 franca,

359 1928 15 23 È
382 1933 93 18 divintata
483 1932 65 23 jelosa.

359 1999 30 18 Un
396 1999 22 18 bi
425 1999 72 23 stupite
505 2003 34 18 per
547 2002 74 19 quessa,

359 2025 30 18 Un
396 2025 23 18 vi
426 2025 20 17 la
453 2024 73 18 mettite
535 2024 20 18 in
562 2028 50 14 core.

360 2050 22 18 Ci
388 2050 185 23 ’oleapigliassilain
580 2050 63 20 cantu,

361 2075 40 22 Chi,
412 2076 18 18 ci
439 2076 113 22 seràtempu
559 2080 13 13 a
579 2079 53 14 more
637 2074 6 18 !

359 2101 15 19 E
382 2101 124 22 canteraghiu
515 2101 91 18 cuntenlu

360 2126 52 20 Sin’a
420 2127 88 18 l’ultimu
517 2127 105 17 momentu.

692 666 14 18 E
716 667 18 18 si
741 668 133 19 voiscuntrate
882 668 63 19 l’Orsu

692 691 44 19 Ch’è
743 693 94 18 anch’ellu
842 694 20 17 di
870 694 38 18 ’sse
916 695 59 21 parte,

692 716 91 19 Ch’ell’un
791 719 19 17 la
819 718 17 18 si
843 719 48 22 pigli
898 724 12 13 a
918 720 48 18 male

692 741 56 19 Corne
755 743 86 18 affronta
849 749 11 12 a
865 744 19 18 la
892 744 27 18 so’
928 746 46 19 arte,

692 767 57 18 Diteli
757 768 32 18 chi
796 773 12 13 a
816 769 43 22 pipa
867 769 108 22 èinstacca,

693 792 70 19 Ch’ella
772 794 53 18 fuma
833 799 11 13 e
851 799 11 13 a
869 795 16 17 li
893 795 73 18 sbacca.

694 842 36 22 Qui
735 843 70 19 îiniscu
816 845 121 23 l’impruvisu

694 868 70 19 Perché
769 870 18 17 la
792 870 104 19 me’Musaè
904 872 72 21 stanca,

693 893 36 18 Voi
734 894 84 19 ch’avete
825 895 19 18 la
852 896 38 18 miô
899 895 57 19 Santa

671 917 14 18 E
691 923 26 13 un
723 919 38 17 bon
767 924 43 14 core
818 925 12 13 a
837 921 54 21 parte
898 925 66 14 manca
970 927 6 13 :

693 943 37 18 Per
740 945 85 22 me,ogni
830 946 62 21 tantu,
897 951 12 12 a
914 950 42 14 sera

693 968 21 18 Li
722 969 60 19 farete
791 975 38 13 una
838 971 99 22 preghera.

724 996 61 19 Leca
790 997 24 18 di
822 1002 16 14 u
849 998 105 19 Furcatu.

689 1038 19 18 (1)
714 1038 63 16 Cambiu
782 1040 16 14 di
803 1043 31 11 una
839 1040 36 18 pipa
882 1044 28 14 per
922 1044 10 11 a
938 1040 39 15 San-

671 1058 17 14 ta
696 1058 58 18 Divota,
762 1059 54 18 premii
826 1060 63 15 ottenuti
900 1064 10 11 a
918 1065 11 10 u
939 1061 38 15 Cun-

671 1081 45 11 corsu
724 1078 16 14 di
746 1082 10 11 a
761 1079 48 15 Sanca
814 1080 16 14 di
834 1080 50 15 Nio'.u.

695 1154 24 26 Pè
730 1154 14 26 Â
755 1155 67 26 Muvra
832 1156 123 27 Settimanale

806 1217 15 17 A
830 1223 14 12 u
853 1217 96 19 Direllore.

693 1251 59 23 Muse,
760 1253 66 19 darete
833 1259 91 14 succorsu

692 1277 21 17 A’
721 1278 38 18 miò
768 1279 68 18 debule
844 1280 76 21 favella,

670 1301 41 23 Chi,
717 1304 31 16 stà
755 1305 125 23 senzaleghie
887 1309 89 18 unpossu

692 1327 10 17 I
709 1332 55 14 verse
766 1329 21 17 tti
797 1330 21 17 di
826 1334 11 13 a
844 1330 104 21 Muvrella;

692 1352 14 18 E
713 1354 66 18 vurria
786 1354 76 24 ch’ogni
869 1355 75 18 simana

693 1377 41 19 Giri
741 1381 72 21 monte,
822 1380 60 24 borga
891 1385 11 14 e
913 1381 62 23 piana.

692 1431 69 24 Yogliu
769 1434 55 18 sente
829 1434 20 17 in
857 1434 25 18 sti
888 1433 88 19 cuntorni

691 1458 17 17 A
715 1458 27 17 so’
748 1462 48 14 voce
802 1458 62 19 fresea
870 1463 11 14 e
889 1463 52 14 sana,

691 1482 99 24 Micca.più
798 1484 40 22 ’gni
846 1485 45 17 dece
899 1484 51 22 jorni

691 1508 87 22 Ma,dieu,
787 1509 40 22 ’gni
834 1509 107 22 settimana,

669 1532 39 19 Che
714 1534 60 18 risoni
783 1539 12 13 u
801 1534 86 18 maschiu
896 1536 80 17 accentu

679 1558 24 18 Di
710 1564 14 13 u
733 1560 26 18 so’
768 1561 58 17 cantu
834 1565 11 13 a
851 1561 52 17 tuttu
907 1562 67 17 ventu.

691 1611 40 18 Poi.
739 1611 22 18 vi
767 1612 65 22 vogliu
840 1612 101 22 dumandà,

691 1636 112 19 Prufessore
811 1642 56 14 senza
874 1642 56 18 paru,

691 1661 24 19 Se
722 1662 27 18 mi
756 1662 67 19 vulete
829 1663 78 22 accettà,

691 1687 25 19 Pè
722 1692 14 14 u
744 1689 64 21 cantu,
817 1692 55 19 cyime
880 1688 83 21 scularu;

692 1712 45 22 Che,
742 1713 114 22 pur’Corsu,
864 1719 31 13 ma
902 1714 72 21 zitellu,

691 1738 22 18 Di
721 1743 13 13 u
743 1738 57 19 Cintu
808 1740 22 17 sô
837 1739 21 18 ta
872 1739 102 18 Muvrellu.

690 1790 70 19 Vurria
767 1791 56 18 cantà
828 1791 76 23 qualchi
912 1791 52 18 volta

690 1816 22 18 In
719 1816 81 22 vulgare
807 1816 66 23 puesia

690 1842 98 21 Anch’eiu,
797 1846 12 14 a
816 1846 47 14 voce
870 1842 76 18 rivolta.

690 1867 26 18 Pè
723 1867 19 17 la
749 1868 66 17 nostra
822 1867 118 21 Autonomia,

669 1891 77 19 Sott’au
751 1894 68 16 vostru
827 1892 146 24 insignamentu,

692 1917 77 22 Sempre
775 1918 25 22 pè
807 1923 15 12 u
833 1918 141 23 risorgimentu.

691 1967 20 18 Bi
720 1968 65 17 salutu
792 1967 22 18 in
822 1967 27 18 sti
856 1966 38 18 miô
903 1966 51 18 canti

691 1992 138 18 Finiseendune
835 1997 15 13 u
857 1990 96 20 cuncéttu.

693 2017 27 19 Cu
725 2018 111 18 altreltanta
842 2023 12 13 a
858 2018 47 18 tutti
910 2017 66 23 quanti

692 2043 39 18 Che
739 2047 51 17 amu,
800 2043 58 18 stimu
867 2047 11 13 e
886 2042 89 23 rispettu:

693 2068 97 23 Campioni
798 2068 131 18 d’Âutonomia

692 2094 14 18 E
713 2093 109 23 Cumpagni
829 2094 22 18 in
858 2093 73 22 puesia.

703 2124 115 20 Muvrellu
822 2124 24 18 di
854 2129 16 13 u
878 2124 75 20 Ciutu.

570 2249 175 23 PARTANZA

412 2714 30 4 —
453 2700 73 23 Semu
541 2700 114 26 cuntenti,
670 2705 15 17 o
700 2702 37 20 tra
749 2700 24 21 la
786 2699 95 22 leru!...

1041 186 146 58 Impicei
1212 200 21 32 e
1262 183 157 59 ’mbrogîî

997 296 195 21 Lottad’Idee

1024 333 103 20 Durente
1134 334 95 19 l’ultima
1244 339 123 18 campagna
1380 333 89 20 elletto-

1000 360 54 24 rale,
1063 367 84 14 avemu
1162 362 58 19 lettu
1235 365 70 16 nantu
1321 367 31 13 un
1365 361 104 24 giurnale

999 388 103 23 ajaccinu
1111 393 35 16 sta
1155 389 218 20 raccumandazione
1379 394 6 13 :

1022 434 9 10 «
1038 429 25 17 Le
1071 429 43 18 seul
1122 430 88 18 candidat
1216 431 27 16 du
1251 429 74 19 P.R.D.
1334 434 37 13 aux
1379 429 90 18 élections

1001 453 24 17 du
1034 453 75 19 Conseil
1118 455 76 21 général
1202 455 47 18 dans
1264 455 19 17 le
1296 455 68 17 canton
1377 455 23 17 de
1412 454 57 17 Boco-

1000 482 61 17 gnano
1069 480 30 16 est
1107 480 25 16 M.
1141 479 58 18 César
1207 478 131 22 CAMPINCHI,
1348 479 71 18 Avocat
1427 478 11 18 à
1449 478 21 17 la

1001 502 49 18 Cour
1057 504 79 21 d’Appel
1149 505 25 17 de
1187 504 61 21 Paris,
1262 505 68 17 autour
1343 504 69 22 duquel
1425 504 44 16 tous

1001 527 28 18 les
1037 528 70 18 VRAIS
1115 528 146 19 LANDRYSTES
1270 528 78 18 doivent
1355 533 20 13 se
1388 531 82 20 grouper

1001 552 100 19 dimanche
1108 554 98 21 prochain,
1214 560 9 10 »

1027 591 58 20 Eccu
1095 599 12 12 a
1116 599 71 18 prova
1196 593 274 24 chi,inCorsica,sicum-

1002 619 61 21 batte
1070 626 41 18 per
1118 621 77 23 l’Idee,
1203 621 125 21 nienteche
1336 627 40 18 per
1383 620 86 20 l'Idee..

1001 676 133 21 Francia
1141 681 17 16 e
1166 677 92 20 Italia

1025 712 41 18 «Le
1077 712 12 19 3
1103 713 99 18 décembre
1217 712 51 22 1894,
1284 713 29 18 les
1321 713 44 21 cinq
1378 711 92 23 premiers

1002 738 88 21 tronçons
1095 739 27 17 du
1129 736 342 24 chemindefer,comprenantautotal

1001 761 34 19 297
1041 763 187 21 kilomètres,étaient
1231 764 78 17 ouverts
1314 763 12 17 à
1329 761 141 23 l’exploitation.

1023 791 70 22 Depuis
1110 791 46 21 lors,
1171 795 82 18 presque
1266 795 27 13 un
1307 791 56 22 quart
1377 790 24 18 de
1414 788 58 19 siècle

1002 816 46 17 s’est
1055 816 93 21 écoulé,et
1156 815 247 23 cependant,l’achèvement
1409 815 25 16 du
1442 813 31 18 ré-

1003 844 45 14 seau
1056 845 55 14 corse
1119 846 24 13 en
1151 842 31 17 est
1189 845 69 14 encore
1265 841 12 17 à
1284 840 52 18 l’état
1344 840 23 17 de
1374 843 52 14 voeu.
1434 838 38 18 Des

1002 866 89 22 pataches
1098 871 26 13 ou
1136 867 34 17 des
1183 866 84 18 services
1279 864 124 19 automobiles
1413 864 60 17 inter-

1003 890 86 19 mittents
1097 891 105 18 sillonnent
1213 895 73 14 comme
1298 895 34 17 par
1344 890 20 17 le
1375 889 55 22 passé
1442 888 30 18 les

1003 917 50 17 deux
1060 917 48 18 tiers
1115 917 26 17 du
1148 916 97 18 territoire
1250 916 25 17 de
1281 916 49 21 l’île;
1336 914 77 18 Sarlène
1419 914 30 17 est
1452 913 21 17 la

1003 942 52 18 seule
1062 941 161 23 sous-préfecture
1231 941 24 17 de
1268 940 70 18 France
1351 939 33 22 qui
1397 943 24 14 ne
1434 937 39 19 soit

1003 972 33 17 pas
1044 967 98 18 désservie
1148 971 35 17 par
1189 971 28 12 un
1224 965 77 19 chemin
1309 966 23 17 de
1339 965 36 17 fer.
1383 964 26 18 Le
1415 967 57 18 voya-

1003 997 48 18 geur
1057 997 22 13 se
1087 992 80 18 rendant
1174 992 12 16 à
1194 991 78 18 Sarlène
1281 990 40 18 doit
1328 989 118 18 abandonner
1453 987 20 18 le

1004 1018 48 17 train
1060 1017 11 18 à
1079 1017 123 18 Ghisonaecia
1212 1017 19 17 et
1239 1020 21 13 se
1268 1015 85 22 résigner
1361 1015 11 16 à
1384 1014 88 20 achever,

1003 1042 116 21 cahin-caha,
1125 1047 24 12 au
1157 1042 44 22 prix
1209 1041 33 18 des
1246 1040 45 22 plus
1299 1039 80 23 grandes
1383 1038 89 22 fatigues,

1003 1068 20 18 et
1030 1072 47 14 avec
1085 1068 33 17 des
1126 1067 58 17 relais
1192 1066 112 20 nombreux,
1314 1069 21 13 ce
1344 1067 87 18 parcours
1439 1062 34 22 qui

1002 1093 112 22 n’exigerait
1119 1096 37 18 que
1163 1092 92 22 quelques
1259 1090 70 18 heures
1336 1090 24 17 de
1368 1088 73 18 chemin
1449 1088 25 17 de

1002 1118 36 21 fer,
1047 1118 61 18 même
1117 1122 24 13 en
1148 1122 23 13 se
1184 1116 111 18 contentant
1306 1115 24 18 de
1342 1115 20 16 la
1370 1120 10 9 «
1386 1113 70 18 vitesse
1462 1118 9 10 »

1002 1144 24 17 de
1031 1142 23 18 20
1062 1143 110 18 kilomètres
1180 1145 37 19 que
1224 1140 102 22 dépassent
1338 1139 94 18 rarement
1443 1138 30 17 les

1002 1168 59 18 trains
1069 1172 72 14 corses.
1147 1167 26 18 Le
1178 1169 118 20 programme
1303 1164 100 22 Freycinet
1409 1167 11 13 a
1427 1167 47 16 reçu

1002 1198 34 13 son
1044 1192 100 19 éxécution
1151 1192 77 22 partout
1236 1195 24 13 en
1267 1190 77 21 France,
1360 1187 77 23 excepté
1449 1191 25 14 en

1002 1218 86 18 Corse.Et
1095 1217 76 18 tandis
1177 1220 44 19 que
1229 1215 25 18 la
1259 1214 69 19 Corse
1336 1212 77 19 attend
1418 1213 23 17 et
1447 1216 26 14 se

1002 1243 105 21 lamente,
1111 1241 103 23 inquiète
1222 1241 29 17 de
1257 1244 42 14 son
1307 1238 79 18 avenir
1391 1237 83 19 écono-

1002 1267 130 24 mique,l’île
1137 1266 111 19 italienne
1253 1264 95 21 voisine,
1354 1263 25 18 la
1383 1262 91 19 Sardai-

1002 1295 56 18 dont
1062 1297 30 15 ne
1096 1294 25 17 la
1127 1291 108 23 séparent
1240 1293 44 20 que
1290 1289 39 17 dis
1333 1287 140 21 kilomètres,

1001 1320 50 18 voit
1067 1322 26 14 se
1106 1316 128 23 multiplier
1249 1318 38 14 ses
1301 1314 65 17 voies
1381 1311 93 21 ferrées,

1002 1343 157 23 stratégiques,
1169 1338 156 21 industrielles
1332 1338 25 18 et
1364 1341 110 15 commer-

1002 1369 79 19 ciales.
1086 1375 9 11 »

1025 1426 28 5 —
1060 1416 33 20 Da
1102 1415 61 20 duve
1171 1415 26 19 sò
1206 1415 95 18 estratte
1309 1414 35 17 ste
1357 1410 65 25 righe
1435 1409 38 21 chi

1003 1445 127 20 chioccanu
1143 1448 66 14 cume
1223 1441 96 20 frustate
1332 1442 70 17 nantu
1416 1444 14 14 a
1443 1438 31 20 zi-

1003 1479 54 19 pera
1065 1472 25 20 di
1098 1469 139 23 Marianna?

1025 1515 27 5 —
1060 1503 34 20 Da
1104 1508 11 11 «
1121 1502 20 20 A
1149 1501 79 20 Muvra
1235 1505 21 18 »,
1265 1505 42 19 per
1314 1497 107 21 diancine
1427 1497 6 20 !

1025 1544 28 4 —
1059 1533 82 21 Mancu
1151 1535 89 21 stampa
1249 1531 6 20 !
1264 1530 28 20 da
1300 1536 15 13 u
1325 1535 10 11 «
1342 1529 61 20 Petit
1415 1528 59 20 Mar-

1001 1562 112 23 seillais»,
1122 1566 96 15 numeru
1228 1559 24 20 di
1264 1565 16 13 u
1288 1557 101 21 31-10-28.
1399 1556 74 25 Quale

1002 1590 44 21 mai
1054 1589 87 21 l’avissi
1149 1587 81 21 detta?

1024 1632 28 4 —
1059 1620 18 21 E
1086 1620 60 25 quai’
1155 1621 14 19 è
1177 1619 35 20 chi
1221 1617 49 22 l’ha
1279 1615 148 26 impennate?

1025 1662 27 5 —
1060 1652 19 20 ü
1087 1655 77 17 stessu
1173 1650 15 9 “
1194 1648 152 27 giurnalista”
1354 1647 37 21 chi
1398 1646 75 22 scrive

1001 1682 23 20 in
1039 1680 59 20 aitrô
1114 1679 37 20 chi
1166 1679 40 20 noi
1222 1677 104 26 parlemu
1343 1682 89 19 sempre
1448 1675 25 20 di

1001 1708 78 22 l’Italia
1088 1714 13 14 e
1109 1708 24 19 di
1140 1714 14 13 a
1162 1706 125 24 Sardegna.

999 1768 189 24 Monumenti

1024 1806 215 25 L’inaugurazione,
1249 1805 25 20 in
1283 1810 73 15 onore
1364 1804 23 20 di
1396 1804 78 20 l’aero-

1002 1839 70 17 nauta
1089 1834 111 26 Capazza,
1216 1834 23 19 di
1256 1840 14 13 u
1286 1835 149 18 monumentu
1448 1831 25 21 di

1001 1864 45 21 San
1056 1863 77 21 Bastia
1137 1869 31 13 nu
1179 1862 13 20 è
1201 1865 59 17 stata
1274 1861 141 23 i’occasione,
1430 1861 44 19 cir-

1000 1896 50 16 cata
1059 1898 13 14 e
1081 1891 126 25 priparata,
1216 1890 24 19 di
1249 1895 47 14 una
1309 1888 165 21 manifestazio-

1001 1927 29 13 ne
1037 1919 102 21 d’isteria
1147 1918 176 26 bi-patriottica.

1026 1951 34 21 Ha
1069 1951 85 20 déttuu
1164 1949 54 26 Sgiô
1224 1948 130 22 Présidente
1360 1949 21 19 di
1394 1955 13 13 u
1418 1954 57 15 cun-

1002 1980 67 24 sigliu
1087 1978 109 25 generale
1204 1977 43 20 chi-
1254 1983 12 13 a
1281 1980 126 16 traversata
1421 1977 22 19 di
1457 1983 16 13 u

1002 2007 171 21 Mediterraneu
1181 2005 29 21 da
1218 2012 15 13 u
1243 2005 91 24 palîone
1342 2012 11 12 «
1360 2004 95 21 Cabizos
1462 2012 10 10 »

1002 2036 50 20 avia
1060 2038 103 17 marcatu
1171 2040 32 14 un
1211 2039 63 14 novu
1283 2036 71 17 trattu
1367 2033 107 20 d’unione

1002 2067 35 17 tra
1042 2069 13 14 a
1061 2063 120 20 Pruvenza
1187 2068 13 13 e
1209 2068 13 13 a
1233 2060 110 21 Corsica..
1349 2061 112 21 Ghimelîa
1466 2061 7 20 !

1005 2092 90 20 Comme
1103 2090 56 20 c’est
1166 2090 46 20 tiré
1213 2092 49 22 par
1268 2089 34 20 les
1309 2089 114 20 cheveux!

1027 2123 20 20 A
1060 2125 55 17 nota
1130 2121 88 21 comica
1233 2121 14 19 è
1261 2124 59 16 stata
1334 2120 51 20 data
1400 2120 27 20 da
1441 2127 32 14 un

1004 2155 11 12 «
1021 2152 69 23 puetà
1096 2158 11 11 »
1117 2149 44 25 chi,
1171 2155 69 15 senza
1249 2154 51 15 esse
1307 2152 61 17 statu
1377 2148 97 21 iuvitatu

1004 2179 28 20 da
1040 2179 73 23 nima,
1123 2178 13 20 è
1143 2178 87 20 culîatu
1245 2181 93 21 apposta
1347 2184 41 18 per
1399 2177 75 25 leghie

1003 2214 32 14 un
1043 2205 150 22 scartafacciu
1207 2205 125 21 induv’ellu
1347 2205 57 20 facia
1416 2205 58 21 rimà

1004 2241 64 14 razza
1077 2241 28 14 cu
1115 2233 111 26 Capazza.

1028 2266 43 20 Chi
1080 2270 24 16 tu
1112 2265 73 21 lecchi
1193 2271 46 14 una
1247 2265 125 21 martellata
1379 2265 7 20 !

1003 2329 29 20 XJ
1041 2328 15 10 “
1063 2327 148 21 INTumicLia
1216 2327 14 10 ”

1028 2364 41 22 Stu
1087 2365 105 23 battellu,
1210 2364 94 21 vecchiu
1311 2364 163 25 impufecchiu,

1003 2394 31 20 s’è
1042 2392 119 21 affundatu
1170 2399 14 13 u
1192 2392 24 21 3i
1227 2392 92 21 ottobre
1332 2393 24 20 in
1370 2393 24 20 lu
1406 2397 68 21 portu

1004 2422 22 19 di
1035 2421 132 25 Marseglia,
1175 2426 70 15 senza
1254 2427 80 14 mancu
1343 2421 36 20 di:
1388 2420 88 21 franca-

1003 2449 47 20 tevi
1058 2448 6 20 !

1029 2480 45 20 Per
1098 2480 80 25 spiegà
1198 2479 209 25 st’affundamentu,
1424 2480 52 20 l’ar-

1005 2508 81 20 matori
1095 2514 13 14 e
1115 2508 8 19 i
1131 2508 140 25 persunaggi
1284 2506 91 22 ufficiali
1392 2514 60 14 vanu
1460 2514 14 14 a

1005 2536 60 20 circà
1074 2536 8 19 i
1095 2539 92 22 quattru
1201 2536 53 24 pedi
1262 2542 13 13 a
1284 2542 14 14 u
1307 2539 116 17 muntone.

1029 2567 154 20 Ammintemu
1201 2566 191 25 simpliciamente
1398 2566 77 25 oghie,

1005 2594 45 24 chi,
1058 2594 41 20 dui
1108 2594 56 20 anni
1171 2593 32 24 fà,
1214 2594 37 20 «A
1259 2593 79 21 Muvra
1346 2600 12 12 »
1366 2595 49 19 avia
1424 2600 52 19 par-

1005 2623 48 19 latu
1060 2622 25 20 di
1093 2629 15 13 u
1117 2622 105 24 periculu
1236 2621 84 21 ch'ellu
1336 2621 58 21 facia
1409 2628 67 14 corre

1006 2657 15 13 u
1027 2650 103 25 pessimu
1139 2653 62 17 statu
1210 2650 23 20 di
1242 2653 38 17 stu
1288 2656 86 19 vapore
1388 2650 87 25 fraçigu

1006 2678 165 20 escundisatu.

1031 2708 126 25 Saperemu
1164 2707 88 22 indettà
1260 2708 8 20 i
1277 2708 160 25 rispunsevuli.

1542 180 39 35 Le
1597 178 109 37 Procès
1725 177 40 37 du
1786 175 131 46 Complot

1492 235 198 37 Autonomiste
1697 232 204 38 Aîsacienier
1902 231 65 35 raio

1682 286 96 27 (Suite)

1516 360 25 17 Le
1551 359 134 18 Commissaire
1694 359 66 22 Bauer,
1766 361 47 17 veut
1818 359 98 18 continuer
1920 363 46 13 avec

1494 389 31 13 ses
1530 385 95 19 citations.

1515 410 32 18 Me
1562 411 38 17 Ber
1600 411 54 18 thon:
1670 411 26 18 M.
1704 411 18 18 le
1730 410 107 22 Président,
1844 409 82 18 veuillez
1938 413 29 13 or-

1495 435 72 18 donner
1576 436 18 18 la
1599 437 74 17 lecture
1678 437 34 17 des
1717 435 78 18 articles
1803 440 25 13 en
1835 434 69 18 entier.

1515 460 27 18 M.
1552 460 61 19 Bauer
1621 466 21 13 se
1649 461 44 18 voit
1700 460 62 23 obligé
1770 460 86 18 d’ouvrir
1863 460 12 17 à
1879 464 87 13 nouveau

1494 489 35 13 son
1546 486 74 18 dossier
1627 487 20 17 et
1659 487 25 17 de
1699 485 37 18 lire
1754 485 29 18 les
1797 484 89 18 numéros
1909 485 24 16 de
1947 484 19 18 la

1494 516 9 10 «
1508 510 134 18 Volksstimme
1649 517 10 10 »
1669 510 46 23 qu’il
1722 510 66 18 venait
1795 511 24 17 de
1823 510 54 18 citer.

1517 534 27 19 On
1549 535 24 18 lit
1578 536 29 17 les
1613 536 77 18 articles
1699 536 23 17 de
1729 535 96 22 journaux
1833 535 62 22 que.le
1903 535 64 22 public

1495 565 12 12 a
1511 560 21 17 lu
1537 560 75 18 l’année
1620 560 89 18 dernière
1714 561 18 17 et
1741 560 33 22 qui
1790 561 53 16 n’ont
1855 560 67 22 jamais
1936 560 30 18 été

1495 585 110 21 poursuivis
1613 590 34 17 par
1654 586 21 16 la
1688 585 26 18 loi
1728 585 24 18 de
1768 585 20 17 la
1803 589 72 18 presse.
1891 585 76 22 Chaque

1495 609 66 19 article
1569 610 53 17 étant
1628 610 48 17 écrit
1684 615 24 13 en
1712 610 93 17 allemand
1814 611 19 16 et
1840 610 71 18 devant
1926 609 41 18 être

1495 634 73 18 traduit
1575 639 25 13 en
1607 634 90 22 français,
1705 639 21 13 ce
1733 634 70 18 travail
1808 635 59 22 prend
1872 639 27 13 un
1906 635 60 22 temps

1495 660 136 18 considérable.
1640 659 27 18 La
1675 660 55 18 scène
1736 660 24 17 de
1765 660 55 18 lundi
1825 660 113 22 après-midi
1946 664 21 14 se

1496 684 104 22 reproduit.
1615 685 17 17 Il
1647 686 50 17 n’est
1710 685 53 18 nulle
1782 687 43 20 part
1849 686 87 22 question
1943 685 24 17 de

1496 709 129 22 séparatisme.
1634 710 29 18 On
1671 715 13 17 y
1691 710 41 18 voit
1739 711 24 17 de
1767 711 81 23 longues
1856 710 111 18 tractations

1496 738 34 14 sur
1536 734 94 19 l’activité
1637 735 34 18 des
1683 735 122 22 journalistes
1822 740 23 13 en
1861 736 66 18 Alsace
1942 740 24 13 au

1496 759 47 18 XVI-
1552 759 64 19 siècle-
1625 760 50 18 Tout
1685 760 20 17 le
1721 760 68 18 monde
1805 765 22 13 se
1841 761 126 18 désintéresse

1496 784 24 17 de
1528 788 33 14 ces
1568 785 90 17 lectures.

1519 808 35 18 Les
1570 810 77 18 accusés
1663 810 59 17 lisent
1734 810 53 19 leurs
1802 810 100 22 journaux.
1916 811 18 18 A
1948 811 19 17 la

1496 834 53 17 table
1563 834 35 18 des
1613 834 130 22 journalistes,
1761 836 47 18 c’est
1828 836 19 18 le
1860 836 67 22 départ
1943 840 24 14 en

1496 863 70 13 masse.

1519 883 27 18 Mc
1553 883 55 19 Peler
1613 890 7 12 :
1637 885 99 18 Plusieurs
1753 887 25 17 de
1794 890 31 14 ces
1841 886 76 19 articles
1934 887 34 17 ont

1497 908 30 18 été
1535 908 58 18 écrits
1600 914 34 18 par
1641 910 19 17 la
1668 910 59 22 police
1735 912 20 16 et
1762 916 35 18 par
1812 911 71 22 l’agent
1897 915 72 19 provo-

1497 934 66 16 cateur
1569 933 116 24 Fromageot.

1519 958 27 18 La
1553 958 77 19 défense
1638 964 22 13 se
1668 960 126 19 désintéresse
1803 962 24 18 de
1834 962 19 17 la
1861 961 107 18 traduction

1498 983 24 17 de
1528 987 32 14 ces
1568 984 83 22 articles,
1661 986 20 16 et
1688 984 25 18 M.
1721 985 62 19 Bauer
1790 986 95 18 continue.
1894 986 16 18 Il
1915 986 54 18 affir-

1497 1012 31 13 me
1535 1012 38 17 que
1580 1008 26 18 M.
1614 1009 97 19 Baumann
1718 1015 11 12 a
1743 1011 66 21 publié
1824 1012 24 17 de
1864 1012 105 17 nombreux

1498 1032 76 19 articles
1582 1033 64 22 signés
1655 1039 34 18 par
1700 1035 34 21 lui,
1752 1036 33 22 qui
1802 1037 43 17 sont
1861 1037 24 17 de
1903 1037 66 17 basses

1498 1057 71 22 injures
1578 1060 65 17 contre
1651 1060 19 17 la
1678 1060 70 18 France
1756 1063 19 15 et
1792 1062 43 17 sont
1850 1062 59 17 doués
1924 1062 45 17 d’un

1498 1082 94 19 caractère
1607 1085 105 17 nettement
1727 1085 137 22 anti-français.
1884 1086 54 18 Ainsi
1954 1086 15 18 il

1491 1108 60 17 -avait
1558 1108 49 18 écrit
1613 1109 20 18 le
1640 1108 111 19 10-12-1927
1760 1115 36 17 que
1804 1111 19 17 la
1830 1111 86 18 violence
1923 1111 47 18 faite

1498 1136 37 13 aux
1543 1133 60 18 droits
1611 1134 33 18 des
1652 1134 99 18 minox'ités
1758 1140 35 17 par
1800 1135 97 19 Bismarck
1904 1136 66 18 n’était

1498 1156 42 18 rien
1548 1161 24 14 en
1580 1159 128 21 comparaison
1720 1159 34 19 des
1770 1160 96 19 violences
1882 1161 87 18 exercées

1498 1185 34 18 par
1539 1182 20 17 la
1566 1182 32 18 IIIe
1605 1183 118 23 République
1731 1186 66 17 contre
1809 1186 28 18 les
1844 1186 104 18 Alsaciens.

1520 1206 29 17 Mc
1556 1207 72 23 Jaeglé:
1636 1209 80 18 «Action
1723 1209 101 22 Française
1830 1216 16 12 ».

1520 1232 28 17 Mc
1556 1232 39 18 Ber
1594 1233 42 18 Ikon
1641 1240 7 11 .-
1657 1234 80 18 Daudet.

1520 1256 77 19 Parlant
1604 1258 24 18 de
1635 1259 19 17 la
1667 1259 92 22 politique
1767 1261 25 17 de
1806 1261 19 17 la
1841 1261 129 19 «Volksstim-

1499 1285 30 13 me
1535 1287 17 16 »,
1561 1282 19 17 le
1589 1283 70 18 témoin
1665 1284 73 18 déclare
1746 1289 38 18 que
1800 1285 25 18 M.
1839 1286 95 18 Fashauer
1941 1287 28 17 lui

1499 1306 62 18 aurait
1567 1308 67 18 assuré
1641 1313 37 17 que
1686 1309 19 17 le
1712 1309 30 18 dit
1749 1310 76 22 journal
1832 1311 114 22 poursuivra
1952 1312 18 16 la

1498 1330 100 24 politique,
1604 1332 25 19 de
1633 1333 76 18 l’Union
1721 1334 106 23 Populaire,
1836 1337 20 16 et
1863 1337 44 17 tous
1922 1340 49 14 ceux

1499 1356 33 21 qui
1540 1357 122 19 connaissent
1669 1359 19 17 la
1699 1359 91 23 politique
1798 1365 25 13 en
1830 1360 67 19 Alsace
1904 1362 68 17 savent

1499 1386 43 18 que,
1551 1383 19 18 le
1577 1382 23 18 29
1608 1383 106 19 Novembre
1722 1384 52 22 1925,
1783 1384 29 23 (ce
1820 1385 30 18 fut
1861 1386 20 18 le
1897 1385 37 23 30),
1949 1391 21 13 ce

1499 1408 48 23 parti
1552 1413 12 13 a
1572 1408 91 19 demandé
1676 1409 121 19 l’autonomie
1813 1411 157 19 administrative.

1499 1434 26 18 De
1532 1434 51 22 plus,
1590 1434 24 18 M.
1624 1434 95 18 Fashauer
1726 1434 64 18 aurait
1803 1435 74 19 déclaré
1883 1442 5 12 :
1905 1437 65 19 «Nous

1498 1468 25 13 ne
1530 1465 81 15 sommes
1619 1465 33 18 pas
1661 1459 136 22 anti-français,
1806 1465 48 14 nous
1862 1466 25 13 ne
1896 1463 76 17 deman-

1499 1489 47 17 dons
1554 1491 38 18 que
1599 1485 120 19 l’autonomie
1727 1485 154 19 administrative
1889 1488 21 17 et
1922 1492 48 14 nous

1498 1517 49 14 nous
1555 1513 67 17 tenons
1628 1515 33 13 sur
1666 1511 19 17 le
1692 1510 73 18 terrain
1772 1511 24 17 de
1803 1511 36 18 PU.
1845 1511 22 18 P.
1874 1511 23 19 R.
1905 1518 9 11 »

1520 1537 86 19 Certains
1613 1535 54 19 chefs
1675 1536 24 17 de
1706 1535 76 18 l’Union
1789 1535 106 23 Populaire,
1905 1542 66 18 cepen-

1498 1563 52 21 dant,
1556 1561 114 23 prétendent
1674 1565 38 17 que
1718 1561 29 17 les
1751 1561 76 19 articles
1832 1562 24 18 de
1860 1562 20 18 la
1888 1568 10 11 «
1904 1563 67 18 Volks-

1498 1589 76 19 stimme
1583 1593 9 11 »
1600 1586 87 18 auraient
1693 1586 34 18 des
1734 1586 104 19 tendances
1848 1587 123 23 séparatistes

1499 1616 20 18 et
1524 1619 22 13 se
1553 1611 130 20 trouveraient
1699 1616 23 13 en
1738 1612 137 18 contradiction
1890 1618 47 14 avec
1952 1614 19 18 le

1498 1642 117 22 programme
1632 1638 25 17 du
1672 1637 30 17 dit
1714 1637 57 22 parti.
1793 1638 25 18 M.
1843 1639 61 18 Bauer
1919 1640 52 18 avait

1498 1664 125 24 l’impression
1628 1667 38 19 que
1672 1662 26 18 M.
1707 1662 95 19 Fashauer
1809 1664 20 18 et
1835 1664 19 18 le
1862 1664 26 17 Dr
1895 1665 75 19 Ricklin

1499 1696 21 14 se
1527 1689 110 20 trouvaient
1643 1688 12 18 à
1663 1689 19 17 la
1690 1687 38 19 tête
1736 1688 24 18 de
1768 1689 43 17 tout
1815 1689 19 18 le
1842 1692 127 17 mouvement.

1498 1718 51 18 Pour
1555 1716 84 18 montrer
1645 1714 30 18 les
1683 1713 111 19 sentiments
1811 1714 77 20 intimes
1904 1716 24 18 de
1944 1716 25 19 M.

1498 1743 103 18 Fashauer.

1520 1768 25 18 M.
1550 1768 60 17 Bauer
1617 1766 53 23 parle
1685 1766 51 18 alors
1750 1766 23 18 de
1787 1766 26 18 La
1829 1766 100 20 Wahrheit
1944 1769 26 17 du

1498 1795 60 17 baron
1566 1792 56 19 Glaus
1630 1793 24 17 de
1662 1791 70 19 Bulach
1739 1796 5 16 ;
1753 1791 19 19 le
1781 1792 41 18 vrai
1834 1792 94 24 dirigeant
1944 1795 25 17 du

1497 1819 76 23 journal
1580 1818 48 18 était
1633 1817 57 19 César
1698 1816 43 24 Ley,
1758 1816 72 20 Bulach
1847 1822 24 14 en
1888 1819 48 18 était
1951 1819 19 19 le

1498 1845 103 18 directeur,
1609 1844 21 18 et
1637 1843 96 18 Baumann
1741 1843 19 17 le
1767 1842 99 20 rédacteur
1874 1849 97 18 responsa-

1499 1871 37 18 ble.
1544 1871 39 21 Ley
1592 1874 11 13 a
1610 1868 30 19 été
1647 1868 103 18 condamné
1763 1872 24 14 en
1795 1868 46 19 1923
1850 1874 49 17 pour
1912 1871 58 18 haute

1498 1896 93 19 trahison,
1600 1894 12 18 à
1619 1895 44 21 sept
1670 1898 35 14 ans
1715 1894 25 18 de
1747 1893 109 21 forteresse,
1865 1896 48 18 mais
1927 1896 15 18 il
1958 1902 12 12 a

1499 1921 30 19 été
1536 1920 93 24 grâciéen
1638 1918 45 19 1926
1691 1920 21 17 et
1718 1919 68 18 devint
1793 1920 11 17 à
1814 1920 93 24 Fribourg
1922 1922 47 18 dans

1498 1948 20 17 le
1527 1946 80 22 Brisgan
1623 1945 70 23 l’agent
1709 1945 26 17 du
1750 1945 73 19 service
1839 1946 131 24 d’espionnage

1499 1972 100 19 allemand.
1606 1970 71 18 Kohler
1684 1971 55 17 entra
1757 1971 47 17 dans
1815 1971 19 18 la
1841 1977 9 11 «
1855 1971 113 20 Wahrheit»

1499 2002 47 14 avec
1552 2001 39 13 une
1598 1996 57 18 lettre
1661 1995 24 19 de
1690 1996 170 19 recommandation
1873 1998 24 18 de
1912 1997 58 20 César

1499 2023 44 23 Ley.
1554 2022 51 18 Dans
1613 2026 27 13 un
1645 2021 67 18 article
1720 2022 24 17 de
1760 2021 46 18 fond
1820 2022 50 18 delà
1886 2023 85 19 «Wahr-

1499 2048 60 21 heit»,
1566 2047 19 18 le
1598 2047 62 18 même
1676 2046 38 23 Ley
1730 2047 92 18 demande
1837 2048 19 17 le
1871 2048 100 23 plébiciste

1499 2078 48 18 pour
1551 2072 82 19 l’Alsace
1638 2073 20 17 et
1665 2072 155 23 l’indépendance
1827 2074 25 17 du
1857 2078 53 18 pays,
1916 2076 54 17 selon

1499 2100 19 17 le
1533 2098 74 18 modèle
1624 2098 33 18 des
1674 2098 78 18 cantons
1769 2098 79 19 suisses.
1865 2099 50 19 Dans
1933 2105 37 13 une

1499 2126 55 17 autre
1561 2125 63 19 lettre,
1635 2123 38 23 Ley
1681 2123 74 19 déclare
1763 2124 46 21 qu’il
1826 2129 24 13 ne
1866 2126 47 22 peut
1926 2126 44 22 plus

1499 2150 40 18 être
1550 2149 87 23 question
1642 2150 28 17 du
1678 2155 10 11 «
1694 2149 56 18 cadre
1766 2149 24 19 de
1808 2150 19 18 la
1843 2150 71 20 France
1919 2157 10 11 »
1943 2157 26 13 vu

1499 2180 36 17 que
1543 2174 81 19 celui-ci
1635 2174 81 19 n’existe
1729 2175 44 22 plus
1784 2175 66 23 depuis
1858 2176 112 24 longtemps.

1521 2200 28 18 Mc
1553 2199 69 19 Fachol
1630 2200 115 22 interrompt
1758 2200 20 18 le
1786 2200 71 19 témoin
1874 2203 20 17 et
1909 2202 61 19 donne

1499 2231 25 13 au
1530 2226 103 18 Président
1639 2231 28 12 un
1675 2226 74 18 dossier
1756 2226 48 18 dans
1811 2226 63 23 lequel
1887 2232 22 14 se
1915 2229 56 17 trou-

1500 2252 46 18 vent
1551 2251 64 18 divers
1620 2251 111 18 documents
1740 2255 22 14 se
1769 2253 109 21 rapportant
1893 2254 12 17 à
1920 2255 51 17 cette

1499 2276 74 19 affaire.

1520 2304 29 19 Me
1556 2305 39 17 Ber
1595 2305 43 17 Ikon
1642 2311 8 11 :
1658 2304 63 22 Enfin,
1730 2310 49 14 nous
1788 2306 104 19 entendons
1897 2307 20 18 la
1924 2308 47 18 voix

1500 2331 25 17 du
1532 2330 107 18 Procureur
1646 2330 83 23 général.
1738 2330 52 19 Nous
1798 2332 77 18 aurions
1883 2332 31 19 été
1925 2333 45 18 bien

1500 2356 40 18 aise
1548 2357 23 17 de
1576 2355 106 19 l’entendre
1690 2356 43 22 plus
1745 2357 36 21 tôt,
1790 2357 40 18 afin
1843 2362 38 18 que
1896 2359 29 17 lès
1940 2363 31 14 ac-

1500 2381 55 18 cusés
1563 2382 80 17 eussent
1659 2381 134 19 connaissance
1810 2383 33 18 des
1856 2383 46 18 faits
1914 2384 57 22 qu’on

1499 2406 43 18 leur
1549 2406 98 22 reproche.
1664 2406 23 18 Je
1703 2407 64 18 verrai
1783 2407 72 19 d’autre
1871 2410 42 21 part
1922 2409 48 18 d’un

1500 2431 39 18 très
1548 2432 39 17 bon
1593 2432 32 17 oeil
1634 2436 38 18 que
1678 2432 26 18 M.
1713 2432 18 18 le
1739 2432 106 19 Procureur
1854 2434 77 22 général
1946 2438 25 14 ne

1500 2456 89 18 travaille
1596 2461 33 18 pas
1637 2457 47 17 d’un
1696 2461 87 14 commun
1790 2459 66 17 accord
1863 2463 48 14 avec
1917 2459 19 18 le
1944 2460 27 18 té-

1500 2482 52 18 moin
1560 2482 10 17 à
1575 2482 75 22 charge.
1663 2482 47 18 Mais
1725 2482 25 18 où
1767 2483 49 18 donc
1832 2488 21 14 se
1863 2484 108 19 trouvaient

1500 2508 117 17 exactement
1624 2508 45 17 tous
1676 2512 33 14 ces
1717 2508 84 18 dossiers
1806 2507 10 19 ?
1824 2508 24 19 Se
1855 2510 117 18 trouvaient-

1500 2532 26 18 ils
1533 2532 62 23 parmi
1602 2537 47 14 ceux
1658 2532 33 23 qui
1699 2534 33 17 ont
1740 2533 30 18 été
1784 2535 142 22 communiqués
1933 2536 12 17 à
1952 2535 19 18 la

1501 2556 90 20 défense?

1522 2582 28 18 J5/c
1556 2582 79 19 Fachol:
1642 2583 48 18 Non.

1521 2610 28 18 M°
1554 2610 62 24 Jaeglé
1621 2616 8 12 :
1637 2611 27 18 La
1674 2611 77 19 défense
1759 2613 31 17 n’a
1797 2617 27 18 pu
1836 2613 81 22 prendre
1924 2618 47 14 con-

1501 2636 99 18 naissance
1606 2636 25 18 de
1638 2640 34 14 ces
1679 2637 91 22 dossiers,
1789 2642 32 14 car
1833 2642 25 14 on
1873 2638 30 18 les
1918 2639 53 18 avait

1500 2662 57 17 tenus
1564 2661 74 18 cachés.

1522 2685 29 18 Me
1555 2686 91 18 Berthon:
1654 2686 53 20 Nous
1715 2688 116 18 demandons
1838 2688 11 18 à
1861 2689 19 17 la
1895 2688 50 19 Cour
1952 2689 19 18 la

1501 2711 125 19 constatation
1650 2716 38 18 que
1703 2713 23 18 de
1742 2717 100 15 nouveaux
1861 2714 110 18 documents

1992 168 32 18 ont
2033 167 30 19 été
2071 166 65 19 versés
2144 170 37 14 aux
2189 165 73 18 débats.
2281 168 5 5 *

2013 192 28 19 M'
2049 191 70 24 Jaeglé:
2129 191 50 18 C’est
2186 196 39 13 une
2233 192 138 24 surprise,MM.
2375 198 28 18 les
2410 199 53 22 jurés

1991 218 88 23 jugeront
2087 217 17 18 si
2111 222 37 12 une
2156 217 45 17 telle
2210 217 87 21 surprise
2311 221 31 16 est
2356 222 11 17 à
2381 227 21 13 sa
2410 225 52 20 place

1992 244 46 17 dans
2046 248 27 13 un
2079 242 65 23 procès
2151 243 56 17 d’une
2215 242 78 22 pareille
2306 249 112 21 envergure.

2014 269 26 18 Le
2048 269 102 17 Procureur
2159 267 75 19 Général
2242 272 67 18 avoue,
2319 275 37 17 que
2372 275 46 18 c’est
2425 281 38 14 une

1993 294 89 22 surprise.

2014 319 24 18 Le
2042 318 92 24 président
2142 319 59 17 remet
2208 318 28 17 les
2245 318 84 20 dossiers
2344 327 25 13 en
2377 327 86 19 question

1992 346 11 16 à
2009 346 19 17 la
2035 345 78 18 défense
2122 344 32 22 qui
2161 344 34 17 fait
2203 344 98 18 constater
2305 350 34 17 par
2343 348 27 17 Me
2375 350 80 20 Berthon

1992 376 36 17 que
2035 371 29 18 les
2072 370 81 18 dossiers
2167 369 123 18 contiennent
2306 371 34 18 des
2354 374 109 21 documents

1992 397 65 16 datant
2064 396 33 17 des
2106 395 47 18 mois
2161 395 24 17 de
2192 394 99 18 décembre
2305 395 46 19 1927
2360 400 20 16 et
2388 400 76 22 janvier

1992 421 11 17 à
2013 425 50 14 mars
2068 420 45 18 1928
2121 421 26 21 et,
2155 420 114 17 s’adressant
2277 419 42 19 àM.
2325 422 76 24 Fachot,
2410 426 14 17 il
2428 427 36 18 dit:

1992 446 51 18 Vous
2051 450 48 14 nous
2105 446 52 17 aviez
2165 444 62 18 donné
2234 444 124 25 l’assurance,
2368 454 36 17 que
2420 453 44 17 tous

1992 472 28 17 les
2028 471 111 18 documents
2145 471 114 17 concernant
2266 470 19 17 le
2291 472 67 20 procès
2376 479 20 14 se
2414 477 51 17 trou-

1992 496 87 19 veraient
2083 497 46 16 dans
2137 496 27 17 les
2173 494 83 18 dossiers
2264 495 34 21 qui
2306 501 22 13 se
2336 498 91 21 trouvent
2437 502 27 18 ici

1992 523 72 17 devant
2070 522 19 17 la
2097 521 51 18 table
2155 521 25 17 de
2187 520 19 18 la
2222 524 51 14 cour.
2285 521 53 19 Nous
2354 529 62 15 avons
2433 527 33 18 de-

1992 548 68 17 mandé
2066 546 41 18 àM.
2115 546 70 18 Fachot
2192 545 30 18 s’il
2230 547 97 17 verserait
2337 548 24 18 de
2366 554 100 16 nouveaux

1992 573 111 17 documents
2111 572 45 17 dans
2164 571 29 17 les
2210 570 66 18 débats
2286 572 20 17 et
2313 572 16 17 il
2342 578 48 15 nous
2398 581 66 14 assura

1992 602 37 17 que
2035 602 46 12 non.
2090 596 70 22 Malgré
2171 596 40 18 cela
2219 595 14 18 il
2241 596 90 21 présente
2348 603 24 13 en
2388 605 22 14 ce
2426 606 40 13 mo-

1992 623 52 17 ment
2051 622 23 17 de
2082 625 100 14 nouveaux
2190 621 118 18 documents.
2322 622 53 20 Nous
2390 626 76 18 deman-

1993 648 46 17 dons
2044 651 38 18 que
2089 647 20 17 la
2116 645 49 19 Cour
2173 650 24 13 en
2204 650 72 17 prenne
2284 648 53 20 note.
2346 649 69 23 Depuis
2422 652 43 21 plus

1992 673 45 17 d’un
2045 672 49 17 mois
2111 671 41 22 déjà
2167 671 20 18 le
2197 671 107 18 Procureur
2320 672 81 21 Général
2417 676 50 18 lient

1992 702 32 13 ces
2031 697 111 18 documents
2158 701 25 13 eu
2198 696 69 18 mains.
2285 697 28 17 En
2329 695 137 29 interrompant

1993 722 116 18 maintenant
2122 722 20 18 le
2155 722 79 21 témoin,
2251 722 15 18 il
2274 723 75 18 voulait
2362 727 85 21 rappeler
2454 728 12 17 à

1992 748 75 18 celui-ci
2074 748 30 17 les
2111 747 38 18 dits
2157 748 117 17 documents.

2013 773 27 18 Mc
2045 773 64 20 Peler;
2117 771 51 19 C’est
2176 776 37 14 une
2221 772 135 24 conspiration,
2372 781 26 13 un
2415 782 52 14 com-

1992 799 45 21 plot.

2014 823 37 19 Sur
2059 827 27 17 ce,
2095 822 28 18 Mc
2130 822 80 18 Berthon
2217 822 70 23 dépose
2295 824 34 18 des
2346 827 119 19 conclusions

1993 849 115 18 demandant
2115 849 11 16 à
2134 848 18 17 la
2160 847 50 19 Cour
2217 849 19 16 la
2244 850 128 19 constatation
2388 857 37 17 que
2442 854 24 17 de

1992 878 101 14 nouveaux
2102 873 109 18 documents
2220 875 33 16 ont
2261 874 31 18 été
2308 874 50 23 jetés
2375 877 47 19 dans
2437 879 29 18 les

1993 899 73 21 débats,
2071 898 82 22 quoique
2159 899 20 17 le
2187 898 98 22 président
2293 901 21 16 et
2325 901 20 18 le
2362 901 105 21 Procureur

1994 923 79 19 Général
2079 923 76 19 avaient
2168 924 74 18 déclaré
2258 925 57 21 qu’on
2329 926 138 23 n’emploierait

1994 953 36 18 que
2038 949 33 18 des
2079 949 110 18 documents
2197 949 41 22 déjà
2247 953 73 15 connus
2328 956 35 17 par
2372 953 19 17 la
2399 953 68 19 défen-

1994 978 27 14 se.
2029 974 26 18 La
2063 974 76 18 défense
2146 975 91 17 demande
2245 979 38 14 une
2291 976 88 22 enquête.

2015 998 27 18 Mc
2046 999 80 18 Berthon
2131 1005 7 11 :
2146 999 26 18 La
2188 1000 125 18 constatation
2324 1006 38 17 que
2377 1007 47 15 nous
2432 1008 34 14 ve-

1994 1029 47 14 nons
2049 1025 24 17 de
2081 1024 47 18 faire
2136 1026 29 16 est
2174 1024 23 18 de
2202 1025 20 17 la
2230 1026 43 21 plus
2281 1026 59 19 haute
2344 1027 121 23 importance.

1994 1050 50 18 Nous
2062 1054 74 14 venons
2152 1050 24 17 de
2189 1051 81 21 prendre
2291 1052 138 20 connaissance
2443 1055 24 18 de

1995 1076 110 17 documents
2112 1079 37 18 que
2161 1074 26 18 M.
2203 1075 87 19 l’Avocat
2303 1077 78 21 général
2399 1079 68 23 dépose

1994 1101 24 18 de
2030 1105 22 13 sa
2059 1104 67 18 propre
2141 1100 102 22 initiative,
2259 1103 20 17 et
2290 1106 24 14 en
2331 1108 24 13 en
2371 1106 97 16 assumant

1994 1126 19 17 la
2034 1125 151 22 responsabilité.
2208 1126 48 18 Mais
2277 1128 75 21 quelles
2376 1130 43 17 sont
2438 1130 29 18 les

1994 1150 122 18 attributions
2123 1151 24 18 de
2154 1151 73 18 chacun
2234 1153 62 21 parmi
2303 1157 49 14 nous
2357 1153 11 18 ?

2016 1176 25 18 Le
2048 1175 46 23 juge
2103 1176 132 18 d’instruction
2252 1182 11 13 a
2268 1178 59 18 versé
2341 1179 12 17 à
2369 1179 18 18 la
2400 1179 29 19 fin
2444 1181 23 17 de

1994 1201 129 18 l’instruction
2131 1205 31 14 ces
2171 1202 110 18 documents
2290 1203 12 17 à
2309 1203 21 18 la
2336 1203 92 20 Chambre
2433 1205 34 18 des

1995 1226 59 18 mises
2059 1230 24 14 en
2091 1226 114 18 accusation.
2215 1226 37 19 Par
2263 1228 19 17 la
2299 1229 131 19 transmission
2444 1231 24 17 de

1995 1251 80 19 l’affaire
2083 1252 11 16 à
2102 1252 18 17 la
2128 1251 50 18 Cour
2185 1252 101 22 d’Assises,
2300 1253 19 18 la
2328 1254 91 19 Chambre
2433 1256 34 17 des

1995 1278 61 18 mises,
2061 1281 24 13 en
2093 1276 109 18 accusation
2213 1277 69 22 dépose
2291 1283 34 13 sur
2333 1279 18 18 la
2368 1280 51 18 table
2435 1281 33 17 des

1994 1302 76 18 Assises
2077 1306 32 13 ces
2116 1302 117 18 documents.
2251 1302 78 19 Ceux-ci
2345 1308 22 14 se
2380 1306 89 17 trouvent

1995 1328 48 17 donc
2051 1327 12 17 à
2067 1327 19 17 la
2094 1326 115 22 disposition
2217 1327 24 18 de
2248 1327 19 18 la
2273 1328 81 20 Défense
2359 1334 72 14 comme
2445 1331 23 17 de

1995 1352 85 18 l’Avocat
2087 1352 81 21 général.
2174 1352 48 18 Mais
2230 1353 122 22 qu’advint-il
2366 1355 32 18 des
2412 1356 56 18 docu-

1996 1378 62 17 ments
2064 1377 46 17 dont
2117 1381 26 13 on
2150 1381 48 14 nous
2207 1378 63 18 donne
2286 1379 120 19 maintenant
2421 1385 48 13 con-

1996 1402 98 18 naissance
2100 1401 10 18 ?
2118 1401 35 19 Ces
2161 1403 111 19 documents
2280 1404 73 18 étaient
2369 1407 53 17 entre
2437 1406 30 18 les

1996 1428 62 17 mains
2065 1428 26 17 du
2099 1427 45 23 juge
2159 1428 140 23 d’instruction,
2316 1430 26 18 M.
2355 1430 74 19 Mitton.
2443 1432 25 18 La

1996 1453 99 22 signature
2103 1453 56 22 qu’ils
2164 1455 77 20 portent
2248 1459 73 17 prouve
2329 1456 48 21 qu’il
2384 1461 25 13 en
2416 1457 53 17 avait

1996 1478 138 18 connaissance.
2142 1478 25 18 M.
2176 1478 67 19 Mitton
2251 1480 110 19 s'abstint-il
2375 1482 24 18 de
2415 1486 53 14 com-

1997 1503 100 22 muniquer
2105 1508 31 14 ces
2144 1504 110 19 documents
2262 1505 12 17 à
2287 1505 19 18 la
2323 1506 94 19 Chambre
2433 1508 35 18 des

1996 1528 59 18 mises
2063 1533 24 13 en
2095 1529 108 18 accusation
2211 1530 20 17 et
2238 1530 30 18 les
2275 1531 104 19 donna-t-il
2388 1532 80 19 directe-

1996 1555 53 17 ment
2057 1559 25 13 au
2098 1554 104 18 Procureur
2213 1555 77 23 général
2294 1555 12 18 ?
2320 1556 48 19 Mais
2384 1558 48 18 dans
2446 1562 21 14 ce

1996 1584 31 14 cas
2032 1584 50 14 nous
2089 1580 136 18 demanderons
2235 1580 114 23 justication
2361 1583 23 17 de
2392 1587 23 14 ce
2425 1588 42 17 pro-

1996 1605 45 18 cédé
2049 1605 12 17 à
2067 1604 26 18 M.
2098 1604 74 22 Mitton,
2181 1609 33 14 car
2221 1606 15 17 il
2244 1611 25 13 ne
2274 1606 43 18 doit
2324 1612 14 18 y
2345 1608 54 18 avoir
2407 1613 61 13 aucu-

1995 1635 25 13 ne
2027 1630 81 18 relation
2116 1631 53 17 entre
2176 1631 19 17 le
2202 1631 50 23 Juge
2265 1631 136 19 d’instruction
2415 1634 19 17 et
2449 1633 19 18 le

1996 1656 106 18 Procureur
2109 1655 76 22 général
2190 1660 6 16 ;
2205 1655 15 18 il
2228 1656 70 22 existe,
2304 1660 25 14 en
2337 1657 78 22 France,
2432 1658 35 18 des

1995 1681 43 22 lois,
2048 1680 61 18 même
2116 1681 66 17 contre
2188 1680 29 19 les
2225 1681 118 23 magistrats.

2018 1706 28 18 Ou
2053 1706 47 18 bien
2106 1706 19 18 le
2131 1705 49 23 Juge
2188 1706 140 23 d’instruction,
2337 1708 25 17 M.
2371 1708 74 23 Mitton,
2456 1714 11 13 a

1995 1731 36 19 fait
2038 1736 34 13 son
2081 1731 67 18 devoir
2153 1736 6 12 :
2168 1731 16 18 il
2191 1736 12 13 a
2211 1732 91 18 transmis
2316 1737 33 14 ces
2357 1734 110 18 documents

1995 1757 11 18 à
2014 1757 19 18 la
2049 1756 93 19 Chambre
2154 1756 35 18 des
2211 1757 58 18 mises
2283 1762 24 14 en
2323 1759 108 18 accusation
2449 1761 19 17 et

1996 1782 74 18 ceux-ci
2076 1782 66 18 furent
2148 1782 44 21 pins
2202 1783 40 17 tard
2248 1783 69 18 retirés
2326 1788 35 18 par
2368 1789 38 13 une
2413 1786 54 17 autre

1995 1812 100 19 personne.
2120 1807 79 19 Etait-ce
2215 1808 19 18 le
2253 1809 109 18 Procureur
2374 1810 77 22 général
2457 1810 10 18 ?

1994 1834 51 18 Nous
2053 1833 81 19 voulons
2142 1833 18 18 le
2166 1833 70 18 savoir.
2246 1833 21 19 Si
2275 1834 39 22 oui,
2324 1835 19 17 si
2350 1836 64 18 c’était
2429 1836 35 22 lui,

1995 1864 48 14 nous
2051 1860 135 17 demanderons
2194 1859 35 18 des
2236 1861 85 21 comptes
2330 1865 24 13 au
2362 1861 106 19 Procureur

1995 1885 84 23 général.
2087 1884 52 19 Nous
2142 1888 70 19 posons
2219 1885 26 17 ici
2253 1885 19 18 la
2280 1886 89 21 question
2381 1887 73 22 précise
2460 1894 6 13 :

1994 1911 26 18 M.
2027 1910 69 19 Mitton
2104 1910 94 23 possédait
2205 1914 32 14 ces
2245 1911 114 19 documents
2367 1912 66 22 depuis
2448 1913 19 18 le

1995 1936 48 18 mois
2052 1937 23 17 de
2081 1936 83 18 Février.
2179 1935 28 19 Où
2223 1936 73 18 étaient
2311 1941 32 14 ces
2357 1937 110 19 documents

1995 1962 66 22 depuis
2068 1961 77 19 Février
2151 1961 76 22 jusqu’à
2238 1961 122 22 aujourd’hui
2370 1968 5 16 ;
2391 1963 33 22 qui
2439 1963 29 18 les

1995 1987 52 18 avait
2054 1988 85 20 retenus;
2147 1986 33 23 qui
2189 1986 51 18 avait
2246 1987 70 18 intérêt
2323 1987 12 17 à
2342 1987 29 18 les
2378 1987 80 19 retenir?

2017 2016 25 18 La
2048 2015 68 18 séance
2123 2016 30 16 est
2160 2015 73 22 reprise
2240 2019 48 14 avec
2299 2016 28 17 ies
2335 2016 66 22 vingts
2408 2016 62 18 minu-

1995 2043 29 17 tes
2032 2041 25 18 de
2067 2041 63 17 retard
2136 2040 129 23 obligatoires.

2016 2066 28 18 M‘
2049 2065 89 19 Fourrier
2152 2070 23 13 se
2198 2065 44 19 lève
2263 2065 163 20 immédiatement
2449 2068 19 18 et

1996 2092 69 22 dépose
2072 2091 35 18 des
2114 2091 118 18 conclusions
2240 2091 100 19 suivantes
2346 2097 5 12 :

2019 2123 9 11 «
2034 2117 36 18 Les
2086 2118 75 17 avocats
2178 2116 99 23 sousignés
2297 2117 74 18 croient
2386 2118 24 18 de
2425 2118 44 18 leur

1996 2142 66 19 devoir
2069 2142 135 22 professionnel
2212 2142 23 18 de
2250 2143 95 21 protester
2361 2143 68 22 auprès
2446 2144 23 18 de

1996 2169 18 17 la
2022 2168 50 18 Cour
2076 2172 34 18 par
2117 2168 43 18 voie
2166 2168 24 17 de
2198 2167 120 19 conclusions
2334 2172 24 14 en
2376 2169 40 17 tant
2432 2173 36 18 quo

1996 2194 24 18 de
2025 2193 67 18 besoin
2098 2194 19 17 et
2125 2193 23 18 de
2155 2194 65 21 porter
2232 2193 12 17 à
2260 2193 19 17 la
2295 2194 134 18 connaissance
2445 2194 24 18 de

1995 2219 98 18 Monsieur
2108 2218 19 18 le
2142 2218 89 18 Ministre
2247 2218 24 18 de
2292 2219 19 17 la
2327 2219 81 21 Justice,
2424 2217 45 20 chef

1996 2244 133 22 hiérarchique
2138 2244 22 18 de
2168 2243 96 19 Monsieur
2271 2244 19 18 le
2298 2244 107 18 Procureur
2412 2244 59 18 Géné-

1995 2270 35 18 ral.
2045 2270 30 18 les
2083 2270 46 17 faits
2137 2273 68 19 graves
2220 2269 32 23 qui
2261 2269 54 18 étant
2328 2270 104 18 contraires
2446 2274 24 14 au

1995 2296 47 17 libre
2048 2294 86 19 exercice
2142 2295 24 17 de
2172 2294 44 18 leur
2224 2295 67 17 devoir
2299 2295 24 17 de
2332 2295 84 22 défense,
2424 2297 44 17 sont

1995 2325 34 18 par
2036 2321 41 18 cela
2084 2320 61 18 même
2152 2320 106 18 contraires
2273 2321 12 17 à
2298 2320 20 18 la
2334 2320 62 19 bonne
2407 2314 64 25 admî?

1995 2346 104 18 nistration
2106 2346 24 18 de
2138 2346 18 17 la
2163 2345 80 18 Justice.

2016 2372 36 18 Les
2060 2370 110 19 défenseurs
2178 2371 66 22 depuis
2252 2371 19 18 le
2279 2371 61 18 début
2346 2372 35 18 des
2394 2372 73 21 débats,

1996 2401 21 14 se
2024 2396 66 18 voient
2100 2396 67 18 retirer
2175 2397 135 17 constamment
2317 2397 20 17 la
2344 2397 64 21 parole
2422 2397 47 18 dans

1996 2423 33 17 des
2035 2423 72 17 termes
2123 2421 37 19 tels
2175 2426 36 17 que
2227 2423 43 17 acte
2277 2427 12 12 a
2297 2422 25 17 dû
2337 2422 42 22 déjà
2386 2426 26 14 en
2427 2422 41 18 être

1996 2447 91 18 demandé
2092 2452 6 16 ;
2112 2447 18 18 le
2138 2446 99 19 Président
2248 2447 106 22 invoquant
2370 2452 35 13 son
2420 2452 50 18 pou-

1995 2472 42 18 voir
2044 2472 164 21 discrétionnaire,
2217 2472 51 18 alors
2273 2476 38 18 que
2327 2472 49 18 ledit
2388 2473 81 22 pouvoir

1996 2497 154 19 discrétionnaire
2160 2501 25 14 ne
2194 2498 83 17 saurrait
2290 2497 49 19 aller
2346 2498 12 17 à
2365 2498 102 18 l’encontre

1996 2523 25 18 du
2028 2522 86 23 principe
2129 2522 107 19 incontesté
2253 2523 24 18 de
2290 2523 20 17 la
2323 2523 69 18 liberté
2410 2524 22 17 de
2450 2524 18 17 la

1996 2548 83 18 défense.

2230 2587 26 30 (à
2266 2588 97 29 suivre)

1996 2674 101 22 Aiacciu
2106 2686 29 4 —
2146 2674 134 29 Stamparia
2293 2675 24 21 di
2331 2676 23 21 A
2366 2676 103 27 Muvra,

1997 2715 15 14 u
2025 2707 232 23 Diretlore-Gerente
2265 2715 6 15 :
2285 2708 72 23 Petru
2367 2708 103 24 ROCCA

27 2821 116 25 Fuglittinudi
147 2828 21 17 A
170 2822 207 22 Muvra—n.104—di
381 2827 12 13 u
400 2818 85 21 10-11-28

35 2865 168 82 [texte
231 2865 252 82 manquant]

220 2952 65 20 OSSIA

60 2989 37 37 h
115 2991 80 37 Rôtis
212 2990 31 37 di
256 2988 176 37 Poütesuovô

27 3042 265 30 RÂCONTOCORSO
298 3040 187 28 DELSECOLO

207 3080 84 24 XVIII

241 3115 24 19 DI

112 3152 32 24 F.
158 3152 37 25 D.
212 3149 175 28 Giaerr&zzi

192 3238 125 32 (,Seguito)

49 3299 85 26 Qiiinci
157 3308 88 16 ancora
262 3300 67 23 invia
340 3304 33 16 un
393 3295 94 23 soldato

27 3330 18 21 al
54 3336 165 22 commissario
232 3338 131 26 genovese,
384 3327 104 25 affinchè

67 3370 148 22 ammonisca
236 3369 45 22 che
294 3372 51 17 non
363 3364 23 24 si
402 3360 86 25 attenti

28 3400 90 24 ùiovere
129 3409 81 21 passo,
223 3399 131 25 altrimenti
363 3397 125 29 appiccato

28 3427 62 29 faoco
109 3437 46 21 aile
166 3436 98 28 polveri
279 3432 114 25 manderà
413 3431 76 21 sotto-

28 3466 64 25 s°pra
102 3469 23 22 la
135 3472 65 20 terra
212 3476 47 16 con
271 3467 82 30 quanti
365 3466 22 21 ci
397 3463 93 23 rifiata-

27 3499 26 18 110
73 3501 84 24 dentro
167 3510 6 19 ;
186 3504 34 21 lui
233 3504 85 21 volere
332 3498 124 24 restituée
466 3496 23 21 la

28 3532 68 23 Pûtria
107 3537 45 21 alla
162 3537 87 22 libertà
255 3544 7 20 ;
276 3532 102 26 cercassi
390 3532 24 21 la
426 3530 64 22 chia-

27 3564 26 18 Ve
61 3565 62 25 délia
130 3571 136 25 polveriera
276 3570 23 21 al
305 3564 182 30 magazziniere,

82 3603 38 20 col
130 3602 66 23 ferro
211 3605 46 21 alla
270 3603 56 28 gola
337 3598 112 23 confessa
464 3602 25 15 a-

27 3630 61 37 ^erla
99 3636 117 23 confidata
228 3639 47 21 alla
288 3634 100 29 moglie,
400 3633 25 21 la
432 3636 57 22 qua-

27 3665 21 14 ie
58 3669 14 16 o
79 3666 79 25 fedele
170 3675 15 16 o
197 3672 106 28 maligna
314 3675 28 16 se
351 3669 24 21 la
386 3670 61 18 cava
464 3663 23 21 di

27 3692 60 27 tasca
106 3702 30 21 ed
149 3703 25 21 in
190 3709 33 16 un
235 3705 83 21 attimo
330 3703 23 21 la
372 3699 117 24 sbalestra

28 3729 35 20 nel
70 3737 63 19 mare
141 3742 6 20 ;
155 3742 53 16 non
216 3743 46 23 per
268 3739 67 21 tanto
347 3731 142 31 sbigottisce

511 2821 18 21 il
541 2819 125 26 Masseria,
680 2818 46 23 cbe
744 2818 82 28 spintô
839 2818 18 21 il
870 2817 110 29 figliuolo

512 2860 13 16 e
536 2860 33 16 un
581 2855 69 26 prete
662 2853 25 21 in
700 2852 60 22 cima
773 2852 22 21 al
811 2851 108 22 maschio
936 2857 45 21 per

512 2888 56 22 dare
577 2887 16 21 il
605 2891 76 23 segno
691 2886 38 22 col
740 2890 112 17 cannone
865 2886 24 20 al
900 2884 81 22 Butta-

512 2921 80 26 fuoco,
605 2919 102 23 affmchè
723 2921 108 19 tentasse
842 2919 23 21 la
884 2918 95 25 scalata,

513 2957 63 20 resta
585 2953 117 23 coll’altro
711 2955 67 25 prete
785 2958 14 16 a
808 2957 111 22 rompere
927 2951 54 22 rus-

513 2989 39 22 cio
563 2988 64 22 délia
637 2986 158 28 polveriera..
806 2986 20 22 Il
839 2985 66 28 figlio
918 2984 63 22 Mas-

513 3022 64 22 seria
588 3022 95 20 accosta
694 3021 23 20 la
729 3020 88 21 miccia
828 3018 127 26 alfocone,
968 3024 13 15 e

513 3057 18 21 il
548 3056 71 26 colpo
630 3059 49 17 non
693 3055 67 26 parte
768 3059 6 19 ;
786 3055 67 19 tenta
869 3052 30 21 da
911 3056 68 23 capo,

513 3096 13 15 e
539 3090 103 24 invano;
655 3087 124 28 specolato
788 3086 20 22 il
818 3091 71 23 pezzo
896 3086 26 21 lo
933 3087 49 20 tro-

513 3129 32 15 va
563 3122 94 22 scarico
665 3127 6 20 ;
694 3120 87 22 adesso
800 3122 95 19 mentre
925 3118 56 27 quel

513 3156 77 29 grami
602 3154 89 29 poveri
703 3154 25 21 di
738 3153 150 28 consigiiosi
899 3152 83 21 baloc-

514 3195 61 17 cano
583 3188 73 26 lassù,
669 3193 32 16 un
712 3187 93 27 nugolo
817 3187 22 21 di
852 3186 64 27 pâlie
927 3191 55 21 spa-

513 3226 51 20 rate
584 3222 24 22 di
625 3227 62 19 casa,
700 3221 18 21 il
740 3220 169 22 commissario
932 3224 50 16 am-

513 3262 79 17 mazza
603 3256 19 21 il
638 3254 127 25 Masseria,
778 3259 13 15 e
803 3252 89 22 ferisce
900 3252 19 21 il
929 3257 53 22 prê-

513 3294 33 19 te.
557 3290 11 21 I
587 3288 117 29 prigioni,
714 3286 106 26 liberati,
838 3287 65 20 vista
921 3285 59 27 ogni

515 3330 57 17 cosa
583 3329 13 15 a
615 3322 122 24 rovescio,
755 3320 92 21 inviliti
859 3319 122 21 disertano

514 3360 22 20 la
545 3358 76 27 porta,
634 3355 45 22 che
692 3354 73 22 viene
771 3352 101 23 sforzata
884 3352 38 21 dai
932 3351 50 22 Ge-

514 3390 85 24 novesi
609 3388 153 27 irrompenti.
773 3386 22 22 Il
808 3385 118 23 Masseria
937 3384 44 22 che

515 3426 21 21 si
548 3424 135 27 adoperava
699 3422 97 21 intorno
808 3420 46 21 alla
861 3418 121 28 polverie-

514 3465 34 19 ra,
559 3458 24 21 la
593 3457 80 26 quale,
695 3456 61 21 oltre
771 3454 47 21 alla
833 3452 147 25 estimativa,

515 3493 22 21 ai
544 3490 52 23 suoi
606 3489 107 27 supremi
721 3487 82 23 conati
812 3487 127 23 resisteva,
949 3485 31 21 fe-

514 3526 48 23 rito
582 3531 12 14 a
614 3524 80 20 morte
712 3526 70 17 casca
789 3527 6 19 ;
817 3518 164 23 nondimanco

515 3563 79 18 messo
614 3556 22 21 ai
646 3554 124 26 tormenti,
788 3551 98 28 incolpò
902 3551 28 21 sè
938 3557 13 15 e
962 3551 20 21 il

514 3591 102 30 figliolo,
625 3589 8 21 i
645 3588 63 28 preti
715 3588 66 21 disse
790 3585 77 29 ignari
877 3584 103 25 ditutto,

515 3633 13 15 e
541 3627 28 22 da
579 3624 31 22 lui
623 3622 110 24 condotti
744 3626 44 23 per
799 3619 94 27 diporto
904 3617 76 25 lassù;

514 3660 51 22 indi
582 3664 13 15 a
606 3661 63 20 poco
681 3655 102 21 moriva.
799 3652 80 22 Uomo
900 3651 81 26 degno

515 3694 25 22 di
551 3690 117 25 memoria
682 3689 65 21 nélle
758 3686 75 23 storie
848 3690 43 21 per
900 3683 82 21 l’ardi-

514 3728 90 23 mento,
619 3729 44 23 per
671 3723 25 21 la
706 3721 48 22 fine
767 3723 129 25 generosa,
912 3722 14 16 e
937 3722 44 22 per

1006 2817 23 21 la
1050 2816 178 29 magnanimité
1257 2812 54 32 sua,'
1329 2817 87 22 dacchè
1436 2818 42 21 nel

1006 2851 110 21 mettersi
1125 2856 14 16 a
1155 2852 69 20 tanto
1243 2851 128 28 sbaraglio,
1391 2851 86 21 niente

1007 2884 179 22 avevachiesto
1198 2890 45 21 per
1254 2884 39 26 sè;
1305 2885 54 21 solo
1375 2884 102 28 qualche

1007 2917 134 29 privilegio
1167 2918 52 27 pei.
1230 2918 56 21 snoi
1308 2918 167 22 concittadini.

1007 2950 86 22 Tentai
1104 2956 62 16 anco
1179 2952 160 26 sorprendere
1348 2952 18 20 il
1377 2951 61 22 forte
1450 2951 25 21 di

1008 2984 47 22 San
1067 2984 142 28 Pellegrino
1220 2990 14 15 e
1247 2990 49 16 non
1304 2985 74 22 l’ebbi
1393 2984 83 28 all’op-

1008 3020 71 25 posto
1097 3018 27 21 vi
1136 3018 85 27 perdei
1242 3017 81 23 Felice
1341 3018 134 26 Valentini,

1008 3051 94 22 soldato
1120 3051 24 21 di
1153 3052 95 25 valore,
1264 3057 14 16 e
1297 3052 51 22 mio
1360 3054 99 25 parente
1467 3060 8 18 ;

1007 3085 22 21 la
1040 3090 73 22 presa
1128 3085 63 21 dalla
1200 3087 67 19 torre
1279 3085 60 22 dalla
1355 3084 121 23 Paludella

1008 3123 49 17 non
1072 3118 56 22 vale
1139 3118 18 21 il
1174 3118 85 28 pregio
1281 3119 24 21 di
1322 3124 80 16 essere
1414 3119 71 21 ram-'

1007 3153 114 23 mentata,
1137 3150 82 22 sicchè
1235 3152 44 21 voi
1291 3152 86 21 vedete
1389 3152 44 21 che
1449 3152 26 22 io

1007 3190 51 17 non
1078 3190 74 22 posso
1174 3185 25 21 in
1217 3185 125 22 coscienza
1364 3185 112 22 venire-a

1008 3220 97 20 contesa
1116 3218 24 21 di
1152 3218 65 21 fama
1228 3224 47 16 con
1290 3218 124 22 Demetrio
1428 3218 48 22 Po-

1009 3251 105 22 liorcète
1122 3250 30 30 (i)
1168 3252 32 21 nè
1209 3257 46 16 con
1272 3252 137 28 Ambrogio
1420 3252 57 27 Spi-

1007 3285 56 22 nola
1074 3286 173 27 espugnatore
1256 3285 29 21 di
1289 3287 121 26 Jorte^e.

1034 3330 29 4 —
1071 3318 140 22 Benissimo
1219 3324 6 20 ;
1245 3318 33 21 bo
1295 3318 121 22 avvertito
1435 3319 42 21 nel

1007 3354 86 20 vostro
1105 3352 111 21 discorso
1228 3351 45 22 che
1286 3354 69 20 avete
1365 3353 112 27 ragiona-

1008 3387 26 20 to
1044 3384 24 22 di
1080 3384 92 22 milizie
1182 3384 103 28 regolari
1302 3390 15 15 e
1330 3386 26 21 di
1367 3386 109 21 volonta-

1008 3419 31 21 rii
1047 3425 5 19 ;
1070 3424 15 16 a
1093 3424 40 16 me
1141 3419 24 21 la
1176 3417 64 22 fama
1249 3417 71 22 riferi
1330 3419 45 21 che
1389 3419 24 21 di
1425 3420 52 21 sol-

1008 3452 49 22 dati
1064 3451 73 22 fermi
1145 3457 51 16 non
1206 3452 192 22 conoscevatein
1406 3457 71 23 ques-

1008 3487 24 19 ta
1043 3485 63 22 isola
1116 3486 24 21 la
1151 3485 64 21 mala
1224 3490 118 16 semenza.

1035 3530 29 4 —
1071 3518 107 27 Porgete
1188 3518 95 21 ascolto
1295 3523 6 19 ;
1311 3519 67 21 tanto
1388 3519 13 21 è
1409 3519 68 21 vole-

1007 3557 27 15 re
1050 3551 116 22 sfondare
1177 3551 18 21 il
1204 3551 62 21 cielo
1280 3555 46 16 con
1335 3557 34 15 un
1384 3556 90 24 pugno,

1009 3584 45 22 che
1067 3589 114 23 premere
1193 3584 25 21 di
1238 3584 102 20 vincere
1351 3585 23 21 le
1388 3590 88 23 guerre

1052 3617 135 22 volontarii
1196 3616 48 22 soli
1253 3623 6 19 ;
1271 3616 167 30 l’ammiraglio
1449 3618 27 20 di

1009 3650 105 29 Coligny
1123 3649 79 22 iasciò
1214 3650 68 21 detto
1291 3655 79 16 amare
1384 3651 92 28 meglio

1008 3684 23 21 di
1041 3684 121 22 cor.durre
1168 3683 68 21 mille
1249 3682 92 22 diavoli
1351 3683 44 22 che
1404 3686 72 19 cento

1008 3716 138 26 volontarii,
1160 3716 30 20 ed
1205 3716 24 21 io
1242 3717 118 20 consento
1369 3722 46 16 con
1430 3717 45 21 lui.

1504 2817 74 23 Senza
1594 2819 131 28 disciplina
1742 2823 74 26 gente
1828 2823 91 20 armata
1936 2827 38 16 sa-

1503 2858 76 16 ranno
1592 2854 156 26 masnadieri,
1759 2855 141 27 guastatori,
1908 2857 64 20 tutto

1503 2888 91 24 quanto
1605 2889 107 24 vorrete,
1724 2890 89 20 tranne
1824 2887 90 23 milizia
1923 2891 50 19 atta

1503 2924 13 16 a
1524 2920 100 21 vincere
1633 2920 116 29 battaglie
1759 2928 6 19 ;
1776 2922 8 21 i
1793 2922 130 22 volontarii
1932 2922 41 22 de-

1502 2952 82 22 sidero
1591 2959 44 21 per
1642 2955 110 27 segnarsi
1759 2955 96 26 soldati,
1864 2956 30 21 da
1903 2961 70 21 ques-

1502 2987 25 20 to
1541 2986 24 21 in
1576 2985 65 23 fuori
1652 2988 99 22 devono
1763 2989 149 28 pareggiarsi
1923 2989 49 27 agli

1503 3019 64 21 altri.
1580 3018 100 27 Quanto
1699 3022 22 20 al
1731 3022 70 22 soldo
1813 3022 102 22 sarebbe
1935 3023 38 21 lo-

1502 3052 194 28 devolepoterne
1703 3054 50 22 fare
1764 3060 14 16 a
1790 3060 72 17 meno
1869 3062 6 19 ;
1889 3055 80 22 Roma

1501 3091 45 21 per
1563 3092 44 21 374
1626 3088 57 21 anni
1696 3093 50 17 non
1763 3089 103 21 ammise
1882 3089 90 22 milizia

1501 3121 96 26 pagata,
1608 3121 76 21 allora
1695 3122 22 20 la
1732 3122 168 22 introdussero
1909 3122 7 21 i
1930 3128 43 22 pa-

1501 3152 63 22 trizii
1572 3159 45 21 per
1633 3154 143 27 gratificarsi
1788 3155 19 21 il
1814 3156 97 26 popolo,
1933 3161 39 16 ma

1502 3186 8 21 i
1529 3186 77 27 tempi
1625 3187 31 21 ed
1673 3188 7 20 i
1700 3189 104 20 costumi
1824 3189 77 21 nostri
1921 3194 51 16 non

1502 3220 142 22 concedono
1669 3223 86 24 questo
1766 3228 6 18 ;
1795 3221 33 22 bo
1859 3222 112 22 ordinato

1502 3253 47 21 due
1568 3254 146 27 reggimenti
1734 3260 14 16 a
1760 3255 39 21 cui
1813 3256 111 27 assegnai
1938 3256 34 21 is-

1501 3287 98 21 truttori
1607 3287 101 22 svizzeri
1715 3293 13 16 e
1738 3288 131 27 prussiani,
1877 3295 14 14 e
1900 3294 73 22 ques-

1501 3319 19 21 ti
1532 3324 64 22 pago
1602 3327 6 18 ;
1622 3325 26 16 se
1660 3321 9 20 i
1678 3321 48 21 casi
1740 3322 154 25 persuadono
1905 3328 13 14 a
1936 3324 36 19 te-

1501 3358 59 15 nere
1567 3353 24 20 le
1599 3353 61 20 altre
1669 3354 67 26 genti
1747 3354 62 20 oltre
1818 3354 24 21 lo
1853 3354 117 25 stabilito,

1502 3385 147 22 retribuisco
1667 3392 13 14 a
1691 3386 102 27 ragione
1805 3387 25 21 di
1841 3387 70 21 venti
1923 3388 50 21 sol-

1502 3418 24 21 di
1536 3424 44 21 per
1588 3418 97 27 giorno,
1699 3420 43 20 eci
1754 3421 87 21 stanno
1850 3421 123 20 volentie-

1502 3452 21 20 ri
1533 3458 6 19 ;
1561 3458 40 15 ma
1613 3452 19 21 il
1650 3454 85 20 nostro
1753 3453 97 22 Achille
1871 3453 100 26 Murati,

1502 3484 45 21 che
1565 3484 27 22 in
1608 3486 124 21 coscienza
1744 3487 25 20 di
1790 3487 116 21 cristiano
1917 3488 22 20 si
1959 3487 14 21 è

1501 3518 156 28 guadagnato
1676 3521 61 19 sette
1745 3520 70 21 volte
1832 3525 46 16 con
1889 3521 24 20 le
1929 3526 44 15 sue

1502 3551 106 27 imprese
1615 3551 20 21 il
1641 3556 74 16 nome
1723 3552 26 20 di
1758 3552 106 26 Achille,
1875 3553 25 20 vi
1908 3552 65 22 chia-

1501 3583 50 21 rirà
1560 3584 96 21 intorno
1669 3584 47 27 agli
1725 3585 82 21 ordini
1819 3585 63 22 delle
1890 3587 84 20 nostre

1501 3616 102 21 milizie.

1527 3660 32 4 —
1566 3648 25 22 E’
1606 3655 62 16 sono
1686 3650 80 21 ordini
1782 3651 121 27 semplici,
1921 3651 51 22 mio

1503 3687 55 16 caro
1570 3682 108 27 signore,
1691 3689 71 21 prese
1774 3690 14 14 a
1796 3690 43 21 par
1839 3685 50 21 lare
1899 3684 74 22 l’eroe

1503 3715 62 21 délia
1577 3714 112 28 Capraia,
1698 3722 73 16 uomo
1784 3717 47 21 che
1840 3718 24 21 al
1870 3718 101 26 guardo,

1999 2822 23 20 al
2032 2827 70 20 naso,
2115 2822 45 21 aile
2172 2821 79 23 forme
2262 2823 116 27 spigliate
2391 2828 80 16 rasso-

1998 2855 117 28 migliava
2135 2855 120 28 all’aquila
2265 2862 5 20 ;
2292 2856 30 21 da
2335 2856 103 22 diciotto
2458 2862 14 15 a

1998 2891 110 19 sessanta
2126 2890 57 20 anni
2207 2889 58 28 ogni
2288 2888 80 23 Côrso
2387 2889 31 22 ha
2441 2890 30 21 da

1998 2922 149 22 combattere
2157 2929 6 19 ;
2177 2922 39 21 dei
2226 2922 73 27 preti,
2309 2923 8 20 i
2329 2923 77 21 curati
2423 2923 48 22 soli

1999 2955 99 25 esclusi;
2109 2955 125 21 dividonsi
2249 2955 25 21 in
2292 2955 48 22 due
2350 2952 60 25 terzï
2419 2962 7 20 ;
2445 2961 22 17 o-

1998 2989 41 27 gni
2048 2990 66 20 terzo
2122 2994 31 15 va
2165 2989 23 20 al
2199 2994 86 21 campo
2294 2994 13 16 e
2319 2989 22 21 si
2350 2988 75 23 ferma
2434 2993 37 18 ot-

1998 3023 26 20 to
2035 3022 83 27 giorni
2131 3027 14 15 a
2156 3027 73 22 spese
2243 3022 109 27 proprie,
2366 3022 34 28 gli
2418 3023 55 21 altri

1998 3054 140 23 succedono
2157 3055 27 21 di
2202 3060 74 17 mano
2295 3056 25 21 in
2341 3061 74 17 mano
2424 3062 6 15 :
2449 3056 20 21 si

1998 3088 130 22 chiamano
2137 3088 7 21 i
2160 3088 44 27 più
2218 3088 115 27 prossimi
2352 3090 24 20 al
2390 3090 78 27 luogo

1998 3121 65 22 dove
2074 3122 21 20 si
2106 3122 67 21 tiene
2184 3122 19 21 il
2214 3127 86 22 campo
2309 3128 6 20 ;
2327 3122 8 21 i
2349 3122 95 22 rimasti
2456 3128 13 16 a

1998 3160 56 16 casa
2061 3154 20 22 si
2091 3155 154 25 addestrano,
2258 3156 119 20 massime
2387 3156 24 21 la
2426 3157 45 21 do-

1997 3188 104 25 menica,
2122 3194 14 15 e
2153 3190 70 20 tanto
2243 3189 116 21 riescono
2380 3189 90 27 capaci,

1998 3220 45 22 che
2054 3221 144 27 Ambrogio,
2209 3221 102 28 guardia
2321 3222 40 21 del
2371 3227 102 22 genera-

1997 3254 31 26 le,
2046 3259 50 16 non
2106 3254 13 21 è
2131 3255 18 20 il
2165 3255 55 21 solo
2232 3254 45 22 che
2287 3260 47 16 con
2352 3261 31 15 un
2397 3256 72 27 colpo

1997 3287 72 21 abbia
2080 3289 142 20 ammazzato
2234 3288 48 21 due
2295 3287 136 23 Genovesi.
2441 3288 29 22 In

1998 3320 59 27 ogni
2068 3326 74 21 paese
2156 3321 91 21 stanzia
2259 3327 33 15 un
2303 3322 122 26 capitano,
2444 3322 26 22 in

1999 3353 58 26 ogni
2068 3353 74 26 pieve
2152 3359 34 15 un
2206 3354 171 22 commissario
2386 3354 25 22 di
2430 3356 39 21 cui

1998 3386 24 21 lo
2033 3385 83 22 ufficio
2135 3386 114 25 consiste,
2257 3381 42 27 nel
2310 3387 85 21 levare
2408 3395 13 14 e
2437 3389 33 21 is-

1997 3418 76 22 truire
2084 3419 25 21 le
2119 3420 93 20 reclute
2222 3425 6 19 ;
2238 3420 23 20 ci
2270 3425 64 16 sono
2343 3421 8 20 i
2361 3421 47 22 due
2416 3428 55 23 reg-

1998 3452 106 26 gimenti
2123 3452 39 21 dei
2179 3453 64 26 quali
2257 3453 27 21 vi
2296 3453 32 21 ha
2344 3456 92 25 parlato
2453 3458 18 22 il

1998 3486 122 26 generale,
2130 3486 23 20 la
2164 3491 44 15 sua
2216 3486 110 27 guardia,
2340 3490 78 25 quella
2429 3491 39 22 dei

1998 3518 146 27 magistratï,
2157 3524 15 15 e
2191 3519 41 26 qui
2247 3519 87 23 finisce
2342 3528 6 19 ;
2361 3524 55 21 tutti
2432 3525 37 22 in-

1999 3551 78 21 sieme
2087 3556 109 22 possono
2214 3557 123 19 sommare
2348 3562 13 15 a
2371 3563 97 22 quaran-

1998 3584 83 21 tamila
2093 3584 101 26 uomini,
2210 3591 39 15 ma
2263 3586 29 22 da
2301 3588 60 24 farci
2370 3593 98 26 proprio

1999 3619 186 25 assegnamento
2203 3624 79 22 sopra,
2298 3628 33 16 un
2349 3626 121 23 venticin-

1999 3650 114 27 quemila.

2167 3719 157 34 {Cuntin.ua)
