2590 3888
82 161 48 26 nis
141 157 136 30 Corsicae,
286 155 121 32 dunque,
419 159 46 17 ma
476 150 81 34 piut-

83 195 80 29 tostù
174 194 122 27 Initium
307 191 137 27 Corsicae.

119 238 27 25 P
146 245 32 17 as
178 244 36 26 qu
216 235 46 25 ale
290 232 87 26 Paoli
403 230 107 26 mérita
538 235 17 16 a

84 280 100 25 noslra
205 275 119 33 fiducia.
345 273 25 25 P
382 280 19 16 u
412 271 103 25 nostru
530 275 25 17 c-

86 319 85 23 ternu
190 315 141 26 Mentore,
353 318 18 16 a
383 316 49 17 1101
455 306 54 26 C01
515 314 37 21 si-,

86 365 80 18 cume
187 353 97 27 eterni
301 351 83 26 Ment
386 357 14 16 o
403 348 30 25 ri
452 356 15 16 s
468 350 14 22 à
499 349 57 31 per

85 394 77 25 altri
179 390 107 35 populi
293 388 54 35 più
364 395 18 17 o
399 393 82 18 menu
495 391 61 18 mu-

85 435 20 24 et
106 442 31 17 er
139 433 41 30 ni,
196 432 57 33 più
267 439 14 16 o
294 437 82 17 menu
395 425 162 35 equatoria-

85 475 35 31 li,
136 474 12 25 i
161 472 206 32 Washington,
380 468 12 25 i
403 467 131 25 Bolivar.
545 465 12 24 i

87 512 143 26 Mehemet
242 509 61 26 Ali.

120 553 97 26 Videa
235 551 34 25 di
288 558 17 17 a
318 548 131 33 Na\ione
467 548 53 31 per
539 552 18 17 a

87 594 85 33 quale
181 589 188 35 sacrificlrede
381 588 118 24 Tintera
513 585 45 24 vi-

88 636 39 28 ta,
154 629 199 28 cumbattendu
389 624 169 28 cuntinual-

88 675 92 25 mente
191 674 56 31 per
258 678 18 17 a
286 670 36 24 so’
335 668 220 32 reah%%a%ione,

88 722 49 18 era
157 712 51 26 abh
210 720 32 17 as
245 712 82 32 tanga
351 708 133 29 sublime,
509 714 49 25 gé-

87 755 89 30 niale,
190 751 160 33 parcITellu
367 750 147 25 memtassi
525 746 33 25 di

84 796 104 34 piglià
208 797 22 31 p
233 802 30 16 os
265 795 29 23 tu
316 791 131 26 accanfa
468 788 90 35 qüelh

89 838 109 25 immur
200 837 12 23 t
212 834 53 31 ali,
288 833 30 25 in
321 833 34 25 de
373 840 21 17 u
413 831 147 25 Panteone

89 878 43 25 d'i
144 875 154 27 liberatori
309 874 32 25 di
348 872 117 35 populi.

122 918 36 31 E,
168 914 211 37 penetrenduci
389 914 29 24 bè
429 913 34 25 di
470 920 19 17 u
499 911 60 35 spi-

88 960 64 26 ritu
170 959 33 24 di
214 957 125 26 assoluta
358 957 29 24 tr
388 963 31 17 as
421 953 138 33 condensa

89 1001 33 25 di
144 1008 19 17 a
180 1000 39 24 so’
242 1001 98 31 opara,
366 996 194 34 oapisceremu

89 1041 110 35 megliu
212 1041 12 24 i
236 1039 92 26 nobili
338 1037 96 35 sfer^i
452 1035 109 27 tentati

89 1085 88 28 altre,
199 1082 37 25 da
253 1080 110 26 eroichi
379 1076 182 28 cunduttieri

89 1125 34 25 di
133 1124 79 33 jente
221 1124 180 28 suttumessa,
413 1119 148 26 chiamata

88 1166 104 26 ribelle
205 1164 39 25 da
255 1164 13 25 i
275 1162 124 36 guverni
411 1162 150 25 interessa-

90 1208 36 25 ti.
142 1206 199 34 Capisceremu
354 1203 111 35 megliu
477 1202 84 35 oghie

90 1249 138 33 Vagitata
250 1247 169 34 primavera
437 1245 124 25 indiana

91 1297 79 17 cume
179 1289 53 24 noi
242 1296 95 17 avemu
356 1286 111 34 megliu
483 1285 78 34 capi-

91 1333 33 23 tu
134 1330 137 30 erimane,
290 1337 18 16 a
320 1328 117 33 tragica
447 1327 114 33 prima-

90 1380 67 17 vera
167 1371 120 34 e^i^ana
299 1377 14 17 0
325 1367 223 27 marucchina...

126 1412 118 34 Aprile,
274 1411 118 25 cantatu
422 1417 33 18 eu
479 1410 82 32 porte

91 1454 100 34 puesia
213 1453 35 25 de
271 1452 135 25 Tantarti
426 1451 136 33 migliori

91 1496 34 25 di
143 1503 20 17 u
178 1496 103 23 nostru
291 1496 92 31 paese,
409 1492 117 32 fmrisce
547 1501 15 16 e

91 1536 167 26 riverdisce.

399 1580 31 24 P.
444 1580 33 24 di
489 1580 36 24 B.

125 1724 31 24 A
169 1724 182 29 Cimquista
359 1723 168 24 Francese

218 1765 33 25 di
265 1773 20 16 a
297 1764 138 25 Corsica

147 1809 38 28 (da
198 1816 31 14 un
242 1809 110 28 giurnale
364 1809 25 20 di
401 1807 104 30 l’epuca)

206 1859 79 18 Volume
295 1858 20 17 di
324 1857 35 18 2G4
370 1858 75 22 pagine.

221 1895 79 17 Prezzu:
310 1894 12 17 S
333 1894 99 19 franchi.

146 1937 85 22 Ajacciu,
241 1936 101 22 Stamperia
355 1936 19 18 di
384 1936 19 18 A
416 1935 87 19 Muvra.

424 2043 138 27 DONNE
582 2042 148 28 NOSTRE

724 141 188 53 Mistral
953 145 51 44 et
1036 138 30 49 F
1076 136 161 51 Union
1274 133 151 52 latine

608 252 99 20 L’année
720 250 49 24 ig3o
787 252 35 17 est
839 252 103 20 presque
958 245 100 20 entière-

582 283 62 16 ment
653 279 98 24 remplie
760 283 42 18 par
807 276 21 20 la
836 274 141 21 célébration
984 273 74 19 solen-

582 306 62 21 nelle
650 306 43 19 des
702 305 86 25 grands
800 301 176 22 anniversaires
988 299 71 25 poéti-

582 340 70 18 ques:
662 333 21 19 le
693 331 159 21 romantisme,
859 326 198 27 Virgile,Mistral.

583 361 31 20 Le
619 359 136 21 centenaire
764 359 28 19 de
801 358 22 19 la
832 356 124 21 naissance
968 354 28 20 de
1006 353 54 19 Mis-

583 383 43 24 tral
635 387 82 19 mérite
726 386 28 20 de
763 384 88 21 retenir
864 386 51 17 tout
929 380 130 26 particuliè-

584 417 89 17 rement
681 411 188 22 notreattention
877 416 46 13 non
929 408 130 21 seulement

583 448 66 19 parce
663 447 48 18 que
724 440 23 20 le
762 440 68 24 poète
845 444 45 18 que
905 437 45 19 l’on
959 441 101 14 commé-

583 475 63 14 moré
661 471 37 17 est
713 474 30 12 un
758 467 41 19 des
815 465 52 24 plus
883 463 87 25 grands
988 461 71 26 qu’ait

584 495 105 26 produits
698 493 142 22 l'humanité,
851 491 58 20 mais
918 496 84 14 encore
1011 495 49 18 par-

584 530 26 14 ce
618 522 54 26 qu’il
683 520 140 26 personnifie
832 526 47 13 une
888 518 60 21 belle
961 520 23 17 et
991 515 68 21 noble

584 551 50 20 idée
642 549 113 26 politique
764 552 22 16 et
795 547 95 23 sociale,
905 552 44 14 une
958 544 52 21 idée
1018 543 41 25 qui

584 579 98 23 dépasse
691 577 33 19 les
733 576 122 19 frontières
869 578 23 15 et
906 579 40 13 sur
959 571 101 25 laquelle

584 610 82 18 repose
675 603 99 20 l’avenir
782 602 29 19 de
820 601 20 19 la
850 599 141 21 civilisation
1001 597 60 20 occi-

584 630 92 21 dentale
684 637 6 12 :
701 629 66 20 l’idée
776 628 28 19 de
814 627 87 20 l’union
911 626 80 20 latine.

609 657 109 20 Frédéric
732 655 98 22 Mistral,
853 654 41 24 qui
914 652 80 25 naquit
1011 651 22 20 le
1047 650 13 20 8

584 684 131 25 septembre
724 683 50 20 i83o
787 682 57 19 dans
853 688 31 13 un
894 680 93 20 humble
996 678 65 20 villa-

584 719 29 18 ge
628 712 28 19 de
671 712 128 21 Provence,
814 709 84 24 village
913 707 55 25 qu’il
983 713 12 12 a
1009 705 51 25 déjà

584 739 42 20 fait
632 742 78 17 entrer
718 738 58 19 dans
783 735 166 22 l’immortalité
955 741 6 13 :
975 733 86 21 Mailla-

585 766 135 25 ne,Mistral,
727 765 115 24 dis-je,est
850 770 31 13 un
887 763 28 20 de
922 768 38 14 ces
966 761 93 25 phares,

585 795 39 25 qui
638 795 29 19 de
680 794 48 19 loin
743 799 28 14 en
785 792 48 20 loin
842 791 110 20 éclairent
961 789 101 21 l’intelli-

586 828 73 20 gence
664 825 24 16 et
695 820 145 21 nourrissent
847 818 118 21 l’émotion
974 816 88 21 humai-

586 856 50 15 nes.
645 849 43 20 J’ai
698 855 29 14 eu
736 848 21 20 le
767 854 52 13 rare
828 847 105 20 bonheur
942 846 29 19 de
979 845 21 19 le
1010 850 52 14 con-

587 878 74 20 naître
669 880 24 17 et
699 876 123 20 l’honneur
827 874 28 20 de
861 873 153 25 l’approcher.
1018 871 43 20 J’ai

586 911 85 14 encore
685 905 96 23 présent
794 903 13 19 à
823 902 21 20 la
854 901 111 20 mémoire
971 910 25 4 —
1002 905 61 14 com-

586 939 36 14 me
635 933 19 20 si
669 931 78 21 c’était
760 930 75 20 d’hier
842 936 66 13 —un
924 925 138 28 après-midi

586 961 69 25 passé
663 966 57 14 avec
728 959 32 20 lui
768 959 16 19 il
791 965 14 18 y
812 965 12 12 a
834 958 52 24 près
895 957 28 20 de
933 955 128 25 vingt-cinq

586 995 50 17 ans,
644 988 59 19 dans
713 986 98 21 l’ancien
820 985 96 20 Museon
925 983 88 20 d’Arles
1023 980 39 27 qu’

587 1016 16 20 il
611 1015 62 20 avait
681 1014 71 20 fondé
767 1017 24 16 et
806 1013 29 20 où
851 1012 15 20 il
881 1011 78 20 venait
967 1014 54 16 tous
1029 1010 33 19 les

584 1043 77 26 jeudis
675 1042 88 20 classer
777 1040 114 25 quelques
905 1039 84 24 objets,
1005 1037 58 20 rédi-

586 1078 41 18 ger
640 1070 40 20 des
696 1069 125 24 étiquettes
830 1066 147 21 indicatrices
991 1069 23 16 et
1026 1065 37 20 ba-

588 1095 334 26 varderavecquelquesamis.
931 1102 10 11 «
949 1093 115 20 Croiriez-

588 1132 65 17 vous,
663 1131 38 14 me
710 1124 69 23 dit-il,
788 1130 46 18 que
840 1123 25 24 je
873 1122 49 21 suis
931 1128 77 13 connu
1015 1120 48 25 jus-

587 1161 45 19 que
645 1154 58 20 dans
719 1158 41 14 vos
777 1150 108 26 maquis?
899 1149 76 25 Voyez
988 1155 40 14 sur
1036 1154 26 14 ce

588 1183 57 23 bois,
655 1187 37 14 ma
702 1180 73 25 figure
784 1179 86 25 gravée
879 1184 41 19 par
934 1184 30 13 un
981 1177 82 23 berger

587 1216 92 15 corse.»
690 1208 28 21 Et
732 1207 170 21 effectivement
916 1205 78 20 c’était
1008 1204 54 20 bien

587 1245 42 14 son
637 1236 133 26 légendaire
778 1235 79 24 visage
863 1235 13 19 à
883 1233 134 25 l’impériale
1023 1233 41 20 im-

587 1265 118 25 peccable,
720 1270 29 12 au
763 1263 66 24 large
843 1262 71 22 front,
929 1267 28 13 au
971 1267 43 13 nez
1021 1260 40 23 fin,

588 1299 44 14 aux
638 1297 62 19 yeux
708 1290 119 25 profonds.
843 1289 27 20 Et
884 1288 98 20 l’artiste
995 1288 69 19 rusti-

587 1326 45 19 que
639 1319 65 20 avait
712 1318 44 20 mis
765 1323 56 14 sous
830 1317 22 19 le
860 1315 100 26 portrait
972 1315 22 20 le
1008 1321 54 14 nom

587 1348 30 20 du
627 1347 67 25 poète
708 1344 85 25 auquel
809 1344 16 20 il
840 1343 62 21 avait
915 1343 91 24 envoyé
1019 1348 43 14 son

587 1381 80 15 oeuvre
680 1374 22 20 si
716 1373 136 20 touchante.
867 1371 28 21 Et
910 1370 89 21 Mistral
1009 1371 54 19 était

588 1403 41 21 fier
636 1403 29 20 de
674 1405 38 17 cet
719 1401 122 24 hommage
850 1400 53 19 d’un
913 1400 65 24 pâtre
986 1404 76 15 corse.

612 1431 18 20 II
646 1429 150 23 considérait,
814 1428 30 20 du
863 1431 70 19 reste,
955 1427 22 20 la
990 1426 73 21 Corse

588 1464 89 15 comme
688 1464 30 13 un
727 1457 41 20 des
774 1456 87 25 joyaux
867 1455 30 20 du
904 1455 84 20 monde
996 1455 65 22 latin,

588 1490 21 17 et
616 1487 219 21 récemment,notre
843 1483 113 20 excellent
964 1482 46 21 ami
1019 1483 45 19 Do-

588 1514 106 25 minique
703 1512 109 20 Vecchini
821 1517 36 14 me
866 1511 114 25 rappelait
988 1511 22 19 la
1021 1510 43 20 let-

588 1546 34 17 tre
634 1541 57 25 qu’il
705 1540 63 21 avait
783 1545 68 18 reçue
858 1539 31 20 du
898 1539 130 20 Maillanais
1041 1542 22 16 et

588 1566 475 29 quicontientcettephraseprestigieuse:

589 1597 81 21 «Vous
684 1602 55 14 avez
753 1595 121 23 conservé,
890 1600 65 18 vous,
969 1594 93 24 Corses,

588 1629 65 17 votre
661 1624 107 23 dialecte,
775 1623 94 20 dernier
877 1622 103 25 symbole
988 1622 29 20 de
1025 1628 39 15 vo-

588 1658 35 16 tre
630 1652 187 24 indépendance.
825 1655 11 11 »

612 1683 126 25 Pourquoi,
745 1682 118 22 dira-t-on,
869 1681 89 20 Mistral
968 1687 96 18 person-

588 1711 98 21 nifie-t-il
695 1710 69 21 l’idée
773 1709 28 20 de
810 1709 87 20 l’union
906 1709 90 20 latine?
1010 1709 53 20 Par-

587 1746 26 14 ce
621 1739 54 26 qu’il
684 1742 35 16 est
728 1738 22 20 le
756 1737 124 20 fondateur
893 1737 30 20 du
938 1737 124 25 Féübrige,

587 1768 23 20 la
618 1766 141 26 magnifique
767 1765 93 24 pléiade
868 1765 41 20 des
917 1765 81 25 poètes
1012 1771 50 19 pro-

587 1801 112 18 vençaux,
706 1793 41 26 qui
755 1793 118 20 s’unirent
883 1800 29 13 en
922 1793 59 24 1864,
987 1797 23 16 et
1018 1799 45 19 que

587 1823 22 20 le
623 1822 115 25 Féübrige
750 1825 36 16 est
798 1821 15 20 à
825 1821 24 20 la
863 1821 56 20 base
933 1821 28 20 de
976 1824 52 17 tout
1041 1821 22 20 le

587 1853 148 17 mouvement
742 1849 142 20 intellectuel
892 1849 57 19 latin
960 1849 29 20 de
997 1849 22 20 la
1026 1855 37 14 se-

588 1879 74 20 conde
670 1878 82 20 moitié
760 1878 31 19 du
801 1881 32 21 19e
842 1877 77 20 siècle.
934 1877 89 20 Mistral
1031 1884 30 14 en

588 1907 112 22 relevant,
715 1912 29 14 en
759 1906 105 20 recréant
878 1911 61 18 pour
946 1905 59 20 ainsi
1013 1906 49 20 dire

587 1934 21 20 la
616 1935 85 24 langue
710 1933 138 25 provençale
860 1933 39 25 qui
908 1933 81 24 depuis
997 1934 23 18 le
1029 1933 33 20 15e

1085 242 72 21 siècle
1163 242 64 20 avait
1235 242 54 21 subi
1298 246 44 15 une
1352 238 55 21 telle
1420 238 88 24 éclipse
1524 243 30 18 qu

1084 277 29 13 on
1122 270 95 24 pouvait
1225 270 22 20 la
1257 269 74 21 croire
1340 272 100 19 presque
1453 267 75 17 morte

1084 297 63 20 avait
1161 298 93 19 montré
1268 302 43 19 que
1326 294 35 19 les
1375 293 112 19 dialectes
1500 291 60 20 issus

1085 324 30 19 du
1124 324 55 19 latin
1195 328 55 16 sont
1263 321 106 26 capables
1382 320 29 19 de
1422 318 139 21 ressusciter

1084 354 23 17 et
1121 351 29 19 de
1169 351 111 23 produire
1297 349 27 20 de
1342 347 124 20 véritables
1488 345 73 20 chefs-

1084 378 123 20 d’eeuvres.
1214 378 105 20 Tendant
1327 375 21 20 la
1358 374 60 20 main
1428 380 42 18 par
1478 373 82 19 dessus

1085 405 34 20 les
1135 404 138 25 frontières,,
1285 409 44 15 aux
1347 401 97 25 peuples
1457 400 39 25 qui
1511 406 50 18 par-

1085 432 71 20 laient
1172 438 87 15 encore
1277 432 41 19 des
1335 429 97 20 idiomes
1449 427 111 24 d’origine

1085 459 80 23 latine,
1175 459 58 20 mais
1244 466 46 14 non
1299 456 176 22 officiellement
1483 461 77 13 recon-

1085 492 52 17 nus,
1156 492 46 13 aux
1219 486 110 21 Catalans
1347 490 41 18 par
1409 482 112 25 exemple,
1543 481 17 20 il

1085 513 113 20 adressait
1207 520 28 13 en
1245 514 55 20 août
1309 511 58 23 1861,
1373 517 30 14 un
1410 510 67 26 appel
1483 511 77 19 émou-

1086 544 56 17 vant
1155 540 39 25 qui
1209 541 81 21 devait
1302 539 98 20 retentir
1414 538 58 21 dans
1482 541 49 17 tout
1538 537 22 20 le

1086 568 85 20 monde
1180 568 184 19 méditerranéen
1373 572 5 13 :

1109 600 11 11 «
1128 595 45 19 Des
1182 594 71 24 Alpes
1263 600 44 13 aux
1316 594 125 24 Pyrénées,
1451 592 111 20 s’écriait-

1085 621 24 23 il,
1118 625 24 15 et
1151 621 22 20 la
1183 621 63 20 main
1256 621 58 20 dans
1323 621 21 19 la
1354 620 70 23 main,
1434 620 87 24 poètes,
1528 625 34 14 re-

1086 649 82 19 levons
1183 648 62 20 donc
1258 648 22 20 le
1294 648 70 20 vieux
1373 648 76 24 parler
1458 647 88 20 romain
1554 646 5 20 !

1086 676 60 19 C’est
1154 676 22 19 là
1186 676 22 20 le
1217 676 68 25 signe
1293 675 28 21 de
1329 675 95 24 famille,
1439 676 55 19 c’est
1507 675 21 20 là
1538 674 23 20 le

1086 707 133 16 sacrement
1232 703 42 25 qui
1289 703 50 20 unit
1346 703 35 20 les
1389 703 36 20 fils
1434 709 45 14 aux
1485 702 75 23 aieux,

1086 730 109 21 l’homme
1203 732 14 19 à
1225 731 23 20 la
1258 734 60 17 terre
1324 731 6 20 !
1346 731 116 20 Relevons
1471 730 60 20 donc
1538 729 23 20 le

1087 758 66 20 vieux
1162 759 80 24 parler
1252 758 95 21 romain.

1111 785 29 20 Et
1153 786 97 25 lorsque
1264 790 68 20 parut
1345 786 23 20 la
1379 786 88 25 grande
1476 787 85 24 épopée

1087 813 114 25 rustique,
1211 817 61 17 cette
1279 814 82 20 Miréio
1374 821 44 18 que
1432 814 130 20 Lamartine

1087 841 65 20 salua
1169 848 57 13 avec
1243 841 187 21 l’enthousiasme
1451 848 44 19 que
1515 842 45 20 l’on

1088 868 51 23 sait,
1155 875 25 14 ce
1195 869 37 20 fut
1248 875 30 13 un
1293 870 32 19 cri
1335 870 160 20 d’admiration
1505 870 58 20 dans

1087 899 50 16 tout
1144 896 141 21 l’Occident.
1294 897 33 20 Ce
1335 899 81 23 poème
1424 898 29 20 de
1462 898 22 20 la
1493 902 68 19 terre,

1088 924 27 19 de
1124 923 99 21 l’amour
1232 928 23 16 et
1263 924 29 20 de
1301 925 21 20 la
1330 929 70 20 mort,
1413 926 39 24 qui
1467 930 95 21 apporte

1088 957 31 14 un
1134 957 43 14 son
1192 958 116 17 nouveau,
1323 959 47 14 une
1382 956 55 17 note
1445 953 118 20 inconnue

1086 978 151 25 jusqu’alors,
1254 986 30 13 ou
1301 986 28 14 en
1351 984 52 16 tout
1423 987 38 14 cas
1483 981 81 25 depuis

1087 1006 133 25 longtemps
1238 1007 99 24 oubliée,
1360 1014 26 14 ce
1407 1009 81 24 poème
1508 1009 54 20 d’un

1089 1033 86 25 Virgile
1182 1035 115 23 chrétien,
1306 1036 28 19 où
1344 1036 73 25 parmi
1426 1036 33 20 les
1468 1037 96 20 collines

1088 1062 148 21 embaumées
1245 1062 29 20 de
1283 1063 61 24 thym
1355 1070 28 13 ou
1393 1064 57 20 dans
1458 1064 33 20 les
1505 1065 60 24 plai-

1089 1095 40 14 nes
1146 1091 178 24 marécageuses
1341 1091 29 20 de
1386 1091 22 20 la
1426 1091 137 26 Camargue,

1088 1117 120 21 aveedans
1214 1118 21 20 le
1241 1118 96 20 lointain
1343 1119 221 21 I’immensitébleue

1088 1144 28 20 de
1131 1144 21 20 la
1166 1151 50 14 mer
1229 1146 83 24 latine,
1329 1153 30 13 on
1374 1150 52 16 sent
1438 1147 86 24 vibrer,
1533 1148 31 20 ai-

1088 1178 56 18 mer,
1152 1173 103 24 souffrir,
1263 1174 91 24 pleurer
1361 1181 46 13 une
1412 1175 51 20 âme
1472 1175 92 25 profon-

1088 1200 94 21 dément
1199 1201 119 25 humaine,
1335 1208 27 14 ce
1379 1203 81 23 poème
1479 1203 38 25 qui
1538 1204 26 20 fit

1088 1232 51 16 tout
1145 1229 29 20 de
1182 1230 63 20 suite
1254 1230 28 20 de
1291 1230 89 20 Mistral
1387 1237 31 13 un
1424 1231 29 20 de
1462 1237 38 15 ces
1509 1233 56 20 écri-

1089 1257 67 20 vains
1170 1257 29 20 de
1216 1258 69 24 génie
1299 1258 39 24 qui
1355 1259 180 24 appartiennent
1551 1261 13 20 à

1088 1283 137 21 l’humanité
1239 1286 94 23 entière,
1348 1289 43 20 est,
1405 1287 128 23 cependant
1541 1292 23 16 et

1088 1314 70 16 avant
1165 1315 60 21 tout,
1235 1320 31 13 un
1277 1313 80 25 poème
1366 1313 66 20 latin.
1446 1314 29 20 Et
1482 1314 35 21 les
1525 1321 40 14 na-

1089 1338 61 20 tions
1158 1339 30 20 du
1198 1340 63 20 Nord
1269 1341 56 20 l’ont
1338 1340 162 25 parfaitement
1511 1349 54 14 sen-

1089 1366 25 24 ti,
1124 1367 40 24 qui
1173 1371 41 16 ont
1227 1369 86 20 traduit
1322 1375 28 13 en
1360 1369 98 24 anglais,
1474 1376 27 14 en
1511 1370 53 21 alle-

1089 1395 79 24 mand,
1177 1402 29 13 en
1215 1396 102 23 suédois,
1324 1396 34 20 les
1367 1396 73 21 douze
1447 1397 83 22 chants
1536 1399 29 20 de

1089 1422 89 23 Miréio.
1193 1430 29 13 en
1238 1428 99 16 mettant
1351 1424 95 21 l’oeuvre
1454 1426 14 19 à
1477 1427 51 20 côté
1535 1427 29 20 de

1090 1450 56 21 celle
1155 1451 29 20 de
1192 1451 97 25 Virgile,
1297 1456 23 16 et
1328 1458 28 14 en
1366 1453 80 20 créant
1453 1454 42 20 des
1503 1455 62 20 chai-

1090 1484 36 14 res
1140 1479 29 20 de
1181 1479 88 25 langue
1283 1481 137 23 provençale
1434 1482 60 20 dans
1501 1483 63 20 leurs

1090 1506 153 22 Universités.
1253 1508 17 20 II
1280 1514 13 14 a
1300 1507 65 24 fallu,
1374 1515 29 13 en
1412 1509 97 25 France,
1523 1511 41 20 des

1089 1535 86 20 années
1198 1535 30 20 de
1249 1536 130 20 discussion
1408 1542 22 14 et
1454 1538 111 21 d’attente

1089 1567 72 16 avant
1176 1563 29 20 de
1222 1564 53 20 voir
1288 1564 101 20 s’ouvrir
1402 1565 58 21 dans
1475 1573 47 14 une
1534 1568 30 19 de

1089 1597 43 14 nos
1145 1590 106 26 facultés,
1265 1592 57 20 celle
1337 1592 72 25 d’Aix,
1419 1600 31 13 un
1459 1601 69 14 cours
1536 1596 29 19 de

1089 1618 83 26 langue
1180 1623 23 16 et
1211 1619 29 21 de
1248 1620 131 21 littérature
1386 1621 179 26 néo-provença-

1090 1647 42 20 les.

1114 1674 32 21 Ce
1161 1681 69 15 cours
1245 1682 13 14 a
1272 1677 44 23 été,
1332 1683 30 13 on
1377 1677 22 20 le
1407 1677 52 24 sait,
1469 1678 74 21 confié
1552 1680 12 19 à

1089 1707 66 16 notre
1164 1704 47 19 ami
1220 1704 75 21 Emile
1304 1704 80 25 Ripert
1399 1709 22 16 et
1437 1706 41 20 nul
1487 1707 77 21 mieux

1089 1737 46 18 que
1142 1731 33 20 lui
1185 1732 80 20 n’était
1274 1732 95 25 désigné
1378 1739 59 18 pour
1444 1733 22 21 le
1480 1734 85 25 profes-

1089 1765 45 14 ser.
1141 1760 162 24 Aujourd’hui,
1317 1760 89 25 Ripert,
1420 1763 68 23 après
1499 1764 66 20 avoir

1089 1787 38 20 été
1133 1788 13 19 à
1154 1788 23 19 la
1186 1788 75 24 tâche,
1277 1792 34 17 est
1324 1789 13 19 à
1351 1789 128 21 l’honneur
1490 1794 24 17 et
1521 1792 13 19 à
1543 1792 21 20 la

1085 1815 62 25 joie:
1158 1816 15 19 à
1186 1816 24 20 la
1220 1816 51 24 joie
1285 1817 27 20 de
1326 1817 52 20 voir
1392 1818 105 20 célébrer
1506 1819 60 21 dans

1088 1848 54 16 tous
1155 1844 34 20 les
1203 1850 58 19 pays
1276 1845 69 20 latins
1361 1845 22 20 le
1392 1847 135 20 centenaire
1534 1848 30 20 du

1088 1871 82 21 Maître
1177 1872 57 24 qu’il
1243 1879 13 14 a
1265 1873 81 24 éxalté,
1361 1874 30 20 du
1408 1875 67 23 poète
1483 1876 55 24 qu’il
1552 1882 12 14 a

1087 1900 196 21 admirablement
1290 1902 61 23 loué,
1361 1909 27 13 en
1399 1909 68 18 prose
1476 1909 89 15 comme

1088 1934 28 13 en
1126 1934 63 14 vers.
1206 1929 23 19 II'
1240 1935 13 13 a
1267 1929 32 19 du
1315 1933 63 16 reste
1392 1930 119 21 lui-même
1519 1931 47 21 fort

1088 1956 53 20 bien
1151 1963 29 13 vu
1189 1957 23 19 le
1220 1957 106 24 puissant
1333 1957 74 21 levier
1419 1965 46 18 que
1479 1961 87 19 consti-

1087 1987 38 17 tue
1132 1984 97 20 l’oeuvre
1243 1985 163 21 mistralienne
1418 1993 61 18 pour
1491 1988 23 19 le
1527 1988 39 21 dé-

1088 2013 165 24 veloppement
1261 2014 29 19 de
1298 2014 67 21 l’idée
1374 2015 73 20 latine
1453 2023 6 12 :
1470 2020 11 11 «
1488 2016 77 21 L’idée

1085 2040 151 25 félibréenne,
1247 2042 93 24 écrit-il,
1350 2043 100 25 dépasse
1456 2044 36 20 les
1502 2044 63 21 fron-

1085 2069 70 20 tières
1164 2069 28 20 de
1201 2069 22 20 la
1232 2069 115 22 France...
1358 2071 77 20 L’idée
1443 2072 76 20 latine
1525 2073 40 20 de-

1085 2097 48 20 vait
1146 2097 99 20 devenir
1262 2105 32 13 un
1309 2099 41 20 des
1368 2099 140 25 principaux
1524 2101 41 20 ali-

1085 2129 74 16 ments
1167 2125 43 20 des
1219 2125 106 21 ferveurs
1339 2126 164 22 félibriennes.
1510 2133 11 11 »
1536 2128 28 21 Et

1085 2153 96 20 Charles
1190 2153 63 20 Brun
1263 2160 30 14 ne
1301 2154 97 21 disait-il
1413 2162 41 18 pas
1469 2163 46 18 que
1529 2156 35 21 les

1085 2182 80 24 poètes
1176 2185 43 16 ont
1232 2182 44 20 des
1289 2182 123 21 intuitions
1426 2184 40 24 qui
1478 2184 86 25 jettent

1084 2209 58 20 dans
1150 2209 171 21 l’étonnement
1330 2210 35 20 les
1373 2211 147 26 sociologues
1527 2213 36 20 les

1085 2237 76 20 mieux
1170 2237 88 21 avertis
1267 2241 23 16 et
1298 2238 34 20 les
1341 2238 54 25 plus
1404 2243 100 20 experts.

1108 2265 90 20 Mistral
1207 2269 36 16 est
1252 2272 31 13 un
1290 2266 29 20 de
1325 2272 40 14 ces
1372 2271 96 21 voyants
1474 2268 41 24 qui
1522 2273 40 16 ont

1085 2293 106 20 annoncé
1206 2293 42 20 des
1261 2294 158 24 évènements,
1435 2295 41 20 des
1488 2299 76 18 trans-

1084 2321 141 20 formations
1233 2321 100 20 sociales
1344 2323 160 20 essentielles:
1520 2324 15 20 il
1550 2331 12 13 a

1085 2349 78 20 donné
1170 2355 29 14 au
1209 2349 164 25 régionalisme
1382 2357 31 13 un
1426 2357 67 14 essor
1503 2351 61 22 ines-

1085 2377 54 24 péré
1147 2380 24 16 et
1179 2382 47 18 que
1234 2377 55 24 plus
1304 2377 51 20 rien
1371 2378 133 25 11’arrêtera,
1520 2380 16 20 il
1549 2387 13 13 a

1085 2405 97 24 préparé
1195 2404 22 20 la
1232 2405 135 20 réalisation
1382 2406 30 20 de
1422 2406 90 21 l’union
1521 2408 41 20 des

1085 2433 96 24 peuples
1188 2432 82 21 latins.
1280 2434 18 19 A
1306 2437 36 16 cet
1350 2434 79 25 égard,
1445 2441 89 15 comme
1549 2442 13 14 a

1085 2461 121 23 beaucoup
1219 2461 112 24 d’autres,
1350 2462 18 19 il
1385 2466 36 16 est
1436 2463 63 24 juste
1516 2469 47 19 que

1085 2494 42 13 son
1134 2489 137 20 centenaire
1280 2489 47 20 soit
1334 2489 64 20 aussi
1405 2490 90 20 célébré
1504 2491 58 20 dans

1085 2519 68 16 notre
1162 2515 82 22 Corse.
1254 2516 72 21 Emile
1335 2517 81 25 Ripert
1429 2518 44 20 m’a
1487 2518 75 21 confié

1084 2544 22 19 le
1114 2544 53 19 soin
1176 2543 29 20 de
1214 2545 128 20 constituer
1349 2551 31 14 un
1387 2545 90 21 Comité
1485 2551 4 17 ;
1496 2552 15 19 q
1516 2547 47 20 uoi-

1085 2577 46 19 que
1147 2575 38 16 cet
1202 2572 109 20 honneur
1328 2579 36 14 me
1384 2573 103 25 paraisse
1509 2575 52 20 bien

1085 2600 73 24 grand
1168 2605 58 19 pour
1232 2601 55 22 moi,
1291 2601 39 24 j’ai
1336 2601 226 26 consultéquelques

1085 2627 66 23 amis,
1168 2627 115 25 quelques
1298 2628 81 21 lettrés
1396 2629 40 25 qui
1451 2633 41 16 ont
1506 2630 54 20 bien

1086 2655 70 19 voulu
1169 2656 128 20 m’assurer
1311 2656 27 20 de
1353 2657 51 20 leur
1415 2663 115 15 concours
1538 2662 24 16 et

1085 2682 75 20 d’ores
1169 2686 22 17 et
1200 2683 52 24 déjà
1257 2683 25 24 je
1287 2684 50 24 puis
1346 2690 120 15 annoncer
1474 2686 87 24 qu’une

1086 2710 113 24 première
1208 2711 105 21 ébauche
1321 2712 28 20 de
1357 2713 85 20 comité
1449 2720 12 12 a
1471 2714 36 19 été
1515 2713 46 21 for-

1632 133 147 58 Impicci
1804 146 20 31 e
1850 128 162 57 ’mhrogli

1587 227 31 18 A.
1627 229 76 20 capu
1712 222 112 25 ingliio.

1614 261 17 19 U
1640 260 80 20 listinu
1730 259 22 19 di
1763 265 12 12 u
1785 256 142 21 inuvimentu
1937 255 121 23 demogra-

1588 288 42 19 ficu
1639 287 107 20 francese
1755 292 39 19 per
1801 285 77 19 l’annu
1889 287 58 20 1929*
1956 287 102 15 cummu-

1587 315 78 20 nicatu
1672 314 61 25 jorni
1742 314 21 18 là
1772 313 28 19 da
1808 318 13 13 u
1829 309 197 25 Sottusegretarïu
2034 307 23 20 di

1587 342 63 20 Statu
1658 348 12 12 a
1680 340 134 20 l’economia
1824 336 161 24 naziunale.dà
1994 342 65 14 vera-

1587 372 76 17 mente
1671 374 13 13 a
1693 367 92 20 riflelte.

1612 397 24 19 In
1646 398 107 22 rapporta
1763 401 11 13 a
1783 393 76 20 l'annu
1870 392 147 25 precedente,
2026 390 31 20 c’è

1586 427 60 16 statu
1664 422 78 20 infatti
1765 427 68 15 menu
1851 419 142 25 matrimonj,
2018 418 38 25 più

1586 450 96 23 divorzi,
1691 456 69 13 menu
1770 448 86 21 nascite
1865 455 12 13 e
1887 448 37 24 più
1935 447 76 20 morti.

1610 477 85 22 Eccuti,
1705 476 136 23 d’altronde,
1850 483 13 13 e
1872 474 129 25 prccisione
2008 481 6 12 :

1832 510 45 18 1928
1966 509 47 18 1929

1607 539 108 23 Matrimonj
1804 538 76 19 339.014
1969 536 76 19 333.441

1608 565 78 18 Divorzi
1755 572 4 5 •
1782 574 5 3 -
1805 563 75 18 -18.822
1981 562 65 18 19.333

1608 590 42 17 Nali
1662 589 43 18 vivi
1805 588 76 17 743.313
1934 602 4 4 .
1947 600 3 3 .
1970 586 77 18 728.340

1608 614 42 18 Nati
1659 614 58 17 morti
1815 612 66 18 29.174
1981 610 65 19 27.812

1586 639 55 18 Morti
1649 639 57 17 solt’a
1711 643 26 12 un
1743 642 50 14 annu
1816 636 65 19 68.100
1981 636 62 18 09.401

1587 664 55 18 Morti
1646 663 157 22 dipiùd’unannu
1808 661 76 18 007.010
1969 661 77 18 071.704

1608 689 66 18 Totale
1682 688 26 18 d’i
1717 687 57 18 morti
1808 687 76 18 073.110
1970 686 77 18 741.104

1609 714 107 19 Differenze
1722 713 39 19 nati
1769 718 10 13 e

1654 739 58 18 morti
1803 737 85 21 -5-70.205
1943 747 23 4 —
1977 737 65 18 12.304

1612 774 80 20 Tandu
1707 773 37 20 chi
1758 773 23 20 in
1795 773 24 19 lu
1832 772 50 24 1928
1890 772 6 18 i
1907 772 49 20 nati
1964 778 93 19 supera-

1590 808 59 13 vanu
1658 801 23 20 di
1690 805 73 20 70.200
1772 800 7 20 i
1789 800 76 23 morti,
1874 799 24 20 in
1908 800 22 19 lu
1940 803 51 21 1929
1999 806 13 13 e
2022 799 36 20 ba-

1589 829 92 20 rehanu
1691 832 109 21 s.uperatu
1810 828 6 19 i
1826 827 75 21 veculi
1910 827 22 20 di
1942 827 78 24 12.564.

1613 857 25 20 In
1647 860 37 17 stu
1693 856 132 25 frattempu,
1835 856 23 19 in
1868 855 127 22 Alsazia.in
2005 855 54 20 Bre-

1589 888 78 21 tagna,
1678 885 23 19 in
1710 884 99 20 Fiandra
1818 890 13 13 e
1840 883 23 20 in
1877 883 92 20 Corsica
1979 883 33 20 c’è
2021 883 36 25 più

1589 912 116 21 battezimi
1714 912 41 20 che
1763 911 107 21 funerali.

1613 940 165 20 Cunchiudite.

1590 987 122 21 Zurloni

1613 1025 87 19 Avemu
1710 1027 121 17 sustenutu
1840 1023 38 25 più
1888 1024 60 19 volte
1953 1023 36 20 chi
1996 1023 64 25 Ajac-

1591 1052 35 20 ciu
1636 1053 12 19 è
1656 1059 13 13 a
1679 1052 54 20 sede
1742 1052 66 20 d’una
1819 1051 74 20 maffia
1903 1052 35 20 chi
1948 1058 12 13 a
1969 1051 90 26 pulizza

1591 1086 30 13 un
1630 1080 58 20 deve
1695 1080 60 20 circà
1763 1086 12 13 a
1785 1079 111 20 disturbà.

1615 1107 9 20 T
1632 1107 116 24 latricinii,
1761 1107 126 20 l’imbarchi
1897 1107 163 26 digiuvanelle

1592 1142 39 17 per
1639 1142 12 13 e
1660 1142 54 13 case
1728 1135 99 24 spéciale
1833 1135 22 20 di
1865 1135 104 25 I’Europa
1979 1140 23 15 et
2010 1136 51 20 d’A-

1591 1163 97 23 merica,.
1698 1163 122 20 l’attentati
1835 1166 81 17 contru
1927 1170 12 13 e
1951 1170 107 18 persone,

1590 1197 13 14 a
1611 1191 165 24 contrabanda,
1786 1197 47 14 ecc.
1842 1197 49 14 ecc.
1900 1192 26 19 sò
1940 1198 14 13 u
1967 1191 61 21 fattu
2036 1192 23 20 di

1591 1219 7 20 i
1605 1219 96 20 membri
1711 1219 22 20 di
1743 1223 34 16 sta
1787 1220 68 20 tacite
1866 1219 158 22 nssuciazione
2037 1221 22 20 di

1591 1247 134 21 malfattori.

1614 1276 19 19 A
1647 1275 152 24 populazione
1806 1282 25 13 sa
1839 1276 37 19 chi
1886 1276 52 20 tutti
1948 1276 28 20 sti
1985 1277 75 20 delitti

1590 1309 99 18 passanu
1704 1306 62 16 sottu
1776 1303 83 23 bancu,
1869 1310 13 13 a
1892 1310 68 13 manu
1969 1310 12 13 a
1991 1310 68 14 manu

1590 1330 73 20 ch’elii
1672 1331 27 19 sò
1708 1331 131 19 cummessi.

1613 1360 20 18 A
1649 1359 89 23 pulizza
1756 1365 12 13 e
1785 1359 115 20 l’autorità
1921 1365 57 14 sanu
2000 1360 61 20 duve

1591 1390 70 17 mette
1669 1393 14 13 u
1692 1385 100 21 scalafru
1801 1393 42 19 per
1849 1387 72 24 piglià
1927 1393 12 14 a
1946 1388 61 19 maiô
2013 1394 49 18 par-

1591 1419 23 16 te
1625 1415 22 20 di
1659 1414 30 20 sti
1703 1414 123 24 traficanti,
1841 1421 40 19 per
1892 1421 13 13 u
1915 1415 46 24 più,
1976 1416 64 24 pesci
2049 1422 12 14 a

1591 1443 66 25 spinu
1669 1442 89 24 verde..

1614 1471 61 20 S’elli
1685 1477 31 13 un
1727 1470 20 20 la
1755 1477 67 16 sanu,
1833 1471 46 22 noi,
1892 1477 27 13 eu
1929 1471 59 20 tutt’i
1998 1471 65 20 citta-

1591 1499 58 24 dini,
1658 1505 13 14 a
1680 1499 15 20 li
1705 1499 139 19 diciaremu:
1860 1505 13 13 a
1888 1503 64 16 notte
1965 1499 24 20 in
2004 1499 17 20 Ii
2032 1504 32 16 ta-

1591 1528 45 25 glia
1644 1527 52 25 gole
1705 1533 13 14 a
1726 1531 62 15 carte
1797 1527 23 19 in
1830 1533 78 17 manu,
1923 1534 13 13 u
1943 1527 70 24 jornu
2024 1534 39 18 per

1591 1556 39 20 ’ssi
1637 1554 293 24 stradoni,vistutisicondu
1938 1555 124 20 u‘‘chic”di

1591 1590 12 14 a
1608 1584 71 25 place
1686 1582 98 24 Lenche,
1793 1583 74 24 scarpi
1877 1583 153 21 imbarniciati
2040 1584 23 20 in

1591 1612 59 24 pedi,
1666 1611 120 20 Borsalinu
1806 1611 24 19 in
1844 1617 58 18 capu
1916 1618 12 13 e
1945 1612 120 25 browning

1592 1641 22 20 in
1623 1644 72 16 tasca.

1615 1668 43 23 Ma,
1669 1674 41 17 per
1718 1667 79 25 quant’
1805 1667 38 20 elli
1853 1668 66 19 sianu
1930 1667 133 25 periculosi,

1592 1697 28 20 sti
1627 1696 98 23 zurloni,
1732 1696 37 20 elli
1776 1696 91 25 godenu
1874 1696 70 20 d’una
1953 1697 112 24 tranqujl-

1592 1725 41 20 lità
1641 1724 103 20 assoluta
1758 1730 12 14 e
1785 1724 68 20 d’una
1862 1728 62 16 certa
1933 1724 133 21 cunsidera-

1591 1753 66 20 zione
1666 1752 75 20 ch’elü
1749 1752 15 19 Ii
1774 1758 110 14 marcanu
1893 1751 72 25 quélli
1972 1752 46 24 chi,
2025 1759 40 18 per

1592 1781 94 23 duvere,
1695 1780 124 20 l’avananu
1829 1780 27 19 da
1866 1781 67 19 cuzzà
1942 1781 93 20 drentu.

1616 1808 36 21 Ma
1661 1808 7 20 i
1678 1808 100 25 Signori,
1787 1808 154 20 l’EccelIenze
1950 1815 12 13 e
1975 1809 7 19 i
1997 1813 68 16 ratta-

1592 1837 95 25 pilluchi
1696 1837 23 19 di
1728 1843 12 13 a
1750 1836 96 25 pulitica
1855 1836 62 21 hanu
1931 1837 98 24 bisognu
2041 1837 23 20 di

1592 1865 107 21 talfeccia
1706 1864 69 25 perfà
1784 1865 100 20 bilanciu
1890 1871 13 14 a
1909 1865 157 25 l’indignazio-

1592 1900 29 14 ne
1629 1893 23 20 di
1661 1899 13 14 a
1680 1893 67 25 jente
1755 1896 90 17 onesta.

1616 1922 17 20 E
1641 1921 21 20 si
1673 1921 70 20 risica
1752 1927 67 17 ancu,
1830 1927 12 14 a
1851 1921 73 25 palisà
1936 1922 129 24 cert’affarî,

1592 1955 12 14 a
1612 1949 142 20 rivulvarata
1763 1949 53 19 d’un
1826 1949 127 25 sgaiuffu...
1962 1956 14 13 o
1985 1956 13 14 e
2005 1953 61 17 saet-

1591 1981 22 17 te
1621 1977 22 20 di
1653 1977 125 20 Nasitorta.

1591 2025 29 20 U
1627 2024 163 21 Mahatma
1798 2024 124 21 G-andiii

1614 2062 19 19 A
1642 2060 103 21 marchia
1754 2061 24 19 di
1792 2061 6 19 i
1812 2061 17 9 “
1837 2060 89 21 Martiri
1932 2061 13 9 ”
1954 2061 110 21 continua

1591 2090 35 19 ’ne
1633 2089 91 20 l'India.
1736 2089 18 20 U
1762 2095 107 18 guvernu
1883 2089 128 20 britannicu
2027 2096 38 18 op-

1591 2123 59 19 pone
1658 2123 46 14 una
1714 2117 125 20 resistenza
1848 2117 92 24 passiva
1949 2123 12 13 a
1969 2124 14 13 u
1993 2119 73 19 muvi-

1591 2149 78 17 mentu
1676 2145 225 25 gandhista.Gandhi
1910 2145 75 20 infatti
1996 2147 70 20 unn’è

1590 2175 71 19 micca
1669 2173 135 21 mulestatu.
1814 2173 25 21 Si
1851 2180 29 14 ne
1893 2174 64 24 parla
1966 2181 45 14 cun
2022 2175 44 20 iro-

1591 2201 187 23 nia,maI’ordine
1784 2202 110 20 d’arrestu
1902 2202 22 19 di
1930 2209 15 12 u
1952 2202 112 21 Mahatma

1590 2237 31 13 un
1629 2230 102 25 ghiugne
1740 2230 81 19 micca.

1614 2257 36 21 Ma
1659 2258 82 20 d’altra
1751 2262 73 20 parte,
1831 2264 12 13 a
1850 2258 89 24 pulizza
1949 2258 27 20 ha
1987 2265 79 18 proce-

1591 2340 58 23 mée,
1659 2345 58 14 avec
1724 2339 54 20 MM.
1787 2339 125 25 Marcaggi,
1922 2339 107 24 Omessa,
2039 2340 25 20 P.

1590 2367 82 23 Rocca,
1677 2367 59 20 Jean
1746 2367 81 22 Makis,
1836 2367 55 20 Paul
1902 2367 75 24 Valot,
1984 2368 80 23 Pietri,

1589 2395 51 20 Max
1647 2395 78 25 Roger
1733 2399 23 16 et
1763 2395 102 20 d’autres
1879 2395 58 20 dont
1951 2395 35 20 les
1998 2402 66 14 noms

1589 2427 78 16 seront
1676 2423 90 24 publiés
1775 2423 189 20 incessamment.
1978 2424 19 19 A
2012 2424 54 19 Bas-

1589 2450 77 24 tia,M.
1675 2451 138 24 Dominique
1820 2450 111 21 Vecchini
1940 2451 54 20 s’est
2001 2452 64 19 char-

1588 2479 28 24 gé
1623 2479 144 24 d’organiser
1781 2478 63 20 aussi
1859 2485 31 13 un
1906 2478 90 21 Comité
2010 2479 56 20 mis-

1589 2507 84 19 tralien
1688 2509 24 17 et
1726 2512 57 14 nous
1797 2512 86 14 savons
1897 2507 55 23 qu’il
1967 2511 35 15 est
2015 2507 13 19 à
2042 2507 22 19 la

1588 2534 98 21 hauteur
1695 2534 29 19 de
1732 2538 60 16 cette
1801 2534 70 20 noble
1880 2534 75 20 tâche.

1613 2562 66 20 Ainsi
1694 2562 108 20 Frédéric
1810 2562 91 20 Mistral
1917 2568 30 14 ne
1961 2568 51 14 sera
2024 2568 40 19 pas

1589 2590 78 20 oublié
1675 2590 60 20 dans
1743 2593 62 17 cette
1813 2589 88 23 Corse,,
1908 2590 54 24 qu’il
1975 2590 88 23 aimait,

1589 2618 55 24 qu’il
1650 2618 103 25 appelait
1761 2618 22 20 la
1797 2624 63 14 soeur
1874 2618 154 21 d’outre-mer
2034 2619 30 20 de

1589 2646 21 19 la
1619 2646 129 20 Provence.

1822 2677 66 22 Paul
1903 2677 131 23 G-razianî.

1609 2716 33 19 {La
1649 2716 88 18 Nouvelle
1746 2716 66 22 Corse).

2084 116 29 20 du
2117 118 24 18 tu
2155 122 12 13 a
2182 118 63 18 vaste
2255 119 79 22 relate,
2349 119 161 30 mittenduem

2083 143 99 20 addossu
2190 150 12 13 a
2214 143 5 19 i
2229 143 38 24 più
2277 145 67 20 atlivi
2354 148 50 24 capi
2420 151 22 19 di
2456 160 13 13 u

2083 174 77 17 mentu
2170 170 21 20 di
2201 170 171 23 disubbidienza
2381 166 163 40 civile.UnaV-''

2084 198 38 25 più
2131 204 68 19 grave
2208 198 124 21 cundanne
2340 207 150 23 prununciatc
2501 214 12 19 d
2538 220 5 6 •

2084 225 107 21 tribunal!
2207 225 133 21 brittannici
2355 228 23 20 di
2386 230 80 25 I'India
2475 237 12 20 è
2495 244 19 17 st
2538 227 5 13 *

2083 253 54 24 quel
2141 253 19 19 la
2168 252 35 20 chi
2214 252 27 20 ha
2251 252 88 25 culpitu
2350 261 13 13 u
2373 256 130 30 giurnalista
2514 248 26 19 31,
2535 253 10 14 1

2083 280 119 21 ziunalista
2219 280 63 20 Amri
2293 281 48 24 Lai,
2360 283 113 26 direttore
2494 275 30 38 d”
2526 278 19 14 3'

2082 308 104 25 giurnale
2200 315 10 10 «
2218 307 138 22 Saurashtra
2365 317 17 13 ».
2397 312 86 26 Questu
2493 322 33 21 chi
2533 307 12 33 Ì

2083 335 144 21 cunsideratu
2237 341 46 14 una
2293 335 22 20 di
2325 343 12 13 e
2347 337 38 24 più
2397 339 61 24 belle
2470 335 75 37 intell^

2083 370 71 19 genze
2162 363 22 20 di
2193 370 13 13 u
2216 363 155 24 giurnalisnni
2381 366 92 26 indianu
2483 375 13 19 è
2507 361 39 38 st’'

2083 395 24 16 tu
2124 391 147 20 cundannatu
2289 398 12 13 a
2318 392 26 19 32
2358 395 57 20 mesi
2429 397 23 20 di
2464 387 82 40 prigl/'

2084 425 41 18 per
2134 419 41 20 avè
2184 418 142 25 partecipatu
2341 419 19 20 a'
2370 414 175 38 manipujazj0’°

2083 446 23 20 di
2116 453 14 13 u
2140 446 46 20 sale
2194 446 24 19 di
2227 447 165 22 contrabanda.
2527 442 20 15 ,e

2108 473 88 21 Gandhi
2212 473 37 20 chi
2265 474 29 19 ha
2308 474 94 23 Iasciatu
2419 485 12 13 e
2444 482 69 24 saline
2525 491 20 19 d'

2083 502 51 23 Aat,
2143 501 29 20 ha
2181 501 94 21 iniziatu
2286 509 30 13 un
2326 503 53 24 giru
2392 505 22 20 di
2429 514 95 24 propaga
2539 499 6 13 ‘

2083 529 36 20 da.
2129 530 18 19 A
2156 529 111 20 Bhimrad
2275 530 29 20 ha
2317 533 142 23 annunziatu
2473 539 59 23 ch’ell

2083 557 121 20 scatinaria
2215 561 10 12 «
2233 563 31 14 un
2279 563 62 14 novu
2356 561 141 26 muvimentu
2512 552 34 38 r/''

2083 584 101 20 viulente
2193 585 42 19 che
2244 585 120 24 l’uraganu
2370 593 9 10 »
2390 594 12 13 e
2408 588 28 21 ha
2444 580 102 37 dichiaraU

2083 615 25 16 tu
2125 611 36 20 chi
2179 612 116 20 l’autorità
2313 613 155 26 brittanniche
2484 628 49 18 eran

2083 640 87 19 oramai
2180 640 126 24 imputente
2315 647 12 13 a
2337 646 97 18 cunlene
2443 652 14 14 u
2464 634 83 42 mo^d”

2083 667 81 21 übertà
2173 668 22 19 di
2206 674 13 13 u
2229 668 85 24 populu
2325 675 13 14 e
2347 669 29 20 ha
2382 672 48 19 eus!
2436 674 76 25 chiusu
2519 688 27 15 un

2083 702 57 18 gran
2157 695 105 20 discorsu
2272 703 6 12 :
2299 704 10 10 «
2319 696 30 20 So
2366 697 56 22 lietu
2440 701 22 20 di
2479 704 69 28 legfiie

2084 727 71 16 nantu
2164 730 12 13 e
2185 726 79 17 vostre
2272 723 75 21 faccie
2356 731 14 13 u
2383 728 91 22 surrisu
2483 733 20 20 di
2513 736 13 19 fi

2084 757 65 14 rezza
2163 758 12 13 e
2189 751 23 20 di
2227 751 106 25 gioia’ne
2347 752 149 27 I’imminenza
2506 763 40 22 dU

2083 779 88 25 grande
2179 779 119 24 battaglia,
2307 785 35 14 ma
2353 780 154 29 desidereghiu
2516 778 31 35 cj^*

2084 807 30 20 sti
2122 807 129 20 sentimenti
2258 807 89 20 restinu
2353 807 193 34 immutati,ancusi

2085 841 41 17 per
2134 834 103 20 barbaria
2247 835 23 19 di
2277 841 14 13 u
2302 835 86 24 régime
2396 843 13 13 e
2419 843 75 18 vostre
2501 850 45 18 case

2084 863 26 19 sò
2119 862 89 21 visitate
2217 862 28 21 da
2255 869 12 13 a
2277 867 76 16 morte
2362 867 22 16 et
2392 864 28 20 da
2430 872 14 13 u
2454 867 74 26 dulore
2536 882 9 11 »

2111 890 114 20 LTndiani
2233 891 27 19 sô
2269 894 72 16 nantu
2350 897 12 13 a
2376 891 35 20 via
2421 893 23 20 di
2453 901 11 13 a
2473 896 64 26 libéra

2084 918 67 20 zione
2158 919 5 19 !

2111 946 68 21 Ma....
2189 947 25 20 sò
2222 946 39 20 3oo
2270 946 116 21 milioni...

2180 1016 277 51 Giuraali

2085 1100 127 24 Imposte

2110 1142 8 11 «
2125 1137 34 17 Les
2170 1136 79 18 mobiles
2261 1136 102 23 politiques
2374 1138 25 16 du
2411 1138 81 22 système
2501 1142 51 20 fiscal

2086 1162 43 17 sont
2140 1161 75 18 accusés
2226 1166 34 18 par
2270 1162 19 17 le
2297 1161 71 23 mépris
2379 1163 24 17 de
2410 1163 19 17 la
2436 1164 75 24 famille,
2522 1171 30 19 qui

2086 1188 88 21 supporte
2179 1186 121 22 aujourd’hui
2306 1187 30 17 les
2342 1187 43 22 plus
2390 1188 77 19 lourdes
2472 1190 79 24 charges.

2086 1212 26 18 Le
2119 1212 52 22 poids
2182 1212 23 17 de
2216 1211 80 23 l’impôt,
2308 1212 48 17 dans
2367 1213 71 17 certain
2450 1218 37 19 cas,
2499 1218 28 17 est
2533 1224 19 13 en

2083 1237 104 23 proportion
2191 1236 68 19 directe
2264 1237 24 18 de
2293 1237 131 22 l’importance
2429 1239 24 18 de
2457 1239 18 18 la
2480 1240 73 22 famille:

2086 1263 19 18 la
2112 1264 80 20 patente,
2200 1267 35 18 par
2243 1263 92 22 exemple,
2344 1263 84 22 pénalise
2436 1264 19 18 le
2462 1267 92 19 contribu-

2080 1288 49 18 .able
2136 1288 32 21 qui
2177 1289 29 16 est
2214 1287 69 22 obligé,
2295 1292 34 18 par
2337 1289 18 16 le
2363 1289 79 18 nombre
2453 1290 23 18 de
2484 1295 29 15 ses
2521 1297 32 14 en-

2086 1312 151 21 fants,d’habiter
2240 1317 26 12 un
2272 1313 96 22 logement
2372 1313 183 27 imporlant.L’impôt

2086 1337 82 18 indirect
2174 1338 75 17 accable
2259 1338 29 17 les
2296 1338 82 18 familles
2386 1340 126 19 nombreuses.
2523 1343 32 19 Les

2087 1363 47 17 droit
2138 1367 9 13 s
2151 1363 22 17 de
2177 1362 109 18 succession
2295 1363 92 18 dévorent
2395 1364 19 18 le
2419 1365 111 22 patrimoine
2534 1373 20 14 en

2087 1388 51 17 deux
2145 1392 22 13 ou
2175 1388 46 18 trois
2229 1388 167 22 générations.Nos
2404 1390 83 20 lecteurs
2495 1395 60 17 savent

2087 1418 46 18 que.
2137 1418 46 17 pour
2188 1418 54 17 nous,
2249 1418 49 14 nous
2305 1414 116 19 demandons
2428 1416 127 21 l’exonération

2088 1439 139 22 complèled’un
2233 1439 100 18 minimum
2339 1440 24 17 de
2367 1440 114 22 patrimoine
2486 1443 70 20 suivant

2088 1465 19 17 le
2114 1464 77 18 nombre
2201 1464 104 18 d’enfants.
2319 1465 26 17 La
2353 1465 116 23 démagogie,
2482 1469 31 21 qui
2523 1470 33 18 sait

2088 1490 70 21 qu’elle
2165 1490 30 17 n’a
2203 1494 34 17 pas
2245 1490 24 17 de
2276 1489 42 22 pire
2326 1491 76 17 ennemi
2411 1496 38 17 que
2456 1492 18 17 la
2482 1493 73 19 famille,

2088 1515 85 22 s’oppose
2181 1515 154 17 sournoisement
2340 1515 11 17 à
2359 1516 62 17 toutes
2429 1517 29 18 les
2465 1518 93 19 améliora-

2090 1540 50 17 tions
2148 1540 30 21 qui
2185 1540 83 21 peuvent
2272 1540 19 17 la
2297 1539 49 19 faire
2351 1540 44 22 plus
2399 1541 51 18 forte
2455 1547 5 12 :
2467 1543 36 18 elle
2509 1545 47 22 tend,

2089 1570 24 12 au
2122 1565 99 20 contraire,
2230 1565 11 17 à
2249 1564 106 19 l’affaiblir.
2361 1566 35 18 Les
2402 1567 108 19 réductions
2515 1574 42 17 pour

2089 1591 79 22 charges
2176 1590 23 18 de
2206 1590 73 18 famille
2293 1592 44 16 sont
2350 1591 142 24 insuffisantes,
2500 1594 57 24 inéga-

2089 1616 71 18 lement
2168 1615 99 22 réparties.
2275 1615 27 18 La
2309 1616 70 19 hausse
2396 1619 83 18 actuelle
2487 1620 23 17 du
2519 1621 39 18 coût

2089 1642 25 17 de
2121 1642 19 17 la
2148 1641 31 18 vie
2188 1642 46 17 rend
2248 1641 44 22 plus
2309 1641 83 23 précaire
2400 1648 68 14 encore
2475 1644 19 18 la
2502 1645 54 19 situa-

2091 1667 39 18 tion
2139 1667 31 17 des
2179 1666 90 18 familles.
2276 1672 9 10 «
2291 1666 24 18 La
2321 1668 102 21 spoliation
2428 1669 34 18 des
2467 1670 91 21 patrimoi-

2090 1696 35 13 nes
2133 1696 32 17 par
2173 1692 18 17 le
2198 1691 43 21 fisc,
2256 1692 77 17 conclut
2345 1693 26 17 M.
2380 1692 83 24 Georges
2476 1694 79 20 Dovime.

2090 1716 63 19 arrêie
2160 1717 10 17 à
2179 1717 17 17 la
2210 1716 37 18 fois
2262 1717 30 18 les
2305 1717 111 19 naissances
2427 1720 21 17 et
2459 1720 66 18 l’essor
2536 1722 20 18 de

2089 1742 67 22 jeunes
2168 1741 59 19 âmes.
2244 1742 71 18 Double
2329 1744 20 17 et
2363 1743 78 19 terrible
2455 1745 47 21 péril
2514 1750 42 18 pour

2090 1767 79 18 l’avenir
2177 1768 23 17 de
2208 1768 55 17 notre
2271 1772 43 13 race
2320 1767 17 18 !»

2113 1798 33 22 {La
2151 1797 73 22 Nation,
2234 1798 80 23 Parigi.)

2090 1844 298 21 Parlamentarismu.

2115 1886 9 11 «.
2130 1881 140 17 Gardons-nous
2278 1881 24 17 de
2309 1881 57 22 juger
2370 1881 19 18 le
2397 1882 84 23 suffrage
2486 1884 68 18 univer-

2091 1907 28 18 sel
2133 1911 33 18 par
2179 1906 27 18 les
2222 1906 121 22 inquiétudes
2358 1907 19 18 et
2385 1907 29 18 les
2427 1907 75 23 dégoûts
2509 1909 42 22 qu’il

2091 1937 12 12 a
2110 1931 87 23 préférés.

2112 1957 47 18 Mais
2173 1961 31 14 ces
2220 1957 133 22 inquiétudes,
2369 1961 31 14 ces
2417 1958 82 22 dégoûts,
2506 1960 47 16 cette

2090 1982 40 18 soif
2143 1983 60 17 d’aute
2215 1982 57 18 chose
2286 1982 32 22 qui
2330 1987 25 13 ne
2363 1987 21 13 se
2399 1984 117 17 rencontrent
2523 1986 35 19 pas'

2090 2008 104 18 seulement
2202 2007 46 18 chez
2257 2012 55 17 nous,
2321 2007 50 19 mais
2376 2007 46 18 chez
2430 2009 42 17 tous
2480 2008 26 18 les
2513 2013 41 17 peu-

2090 2034 42 21 ples
2140 2033 50 22 régis
2198 2037 34 18 par
2240 2033 19 17 le
2267 2032 84 23 système
2360 2033 70 21 électif,
2439 2033 15 18 il
2459 2034 30 17 est
2495 2038 60 17 cepen-

2091 2059 46 17 dant
2144 2058 90 18 désirable
2240 2063 26 17 qu
2270 2058 28 18 'ils
2304 2058 109 18 retiennent
2417 2058 104 18 l’attention
2526 2059 29 17 des

2090 2083 109 23 politiques.

2113 2108 46 19 Sans
2166 2109 58 18 doute
2231 2113 95 17 personne
2343 2113 24 14 ou
2376 2113 82 18 presque
2469 2113 86 18 personne

2090 2139 25 13 ne
2123 2138 57 18 songe
2187 2134 121 22 aujourd’hui
2315 2134 12 18 à
2331 2134 43 19 nier
2378 2135 29 17 les
2413 2134 60 18 droits
2479 2134 25 17 du
2508 2138 48 13 nom-

2090 2160 42 17 bre.
2148 2159 46 18 Mais
2202 2160 43 17 tout
2258 2160 18 17 le
2285 2160 68 17 monde
2367 2164 25 13 ou
2400 2163 81 19 presque
2494 2160 40 17 tout
2539 2159 16 18 le

2091 2185 67 18 monde
2165 2185 70 22 admet,
2245 2189 37 18 que
2291 2185 18 18 la
2326 2185 134 18 souveraineté
2466 2184 92 23 populaire

2091 2214 24 14 ne
2123 2209 100 23 s’exprime
2231 2214 34 18 pas
2276 2210 162 18 nécessairement
2453 2210 23 17 de
2485 2210 43 17 telle
2535 2214 22 13 ou

2092 2236 44 17 telle
2144 2235 87 18 manière.
2241 2235 28 18 On
2278 2237 44 17 n’en
2336 2237 48 17 veut
2397 2240 35 18 pas
2440 2235 13 18 à
2460 2235 19 18 la
2487 2235 70 22 sibylle.

2091 2260 28 19 On
2126 2261 42 17 n’en
2176 2262 47 16 veut
2231 2261 56 22 qu’au
2297 2261 80 22 trépied.
2384 2261 15 17 Il
2409 2260 57 23 s’agit
2469 2261 25 17 de
2500 2260 58 18 savoir

2091 2291 22 13 ce
2120 2286 34 22 qui
2160 2287 74 17 restera
2248 2286 104 19 d’autorité
2360 2287 12 17 à
2381 2286 77 18 l’oracle
2465 2286 61 22 quand
2537 2289 21 14 on

2090 2316 48 13 aura
2145 2311 32 18 dix
2185 2311 38 18 fois
2231 2311 91 18 bousculé
2333 2313 18 16 le
2361 2312 77 22 temple.

2112 2337 85 18 D’autant
2212 2337 72 22 qu’une
2298 2337 82 23 religion
2394 2337 90 18 nouvelle
2496 2337 30 17 est
2537 2340 20 13 en

2091 2362 50 18 train
2148 2363 22 17 de
2179 2362 103 18 s’installer
2290 2368 34 13 sur
2332 2363 29 18 les
2369 2363 65 18 débris
2443 2363 24 17 de
2477 2362 18 18 la
2502 2360 57 24 politi-

2090 2392 44 18 que.
2144 2388 86 22 Religion
2238 2389 24 17 de
2270 2389 20 17 la
2299 2388 102 22 technique
2415 2388 34 22 qui
2458 2387 72 18 aboutit
2536 2387 24 17 lo-

2090 2413 108 22 giquement
2213 2413 12 18 à
2241 2413 106 18 transférer
2363 2418 25 13 au
2405 2413 114 22 producteur
2532 2412 26 17 les

2090 2438 62 17 droits
2161 2438 25 17 du
2194 2438 76 22 citoyen
2278 2439 27 20 et,
2314 2443 35 17 par
2357 2438 124 22 conséquent,
2495 2438 10 17 à
2510 2437 48 17 créer

2091 2464 23 17 de
2127 2463 99 18 nouvelles
2239 2463 81 18 cellules
2335 2463 120 21 électorales,
2468 2463 12 18 à
2492 2462 66 23 profes-

2090 2488 139 18 sionnaliser—
2234 2488 58 22 qu’on
2298 2493 30 13 me
2336 2492 55 19 passe
2397 2488 19 18 le
2424 2490 41 17 mot
2469 2497 24 4 —
2497 2488 18 17 le
2523 2486 35 19 suf-

2090 2513 54 22 frage
2152 2513 105 18 universel.

2111 2538 47 18 Tout
2165 2538 40 18 cela
2215 2539 30 17 est
2258 2542 68 15 encore
2342 2539 44 17 bien
2400 2543 70 19 vague.
2480 2538 46 18 Mais
2533 2537 25 18 les

2089 2563 90 18 maladies
2187 2563 28 18 les
2224 2564 43 21 plus
2275 2568 70 18 graves
2353 2564 124 18 s’annoncent
2486 2562 74 19 souvent

2088 2593 35 18 par
2130 2589 32 18 des
2171 2589 115 22 symptômes
2295 2589 76 22 obsurs,
2387 2594 35 17 par
2436 2590 34 17 des
2481 2588 78 19 troubles

2089 2613 67 18 diffus.
2164 2613 26 18 Ce
2197 2614 52 17 n’est
2257 2618 34 18 pas
2300 2619 26 13 un
2335 2614 55 23 signe
2404 2614 24 18 de
2437 2615 62 17 bonne
2505 2613 53 19 santé

2089 2643 44 18 que,
2148 2639 16 17 si
2172 2643 37 18 peu
2224 2640 23 17 de
2263 2640 61 21 temps
2339 2639 55 23 après
2403 2640 56 18 avoir
2465 2638 68 19 rétabli
2542 2637 18 18 le

2089 2664 73 18 scrutin
2171 2664 189 21 d’arrondissement,
2369 2669 24 14 on
2402 2669 59 18 pense
2468 2665 11 18 à
2485 2665 18 17 le
2507 2663 53 19 chan-

2089 2693 41 19 ger.
2137 2695 9 10 »

2111 2716 33 23 {Le
2148 2717 47 23 petit
2201 2717 83 22 Journal,
2294 2717 79 24 Parigi.)

92 2811 106 21 Fuglittinu
205 2811 20 18 di
232 2812 21 17 A
257 2811 103 18 Muvra—
362 2812 54 18 n.16-1
423 2821 17 4 —
447 2812 20 18 di
473 2817 12 13 u
490 2811 74 20 20-4-30

118 2865 243 68 PASÛQALE
396 2873 143 48 PAOLI

297 2952 64 14 USSiA

138 2991 37 35 La
193 2991 82 35 Rûiïa
290 2991 31 35 di
326 2991 186 37 .Pontemmo

95 3051 275 23 RACONTOCORSO
376 3052 187 23 DELSECOLO

287 3089 82 23 XVIII

318 3131 23 18 DI

190 3173 34 24 F.
238 3174 38 24 D.
291 3174 175 26 Guerrazzi

124 3245 108 22 Rinaldo
248 3251 80 16 avova
348 3249 99 20 narrato
468 3247 23 22 la
510 3247 57 28 fuga

93 3279 178 27 maravigliosa
283 3279 38 21 del
333 3279 91 22 Latude
436 3280 63 21 dalla
510 3281 58 21 Bas-

93 3311 80 27 tiglia,
186 3312 30 21 ed
225 3312 61 21 altre
298 3312 39 21 dei
350 3313 79 26 tempi
438 3313 56 21 suoi
505 3319 6 19 ;
523 3319 46 21 per

94 3349 121 17 converso
225 3345 126 21 Altobello
363 3345 144 27 parecchie,
520 3346 46 21 che

94 3382 110 21 pareano
224 3377 157 28 impossibili,
394 3378 38 21 dai
446 3378 99 21 Piombi
555 3384 14 15 e

95 3410 41 21 dai
150 3410 69 21 Pozzi
241 3411 26 20 di
280 3409 108 23 Venezia
398 3418 6 13 :
416 3417 39 16 ma
474 3411 43 27 più
528 3416 41 16 cu-

95 3442 68 21 riosa
181 3443 26 20 di
217 3444 66 20 tutte
302 3443 25 20 fu
338 3445 112 25 reputata
468 3445 38 19 tra
517 3444 51 25 noi,

95 3475 119 21 continué
226 3482 14 14 a
260 3476 53 21 dire
328 3476 137 25 Altobello,
478 3476 23 20 la
513 3476 57 27 fuga

96 3507 26 21 di
132 3513 34 15 un
187 3507 115 24 Gafforio
322 3509 65 21 dalla
408 3509 125 21 cittadella
545 3509 23 21 di

97 3538 77 23 Corte
182 3547 7 14 :
202 3542 50 27 egli
273 3547 77 15 aveva
371 3541 79 26 detto,
464 3541 40 26 poi
529 3547 41 16 era

95 3574 66 20 stato
173 3574 132 22 interrotto
328 3574 40 21 dai
381 3574 54 21 vari
446 3574 123 21 accidenti

95 3605 65 20 testé
179 3607 94 25 esposti
282 3612 5 19 ;
308 3606 95 25 adesso,
426 3606 44 21 cbe
482 3607 23 20 le
521 3606 50 21 fac-

95 3637 81 21 cende
195 3638 169 28 ripigliavano
385 3640 18 20 il
416 3643 73 16 corso
503 3639 68 21 ordi-

94 3669 82 25 nario,
189 3670 19 21 il
219 3672 111 25 capitano
350 3671 108 21 Rinaldo
469 3677 63 21 vago
545 3671 24 21 di

98 3701 88 22 novità
205 3703 96 21 instava
311 3709 6 15 :

617 2826 29 5 —
660 2815 116 28 Dunque,
789 2821 71 17 corne
869 2816 82 23 l’andò
967 2823 14 16 a
991 2817 74 22 fînire

591 2849 57 26 quel
661 2854 57 17 caso
731 2849 40 21 del
784 2849 113 22 Gafforio
905 2851 13 20 ?

617 2893 29 4 —
658 2881 132 27 Sentirete,
804 2883 44 22 che
863 2889 28 16 so
904 2883 44 22 che
959 2885 24 20 ci
995 2891 72 15 avre-

590 2915 25 20 te
626 2916 82 25 gusto.
718 2915 20 22 Il
745 2914 112 24 Gafforio
865 2917 155 28 prigioniero
1031 2918 35 21 in-

592 2946 53 23 vité
660 2953 13 16 a
693 2953 90 22 pranzo
795 2949 19 21 il
832 2949 181 23 Commissario
1025 2956 42 22 ge-

592 2985 102 21 novese,
712 2981 19 21 il
743 2982 71 26 quale
834 2988 76 21 parve
923 2983 94 22 dovere
1028 2989 39 16 ac-

593 3014 91 21 cettare
692 3020 7 15 :
723 3015 105 21 essendo
852 3016 51 27 egli
925 3019 94 19 venuto
1042 3017 23 21 di

593 3045 89 28 fresco,
696 3047 34 28 gli
740 3053 71 21 prese
819 3049 84 27 voglia
912 3049 153 26 delfiadone,

593 3079 31 21 ed
634 3080 97 22 ebbelo.
742 3080 32 22 Lo
784 3087 78 16 aveva
872 3082 113 23 ordinato
997 3089 70 22 gran-

594 3112 29 21 de
634 3113 91 26 perché
738 3113 111 22 bastasse
860 3120 13 15 a
887 3115 82 22 cibare
982 3116 17 21 il
1011 3121 57 22 pre-

593 3145 64 22 sidio
669 3146 65 21 délia
746 3147 124 22 cittadella
883 3153 14 16 e
908 3154 45 21 per
963 3148 104 27 qualche

593 3179 60 21 altra
676 3185 60 16 cosa
746 3186 5 15 :
775 3182 94 20 ven'uto
893 3181 18 21 il
940 3183 127 20 momento

595 3211 162 22 d’imbandire
768 3213 25 20 la
801 3213 109 21 vivanda
919 3219 72 22 sopra
999 3215 24 20 la
1033 3216 35 19 ta-

594 3245 68 25 vola,
674 3245 19 21 il
706 3244 111 23 Gafforio
825 3246 21 21 si
866 3245 58 23 levé
938 3252 71 17 corne
1020 3246 47 23 fac-

595 3277 39 22 cio
647 3278 34 26 io,
691 3279 23 20 la
726 3283 60 22 pose
798 3279 26 21 in
836 3285 80 16 mezzo
925 3279 65 22 délia
1001 3286 68 16 men-

596 3316 26 15 sa
633 3310 27 21 in
671 3312 86 25 questa
769 3311 136 22 medesima
916 3313 152 21 maniera....

623 3354 28 4 —
659 3342 18 21 E
688 3344 42 26 poi
738 3343 12 21 ?
761 3343 156 22 domandava
929 3345 18 20 il
954 3346 115 26 capitano

596 3376 115 21 ridendo.

624 3419 27 6 —
664 3408 56 26 Poi,
734 3411 94 20 mutato
838 3410 19 21 il
868 3411 73 20 volto
954 3410 25 21 di
988 3411 82 26 piace-

596 3442 58 21 vole
666 3441 26 22 in
704 3441 91 26 féroce,
806 3443 117 27 aggiunse
932 3443 137 26 Altobello,

597 3474 57 21 dato
677 3479 51 16 uno
751 3476 163 26 scappelîotto
932 3476 47 21 alla
990 3479 79 19 crosla

597 3507 63 21 mise
671 3512 75 16 mano
767 3508 22 20 al
800 3508 111 26 ripieno,
925 3514 15 15 e
951 3511 120 25 appunta-

596 3540 53 20 tol'o
661 3540 24 20 al
696 3541 68 25 petto
777 3540 42 21 del
830 3541 136 22 castellano
979 3542 33 27 gli
1022 3542 49 21 dis-

598 3577 27 16 se
634 3578 6 15 :

623 3616 29 4 —
662 3605 66 22 Zitto
738 3605 6 21 !
756 3610 16 17 o
785 3607 39 20 sei
838 3608 91 20 morto.

624 3637 17 21 E
664 3639 87 25 queste
775 3644 58 16 cose
852 3645 79 16 aveva
953 3640 117 22 l’Alando

597 3675 50 16 non
655 3672 138 20 sélamente
804 3672 67 21 detto
879 3678 39 15 ma
927 3672 68 26 fatto,
1006 3674 64 21 onde

597 3703 19 20 il
634 3704 114 26 capitano
768 3703 140 29 Cassagnac
926 3707 99 25 quando
1044 3712 27 16 se

1092 2818 24 21 10
1140 2820 128 25 aspettava
1293 2825 74 17 meno
1393 2821 21 21 si
1441 2821 59 22 vide
1524 2827 41 22 ap-

1093 2851 119 28 poggiato
1239 2852 22 21 al
1287 2853 84 21 cranio
1400 2854 47 21 due
1471 2854 94 23 bocche

1093 2884 24 21 di
1130 2885 105 26 pistola;
1258 2886 49 27 egli
1320 2892 45 21 per
1376 2889 69 20 certo
1465 2893 42 16 era
1519 2888 50 21 ani-

1093 2922 72 17 moso
1182 2918 87 25 molto,
1286 2924 12 16 e
1316 2920 82 21 vuolsi
1411 2921 102 21 credere
1524 2921 45 21 che

1094 2952 147 20 nonostante
1251 2951 18 21 il
1279 2952 111 26 pericolo
1401 2953 108 22 avrebbe
1519 2954 51 27 gri-

1094 2983 56 22 dato
1161 2989 6 20 ;
1180 2983 128 22 senonché
1320 2985 130 23 Altobello
1462 2987 36 27 gli
1506 2987 64 21 toise

1094 3016 17 21 11
1121 3018 85 25 tempo
1222 3016 26 21 di
1260 3017 127 23 riscotersi
1401 3019 62 22 dalla
1473 3025 97 22 sorpre-

1094 3054 26 15 sa
1131 3055 13 15 e
1157 3049 41 21 dai
1206 3051 105 25 terrore,
1325 3057 12 15 e
1350 3051 24 22 di
1384 3057 48 16 una
1442 3052 82 27 spinta
1531 3058 40 17 ro-

1093 3082 138 22 vesciatolo
1254 3088 14 15 a
1280 3085 73 25 terra,
1375 3085 35 27 gli
1429 3085 64 22 mise
1503 3086 24 21 le
1534 3086 43 28 gi-,

1093 3114 105 22 nocchia
1222 3116 42 24 sul,
1273 3118 76 25 petto,
1374 3118 23 21 la
1407 3118 82 21 destra
1508 3124 27 16 su
1548 3120 22 21 la

1093 3148 85 26 bocca,
1191 3150 98 20 montre
1298 3155 45 16 con
1356 3151 134 22 lasinistra
1500 3153 21 20 si
1531 3159 40 15 ca-

1094 3186 66 16 vava
1172 3181 25 21 in
1218 3180 74 23 fretta
1309 3183 24 21 di
1344 3185 69 20 tasca
1427 3185 62 21 certi
1500 3187 71 20 tova-

1093 3214 89 27 gliuoli
1210 3215 126 22 ammaniti
1372 3217 108 27 all’uopo
1489 3224 5 19 ;
1524 3224 45 16 con

1095 3247 80 26 questi
1198 3248 36 27 gli
1247 3249 68 20 cinse
1327 3249 18 21 il
1367 3255 60 22 capo
1440 3257 46 21 per
1495 3252 75 22 modo

1096 3279 46 22 che
1162 3285 51 17 non
1225 3286 37 16 un.
1277 3282 81 27 grido,
1369 3289 41 16 ma
1420 3284 32 21 né
1464 3290 62 17 anco
1537 3291 33 16 un

1094 3313 95 26 gemi'to
1212 3314 94 21 avriasi
1329 3317 88 24 potuto
1441 3318 92 21 sentire
1545 3319 25 21 di

1095 3345 35 21 lui
1140 3352 6 18 ;
1159 3345 31 20 né
1198 3346 84 23 sicuro
1292 3353 12 15 a
1312 3349 77 24 tanto,
1400 3349 24 22 lo
1434 3350 71 22 volté
1515 3351 57 22 boc-

1097 3378 56 21 coni
1167 3384 14 14 e
1192 3384 49 16 con
1254 3380 60 21 altre
1326 3381 117 22 salviette
1454 3383 35 27 gli
1498 3384 74 22 strin-

1096 3415 27 16 se
1134 3411 23 20 le
1167 3416 40 16 ma
1211 3412 36 21 ni.

1124 3455 29 4 —
1160 3442 30 22 Se
1201 3445 27 21 vi
1237 3451 77 21 parve
1323 3446 78 26 belle,
1411 3448 85 27 signor
1508 3449 65 22 fran-

1097 3481 65 20 cese,
1174 3478 77 21 tormi
1263 3479 23 21 la
1294 3479 89 22 libertà
1392 3485 14 15 a
1414 3481 157 28 tradimento,

1097 3514 76 21 spero
1196 3510 46 22 che
1265 3517 51 16 non
1339 3514 125 22 troverete
1488 3516 84 22 brutto

1097 3541 66 22 ch’io
1185 3543 25 21 la
1226 3550 59 16 reçu
1290 3545 51 27 péri
1366 3551 46 17 con
1436 3548 112 28 ingegno
1560 3555 13 16 e

1098 3579 47 17 con
1156 3576 100 22 valore.

1125 3607 18 21 E
1153 3607 97 24 intanto
1259 3610 45 22 che
1316 3610 87 23 diceva
1411 3616 85 20 queste
1506 3620 67 21 paro-

1097 3641 23 20 le
1130 3640 65 22 vesti
1204 3642 22 21 la
1233 3643 83 22 divisa
1325 3645 106 22 militare
1438 3646 41 22 del
1485 3649 88 25 capita-

1097 3679 41 20 no,
1147 3674 22 20 si
1180 3675 64 22 mise
1253 3677 27 20 in
1292 3682 60 21 capo
1364 3677 19 21 il
1394 3684 45 16 suo
1451 3681 120 26 cappello,

1097 3712 74 21 prese
1185 3707 40 22 dai
1244 3711 101 25 grembo
1359 3710 41 21 del
1416 3710 99 23 fiadone
1525 3719 48 16 una

1593 2824 104 20 matassa
1708 2823 23 21 di
1741 2823 74 21 corde
1828 2823 24 21 di
1863 2825 53 19 seta
1926 2823 145 22 intrecciate

1595 2861 13 16 a
1619 2856 72 25 scala,
1715 2856 30 21 ed
1757 2861 31 16 un
1811 2861 60 22 paro
1883 2856 25 21 di
1920 2857 86 26 guanti
2028 2857 43 21 im-

1596 2889 84 21 bottiti
1692 2889 25 21 di
1731 2891 98 24 cotone,
1840 2889 45 22 che
1893 2890 22 21 ci
1927 2895 78 16 aveva
2018 2896 53 15 nas-

1597 2923 66 20 costo
1687 2922 23 21 la
1737 2922 124 27 provvida
1887 2922 90 23 Serena
1988 2929 6 20 ;
2018 2923 53 22 usci

1597 2954 93 26 franco,
1705 2961 13 15 e
1730 2956 56 21 data
1806 2957 69 20 volta
1887 2957 45 21 alla
1946 2956 88 22 chiave
2043 2962 27 16 se

1596 2989 23 21 la
1630 2989 63 20 mise
1706 2989 25 21 in
1744 2991 65 19 tasca
1821 2990 127 22 lasciando
1960 2990 17 21 il
1990 2996 82 15 carce-

1597 3021 65 22 riere
1672 3022 159 21 incarcerato.
1842 3022 30 22 La
1881 3026 71 19 notte
1961 3023 111 22 erafred-

1598 3055 30 20 da
1638 3060 41 16 ma
1689 3055 113 28 limpida,
1812 3055 83 23 sicchè
1906 3057 24 21 le
1941 3057 131 21 sentinelle

1598 3088 89 21 invece
1711 3089 23 20 di
1752 3090 111 21 starsene
1882 3090 138 27 appiattate
2031 3090 40 21 nei

1598 3121 87 22 casotti
1707 3127 135 16 correvano
1855 3128 29 15 su
1896 3128 14 15 e
1922 3122 42 28 giù
1975 3123 77 27 lungo
2063 3123 7 21 i

1598 3154 88 21 battuti
1709 3160 45 21 per
1773 3155 127 22 iscaldarsi
1920 3156 23 21 le
1961 3156 110 21 membra

1599 3187 145 22 intirizzite:
1756 3188 81 21 anche
1849 3191 89 24 questo
1952 3189 63 22 dava
2027 3189 45 22 im-

1598 3220 96 27 paccio,
1702 3226 14 15 e
1727 3226 49 16 non
1790 3226 76 22 poco;
1879 3221 60 27 peré
1950 3228 47 15 non
2005 3222 68 23 biso-

1598 3258 80 22 gnava
1686 3254 139 28 gingillarsi
1836 3261 5 19 ;
1851 3254 82 23 infatti
1945 3256 128 22 Altobello

1598 3293 31 16 va
1639 3287 94 22 difilato
1740 3288 62 21 dalla
1810 3290 69 25 parte
1889 3289 121 22 orientale
2022 3290 50 21 dél-

1598 3320 24 21 ia
1632 3319 112 26 fortezza,
1757 3321 65 22 dove
1834 3322 150 22 declinando
1996 3323 21 22 si
2025 3323 49 22 dis-

1598 3353 75 21 tende
1693 3358 72 22 sopra
1776 3353 146 23 l’estremità
1942 3355 66 22 dello
2019 3361 54 16 sco-

1599 3386 62 27 glio;
1676 3386 54 21 cola
1750 3389 102 19 stavano
1874 3389 73 25 poste
1958 3388 26 21 in
1995 3389 79 21 batte-

1599 3419 36 21 ria
1645 3418 48 21 due
1706 3419 128 22 colubrine
1845 3420 25 21 in
1883 3421 146 22 custodiadi
2040 3428 32 15 un

1600 3451 106 26 soldato,
1717 3457 13 16 e
1737 3452 128 22 Altobello
1874 3454 198 21 accostandovisi

1600 3489 71 23 spera
1682 3490 50 16 non
1745 3485 34 28 gli
1803 3485 150 23 domanderà
1971 3487 19 21 il
1998 3489 75 20 sant'o

1600 3517 185 22 scambiandolo
1797 3520 41 26 pel
1849 3519 166 22 comandante
2024 3521 50 21 dél-

1600 3551 23 20 ia
1634 3550 131 26 cittadella,
1779 3557 13 15 e
1804 3551 168 28 sùngannava,
1985 3553 89 27 imper-

1601 3583 100 22 ciocchè
1713 3584 24 21 la
1748 3585 102 26 guardia
1862 3586 78 26 prima
1953 3585 122 28 gl’intimé

1601 3617 21 20 si
1633 3615 129 27 fermasse,
1774 3618 42 26 poi
1835 3618 24 21 le
1871 3618 71 21 desse
1955 3619 17 21 il
1984 3625 91 22 nome;

1600 3649 118 22 frattanto
1725 3650 126 22 Altobello
1862 3651 62 22 erasi
1931 3653 143 21 avvicinato

1600 3681 50 22 fmo
1661 3688 15 15 a
1687 3684 38 19 tre
1734 3683 74 26 passi,
1822 3689 14 15 e
1847 3684 24 21 la
1878 3685 103 26 guardia
1990 3686 84 21 abbas-

1601 3719 59 16 sava
1679 3715 25 21 lo
1716 3716 121 27 sebioppo
1854 3723 46 21 per
1911 3719 162 27 respingerlo.

2099 2823 31 22 La
2143 2824 119 22 nécessita
2275 2825 25 21 in
2311 2825 41 22 cui
2365 2823 195 24 versaval’Alan-

2098 2857 31 21 do
2142 2857 35 28 gli
2188 2857 45 22 feri
2246 2858 18 21 il
2281 2859 119 26 cervello,
2421 2863 40 17 ma
2472 2857 25 22 fu
2511 2855 50 21 brè-

2098 2895 40 21 ve,
2159 2890 70 28 quasi
2252 2893 89 20 stretta
2353 2892 24 21 di
2389 2897 82 19 mano,
2486 2896 13 15 e
2508 2888 38 22 via
2553 2890 6 17 :

2100 2925 87 20 teneva
2210 2925 23 20 la
2245 2925 93 26 pistola
2358 2925 116 25 inarcata,
2495 2920 66 30 gliela

2098 2956 72 27 sparé
2190 2959 40 20 nel
2241 2960 69 25 petto
2329 2958 158 28 adoperando
2496 2951 62 32 quasi

2098 2995 70 16 senza
2185 2997 177 22 accorgersene
2382 2993 23 20 la
2417 2990 93 29 pratica
2522 2990 40 18 ira-
2575 2998 4 9 .

2098 3026 82 24 parata
2190 3024 40 22 dai
2248 3025 88 27 signor
2354 3024 130 23 Clemente
2495 3022 24 21 di
2530 3024 32 17 re-

2098 3057 75 21 citare
2195 3064 49 15 una
2263 3064 74 21 prece
2362 3055 160 31 giaculatoria
2539 3052 23 21 in

2098 3089 198 28 pro’dell'anima
2307 3092 66 21 dello
2384 3084 185 29 ammazzato.In.

2099 3128 71 17 meno
2189 3124 44 21 che
2246 3129 50 17 non
2308 3125 21 22 si
2350 3125 56 22 dice
2426 3128 72 18 amen
2508 3121 54 25 lego

2099 3156 23 21 la
2130 3157 61 21 cima
2202 3156 66 23 délia
2280 3159 75 21 scalla
2367 3159 46 21 alla
2424 3160 90 19 corona
2525 3150 38 24 del

2099 3194 116 22 cannone,
2228 3190 45 22 cbe
2293 3197 124 22 sporgeva
2428 3189 65 23 fuori
2504 3184 61 24 delle

2099 3228 77 20 mura,
2194 3229 12 15 e
2219 3223 76 23 lasciò
2315 3225 100 21 andarsi
2433 3222 43 30 giù
2491 3220 73 22 talora

2099 3257 121 21 trovando
2232 3263 13 15 e
2257 3258 79 21 talora
2348 3263 33 16 no
2388 3264 6 19 ;
2408 3257 31 22 ad
2451 3261 32 16 nn
2494 3251 70 24 tratto

2101 3291 39 20 col
2156 3290 40 27 piè
2217 3293 70 19 tocca
2302 3292 23 21 lo
2351 3291 105 28 scoglio,
2480 3283 87 26 daccbe

2101 3322 113 23 e’facesse
2226 3329 33 16 un
2271 3324 39 27 po'
2321 3325 25 20 di
2359 3324 100 21 cornice
2470 3319 96 24 intorno

2101 3356 47 21 alla
2157 3356 57 21 base
2234 3357 40 21 dei
2287 3358 63 21 mûri
2371 3357 63 21 délia
2451 3353 98 24 fortezza
2558 3362 6 4 .

2101 3393 95 17 cercare
2215 3390 22 21 al
2249 3390 58 22 buio
2327 3392 23 20 la
2362 3391 65 20 scala
2444 3386 96 24 rimasta
2548 3380 18 21 b

2102 3427 28 15 su
2141 3423 185 28 aggrovigliata,
2340 3424 88 21 caiarla
2440 3422 25 21 di
2476 3418 89 23 nuovo,

2102 3457 189 21 commettercisi
2302 3458 41 27 poi
2352 3462 41 16 era
2402 3457 24 21 lo
2436 3456 77 20 stesso
2525 3446 41 23 cbe

2102 3487 62 22 darsi
2178 3489 22 21 al
2211 3489 126 28 disperato
2345 3497 6 19 ;
2362 3487 127 24 Altobello
2500 3482 64 22 coü>e

2102 3521 144 27 giovane'di
2259 3524 78 21 subiti
2347 3522 83 29 partiti
2442 3515 83 32 spiccé

2102 3556 61 21 salto
2172 3555 135 23 tuffandosi
2314 3557 27 21 in
2347 3561 68 18 mare
2423 3552 88 29 quanto

2102 3588 50 26 glio
2168 3591 58 24 potè
2243 3590 104 22 lontano
2369 3589 64 22 dallo
2457 3580 91 29 scogli°
2557 3590 9 21 ?_

2102 3623 93 20 mentre
2216 3621 107 24 fendeva
2335 3622 68 23 l’aria
2415 3616 78 32 pensé
2510 3612 42 22 cbe
2559 3613 8 15 J

2103 3656 72 25 panni
2186 3657 75 21 mezzi
2273 3657 34 27 gli
2319 3655 139 23 avrebbero
2465 3644 102 28 arrecato

2102 3693 48 16 non
2161 3689 66 21 lieve
2236 3689 122 28 impaccio
2368 3684 24 25 aï
2398 3688 95 20 notare,
2502 3681 56 25 qum

2102 3721 24 21 di
2139 3722 19 21 si
2178 3723 163 27 provvedeva
2353 3721 24 22 di
2395 3718 121 30 prudenza
2527 3710 42 27 per
