2548 3972
171 174 71 57 jÇ
269 184 40 46 f
312 172 92 44 effet

101 279 36 17 Tra
147 275 139 24 epiemimorie
296 274 20 18 di
326 278 11 13 a
344 277 30 14 mo
380 271 29 19 età
413 270 102 19 innucente

77 307 19 18 A
106 306 35 23 più
146 306 51 20 viva,
205 309 12 13 a
223 303 36 23 più
265 307 42 14 eara
315 300 105 19 ebiiiadetta

78 335 21 17 E’
107 334 60 22 quella
177 332 31 19 chi
212 332 29 18 mi
251 331 20 18 fa
277 329 55 20 turnà
336 328 79 23 prisente

77 362 19 18 U
104 362 83 18 custume
193 360 108 18 dnmesticu
307 357 21 18 di
333 362 12 13 a
351 356 61 19 fètta.

101 421 19 18 A
125 421 57 17 mane’
188 419 8 18 i
201 419 128 22 capudannn,a
339 415 65 22 temp’a
409 413 88 24 ghionm,

78 449 58 17 Tutta
141 452 11 13 a
156 446 85 23 famiglia
246 455 25 4 —
276 443 87 24 dopuavè
369 442 73 23 prigatu

78 475 25 18 In
116 474 72 23 ghiegia
193 483 23 4 —
219 474 18 17 si
248 472 85 23 strignia,
344 471 65 22 alegra,
415 469 80 18 intornu

78 503 19 18 A
105 503 67 17 babbn.
177 501 21 22 E,
203 505 55 14 came
262 504 79 19 ügntmu
347 498 40 18 avia
392 497 80 23 aguratu

91 560 59 18 Pace
155 564 13 13 e
173 559 75 18 salute
255 557 25 22 (X)
285 557 23 17 ad
314 556 43 18 ellu.
361 556 23 17 ed
391 555 38 18 ellu
434 558 12 13 a
449 555 80 26 ugBuçu

79 597 25 4 —
111 588 54 17 Fattu
172 591 14 13 u
193 590 61 17 segnu
262 585 21 17 di
292 589 12 13 a
309 587 51 14 croce
363 592 22 4 —
389 581 66 21 adagiu
460 577 69 22 adagiu

79 615 64 18 Babbn
150 613 81 18 affitava
240 617 29 13 nu
283 615 46 18 pane
336 609 43 22 (2),e
385 608 23 17 ad
415 611 28 13 un
448 609 36 19 per
489 609 40 13 unu

79 643 52 17 Bava
135 646 12 13 a
152 645 21 14 so
179 639 78 22 fètta,e
262 638 16 18 li
284 636 115 20 scrucchiava
406 639 28 13 un
442 632 64 23 bagiu.

103 703 15 18 E
129 703 17 17 ci
151 702 50 22 paria
209 700 33 18 chi
249 704 25 13 eu
282 703 11 14 e
304 702 21 13 so
331 696 48 18 mani
387 696 59 17 stesse

79 731 38 17 Diu
122 730 18 17 ci
150 726 95 25 purghîssi
254 731 12 12 a
271 725 68 18 fètta:
348 728 11 13 e
366 722 19 18 di
389 721 34 23 più
429 724 69 15 ancora

81 757 23 18 Ci
111 757 58 19 desse,
176 759 23 14 eu
207 759 13 14 u
229 759 23 13 so
264 753 60 18 fruttu
329 750 69 23 (3),una
407 751 99 20 prumessa

80 785 24 18 Di
113 783 60 24 grazie
180 783 21 18 in
208 782 53 18 tuttu
271 781 69 19 l’annu,
349 777 78 24 ghiuntu
439 775 66 21 allora,

107 846 18 17 A
134 844 52 19 nimu
197 848 41 13 nun
251 842 34 22 fia,
297 842 78 20 dunque,
384 836 110 23 maraviglia

80 873 37 18 Chi
121 872 94 18 n’aissimu
225 875 13 13 a
244 869 59 19 fètta
312 868 21 18 in
338 867 99 20 rivarenza,

80 901 59 18 Gume
143 899 81 19 simbulu
233 902 57 14 sacru
297 896 20 18 di
324 900 12 13 a
342 893 86 23 famiglia,

78 929 17 17 E
105 927 82 19 simbulu
193 927 21 17 di
221 931 12 13 a
241 926 55 18 santa
302 923 131 19 Pruwidenza.

102 990 54 18 Ancu
160 988 86 21 luntanu,
255 990 66 19 ugnun
330 984 50 19 vulia
387 988 11 13 a
405 982 46 21 soia,

79 1017 80 18 Casinnò
166 1015 120 18 frumbulava
292 1017 38 14 una
335 1011 86 24 protesta.

79 1045 17 18 E
103 1049 35 18 par
142 1043 66 23 babbu,
220 1047 12 13 a
244 1041 97 22 mandalla,
348 1043 31 14 era
393 1042 38 14 una
439 1036 56 23 gioia,

80 1073 16 18 E
103 1077 35 18 par
144 1071 39 22 noi,-
190 1075 12 14 a
209 1069 88 21 ricevela,
303 1072 37 14 una
347 1067 52 19 festa.

103 1130 29 17 Mi
139 1128 114 20 n’arricordu
264 1126 21 18 di
298 1130 14 13 u
320 1129 31 14 mo
358 1123 75 19 inchetu
443 1121 85 21 affannu,

80 1157 102 22 Quand’era
189 1161 12 12 a
211 1155 74 21 studiu,
293 1153 20 18 in
318 1152 63 23 Pigna,
389 1152 24 17 da
423 1149 73 22 zitellu,

80 1185 58 18 S’ellu
145 1184 95 22 tardava,a
244 1182 60 18 mane’
311 1181 9 17 i
327 1180 105 23 capudannu

79 1213 31 18 Ad
114 1211 105 20 arrieammi
226 1215 13 14 a
243 1209 58 19 fètta
306 1213 26 14 un
340 1206 115 20 mo-fratellu.

103 1274 117 18 M’arricordu
225 1277 38 14 cnn
269 1271 32 18 chi
307 1269 95 19 divuzione

79 1303 19 17 A
105 1302 28 18 mi
140 1304 109 20 sgranava,e
253 1303 38 14 cnn
298 1297 31 19 chi
335 1296 47 23 gioia
391 1296 21 18 in
418 1295 53 23 visu,

79 1329 162 19 Dinticchiulendu
249 1326 68 23 adagiu
323 1324 45 23 ugni
375 1327 87 18 vuccone,

81 1358 59 18 Cume
144 1357 76 18 s’ell’era
225 1360 39 18 pan
274 1355 20 18 di
300 1353 91 23 paradisu.

104 1419 22 18 Si
133 1418 47 19 saria
187 1418 54 17 dettu
254 1416 68 19 ch’ellu
330 1413 93 24 s’ingullia

85 1449 73 16 lnseme
168 1451 12 13 a
190 1450 12 13 a
206 1445 61 18 fètta
277 1449 27 13 un
314 1443 53 18 caldu
378 1440 119 20 nutrimentu

80 1475 24 18 Di
111 1480 15 12 u
133 1474 59 23 spirtu
203 1473 20 18 di
228 1472 87 23 famiglia
319 1476 6 13 :
334 1475 11 14 e
351 1474 25 14 ne
386 1469 52 19 vinia

80 1499 37 22 Più
124 1503 76 17 tennaru
209 1505 11 14 e
232 1501 35 22 più
274 1499 48 18 forte
332 1503 14 14 u
358 1497 115 20 sintimentu.

104 1559 67 18 Fruttu
176 1558 21 17 di
205 1557 44 21 Diu,
252 1557 20 17 ci
276 1556 32 18 hai
315 1554 104 19 cunsirbatu
426 1557 47 14 sane

81 1586 100 19 Cuscienza
192 1590 12 13 e
211 1585 44 18 fede
265 1585 30 17 tra
302 1582 81 19 euntenti
389 1586 11 14 e
406 1582 45 22 guai
460 1580 6 19 !

81 1615 38 18 Par
125 1618 65 18 quessa
194 1623 23 3 —
223 1613 59 18 credu
288 1621 23 4 —
315 1610 96 23 riliggione
417 1614 12 13 e
432 1613 51 18 pane

81 1642 31 19 Un
127 1643 19 17 ci
155 1641 100 22 n’è,grazia
265 1645 13 13 a
283 1639 43 23 Diu,
334 1638 82 19 mancatu
427 1636 45 19 mai.

314 1683 20 19 U
340 1682 120 19 Babbuziu.

74 1738 16 14 1.
99 1737 49 14 Pace
154 1739 11 12 e
172 1736 61 15 salute
238 1740 6 10 :
263 1734 80 17 augurio
358 1733 72 15 rituaTe
446 1732 20 14 di
475 1733 54 14 capo-

62 1760 68 15 danno.

75 1782 18 14 2.
101 1781 117 15 Schiacciata
236 1779 90 19 (cugiola)
333 1778 20 15 di
365 1778 63 14 forma
442 1776 87 16 rotonde,

62 1803 127 16 zonfezionata
194 1805 36 12 cou
238 1802 39 15 fior
285 1802 19 13 di
310 1801 68 16 farina,
387 1800 52 15 cacio
445 1799 66 15 fresco
519 1801 11 12 e

62 1826 97 16 zucchéro,
167 1825 50 15 cotta
224 1825 22 14 in
262 1824 55 15 forno
324 1830 17 5 —
348 1823 42 15 Una
404 1822 126 15 costumanza

62 1849 48 14 délia,
123 1848 52 16 iètta,
183 1847 121 16 somigliante
319 1846 38 15 alla
370 1844 133 18 nostra,esiste
509 1843 21 14 in

62 1871 48 14 zerti
114 1870 53 17 paesi
173 1869 52 16 délia
233 1869 105 16 Sardegna;
354 1871 32 11 ma
397 1867 18 14 si
421 1870 27 11 ne
455 1866 75 17 compte

62 1894 11 14 il
81 1893 54 16 ritto,
143 1893 65 14 invece
217 1892 37 14 che
261 1891 33 15 nel
301 1890 110 17 capodanno,
419 1888 110 17 nell’Epifa-

62 1916 37 14 nia.
108 1915 28 14 La
142 1914 116 15 schiacciata
265 1912 158 17 sarda.chiamata
429 1915 22 11 sa
456 1911 73 18 gujata,

62 1937 79 16 rotonda
144 1937 106 16 anch’essa,
259 1936 13 15 è
279 1935 49 16 tutta
340 1934 94 17 ricopcrta
448 1934 21 14 di
473 1933 55 16 semi,

62 1959 119 16 raffiguranti
187 1959 15 14 il
209 1961 68 14 grano,
286 1957 78 17 augurio
376 1957 19 14 di
400 1956 129 15 abbondanza.

62 1982 67 15 Prima
136 1981 19 15 di
159 1981 98 15 affettarla
264 1981 15 14 il
287 1983 46 14 capo
338 1980 20 14 di
361 1979 84 16 famiglia
452 1979 23 14 la
482 1978 48 14 met-

62 2005 18 14 te
87 2007 13 12 e
106 2005 22 14 la
135 2003 65 18 prème
207 2004 32 14 aul
245 2006 49 13 capo
301 2002 30 15 del
338 1997 79 21 tigliuolô
425 2001 104 16 maggiore.

62 2027 34 14 Poi
99 2027 22 14 la
128 2026 60 14 divide
193 2026 21 14 in
222 2025 54 17 parti
283 2024 62 17 eguali
352 2024 31 14 tra
389 2024 8 14 i
402 2023 94 17 presenti.

67 2049 18 14 3.
90 2049 68 14 Conun
164 2048 115 15 sentimento
286 2046 78 17 spuisito
371 2046 18 14 di
396 2045 93 16 religione
496 2045 38 14 edi.

62 2071 111 16 qratitudine
180 2073 57 12 verso
242 2070 22 14 la
271 2069 133 16 Frowidenza,
412 2068 21 15 in
439 2067 91 15 Calenza-

62 2090 51 20 xia.ïn
121 2093 83 15 Moncale
212 2095 11 12 e
230 2089 22 18 in
260 2092 47 15 altri
315 2091 52 17 paesi
374 2091 14 14 il
397 2093 50 14 pane
456 2090 13 15 è
477 2090 52 15 chia-

62 2117 51 14 mato
120 2115 73 15 taivolta.
201 2115 60 14 fruttu
270 2114 19 14 di
296 2113 40 15 Diu.

183 2205 73 49 Una
272 2205 135 48 Lettara

127 2319 102 22 Auversa,
239 2317 16 20 li
264 2321 27 16 20
297 2315 119 26 jennaghiu
426 2315 52 26 1925

238 2354 75 27 Cari
318 2354 125 35 fratelli,

90 2406 41 22 Sla
145 2411 65 16 mane
219 2405 24 22 in
255 2405 23 22 le
292 2404 80 22 nebbie
380 2411 12 15 e
403 2404 24 22 lu
447 2404 84 23 f'reddu

60 2440 24 21 di
97 2446 14 15 a
132 2438 106 27 Schelda,
250 2439 31 21 mi
304 2438 92 29 junghie
415 2438 115 23 Muvretta

60 2479 30 16 eu
103 2472 113 22 l’articulu
225 2471 25 22 di
262 2472 37 21 ziù
309 2471 69 23 Sanlu
389 2473 5 20 !

90 2505 20 22 E
119 2505 77 22 subitu
207 2505 34 22 mi
252 2505 93 22 ricordu
362 2505 75 28 quelle
456 2505 76 29 passi-

60 2539 82 29 ghiate
152 2538 46 22 fate
210 2545 46 15 cun
268 2537 47 23 ellu
323 2545 13 14 e
346 2538 74 29 quella
434 2545 98 24 surgen-

60 2575 25 20 te
96 2578 91 22 sempre
198 2571 86 27 fresca,
294 2571 92 29 limpida
397 2579 13 15 e
421 2573 112 28 pivarosa

60 2605 80 22 ch’era
150 2612 14 15 a
172 2611 27 15 so
210 2605 186 22 cunversazione.

90 2638 21 22 E
125 2645 16 15 u
151 2645 26 15 so
192 2638 64 22 stille
270 2641 14 19 è
296 2645 91 16 cume-a
398 2646 27 15 so
441 2639 89 25 lingua,

60 2672 92 26 ehiaru,
161 2671 111 29 semplice
280 2679 13 14 e
301 2671 107 23 animatu.

90 2705 37 22 Da
138 2704 66 22 ch’un
221 2707 114 26 stampate
345 2711 13 15 e
369 2712 26 15 so
406 2713 73 22 opare
485 2708 13 20 ?
508 2707 23 21 A

60 2738 97 22 Muvra
166 2737 32 22 mi
210 2744 58 22 pare
279 2738 148 29 capacissima
438 2739 92 23 d’intra-

60 2770 90 29 prende
159 2770 32 22 tal
203 2777 65 16 cosa.

91 2803 37 22 Ed
139 2810 36 20 eu,
188 2803 31 23 da
226 2804 43 29 più
280 2804 24 22 di
310 2805 109 22 vint’anni
441 2806 92 23 sealatu

61 2837 25 22 in
99 2839 37 20 ste
145 2836 104 29 pianure,
262 2837 78 23 umide
350 2845 37 16 ma
400 2846 72 16 senza
487 2840 46 21 zin-

62 2869 179 27 zale,dumandu
252 2877 33 15 un
292 2871 59 22 altra
362 2878 53 16 cosa
428 2880 7 14 :
445 2873 40 22 chi
495 2873 38 22 ziù

61 2903 76 22 Santu
144 2902 57 22 lasci
212 2903 84 23 scritta
306 2904 24 21 di
340 2911 27 15 so
374 2906 94 28 proprie
485 2913 49 15 ma-

60 2942 35 15 nu
110 2942 46 15 una
166 2937 150 27 grammatiea
328 2944 13 15 e
352 2944 31 15 un
405 2939 129 22 vocabula-

61 2969 40 21 riu
109 2968 68 27 corsi,
190 2968 24 22 di
225 2976 95 16 manera
329 2970 37 22 chi
376 2977 30 16 no
417 2972 115 28 possimu,

61 3001 42 22 noi
114 3001 88 22 luntani
210 3001 64 24 dalla
292 3002 76 23 Terra
386 3005 68 28 degli
481 3006 54 21 odii

62 3035 100 21 tenacci
168 3041 13 14 e
190 3035 41 21 dei
232 3035 103 28 fervidi
347 3038 84 21 amori
438 3038 96 28 qnandu

62 3067 23 21 ci
97 3073 31 15 ne
134 3073 57 15 vene
201 3067 88 29 voglia,
298 3069 73 22 serive
381 3069 24 22 in
416 3077 71 16 corsu
494 3078 40 15 ve-

62 3107 30 15 ru
104 3106 14 15 e
129 3106 29 15 no
169 3099 24 22 in
202 3107 71 16 corsu
284 3101 118 23 cianfrese.

92 3133 22 21 A
118 3132 121 29 einqnanta
249 3133 122 23 chilomitri
380 3135 29 22 da
417 3138 41 27 qui
462 3137 72 22 esiste

62 3172 35 15 un
111 3165 75 22 amicu
195 3173 7 14 :
210 3165 101 23 Michèle
322 3167 24 21 di
361 3167 130 29 Bônifaziu;
510 3170 24 22 di

62 3200 71 19 tantu
142 3198 23 21 in
171 3200 75 25 tantu,
264 3206 43 21 par
315 3200 134 28 teIefonu,ci
470 3203 63 22 femu

63 3237 49 15 una
124 3230 128 23 discursata
264 3232 25 21 in
295 3238 75 16 corsu.

92 3263 53 22 Una
154 3263 63 22 volta
228 3271 16 15 a
256 3264 120 23 damicella
386 3267 32 21 mi
437 3268 97 22 duman-

63 3296 41 26 dò,
127 3296 91 28 quandu
233 3297 100 22 ebbemu
344 3297 72 24 finitu.

82 3344 40 6 —
133 3333 81 26 Quelle
222 3334 87 29 langue
319 3342 121 17 avez-vous
459 3338 74 28 parlé,

64 3365 120 22 monsieur
191 3367 14 19 ?

83 3409 41 10 "■—
135 3402 33 21 La
178 3402 88 29 langue
277 3405 132 22 maternelle
420 3407 30 22 de
458 3407 78 29 Napo-

65 3436 65 25 léon,
139 3435 151 27 rispundedu.

95 3472 139 23 Mandaterai
241 3474 166 22 JOAlmanacu
413 3477 58 21 diA
481 3477 57 21 Mu-

65 3513 57 16 vra.
137 3505 95 22 Scusate
246 3512 15 16 a
281 3512 38 15 me
339 3506 114 27 scrittura,
480 3508 57 22 fatta

65 3541 100 27 apposta
178 3544 32 15 un
232 3537 140 29 po’stramba
402 3545 43 21 per
465 3540 73 27 piattà

65 3571 98 26 l’errori,
174 3577 14 15 e
196 3578 14 14 e
218 3571 50 22 fòte
273 3570 82 22 dicenu
365 3570 9 21 i
382 3571 111 22 marinari
501 3578 37 15 ca-

65 3604 102 27 picusini
178 3603 25 22 di
213 3602 134 29 Marseglia.

97 3637 68 23 Tanti
178 3636 73 22 saluti
268 3643 15 15 a
299 3636 37 21 ziu
346 3635 70 22 Santu
435 3642 13 15 e
472 3642 67 15 cara-

67 3673 79 21 mente
152 3676 14 15 a
175 3669 40 22 boi
225 3670 64 21 tutti.

218 3709 133 28 Anghiulu
358 3710 151 21 Francescu.

683 165 637 83 CIVILISATION
1363 163 23 73 I

552 316 73 26 Une
648 315 125 25 séance
796 311 204 27 mémorable
1020 311 21 23 à
1070 309 32 24 la
1121 307 167 26 Chambre
1308 307 58 25 des
1388 304 139 29 députés

580 408 63 22 Avec
665 413 46 15 une
734 405 125 29 éloquence
877 409 52 16 rare
952 403 23 20 et
994 407 31 15 un

554 441 106 23 mordant
688 437 180 24 extraordinaire
891 436 23 21 le
942 435 85 28 député

554 475 82 23 Doriot
646 481 15 15 a
669 473 112 25 dénoncé,
795 471 31 22 du
833 470 59 21 haut
901 469 28 21 de
941 468 23 22 la
985 466 39 22 tri-

554 509 69 26 bune,
631 507 36 21 les
678 506 86 22 saletés
773 511 45 22 que
828 509 44 22 par
880 502 23 21 le
919 500 66 23 canal
995 500 31 21 du

555 550 11 13 «
580 546 103 23 coupeur
716 538 29 21 de
777 539 58 19 têtes
861 534 98 28 Liautey
971 540 13 14 »

554 581 90 16 comme
654 573 24 22 le
694 577 93 17 nomme
798 568 158 23 VHumanité
1002 565 25 22 la

555 607 89 22 France
655 603 126 30 accomplit
791 609 30 16 au
832 601 89 22 Maroc.

581 640 47 22 Par
636 646 27 15 ce
670 638 41 29 qui
726 644 27 15 se
761 639 73 19 trame
851 634 30 22 de
899 640 43 15 nos
959 633 67 28 jours

554 681 30 15 au
595 679 59 22 pays
670 669 187 24 d’Abd-el-Krim
869 674 31 15 on
917 669 56 26 peut
988 666 37 28 ju-

554 714 42 22 ger
604 706 30 22 de
649 705 23 22 la
698 703 108 22 sincérité
829 701 32 21 du
880 699 85 29 peuple
987 699 40 28 qui

554 738 97 31 prétend
667 744 27 15 se
709 739 94 19 trouver
815 741 10 14 «
835 735 15 20 à
861 732 111 23 l’ombilic
997 731 31 22 de

554 773 23 22 la
586 770 142 24 civilisation
738 776 40 14 »...

582 805 68 23 Voici
659 803 128 23 d’aillleurs
803 807 28 16 ce
850 806 47 23 que
914 805 59 16 nous
993 798 35 22 dit

555 840 29 22 de
595 845 42 16 son
649 843 60 24 pays
720 836 24 22 le
749 835 84 29 député
842 832 83 23 Doriot
932 840 6 14 :

580 886 11 11 «
600 879 50 21 Par
657 878 27 21 la
700 875 135 22 convention
849 872 179 26 franco-britan-

554 911 70 25 nique
638 909 34 20 du
686 908 17 20 8
717 906 63 22 avril
787 910 61 21 1904,
864 904 26 21 la
902 904 89 21 France
1011 909 17 14 a

555 940 144 22 abandonné
704 938 23 21 le
729 936 86 27 peuple
823 935 106 26 égyptien
938 935 16 20 à
970 934 59 21 Vim-

551 971 136 26 périalisme
694 968 94 26 anglais
799 969 24 19 et
830 966 159 25 VAngleterre,
999 971 29 14 en

554 1005 83 21 retour,
646 1001 37 21 lui
689 1007 17 14 a
711 1005 100 15 reconnu
816 998 23 20 le
845 997 64 20 droit
915 997 30 20 de
955 995 74 22 main-

554 1034 60 21 tenir
618 1033 23 20 le
648 1031 87 25 régime
738 1030 101 20 existant
843 1034 34 15 au
884 1027 86 21 Maroc.

578 1063 143 25 L'Espagne,
731 1060 43 27 qui
780 1059 93 22 n’avait
876 1061 48 22 pas
933 1059 39 19 été
977 1063 49 15 con-

553 1095 72 22 sultée
635 1093 81 26 parla
732 1091 89 21 France
834 1092 24 18 et
871 1089 158 24 l’Angleterre,

552 1134 26 14 se
585 1124 79 27 voyait
672 1126 102 21 octroyer
778 1124 49 23 par
842 1122 60 19 cette
917 1119 114 22 conventL

553 1164 30 15 on
600 1157 80 22 Ceuta,
694 1153 90 22 Melilla
799 1153 24 19 et
836 1150 101 21 certains
956 1150 75 25 presi-

553 1189 58 21 dios.
617 1187 40 21 Au
665 1191 68 15 cours
740 1183 30 21 de
777 1183 25 20 la
810 1183 74 20 même
892 1182 75 19 année
974 1185 56 21 1904

553 1220 42 21 des
601 1215 159 28 négociations
766 1214 80 25 furent
853 1213 114 24 engagées
974 1218 58 14 avec

553 1252 126 27 l’Espagne
696 1246 43 26 qui
754 1243 89 22 adhéra
855 1244 177 27 publiquement

553 1285 16 20 à
581 1281 105 22 l’accord
692 1280 31 21 de
737 1283 55 21 1904
805 1281 24 18 et
839 1279 44 25 qui
897 1281 132 24 s’engagea,

556 1321 57 14 avec
620 1314 26 20 la
653 1313 100 24 France,
761 1312 17 20 à
785 1313 114 23 respecter
906 1310 127 25 l’intégrité

553 1346 30 21 de
591 1345 17 21 V
609 1344 87 26 empire
701 1343 114 24 chérifien.

578 1376 64 21 Mais
649 1375 35 20 les
695 1374 145 25 diplomates,
847 1376 49 22 par
915 1379 45 14 une
976 1377 54 15 ruse

551 1407 80 25 pleine
640 1405 152 26 d'hypocrisie
796 1407 25 18 et
823 1404 31 21 de
861 1403 121 22 mauvaise
994 1402 37 25 foi

553 1438 69 24 firent
629 1437 78 21 suivre
721 1438 57 19 cette
794 1434 144 21 déclaration
953 1432 77 27 publi-

553 1469 80 25 blique
638 1471 49 22 par
692 1473 46 15 une
745 1466 136 26 disposition
889 1465 84 21 secrète
980 1470 50 14 aux

554 1502 83 18 termes
644 1499 31 21 de
680 1498 102 26 laquelle
794 1497 25 21 la
831 1497 90 20 France
937 1497 24 19 et
967 1495 22 21 T
987 1495 42 21 Es-

551 1534 80 22 pagne
640 1537 26 14 se
680 1528 166 27 partageaient
860 1528 35 20 les
909 1529 70 19 terres
995 1526 33 21 du

553 1562 80 21 sultan
641 1561 59 21 dont
708 1560 55 21 elles
771 1558 177 27 proclamaient,
962 1557 67 21 d’au-

555 1595 34 18 tre
590 1595 65 23 part,
664 1592 27 21 la
698 1590 167 22 souveraineté.

581 1628 12 11 «
604 1624 37 20 On
649 1622 141 22 commettait
797 1621 64 21 ainsi
872 1627 32 14 un
915 1618 113 22 véritable

554 1655 41 20 vol
600 1655 16 20 à
630 1654 77 26 égard
719 1654 30 20 de
756 1653 24 21 la
797 1652 81 21 nation
887 1650 139 22 marocaine.

581 1690 13 12 «
601 1685 46 21 Les
654 1685 93 21 voleurs
759 1690 30 15 ne
804 1682 163 22 s’entendirent
979 1684 48 22 pas

554 1719 64 18 entre
639 1723 53 14 eux.
707 1715 133 25 L’Espagne
847 1712 118 27 prétendit
981 1718 46 19 que

553 1754 38 14 ses
598 1748 73 21 droits
683 1746 138 25 historiques
828 1744 110 21 auraient
944 1743 32 21 dû
993 1742 35 21 lui

554 1779 76 20 valoir
637 1785 47 14 une
688 1779 59 24 part
752 1776 122 22 meilleure.

580 1814 13 11 «
599 1809 44 21 Les
650 1807 162 27 impérialistes
825 1805 124 27 espagnols
967 1805 60 24 s’ap-

551 1842 113 24 puyèrent
670 1846 42 15 sur
728 1838 154 25 l’Allemagne
898 1836 42 26 qui
954 1837 73 24 ayant

554 1873 38 19 été
602 1873 90 19 écartée
697 1871 33 20 du
735 1871 101 24 partage
839 1868 60 21 était
905 1869 62 18 toute
980 1866 46 21 dis-

551 1904 70 23 posée
629 1903 17 20 à
653 1901 119 22 accueillir
780 1900 34 21 les
827 1899 104 26 plaintes
947 1897 29 21 de
984 1903 43 15 nos

554 1933 92 20 voisins.

580 1968 13 12 «
600 1964 71 21 Ainsi
676 1963 23 20 le
706 1963 80 21 Maroc
796 1961 110 21 devenait
913 1967 44 14 une
962 1963 65 22 pom-

554 2001 36 14 me
606 1995 31 20 de
652 1994 107 21 discorde
774 1995 64 18 entre
855 1992 69 21 Etats
939 1992 88 24 capita-

554 2026 63 21 listes
624 2028 25 18 et
655 2031 60 15 nous
721 2023 151 26 rapprochait
878 2023 31 20 de
914 2022 25 21 la
946 2028 82 19 guerre

554 2056 124 22 mondiale.
689 2055 59 21 Tous
755 2061 42 15 nos
812 2056 71 22 actes,
894 2060 33 14 au
939 2053 86 24 Maroc,

554 2090 41 19 ont
613 2087 123 21 contribué
749 2086 17 20 à
779 2087 137 24 augmenter
926 2084 23 21 le
962 2084 66 25 diffé-

554 2121 57 18 rent.

581 2154 12 11 «
606 2149 37 21 En
653 2153 64 21 1904,
726 2147 123 21 l’émission
857 2147 58 20 d’un
923 2148 106 23 emprunt

551 2183 62 22 pour
619 2180 23 21 le
646 2180 82 21 Maroc
733 2179 66 20 valut
810 2179 17 20 à
834 2184 44 15 nos
885 2178 106 25 banques
998 2177 31 21 de

554 2211 144 20 scandaleux
705 2210 118 25 bénéfices.

582 2241 75 29 Après
666 2240 67 23 avoir
743 2239 43 22 fait
793 2245 32 16 un
836 2245 47 23 peu
891 2239 30 22 de
931 2238 97 23 lumière

556 2280 41 16 sur
607 2274 37 23 les
650 2273 126 23 véritables
787 2273 91 22 raisons
893 2272 30 21 de
945 2272 83 22 l’occu-

556 2308 80 29 pation
644 2307 143 27 Marocaine,
800 2308 24 20 et
832 2312 42 16 sur
896 2305 34 23 les
947 2308 82 26 spécu-

556 2341 85 22 lations
668 2340 122 23 bancaires
810 2340 111 21 éhontées
946 2340 40 28 qui
1002 2346 27 15 se

561 2375 51 22 font
623 2382 42 15 sur
675 2374 37 23 les
724 2373 112 23 cadavres
844 2373 43 22 des
899 2373 129 22 marocains

557 2408 31 22 M.
601 2408 83 22 Doriot
692 2407 110 22 continue
809 2407 68 22 ainsi:

583 2453 13 12 «
603 2448 51 27 Que
662 2448 48 21 l’on
720 2454 30 14 ne
755 2448 82 20 vienne
843 2450 49 22 pas
908 2453 58 14 nous
979 2447 51 20 dire

557 2479 147 21 maintenant
711 2484 46 20 que
764 2478 152 25 l’occupation
931 2478 32 20 du
979 2478 52 21 Ma-

557 2517 38 14 roc
603 2517 16 14 a
628 2511 38 20 été
666 2509 63 26 faite
734 2512 61 22 pour
804 2509 101 21 civiliser
918 2508 23 21 le
950 2508 81 22 Maroc

557 2548 30 14 ou
594 2541 62 21 dans
659 2541 102 21 l’intérêt
764 2540 41 21 des
809 2541 104 20 ouvriers
916 2540 114 25 français:

557 2573 44 20 elle
608 2579 16 14 a
633 2573 39 20 été
671 2572 62 25 faite
740 2571 61 20 dans
805 2571 23 20 le
836 2571 54 20 seul
900 2571 82 20 intérêt
989 2571 42 20 des

556 2603 113 25 banques.

583 2648 33 7 ....
625 2633 91 26 Depuis
726 2638 61 20 1907,
794 2632 26 21 la
825 2633 91 21 France
923 2639 16 14 a
947 2632 85 25 dépen-

556 2665 28 20 sé
589 2671 33 14 au
630 2665 81 20 Maroc
722 2664 15 20 3
744 2663 115 21 milliards
873 2668 45 20 419
931 2663 100 20 millions

558 2697 23 18 et
584 2695 77 24 perdu
672 2699 78 16 12.000
755 2694 108 24 hommes,
867 2695 51 19 tués
925 2700 30 14 ou
960 2696 72 18 morts

557 2725 30 20 de
593 2725 110 21 maladie.

586 2760 80 23 Parmi
680 2762 51 20 tant
756 2759 29 22 de
807 2759 91 23 soldats
922 2759 40 29 qui
990 2762 41 20 ont

558 2800 14 16 «
579 2796 68 20 crevé
655 2801 12 14 »
682 2793 59 22 dans
753 2793 22 22 le
782 2792 53 23 bled
844 2793 119 22 marocain
971 2800 61 21 pour

558 2827 90 29 grossir
656 2827 35 22 les
711 2833 97 16 revenus
826 2826 42 23 des
888 2826 142 29 capitalistes

559 2860 102 27 français
669 2859 108 23 combien
789 2859 28 22 de
832 2866 80 15 corses
922 2867 17 21 y
947 2859 61 23 a-t-il
1017 2861 14 21 ?

586 2893 60 23 Sans
658 2893 89 22 crainte
758 2892 71 23 d’être
840 2892 114 23 démentis
970 2899 61 17 nous

559 2933 105 22 pouvons
691 2925 103 23 affirmer
818 2926 57 29 qu’il
886 2933 17 22 y
916 2932 29 16 en
964 2933 14 15 a
998 2934 32 15 un

559 2960 47 22 bon
617 2962 70 27 quart
697 2960 7 21 !

587 2993 32 22 M.
623 2993 85 22 Doriot
713 2998 60 17 nous
780 2992 50 23 dira
835 2993 91 22 ensuite
930 2993 29 22 de
966 2994 64 28 quel-

559 3026 22 21 le
593 3026 69 27 façon
674 3026 24 22 la
705 3026 90 22 France
805 3026 115 29 pacifique
928 3029 24 20 et
962 3030 68 26 géné-

559 3066 68 15 reuse
639 3059 91 23 civilise
739 3066 12 13 «
761 3059 35 22 les
801 3059 112 22 barbares
923 3067 12 14 >i

586 3107 12 12 «
606 3099 34 20 Le
652 3100 83 20 Maroc
750 3099 22 20 F
772 3101 35 18 est
814 3102 49 22 pas
885 3100 88 24 pacifié
993 3101 39 20 de-

556 3129 56 24 puis
616 3130 42 20 dix
662 3131 54 24 sept
722 3136 45 14 ans
774 3132 24 18 et
807 3136 59 14 vous
879 3136 60 15 avez
952 3134 80 22 expro-

557 3160 54 24 prié
616 3160 56 25 déjà
678 3160 56 25 plus
739 3160 30 21 de
775 3165 96 21 400.000
879 3161 104 21 hectares
1001 3162 31 21 de

559 3192 78 19 terres.
646 3191 36 21 La
693 3191 136 24 compagnie
848 3191 102 25 agricole
962 3199 17 14 a
996 3194 38 19 été

559 3222 63 19 créée
625 3222 17 20 à
649 3223 38 19 cet
690 3221 56 24 effet
748 3224 48 21 par
803 3228 32 14 un
841 3222 118 25 capitaine
967 3223 66 21 Huot

559 3251 50 24 qui,
629 3252 64 20 alors
717 3251 58 26 qu'il
785 3253 59 20 était
864 3252 61 21 dans
938 3253 94 22 l’armée

559 3282 83 24 active,
652 3283 69 20 avait
730 3283 81 24 repéré
824 3283 35 20 les
875 3283 75 21 riches
961 3286 72 19 terres

560 3311 32 21 du
598 3313 84 24 Sebou,
687 3319 42 14 sur
735 3313 121 25 lesquelles
863 3313 21 21 il
897 3314 135 25 s’empressa

560 3343 88 19 ensuite
658 3349 33 14 au
699 3349 54 14 nom
761 3343 29 20 de
794 3350 29 14 sa
830 3344 93 24 société,
933 3344 29 21 de
973 3348 59 18 met-

561 3371 163 21 trelamain...

586 3414 25 6 ...
619 3402 119 20 «J’arrive
751 3402 17 19 à
773 3402 25 20 la
814 3404 119 20 deuxième
939 3405 96 23 période

561 3429 30 20 de
599 3433 58 17 cette
667 3431 96 20 histoire
780 3434 118 24 tragique:
900 3433 24 20 la
944 3437 92 21 compa-

560 3459 56 23 gnie
622 3461 136 19 marocaine
777 3461 30 20 de
825 3463 83 22 Rabat
923 3466 73 21 passe
1018 3465 17 20 à

562 3487 93 21 l’action
667 3489 87 19 directe
769 3493 77 18 contre
858 3492 35 20 les
908 3492 127 24 indigènes'

562 3517 48 20 Des
613 3519 94 22 troupes
714 3518 102 21 arrivent
822 3527 30 13 en
861 3521 94 23 trombe,
960 3522 76 21 incen-

563 3545 65 21 dient
631 3547 35 19 les
682 3547 86 19 meules
778 3548 31 19 de
823 3550 89 23 grains,
939 3551 97 24 dempa-

563 3577 52 18 rent
621 3576 33 19 du
661 3576 77 20 bétail
743 3578 24 18 et
773 3577 42 20 des
819 3579 67 21 biens
896 3580 42 20 des
949 3581 89 24 indigè-

563 3609 42 14 nes
612 3607 25 16 et
643 3607 68 18 tuent
721 3611 32 14 un
761 3605 98 26 homme;
872 3616 30 14 on
919 3611 79 19 trouve
1010 3611 27 20 la

564 3635 63 18 trace
632 3634 31 20 de
670 3637 60 18 cette
737 3637 118 22 opération
870 3639 62 21 dans
947 3639 22 21 le
983 3644 54 21 rap-

561 3665 56 21 port
621 3664 33 20 du
664 3664 89 20 conseil
766 3665 217 24 d’administration.
993 3670 45 21 Les

564 3693 121 25 indigènes
698 3694 111 24 déposent
824 3703 46 14 une
887 3698 91 24 plainte
995 3702 44 23 qui

562 3725 70 22 porte
641 3723 44 21 155
687 3724 139 25 signatures,
832 3729 81 21 parmi
917 3728 122 25 lesquelles

1052 394 68 21 celles
1124 394 42 20 des
1171 394 108 20 notables
1288 395 33 19 du
1325 396 64 22 pays.

1081 429 55 22 Cela
1142 435 29 15 ne
1178 435 59 16 vous
1245 426 148 32 rappelle-t-il
1399 432 43 23 pas
1446 431 31 16 un
1481 431 45 22 peu

1052 463 36 21 les
1093 461 111 30 procédés
1216 462 30 21 de
1258 469 46 15 nos
1319 461 53 23 fiers
1394 462 69 19 aïeux
1491 457 35 23 les

1052 495 92 29 gaulois
1149 495 13 21 ?

1103 529 57 21 Vous
1173 535 70 19 voyez
1259 530 61 21 donc
1332 530 15 20 à
1366 527 57 26 quoi
1436 528 92 19 servent

1052 560 35 21 les
1094 562 92 25 troupes
1190 559 177 27 d’occupation!
1374 564 12 11 »

1079 595 12 11 "
1099 592 30 19 Je
1140 591 52 21 vais
1199 597 60 15 vous
1276 594 77 19 conter
1368 596 45 15 une
1429 587 97 22 seconde

1052 622 103 23 histoire;
1159 628 32 15 un
1198 622 31 20 de
1236 629 46 14 nos
1298 622 59 21 amis
1367 620 90 21 soldats
1468 625 59 15 nous

1052 660 17 13 a
1080 653 162 26 communiqué
1248 653 45 21 des
1307 652 147 21 instructions
1469 650 56 21 don-

1052 685 47 19 nées
1111 687 35 22 par
1158 691 23 13 un
1193 684 82 20 colonel
1287 689 35 14 aux
1334 682 47 24 chef
1393 689 12 13 s
1417 682 23 20 de
1450 683 77 22 poste;

1052 721 27 13 ce
1094 714 90 20 colonel
1195 714 128 21 ordonnait
1329 713 30 20 de
1372 712 56 20 tirer
1440 717 41 14 sur
1492 711 34 20 les

1052 744 136 21 laboureurs
1202 744 128 22 dissidents
1350 743 42 25 qui
1411 747 115 16 ensemen-

1052 777 54 18 cent
1108 782 49 13 aux
1168 775 111 21 environs
1291 774 42 20 des
1334 775 86 23 postes.

1078 806 97 20 Général
1191 805 81 22 Nollet.
1280 815 27 4 —
1317 804 29 21 Ce
1357 806 54 19 sont
1428 803 42 21 des
1487 809 39 14 en-

1052 837 81 20 nemis.

1079 862 150 21 Doriot.—Ce
1235 863 57 19 sont
1296 860 41 21 des
1344 860 133 21 Marocains
1485 858 43 26 qui

1053 895 54 18 sont
1110 892 58 22 chez
1175 899 45 14 eux
1227 894 25 19 et
1254 898 48 19 que
1309 897 57 14 vous
1375 890 83 21 voulez
1466 889 60 25 affa-

1053 930 49 13 mer
1104 926 61 22 pour
1172 923 33 21 les
1212 923 99 20 vaincre
1317 922 12 20 !

1081 963 12 11 «
1103 954 48 21 Une
1163 957 66 18 autre
1237 952 140 22 instruction
1380 952 103 21 ordonne
1497 950 30 21 de

1054 991 30 14 ne
1086 988 48 22 pas
1140 985 103 26 spécifier
1250 984 25 21 le
1281 990 55 14 sexe
1340 985 23 19 et
1374 983 62 25 l’âge
1450 989 28 14 en
1493 982 34 21 in-

1053 1016 103 25 diquant
1161 1016 23 20 le
1186 1015 97 21 nombre
1287 1015 42 20 des
1339 1014 125 21 dissidents
1476 1015 52 19 tués

1054 1053 31 14 ou
1092 1046 95 22 blessés:
1193 1053 58 14 vous
1259 1052 32 14 ne
1295 1051 56 15 vous
1358 1045 117 26 inquiétez
1480 1048 48 22 pas

1055 1084 29 14 en
1089 1077 62 25 effet,
1160 1078 30 20 de
1197 1080 52 18 tuer
1257 1077 45 20 des
1306 1076 99 25 enfants,
1414 1076 43 21 des
1470 1076 58 25 fem-

1055 1115 49 14 mes
1114 1115 31 14 ou
1153 1109 41 20 des
1210 1107 132 23 vieillards;
1349 1107 61 21 mais
1425 1113 58 15 vous
1498 1113 30 14 ne

1055 1139 83 21 voulez
1142 1143 47 22 pas
1197 1139 72 26 qu'on
1285 1139 23 20 le
1322 1138 75 21 sache',
1404 1145 58 14 vous
1481 1139 48 20 êtes

1056 1172 52 23 trop
1115 1170 101 21 honteux
1223 1170 31 20 de
1266 1172 65 18 votre
1340 1175 77 15 oeuvre
1432 1170 31 20 de
1474 1169 55 21 civi-

1055 1200 95 22 lisation
1155 1209 38 13 »...

1083 1234 12 11 «
1104 1226 58 21 Vous
1174 1232 59 15 avez
1244 1232 34 15 vu
1298 1232 56 14 sans
1371 1225 69 22 doute
1470 1226 59 19 cette

1055 1256 171 26 photographie
1230 1257 59 20 d’un
1298 1256 118 26 adjudant
1422 1256 108 21 aviateur

1053 1290 99 22 portant
1158 1288 34 21 les
1199 1289 59 20 têtes
1265 1289 97 24 coupées
1371 1287 30 21 de
1408 1287 62 21 deux
1477 1286 52 21 Ma-

1055 1319 100 21 rocains.
1166 1319 34 20 On
1212 1325 27 15 se
1255 1318 94 25 défend,
1358 1325 30 15 on
1405 1321 53 18 tue',
1473 1317 57 21 c’est

1055 1350 95 21 naturel
1151 1350 12 20 !
1167 1350 63 21 Mais
1237 1357 32 14 on
1278 1357 31 14 ne
1315 1357 26 14 se
1353 1349 49 26 fait
1414 1352 48 22 pas
1470 1348 59 26 pho-

1055 1381 135 25 tographier
1202 1381 79 20 ainsi!
1294 1380 62 22 Voilà
1364 1381 115 24 pourtant
1494 1379 35 20 les

1052 1411 108 25 produits
1167 1411 30 21 de
1204 1411 26 21 la
1235 1411 140 22 civilisation
1387 1409 122 26 française
1516 1409 11 20 !

1083 1446 71 23 Tiens
1161 1446 7 22 !
1174 1446 89 22 liens...
1273 1447 58 22 mais
1342 1452 58 15 nous
1414 1444 109 30 pensions

1054 1486 45 23 que
1107 1480 78 22 c’était
1192 1479 23 22 là
1223 1480 125 29 monopole
1359 1479 28 22 de
1396 1486 13 14 «
1415 1478 89 23 boches
1513 1485 11 14 »

1054 1513 125 29 monopole
1190 1519 46 23 que
1246 1513 38 22 les
1299 1512 98 28 français
1412 1512 114 23 n'osaient

1053 1554 43 25 pas
1105 1547 51 22 leur
1168 1547 135 29 disputer...

1081 1582 111 23 Laissons
1210 1588 88 15 encore
1309 1581 23 22 la
1340 1580 80 30 parole
1434 1587 29 15 au
1487 1579 37 22 dé-

1052 1618 57 27 puté
1123 1615 81 23 Doriot
1214 1623 7 14 :

1079 1663 10 11 a
1097 1657 38 20 De
1140 1656 76 21 l’aveu
1223 1657 76 20 même
1306 1655 55 21 d’un
1368 1655 102 20 écrivain
1484 1661 40 14 ca-

1048 1687 112 26 pitaliste,
1169 1687 164 21 Abd-el-Krim
1341 1689 35 18 est
1388 1693 32 14 un
1434 1686 91 25 organi-

1050 1721 81 18 sateur
1142 1718 172 25 remarquable,
1326 1724 31 15 un
1369 1717 81 26 grand
1472 1717 56 25 chef

1051 1750 43 25 qui
1100 1756 79 14 exerce
1189 1755 41 15 sur
1246 1749 24 21 le
1281 1749 85 26 peuple
1390 1748 74 25 rifain
1492 1755 32 14 un

1048 1781 100 25 pouvoir
1153 1781 89 21 absolu.

1079 1812 41 21 «Il
1130 1812 52 25 agit
1194 1812 63 21 dans
1274 1811 135 22 l'isolement
1421 1813 24 19 et
1461 1812 22 20 le
1495 1811 30 21 si-

1051 1843 140 25 lence;jlfait
1197 1844 86 25 régner
1289 1843 83 21 l’ordre
1379 1845 24 18 et
1406 1843 26 20 la
1440 1843 40 21 loi.
1489 1843 36 20 La

1050 1874 101 21 sécurité
1155 1875 42 20 des
1201 1878 136 22 personnes,
1354 1874 42 21 des
1413 1874 68 21 biens
1502 1877 24 18 et

1052 1905 43 21 des
1102 1906 206 21 communications
1315 1908 35 19 est
1357 1907 100 20 assurée.
1474 1905 51 21 L’a-

1051 1937 96 20 narchie
1175 1944 28 14 ne
1214 1938 73 25 règne
1299 1937 60 23 donc
1377 1940 49 22 pas
1438 1937 86 25 là-bas,

1051 1974 88 14 comme
1148 1968 22 21 le
1177 1968 36 21 dit
1220 1969 23 20 le
1250 1968 123 22 maréchal
1377 1968 109 26 Lyautey.

1082 2003 12 12 «
1100 1999 95 21 D'autre
1212 2002 68 22 part,
1300 1999 34 21 les
1344 2019 7 3 .
1363 1999 164 25 provocations

1052 2032 140 20 incessantes
1204 2028 31 23 de
1249 2032 70 19 notre
1328 2031 78 24 presse
1422 2037 31 14 ne
1466 2032 61 19 trou-

1052 2065 55 18 vent
1110 2065 48 22 pas
1173 2061 81 21 d’écho
1265 2061 64 21 dans
1344 2061 23 20 le
1375 2061 49 25 Pif.
1429 2061 96 21 Abd-el-

1053 2094 67 21 Krim
1128 2100 17 13 a
1150 2093 96 20 déclaré
1248 2093 18 20 à
1271 2093 38 20 MJ
1323 2093 101 25 Jacques
1432 2092 95 21 Marsil-

1053 2125 39 21 lac
1099 2124 61 26 qu’il
1169 2126 55 18 veut
1231 2124 26 20 la
1263 2123 63 26 paix
1332 2130 56 14 avec
1394 2123 28 21 la
1428 2124 97 21 France.

1052 2156 71 20 A.lors
1127 2154 116 27 pourquoi
1249 2161 41 14 ces
1299 2155 121 20 menaces?

1080 2190 13 12 «
1098 2187 34 20 Le
1148 2185 122 22 maréchal
1279 2185 99 26 Lyautey
1393 2192 18 14 a
1425 2186 37 21 dit
1468 2193 9 14 :
1486 2194 12 12 «
1505 2186 24 21 Il

1051 2218 56 25 faut
1126 2217 147 21 absolument
1289 2223 94 20 enrayer
1398 2216 129 22 l’anarchie

1053 2249 62 20 dans
1129 2248 22 21 le
1166 2248 44 25 Pif
1210 2248 95 22 ».Notre
1325 2248 68 21 Parti
1408 2249 120 20 reconnaît

1053 2286 50 14 aux
1109 2279 120 25 indigènes
1242 2279 24 21 le
1280 2279 62 21 droit
1355 2279 29 21 de
1391 2285 27 14 se
1438 2279 90 21 dresser

1053 2313 79 18 contre
1140 2310 34 21 les
1181 2310 173 21 colonisateurs.
1359 2318 12 12 »

1081 2345 60 23 Mais
1167 2346 50 22 cela
1239 2345 63 23 n’est
1342 2348 119 21 sûrement
1484 2353 43 22 pas

1055 2380 32 21 du
1105 2381 58 28 goût
1174 2379 31 22 du
1217 2387 14 14 «
1242 2380 96 22 m’as-tu
1350 2387 31 15 vu
1392 2386 16 16 »
1428 2380 100 29 Liautey

1055 2414 44 29 qui.
1112 2413 107 29 possède,
1245 2413 144 28 semble-t-il,
1416 2420 46 16 une
1476 2416 52 27 pré-

1055 2447 111 22 dilection
1190 2449 112 27 marquée
1312 2454 59 22 pour
1380 2450 67 20 toute
1467 2450 61 20 terre

1048 2480 48 29 -qui
1103 2479 61 23 h’est
1171 2486 42 23 pas
1225 2483 148 27 européenne
1386 2481 25 22 ét
1418 2482 41 29 qui
1466 2481 62 23 n’hé-

1055 2514 92 22 siterait
1167 2520 41 23 pas
1224 2521 48 15 une
1291 2514 93 27 minute,
1407 2521 122 23 accompa-

1055 2550 46 27 gné
1114 2547 30 22 de
1159 2550 53 19 sont
1234 2547 71 24 fidèle
1326 2548 104 29 accoîyte
1449 2549 23 22 le
1489 2551 39 27 gé-

1056 2580 66 23 néral
1142 2580 109 28 Calmels,
1266 2583 15 20 à
1293 2581 124 23 s’installer
1432 2589 30 16 en
1474 2582 54 23 Chi-

1056 2622 30 15 ne
1105 2614 38 22 s’il
1158 2614 98 30 pouvait
1273 2618 51 21 être
1340 2616 88 22 certain
1443 2616 30 23 de
1484 2616 45 23 fai-

1056 2655 26 16 re
1101 2654 57 16 avec
1171 2648 23 22 le
1208 2648 94 23 chinois
1314 2651 26 20 cé
1356 2649 57 29 qu’il
1424 2649 44 23 fait
1473 2657 56 15 avec

1056 2682 24 22 le
1103 2682 125 22 marocain.

1084 2709 38 22 On
1129 2716 28 16 en
1162 2710 76 22 arrive
1242 2710 93 22 ensuite
1343 2712 14 21 à
1360 2711 78 28 parler
1445 2711 85 23 d’Abd-

1057 2743 98 23 el-Krim
1169 2743 23 22 le
1204 2744 84 22 leader
1299 2744 29 23 de
1337 2744 69 23 l’indé
1411 2745 118 29 pendance

1056 2771 132 23 marocaine
1198 2777 9 18 ;

1081 2811 164 22 A.bd-el-Krim
1262 2819 18 14 a
1288 2813 67 21 battu
1366 2813 113 25 Paisouli,
1488 2814 43 25 qui

1055 2843 83 20 n’était
1149 2846 48 22 pas
1207 2846 64 23 pour
1284 2845 58 19 cette
1347 2844 180 25 indépendance.

1083 2881 12 12 «
1105 2873 29 21 Si
1148 2874 21 20 A
1170 2874 143 22 bd-ePKrim
1334 2881 29 14 ne
1378 2876 151 25 représentait

1053 2906 48 23 pas
1108 2905 212 24 personnellement
1330 2908 57 19 cette
1411 2907 117 21 tendance

1055 2940 43 15 son
1113 2935 85 25 peuple
1202 2935 27 21 la
1244 2937 136 24 représente.
1389 2937 63 21 C’est
1460 2941 69 22 pour-

1055 2965 58 25 quoi
1133 2972 58 15 nous
1214 2967 37 20 lui
1276 2973 73 15 avons
1366 2971 87 24 envoyé
1466 2969 22 21 le
1496 2970 33 20 té-

1055 2995 125 26 légramme
1195 2998 71 24 qu’on
1280 3004 59 14 nous
1353 3000 108 24 reprocke
1468 3002 59 19 tant.

1084 3027 31 20 Ce
1131 3027 148 25 télégramme
1303 3029 65 20 salue
1386 3030 27 21 la
1435 3031 94 21 victoire

1056 3057 33 20 du
1093 3058 87 25 peuple
1196 3059 83 25 riffain
1290 3061 24 19 et
1329 3060 87 25 affirme
1431 3068 45 19 que
1496 3062 33 21 les

1053 3088 98 25 peuples
1169 3089 127 22 coloniaux
1316 3093 40 18 ont
1380 3091 22 21 le
1419 3093 62 20 droit
1500 3093 30 20 de

1055 3119 72 20 lutter
1144 3123 77 18 contre
1243 3123 55 18 tous
1307 3120 33 21 les
1347 3121 181 28 impérialismes,

1054 3149 107 26 français
1169 3157 18 19 y
1204 3152 109 25 compris.

1084 3184 154 24 Absolument
1245 3187 7 21 !
1266 3186 32 22 Et
1309 3193 58 17 nous
1382 3194 31 17 ne
1425 3195 103 23 compre-

1056 3223 60 16 nons
1136 3224 42 22 pas
1197 3219 32 22 du
1250 3222 54 19 tout
1324 3219 159 32 l’indignation
1495 3223 35 21 du

1053 3251 95 27 peuple
1167 3251 24 22 le
1198 3253 63 27 plus
1267 3254 125 28 pacifique
1414 3256 35 22 du
1460 3261 70 16 mon-

1057 3284 31 21 de
1116 3283 84 24 devant
1224 3293 48 15 une
1299 3286 141 24 affirmation
1467 3288 65 23 aussi

1055 3317 90 28 juste...

1085 3344 20 22 II
1128 3347 43 23 est,
1192 3352 179 22 croyons-nous;
1395 3348 83 22 inutile
1503 3348 30 21 de

1060 3383 60 15 nous
1140 3378 95 22 étendre
1255 3379 129 29 davantage
1390 3387 44 15 sur
1457 3387 27 15 ce
1492 3387 40 15 su-

1057 3409 37 28 jet
1111 3415 45 22 que
1167 3409 23 22 le
1216 3410 88 30 député
1325 3412 81 22 Doriot
1423 3415 14 19 à
1449 3413 85 28 magis-

1060 3441 125 22 tralement
1209 3447 99 25 exposé,
1321 3451 55 16 avec
1392 3451 33 15 un
1453 3452 81 15 coura-

1060 3479 31 22 ge
1102 3473 40 28 qui
1163 3473 35 23 lui
1220 3475 45 23 fait
1283 3477 111 27 honneur,
1416 3477 86 23 devant
1510 3478 25 21 le

1061 3505 136 28 parlement.

1090 3531 131 25 Concluons
1244 3543 31 14 en
1299 3537 76 22 disant
1385 3537 150 28 simplement

1062 3571 45 21 que
1133 3567 60 20 cette
1217 3570 88 21 séance
1324 3569 31 22 du
1366 3569 79 22 Palais
1461 3570 74 22 Bour-

1061 3596 48 22 bon
1126 3597 37 21 n’a
1190 3598 44 23 fait
1255 3602 119 27 qu’aviver
1390 3602 60 22 dans
1468 3605 69 19 notre

1061 3635 112 16 souvenir
1180 3630 23 23 la
1211 3635 115 21 mémoire
1336 3634 41 22 des
1385 3641 80 16 corses
1474 3638 62 19 tom-

1062 3661 42 22 bés
1113 3663 15 20 à
1137 3662 138 25 Pontenovu
1290 3673 59 22 pour
1363 3667 173 30 l’indépendan-

1063 3701 28 16 ce
1102 3695 30 22 de
1151 3695 51 22 leur
1224 3699 86 27 patrie.

1311 3727 79 22 Paulu
1410 3728 97 23 Orsoni.

1555 161 70 37 UNE
1646 153 193 43 ÉDIFIANTE
1857 153 168 39 HISTOIRE

1578 235 31 21 M.
1623 233 110 22 Fontaine
1746 235 34 18 est
1793 237 32 14 un
1831 229 89 21 homme
1929 227 94 21 sérieux.

1554 265 58 21 C'est
1625 265 22 20 là
1661 271 33 14 un
1709 263 40 20 fait
1762 261 78 26 acquis
1857 259 53 26 qu’il
1927 257 98 21 faudrait

1553 296 52 21 bien
1618 302 25 13 se
1659 294 82 25 garder
1756 293 28 20 de
1801 292 113 24 révoquèr
1932 295 30 14 en
1971 288 53 20 dou-

1553 330 29 18 te.
1601 326 41 21 Ses
1664 323 155 22 thuriféraires
1839 319 111 23 habituels
1966 321 55 18 vont

1553 357 72 21 même
1647 355 52 26 plus
1722 354 53 23 loin,
1785 353 30 21 Ils
1829 350 137 23 s’accordent
1970 349 14 20 à
1992 348 31 21 lui

1553 386 139 23 reconnaître
1714 385 94 21 d’autres
1823 382 123 22 éminentes
1955 379 69 26 quali-

1552 420 34 19 tés
1599 418 39 25 qui
1647 417 129 26 pourraient
1783 415 53 20 bien
1843 414 22 20 le
1879 412 84 21 classer
1972 415 52 20 par-

1552 450 32 20 mi
1600 449 32 20 les
1646 454 57 19 gens
1718 447 28 20 de
1763 446 73 25 génie.
1854 444 20 20 A
1896 443 33 20 les
1947 443 77 19 enten-

1552 480 47 24 dre,
1613 480 22 19 la
1651 479 108 25 présence
1775 476 53 21 d’un
1849 473 69 27 pareil
1935 473 89 20 homme

1552 511 54 20 chez
1627 515 59 14 nous
1711 512 34 17 est
1756 514 31 14 un
1802 506 49 21 vrai
1867 503 93 23 bienfait
1985 502 39 20 des

1552 541 70 20 cieux.
1639 540 64 20 Nous
1714 545 29 14 ne
1762 537 103 21 saurions
1875 534 81 27 jamais
1973 536 49 21 trop

1552 570 117 22 remercier
1674 570 23 20 la
1705 569 75 20 divine
1788 567 135 26 providence
1931 565 29 20 de
1968 569 56 15 nous

1552 603 28 14 en
1597 595 62 21 avoir
1672 594 41 21 fait
1731 594 97 25 présent.

1578 621 28 21 Et
1622 621 29 20 de
1668 626 27 15 ce
1709 623 39 17 ton
1765 625 30 14 on
1816 616 106 22 continue
1935 615 70 25 jusqu
2011 620 13 13 a

1552 653 21 20 la
1598 651 95 26 gauche.
1716 650 37 21 On
1770 655 58 15 nous
1847 649 120 24 permettra
1997 645 27 20 de

1552 683 67 20 n’être
1628 688 41 18 pas
1686 681 29 20 de
1728 683 36 17 cet
1778 679 55 20 avis.
1849 677 89 21 L’arbre
1952 682 25 13 se
1991 681 33 14 re-

1551 712 90 21 connaît
1656 712 15 19 à
1679 717 38 14 ses
1728 709 72 23 fruits,
1808 714 32 14 un
1849 706 100 22 mauvais
1959 705 65 19 arbre

1551 749 29 14 ne
1589 745 53 22 peut
1649 747 47 19 que
1704 740 85 20 donner
1801 738 30 20 de
1838 736 100 22 mauvais
1951 734 71 22 fruits,

1551 780 26 14 ce
1593 779 44 19 que
1651 778 30 14 ne
1692 771 47 20 fera
1750 769 81 26 jamais
1848 774 45 15 une
1904 766 120 21 excellente

1551 804 81 26 plante.
1649 802 21 21 Si
1685 802 31 21 M.
1729 800 108 21 Fontaine
1853 802 35 18 est
1894 805 32 14 un
1934 797 90 21 homme

1552 834 94 24 sérieux,
1661 839 43 15 son
1730 830 176 22 administration
1920 831 50 18 tout
1986 834 38 14 en-

1551 865 56 21 tière
1625 864 49 21 doit
1691 863 48 21 s’en
1764 860 113 23 ressentir.
1900 859 48 22 Elle
1978 858 47 21 doit

1552 899 74 22 porter
1639 898 58 18 cette
1718 899 92 20 marque
1828 890 141 28 particulière
1985 891 39 23 qui

1552 926 111 26 distingue
1680 928 24 18 et
1720 924 84 22 illustre
1821 930 42 14 son
1878 921 58 22 chef.
1959 921 34 20 Or
2008 919 15 21 il

1552 965 57 14 nous
1623 960 35 18 est
1671 956 91 26 pénible
1777 955 29 20 de
1814 955 22 20 le
1844 955 112 20 constater
1964 954 22 18 et
1996 950 28 21 de

1553 989 22 21 le
1588 989 54 24 dire,
1656 988 31 20 M.
1698 986 106 22 Fontaine
1810 986 57 20 n’est
1874 990 40 20 pas
1922 989 32 14 un
1963 982 62 21 hom-

1553 1027 37 13 me
1603 1019 89 21 sérieux
1705 1021 24 17 et
1743 1024 41 13 son
1799 1013 178 24 administration
1991 1015 34 18 est

1553 1051 46 20 loin
1615 1050 72 20 d’être
1707 1048 136 25 intelligente
1857 1049 23 18 et
1893 1044 106 22 sérieuse.

1579 1081 49 21 Une
1649 1086 85 19 preuve
1758 1081 63 18 entre
1843 1076 60 21 mille
1919 1082 29 13 va
1969 1080 55 15 vous

1554 1112 83 21 édifier.
1652 1111 36 20 Un
1705 1115 112 20 voyageur
1825 1108 40 20 des
1873 1106 51 26 plus
1939 1111 86 20 respec-

1555 1143 68 20 tables
1638 1145 23 17 et
1669 1148 42 19 par
1719 1146 41 15 son
1776 1140 42 25 âge
1835 1141 23 18 et
1869 1144 42 19 par
1931 1143 26 14 sa
1974 1142 51 15 con-

1553 1173 78 23 dition,
1649 1175 64 18 entre
1735 1171 55 20 dans
1806 1176 33 14 un
1853 1167 170 26 compartiment

1555 1205 14 19 à
1580 1210 45 15 une
1638 1202 83 21 station
1739 1201 29 20 où
1794 1200 23 21 le
1839 1199 53 21 chef
1906 1199 29 20 de
1962 1197 59 21 train

1554 1235 48 20 seul
1618 1234 48 20 doit
1674 1232 96 21 délivrer
1777 1231 33 21 les
1824 1230 80 21 billets.
1920 1229 35 20 Un
1963 1228 62 21 hom-

1554 1271 37 15 me
1599 1264 64 21 coiffé
1666 1263 69 21 d’une
1746 1264 114 23 casquette
1864 1261 39 20 des
1910 1259 114 26 employés

1554 1296 28 21 de
1595 1296 22 20 la
1633 1294 139 26 Compagnie
1787 1296 35 18 est
1835 1293 14 20 à
1857 1292 22 21 la
1890 1291 97 26 portière
1994 1290 30 20 du

1554 1333 85 19 wagon.
1658 1326 32 21 Ils
1714 1326 129 24 s’empresse
1866 1323 29 20 de
1912 1322 109 21 réclamer

1554 1359 14 20 à
1590 1361 64 18 notre
1666 1363 113 20 voyageur
1786 1356 23 21 la
1823 1360 86 16 somme
1917 1353 29 21 de
1953 1355 72 19 trente

1553 1388 52 25 cinq
1626 1388 117 21 centimes.
1768 1386 94 21 Celui-ci
1879 1386 110 19 s’exécute
2003 1387 23 17 et

1554 1419 58 20 deux
1628 1424 124 20 personnes
1759 1417 40 25 qui
1815 1423 26 14 se
1856 1418 106 19 trouvent
1969 1414 55 21 dans

1552 1450 23 20 le
1600 1450 73 20 même
1691 1448 170 26 compartiment
1880 1453 45 19 que
1938 1445 33 22 lui
1987 1452 38 14 en-

1552 1481 91 21 tendent
1655 1483 23 18 et
1691 1479 76 22 voient
1778 1479 53 20 bien
1849 1481 49 18 tout
1905 1484 27 14 ce
1948 1477 40 26 qui
1996 1482 24 15 se

1552 1517 71 20 passe.
1636 1512 72 25 Après
1720 1510 107 26 quelques
1842 1509 97 21 minutes
1945 1508 29 21 de
1982 1511 42 18 tra-

1551 1543 41 25 jet,
1621 1546 66 17 notre
1717 1548 112 20 voyageur
1852 1544 35 18 est
1912 1540 74 20 arrivé
2010 1540 14 20 à

1551 1573 143 22 destination.
1709 1573 44 21 Sur
1772 1572 22 21 le
1802 1572 53 26 quai
1869 1571 54 21 delà
1934 1577 54 20 gare
1994 1577 29 14 on

1551 1605 32 20 lui
1594 1605 96 20 réclame
1702 1610 42 15 son
1759 1604 69 24 billet,
1843 1603 51 20 n’en
1909 1605 68 22 ayant
1991 1601 33 26 ja-

1551 1636 57 21 mais
1624 1642 54 19 reçu
1694 1635 17 21 il
1725 1642 25 14 se
1765 1638 80 18 trouve
1862 1634 56 20 dans
1928 1633 96 26 l’impos-

1551 1667 74 21 siblité
1649 1667 29 20 de
1698 1666 95 26 pouvoir
1813 1666 22 20 le
1848 1668 112 18 remettre.
1975 1664 19 21 Il
2009 1671 14 13 a

1550 1698 104 21 toutefois
1671 1698 54 21 bien
1738 1697 56 25 soin,
1807 1697 29 20 de
1847 1696 55 21 faire
1912 1698 111 19 constater

1550 1736 41 19 par
1613 1729 34 21 les
1666 1729 61 20 deux
1746 1734 124 20 personnes
1899 1731 124 21 voyageant

1550 1767 55 15 avec
1617 1760 34 21 lui
1659 1760 55 25 qu’il
1723 1766 14 14 a
1744 1759 36 21 bel
1786 1763 23 17 et
1818 1759 52 21 bien
1878 1759 65 25 payé.
1953 1758 70 21 L’ins-

1551 1795 90 22 pecteur
1648 1791 41 26 qui
1703 1798 14 13 a
1723 1790 78 21 assisté
1809 1791 14 20 à
1835 1793 62 18 toute
1905 1792 58 18 cette
1976 1789 46 21 scè-

1551 1829 36 15 ne.
1605 1822 133 26 s’empresse
1746 1821 36 26 d’y
1794 1824 82 19 mettre
1884 1820 32 21 fin
1933 1827 29 14 en
1971 1826 51 15 con-

1550 1854 90 26 gédiant
1650 1854 23 21 le
1681 1859 118 20 voyageur.
1812 1853 21 20 A
1842 1852 109 26 quelques
1958 1851 64 26 jours

1551 1885 28 21 de
1593 1885 28 25 là,
1628 1885 24 21 le
1662 1885 75 21 même
1753 1885 129 25 Inspecteur
1905 1889 117 19 convoque

1551 1923 29 14 en
1597 1923 53 19 gare
1657 1916 31 21 de
1699 1916 45 21 X...
1754 1915 22 22 le
1780 1916 75 20 même
1860 1913 101 22 individu
1967 1920 29 15 en
2001 1914 21 21 le

1552 1951 110 17 sommant
1678 1947 30 21 de
1713 1953 75 15 verser
1796 1945 190 22 immédiatement
1999 1945 22 20 la

1552 1985 85 14 somme
1653 1979 30 20 de
1696 1981 72 18 trente
1786 1978 53 25 cinq
1853 1976 108 21 centimes
1977 1976 45 21 afin

1552 2009 91 22 d’éviter
1666 2016 34 13 un
1719 2010 79 25 procès
1821 2008 83 21 verbal.
1921 2007 102 26 L’argent

1552 2040 95 21 réclamé
1658 2043 37 18 est
1703 2041 64 20 versé
1774 2040 22 20 le
1809 2040 74 20 même
1893 2039 60 25 jour,
1973 2042 50 17 tout

1552 2071 67 21 serait
1631 2071 40 21 fini
1687 2071 23 21 là
1724 2071 20 20 si
1762 2071 129 21 l’infortuné
1910 2077 112 19 voyageur

1552 2102 80 21 n’avait
1645 2109 29 14 eu
1687 2103 23 20 la
1725 2102 190 21 malencontreuse
1928 2102 51 21 idée
1994 2101 28 21 de

1553 2133 94 22 coucher
1663 2140 38 15 ses
1715 2133 117 22 doléances
1840 2140 40 14 sur
1892 2134 22 20 le
1928 2133 93 26 registre

1552 2165 40 20 des
1609 2165 155 21 réclamations
1771 2164 98 26 figurant
1882 2170 29 15 en
1919 2171 62 19 gare.
1993 2164 29 21 Sa

1553 2196 82 25 plainte
1655 2199 36 17 est
1713 2195 103 22 instruite
1833 2202 41 19 par
1902 2195 22 21 le
1949 2196 73 20 même

1553 2226 130 26 Inspecteur
1692 2226 40 26 qui
1744 2230 68 22 ayant
1827 2230 50 17 tout
1890 2226 99 21 entendu
2001 2229 22 18 et

1552 2261 50 18 tout
1610 2264 31 15 vu
1649 2258 38 20 n’a
1701 2264 40 19 pas
1758 2257 74 26 obligé
1851 2257 57 21 celui
1921 2257 54 26 qu’il
1990 2264 34 14 re-

1553 2288 90 22 connaît
1659 2289 138 21 maintenant
1814 2289 108 25 coupable
1934 2289 14 20 à
1956 2295 68 20 payer

1553 2318 66 17 avant
1632 2314 29 21 de
1675 2314 83 25 quitter
1771 2314 22 21 la
1804 2321 62 19 gare.

1579 2345 32 22 Ce
1626 2345 40 26 qui
1674 2346 54 20 s’est
1740 2347 72 24 passé,
1825 2351 57 15 vous
1897 2352 30 14 ne
1938 2345 86 22 sauriez

1551 2376 80 25 jamais
1648 2382 58 15 vous
1723 2376 131 25 l’imaginer.
1873 2377 151 25 L’Inspecteur

1554 2413 29 14 ne
1608 2411 100 22 pouvant
1735 2407 48 21 nier
1807 2407 23 21 la
1846 2409 107 24 présence
1985 2408 39 21 des

1554 2438 59 21 deux
1623 2438 99 21 témoins
1733 2439 53 20 s’est
1797 2438 91 26 ingénié
1896 2439 15 20 à
1921 2438 35 21 les
1970 2438 54 22 faire

1554 2469 99 21 abonder
1662 2469 59 21 dans
1737 2475 41 15 son
1786 2476 60 15 sens.
1853 2478 11 12 «
1870 2470 42 21 Les
1923 2470 96 21 témoins

1555 2500 109 26 invoqués
1678 2507 42 19 par
1733 2500 31 21 M.
1778 2500 46 22 X...
1839 2501 59 21 dit-il
1912 2501 56 21 dans
1983 2508 41 14 son

1555 2534 91 23 rapport
1658 2535 42 17 ont
1713 2531 51 21 bien
1783 2531 88 22 déclaré
1891 2532 79 21 J’avoir
1988 2539 30 15 vu

1555 2565 55 20 faire
1630 2565 113 22 semblant
1756 2565 29 21 de
1793 2565 56 22 tirer
1862 2566 28 22 de
1911 2573 26 14 sa
1954 2567 71 25 poche

1555 2602 42 15 son
1602 2596 177 25 porte-monnaié
1784 2603 53 15 sans
1841 2597 104 22 toutefois
1949 2605 76 16 verser

1555 2633 71 15 aucun
1644 2631 102 22 argent.»

1580 2658 32 21 Ce
1636 2662 94 23 rapport
1742 2665 13 14 a
1766 2659 43 21 mis
1831 2659 32 22 fin
1880 2661 14 20 à
1901 2660 121 22 l’incident.

1556 2689 36 20 Un
1600 2696 113 19 voyageur
1729 2689 54 21 dont
1798 2690 164 22 l’honorabilité
1970 2692 56 21 n’est

1555 2726 41 19 pas
1611 2722 115 19 contestée
1755 2721 73 22 même
1845 2728 41 19 par
1899 2722 30 22 M.
1939 2722 88 22 Fontai-

1556 2757 28 15 ne
1592 2751 77 26 peut-il
1686 2751 57 21 faire
1755 2752 110 22 semblant
1879 2753 29 21 de
1916 2753 54 22 tirer
1984 2760 41 15 son

1555 2782 178 25 porte-monnaie
1756 2789 52 15 sans
1834 2790 68 20 payer
1927 2784 60 22 alors
2005 2789 22 17 et

1555 2816 86 18 surtout
1660 2814 55 25 qu’il
1737 2814 62 26 s’agit
1817 2815 69 21 d’une
1908 2816 119 21 misérable

1555 2849 85 16 somme
1656 2845 30 21 de
1705 2848 73 18 trente
1791 2845 53 26 cinq
1857 2846 108 21 centimes
1972 2847 13 21 ?
1992 2847 34 21 Un

1554 2873 90 23 homme
1665 2875 97 25 sérieux,
1782 2883 45 14 une
1849 2877 177 22 administration

1554 2906 104 24 sérieuse,
1671 2907 134 26 peuvent-ils
1813 2908 109 21 admettre
1929 2915 46 15 une
1990 2915 37 19 pa-

1554 2937 62 21 reille
1636 2938 107 21 solution.
1769 2939 41 21 Cet
1831 2939 128 26 inspecteur
1983 2940 39 25 qui

1554 2968 52 21 s’est
1620 2969 88 26 signalé
1722 2976 40 19 par
1777 2976 46 15 une
1831 2971 118 20 trouvaille
1957 2971 20 21 si
1987 2972 42 27 gé6

1554 3001 59 22 niale
1627 3009 16 14 a
1652 3009 54 15 sans
1720 3003 67 21 doute
1798 3010 47 15 une
1873 3004 147 26 imagination

1554 3032 78 22 fertile.
1642 3033 48 22 Son
1695 3034 47 21 zèle
1748 3034 78 21 mérite
1832 3035 52 21 bien
1891 3042 46 14 une
1942 3036 82 21 récom-

1555 3070 75 19 pense.
1646 3065 32 21 La
1687 3064 146 26 gratification
1842 3066 28 20 de
1884 3066 62 21 mille
1951 3066 77 22 francs

1556 3095 53 25 qu’il
1622 3095 65 21 vient
1706 3096 29 20 de
1757 3096 100 21 recevoir
1873 3103 29 14 au
1931 3098 98 24 premier

1555 3125 92 22 Janvier
1655 3129 36 18 est
1699 3126 147 21 insuffisante.
1859 3126 19 21 Il
1894 3126 49 22 faut
1954 3127 74 21 mieux

1556 3163 45 18 que
1616 3157 47 20 cela
1669 3163 60 18 pour
1736 3157 94 24 pouvoir
1842 3163 69 19 payer
1925 3163 37 15 ses
1970 3157 58 22 bons

1556 3190 23 17 et
1599 3187 81 24 loyaux
1697 3186 103 21 services.
1819 3187 128 20 Demandez
1969 3195 58 17 pour

1556 3216 40 21 lui.
1613 3217 31 20 M.
1661 3217 33 19 Le
1710 3216 122 24 Directeur,
1848 3217 21 19 la
1880 3217 61 20 croix
1965 3217 28 21 de
2007 3218 22 20 la

1558 3246 82 25 Légion
1665 3245 132 21 d’honneur.
1807 3246 29 20 Je
1856 3247 58 20 serai
1928 3246 102 22 heureux

1557 3279 29 21 de
1602 3285 37 14 me
1651 3278 80 21 fendre
1744 3279 29 20 de
1793 3282 74 18 trente
1887 3280 53 25 cinq
1963 3280 66 21 centi-

1558 3316 56 18 mes,
1637 3313 23 17 et
1675 3310 24 20 le
1712 3315 112 20 voyageur
1838 3317 28 14 en
1880 3311 105 25 question
2001 3318 28 14 en

1558 3340 48 20 fera
1615 3346 52 15 sans
1685 3340 68 20 doute
1764 3343 79 19 autant
1855 3347 57 18 pour
1920 3341 89 21 acheter
2016 3343 14 20 à

1559 3373 37 17 cet
1618 3370 129 24 inspecteur
1770 3377 46 14 une
1835 3371 62 20 croix
1919 3372 41 25 qui
1980 3372 50 21 -fera

1559 3399 148 21 l’admiration
1723 3399 28 20 de
1758 3403 50 17 tous
1817 3407 43 14 nos
1868 3401 161 22 subordonnés.

1560 3430 33 20 Ce
1605 3437 45 18 que
1660 3430 27 25 je
1699 3436 56 14 vous
1763 3430 35 21 dis
1803 3431 30 21 ici
1842 3435 34 18 est
1883 3432 89 21 sérieux
1982 3436 23 17 et
2007 3433 24 26 je

1560 3466 56 14 vous
1632 3460 109 21 donnerai
1762 3467 53 15 mon
1829 3463 90 20 adresse
1926 3463 23 20 le
1961 3469 38 15 cas
2010 3465 21 20 é-

1561 3484 87 21 ckéant.

1795 3511 88 23 Pierre
1899 3513 105 26 Ignotus

2098 148 168 48 Cronaca
2295 141 180 51 Âiaccina

2244 240 68 21 Pour
2322 237 39 22 les
2381 237 137 30 déshérités

2079 286 39 21 De
2142 284 143 29 généreuses
2307 280 133 23 initiatives
2458 287 60 21 vont

2049 320 61 21 faire
2127 318 183 22 incessamment
2326 313 98 23 revivre
2436 319 31 17 en
2474 322 43 17 no-

2048 355 38 20 tre
2101 352 59 21 ville
2177 350 99 22 l’oeuvre
2298 346 159 23 bienfaisante
2487 351 31 22 du

2048 386 135 22 Fourneau
2195 381 177 28 Economique.

2079 419 46 22 Cet
2153 415 178 24 établissement
2354 413 40 28 qui
2422 416 97 24 ouvrira

2049 451 96 23 bientôt
2161 457 38 15 ses
2230 450 81 27 portes
2331 447 60 22 dans
2422 447 22 21 la
2477 455 42 17 rue

2050 484 122 24 Maréchal
2191 483 100 22 Fiorella
2315 482 132 27 permettra
2465 481 13 23 à
2489 484 30 22 de

2048 519 137 22 nombreux
2199 516 156 23 malheureux
2377 514 103 23 d’avaler
2496 517 23 22 le

2050 553 52 22 soir
2121 557 63 16 venu
2200 556 47 15 une
2267 549 81 22 bonne
2364 553 75 22 soupe
2449 548 69 23 chau-

2049 587 32 21 de
2103 585 146 29 moyennant
2270 589 48 16 une
2335 581 50 23 très
2405 582 114 28 modique

2050 625 102 17 somme.

2050 654 21 18 >
2078 653 67 22 Nous
2165 652 88 22 faisons
2274 651 43 22 des
2330 656 77 17 voeux
2426 649 93 24 ardents

2049 692 64 21 pour
2132 691 45 22 que
2196 686 23 20 la
2235 683 90 22 charité
2333 684 32 21 de
2376 689 43 15 nos
2438 685 81 21 conci-
2538 693 5 13 :

2049 721 87 26 toyens
2167 717 62 22 fasse
2251 717 71 21 durer
2344 716 25 21 le
2386 716 54 27 plus
2464 723 55 21 pos-

2049 752 63 22 sible
2126 752 61 20 cette
2196 755 82 17 oeuvre
2289 749 31 22 de
2334 749 73 22 haute
2426 749 94 28 philan-

2049 782 88 29 tropie.

2381 813 24 22 A
2416 813 102 26 l’oeuvre

2078 855 76 22 Notre
2175 851 163 30 municipalité
2369 853 75 27 paraît
2470 855 49 23 être

2049 889 76 22 sortie
2144 888 30 22 de
2188 894 26 15 sa
2222 886 116 29 léthargie
2343 888 26 20 et
2373 887 97 22 vouloir
2475 891 44 21 rat-

2049 925 82 25 traper
2135 923 23 21 le
2166 923 77 26 temps
2254 920 84 28 perdu.

2079 955 42 23 On
2132 954 101 29 procède
2250 954 168 22 actuellement
2429 953 13 22 à
2454 957 64 25 quel-

2049 995 61 23 ques
2121 991 101 20 travaux
2240 994 50 22 que.
2305 993 64 16 nous
2378 987 139 26 souhaitons

2049 1023 58 22 voir
2135 1021 82 24 menés
2239 1021 14 23 à
2269 1022 83 21 bonne
2372 1021 33 22 fin
2417 1023 25 20 et
2470 1023 49 23 être

2050 1057 78 22 suivis
2156 1057 30 21 de
2210 1057 51 20 tant
2282 1055 104 22 d’autres
2405 1061 47 22 que
2471 1056 47 24 l’on

2049 1096 64 16 nous
2129 1096 14 16 a
2161 1089 91 28 promis
2272 1091 24 20 et
2313 1089 42 27 qui
2372 1088 145 29 s’imposent.

2079 1124 81 22 Parmi
2166 1129 39 16 ces
2217 1123 107 22 derniers
2330 1128 7 16 :
2346 1122 174 26 l’achèvement

2050 1158 33 22 du
2108 1163 110 17 nouveau
2245 1156 93 29 collège
2355 1156 76 28 paraît
2449 1156 70 25 récla-

2049 1198 54 17 mer
2119 1191 119 28 l’urgence
2257 1191 20 21 si
2292 1190 51 23 l’on
2363 1197 32 15 ne
2405 1193 60 20 veut
2478 1198 42 22 pas

2049 1226 72 22 avoir
2142 1224 14 23 à
2167 1230 179 17 recommencer
2362 1225 55 28 plus
2428 1226 54 21 tard
2493 1233 28 15 ce

2050 1260 42 28 qui
2111 1260 37 21 est
2166 1258 54 29 déjà
2238 1259 50 22 fait.

2079 1293 63 23 Mais
2161 1294 23 21 la
2195 1293 106 28 besogne
2322 1293 25 21 la
2364 1292 54 29 plus
2432 1292 86 29 impor-
2535 1305 8 5 -

2049 1329 69 21 tante
2136 1329 25 20 et
2179 1326 14 23 à
2203 1327 109 28 laquelle,
2323 1325 152 29 semble-t-il,
2486 1334 33 16 on

2050 1368 32 16 ne
2108 1362 67 27 prête
2191 1367 42 22 pas
2255 1366 67 17 assez
2333 1360 142 23 d’attention
2483 1365 37 20 est

2049 1401 50 16 une
2113 1396 106 27 besogne
2235 1394 31 23 de
2282 1393 116 24 salubrité
2418 1397 24 20 et
2453 1395 68 30 d’hy-

2049 1429 81 29 giène.

2079 1463 88 27 Quand
2178 1463 62 22 donc
2252 1468 45 17 nos
2310 1461 78 24 édiles
2398 1463 122 24 voudront

2050 1496 139 23 considérer
2205 1502 59 17 avec
2284 1497 24 22 le
2320 1496 98 23 sérieux
2433 1497 86 28 qu’elle

2049 1531 88 23 mérite
2159 1532 23 21 la
2200 1530 160 29 malpropreté
2383 1531 30 22 de
2426 1532 24 21 la
2460 1532 58 23 ville

2050 1571 65 22 pour
2120 1571 18 23 y
2142 1566 80 27 porter
2229 1566 178 27 promptement
2410 1565 105 24 remède.

2078 1599 89 27 Quand
2184 1599 164 23 voudront-ils
2360 1605 26 16 se
2400 1599 97 23 décider
2504 1600 15 23 à

2048 1633 61 22 faire
2132 1639 79 16 cesser
2235 1635 61 20 cette
2314 1633 135 28 ignominie
2477 1635 40 27 qui

2048 1667 114 28 s’appelle
2166 1667 23 22 la
2194 1673 59 16 cour
2258 1666 131 23 intérieure
2407 1667 42 22 des
2458 1669 60 21 mai-

2048 1707 58 16 sons
2127 1701 58 22 dont
2210 1707 32 16 on
2254 1701 43 22 fait
2309 1701 158 28 aujourd’hui,
2487 1709 31 15 au

2047 1734 44 29 gré
2108 1735 43 22 des
2161 1736 131 26 locataires,
2306 1736 44 21 des
2358 1735 167 28 basse-cours,'

2047 1769 45 22 des
2115 1775 71 22 auges
2201 1768 14 23 à
2225 1769 106 23 cochons
2346 1775 33 17 ou
2386 1770 42 22 des
2439 1770 79 23 fosses

2047 1803 14 22 à
2073 1803 104 29 vidange
2188 1804 48 21 ??..

2324 1844 50 22 Les
2401 1850 116 21 masques

2076 1888 93 29 Malgré
2187 1890 24 22 le
2229 1895 47 22 peu
2299 1889 97 23 d’allant
2413 1896 47 22 que
2481 1891 37 21 les

2048 1922 61 23 fêtes
2126 1923 31 22 du
2172 1924 107 22 carnaval
2299 1926 44 20 ont
2366 1926 60 20 cette
2441 1924 76 22 année

2048 1963 48 16 une
2109 1958 124 22 multitude
2250 1958 29 22 de
2291 1964 113 22 masques
2424 1961 44 20 ont
2475 1958 43 23 fait

2047 1992 54 21 leur
2119 1992 132 27 apparition
2275 1992 127 22 dimanche
2422 1993 97 22 dernier

2047 2027 25 20 et
2091 2028 43 19 ont
2153 2025 82 29 essayé
2252 2025 114 30 d’égayer
2381 2029 68 20 notre
2462 2033 56 22 pau-

2047 2065 44 16 vre
2100 2059 58 22 ville
2169 2065 46 22 que
2232 2061 22 21 la
2262 2061 148 27 persistance
2418 2061 32 22 du
2457 2061 59 22 beau

2047 2095 80 26 temps
2149 2100 31 15 ne
2189 2096 56 25 peut
2256 2095 92 21 arriver
2359 2094 14 23 à
2384 2094 103 23 dérider.

2077 2126 38 24 De
2134 2128 52 27 plus
2199 2134 30 16 en
2244 2129 51 27 plus
2304 2134 47 17 nos
2363 2129 84 28 jeunes
2460 2135 58 16 con-

2048 2162 140 28 citoyennes
2193 2165 108 26 rompant
2307 2162 145 23 résolument
2458 2169 59 16 avec

2048 2196 36 21 les
2103 2195 109 30 préjugés
2226 2196 114 23 surannés
2353 2203 26 16 se
2391 2197 127 29 déguisent

2048 2229 13 22 à
2074 2230 41 27 qui
2138 2230 81 23 mieux
2229 2231 90 22 mieux.

2079 2263 27 23 Et
2114 2264 89 22 chacun
2218 2271 13 16 a
2240 2271 31 22 pu
2286 2271 28 17 se
2325 2266 87 22 rendre
2422 2267 95 27 compte

2049 2298 30 22 de
2098 2299 22 21 la
2131 2299 69 27 grâce
2212 2299 96 28 qu’elles
2319 2302 127 26 apportent
2458 2300 59 22 dans

2048 2333 66 21 leurs
2128 2331 66 24 ébats
2201 2334 88 22 mêmes
2297 2334 150 29 lorsqu’elles
2465 2334 53 23 imi-

2048 2367 55 22 tent
2117 2366 64 27 Julot
2200 2367 41 23 des
2253 2367 96 28 Fortifs,
2371 2374 32 17 ou
2420 2368 98 29 qu’elles

2050 2400 134 29 intriguent
2194 2407 58 17 avec
2265 2403 23 21 le
2292 2403 109 22 «culot»
2412 2409 47 22 que
2466 2403 53 22 leur

2049 2434 98 23 confère
2166 2435 23 22 le
2211 2442 97 23 masque
2320 2436 86 29 jeunes
2414 2441 60 24 gens
2486 2442 32 16 ou

2049 2469 75 28 petits
2141 2470 74 22 vieux
2236 2470 56 23 bien
2312 2477 109 22 propres.

2078 2504 102 29 Allez-y,
2210 2504 223 29 Mesdemoiseilles,
2462 2505 60 25 riez,,

2050 2539 87 25 sautez,
2155 2538 92 23 dansez.
2270 2539 33 22 Le
2311 2540 50 22 rire
2388 2546 32 16 va
2434 2540 21 22 si
2462 2539 56 22 bien

2050 2571 14 22 à
2075 2577 47 17 vos
2133 2572 111 23 blanches
2257 2575 177 26 quenottes...si
2444 2572 75 24 cruel-

2049 2606 37 22 les
2093 2611 63 23 pour
2161 2613 14 14 «
2182 2607 36 22 les
2223 2607 140 23 hivernants
2370 2608 30 22 de
2407 2609 25 21 la
2437 2607 42 22 vie
2488 2606 6 21 !
2504 2612 14 15 »

2079 2640 49 22 Car
2144 2640 57 23 c’est
2215 2647 88 17 encore
2317 2641 14 23 à
2344 2642 118 23 Carnaval
2474 2645 45 25 que

2050 2680 64 17 vous
2136 2675 49 22 êtes
2204 2673 24 25 le
2238 2676 84 22 mieux
2335 2682 64 17 vous
2412 2676 106 23 même...

2292 2716 85 26 Ralph
2390 2715 16 23 à
2416 2713 104 30 Ajaccio

2081 2757 22 18 C
2110 2757 38 19 est
2156 2760 57 16 avec
2220 2761 32 16 un
2263 2757 39 20 vif
2307 2757 86 27 plaisir
2401 2761 46 23 que
2458 2759 62 18 nous

2052 2793 135 22 apprenons
2207 2789 23 22 la
2240 2795 80 16 venue
2330 2789 51 23 très
2392 2789 129 29 prochaine

2052 2821 34 22 du
2099 2820 93 24 célèbre
2213 2823 139 28 professeur
2373 2823 31 22 de
2424 2821 98 30 Magné-

2051 2855 82 27 tisme,
2153 2855 152 30 hypnotisme
2336 2859 26 21 et
2392 2857 130 29 spiritisme

2053 2889 81 28 Ralph
2147 2891 40 26 qui
2207 2891 61 22 n’est
2290 2897 44 22 pas
2355 2898 33 16 un
2416 2892 105 22 inconnu

2053 2929 65 22 pour
2139 2924 36 21 les
2189 2924 135 28 Ajacciens.

2082 2956 86 29 Ralph,
2184 2964 119 21 personne
2321 2965 33 16 ne
2367 2959 109 28 l’ignore,
2486 2957 37 22 est

2054 2990 149 28 aujourd’hui
2208 2992 23 21 le
2241 2992 84 23 maître
2334 2992 135 23 incontesté
2479 2991 44 22 des

2054 3024 108 22 sciences
2173 3024 160 30 télépathique
2349 3029 26 20 et
2384 3027 85 28 spirite
2481 3031 6 21 ;
2497 3029 27 17 sa

2053 3058 140 23 renommée
2209 3065 54 16 sans
2270 3065 69 17 cesse
2357 3060 166 29 grandissante

2054 3090 98 29 défraye
2167 3092 36 22 les
2217 3093 145 28 chroniques
2388 3095 33 22 du
2435 3092 89 25 monde

2054 3124 44 22 des
2122 3127 102 20 savants.

2083 3157 80 28 Ralph
2168 3159 41 27 qui
2214 3165 14 15 a
2232 3158 79 28 prédit
2315 3159 48 22 l’an
2371 3160 76 29 passé,
2455 3161 68 22 entre

2054 3192 81 19 autres
2153 3190 91 27 choses,
2260 3193 23 20 le
2302 3192 122 29 triomphe
2441 3195 32 21 de
2489 3193 34 22 M.

2055 3222 113 28 François
2180 3223 64 28 Coty
2260 3230 47 16 aux
2318 3224 116 24 élections
2457 3227 69 22 séna-

2053 3255 100 21 toriales
2164 3261 61 16 nous
2247 3257 96 22 revient
2366 3258 70 23 d’une
2459 3262 67 20 tour-

2054 3287 48 23 née
2121 3288 30 21 de
2181 3289 152 24 conférences
2366 3298 41 17 sur
2427 3294 24 22 la
2471 3293 55 23 côte

2055 3321 86 22 d’azur.

2083 3355 68 22 Nous
2161 3356 33 22 lui
2206 3357 139 25 souhaitons
2354 3367 49 16 une
2423 3361 104 24 cordiale

2055 3388 145 24 bienvenue.

2358 3429 138 24 Falchettu.

2159 3529 97 29 Fable
2284 3541 140 24 express

2083 3600 37 21 Au
2128 3608 65 15 cours
2197 3604 54 22 d’un
2257 3609 49 18 tout
2311 3609 77 21 récent
2395 3610 102 25 baptême

2085 3631 35 21 De
2127 3639 130 18 monument
2264 3644 29 14 on
2304 3641 103 20 entendit

2059 3661 66 22 Deux
2130 3664 50 21 voix
2185 3666 28 21 de
2218 3671 74 22 morts,
2302 3669 94 27 (dégoût
2401 3671 102 26 suprême
2508 3667 6 20 !
2520 3664 9 27 )

2061 3723 136 25 Dieu!Deux
2205 3734 74 20 morts,
2286 3730 41 22 ho!
2337 3732 51 26 déjà
2396 3733 56 22 faits,
2464 3727 64 25 rient!

2318 3762 30 21 P.
2364 3760 136 29 Borghetti.
